4190 6438
837 345 970 411 1127

2037 372 2095 429 ὃ.
2139 374 2535 435 ANASTASU
2597 381 2922 442 SlNAl'l‘I‘E

3965 403 4098 466 1128

837 463 1098 528 consequi
1142 478 1475 523 meruerunt.
1521 473 1840 542 Quanquam
1876 482 2020 532 enim
2057 486 2179 550 quis
2221 484 2405 542 Mosen

837 551 976 587 ιΙίι-σιι
1013 557 1064 584 1-
1098 572 1405 587 "mnuum...
1440 563 1579 587 .tz--.
1625 567 1750 587 1----
1825 571 1842 587 ι
2252 578 2283 587 ...
2365 581 2374 587 .

2512 490 2730 556 πρῶτον
2760 493 2869 547 τῶν
2903 497 3240 562 ἀποστόλων,
3288 503 3390 555 κᾶν
3426 505 3635 559 Παῦλον
3673 511 3764 562 τον
3800 513 3879 575 είς
3921 515 4098 587 τρξτυν

836 551 982 606 dii-at
1013 557 1064 620 ';
1097 572 1406 626 quanquam
1437 563 1584 616 dicat
1615 567 1793 620 Aaron
1824 571 1882 635 ⁸;
1915 587 2219 641 quanquam
2250 578 2404 633 Davi-

839 646 958 698 tlem
984 649 1033 712 δς
1055 663 1362 717 quanquam
1392 653 1611 708 Petrum
1641 662 2005 726 apostolorum
2035 669 2330 736 principem
2352 673 2404 735 ';

837 750 1144 804 quanquam
1198 740 1442 808 Paulum,
1484 750 1574 814 qui
1623 751 1687 802 ad
1725 755 1937 807 tertium
1997 773 2166 827 usque
2214 763 2407 817 cu:lnm

839 842 1028 898 raptus
1063 845 1145 887 est
1174 837 1193 865 ⁸
1223 851 1238 887 :
1272 853 1340 890 ne
1371 855 1535 893 unum
1563 845 1780 910 quidem
1815 849 2003 902 horum
2035 855 2206 919 possit
2231 857 2412 911 dicere

836 935 865 972 ει
897 936 1120 990 peccato
1168 928 1479 985 innnunem.
1524 935 1872 1002 Quamobrm,
1909 941 2023 1008 ipse
2052 960 2268 1015 quoque
2298 951 2410 1004 sola

839 1012 943 1066 lidc
995 1016 1187 1070 Salvari
1250 1035 1456 1086 quiem.
1511 1024 1674 1090 Fide,
1729 1029 1968 1098 inquam,
2021 1052 2124 1090 non
2172 1012 2238 1093 ex
2290 1057 2410 1096 meo

837 1120 999 1173 opere
1035 1110 1092 1172 ’;
1133 1121 1187 1163 ut
1221 1116 1288 1165 ad
1322 1131 1406 1168 tne
1451 1133 1663 1186 quoque
1703 1122 1942 1179 clemens
1967 1144 2029 1180 ac
2064 1130 2326 1200 benignus
2356 1145 2410 1190 tu

836 1199 985 1249 diCas
1018 1217 1031 1251 :
1059 1217 1074 1249 t
1111 1199 1269 1256 Fides
1302 1214 1390 1258 tua
1422 1217 1473 1260 te
1494 1209 1700 1262 salvum
1737 1213 1863 1266 l‘eeit
1893 1230 1907 1267 :
1938 1219 2068 1270 vade
2095 1222 2146 1270 iu
2177 1199 2306 1286 pace
2331 1225 2406 1277 ⁸.»

837 1287 1049 1344 Nemini
1077 1297 1221 1348 enim
1270 1301 1533 1362 onmium,
1571 1304 1771 1368 quibus
1805 1310 2013 1360 veniam
2052 1311 2270 1375 dedisti,
2305 1316 2410 1368 Do-

838 1381 1004 1446 minc,
1044 1386 1262 1450 dixisti;
1304 1387 1478 1457 Opera
1516 1399 1605 1445 tua
1643 1404 1691 1447 te
1723 1395 1929 1451 salvum
1963 1401 2209 1456 lci-erunt
2242 1424 2255 1457 ;
2289 1409 2410 1474 quia

841 1490 861 1523 ο
899 1472 1086 1530 Omnis
1134 1489 1318 1533 nostra
1372 1480 1586 1548 justitia
1658 1497 1913 1557 tanquam
1981 1508 2195 1561 pannus
2259 1472 2410 1553 men-

835 1582 1057 1627 struatzc
1089 1577 1110 1605 ⁹
1150 1596 1168 1627 ι
1209 1578 1262 1632 in
1291 1593 1588 1650 conspectu
1623 1594 1734 1639 tuo.
1787 1587 1970 1657 Itaque
2014 1607 2227 1649 rursum
2295 1600 2424 1655 aio:

2507 583 2739 652 οὐρανὸν
2779 587 3140 654 ἁρπαγέντα,
3197 593 3389 648 οὐδένα
3446 599 3654 653 τούτων
3705 604 4096 675 ἀναμάρτητον

2509 672 2621 736 ἓξει
2663 678 2859 729 εἰπεῖν.
2907 679 3019 742 Διὸ,
3053 682 3236 734 πίστει
3274 685 3412 759 μόνῃ
3445 689 3600 758 κάγὼ
3629 672 3870 762 σωθῆναι
3898 672 4094 768 ‘(qéo'

2515 766 2719 828 πίστει,
2754 770 2812 819 οὐ
2846 772 3066 838 πράξει,
3105 775 3192 826 ἵνα
3222 777 3315 827 καὶ
3347 780 3482 848 πρὸς
3526 783 3626 852 ἐμὲ
3652 788 3679 836 6
3710 787 4096 858 φιλάνθρωπος

2516 856 2708 928 εἴπης·
2749 878 2765 910 ι
2809 862 2871 912 'll
2903 863 3085 928 πίστις
3133 883 3224 919 σου
3276 869 3483 924 σέσωκέ
3521 891 3611 927 σε·
3643 877 3880 947 πορεύου
3909 883 3990 943 εἰς
4020 884 4096 933 εί-

2522 952 2713 1022 ρήνην.
2755 973 2770 1003 ι
2829 957 3018 1019 ’ὐετοις
3065 963 3341 1027 συνέγνως
3385 966 3494 1019 τῶν
3548 969 3853 1038 ἀνθρώπων
3884 973 3970 1041 ἐφ’
4015 969 4094 1037 οἷς

2519 1044 2788 1114 ἥμαρτον,
2837 1049 3107 1113 Δέσποτα,
3138 1053 3312 1107 οὺδ;ν“ι
3342 1057 3525 1109 αὐτῶν
3552 1061 3781 1130 εἴρηκας
3803 1078 3814 1091 ·
3849 1064 3932 1116 Τά
3958 1063 4094 1135 ἔργα

2520 1153 2614 1188 σου
2667 1139 2873 1192 σέσωκέ
2920 1158 3008 1206 σε,
3056 1145 3138 1195 ὅτι
3172 1164 3187 1194 ι
3234 1147 3388 1198 Πᾶσα
3409 1148 3727 1209 δικαιοσύνη
3765 1155 4092 1226 ἀνθρώπου,

2510 1231 2743 1283 ἐνώπιόν
2801 1251 2929 1294 σου,
2977 1238 3145 1304 ῥάκος
3189 1242 3644 1314 άποκαθημένης.
3704 1269 3722 1297 ι
3780 1247 3871 1300 Διὸ
3931 1250 4094 1301 πάλιν

2512 1323 2654 1388 λέγω
2680 1340 2692 1352 ·
2731 1344 2746 1373 ι
2788 1327 2970 1378 Σῶσὸν
3004 1347 3070 1397 με
3095 1332 3281 1384 ἕνεκεν
3312 1336 3403 1387 τοῦ
3435 1339 3617 1400 ἐλέους
3655 1355 3747 1392 σου
3770 1357 3783 1369 ο
3811 1342 3905 1393 καὶ
3933 1359 4093 1394 κατα-

2509 1415 2689 1481 ὃιώξει
2717 1435 2782 1486 με
2809 1420 2868 1471 τὸ
2895 1421 3041 1485 ἔλεός
3076 1440 3169 1476 σου
3209 1427 3392 1491 πάσας
3426 1430 3522 1492 τὰς
3561 1431 3774 1501 ἡμέρας
3809 1433 3912 1501 τῆς
3945 1433 4091 1500 ζωῆς

2517 1527 2640 1578 μου.
2677 1531 2694 1561 ι

2474 1623 2490 1653 ι
2535 1606 2753 1664 Salvum
2797 1628 2883 1667 me
2917 1612 3003 1668 fac
3050 1627 3269 1686 propter
3314 1619 3739 1675 misericordiam
3787 1632 3956 1677 tuam.
4029 1620 4094 1677 Et

841 1668 1211 1724 misericordia
1261 1683 1349 1727 tua
1379 1678 1742 1746 subsequetur
1789 1697 1874 1737 me
1917 1688 2171 1744 omnibus
2222 1692 2412 1751 diebus
2451 1700 2572 1754 vitae
2603 1720 2734 1758 mea:
2763 1709 2827 1760 ’°.
2874 1727 2891 1758 ι

909 1765 1401 1834 Subseqneturtnc,
1422 1774 1514 1841 qui
1548 1775 1686 1828 male
1713 1795 1740 1828 ιι
1773 1785 1824 1832 te
1851 1778 2048 1844 filiaiam
2089 1804 2099 1837 ς
2127 1788 2217 1853 ιιιιί
2242 1793 2416 1844 conti-
2448 1807 2489 1859 Β
2591 1803 2706 1853 Κατ

835 1871 941 1911 nne
954 1861 1017 1910 ad
1037 1870 1315 1928 peccatum
1331 1879 1568 1918 curram.
1587 1867 1662 1919 'l‘u
1678 1873 1843 1932 cnim,
1861 1890 1982 1927 cum
1999 1881 2072 1929 sis
2092 1896 2109 1928 ι
2142 1879 2301 1945 Dens,
2321 1886 2410 1951 qui

836 1947 973 2003 facis
999 1950 1263 2004 mirabilia
1296 1954 1464 2014 solus.
1491 1957 1716 2010 tnirilica
1756 1977 1918 2028 super
1951 1979 2036 2017 me.
2065 1969 2228 2019 etiam
2269 1947 2411 2023 tuam

841 2041 1271 2096 misericordiam
1309 2047 1373 2098 ιι.
1412 2065 1430 2096 ι
1466 2047 1545 2099 'l'u
1574 2049 1771 2116 quippe
1799 2063 2080 2119 sperantes
2119 2058 2173 2110 in
2209 2068 2261 2111 te
2302 2061 2412 2113 sal-

839 2145 935 2184 vos
965 2132 1096 2186 facis
1122 2133 1164 2164 ¹²
1190 2175 1206 2197 ,
1235 2135 1499 2204 facisque,
1530 2155 1692 2208 supra
1724 2158 1884 2208 quant
1942 2146 2174 2211 petimus
2197 2160 2286 2201 aut
2331 2153 2412 2204 in-

841 2223 1149 2292 telligimus.
1190 2227 1434 2281 Accessit
1461 2229 1528 2282 ad
1589 2241 1639 2285 te
1698 2234 2006 2301 aliquando,
2045 2236 2287 2304 Domine,
2320 2243 2411 2310 qui

836 2316 1023 2367 decem
1045 2313 1266 2366 millium
1293 2317 1616 2370 talentorum
1643 2319 1827 2374 debito
1857 2324 2154 2380 obstrictus
2187 2340 2305 2382 crat
2343 2331 2408 2396 η,

838 2417 1073 2472 cumque
1104 2406 1219 2459 leve
1250 2406 1379 2474 quid
1415 2409 1661 2464 benelicii
1717 2412 1966 2481 accipere
2015 2429 2280 2485 rogasset,
2312 2438 2410 2488 pro

838 2505 928 2549 tua
955 2497 1066 2565 ipse
1087 2497 1370 2551 clementia
1403 2500 1713 2554 universum
1768 2504 1816 2555 ei
1882 2506 2120 2559 debitum
2174 2510 2408 2568 donasti.

837 2585 946 2641 Sed
981 2598 1036 2641 et
1073 2589 1327 2658 prodigus
1353 2603 1605 2644 reversus
1632 2593 1760 2644 olim
1812 2593 1874 2655 ⁸⁸,
1931 2611 2094 2648 unmn
2143 2613 2173 2650 c
2203 2616 2410 2654 merce-

835 2679 1008 2734 nariis
1041 2681 1146 2735 tuis
1175 2679 1290 2733 ﬁeri
1339 2679 1654 2749 ﬂagitabat:
1703 2692 1756 2736 tu
1815 2695 2018 2750 autem,
2053 2703 2149 2753 pro
2200 2705 2408 2744 mercc-

837 2775 998 2837 tario,
1029 2774 1197 2827 lilium
1226 2789 1346 2827 eum
1383 2789 1445 2827 ac
1502 2774 1768 2828 lneredem
1821 2777 2018 2829 l'ccisti.
2050 2778 2212 2834 l’etiit
2272 2782 2410 2838 latro

837 2877 899 2920 ut
928 2867 1045 2936 ejus
1067 2868 1409 2921 meminisses
1432 2866 1486 2920 in
1522 2883 1688 2937 regno
1749 2876 1842 2920 tuo
1877 2869 1919 2899 ⁸⁵
1952 2887 1964 2922 :
2003 2880 2057 2922 tu
2109 2885 2287 2926 autem
2323 2885 2408 2929 to-

839 2970 951 3014 tum
990 2961 1064 3014 illi
1095 2961 1404 3029 paradisum
1432 2961 1659 3030 largitus
1683 2977 1764 3016 es.
1791 2960 2038 3016 AcceSsit
2065 2967 2322 3019 meretrix
2354 2969 2408 3021 in

835 3056 1015 3110 ﬂetum
1068 3057 1300 3111 resoluta
1328 3059 1392 3126 “,
1423 3057 1736 3127 maioraque
1797 3061 2008 3127 accepit
2057 3077 2218 3128 quam
2281 3077 2406 3130 spe-

839 3159 985 3204 raret
1015 3165 1079 3203 ac
1111 3160 1402 3218 quareret.
1438 3150 1616 3204 Flevit
1637 3161 1685 3203 et
1720 3149 1910 3204 Petrus
1945 3161 2176 3216 tantmn,
2204 3153 2405 3220 ipsum-
2436 3152 2479 3210 C

834 3258 940 3311 que
963 3243 1113 3312 regni
1143 3243 1404 3297 caelorum
1433 3244 1634 3297 creasri
1655 3243 2002 3310 clavigerum.
2027 3243 2137 3307 Sic,
2164 3245 2408 3308 Domine,

837 3337 1082 3389 moribus
1141 3345 1514 3404 comparatum
1570 3335 1761 3397 habes,
1814 3337 1965 3390 utin
2012 3337 2329 3406 desperatis,
2358 3338 2410 3390 in

834 3429 1032 3497 quibus
1065 3428 1208 3482 nulla
1263 3429 1454 3483 salutis
1482 3444 1606 3498 spes
1667 3429 1870 3497 reliqua
1931 3429 2200 3492 videatur,
2240 3431 2293 3481 in
2345 3430 2412 3482 iis

835 3521 1134 3574 vlt-mentite
1163 3529 1266 3572 tua;
1299 3535 1362 3571 ac
1385 3520 1742 3588 benignitatis
1768 3521 2191 3588 magnitudinem
2226 3531 2411 3574 osten-

836 3615 955 3666 das.
987 3614 1278 3681 PrOptei-ca
1307 3624 1511 3682 repeto,
1538 3629 1636 3668 nec
1667 3616 1909 3668 desinam
1968 3630 2203 3682 unquam
2263 3630 2411 3682 repe-

840 3717 993 3759 tere;
1033 3723 1050 3756 ι
1133 3705 1352 3757 Salvum
1424 3720 1510 3759 me
1547 3705 1631 3760 fac
1711 3714 1931 3776 propter
1979 3707 2408 3764 miscricordiam

839 3807 1007 3849 tuam.
1052 3814 1071 3846 ι

911 3902 930 3935 ι
970 3885 1235 3950 Quoniam
1263 3902 1367 3940 non
1398 3896 1481 3940 est
1518 3887 1569 3940 in
1603 3896 1777 3941 morte
1822 3888 1913 3956 qui
1949 3903 2157 3942 tnemor
2179 3890 2253 3942 sit
2281 3890 2355 3943 tui
2392 3908 2405 3942 :

839 3978 892 4031 in
919 3976 1132 4031 inferno
1172 3989 1354 4031 autem
1378 3979 1498 4046 quis
1523 3979 1871 4033 conﬁtebitur
1900 3981 2030 4034 tibi?
2059 4001 2078 4032 ι
2113 3979 2406 4048 Propterea

839 4068 1036 4122 festino
1067 4089 1082 4123 ;
1118 4077 1404 4137 propterea
1458 4070 1652 4124 anxius
1695 4086 1837 4132 sum,
1863 4072 2019 4140 plane
2069 4073 2407 4142 exploratum

839 4161 1063 4222 habens,
1097 4174 1370 4227 nunquam
1404 4176 1489 4214 me
1521 4160 1574 4213 in
1608 4161 1821 4214 interno
1856 4161 2234 4216 conlessurum
2268 4162 2399 4230 Deo,

840 4252 930 4306 ubi
966 4252 1135 4306 semel
1164 4253 1286 4307 vita:
1327 4253 1449 4307 linis
1472 4257 1836 4321 occupaverit.
1872 4254 2026 4308 Nulla
2062 4259 2207 4309 enim
2241 4265 2326 4310 est
2356 4257 2408 4310 in

841 4342 1051 4396 inferno
1079 4345 1394 4412 pmnitentia
1430 4363 1442 4397 :
1472 4347 1654 4414 nequit
1682 4347 1875 4414 aliquis
1913 4360 2263 4416 peccatorum
2302 4348 2408 4402 illic

843 4434 1056 4488 veniam
1089 4437 1344 4504 consequi
1367 4453 1382 4500 ;
1403 4451 1506 4489 non
1535 4446 1713 4504 potest
1748 4439 1861 4491 lieri
1890 4449 1946 4491 nt
1973 4441 2094 4505 quis
2132 4439 2407 4493 remissio-

2712 1803 2932 1865 αδιώξει
2967 1823 3033 1874 με
3061 1806 3153 1859 τὸν
3183 1807 3371 1870 κακῶς
3401 1810 3510 1862 ἀπὸ
3535 1811 3628 1863 σοῦ
3660 1813 3932 1879 φεύγοντα
3955 1830 3967 1843 ·
3998 1814 4091 1866 τὸν

2517 1895 2603 1945 ἀεὶ
2627 1896 2760 1964 πρὸς
2784 1897 2880 1966 τὴν
2900 1899 3177 1967 ἁμαρτίαν
3199 1900 3484 1970 τρέχοντα.
3519 1904 3591 1954 Σὺ
3615 1905 3743 1973 γάρ,
3777 1924 3794 1955 ι
3825 1905 3960 1968 Θεὸς
3989 1907 4087 1968 ὢν,

2518 1985 2690 2037 ποιῶν
2719 1984 3000 2053 θαυμάσια
3037 1989 3222 2055 μόνος,
3256 1989 3654 2059 θαυμάστωσον
3699 1995 3794 2045 καὶ
3820 1996 3910 2046 ἐπ’
3965 1996 4090 2065 ἐμοὶ

2515 2077 2576 2127 τὸ
2606 2076 2753 2139 ἔλεός
2781 2095 2895 2132 σου.
2942 2098 2961 2130 ι
2997 2080 3068 2132 Σὺ
3103 2081 3213 2151 γὰρ
3243 2084 3369 2145 τοὺς
3411 2085 3732 2149 ἐλπίζοντας
3767 2088 3859 2140 ἐπὶ
3899 2089 3959 2141 σὲ
3982 2099 4092 2141 σω-

2516 2166 2632 2228 ζεις
2663 2184 2676 2198 ⁸
2719 2171 2813 2221 καὶ
2861 2175 3035 2234 ποιεῖς
3088 2173 3230 2224 ὑπὲρ
3283 2174 3311 2224 ὃ
3379 2177 3682 2246 αίτούμεθα
3736 2179 3769 2249 ἢ
3836 2180 4087 2249 νοοῦμεν.

2516 2262 2797 2331 Προσῆλθέ
2850 2266 2932 2316 σεε
2970 2283 3122 2329 ποτε,
3183 2270 3452 2332 Δέσποτα,
3530 2271 3740 2340 μυρίων
3810 2273 4091 2326 ταλάντων

2516 2351 2821 2422 ὀφειλέτης,
2841 2357 2934 2408 καὶ
2966 2360 3170 2428 μικρὰν
3200 2362 3346 2430 αὐτῷ
3377 2360 3539 2430 χάριν
3555 2362 3742 2414 λαϐεῖν
3773 2363 4088 2431 αἰτήσαντι,

2513 2446 2726 2498 τελείαν
2748 2448 2824 2510 ὡς
2859 2449 3244 2521 φιλάνθρωπος
3292 2455 3390 2523 τὴν
3441 2453 3796 2522 συγχώρησιν
3826 2454 4088 2516 δέδωκας.

2527 2538 2892 2610 Ἐπιστρέψας
2924 2545 3054 2595 ποτε
3088 2548 3184 2597 καὶ
3229 2548 3257 2598 ὁ
3286 2546 3519 2610 ἄσωτος,
3571 2542 3649 2609 εἷς
3696 2553 3804 2598 τῶν
3855 2545 4091 2615 μισθίων

2515 2647 2610 2681 σου
2646 2633 2919 2686 ἐδυσώπει
2957 2637 3209 2702 γενέσθαι
3241 2654 3256 2670 ·
3290 2639 3353 2690 σὺ
3382 2639 3458 2704 δὲ,
3497 2639 3615 2702 υίὸν
3644 2638 3806 2690 αὐτὸν
3838 2640 3936 2692 καὶ
3959 2638 4090 2707 κλη-

2516 2724 2742 2790 ρονόμον
2771 2725 2895 2776 ἀντὶ
2929 2726 3158 2794 μισθίων
3215 2729 3544 2796 πεποίηκας.
3591 2729 3862 2798 ᾘτήσατο
3911 2729 3940 2779 ὁ
3990 2727 4090 2796 λῃ·

2515 2816 2664 2885 στὴς,
2700 2822 2922 2887 μνήμην
2940 2821 3107 2874 αὐτοῦ
3135 2821 3322 2874 λαϐεῖν
3373 2826 3432 2875 ἐν
3470 2827 3535 2892 τῇ
3565 2824 3814 2892 βασιλείᾳ
3844 2839 3942 2875 σου
3971 2840 3987 2854 ο
4025 2824 4090 2876 σὺ

2510 2908 2566 2960 δὲ
2596 2910 2716 2962 ὅλον
2763 2911 2911 2979 αὐτῷ
2950 2913 3043 2964 τὸν
3093 2917 3425 2984 παράδεισον
3476 2915 3756 2983 ἐδωρήσω.
3799 2914 4088 2984 [Ιροσῆλθα

2511 2997 2605 3048 καὶ
2643 2998 2813 3068 πόρνη
2852 3001 3189 3070 δακρύουσα,
3214 3006 3308 3054 καὶ
3335 3003 3474 3071 ὑπὲρ
3509 3003 3537 3053 ὃ
3563 3003 3764 3072 ἡλπισε
3817 3005 3915 3056 καὶ
3956 3002 4088 3070 ιςή-

2509 3106 2696 3159 τησεν,
2735 3090 2948 3145 ἔλαϐεν.
3018 3093 3315 3162 Ἐδάκρυσε
3366 3096 3461 3147 καὶ
3516 3096 3721 3165 Πέτρος
3761 3096 3944 3164 μόνον,
3995 3097 4090 3150 καὶ

2513 3185 2822 3254 κλειδοῦχον
2857 3186 3018 3239 αὐτὸν
3053 3188 3155 3255 τῆς
3213 3189 3324 3240 τῶν
3375 3189 3624 3258 οὐρανῶν
3675 3188 3955 3256 βασιλείας
3997 3205 4092 3240 πεο

2513 3277 2769 3345 ποίηκας.
2809 3275 3065 3331 Τοιοῦτόν
3093 3294 3211 3340 σου,
3251 3279 3520 3337 Δέσποτα.
3557 3278 3618 3330 τὸ
3679 3279 3822 3340 ἔθος,
3881 3281 3941 3331 ὲν
3979 3279 4090 3338 τοῖς

2511 3369 2962 3436 ἀπεγνωσμένοις
2981 3385 2996 3400 ο
3025 3371 3086 3422 ἐν
3105 3372 3218 3432 τοῖς
3265 3371 3536 3439 μηδεμίαν
3567 3371 3758 3423 ἐλπίδα
3812 3371 4090 3439 σωτηρίας

2512 3459 2744 3527 ἑχουσιν,
2774 3460 2831 3511 ἐν
2855 3460 3042 3520 αὐτοῖς
3069 3461 3443 3514 ἐνδείκνυσθαι
3472 3463 3532 3514 τὸ
3569 3460 3799 3530 μέγεθος
3830 3460 3936 3529 τῆς
3993 3476 4086 3527 cpt-

2511 3551 2866 3621 λανθρωπξας
2899 3567 3016 3604 σου.
3066 3551 3166 3605 Διὰ
3215 3552 3374 3605 τοῦτο
3423 3551 3590 3620 λέγω,
3651 3553 3747 3604 καὶ
3804 3551 3982 3618 λέγων
4027 3551 4089 3603 οὐ

2513 3643 2794 3710 παύσομαι
2821 3660 2834 3673 ο
2873 3662 2891 3693 ι
2930 3643 3112 3696 Σῶσόν
3146 3661 3210 3713 με
3239 3643 3427 3697 ἕνεκεν
3449 3642 3546 3696 τοῦ
3582 3645 3917 3710 ἐλέουςισου.
3959 3661 3978 3694 ι

2588 3927 2604 3957 ι
2653 3908 2772 3960 Ὀτι
2801 3908 2901 3959 οὐκ
2919 3908 3068 3959 ἔστιν
3088 3908 3146 3959 ἐν
3174 3906 3253 3976 τῷ
3281 3907 3498 3975 Θανάτῳ
3517 3909 3544 3960 6
3572 3906 3930 3977 μνημονεύων
3958 3925 4053 3962 σου
4073 3924 4087 3939 ·

2513 3999 2569 4049 ἐν
2600 3998 2655 4050 δὲ
2689 3997 2765 4066 τῷ
2795 3997 2917 4066 ᾄδῃ,
2953 3997 3036 4059 τίς
3084 3997 3545 4068 ὲξομολογήσεταί
3582 4014 3684 4062 σοις
3721 4015 3739 4047 ›
3789 3997 3892 4050 Διὰ
3931 3999 4092 4050 τοῦτο

2514 4089 2729 4141 σπεύδω
2761 4105 2773 4116 ο
2810 4087 2896 4139 διὰ
2933 4087 3091 4140 τοῦτο
3113 4090 3358 4155 ἀγωνιῶ,
3390 4089 3676 4152 γινώσκων
3707 4089 3981 4157 ἀκριϐῶς,
4008 4091 4089 4142 ὅτι

2511 4180 2595 4232 ἐπ’
2623 4180 2691 4231 ἂν
2724 4178 2784 4230 τὸ
2823 4178 3000 4248 πέρας
3063 4178 3158 4246 τῆς
3195 4175 3341 4246 ζωῆς
3395 4193 3497 4245 μου
3560 4176 3881 4245 φθάσωμαι,
3932 4177 4092 4229 οὐδα-

2514 4271 2630 4340 μῶς
2672 4270 2748 4338 τῷ
2779 4268 2896 4339 Θεῷ
2946 4269 3004 4322 ἐν
3041 4269 3116 4338 τῷ
3163 4268 3264 4339 ᾅδῃ
3301 4267 3797 4337 ἐξομολογήσομαι.
3847 4269 3925 4320 Οὐ
3981 4268 4092 4336 γάρ

2511 4365 2661 4414 ἐστιν
2696 4365 2815 4414 ἐκεῖ
2851 4363 3114 4432 μετάνοια
3137 4379 3151 4394 ⁸
3209 4362 3309 4412 οὐκ
3340 4359 3488 4412 ἔστιν
3531 4360 3646 4412 ἐκεῖ
3678 4358 3866 4411 λαϐεῖν
3899 4360 4089 4430 ἁμαρΔ

2509 4454 2630 4515 τίας
2661 4452 3011 4522 συγχώρησιν
3038 4471 3051 4484 θ
3093 4454 3193 4506 οὐκ
3232 4453 3378 4504 εστιν
3409 4454 3467 4504 ὲν
3501 4450 3578 4520 τῷ
3611 4453 3878 4521 μνήματι,
3899 4452 4090 4522 πλημ-

845 4542 966 4581 nem
995 4528 1320 4582 delictorum
1353 4529 1406 4582 in
1448 4531 1690 4599 sepulcro
1725 4531 1942 4586 referat.
1989 4533 2255 4587 Nundina:
2283 4543 2407 4588 sunt

2513 4519 3214 4614 μελημάτων-ιιομίσασθαι
3248 4547 3464 4612 ἄφεσιν.
3515 4519 3832 4614 Πανηγυρίς
3867 4519 4035 4595 ἐστιν
4064 4547 4092 4596 ὁ

841 4633 1078 4686 praesens
1111 4619 1218 4672 vita
1256 4620 1385 4672 :uhi
1431 4636 1558 4689 ergo
1628 4623 1879 4677 nundinae
1935 4625 2126 4677 soluta:
2188 4626 2407 4689 l'uerint,

842 4723 1000 4762 nemo
1031 4709 1295 4778 negotiari
1329 4721 1521 4778 potest.
1552 4712 1724 4766 Stadii
1755 4731 1914 4767 cnrsn
1959 4726 2196 4783 peracto,
2227 4717 2410 4772 nullus

841 4798 996 4853 miles
1020 4800 1180 4852 habet
1210 4810 1442 4856 certare.
1467 4801 1564 4857 Ubi
1594 4818 1696 4856 nox
1717 4808 2080 4874 occupaverit,
2109 4809 2242 4862 nihil
2269 4811 2406 4864 lucri

845 4899 1090 4956 apparet.
1125 4889 1261 4942 Audi
1319 4891 1449 4958 quid
1512 4891 1788 4962 Scriptura
1840 4896 1983 4948 dicat
2015 4915 2028 4950 :
2058 4916 2074 4947 ι
2118 4898 2261 4953 Mors
2293 4901 2410 4953 viro

847 4980 1081 5043 requies,
1114 4981 1265 5046 cujus
1292 4981 1603 5036 abscondita
1640 4995 1724 5038 εει
1764 4987 1843 5038 via
1880 5004 1892 5041 :
1945 4990 2210 5043 conclusit
2259 4993 2403 5046 enim

843 5064 991 5117 Dens
1022 5081 1182 5133 super
1212 5084 1333 5121 eum
1367 5071 1430 5123 ’⁷.
1478 5089 1496 5121 ι
1536 5069 1631 5124 Ubi
1690 5085 1866 5126 autem
1919 5075 2060 5132 Deus
2119 5081 2408 5145 conclusit,

845 5172 950 5208 non
983 5167 1067 5210 est
1093 5169 1438 5224 peccatorum
1462 5162 1801 5229 pmliilentia.
1839 5165 1953 5220 Vita
1990 5169 2104 5222 haec
2146 5175 2407 5227 certami-

846 5246 1002 5300 nibus
1034 5248 1208 5316 posita
1247 5260 1327 5302 est
1361 5268 1371 5302 :
1418 5251 1598 5306 futura
1637 5255 1742 5320 illa,
1774 5257 1919 5323 justo
1946 5261 2146 5329 judicio
2182 5281 2196 5316 :
2227 5279 2410 5332 quam-

843 5339 1064 5404 obrein,
1117 5360 1135 5392 ι
1175 5343 1383 5395 salvum
1452 5361 1538 5400 tne
1590 5346 1673 5402 l'ac
1717 5363 1935 5419 propter
1981 5355 2405 5411 miscricordiam

914 5449 1131 5523 '__l_Vum_.
1156 5469 1249 5523 αι.
1284 5455 1365 5508 l2.
1442 5458 1460 5487 ³
1502 5459 1672 5513 Exod.
1712 5479 1878 5523 χχιιι,
1915 5466 1968 5519 2.

846 5534 899 5570 ιι.
938 5520 1120 5599 13η]
1152 5521 1416 5599 LII-tr.-\'ll,
1447 5527 1534 5581 ὅθ.
1611 5533 1630 5563 ⁹
1663 5530 1764 5586 lsa.
1800 5520 1942 5599 inv,
1975 5541 2027 5587 ϋ.

845 5603 995 5654 ιιίιι,
1026 5590 1117 5643 21.
1219 5593 1261 5623 ⁸⁸
1293 5593 1420 5649 Lor.
1459 5613 1544 5661 λγ,
1576 5600 1660 5656 19.
1769 5604 1810 5633 ’⁸
1843 5590 1971 5659 Luc.
2001 5621 2155 5670 mn,
2180 5590 2270 5661 4:5,.

2045 5469 2066 5498 δ
2098 5464 2135 5518 ιι
2163 5467 2298 5535 Reg.
2334 5485 2413 5528 XI.
2447 5473 2498 5524 ι.

2108 5537 2150 5566 ⁸⁸
2182 5537 2329 5594 l’sal.
2358 5556 2493 5600 xxn,
2525 5541 2576 5594 6.

2351 5610 2394 5640 ¹⁶
2425 5609 2555 5664 Luc.
2590 5628 2683 5679 vtl,
2711 5615 2798 5667 57.

2510 4634 2624 4703 βίος
2652 4653 2666 4666 ·
2704 4638 2791 4686 ἐπ’
2831 4635 2897 4687 ἂν
2942 4631 3035 4689 οὖν
3068 4636 3200 4706 λυθῇ
3233 4639 3266 4706 ἡ
3318 4637 3626 4704 πανήγυρις
3655 4673 3671 4697 ,
3710 4635 3888 4698 οὐδεὶς
3948 4653 4090 4704 πρα-

2510 4726 2921 4794 γματεύσασθαι
2952 4727 3197 4780 δύναται.
3233 4727 3352 4780 Ἐπ’
3372 4728 3437 4779 ἂν
3473 4729 3533 4779 τὸ
3564 4725 3775 4777 στάδιον
3809 4725 4086 4794 παρέλθῃ,

2506 4817 2680 4878 οὐδεὶς
2717 4818 3045 4885 ἀγωνίζεται
3083 4820 3445 4891 στρατιώτης.
3495 4821 3614 4874 Ἐπ’
3644 4821 3710 4873 ἂν
3760 4820 3794 4887 ἡ
3837 4819 3937 4884 νὺξ
3998 4835 4088 4869 κα·

2507 4910 2740 4982 ταλάϐῃ,
2774 4911 2833 4964 τὸ
2865 4913 3056 4982 κέρδος
3104 4914 3165 4966 οὐ
3202 4914 3475 4980 φαίνεται.
3527 4914 3794 4965 ⁸Ἄκουσον
3828 4911 3883 4964 τί
3923 4927 4088 4979 φησιν

2510 5003 2543 5069 ὴ
2580 5001 2617 5052 Γ
2625 5002 2791 5069 ραφή.
2842 5021 2860 5052 ι
2892 5001 3135 5065 Θάνατος
3176 5003 3332 5073 ἀνδρὶ
3372 5004 3703 5065 ἀνάπαυσις,
3757 4994 3818 5054 οὗ
3882 5002 3916 5070 ὴ
3968 5001 4087 5061 ὁδὸς

2509 5089 2819 5158 άπεκρύϐη.
2857 5089 3178 5142 Συνὲκλεισε
3213 5091 3321 5160 γὰρ
3367 5092 3396 5142 6
3449 5091 3580 5152 Θεὸς
3614 5091 3709 5142 ἀπ’
3744 5087 3920 5143 αὐτοῦ
3959 5092 4022 5124 ω’
4064 5106 4080 5137 ι

2509 5178 2684 5229 Ὅπου
2708 5177 2843 5230 Θεοῦ
2871 5178 3259 5248 συγκλεισμὸς,
3308 5181 3582 5250 ἁμαρτίας
3612 5181 3712 5232 οὐκ
3748 5180 3868 5230 ἔστι
3921 5177 4086 5246 μετά·

2509 5286 2644 5322 νοια.
2673 5263 2841 5330 Οὗτος
2867 5271 2894 5321 ὀ
2919 5271 3053 5338 βίος,
3086 5270 3194 5323 τῶν
3215 5271 3443 5336 ἀγώνων
3469 5289 3482 5301 ·
3513 5273 3744 5333 ἐκεῖνος.
3777 5269 4086 5336 δικαιοκρι-

2507 5363 2667 5424 σίας·
2711 5382 2728 5412 ι
2777 5363 2958 5416 Σῶσόν
2995 5381 3062 5433 με
3113 5365 3299 5417 ἕνεκεν
3331 5365 3424 5417 τοῦ
3481 5365 3664 5426 ὲλέονς
3720 5379 3840 5416 σου.
3888 5361 3978 5412 Ἐν
4030 5358 4084 5409 δὲ

2578 5474 2598 5503 ⁸
2631 5475 2824 5528 Matth.
2860 5477 3108 5538 xxvr,70.
3187 5477 3207 5507 ⁸
3233 5476 3274 5530 ll
3299 5477 3428 5531 Cor.
3478 5491 3574 5538 XII.
3603 5476 3658 5527 2.

2658 5545 2695 5573 ¹¹
2735 5543 2876 5600 l’sal.
2913 5562 3114 5608 cuxv,
3153 5546 3206 5598 4.
3288 5547 3329 5578 ⁸⁸
3360 5546 3502 5602 Psal.
3539 5559 3650 5609 ινι,
3678 5546 3730 5600 7.

2883 5617 2922 5645 "
2959 5615 3057 5669 Joh
3091 5633 3172 5677 ιιι,
3200 5617 3291 5669 ‘25.

3735 5475 3754 5504 '
3805 5472 3936 5526 Vide
3973 5483 4082 5524 not.

3813 5543 3858 5577 ⁸³
3890 5543 4083 5598 Πειίιιι.

2113 5727 2337 5782 VARI/ﬁ
2379 5730 2786 5788 LICCTIONRS.

917 5778 975 5810 ⁸³·
1000 5778 1084 5832 Io.
1223 5782 1407 5836 αὑτοῦ.
