4190 6438
190 429 309 494 1129

1339 436 1622 496 ORATIO
1657 440 1732 498 IN
1769 441 2132 502 PSALMUM
2171 444 2272 502 VI.

3285 438 3422 504 1130

186 544 254 612 τῷ
299 544 401 615 ᾅδῃ
453 545 538 606 τίς
582 543 1189 615 ἐξομολογήσεταί.σοι;
1230 566 1246 597 ι
1288 549 1428 616 Ὅρα
1470 549 1521 601 τί
1574 567 1747 618 φησι·

1858 563 2025 608 tuam.
2065 555 2121 608 ln
2170 555 2382 609 inferno
2440 564 2618 607 autem
2675 554 2796 623 quis
2837 551 3186 609 conﬁtebitur
3228 556 3362 610 tibi?
3400 575 3416 606 ι

193 655 206 685 ι
240 637 326 698 Τίς
357 637 824 707 ἐξομολογήσεται
850 655 960 702 σοις
995 658 1012 690 ο
1049 641 1351 703 τουτέστιν,
1403 643 1599 703 οὐδείς.
1653 646 1751 697 Διὰ

186 728 325 781 τοῦτο
358 730 550 794 καλὸν,
583 732 886 801 ἀγαπητοὶ,
923 732 1381 802 προευτρεπίζειν
1405 734 1629 795 ἑαυτοὺς
1654 733 1752 801 τῆς

185 823 346 871 ἐκεῖσε
383 821 720 889 ὁδοιπορίας,
768 824 860 876 ἵνα
897 823 973 892 μὴ
1009 825 1156 891 ἡμᾶς
1213 825 1357 876 κατὰ
1405 825 1504 888 τὰς
1558 825 1752 894 μωρὰς

188 912 480 979 παρθένους
518 914 720 985 ἄπορος
751 914 849 977 νὺξ
907 915 1213 983 καταλάϐῃ.
1243 915 1464 984 Ταύτην
1512 916 1607 967 καί
1663 933 1752 978 τις

184 1005 327 1067 ἄλλος
391 1010 557 1074 σοφὸς
619 1009 1017 1076 αἰνιττόμενος,
1085 1010 1182 1061 καὶ
1238 1010 1365 1071 τοὺς
1421 1009 1753 1078 ἀργοτὲρους

184 1097 461 1150 διανιστῶν
493 1116 507 1130 ’
544 1118 563 1151 ι
618 1099 932 1170 Ἐτοίμαζε,
963 1103 1120 1170 φησὶ,
1151 1103 1218 1154 τά
1245 1102 1382 1170 ἔργα
1418 1118 1513 1152 σου
1541 1104 1620 1163 είς
1652 1101 1751 1168 τὴν

184 1190 372 1254 ἔξοδον,
407 1192 501 1243 καὶ
525 1195 980 1262 παρασκευάζου,
1028 1195 1210 1262 μένων
1259 1195 1339 1255 εἰς
1368 1193 1462 1246 τὸν
1498 1193 1689 1262 ἀγρόν,
1728 1209 1746 1241 ι

195 1282 379 1350 Ἀγρὸν
431 1283 616 1336 καλῶν
669 1285 762 1336 τὸν
817 1285 1162 1355 ἀνθρώπινον
1202 1285 1319 1352 βίον
1348 1301 1362 1314 ⁸
1395 1286 1477 1337 ὃτι
1535 1303 1553 1334 ι
1597 1285 1753 1336 Πᾶσα

185 1371 331 1440 σάρξ,
363 1372 441 1435 ὡς
467 1373 684 1443 χόρτος,
720 1376 814 1428 καὶ
843 1378 994 1429 πᾶσα
1015 1375 1307 1444 ἀνθρώπου
1324 1377 1472 1441 δόξα,
1497 1376 1572 1439 ὼς
1595 1376 1755 1438 ἄνθος

185 1468 388 1533 χόρτου.
406 1487 423 1518 ι
449 1498 512 1508 --
533 1487 550 1518 ι
573 1469 861 1536 Ἐτοίμαζε
893 1471 974 1532 εἰς
1004 1470 1103 1538 τὴν
1133 1469 1310 1533 ἔξοδον
1338 1471 1405 1522 τὰ
1431 1472 1567 1538 ἔργα
1599 1485 1747 1520 σου.»

187 1559 303 1611 Ὅτι
344 1578 362 1605 σ
408 1559 701 1627 ἄνθρωπος
734 1560 868 1612 ὡσεὶ
917 1560 1109 1630 χόρτος
1147 1562 1203 1612 αι
1256 1562 1461 1629 ἡμέραι
1507 1559 1694 1614 αὑτοῦ.
1730 1577 1750 1611 ι

185 1652 282 1701 Καὶ
314 1651 745 1718 παρασκευάζου
779 1653 836 1703 ἐν
890 1652 970 1721 τῷ
1008 1652 1165 1721 ἀγρῷ
1194 1669 1208 1682 ·
1238 1655 1321 1704 ὅτι
1368 1671 1386 1703 ι
1425 1652 1558 1704 ὡσεὶ
1594 1651 1757 1712 ἄνθος

185 1739 271 1790 τοῦ
297 1740 475 1808 ἀγροῦ
508 1739 681 1800 οὕτως
712 1737 1025 1808 ἐξανθήσει,
1061 1760 1078 1791 ι
1111 1741 1206 1792 καὶ
1236 1741 1569 1809 ἁπανθήσει.
1595 1759 1611 1789 ι
1651 1739 1758 1790 Καὶ

185 1830 516 1898 κλιθήσεται,
548 1831 642 1883 καὶ
696 1830 1120 1901 ξηρανθήσεται.
1165 1849 1182 1881 ο
1221 1860 1288 1870 -
1324 1850 1342 1882 ι
1382 1833 1493 1883 Καὶ
1520 1831 1624 1882 ὑπὸ
1657 1830 1757 1900 τὴν

1857 646 1988 700 Vide
2018 648 2147 714 quid
2188 647 2369 700 dicat:
2409 667 2426 698 ι
2468 648 2601 713 Quis
2665 646 3014 701 conﬁtebitur
3059 646 3194 699 tibi?
3240 666 3256 696 ι
3312 649 3425 699 llue

1852 745 1954 799 est,
1989 738 2188 790 nullus.
2233 736 2523 802 Quocirca,
2560 738 2920 801 dilectissimi,
2958 745 3180 806 praestat
3222 746 3278 788 ut
3331 753 3426 787 nos

1856 826 1999 894 ipsos
2029 830 2095 882 ad
2133 829 2260 882 illud
2329 829 2431 881 iter
2481 842 2866 896 pra‘paremus,
2902 836 2960 879 ut
3011 842 3081 879 ne
3117 840 3242 887 nos,
3284 826 3425 877 haud

1854 926 2012 968 secus
2041 928 2105 968 ac
2135 915 2308 968 fatuas
2327 915 2565 982 virgines
2595 917 2658 976 "‘,
2685 929 2788 966 nox
2819 914 3119 980 improvida
3166 915 3427 980 inopsque.

1855 1008 2239 1072 apprehendat.
2272 1007 2400 1060 Eam
2446 1007 2570 1075 quis
2601 1006 2739 1059 alius
2797 1020 3012 1072 quoque
3040 1005 3257 1073 sapiens
3296 1007 3426 1057 olis-

1854 1113 1987 1152 cure
2033 1099 2366 1167 signiﬁcans,
2402 1113 2466 1153 ac
2523 1098 2823 1152 desidiores
2882 1095 3170 1148 excitans:
3221 1113 3238 1145 ι
3285 1096 3429 1148 Plu-.-

1857 1204 2007 1256 para,
2039 1190 2233 1258 inquit,
2259 1205 2422 1260 opera
2457 1199 2545 1242 tua
2579 1189 2644 1242 ad
2672 1202 2986 1255 egressum;
3027 1201 3089 1239 ac
3123 1201 3430 1254 pra'parare

1855 1283 1948 1349 qui
1985 1285 2037 1335 in
2069 1298 2201 1347 agro
2221 1296 2408 1336 manes
2430 1282 2495 1333 ".
2540 1298 2558 1331 ι
2597 1278 2888 1338 Nimirum,
2927 1293 3114 1342 agrum
3152 1277 3428 1344 appellans

1859 1374 2151 1426 humanam
2181 1372 2344 1426 vitam
2374 1390 2385 1424 :
2421 1370 2545 1437 quia
2584 1389 2602 1422 ι
2645 1368 2835 1423 Omnis
2869 1383 3000 1422 caro
3029 1367 3171 1420 sicut
3202 1368 3383 1421 fenum
3412 1388 3424 1429 ;

1857 1475 1911 1518 et
1936 1466 2114 1517 omnis
2136 1463 2306 1529 gloria
2335 1463 2594 1525 hominis,
2614 1462 2755 1515 sicut
2777 1460 2875 1513 llos
2895 1459 3002 1512 leni
3022 1459 3089 1510 '°.
3121 1477 3138 1509 ι
3161 1487 3226 1497 —-
3246 1478 3262 1508 ι
3299 1458 3431 1511 Prau-

1858 1571 1988 1623 para
2021 1557 2088 1609 ad
2115 1569 2390 1622 egressum
2441 1568 2605 1622 opera
2643 1562 2768 1617 tua;
2817 1569 2835 1601 ι
2863 1551 2988 1618 quia
3024 1567 3042 1600 ι
3082 1549 3244 1602 1ιοιιιο
3289 1551 3430 1603 sient

1861 1649 2041 1700 fetuum
2086 1649 2204 1702 dies
2243 1647 2401 1715 ejus,
2449 1656 2704 1714 tanquam
2752 1645 2850 1698 llos
2902 1646 3018 1712 agri
3078 1643 3157 1696 sic
3219 1643 3428 1697 eﬂlorc-

1859 1742 1939 1794 bit
1969 1743 2034 1798 ²¹.
2073 1760 2090 1791 ι
2128 1751 2184 1792 et
2211 1739 2521 1800 deilorebit,
2559 1756 2578 1788 ι
2615 1765 2684 1775 -
2719 1754 2737 1785 ι
2776 1747 2831 1790 et
2855 1737 3182 1796 declinabit,
3215 1747 3267 1790 et
3299 1753 3434 1789 exa-

1863 1845 2039 1885 rescet
2058 1833 2101 1863 “
2128 1848 2141 1883 :
2177 1850 2195 1881 ι
2222 1848 2316 1880 -ι
2343 1828 2561 1895 Subque
2593 1842 2724 1882 voce
2748 1827 2983 1894 passeris
3008 1845 3027 1877 ι
3061 1827 3239 1878 omnis
3269 1827 3432 1878 herha

186 1922 358 1990 φωνὴν
382 1921 476 1972 τοῦ
513 1921 818 1990 στρουθίου,
844 1941 860 1971 ι
887 1925 1036 1974 πᾶσα
1065 1922 1262 1990 βοτάνη
1298 1941 1315 1972 ι
1341 1922 1696 1990 ἀναϐήσεται·
1730 1942 1749 1973 ι

1866 1943 1883 1974 ι
1922 1933 2167 1990 assurget
2199 1922 2298 1972 η.»
2331 1920 2444 1973 Hoc
2478 1931 2564 1974 est
2599 1937 2648 1972 τι
2692 1920 2744 1972 itt
2779 1933 2912 1971 voce
2944 1918 3352 1984 archangeli,et
3384 1917 3433 1968 in

183 2014 457 2066 τουτέστιν
481 2029 497 2044 ’
541 2031 560 2063 ι
601 2015 690 2064 Ἐν
726 2017 878 2081 φωνῇ
921 2015 1299 2083 ἀρχαγγέλου,
1341 2015 1434 2065 καὶ
1457 2016 1514 2065 ἐν
1549 2014 1754 2083 ἐσχάτῃ

186 2101 439 2166 σάλπιγγι
487 2119 504 2150 ι
554 2102 704 2152 πᾶσα
764 2101 902 2170 σὰρξ
962 2105 1024 2154 ἐκ
1081 2103 1292 2170 νεκρῶν
1361 2104 1750 2171 ἀναστήσεται.

183 2190 454 2258 Σύμλεωνα
507 2193 722 2253 τούτοις
752 2192 780 2242 ὁ
826 2193 990 2254 αὐτὸς
1055 2195 1216 2246 πάλιν
1276 2194 1442 2262 φησίν
1475 2209 1487 2221 ο
1533 2212 1550 2244 ι
1589 2193 1754 2244 Ὑπο-

185 2284 497 2350 μιμνήσκου
537 2284 605 2334 τά
654 2284 859 2350 ἔσχατά
892 2302 1010 2346 σου,
1051 2288 1146 2337 καὶ
1196 2288 1277 2347 εἰς
1310 2286 1402 2336 τὸν
1453 2284 1625 2336 αίῶνα
1657 2284 1755 2352 οὐχ

182 2373 542 2441 ἁμαρτήσεις.
589 2395 604 2424 ι
640 2375 859 2426 Τούτων
895 2374 1004 2426 τῶν
1053 2378 1298 2442 ἐσχάτων
1336 2373 1755 2442 ὑπομιμνησκό-

185 2479 338 2527 μενος
374 2465 470 2514 καί
502 2465 530 2515 ό
563 2465 879 2533 Προφήτης,
916 2465 1004 2516 ἀεὶ
1039 2463 1307 2531 διηνεκῶς
1357 2465 1416 2515 ἐν
1457 2463 1753 2526 κατανύξει

180 2553 418 2616 ἐπένθει,
445 2556 540 2606 καὶ
565 2557 626 2606 ὲν
656 2555 924 2624 κλαυθμῷ
960 2555 1361 2622 διενυκτέρευε.

244 2644 335 2695 Διὸ
377 2646 477 2696 καὶ
523 2645 722 2711 ἐπάγει
754 2661 770 2676 ο
816 2663 834 2694 ι
886 2645 1186 2698 Ἐκοπίασα
1231 2646 1289 2695 ἐν
1337 2642 1418 2711 τῷ
1467 2639 1759 2709 στεναγμῷ

181 2752 278 2800 μου
307 2752 322 2767 ο
361 2735 543 2789 λούσω
571 2737 694 2790 καθ’
745 2738 988 2806 ἐκάστην
1029 2738 1204 2790 νύκτα
1248 2737 1347 2806 τὴν
1389 2736 1580 2804 κλίνην
1606 2752 1709 2801 μου
1741 2749 1754 2762 ⁸

179 2825 232 2874 ἐν
255 2825 492 2894 δάκρυσί
515 2844 617 2895 μου
644 2826 744 2896 τὴν
786 2828 1080 2896 στρωμνήν
1131 2845 1234 2898 μου
1284 2827 1482 2896 βρέξω.
1529 2845 1547 2876 ι
1602 2826 1756 2895 ’ᾘδει

178 2918 280 2986 γὰρ
318 2919 592 2986 ἀκριϐῶς,
634 2920 717 2970 ὃτι
754 2937 772 2969 ι
811 2921 860 2971 οἱ
907 2919 1227 2988 σπείροντες
1261 2920 1319 2969 ἐν
1349 2919 1640 2987 δάκρυσιν,
1697 2918 1757 2968 ἐν

177 3008 501 3073 ἀγαλλιάσει
527 3008 770 3077 θεριοῦσι
802 3024 816 3039 θ
861 3027 878 3058 ι
913 3010 1008 3061 καὶ
1026 3009 1110 3061 ὃτι
1157 3027 1176 3058 ι
1216 3009 1266 3059 οἱ
1300 3008 1438 3076 μετὰ
1466 3006 1752 3069 κλαυθμοῦ

177 3098 466 3164 βάλλοντες
509 3100 579 3151 τὰ
637 3100 932 3170 σπέρματα
988 3100 1189 3164 αὐτῶν,
1236 3099 1512 3169 ἥξουσιν»
1572 3101 1630 3150 ἐν
1683 3101 1751 3167 τῇ

1864 2016 2152 2067 novissima
2187 2014 2308 2066 tuba
2338 2012 2406 2074 ".
2439 2032 2456 2062 ι
2491 2013 2670 2064 omnis
2693 2025 2825 2064 caro
2855 2024 2883 2060 a
2915 2009 3140 2062 mortuis
3171 2023 3432 2076 resurget.

1861 2103 1956 2158 His
1992 2121 2228 2157 consona
2270 2104 2411 2158 idem
2449 2116 2639 2156 rursus
2671 2107 2744 2152 ait
2781 2120 2792 2127 -
2837 2119 2855 2152 ι
2895 2100 3198 2154 Memorare
3249 2102 3434 2151 novis-

1862 2200 1997 2250 sima
2032 2207 2146 2256 tua,
2180 2206 2233 2248 rt
2261 2197 2313 2248 in
2346 2206 2610 2248 a‘tcruum
2649 2209 2754 2247 non
2793 2193 3046 2262 peccabis
3072 2193 3139 2256 ",
3177 2210 3196 2242 ›
3232 2191 3433 2247 llornm

1857 2291 2270 2342 nuvissimorum
2305 2290 2468 2341 etiam
2495 2301 2702 2340 memor
2729 2285 3023 2353 Pr0pltcta,
3068 2283 3183 2354 jugi
3221 2299 3436 2352 semper

1855 2381 2274 2444 cmnpttnctione
2317 2377 2566 2446 lugebat,
2609 2386 2907 2445 noctesque
2952 2378 3097 2444 ipsas
3142 2377 3196 2430 in
3247 2377 3437 2432 dolore

1856 2487 1916 2524 ac
1941 2471 2065 2524 ﬂetu
2093 2470 2445 2539 transigebat.

1926 2642 2290 2708 Quamobrem
2317 2642 2484 2697 etiam
2512 2642 2698 2697 subdit
2727 2659 2741 2695 :
2773 2660 2791 2691 ι
2840 2640 3108 2694 Lahoravi
3144 2641 3194 2694 in
3233 2642 3435 2709 gemitu

1858 2752 1975 2787 meo
2008 2736 2238 2788 :lavaho
2261 2748 2360 2801 per
2398 2733 2642 2801 singulas
2703 2742 2893 2786 noctes
2941 2732 3135 2785 lectum
3191 2749 3372 2784 meum
3420 2751 3433 2784 :

1855 2828 2111 2893 laerymis
2136 2827 2274 2880 meis
2290 2836 2528 2880 stratum
2561 2839 2740 2878 meum
2762 2826 2973 2894 rigabo.
3018 2841 3036 2875 ι
3056 2825 3221 2879 Certo
3240 2825 3440 2893 quippe

1855 2919 2086 2977 Sriehat,
2134 2916 2249 2969 fore
2280 2925 2338 2969 ut
2406 2935 2423 2967 ι
2462 2916 2552 2985 ιμιί
2619 2918 2894 2971 setninant
2943 2916 2996 2968 in
3058 2915 3337 2984 lacryntis,
3383 2916 3434 2966 in

1860 3011 2224 3064 etsultatione
2274 3018 2511 3075 metant;
2559 3029 2578 3061 ι
2638 3019 2802 3078 utque
2829 3009 2886 3074 ii,
2929 3027 2946 3059 ι
2987 3011 3077 3078 qui
3136 3023 3257 3062 cum
3312 3009 3438 3063 lletu

1863 3106 2086 3156 mittunt
2116 3103 2320 3156 semina
2356 3116 2476 3165 sua,
2520 3121 2538 3152 ι
2570 3102 2620 3154 in
2653 3103 3049 3156 resurrectione
3081 3119 3098 3152 ι
3135 3116 3257 3154 cum
3308 3116 3439 3168 gali-

175 3192 495 3248 ἀναστάσει,
536 3210 553 3241 ι
621 3191 870 3260 αἴροντες
916 3192 984 3243 τὰ
1032 3192 1326 3260 δράγματα
1375 3191 1560 3244 αὐτῶν
1616 3191 1755 3260 μετὰ

1865 3195 1952 3248 diu
2005 3194 2246 3256 veniant,
2312 3202 2593 3259 portantes
2662 3193 2963 3260 manipulos
3024 3193 3248 3247 suos".
3300 3192 3440 3245 Bene

177 3286 368 3351 χαρᾶς.
407 3303 426 3334 ι
469 3283 667 3345 Καλῶς
696 3279 841 3345 εἷπε,
878 3287 1114 3337 Λούσω.
1147 3286 1358 3352 Ὥσπερ
1408 3284 1518 3352 γὰρ
1546 3283 1631 3335 διά
1661 3282 1756 3335 τοῦ

176 3377 230 3424 ἐν
257 3374 334 3442 τῷ
359 3373 707 3442 βαπτίσματι
735 3373 928 3435 ὓδατος
956 3373 1408 3442 άναγεννώμεθα,
1471 3374 1615 3424 οὕτω
1669 3373 1757 3425 διὰ

175 3464 428 3534 δακρύων
472 3465 564 3516 καὶ
602 3462 953 3526 κατανύξεως
1008 3462 1505 3532 ἁναϐαπτιζόμενοι
1561 3464 1756 3516 καθαι-

178 3557 408 3626 ρόμεθα.
435 3558 604 3625 Πλὴν,
635 3555 759 3608 οὕτε
794 3557 856 3608 τὸ
892 3555 1182 3624 βάπτισμα
1207 3596 1221 3619 ,
1262 3554 1446 3624 οὕτεὴ
1498 3554 1609 3606 τῶν
1664 3554 1758 3604 δαη

178 3649 357 3718 κρύων
387 3648 707 3710 κατάνυξις,
741 3646 870 3699 ἄνευ
897 3646 993 3699 τοῦ
1025 3647 1187 3714 ἁγίου
1241 3647 1446 3698 δίδοται
1502 3645 1759 3713 Πνεύμα-

173 3755 280 3799 τος,
316 3740 432 3791 Καὶ
469 3739 546 3807 μὴ
591 3738 917 3807 θαυμάσῃς
976 3738 1076 3805 τὴν
1109 3737 1269 3806 χάριν
1298 3736 1407 3806 γὰρ
1451 3737 1520 3805 ἣν
1567 3737 1626 3786 ἐν
1680 3734 1757 3802 τῷ

175 3830 522 3899 βαπτίσματι
549 3831 734 3897 νήπιοι
769 3827 1162 3897 βαπτιζόμενοι
1203 3825 1577 3896 λαμϐάνομεν,
1622 3827 1757 3878 ταὺ-

171 3939 269 3990 την
303 3919 645 3983 ἀπολλύντες
662 3919 751 3972 διὰ
775 3919 1051 3990 ῥᾳθυμίας
1084 3909 1184 3972 καὶ
1222 3919 1485 3988 ἀμελείας
1509 3919 1608 3986 τῆς
1649 3917 1758 3969 τῶν

173 4013 358 4066 κακῶν
392 4023 422 4050 η
483 4012 777 4079 ἐργασίας,
837 4011 927 4063 διὰ
980 4011 1297 4080 μετανοίας,
1348 4013 1445 4064 καὶ
1496 4012 1594 4081 τῆς
1648 4010 1758 4061 τῶν

170 4105 424 4173 δακρύων
459 4104 647 4172 πηγῆς
688 4104 1177 4172 ἀπολαμϐάνομεν.

244 4218 263 4250 ι
312 4199 632 4269 Ἐταράχθη
684 4198 796 4251 ἀπὸ
839 4197 1015 4267 θυμοῦ
1045 4201 1074 4252 ό
1103 4198 1387 4267 ὀφθαλμός
1433 4217 1534 4269 μου
1565 4217 1578 4228 ο
1623 4202 1759 4252 ἐπα-

171 4286 413 4358 λαιὼθην
452 4290 512 4341 ἐν
549 4290 684 4339 πᾶσι
714 4289 824 4349 τοῖς
855 4285 1072 4355 ἐχθροῖς
1105 4303 1229 4356 μου.
1262 4307 1280 4336 ι
1315 4288 1598 4351 Τουτέστι,
1627 4289 1759 4339 Συν-

171 4379 406 4447 ηὕξησα,
459 4380 813 4446 συνεγήρασα
837 4381 1043 4440 πάσαις
1078 4381 1198 4440 ταῖς
1233 4380 1550 4448 ἁμαρτίαις.
1588 4380 1760 4432 Τοῦτο

170 4470 278 4538 γὰρ
308 4469 470 4538 δηλοῖ
508 4467 589 4537 τῷ
628 4470 839 4519 εἰπεῖν’
880 4487 898 4519 ι
954 4467 1333 4538 Ἐπαλαιώοην
1367 4471 1423 4521 ἐν
1455 4471 1589 4521 πᾶσι
1643 4471 1756 4531 τοῖς

1864 3286 1972 3339 dixi
2030 3302 2042 3337 :
2095 3284 2321 3338 Lavabo.
2382 3283 2850 3349 Quemadmodum
2911 3285 3056 3337 enim
3115 3300 3211 3354 per
3243 3300 3440 3351 aquam

1861 3378 1914 3430 in
1959 3376 2229 3441 baptismo
2259 3376 2615 3435 renascimur,
2648 3375 2729 3428 sic
2778 3389 2872 3442 per
2903 3377 3172 3443 larrymas
3201 3390 3266 3426 ac.
3293 3389 3441 3426 rom-

1860 3470 2203 3535 punt-tiouem
2229 3480 2426 3519 novum
2452 3465 2736 3534 baptizati,
2768 3465 3110 3518 inundamur.
3143 3466 3436 3526 (Laterum,

1862 3575 2035 3624 llr-que
2068 3557 2392 3623 baptismus,
2424 3570 2600 3623 neque
2667 3556 3029 3624 lacrytnarum
3065 3559 3438 3621 compnnctio,

1860 3649 2020 3699 datur
2071 3649 2275 3713 absque
2326 3646 2532 3714 Spiritu
2565 3657 2774 3700 saneto.
2810 3646 2919 3701 Nec
2977 3648 3194 3701 mireris
3228 3667 3241 3700 :
3274 3665 3436 3715 quam

1865 3739 2008 3790 enim
2049 3737 2285 3789 infantes
2347 3738 2402 3790 in
2436 3737 2708 3805 baptismo
2750 3752 2887 3806 aqua
2956 3738 3165 3792 intincti
3209 3741 3438 3808 gratiam

1871 3828 2190 3894 accipimus,
2217 3842 2336 3881 eam
2364 3842 2459 3893 per
2489 3831 2778 3895 segnitiem
2817 3831 3100 3889 amissam,
3137 3846 3200 3884 ae
3259 3833 3440 3899 negle-

1862 3929 2008 3970 ctum
2028 3917 2286 3984 opt-randi
2306 3917 2469 3981 bona,
2489 3934 2586 3984 per
2605 3920 2980 3987 pteniteutiam
2995 3937 3059 3976 ae
3075 3923 3438 3993 Iaerymarum

1865 4011 2064 4062 fontem
2097 4011 2411 4078 recipimus.

1937 4211 1952 4240 ι
1994 4189 2270 4242 Turhatus
2299 4201 2382 4244 est
2413 4208 2440 4242 a
2478 4190 2661 4244 furore
2691 4193 2884 4247 oculus
2914 4209 3063 4249 meus
3093 4214 3107 4261 ;
3145 4196 3437 4250 inveteravi

1863 4283 2004 4335 inter
2038 4297 2225 4336 omnes
2261 4283 2510 4336 inimicos
2558 4297 2728 4337 meos.
2775 4304 2794 4336 ι
2829 4283 2942 4338 lloc
2972 4295 3054 4340 est
3098 4305 3110 4340 :
3161 4290 3329 4341 Annis
3378 4305 3441 4340 ae

1860 4385 2016 4426 aetate
2045 4374 2296 4440 provexi;
2331 4376 2592 4428 consenui
2624 4375 2676 4428 in
2704 4377 2956 4431 omnibus
2992 4381 3124 4432 meis
3180 4383 3436 4448 peccatis.

1863 4471 1973 4524 ΙΙορ
2031 4473 2171 4523 enim
2208 4471 2273 4524 iis
2326 4471 2509 4526 verbis
2563 4471 2834 4539 signiﬁcat
2880 4491 2948 4525 τι
2997 4472 3293 4528 luveteravi
3349 4476 3437 4526 iu-

169 4560 382 4629 ἐχθροῖς
441 4576 573 4627 μου.
626 4578 644 4608 ι
676 4559 768 4609 Διὸ
831 4559 926 4611 καὶ
988 4560 1372 4612 πεπαλαίωκαι
1427 4560 1576 4629 παρὰ
1641 4563 1752 4623 τοῖς

1864 4573 1943 4614 ter
1990 4577 2182 4616 omnes
2275 4563 2525 4615 inimicos
2583 4577 2756 4617 meos.
2801 4582 2820 4614 ι
2863 4563 3226 4629 Quamobrem
3271 4566 3435 4619 etiam

167 4653 384 4721 ἐχθροῖς
402 4652 721 4718 γενόμενος,
746 4652 932 4703 ἐκεῖνα
950 4651 1208 4720 πράττειν
1228 4651 1696 4721 προκαλούμενος,
1717 4652 1753 4704 ἃ

167 4741 256 4793 τὸν
285 4741 388 4810 τῆς
411 4741 598 4809 ψυχῆς
623 4737 857 4791 θάνατον
883 4739 1157 4809 προξενεῖ,
1193 4742 1288 4792 καὶ
1309 4741 1409 4810 τὴν
1445 4741 1753 4793 παλαίωσιν

167 4835 508 4902 ὑπογράφει,
544 4832 644 4900 τὴν
702 4832 809 4883 ἀπὸ
836 4830 931 4882 τοῦ
983 4832 1190 4899 φαύλου
1249 4832 1366 4900 βίου
1407 4831 1752 4900 ἐπιγίνεσθαι

169 4925 589 4994 συμϐαίνουσαν
617 4938 630 4950 ο
659 4917 726 4992 ἦς
753 4923 848 4973 καὶ
879 4923 987 4984 πᾶς
1021 4923 1433 4992 ἐκκαθαρθῆναι
1472 4924 1548 4992 μὴ
1585 4922 1756 4974 σπεύ-

167 5033 286 5082 σας,
310 5016 590 5070 ἀδύνατον
618 5013 1016 5068 ἐπενδύσασθαι
1062 5015 1155 5067 τὸν
1206 5015 1395 5068 καινὸν
1441 5015 1753 5084 ἄνθρωπον,

165 5108 236 5173 ῶς
283 5126 459 5179 φησιν
495 5110 525 5160 ὁ
577 5106 922 5168 ’Λπόστολος,
965 5126 983 5157 ι
1022 5107 1115 5160 τὸν
1167 5108 1632 5177 ἀνακαινούμενον
1676 5107 1756 5177 τῷ

166 5195 452 5272 πνεύματι
491 5199 588 5252 τοῦ
619 5199 758 5262 νοός.
804 5216 821 5249 ι
865 5199 1006 5251 Ἀλλ’
1028 5202 1152 5270 ὅρα,
1203 5201 1343 5269 μετὰ
1379 5201 1480 5272 τὴν
1531 5202 1755 5270 χρονίαν

165 5296 220 5347 ἐν
253 5292 568 5365 ἁμαρτίαις
603 5291 909 5344 παλαίωσιν
936 5307 948 5319 ·
1002 5292 1144 5360 μετὰ
1181 5293 1282 5361 τὴν
1348 5295 1407 5344 ἐν
1443 5294 1590 5363 πάσῃ
1623 5295 1749 5346 dvo-

168 5390 265 5460 μίᾳ
300 5387 644 5457 συμϐίωσιν,
671 5383 786 5446 πῶς
819 5385 922 5436 οὑκ
967 5386 1192 5452 ἀπέγνω
1227 5385 1424 5438 ἑαυτοῦ
1472 5387 1499 5438 ὁ
1533 5387 1752 5456 Προφή-

162 5499 260 5550 της
292 5498 304 5510 ·
333 5482 452 5534 οὐδ’
473 5480 758 5548 ἀπήλπισε
790 5479 853 5529 τὸ
873 5477 1024 5540 ἔλεος
1051 5478 1146 5531 τοῦ
1178 5479 1335 5532 Θεοῦ.
1385 5478 1512 5534 Οὐδ’
1563 5479 1753 5543 ἐξέδω-

235 5597 278 5628 "
306 5594 511 5650 Matth.
540 5607 666 5652 xxv,
698 5592 748 5645 1.

232 5670 275 5699 ’δ
309 5666 486 5720 lCor.
515 5679 610 5730 xv,
639 5664 728 5717 52.

827 5592 870 5624 "
899 5592 1058 5646 Prov.
1080 5609 1205 5657 xxv,
1239 5593 1329 5649 9.7.

805 5663 849 5694 "
875 5663 1055 5718 Eccle.
1095 5680 1189 5730 vit,
1232 5667 1320 5718 4t).

1405 5598 1449 5628 '°
1487 5596 1586 5648 lsa.
1625 5612 1710 5661 XL,
1751 5595 1802 5648 θ.

1433 5668 1476 5697 ν
1506 5666 1647 5718 l’sal.
1691 5682 1854 5722 cxxv.
1890 5665 1943 5719 5.
1975 5665 2027 5716 ϋ.

1860 4654 2156 4707 inveteravi
2185 4655 2322 4721 apud
2347 4655 2595 4708 inimicos
2648 4669 2836 4721 agens,
2877 4658 3298 4723 provocantibus
3330 4659 3436 4710 illis

1857 4761 2071 4813 semper
2095 4760 2277 4812 agere,
2310 4761 2430 4812 qme
2481 4746 2652 4802 animi
2689 4756 2921 4801 mortem
2959 4745 3213 4804 all‘erunt.
3242 4764 3304 4801 ac
3341 4764 3434 4798 ve-

1860 4847 2114 4891 tustatem
2175 4837 2343 4899 illam,
2398 4853 2519 4904 qua:
2580 4852 2609 4889 a
2659 4838 2797 4889 mala
2846 4839 2954 4890 vita
3009 4839 3225 4907 adgigui
3279 4841 3433 4899 solet,

1859 4931 2150 4998 designans
2187 4947 2199 4980 :
2235 4946 2262 4982 a
2300 4945 2402 4997 qua
2438 4929 2688 4997 quisquis
2713 4931 2999 4982 emundari
3064 4947 3167 4982 non
3207 4932 3438 4983 sollicite

1858 5034 2030 5087 curat,
2057 5023 2470 5089 haudquaquam
2489 5038 2685 5075 novum
2704 5022 2975 5076 hominem
2999 5033 3171 5089 potest
3189 5025 3434 5086 induere,

1857 5115 1971 5182 qui,
2012 5124 2069 5165 nt
2117 5115 2407 5180 Apostolus
2449 5113 2548 5176 ait,
2599 5130 2617 5164 ι
2681 5124 2977 5167 renovatur
3034 5115 3230 5181 Spiritu
3288 5131 3438 5168 nien-

1859 5206 2010 5260 tis".
2056 5224 2074 5256 ι
2128 5203 2262 5258 Vide
2308 5215 2511 5267 autem,
2546 5213 2604 5256 ut
2649 5215 2772 5273 post
2822 5204 3035 5272 longam
3094 5208 3145 5258 in
3194 5207 3437 5274 peccatis

1860 5298 2282 5358 veteratiouem,
2308 5305 2425 5364 post
2462 5297 2629 5349 vitam
2663 5297 2714 5349 in
2745 5298 2892 5349 omni
2927 5298 3213 5363 iniquitate
3261 5307 3436 5349 trans-

1861 5402 2056 5453 actam,
2109 5388 2242 5441 nihil
2289 5387 2552 5455 propheta
2603 5389 2845 5440 animum
2911 5389 3281 5456 desponderit,
3344 5399 3438 5440 aut

1865 5482 1930 5531 de
1959 5479 2048 5530 Dei
2089 5477 2465 5531 misericordia
2520 5476 2724 5532 dillisus
2753 5476 2846 5539 sit,
2876 5476 2958 5528 vel
3005 5491 3127 5528 sese
3172 5477 3436 5529 socci-dim.

1881 5595 1922 5624 "
1957 5593 2105 5649 Psal.
2137 5609 2232 5654 cu,
2270 5592 2354 5646 Η.
2433 5593 2478 5624 "
2503 5591 2647 5646 Psal.
2680 5607 2752 5657 Cl,
2791 5593 2877 5645 12.
2952 5593 2997 5624 ⁸³
3029 5592 3206 5646 Eeele.
3237 5608 3333 5654 xu,
3379 5591 3429 5644 4.

1890 5665 1943 5718 5.
1975 5665 2027 5716 ϋ.
2146 5665 2188 5696 ’⁷
2226 5664 2427 5718 thcs.
2478 5679 2553 5718 tv.
2597 5663 2690 5717 ‘25.

2270 5677 2427 5735 pnes.
2478 5679 2553 5730 iv,
2597 5677 2690 5717 za.

1467 5759 1697 5814 VARI/li
1735 5758 2136 5815 LECTIONES.

229 5839 256 5869 Β
297 5830 432 5900 Leg.
464 5826 672 5880 καλῶν.

489 5924 767 5987 Ριτποι..
811 5922 925 5978 Gn.
949 5918 1273 5979 LXXXIX.

2953 5901 3058 5976 ’36
