4190 6438
737 433 862 497 1131

735 658 838 699 tem
865 665 877 698 :
900 661 995 712 per
1058 645 1128 695 lat
1147 657 1321 711 rymas
1347 641 1672 694 emundatus
1696 642 1789 700 sit,
1819 655 1882 692 ac
1933 656 2028 708 per
2087 638 2297 693 confes-

733 742 938 790 sionem
963 738 1313 803 justilicattts.
1350 733 1474 788 ll;ce
1529 732 1617 786 ille
1644 735 1752 800 egit
1805 731 2138 798 pmuitentize
2169 741 2302 783 tem-

735 845 885 898 pore,
915 844 1032 895 qtttc
1062 840 1110 881 et
1146 827 1244 894 ipsi
1272 839 1462 880 omnes
1490 825 1542 878 in
1576 825 1691 892 ipsa
1729 839 2016 892 possumus
2046 832 2306 891 pra-stare

736 931 1036 973 senectute.
1060 922 1318 983 Quzutatn
1355 916 1479 968 illa?
1511 931 1692 979 orare,
1719 931 1955 982 gemere,
1985 915 2140 977 ﬂere.
2176 931 2303 968 con-

738 1011 898 1064 liteti.
919 1011 1070 1075 Quod
1099 1011 1140 1062 δί
1173 1010 1336 1063 etiatn
1371 1009 1452 1061 vis
1483 1011 1624 1062 scire
1651 1008 1778 1076 quid
1813 1008 1967 1060 noltis
2000 1008 2120 1060 inde
2152 1022 2304 1061 acce-

736 1105 848 1161 dat,
881 1101 1002 1151 attdi
1037 1117 1156 1168 qua:
1192 1111 1512 1164 sequuntur.
1541 1098 1676 1152 Cum
1737 1100 1994 1153 dixisset:
2033 1118 2048 1150 I
2093 1101 2304 1153 lnvete-

741 1187 854 1237 ravi
895 1187 1037 1237 inter
1064 1200 1253 1238 omnes
1286 1185 1540 1238 inimicos
1579 1201 1747 1250 meos,
1787 1207 1804 1236 ι
1850 1198 1983 1250 tum,
2018 1192 2306 1242 accedente

737 1276 1082 1342 pcenitentia,
1117 1275 1352 1327 divinam
1399 1276 1450 1328 in
1494 1291 1553 1330 se
1597 1277 2014 1332 illustrationent
2043 1280 2302 1342 sentiens,

742 1368 924 1419 hostes
965 1367 1220 1434 deinceps
1262 1384 1384 1420 cum
1435 1379 1704 1436 potestate
1760 1371 2029 1438 increpat,
2069 1373 2253 1425 dicens
2291 1391 2302 1425 τ

814 1545 1137 1598 Disreditea
1189 1563 1294 1609 tne,
1339 1562 1530 1599 omnes
1575 1548 1664 1612 qui
1701 1547 2002 1614 operamini
2051 1549 2308 1616 iniquita-

743 1645 872 1688 tem.
925 1655 941 1686 ι
987 1637 1093 1690 lloe
1125 1649 1207 1689 est
1261 1655 1272 1689 :
1329 1637 1636 1702 Altscedilc,
1697 1649 1924 1700 cessate,
1961 1639 2306 1702 erubescite;

747 1746 764 1776 ι
816 1728 1070 1793 quoniam
1102 1728 1378 1780 exaudivit
1428 1729 1686 1781 Dominus
1726 1743 1907 1782 vocem
1973 1729 2129 1784 ﬂetus
2161 1733 2304 1793 tttei;

740 1819 1017 1871 exaudivit
1057 1818 1319 1872 Dominus
1376 1820 1812 1887 deprecationem
1876 1837 2087 1885 meam;
2127 1824 2306 1875 Domi-

745 1927 843 1963 nus
875 1913 1176 1964 orationent
1208 1929 1380 1966 nteant
1424 1915 1679 1980 suscepit.
1710 1914 2048 1968 Erttltescant
2085 1927 2138 1969 et
2181 1931 2309 1970 con-

745 2004 1032 2054 tnrbcntnr
1070 2022 1260 2056 omnes
1311 2005 1511 2057 inimici
1557 2006 1658 2057 ntei
1703 2019 1716 2057 :
1751 2017 2064 2060 avertantur
2089 2020 2143 2060 et
2181 2023 2309 2061 eru-

748 2099 967 2151 bescant
1004 2098 1158 2150 valde
1189 2099 1461 2151 velociter.
1512 2117 1529 2148 ι
1559 2099 1808 2153 Vidistin'
1837 2100 2197 2169 lacryntarunt
2221 2121 2313 2172 po-

749 2189 1007 2240 tentiam?
1035 2188 1258 2241 Vidistin
1301 2190 1657 2244 confessionis
1672 2192 1938 2246 fructum?
1961 2194 2210 2249 V'idistin‘
2234 2198 2312 2249 in-

748 2280 1134 2332 veteratiottent
1167 2281 1219 2331 in
1251 2285 1396 2332 omni
1429 2292 1776 2348 peccatorum
1807 2301 2032 2353 genere,
2059 2299 2220 2356 atque
2247 2305 2314 2342 ex

751 2369 820 2423 iis
881 2371 1484 2436 rcgenerationenﬂNe
1549 2374 1676 2425 mihi
1723 2389 1852 2442 ergo
1907 2376 2018 2444 jam
2071 2379 2311 2431 dixeris:

752 2461 929 2513 Senex
983 2477 1141 2524 sunt;
1193 2462 1440 2515 inlirntus
1495 2480 1656 2528 sunt;
1697 2467 2022 2532 inveteravi;
2071 2471 2123 2523 itt
2171 2472 2314 2524 omni

752 2562 976 2619 peccato
1027 2554 1282 2605 consuevi
1327 2570 1339 2602 :
1396 2569 1493 2606 nec
1543 2569 1762 2622 possunt
1811 2560 2044 2626 amplius
2089 2561 2180 2615 Dei
2235 2563 2313 2614 fa-

752 2657 876 2694 cere
906 2644 1191 2706 mandata;
1252 2659 1316 2697 ne
1373 2646 1500 2712 quid
1554 2647 1684 2699 milii
1746 2650 1996 2717 deinceps
2055 2652 2316 2718 ejusmodi

754 2733 991 2793 dixeris;
1031 2748 1126 2785 nec
1168 2733 1311 2785 aliud
1372 2735 1664 2802 quidquam
1728 2742 2048 2794 excusanda:
2079 2744 2319 2798 dilationi

755 2824 819 2874 ad
853 2833 1166 2889 praetextmn
1193 2825 1496 2890 protuleris.
1529 2825 1662 2879 Nam
1691 2830 1872 2882 statim
1894 2832 1987 2884 tilti
2018 2838 2317 2901 ostendant,

756 2924 815 2966 ttt
847 2916 898 2965 in
926 2915 1038 2981 ipsa
1093 2926 1393 2980 senectute,
1455 2917 1648 2970 melius
1699 2936 1861 2987 quant
1915 2921 1968 2974 itt
2018 2923 2318 2992 juventttte,

758 3007 1006 3057 mandata
1047 3021 1268 3060 servare
1299 3009 1496 3076 possis.
1545 3009 1695 3079 llogo
1751 3015 1893 3064 enim
1940 3023 2026 3076 te,
2058 3031 2321 3083 quosnam

759 3104 1035 3171 Scriptura
1063 3109 1250 3159 beatos
1292 3109 1571 3175 praedicat,
1616 3125 1740 3163 cunt
1781 3113 1901 3166 ait:
1943 3132 1960 3163 ι
2008 3113 2159 3167 Beati
2191 3131 2325 3182 pau-

1937 438 1995 494 S.
2041 433 2435 494 ANASTASII
2477 433 2800 491 Sl.\'.\lT.1€

734 553 1000 606 dediderit
1031 568 1040 578 ·
1085 553 1176 601 sed
1205 563 1296 617 per
1325 547 1798 615 compunctionem
1825 546 2050 613 adeptus
2069 547 2138 598 sit
2159 545 2304 598 saluo
2335 573 2344 601 λ

2420 558 2502 592 cev
2546 544 2739 593 ἑαυτὸν
2787 543 2864 602 εἰς
2927 538 3206 608 ῥαθυμίαν
3239 555 3251 568 ·

3304 539 3438 591 ἀλλὰ
3487 539 3572 590 διὰ
3640 539 4000 602 κατανύξεως

2409 632 2609 701 ἐσώθη,
2637 633 2725 684 διά
2769 631 3025 702 δακρύων
3067 631 3375 701 ἐκαθάρθη,
3418 631 3511 682 καὶ
3545 631 3614 682 δι’
3657 632 3999 700 ἐξομολογή-

2410 741 2546 785 σεως
2568 725 2885 791 ἐδικαιώθη.
2924 723 3112 780 Ταῦτα
3143 723 3383 792 ποιήσας
3433 725 3490 775 ἐν
3545 722 3623 791 τῷ
3661 723 3764 790 τῆς
3821 740 3998 792 μετα-

2408 816 2555 877 νοίας
2579 814 2775 882 καιρῷ,
2805 815 2948 884 ἅπερ
2982 815 3227 876 ἅπαντες
3275 814 3370 865 καὶ
3404 815 3566 883 ήμεῖς
3606 816 3663 866 ἐν
3719 815 3870 882 αὐτῷ
3916 814 3999 882 τῷ

2409 910 2557 975 γήρα
2595 909 2772 959 ποιεῖν
2809 907 3112 976 δυνάμεθα.
3139 908 3272 958 Τίνα
3304 906 3509 970 ταῦτα;
3547 906 3831 976 δεηθῆναι,
3865 923 3994 958 στε-

2409 998 2589 1064 νάξαι,
2622 1000 2913 1068 δακρῦσαι,
2947 1000 3483 1070 ἐξομολογήσασθαι.
3513 1002 3574 1052 Εἰ
3604 1003 3660 1053 δὲ
3689 1002 3784 1052 καὶ
3829 1001 3880 1051 τί
3931 1001 3998 1052 ἐκ

2408 1091 2612 1143 τούτων
2632 1094 2764 1160 ἡμῖν
2791 1094 3192 1162 προγενήσεται
3219 1092 3396 1154 θέλεις
3423 1093 3617 1160 μαθεῖν
3636 1132 3650 1154 ,
3681 1094 3849 1146 ἄκουε
3881 1093 3995 1144 τῶν

2409 1185 2554 1251 ἑξῆς.
2596 1185 2798 1247 Εἰπὼν,
2861 1204 2878 1234 ι
2921 1185 3304 1255 Ἐπαλαιώθην
3339 1187 3395 1238 ἐν
3443 1189 3579 1238 πᾶσι
3624 1189 3736 1249 τοῖς
3770 1187 3994 1254 ἐχθροῖς

2412 1293 2513 1343 μου
2545 1291 2559 1304 ·
2599 1295 2615 1326 t
2666 1274 2786 1329 εἶτα
2822 1278 2918 1346 τῆς
2985 1279 3277 1345 μετανοὶας
3334 1277 3650 1345 γινομένης,
3706 1281 3764 1331 ἐν
3805 1279 3993 1346 ἐαυτῷ

2411 1368 2561 1430 θείας
2591 1369 2914 1438 ἐλλάμψεως
2935 1370 3354 1439 αἰσθανόμενος,
3387 1373 3618 1441 ἐπιτιμᾷ
3651 1372 3836 1424 λοιπὸν
3875 1375 3991 1434 τοῖς

2412 1459 2739 1528 πολεμοῦσιν
2769 1463 2929 1514 αὑτὸν
2963 1464 3081 1530 μετ’
3110 1463 3358 1528 ἐξουσίας
3387 1465 3481 1515 καὶ
3512 1463 3660 1530 λέγει
3685 1482 3698 1494 ·

2486 1569 2504 1600 ι
2555 1553 2853 1622 Ἀπόστητε·
2879 1555 2975 1605 ἀπ’
2999 1554 3134 1624 ἐμοῦ
3161 1556 3360 1617 πάντες
3388 1556 3438 1607 οἱ
3492 1557 3851 1624 ἐργαζόμενοι
3892 1555 3996 1624 τὴν

2411 1643 2679 1710 ἀνομίαν·
2719 1663 2736 1694 t
2779 1646 3094 1707 τουτέστιν,
3133 1648 3519 1716 Ἀναχωρεῖτε,
3563 1647 3869 1708 παύσασθε,
3906 1650 3994 1699 αἱ·

2413 1733 2829 1801 σχύνθητεοὸτι
2893 1735 3184 1802 είσήκουσε
3233 1736 3438 1804 Κύριος
3489 1739 3588 1806 τῆς
3649 1736 3837 1804 φωνῆς
3898 1736 3994 1788 τοῦ

2413 1827 2692 1895 κλαυθμοῦ
2728 1846 2830 1897 μου
2864 1845 2876 1856 ·
2939 1830 3136 1898 1ήκουσε.
3177 1830 3380 1900 Κύριος
3414 1832 3516 1899 τῆς
3555 1832 3793 1900 δεήσεώς
3845 1849 3989 1901 μου’

2415 1921 2617 1989 Κύριος
2646 1922 2744 1990 τήν
2780 1925 3095 1994 προσευχήν
3154 1943 3256 1995 μου
3309 1926 3692 1995 προσεδέξατο.
3748 1931 3990 1996 Αἰσχυν-

2413 2013 2638 2078 θείησαν
2684 2016 2779 2065 καὶ
2825 2017 3230 2086 ταραχθείησαν
3289 2019 3493 2080 πάντες
3530 2019 3578 2070 οἱ
3625 2019 3812 2088 ἐχθροί
3849 2037 3952 2088 μου
3979 2038 3992 2050 ·

2415 2101 2901 2173 ἀποστραφείησαν
2977 2105 3071 2157 καὶ
3155 2108 3687 2176 καταισχυνθείησαν
3778 2109 3995 2178 σφόδρα

2414 2191 2719 2259 διατάχους.
2760 2211 2777 2242 t
2814 2189 2971 2256 Εἶδες
3024 2194 3134 2247 τῶν
3171 2195 3423 2266 δακρύων
3455 2196 3554 2266 τὴν
3609 2197 3792 2265 ίσχύνς
3839 2195 3995 2259 Εἶδες

2415 2282 2516 2348 τῆς
2544 2283 2990 2353 ἐξομολογήσεως
3017 2286 3110 2338 τὸν
3137 2287 3383 2354 καρπόνς
3417 2282 3573 2348 Είδες
3609 2287 3705 2356 τὴν
3745 2288 3805 2338 ἐν
3842 2288 3997 2358 πάσῃ

2418 2377 2667 2446 ἁμαρτίᾳ
2713 2376 3037 2441 παλαίωσιν,
3084 2377 3178 2430 καὶ
3221 2378 3614 2446 ἁναγέννησιν;
3664 2378 3872 2431 Οὐκοῦν
3918 2381 3995 2448 μή

2421 2481 2510 2534 μοι
2537 2471 2700 2536 εἴπῃς
2726 2485 2739 2498 ·
2767 2468 2947 2535 Γέρων
2979 2468 3117 2538 εἰμὶ,
3159 2469 3395 2538 ἀσθενής
3430 2471 3567 2538 εἰμι,
3618 2470 3995 2537 ἐπαλαιώθην,

2423 2559 2659 2626 συνήθης
2692 2558 2962 2627 ἐγενόμην
2994 2560 3174 2628 πάσης
3231 2560 3507 2628 ἁμαρτίας
3536 2575 3552 2592 ο
3597 2560 3779 2612 λοιπὸν
3811 2561 3998 2612 οὐκέτι.

2419 2648 2655 2716 δύναμαι
2706 2649 2931 2716 ποιῆσαι
2998 2650 3098 2710 τὰς
3173 2651 3394 2712 ἐντολὰς
3432 2649 3529 2701 τοῦ
3583 2649 3738 2704 θεοῦ.
3810 2651 3999 2717 Μηδὲν

2421 2740 2660 2792 τοιοῦτον
2695 2740 2961 2811 λαλήσῃς,
2999 2740 3134 2810 μηδέ
3172 2757 3226 2793 τι
3256 2741 3382 2794 ἄλλο
3418 2759 3506 2810 μοι
3523 2742 4000 2812 προφασιζόμενος

2420 2834 2518 2902 τὴν
2544 2832 2848 2900 άναῦολὴν,
2905 2834 3266 2902 προενέγκῃς.
3306 2833 3462 2886 Ἐπεὶ
3503 2833 3710 2894 εὐθέως
3761 2833 3842 2883 σοὶ
3889 2832 3999 2884 δεί-

2425 2941 2611 2990 κνυμι,
2633 2924 2711 2975 δτι
2744 2923 2837 2974 ἐὰν
2858 2923 3018 2989 μόνον
3037 2922 3293 2993 θελήσῃς,
3315 2924 3372 2974 ἐν
3400 2922 3550 2992 αὐτῷ
3580 2922 3659 2990 τῷ
3676 2922 3825 2990 γήρα
3854 2922 3998 2990 ὑπὲρ

2424 3013 2521 3082 τὴν
2547 3014 2771 3082 νεότητα
2799 3013 3033 3080 φυλάξαι
3056 3013 3124 3065 τά
3158 3014 3556 3082 προστάγματα
3587 3012 3814 3081 δυνήσῃ.
3858 3012 3998 3064 Εἰπὲ

2427 3107 2533 3175 γάρ
2583 3124 2673 3174 μοι
2708 3145 2723 3170 ,
2767 3107 2917 3167 τίνας
2963 3107 2991 3158 ὁ
3034 3104 3190 3172 λόγος
3227 3104 3553 3175 μακαρίζεις
3595 3123 3612 3154 ι
3639 3103 3918 3171 Μακάριοι
3950 3103 4000 3154 οι

759 3211 914 3265 percs
938 3198 1127 3262 spiritu
1154 3199 1222 3254 ’⁸.
1273 3216 1290 3248 ›
1321 3198 1484 3252 Plane
1519 3201 1759 3254 dicturus
1783 3216 1843 3256 es
1869 3221 1882 3255 :
1916 3202 2041 3266 Eos,
2068 3205 2158 3270 qtti
2194 3214 2324 3257 sunt

2427 3201 2655 3268 πτωχοὶ,
2679 3199 2875 3266 λέγων,
2906 3197 2983 3268 τῷ
3013 3197 3315 3267 πνεύματι;
3363 3216 3382 3248 t
3423 3199 3646 3258 Πάντως
3675 3199 3842 3267 ἐρεῖς,
3871 3195 4002 3257 τοὺς

758 3305 921 3343 sensu
940 3291 1175 3342 demisso
1193 3299 1353 3356 atque
1379 3290 1593 3343 humili.
1630 3290 1983 3355 Quandonam
2047 3310 2175 3348 vero
2227 3311 2323 3348 no-

759 3381 846 3432 ltis
899 3380 1190 3432 demissior
1249 3394 1442 3434 sensus
1496 3397 1559 3435 ac
1595 3383 1891 3446 humilior;
1928 3385 1979 3437 in
2017 3385 2322 3452 juventute,

759 3488 826 3525 an
853 3472 905 3524 in
938 3473 1132 3526 senio?
1158 3473 1345 3526 Nonne
1379 3475 1549 3543 liquet
1575 3475 1628 3527 in
1654 3476 1850 3529 senio?
1886 3477 2097 3531 Etenim
2157 3480 2326 3534 fastus

738 3562 977 3633 ,quidant
1010 3577 1073 3616 ac
1099 3574 1275 3616 tumor
1297 3562 1568 3630 juventuti
1613 3569 1936 3635 eongenitus
1969 3579 2073 3623 est.
2104 3589 2122 3621 ι
2173 3572 2323 3627 Beati

759 3653 850 3720 qui
878 3653 1060 3719 lugent
1098 3653 1162 3704 ³⁸.
1204 3671 1222 3704 ι
1252 3653 1368 3717 Dic,
1405 3669 1532 3723 rogo
1566 3673 1578 3709 :
1615 3656 1882 3721 Quidnam
1937 3662 2002 3713 ad
2035 3661 2234 3714 luettnu
2263 3679 2325 3718 ae

760 3744 1230 3810 rompttnctionem
1274 3746 1579 3812 expeditius
1613 3759 1767 3813 putes
1805 3767 1816 3800 :
1870 3760 2225 3814 senectutem,
2257 3769 2322 3807 an

691 3882 695 3884 .
755 3831 1318 3896 juventutettt?Plane
1372 3835 1540 3898 dices,
1565 3845 1923 3891 senectutem.
1969 3857 1987 3889 ι
2034 3839 2180 3894 Beati
2226 3845 2325 3897 ttti-

762 3936 846 3976 tes
879 3924 946 3975 ³⁸.
997 3941 1014 3973 t
1062 3922 1253 3977 Nonne
1277 3925 1542 3979 universis
1572 3926 2323 4000 confessumestjuventutem

760 4017 914 4066 senio
937 4015 1320 4082 promptiorem
1352 4030 1493 4079 esse,
1518 4032 1579 4068 ac
1611 4017 1822 4070 facilius
1842 4018 2097 4073 labilem?
2128 4021 2325 4092 Liquet

761 4113 974 4158 saneut
1001 4105 1044 4156 si
1068 4106 1248 4156 omnia
1275 4106 1615 4173 expenderis,
1647 4108 1834 4174 majori
1864 4119 2194 4164 senectutem
2217 4129 2324 4179 pne

754 4194 1056 4260 juventute,
1118 4196 1460 4248 inventurum
1496 4205 1547 4249 lc
1603 4197 1669 4249 ad
1705 4198 1931 4251 salutent
1975 4201 2232 4264 subsidio,
2262 4218 2326 4258 ac

767 4286 856 4337 ltci
885 4286 1239 4339 observandis
1292 4288 1559 4340 mandatis
1597 4291 2057 4356 comparationem
2089 4293 2321 4347 ellicere.

767 4373 836 4428 lit
874 4391 1002 4429 vero
1035 4379 1212 4429 resita
1239 4377 1450 4436 Italteat.
1473 4379 1673 4445 accipe.
1716 4379 1936 4447 Vigente
1957 4393 2136 4446 aetate,
2173 4401 2326 4438 amor

764 4483 1053 4534 corporum
1087 4468 1312 4521 validius
1346 4469 1586 4532 infestat,
1614 4485 1674 4522 ac
1700 4473 1978 4525 molestius
2012 4477 2324 4530 exardescit

763 4557 1056 4623 cupiditas,
1089 4556 1318 4610 avaritia
1346 4571 1582 4625 quoque,
1612 4569 1667 4610 et
1693 4559 1870 4614 inanis
1891 4562 2081 4630 gloria,
2105 4575 2157 4617 et
2175 4567 2321 4632 gula,
2349 4542 2402 4601 Ῑ)

767 4662 832 4699 ac
868 4647 1072 4715 reliqua
1107 4649 1235 4701 vitia
1285 4649 1490 4712 omnia,
1526 4658 1653 4703 tunc
1703 4667 1888 4706 rursus
1922 4655 2327 4724 impressionem

770 4737 1009 4796 laciunt,
1039 4746 1198 4802 atque
1235 4739 1567 4805 impugnant.
1607 4740 1683 4792 Ac
1720 4741 1859 4794 sicut
1899 4759 2019 4796 cum
2049 4745 2155 4798 duo
2189 4746 2328 4802 lucta

767 4827 1217 4897 congrediuntur,
1240 4829 1535 4882 imminutis
1548 4829 1701 4883 alteri
1723 4832 1929 4886 viribus
1953 4833 2089 4888 alter
2105 4839 2330 4892 omnino

768 4918 960 4971 fortior
1015 4917 1282 4971 invenitur
1313 4935 1327 4971 :
1358 4919 1436 4972 sic
1467 4920 1518 4972 itt
1572 4921 1750 4974 anima
1802 4937 1865 4975 ac
1919 4939 2164 4992 corpore.
2194 4927 2327 4981 Cum

768 5009 948 5062 carnis
976 5009 1300 5076 cupiditates
1354 5025 1418 5064 ac
1445 5012 1606 5075 vires,
1641 5027 1744 5066 non
1775 5030 1926 5082 atque
1976 5017 2026 5070 in
2057 5032 2334 5077 senectute

768 5110 932 5168 atque
956 5100 1298 5166 iujuvcntute
1323 5102 1552 5166 valeant,
1584 5103 1760 5172 plane,
1797 5115 1854 5158 ιιι
1883 5115 2008 5159 tunc
2052 5111 2228 5161 anima
2266 5113 2332 5164 ad

773 5193 863 5245 Dei
929 5193 1274 5257 exsequenda
1327 5193 1579 5245 mandata
1613 5196 1836 5248 excitari
1883 5197 2032 5260 velit,
2065 5201 2333 5262 potentior

770 5285 890 5336 erit.
928 5285 999 5336 Ea
1028 5294 1184 5336 :etate
1211 5286 1529 5352 propensior
1562 5287 1722 5340 habet
1749 5288 1814 5340 ad
1864 5293 2330 5357 compunctionent

773 5391 835 5428 ac
861 5376 1145 5444 lactyntas.
1172 5374 1337 5428 Porro
1369 5378 1635 5446 laerymas
1666 5380 1806 5441 dico,
1836 5395 1954 5447 qua:
1972 5381 2076 5432 Deo
2099 5397 2330 5436 consen-

776 5478 947 5520 tanea:
980 5480 1126 5522 suttt.
1171 5468 1302 5522 Nam
1357 5480 1480 5522 sunt
1511 5472 1671 5523 etiam
1735 5471 1985 5540 lacrynta:
2041 5476 2331 5539 naturales,

777 5559 962 5623 quales
990 5559 1219 5611 libamus
1299 5574 1460 5626 super
1521 5571 1788 5614 mortuos.
1821 5563 1958 5616 Sunt
2005 5574 2058 5614 et
2086 5564 2336 5634 lacrynta:

780 5651 1068 5711 Satanica‘,
1150 5665 1284 5716 quas
1375 5652 1590 5718 quidam
1668 5653 1915 5719 fundunt,
1992 5655 2074 5707 vel
2159 5655 2336 5711 inanis

852 5805 892 5832 "
938 5804 1122 5857 .‘lattlt.
1161 5820 1213 5864 v,
1247 5804 1299 5854 ὖ.
1377 5804 1419 5834 ’⁸
1455 5805 1582 5858 ίιηιι.
1615 5805 1666 5857 Ei.
1747 5804 1790 5833 ³⁸
1825 5803 1947 5856 iltid.
1994 5805 2044 5855 οί.

2424 3287 2521 3355 τὴν
2576 3287 2812 3339 διάνοιαν
2852 3287 3332 3355 κατεσταλμένους
3365 3288 3457 3339 καὶ
3496 3287 3809 3348 ταπεινούς.
3859 3287 3997 3339 Πότε

2425 3375 2520 3430 οὖν
2547 3378 2936 3446 ταπεινότερον
2981 3377 3140 3448 ήμῶν
3182 3379 3298 3430 ἐστι
3337 3377 3399 3429 τὸ
3451 3380 3708 3446 φρόνημα
3740 3393 3755 3406 ·
3786 3378 3844 3427 ἐν
3881 3377 4000 3427 v56-

2426 3487 2570 3540 τητι,
2603 3470 2636 3538 ἢ
2677 3472 2734 3521 ἐν
2775 3470 2952 3539 γήρας
2987 3470 3102 3520 Οὐκ
3134 3467 3356 3536 εὔδηλον
3385 3468 3468 3520 ὅτι
3509 3469 3567 3519 ἐν
3606 3469 3784 3537 γήρας
3849 3466 4001 3534 Σύμ-

2427 3578 2591 3628 φυτος
2622 3560 2732 3629 γάρ
2761 3561 2860 3628 τῆς
2887 3560 3142 3628 νεότητος
3171 3561 3199 3612 ὁ
3235 3559 3422 3626 τύφος.
3459 3577 3476 3610 ι
3509 3559 3788 3628 Μακάριοι
3803 3559 3851 3608 0i
3875 3574 4003 3609 πεν-

2428 3652 2666 3713 θοῦντες.
2705 3670 2723 3702 ι
2757 3652 2891 3704 Εἰπέ
2923 3651 2985 3721 δή
3024 3667 3150 3720 μοι,
3175 3650 3329 3703 ποῖόν
3364 3651 3480 3702 ἐστι
3523 3650 3661 3720 πρὸς
3679 3649 3878 3710 πένθος
3907 3648 4002 3700 καὶ

2428 3742 2721 3804 κατάνυξιν
2760 3741 3109 3813 ἑτοιμότερον
3134 3758 3150 3774 ο
3172 3741 3234 3794 τὸ
3276 3741 3478 3812 γῆρας.
3503 3741 3536 3809 ἢ
3570 3741 3602 3809 ἡ
3628 3739 3849 3808 νεότης;
3894 3739 3999 3790 Εὕ-

2426 3833 2585 3902 δηλον
2616 3833 2787 3886 ὅτιτὸ
2838 3834 3039 3902 γῆρας.
3099 3852 3118 3885 ι
3157 3834 3437 3900 Μακάριοι
3477 3833 3525 3884 οἱ
3557 3834 3773 3901 πραεῖς.
3815 3847 3834 3881 r
3871 3825 4002 3897 Ἆρ’

2426 3926 2548 3994 οὐχὶ
2577 3925 2780 3988 πάντες
2817 3926 3245 3995 ὁμολογήσουσιν
3279 3925 3544 3994 ὀξυτέραν
3595 3920 3734 3977 εἶναι
3765 3923 3862 3976 τοῦ
3897 3925 4000 3992 γή-

2429 4032 2536 4082 ρως
2552 4015 2651 4084 τὴν
2675 4016 2903 4084 νεότητα
2921 4017 3015 4068 καὶ
3035 4016 3421 4084 εὐέμπτωτονς
3443 4014 3679 4084 Εὔδηλον
3697 4015 3780 4066 δτι
3797 4011 4000 4076 οὕτως,

2426 4105 2522 4157 ἐὰν
2546 4106 2721 4158 πάντα
2752 4107 3119 4175 κατανοήσῃς,
3155 4106 3414 4175 εὑρήσεις
3430 4106 3491 4158 τὸ
3510 4105 3688 4174 γῆρας
3705 4105 3862 4174 παρὰ
3901 4105 4003 4174 τὴν

2427 4196 2652 4265 νεότητα
2686 4198 2983 4266 συνεργοῦν
3027 4213 3110 4249 σοι
3163 4197 3264 4264 τὴν
3321 4195 3617 4264 σωτηρέαν,
3660 4195 3754 4246 καὶ
3805 4195 4002 4262 ἐπιτη-

2425 4287 2694 4356 δειότερον
2720 4287 3143 4357 παρασκευάζον
3185 4287 3320 4356 πρὸς
3362 4287 3460 4354 τήν
3490 4287 3598 4337 τῶν
3649 4284 3880 4337 ἐντολῶν
3911 4302 4005 4351 φυ-

2427 4377 2618 4446 λακήν,
2663 4379 2770 4430 Καὶ
2801 4380 2969 4440 ὅπως,
3022 4377 3208 4430 ἄκουε.
3257 4377 3345 4429 Ἑν
3401 4377 3634 4444 νεότητι,
3677 4376 3772 4426 καὶ
3826 4379 3856 4427 ὁ
3894 4377 4006 4428 τῶν

2429 4469 2697 4536 σωμάτων
2723 4469 2860 4538 ἔρως
2897 4468 3256 4538 σφοδρότερον
3274 4465 3482 4534 ἐνοχλεί
3511 4483 3522 4496 ·
3557 4467 3650 4517 καὶ
3675 4466 3708 4533 ή
3733 4465 4006 4532 ἐπιθυμία

2426 4556 2807 4626 χαλεπώτερον
2840 4556 3203 4621 ἐξανάπτεται
3233 4555 3562 4624 ἐν’νεότητιο
3599 4553 3695 4605 κα)⁵
3735 4553 4006 4623 φιλαργυ-

2431 4646 2543 4712 ρία,
2578 4645 2672 4697 καὶ
2705 4645 3003 4711 κενοδοξία,
3037 4646 3133 4698 καὶ
3175 4644 3617 4714 γαστριμαργία,
3670 4642 3768 4694 καὶ
3817 4645 4003 4697 πάντα

2425 4737 2493 4789 τὰ
2521 4736 2684 4789 λοιπὰ
2715 4737 2884 4806 πάθη,
2917 4737 3083 4790 πάλιν
3121 4735 3427 4789 ἐπιτίθεται
3456 4736 3584 4788 τότε
3624 4736 3720 4788 καὶ
3741 4735 3999 4804 πολεμεῖ.

2427 4829 2538 4882 Καὶ
2568 4829 2817 4898 καθάπερ
2845 4828 2939 4881 δύο
2976 4827 3344 4890 παλαιόντων,
3377 4829 3473 4882 ἐὰν
3511 4822 3593 4889 εἷς
3639 4826 3944 4898 ἀσθενήσῃ,
3974 4829 4002 4879 ὁ

2427 4919 2612 4990 ἕτερος
2640 4921 2903 4988 κρείττων
2932 4920 3150 4982 πάντως
3175 4919 3494 4988 εὑρίσκεται
3517 4958 3531 4971 .
3563 4916 3737 4979 οὕτως
3772 4920 3867 4970 ἐπὶ
3902 4918 3998 4986 τῆς

2425 5009 2607 5081 ψυχῆς
2633 5013 2728 5064 καὶ
2749 5009 2842 5062 τοῦ
2870 5010 3122 5079 σώματος
3148 5027 3161 5041 ο
3186 5010 3296 5063 τῶν
3312 5009 3550 5078 ὀρέξεων
3579 5007 3807 5060 καὶτῶν
3843 5008 4000 5062 δυνά⁶

2432 5117 2578 5169 μεων
2613 5103 2713 5168 τῆς
2751 5100 2978 5169 σαρκὸς,
3014 5101 3076 5152 οὑ
3119 5101 3218 5170 τὴν
3257 5099 3381 5170 ῐσην
3428 5098 3670 5168 ἐχουσῶν
3721 5098 4002 5168 ἑκατέρων

2430 5195 2608 5262 ἰσχὺν,
2644 5193 2780 5262 πρός
2812 5210 2870 5245 τε
2899 5195 3076 5262 γῆρας
3105 5191 3243 5261 ὁμοῦ
3278 5192 3373 5244 καὶ
3421 5191 3650 5258 νεότητα
3673 5207 3688 5220 θ
3744 5189 3842 5241 ἐὰν
3869 5190 4004 5251 ὅλως

2432 5284 2668 5354 βουληθῇ
2706 5285 2738 5353 ἡ
2784 5284 2943 5354 ψυχὴ,
2975 5285 3110 5354 πρὸς
3166 5283 3434 5353 ἐργασίαν
3491 5279 3852 5346 διαναστῆναι
3895 5279 4004 5330 τῶν

2433 5379 2682 5438 ἐντολῶν,
2708 5379 2827 5430 τότε
2869 5378 3067 5446 μᾶλλον
3111 5377 3302 5444 ἰσχύει.
3345 5376 3478 5426 Τότε
3518 5373 3656 5440 πρὸς
3705 5371 4003 5434 κατάνυειν

2436 5471 2531 5523 καὶ
2557 5470 2766 5538 δάκρυά
2796 5471 2942 5522 ἐστιν
2976 5467 3309 5538 ἐπιρῤεπής.
3343 5465 3566 5531 Δάκρυα
3611 5462 3670 5514 δδ
3717 5462 3887 5528 λέγω,
3935 5462 4002 5512 τά

2435 5563 2579 5616 κατὰ
2611 5562 2763 5614 Θεόν.
2815 5563 2935 5614 Εἰσὶ
2973 5561 3080 5628 γὰρ
3121 5558 3331 5626 δάκρυα
3372 5555 3467 5606 καὶ
3505 5552 3732 5622 φυσικὰ,
3761 5546 3852 5604 οἷα
3891 5554 3998 5612 τοῖς

2438 5656 2652 5724 νεκροῖς
2695 5653 3094 5721 ἐπιστάξομενο
3154 5649 3260 5701 εἰσὶ
3297 5649 3510 5716 δάκρυα
3572 5645 3665 5698 καὶ
3702 5643 3996 5705 Σατανικὰ,
