4190 6438
188 413 328 473 1133

1362 421 1644 481 ORATIO
1686 422 1763 482 IN
1805 426 2168 488 PSALMUM
2207 431 2303 490 Vl.

3328 440 3464 505 1134

187 531 328 595 άπερ
355 527 554 594 τινὲςῆ
586 527 676 579 διὰ
715 529 1047 595 κενοδοξίαν,
1077 532 1109 599 ἢ
1146 529 1241 582 καὶ
1271 531 1449 602 ἔρωτα
1483 537 1764 589 Σατανικὺε

1891 543 2076 609 gloria:
2107 557 2293 611 causa,
2324 541 2626 600 velamoris
2666 547 2932 604 Satanici.
2965 548 3117 606 Sicut
3161 568 3292 618 ergo
3344 559 3462 610 alue

179 616 524 683 ἐπιχέουσιν.
570 618 786 688 Ὥσπερ
810 616 905 671 οὖν
949 619 1045 671 καὶ
1084 623 1148 672 ἐκ
1187 620 1360 690 μέθης
1415 625 1554 676 εἰσὶν
1611 624 1775 693 ἕτερα

178 711 423 776 δακρυα,
464 711 616 778 παρὰ
669 711 737 761 τὰ
767 712 1039 780 είρημένα
1067 727 1079 739 ·
1109 712 1254 764 οῦτω
1276 712 1340 780 δὴ
1372 714 1470 766 καὶ
1501 717 1565 767 ἐκ
1613 733 1780 784 μετα-

179 798 333 858 νοίας
370 797 582 866 δάκρυα
637 800 1011 861 κατανύξεως,
1055 801 1151 853 καὶ
1183 804 1244 853 ἐκ
1279 803 1448 869 φόϐου
1497 805 1656 869 Θεοῦ,
1685 806 1779 858 καὶ

179 891 398 944 ἐννοίας
434 891 692 954 θανάτου,
733 892 827 945 καὶ
853 896 1075 962 μνήμης
1107 895 1383 958 κολάσεως
1431 898 1563 966 ἡμῖν
1604 915 1776 966 προσ-

181 980 455 1047 γινόμενα
481 996 493 1009 ⁸
536 975 617 1043 οἷς
648 983 746 1034 ἐὰν
775 984 1142 1052 χρονίσωμεν,
1169 985 1558 1055 προκόπτομεν
1585 988 1778 1050 καὶείς

180 1070 251 1119 τα
290 1074 645 1138 πνευματικὰ
677 1073 890 1143 δάκρυα
911 1113 924 1135 ,
961 1076 1022 1127 οῦ
1064 1076 1254 1144 φόϐον,
1289 1077 1427 1128 ἀλλά
1448 1079 1613 1132 πόθον
1642 1080 1778 1148 πρὸς

181 1161 322 1211 θεὸν
356 1164 553 1231 ἔχοντα
580 1180 589 1189 ⁸
635 1165 826 1226 πόθεν,
862 1167 921 1230 ἐξ
947 1167 1271 1237 ἐλλάμψεως
1306 1169 1401 1221 τοῦ
1425 1171 1582 1238 ἁγίου
1607 1172 1776 1225 Πνεύ-

185 1269 360 1317 ματος
392 1255 798 1323 ἐντικτόμενον.

252 1428 538 1488 Τοιούτοις
559 1431 788 1500 δάκρυσι
817 1435 1166 1503 περιερρεῖτο
1193 1437 1220 1488 ό
1249 1439 1423 1504 λέγων
1455 1437 1594 1506 πρὸς
1616 1437 1770 1490 Θεόν·

187 1535 205 1567 ι
263 1519 570 1588 Ὶιζκολλήθη
606 1523 635 1589 ἡ
669 1521 813 1589 ψυχή
851 1541 952 1590 μου
987 1526 1166 1578 ὀπίσω
1202 1544 1316 1580 σου.
1354 1546 1369 1574 ι
1419 1529 1529 1580 Καὶ
1566 1529 1731 1582 πάλιν
1758 1547 1771 1561 °

186 1627 205 1659 ι
260 1611 569 1680 Ἐξεκαύθη
621 1615 652 1681 ἡ
697 1615 898 1683 καρδία
935 1633 1058 1684 μου,
1099 1619 1193 1670 καὶ
1229 1621 1276 1670 οἱ
1320 1623 1509 1689 νεφροί
1545 1639 1647 1690 μου
1679 1622 1770 1690 ἠλ-

183 1701 518 1772 λοιώθησαν.
559 1724 577 1756 ι
612 1706 742 1756 Καί·
775 1724 792 1756 ι
846 1707 905 1758 Ὀ
927 1710 1058 1770 θεὸς
1089 1710 1190 1777 τῆ,
1223 1712 1454 1780 καρδίας
1485 1731 1588 1782 μου
1615 1715 1711 1767 καὶ
1740 1717 1771 1785 ἡ

183 1794 346 1863 μερίς
389 1813 492 1862 μου
529 1797 556 1846 ὁ
586 1798 718 1859 θεὸς
753 1800 831 1860 εἰς
871 1799 962 1850 τὸν
1012 1799 1209 1854 αἰῶνα.
1267 1821 1284 1852 ›
1342 1805 1453 1856 Καὶ
1497 1806 1767 1874 ἀλλαχοῦ·

1884 632 2010 684 item
2039 633 2291 702 lacryma:
2319 645 2442 690 sunt
2469 651 2532 690 ex
2567 641 2851 704 ebrietate,
2887 655 3084 711 pra-ter
3109 644 3222 710 jam
3255 661 3463 698 memo-

1882 733 2059 788 ratas;
2087 726 2165 778 sic
2188 741 2321 780 sane
2339 735 2394 781 et
2423 744 2488 781 ex
2523 734 2861 797 pamitentia,
2899 750 3073 801 exque
3126 737 3321 788 timore
3347 739 3459 796 Ib'i,

1880 827 1933 868 et
1985 819 2179 872 mortis
2235 821 2589 888 cogitatione,
2617 837 2681 874 ac
2739 825 3128 892 suppliciorum
3178 832 3460 889 memoria,

1883 912 2323 977 compunctionis
2339 914 2602 966 accedunt
2631 914 2882 985 lacrytnze
2909 935 2923 972 :
2957 919 3010 970 in
3038 919 3234 985 quibus
3264 922 3308 972 si
3345 937 3462 988 prr-

1848 1006 2222 1067 ‘severemus,
2256 1005 2446 1072 utique
2477 1005 2542 1058 ad
2575 1006 2848 1072 spiritales
2867 1025 3083 1076 quoque
3119 1017 3458 1078 prouimebi.

1883 1114 2000 1152 mus
2023 1098 2314 1166 laerytuas,
2341 1112 2462 1165 qua:
2483 1112 2590 1150 non
2617 1099 2888 1161 timorem,
2916 1101 3011 1153 sed
3035 1102 3364 1156 desiderium
3402 1107 3454 1157 iu

1880 1187 2047 1242 Deum
2077 1190 2301 1250 habent,
2331 1204 2396 1240 ex
2431 1188 2670 1258 Spiritus
2709 1190 2881 1243 sancti
2917 1190 2968 1242 in
3028 1193 3185 1246 nobis
3231 1209 3465 1262 progna-

1883 1290 1992 1333 tum
2025 1280 2410 1334 illustratioue.

1951 1456 2172 1511 Talibus
2231 1457 2485 1528 lacrymis
2538 1459 2982 1527 perfundebatur,
3020 1464 3109 1532 qui
3170 1467 3235 1518 ad
3293 1467 3457 1520 Deum

1880 1549 1955 1603 ait
2017 1567 2029 1601 :
2087 1569 2105 1600 ι
2149 1549 2385 1604 ΑιῘΙιαξείι
2439 1552 2617 1604 anima
2677 1567 2794 1606 mea
2843 1564 2963 1622 post
2990 1565 3042 1609 te
3068 1557 3134 1609 ³⁸.
3170 1575 3188 1607 ι
3220 1561 3298 1611 Ac
3356 1561 3458 1612 ite-

1880 1656 1997 1693 rum
2036 1659 2048 1691 :
2082 1659 2100 1690 ι
2157 1641 2548 1696 luﬂammatum
2575 1653 2654 1696 est
2701 1660 2796 1698 cor
2827 1658 3099 1712 meum,ct
3149 1665 3303 1704 renes
3353 1655 3453 1704 niui

1880 1734 2194 1784 commutati
2251 1745 2374 1785 sunt
2405 1735 2469 1785 ³¹.
2507 1752 2526 1784 ι
2586 1735 2649 1787 Et
2705 1753 2719 1788 :
2782 1753 2800 1786 ι
2863 1735 2999 1789 Deus
3043 1743 3220 1794 cordis
3252 1746 3376 1806 mei,
3405 1755 3457 1796 ct

1881 1837 2005 1889 pars
2029 1837 2144 1876 mea
2168 1823 2311 1876 Deus
2346 1825 2397 1876 in
2423 1834 2686 1878 mternnm
2721 1826 2786 1881 ³³.
2829 1846 2849 1879 ι
2882 1829 3003 1882 Alio
3032 1846 3245 1898 quoque
3288 1835 3404 1886 loco
3438 1854 3453 1890 :

184 1906 202 1938 ι
261 1889 554 1940 Ἐπιποθεῖ
577 1890 674 1940 καὶ
699 1889 943 1941 ἐκλείπει
975 1891 1008 1959 ἡ
1043 1891 1190 1960 ψυχή
1231 1909 1335 1961 μου
1366 1897 1445 1956 είς
1477 1897 1572 1957 τὰς
1607 1896 1764 1958 αὐλὰς

1886 1931 1903 1963 ι
1951 1911 2300 1980 Coucupiscit
2341 1925 2395 1968 et
2434 1916 2619 1969 deﬁcit
2670 1918 2849 1970 anima
2903 1933 3020 1972 mea
3067 1921 3120 1974 in
3176 1927 3311 1976 atria
3355 1924 3459 1977 Dn-

177 1980 272 2032 τοῦ
299 1981 534 2050 Κυρίου’
619 1982 821 2051 καρδία
843 1999 944 2050 μου
962 1984 1059 2034 καὶ
1086 1985 1222 2056 σάρξ
1247 2002 1349 2052 μου
1372 1987 1774 2053 ὴγαλλιάσαντο

178 2074 273 2124 ἐπὶ
308 2074 446 2126 θεὸν
477 2073 680 2135 ζῶντα.
715 2092 734 2124 ι
773 2075 882 2125 Καὶ⁵
914 2075 1098 2127 πάλιν·
1139 2094 1157 2126 ι
1204 2078 1302 2129 Ὃν
1334 2079 1539 2144 τρόπον
1576 2078 1772 2130 ἐπιπο-

180 2167 264 2218 θεῖ
291 2168 322 2234 ὴ
358 2165 560 2232 ἔλαφος
595 2167 688 2218 ἐπὶ
712 2165 812 2227 τὰς
840 2167 1025 2236 πηγάς
1046 2166 1157 2219 τῶν
1185 2168 1414 2232 ὑδάτων,
1441 2168 1614 2233 οὕτως
1645 2171 1770 2222 ἐπι-

180 2257 338 2308 ποθεῖ
361 2259 394 2326 ἡ
415 2257 561 2326 ψυχή
587 2274 689 2324 μου
715 2258 856 2325 πρὸς
875 2258 954 2320 σὲ,
973 2259 1002 2309 ό
1022 2258 1176 2320 Θεός.
1214 2278 1232 2311 ι
1261 2260 1518 2314 Τοιοῦτον
1537 2258 1648 2331 εἶχε
1671 2264 1771 2332 τὴν

179 2350 314 2418 πρὸς
345 2350 483 2401 θεὸν
519 2349 686 2402 πόθον
725 2349 822 2402 τοῦ
849 2349 1150 2418 ψάλλοντος
1182 2353 1214 2421 ἡ
1245 2351 1417 2421 ψυχή.
1456 2354 1610 2422 Τάχα
1642 2355 1772 2406 λαν-

179 2442 331 2494 θανει
369 2443 503 2504 τοὺς
559 2441 789 2504 πολλοὺς
830 2442 987 2511 ὑμῶν
1039 2443 1108 2495 τὰ
1154 2442 1447 2510 λεγόμενα.
1498 2442 1631 2499 Οἶδα
1677 2447 1772 2499 καὶ

178 2533 519 2602 πέπεισμαι·
552 2533 668 2586 ἁλλ’
699 2534 801 2586 οὐκ
825 2534 907 2596 είς
936 2533 1103 2588 καλὸν
1128 2535 1258 2602 ὑμῖν
1284 2536 1316 2604 ἡ
1343 2536 1571 2606 τοιαύτη
1600 2554 1768 2589 κατα-

177 2627 447 2695 φρόνησις
484 2627 904 2694 περιστήσεται.
942 2624 1130 2689 Διατί;
1172 2626 1298 2678 Ὅτι
1336 2626 1467 2695 περὶ
1505 2629 1770 2697 πράγμα-

175 2735 264 2781 τος
293 2719 665 2787 διαλεγόμεθα
697 2721 798 2770 οὐκ
839 2720 918 2781 εἰς
948 2719 1041 2772 τὸν
1071 2719 1351 2789 θαλάσσης
1383 2722 1536 2784 ὄντος
1583 2722 1767 2790 βυθὸν,

173 2809 300 2861 οὔτε
351 2809 462 2878 μὴν
508 2811 638 2879 περὶ
684 2810 861 2872 εἴδους
914 2812 997 2871 εἰς
1041 2811 1110 2862 τά
1144 2811 1244 2879 τῆς
1285 2815 1387 2880 γῆς
1420 2812 1768 2882 πληρώματα

174 2901 486 2969 δυναμένου
519 2900 875 2970 εὑρίσκεσθαι
900 2917 913 2930 ·
951 2901 1089 2953 ἀλλά
1129 2903 1261 2970 περὶ
1303 2902 1630 2973 πράγματος
1678 2904 1771 2955 λα-

173 2994 405 3064 λοῦμεν,
441 2995 547 3047 ὑπὸ
571 2994 812 3064 Χριστοῦ
840 2997 899 3046 ἐν
929 2999 1051 3057 ταῖς
1078 2996 1334 3066 καρδίαις
1367 2997 1520 3065 ὑμῶν
1544 3008 1564 3028 ο
1590 3015 1769 3067 πεφυ-

172 3087 472 3154 τευμένου,
507 3085 602 3137 τοῦ
636 3087 906 3148 εἰπόντος·
942 3104 959 3136 t
1000 3086 1066 3137 Ἦ
1103 3085 1358 3155 βασιλεία
1386 3087 1494 3139 τῶν
1522 3087 1768 3156 οὐρανῶν

173 3177 325 3238 ἐντὸς
361 3175 521 3244 ὑμῶν
565 3177 706 3237 ἐστι,
748 3191 766 3223 ι
803 3173 1094 3235 τουτέστι,
1127 3174 1188 3225 τὸ
1221 3174 1447 3242 Πνεῦμα
1480 3176 1542 3229 τὸ
1586 3175 1765 3242 ἆγιον,

172 3268 242 3320 τά
270 3267 492 3336 δάκρυα
522 3267 709 3318 τίκτον
741 3267 836 3318 καὶ
866 3265 966 3337 τὴν
1003 3266 1318 3331 κατάνυξιν.

242 3359 480 3426 Μεγάλη
510 3359 691 3410 τοίνυν
715 3357 824 3410 τῶν
848 3360 986 3426 μετά
1017 3359 1150 3410 Θεὸν
1175 3359 1430 3427 δακρύων
1451 3362 1482 3429 ἡ
1510 3361 1765 3429 ἐνέργεια

175 3452 269 3503 καὶ
302 3453 338 3520 ἠ
375 3449 550 3519 ἰσχύς.
585 3450 694 3502 Καὶ
725 3451 1004 3520 μάρτυρες
1027 3491 1042 3513 ,
1077 3451 1136 3501 ἐν
1177 3450 1277 3519 μέν
1306 3453 1372 3520 τῇ
1406 3452 1638 3522 Παλαιᾷ,
1670 3453 1766 3504 Νι-

173 3543 410 3603 νευῖται,
447 3542 765 3610 Μανασσῆς,
803 3541 1052 3606 Ἑζεκίας
1075 3557 1087 3570 ·
1121 3543 1178 3593 ἐν
1209 3542 1264 3594 δὲ
1285 3544 1349 3611 τῇ
1389 3543 1524 3613 Νέᾳ,
1558 3545 1764 3612 Πέτρος

171 3634 264 3686 διὰ
296 3633 556 3702 δακρύων
588 3634 679 3686 τὸν
709 3633 842 3685 θεὸν
880 3633 1228 3702 ἰλεούμενος,
1273 3634 1369 3686 καὶ
1395 3634 1494 3705 τὴν
1533 3637 1763 3706 ἄρνησιν

173 3724 528 3794 θεραπεύων,
554 3723 751 3793 πόρνη,
770 3723 1002 3791 δάκρυσι
1024 3724 1086 3776 τὸ
1105 3723 1485 3793 φιλάνθρωπον
1502 3725 1758 3793 ἕλκουσα,

173 3819 272 3870 καὶ
299 3817 399 3884 τὴν
425 3816 622 3884 ἄφεσιν
649 3815 759 3866 τῶν
787 3817 1200 3884 πεπραγμένων
1225 3816 1596 3885 λαμϐάνουσα.
1631 3821 1759 3872 Ὄν-

169 3925 283 3969 τως
313 3907 616 3976 ἀδιήγητον
643 3907 703 3957 τὸ
733 3907 974 3974 πέλαγος
1002 3907 1112 3959 τῶν
1147 3909 1450 3978 οἰκτιρμῶν
1479 3909 1571 3962 τοῦ
1600 3910 1757 3968 Θεοῦ.

171 4001 237 4052 Εἰ
287 3999 594 4067 Μανασσῆς
641 3998 731 4050 διὰ
789 3997 1079 4067 μετανοίας
1132 3997 1404 4065 σώζεται,
1448 4001 1534 4064 τίς
1579 4002 1760 4055 λοιπὸν

173 4091 460 4161 μετανοῶν
489 4091 769 4159 ὁλοψύχως
798 4090 1134 4160 ἀμφιϐάλλει
1170 4092 1300 4160 περὶ
1336 4093 1646 4162 σωτηρίας;
1693 4097 1758 4148 Τί

172 4201 265 4253 μοι
310 4183 530 4250 λέγεις·
573 4182 950 4252 Ἐπόρνευσα,
993 4182 1324 4250 ἐμοίχευσα,
1358 4184 1657 4251 ἐφόνευσα,
1700 4188 1759 4238 ἐν

169 4275 347 4345 κακία
380 4275 654 4343 ἐγήρασα,
697 4273 937 4341 σωθῆναι
966 4273 1028 4324 ού
1063 4273 1324 4341 δύναμαι.
1357 4275 1417 4326 Εἰ
1459 4277 1759 4346 Μανασσῆν

165 4370 195 4418 ὁ
221 4367 358 4428 Θεὸς
385 4365 610 4427 ἐλέξατο
653 4363 1016 4432 μεταγνόντα,
1050 4363 1173 4415 τίνα
1204 4365 1312 4415 τῶν
1350 4366 1756 4434 μετανοούντων

166 4459 265 4529 ὅλῃ
295 4458 447 4526 ψυχῇ
479 4456 539 4508 οὐ
574 4452 971 4524 προσδέξεταις
1008 4454 1160 4522 Τάχα
1197 4454 1380 4524 τολμῶ
1425 4459 1601 4508 εἰπεῖν
1624 4498 1637 4519 ,
1672 4459 1755 4512 ὅτι

1879 2002 2053 2055 mini:
2095 2017 2191 2056 cor
2241 2018 2418 2057 meum
2450 2014 2505 2059 ct
2561 2022 2689 2060 caro
2751 2023 2865 2062 mea
2917 2013 3328 2068 exsultaverunt
3403 2020 3453 2068 iu

1877 2093 2042 2146 Deum
2093 2097 2270 2148 vivum
2308 2097 2374 2148 ³⁸.
2437 2115 2454 2146 ι
2506 2099 2582 2150 Ac
2627 2099 2826 2153 iterum
2882 2119 2896 2152 :
2968 2119 2986 2152 ι
3026 2105 3454 2167 Qumadtuodutu

1873 2185 2147 2238 desiderat
2197 2202 2393 2241 cervus
2449 2189 2513 2240 ad
2564 2188 2740 2244 fontes
2785 2205 3072 2258 aquarum,
3134 2194 3206 2246 ita
3253 2196 3456 2250 deside-

1875 2284 1965 2327 rat
2017 2278 2197 2329 anima
2255 2293 2371 2330 mea
2428 2281 2495 2333 ad
2525 2289 2596 2343 te,
2645 2280 2786 2336 Deus
2829 2284 2914 2336 ³⁸ε
2959 2302 2978 2334 ι
3019 2293 3169 2340 tanto
3201 2288 3452 2341 nimirum

1876 2367 1941 2418 ad
1997 2366 2164 2422 Deutn
2215 2369 2485 2423 desiderio
2537 2372 2772 2427 habebat
2845 2375 3126 2441 psallentis
3213 2379 3449 2433 animus.

1875 2457 2037 2512 Forte
2080 2460 2247 2513 latent
2286 2463 2466 2528 plures
2495 2474 2736 2518 vestrum
2775 2479 2840 2519 ea
2896 2481 3019 2533 qua:
3068 2469 3342 2524 dicuntur.
3378 2473 3452 2525 lla

1875 2565 2005 2602 sane
2049 2553 2196 2615 novi,
2227 2562 2282 2602 et
2315 2561 2497 2606 certus
2545 2569 2687 2609 sum.
2745 2556 2940 2610 Verum
2995 2561 3270 2628 neglectus
3309 2563 3456 2631 ejus-

1876 2640 2016 2691 modi
2071 2639 2494 2710 baudquaquam
2526 2643 2682 2699 vobis
2723 2647 2775 2699 in
2819 2646 3018 2701 bonum
3067 2664 3321 2706 cessurus
3347 2666 3450 2707 est.

1874 2729 2143 2794 Quorsum
2176 2733 2264 2786 id?
2314 2733 2450 2798 Quia
2489 2735 2767 2798 nimirum,
2804 2752 2909 2792 non
2938 2738 3003 2793 de
3024 2754 3081 2794 re
3121 2741 3172 2794 in
3206 2742 3315 2796 imo
3341 2759 3456 2795 ma-

1875 2821 1950 2874 ris
1979 2823 2190 2891 gurgite
2231 2827 2405 2892 posita
2461 2826 2823 2895 disputamus.
2850 2841 2943 2885 aut
2989 2832 3057 2886 de
3101 2834 3303 2901 specie,
3335 2849 3456 2902 quae

1873 2924 1980 2962 non
2017 2912 2118 2964 nisi
2150 2914 2200 2964 in
2237 2923 2395 2968 terrae
2429 2917 2696 2971 extremis
2751 2920 2964 2990 angulis
3016 2932 3275 2977 occurrat
3307 2940 3322 2978 :
3356 2927 3451 2978 sed

1872 3003 1938 3054 de
1991 3017 2047 3054 re
2097 3003 2390 3073 loquimur,
2417 3008 2470 3059 in
2521 3011 2686 3063 corde
2723 3013 2878 3067 nobis
2915 3028 2946 3067 a
2995 3014 3212 3068 Christo
3266 3016 3450 3078 insita,

1871 3092 1962 3159 qui
2003 3093 2182 3148 dixit:
2221 3112 2240 3146 ι
2276 3093 2521 3164 Regnum
2553 3100 2818 3155 caelorum
2867 3104 3007 3158 intra
3052 3120 3153 3160 vos
3187 3117 3268 3161 est
3305 3108 3386 3171 “;
3426 3127 3443 3158 ι

1794 3232 1836 3290 c
1873 3183 1973 3236 hoc
2014 3192 2120 3248 est,
2180 3184 2413 3253 Spiritus
2463 3198 2708 3258 sanctus,
2765 3192 3134 3263 lacrymarum
3184 3211 3248 3252 ac
3302 3213 3450 3253 coni.

1869 3273 2186 3338 punctionis
2218 3290 2441 3342 parens.

1940 3362 2131 3434 Magna
2167 3367 2349 3437 itaque
2371 3368 2758 3438 laerymarum,
2797 3387 2919 3441 quae
2956 3386 3024 3427 ex
3074 3374 3274 3443 pietate
3299 3388 3449 3441 sunt,

1866 3452 2107 3511 elltcacia
2162 3467 2216 3511 et
2251 3459 2444 3514 virtus.
2495 3460 2787 3518 Testautur
2819 3479 2969 3529 vero,
2996 3466 3048 3518 in
3084 3467 3269 3522 Veteri
3326 3471 3449 3538 qui-

1868 3545 1991 3599 dem
2046 3545 2420 3617 Testamento,
2473 3549 2751 3617 Ninivitar,
2795 3553 3092 3621 lanasses,
3149 3557 3446 3625 Ezechias;

1871 3635 1925 3686 in
1958 3632 2107 3690 Novo
2155 3648 2333 3692 autem
2372 3638 2588 3703 Petrus,
2625 3643 2716 3709 qui
2765 3644 2954 3712 utique
3003 3644 3363 3713 lacrytnarum
3398 3649 3448 3702 vi

1870 3725 2040 3780 Deum
2062 3726 2313 3795 placavit,
2334 3744 2397 3784 ac
2416 3733 2558 3799 quod
2583 3733 2870 3800 negatione
2904 3745 3178 3804 peccarat,
3211 3743 3445 3796 curavit.

1868 3816 2122 3869 Meretrix
2146 3831 2384 3888 quoque,
2422 3836 2542 3889 qua:
2590 3821 2867 3892 lacrymis,
2904 3824 2997 3880 Dei
3030 3831 3253 3884 attraxit
3280 3831 3435 3885 mise-

1865 3906 2179 3968 ricordiam.
2205 3923 2267 3962 ac
2316 3910 2735 3965 commissorum
2795 3915 3173 3972 remissionem
3207 3934 3442 3989 accepit.

1862 3995 2028 4052 Planc
2055 3999 2236 4053 verbis
2292 4001 2551 4067 explicari
2589 4002 2776 4070 nequit
2809 4013 3022 4059 tantum
3057 4007 3188 4063 illud
3219 4011 3444 4079 pelagus

1863 4088 1957 4144 Dei
1991 4092 2425 4148 miserationum.
2453 4093 2585 4147 Cum
2621 4094 2896 4150 Manasses
2921 4112 3017 4167 per
3061 4102 3441 4168 pteniteutiaut

1860 4181 2089 4236 salutem
2118 4193 2516 4249 consequatur;
2546 4185 2670 4251 quis
2705 4186 2986 4255 deinceps,
3013 4204 3173 4256 quem
3218 4195 3444 4246 omnino

1859 4291 1922 4327 ex
1949 4275 2128 4328 animo
2163 4284 2508 4342 peccatorum
2543 4279 2825 4346 paeniteat,
2867 4282 2933 4335 de
2989 4283 3162 4339 salute
3187 4285 3442 4340 dubitet?

1860 4364 1996 4430 Quid
2025 4366 2153 4419 mibi
2188 4378 2238 4418 tu
2265 4367 2500 4434 loqueris
2527 4387 2540 4422 :
2573 4368 2890 4425 Fornicatus
2921 4388 3070 4436 sum;
3091 4376 3437 4430 aldulterium

1860 4456 1995 4516 feci;
2027 4458 2377 4512 homicidium
2424 4462 2755 4529 perpetravi,
2788 4463 2843 4517 in
2875 4465 3009 4519 vitio
3055 4480 3121 4520 ac
3168 4468 3439 4534 pravitate

167 4554 262 4604 καὶ
285 4550 380 4602 τὸν
395 4547 643 4601 διάϐολον
671 4546 893 4608 ἐδέξατο
915 4546 1002 4606 ἂν,
1026 4547 1074 4596 εἰ
1099 4547 1394 4614 μετάνοιαν
1419 4549 1750 4612 ἐπεδείξατο.

1867 4547 2149 4613 consenui;
2179 4562 2341 4617 atque
2371 4551 2506 4603 adeo
2529 4566 2634 4605 non
2667 4566 2886 4620 possum
2911 4555 3140 4610 salutem
3165 4558 3435 4635 adipisci?

165 4643 264 4704 Τίς
290 4644 404 4708 ἄρα
437 4638 680 4691 τοιοῦτόν
704 4655 754 4688 τι
784 4637 1057 4706 ἥμαρτεν,
1089 4633 1200 4689 οἷον
1222 4640 1249 4690 ό
1278 4639 1598 4706 Μανασσῆς,
1626 4657 1758 4692 πεν-

163 4739 409 4804 τήκοντα
440 4733 535 4782 καὶ.
558 4730 652 4781 δύο
682 4730 913 4798 χρόνους
939 4728 1030 4780 τὸν
1053 4727 1181 4780 λαὸν
1210 4728 1306 4781 τοῦ
1356 4730 1573 4800 Ἰσραὴλ
1601 4735 1760 4803 ποιή-

166 4843 268 4887 σας
299 4823 632 4894 προσκυνεῖν
671 4821 767 4872 καὶ
804 4819 1091 4889 λατρεύειν
1137 4820 1400 4882 εἰδώλοις.
1444 4822 1612 4874 Πόσαι
1654 4842 1759 4892 μυ-

167 4916 378 4985 ριάδες,
415 4913 542 4964 εἰπέ
581 4930 692 4981 μοι,
730 4911 1010 4963 ἀπέθανον
1035 4912 1095 4961 ἐν
1125 4912 1356 4973 ἐκείνοις
1380 4915 1493 4974 τοῖς
1518 4915 1755 4982 χρόνοις,

160 5004 240 5061 ὧν
276 5008 340 5060 τὸ
379 5009 553 5074 κρῖμα
587 5004 685 5072 τῆς
718 5003 998 5063 ἀπωλείας
1028 5003 1336 5070 Μανασσῆς
1368 5005 1574 5074 καίπερ
1605 5007 1757 5074 ὀφεί-

162 5103 296 5162 λων,
317 5103 469 5169 ὅμως
493 5098 698 5166 ἀφέθη·
719 5099 813 5150 καὶ
834 5098 935 5150 οὐκ
962 5097 1182 5166 ἐνίκησε
1210 5097 1309 5166 τὴν
1339 5099 1755 5168 φιλανθρωπίαν

160 5194 259 5248 τοῦ
292 5192 434 5246 Θεοῦ
463 5193 526 5244 τὸ
557 5190 758 5262 πλῆθος
793 5190 892 5259 τῆς
932 5189 1098 5241 αὐτοῦ
1137 5189 1425 5257 πονηρίας.
1471 5191 1610 5243 Ἀλλ’
1647 5192 1751 5244 ὑπὸ

161 5286 455 5340 Χαλδαίων
485 5284 834 5352 αἰχμάλωτος
865 5281 1190 5350 ἀπενεχθεὶς
1216 5281 1298 5342 είς
1329 5281 1626 5334 Βαϐυλῶνα
1656 5285 1751 5335 καὶ

159 5379 326 5448 δίκην
365 5375 790 5437 καταδικασθεὶς
820 5373 1006 5427 δοῦναι
1040 5373 1199 5436 ἀξίαν
1228 5366 1303 5426 ὧν
1334 5373 1624 5443 ἐξύϐρισεν
1669 5377 1750 5437 είς

160 5471 322 5534 Θεὸν,
358 5471 523 5540 μόνον
564 5468 703 5537 μετὰ
741 5465 995 5535 δακρύων
1026 5464 1378 5535 προσηύξατο
1409 5466 1469 5518 ἐν
1501 5464 1580 5535 τῷ
1614 5465 1746 5536 χαλ-

234 5612 277 5642 ²¹
309 5610 451 5664 Psal.
490 5623 624 5670 un,
650 5608 704 5662 9.
783 5607 825 5639 ³³
850 5604 990 5662 Psal.
1018 5621 1187 5673 um,
1217 5605 1304 5662 21.
1380 5606 1426 5639 ⁸³
1446 5606 1574 5663 ibid.
1598 5605 1690 5661 26.

1766 5607 1812 5638 “
1829 5605 1972 5663 Psal.
1993 5621 2221 5671 LXXII",
2265 5607 2319 5659 5.

1859 4637 1916 4692 Si
1973 4641 2188 4707 quidem
2251 4642 2390 4695 Deus
2446 4641 2734 4698 Manassen
2782 4646 3135 4711 patrnitentem
3183 4652 3434 4719 recepit:

1858 4746 2016 4800 quem
2071 4733 2293 4786 omnino
2331 4749 2395 4787 ex
2437 4736 2623 4787 animo
2679 4737 3036 4803 pteuitentem
3081 4753 3187 4792 non
3243 4742 3314 4794 sit
3347 4758 3433 4794 re-

1857 4822 2164 4888 cepturus?
2218 4820 2383 4876 Forte
2428 4825 2601 4878 ausim
2647 4827 2830 4881 dicere
2873 4828 2988 4882 fore
3029 4839 3088 4883 ut
3144 4840 3200 4884 et
3257 4833 3432 4900 ipsum

1859 4912 2131 4966 diabolum
2175 4926 2490 4982 recepturus
2513 4928 2677 4979 esset,
2713 4928 2771 4972 ut
2805 4920 2894 4974 ille
2931 4921 3309 4988 paenitentiam
3341 4943 3432 4979 os-

1859 5004 2140 5058 tendisset.
2163 5003 2296 5070 Quis
2342 5005 2549 5072 grande
2595 5006 2732 5059 adeo
2773 5019 3054 5075 peccatum
3107 5019 3268 5078 atque
3322 5013 3426 5064 Ma-

1855 5109 2040 5148 nasses
2088 5095 2350 5162 peccavit,
2385 5096 2476 5163 qui
2511 5105 2651 5151 totos
2702 5099 3093 5165 quinquaginta
3152 5100 3290 5154 duos
3338 5118 3428 5155 au-

1854 5202 1973 5250 nos,
2003 5185 2356 5241 lsraeliticum
2403 5188 2658 5255 populum
2687 5191 3010 5258 compulerit
3053 5191 3122 5245 ad
3161 5192 3434 5248 idolorum

1853 5281 2230 5332 adorationem
2256 5294 2319 5331 ac
2352 5281 2602 5333 cultum?
2626 5280 2795 5345 Quam
2847 5283 3041 5348 multa,
3072 5301 3221 5354 rogo,
3258 5288 3433 5340 bomi-

1853 5388 1979 5426 nmn
2015 5373 2180 5426 millia
2216 5375 2355 5426 intra
2387 5375 2484 5429 hos
2515 5390 2688 5431 annos
2709 5377 2849 5430 diem
2876 5380 3158 5445 obierunt;
3193 5397 3428 5450 quorum

1857 5467 1988 5523 licet
2025 5466 2298 5521 Manasscs
2330 5467 2583 5522 interitus
2631 5478 2780 5522 reatu
2824 5478 3119 5537 teneretur,
3155 5474 3430 5529 remissio-

2397 5608 2442 5638 ³⁸
2473 5606 2622 5662 Psal.
2655 5623 2764 5671 xu,
2799 5608 2854 5662 οὶ.
2929 5608 2974 5642 ³⁸
3011 5608 3144 5666 Luc.
3174 5627 3305 5675 xvn,
3334 5613 3420 5666 εὶς.

1475 5726 1711 5783 VARIAS
1751 5726 2152 5782 LECTIONES.

236 5828 264 5856 ⁸
293 5818 426 5890 ch.
459 5818 642 5894 ἡμῶν,
675 5832 740 5874 ex
771 5817 952 5875 editis.
