4190 6438
683 376 820 439 1135

1887 368 1946 423 S.
1997 362 2390 423 ANAS'I‘ASH
2437 358 2764 418 SlN.\l'l‘.E

3812 361 3955 425 1136

680 502 803 538 neut
835 492 1016 534 tanu-u
1060 490 1141 533 est
1187 489 1503 537 assecutus,
1538 488 1635 526 nec
1687 472 1777 527 llci
1824 475 2103 539 superavit
2148 474 2251 524 ch:-

2374 471 2714 538 κουργήματι
2750 467 2793 534 (ξ)
2829 468 3112 536 ἐϐέόλητο,
3147 470 3241 521 καὶ
3289 472 3584 538 προστάξει
3630 472 3768 525 6:1,;
3793 515 3804 535 ,
3854 475 3955 526 ταῦ

681 574 938 628 mentiam
990 571 1156 623 nudta
1191 568 1307 635 ejus
1341 567 1602 633 nequitia.
1646 568 1752 618 Sed
1788 582 1910 618 cum
1938 580 1966 616 a
1993 564 2261 617 Chaldatis

682 668 734 720 in
786 664 1114 733 Babylonem
1166 661 1415 728 captivus
1448 668 1674 711 avectus
1728 666 1988 719 esset,ac
2032 673 2129 725 pro
2176 657 2258 717 iis,

680 774 799 824 qua:
834 757 886 808 in
922 756 1092 808 Deum
1137 769 1233 821 per
1259 750 1510 818 injuriani
1544 759 1841 817 peccasset,
1876 748 2040 815 just-.e
2092 764 2263 817 pteuze

680 849 935 901 addictus
968 847 1157 899 luisset
1192 861 1206 896 :
1241 842 1330 895 ubi
1360 842 1534 895 solum
1570 842 1622 894 in
1663 856 1810 894 amca
1845 842 2120 905 machina,
2156 855 2261 907 qua

682 940 900 992 clausus
926 940 1232 996 tcuebatttr,
1256 948 1381 985 cum
1404 933 1654 999 lacrymis
1675 941 1925 999 precatus
1951 943 2093 985 esset
2114 933 2224 999 (51)
2246 947 2260 994 ς

685 1028 775 1079 llei
805 1027 1072 1091 jussione,
1107 1024 1222 1091 ejus
1252 1022 1625 1089 paenitentiam
1685 1032 1963 1089 acceptam
1996 1023 2263 1086 habentis,

681 1135 829 1171 :euca
865 1119 950 1169 illa
982 1116 1229 1168 machina
1256 1114 1492 1179 dirupta,
1526 1113 1639 1180 ipse
1670 1129 1895 1181 prorsus
1930 1114 2097 1166 exivit
2143 1112 2265 1166 illa»

684 1226 809 1261 sus:
837 1226 897 1257 :tt‘.
928 1207 1109 1258 salvus
1155 1204 1392 1256 evadens
1418 1204 1471 1254 iu
1516 1201 1844 1264 Jerusalem,
1884 1202 1995 1254 illic
2047 1203 2263 1255 tandem

685 1301 849 1353 \itam
884 1310 1049 1352 totam
1103 1295 1417 1363 pteuitentis
1462 1293 1760 1347 sobrietate
1810 1294 2139 1363 transigcus,
2171 1305 2263 1347 ue-

685 1399 904 1451 fuuctes
956 1404 1062 1448 est.
1107 1392 1369 1445 Ezechias
1416 1405 1654 1457 quoque,

2359 562 2460 629 τὴν
2503 561 2799 628 μετάνοιαν
2828 561 2996 613 αὑτοῦ
3029 560 3345 629 δεξαμένου,
3377 565 3435 614 τό
3465 580 3519 615 τε
3558 568 3864 634 μηχάνημα
3889 569 3956 617 το

2361 652 2599 721 χαλκοῦν
2645 652 2953 722 διερρἀη,
3006 655 3099 705 καὶ
3150 655 3319 722 μηδὲν
3378 656 3568 707 παθὼν
3613 660 3675 709 τὸ
3727 660 3957 711 σύνοὶον

2361 743 2579 811 ἐξῆλθε·
2615 746 2726 798 Καὶ
2754 746 3060 807 ἀνασωθεὶς
3091 747 3170 807 εἰς
3206 747 3584 819 Ἰερουσαλὴμ,
3615 752 3733 802 ἐκεῖ
3764 751 3959 804 λοιπὸν

2360 838 2589 904 τελευτᾷ
2616 841 2675 890 ἐν
2704 838 2967 907 μετανοίᾳ
2991 838 3083 890 τὸν
3109 838 3290 891 πάντα
3322 839 3437 907 βίον
3459 842 3752 908 emam;
3798 845 3956 907 Ἐζε-

2362 929 2585 990 κίας-δὲ
2640 929 2738 981 καὶ
2784 929 3109 998 προσθήκην
3148 932 3287 983 ἐτῶν
3323 939 3381 983 ιε’
3423 933 3667 995 ἐδέξατο,
3705 936 3816 986 ἀπ’)
3850 935 3955 987 τοῦ

2365 1021 2674 1089 στραφῆναι
2723 1021 2862 1090 πρὸς
2890 1020 2978 1073 τὸν
3010 1023 3210 1089 τοῖχον,
3255 1025 3350 1077 καὶ
3401 1024 3637 1078 κλαῦσαι
3686 1027 3779 1078 τὸν
3821 1027 3961 1079 Θεὸν

2364 1112 2796 1165 καταδυσωπῶν.
2832 1112 2998 1183 Ὁρᾷς
3029 1105 3117 1165 οία
3148 1115 3450 1182 εἰργάσατο
3479 1119 3512 1185 ἡ
3540 1120 3827 1185 μετάνοια,
3862 1124 3960 1170 καὶ

2361 1205 2521 1256 τίνων
2571 1206 2773 1273 ἠξίωσε
2811 1207 2942 1268 τοὺς
2983 1206 3041 1258 ἐν
3086 1207 3355 1277 κλαυθμῷ
3397 1209 3489 1261 τὸν
3534 1210 3669 1262 θεὸν
3715 1211 3962 1279 ἐκζητή-

2365 1313 2603 1363 σαντας;

1725 1391 1869 1457 quod
1932 1392 2000 1443 ad
2079 1391 2339 1457 parietem
2380 1408 2570 1448 versus
2626 1408 2747 1447 cum
2812 1391 2939 1447 ﬂetu
2994 1394 3161 1449 Deum
3234 1398 3619 1459 obsecrasset,
3686 1410 3962 1448 annorum

686 1494 997 1561 quindecim
1033 1490 1403 1543 accessionem
1453 1488 1686 1553 acet-pit.
1734 1485 1896 1540 Vides
1931 1499 2134 1553 quanta
2167 1487 2276 1539 sint
2314 1490 2649 1556 pecnitcntia:
2676 1491 2892 1551 merita,
2954 1508 3017 1544 ac
3080 1492 3277 1559 quibus
3316 1509 3411 1547 eos
3439 1493 3742 1553 donaverit,
3777 1492 3870 1562 qui
3905 1492 3959 1544 iu

689 1592 835 1639 luctu
872 1585 1036 1636 Deum
1071 1581 1394 1649 requirunt?

755 1679 907 1741 Quod
941 1678 983 1729 si
1016 1676 1165 1737 liuet,
1199 1675 1358 1727 aliam
1408 1689 1624 1741 quoque
1677 1673 1912 1727 narrabo
1951 1674 2263 1737 historiam,

690 1773 852 1836 plane
897 1768 1240 1829 mirabilem,
1305 1785 1466 1834 quant
1524 1770 1777 1822 Clemens
1827 1770 2065 1835 scriptor
2128 1768 2265 1835 (ille

2450 1676 2511 1727 Εἰ
2560 1673 2618 1725 δὲ
2662 1671 2863 1741 βούλει,
2923 1675 3018 1726 καὶ
3063 1674 3259 1740 ἑτέραν
3310 1676 3550 1744 ἱστορίαν
3587 1676 3958 1747 διηγήσομαι,

2377 1766 2513 1817 πολὺ
2552 1766 2613 1816 τὸ
2645 1766 2951 1834 παράδοξον
2994 1765 3249 1834 ἔχουσαν,
3281 1768 3347 1836 ἣν
3386 1769 3619 1837 Κλήμης
3650 1771 3677 1820 ὁ
3715 1787 3961 1840 συγγρα-

688 1862 1111 1926 Alexandriuus)
1164 1860 1232 1913 de
1271 1859 1484 1913 Joanne
1529 1862 1730 1912 tradit:
1763 1858 1990 1922 Joanne,
2020 1860 2262 1927 inquam,

2374 1858 2507 1923 φεὺς
2542 1858 2673 1925 περὶ
2724 1855 2973 1909 Ἰωάννου
3010 1858 3165 1926 φησὶ,
3200 1856 3295 1910 τοῦ
3343 1859 3412 1910 τὰ
3455 1858 3576 1911 θεῖα
3621 1862 3755 1929 ἡμῖν
3796 1861 3961 1930 βρον-

688 1954 777 2019 qui
818 1951 1037 2004 tonitrui
1078 1952 1250 2003 instar
1283 1951 1465 2002 divina
1504 1952 1663 2003 nobis
1701 1951 1971 2013 intonuit;
2003 1952 2212 2015 quique
2239 1967 2268 2001 a

690 2059 861 2111 puero
914 2042 1276 2108 Vil‘giuitttlcttl
1327 2042 1548 2105 dilexit;
1604 2059 1669 2095 ac
1723 2052 1944 2110 propter
1991 2042 2272 2094 exeellen-

693 2150 799 2187 tein
841 2136 891 2185 iu
936 2133 1255 2197 Magistrum
1304 2133 1679 2196 dilectionem,
1713 2135 1829 2199 plus
1860 2136 2114 2187 omnibus
2136 2133 2270 2185 dile-

691 2236 810 2279 etus
841 2225 959 2287 luit,
982 2237 1107 2276 utet
1128 2224 1409 2291 privilegio
1436 2238 1599 2287 supra
1621 2224 1793 2289 ipsum
1819 2224 2127 2277 recubuerit
2158 2223 2269 2274 Do-

692 2316 952 2368 ininicuin
990 2324 1200 2381 pectus,
1238 2329 1303 2366 ac
1348 2312 1620 2383 Virginem
1657 2314 1860 2380 Deique
1901 2312 2262 2373 Genitricein,

692 2410 938 2475 deposito
983 2406 1277 2473 acceperit.
1329 2404 1528 2459 Narrat
1575 2421 1705 2474 ergo
1752 2406 1817 2458 de
1870 2404 1960 2458 illo
2019 2403 2274 2471 pra:l‘atus

693 2507 912 2572 sapiens
947 2505 1297 2556 historiarum
1353 2504 1587 2568 scriptor
1625 2501 1899 2569 quidpiam
1922 2498 2186 2568 ejusmodi
2221 2500 2273 2552 in

694 2613 802 2650 uno
858 2597 1095 2663 quodam
1128 2595 1246 2663 ejus
1283 2593 1567 2652 librorum.
1601 2608 1738 2661 quos
1773 2594 1922 2647 varie
1966 2601 2272 2656 contextos,

693 2688 1044 2756 Στρωματείς
1076 2686 1329 2753 appellari
1368 2685 1574 2739 voluit:
1612 2695 1672 2737 ut
1702 2684 1770 2736 ad
1808 2684 2097 2752 quemdam
2130 2684 2274 2735 Asia:

694 2778 869 2832 locum
895 2788 1209 2830 transcursu
1246 2776 1457 2829 itineris
1480 2775 1736 2838 veniens;
1772 2790 1897 2827 eum
1924 2776 2181 2826 nimirum
2212 2774 2274 2824 fi—

694 2870 842 2923 deles
864 2869 1139 2921 invisurus
1167 2881 1231 2919 ae
1254 2868 1681 2920 coulirmaturus
1704 2866 1888 2920 Asiani
1918 2874 2272 2934 peragraret;

695 2963 974 3015 inventum
992 2959 1279 3027 quemdam
1302 2959 1719 3019 adolescentem,
1737 2961 1980 3026 corporis
1995 2966 2279 3010 venustate

695 3068 758 3106 ac
784 3051 990 3105 viribus
1006 3050 1220 3118 egregie
1242 3060 1519 3114 ornatum,
1554 3050 1783 3102 necdum
1818 3058 1996 3101 tamen
2027 3047 2148 3099 lidei
2189 3061 2276 3099 ru-

695 3144 956 3198 dimentis
994 3143 1281 3203 imbutmu,
1344 3150 1438 3193 aut
1496 3140 1688 3194 salutis
1727 3138 1981 3193 edoctum
2020 3140 2185 3203 viam,
2212 3150 2269 3190 ut

692 3234 913 3287 Christo
932 3247 1127 3285 nomen
1146 3232 1297 3283 daret
1328 3244 1390 3284 ac
1414 3232 1698 3284 accederet
1728 3230 1848 3281 tidei
1872 3227 2273 3281 adhortationi-

696 3328 797 3380 bus
833 3325 1101 3378 iullexerit
1126 3340 1141 3376 :
1164 3337 1325 3393 quem
1358 3332 1415 3375 et
1446 3321 1597 3375 urbis
1623 3322 1771 3375 illius
1810 3320 2054 3391 cpisc0pi
2082 3322 2136 3374 in
2172 3322 2276 3375 tide

697 3415 1096 3473 instituendum
1143 3415 1445 3477 adducens,
1483 3412 1557 3465 ita
1603 3414 1800 3465 allatus
1862 3412 1932 3467 sit
1979 3429 1991 3463 :
2031 3430 2050 3462 ‹
2119 3411 2277 3466 Ilunc

698 3509 818 3573 tibi,
857 3528 889 3561 υ
941 3508 1223 3575 episeope,
1262 3506 1544 3574 juvenem,
1603 3504 1855 3573 deposito
1912 3503 2095 3567 trado,
2166 3502 2277 3557 Deo

695 3609 856 3664 teste,
898 3614 961 3653 ac
1028 3600 1282 3652 universa
1356 3595 1635 3650 Ecclesia.
1678 3616 1696 3647 ι
1743 3594 1839 3649 llis
1872 3606 2053 3648 autem
2083 3596 2275 3659 dictis,

695 3700 988 3745 exeuntem
1024 3689 1355 3757 apostolum,
1399 3688 1565 3740 urbes
1601 3687 1738 3740 alias
1766 3686 1888 3740 lidei
1932 3686 2273 3755 praedicatio-

697 3795 822 3833 nem
858 3777 1209 3838 seminando,
1247 3776 1481 3831 subinde
1506 3776 1735 3830 obiisse.
1776 3777 2275 3846 Episcopumvero,

695 3877 1044 3936 assumptum
1091 3881 1342 3935 puerum,
1392 3879 1492 3934 pro
1528 3865 1715 3932 regula
1746 3865 1799 3918 in
1836 3864 2100 3921 Ecclesiis
2131 3868 2275 3920 obti-

700 3967 868 4014 nente
889 3998 905 4024 ,
930 3958 1053 4011 lidci
1085 3960 1316 4026 primam
1376 3956 1784 4011 institutionem
1817 3957 2091 4021 edoctum,
2131 3960 2277 4013 salu-

699 4054 837 4104 taris
894 4052 1048 4103 unda:
1117 4050 1436 4102 intinctione
1492 4064 1905 4105 consummasse
1953 4067 1966 4102 :
2007 4063 2129 4120 post
2182 4053 2276 4106 ba-

702 4144 898 4211 ptisma
936 4149 1141 4204 autem,
1171 4139 1312 4192 haud
1345 4140 1487 4193 ultra
1533 4141 1806 4207 prioribus
1839 4142 2083 4206 monitis,
2115 4158 2277 4196 exeo-

701 4236 863 4289 lentlo
912 4231 1274 4287 adolescentis
1319 4234 1502 4285 animo
1547 4250 1702 4288 usum
1735 4251 1896 4291 esse:
1943 4239 2085 4305 quod
2117 4236 2278 4288 uimi-

700 4343 820 4383 rum
884 4330 1021 4382 nihil
1068 4344 1293 4397 prorsus
1353 4327 1567 4381 timoris
1610 4328 1840 4382 subesse
1891 4330 2273 4393 arbitraretur,

699 4430 759 4472 ut
826 4420 1049 4473 multam
1120 4421 1233 4489 jam
1286 4418 1724 4472 adhortationem
1790 4433 1854 4472 ac
1930 4417 2275 4488 disciplinam

2371 1950 2658 2016 τήσαντος,
2682 1950 2777 1999 καὶ
2799 1948 2897 2017 τὴν
2922 1949 3225 2017 παρθενίαν
3250 1951 3315 2002 ἐκ
3336 1950 3526 2012 παιδὸς
3545 1952 3959 2022 ἀγαπήσαντος·

2372 2040 2468 2091 καὶ
2497 2040 2587 2091 διὰ
2614 2042 2675 2091 τῦ
2697 2040 2797 2107 τῆς
2843 2040 3066 2109 ἀγάπης
3094 2041 3438 2108 ὑπερϐάλλον
3466 2044 3565 2112 τῆς
3600 2044 3727 2112 περὶ
3762 2045 3855 2096 τὸν
3883 2049 3965 2096 Δι-

2370 2130 2662 2192 δάσκαλον,
2690 2130 2853 2181 πλέον
2877 2130 3096 2182 πάντων
3123 2131 3527 2201 ἀγαπηθέντος,
3550 2134 3626 2195 ὡς
3655 2136 3748 2186 καὶ
3783 2137 3880 2187 ἐπὶ
3906 2137 3965 2188 τὸ

2370 2222 2693 2273 δεσποτικὸν
2729 2221 2925 2290 στῆθος
2956 2224 3276 2286 ἀναπεσεῖν,
3307 2225 3400 2275 καὶ
3425 2225 3525 2294 τὴν
3558 2226 3843 2295 Παρθένον
3869 2229 3967 2280 καὶ

2315 2363 2322 2371 ,
2372 2314 2697 2382 θεομήτορα
2722 2314 3200 2384 παρακαταθήκην
3232 2314 3439 2368 λαϐεῖν.
3489 2316 3744 2370 Τοιοῦτόν
3773 2336 3828 2371 τι
3864 2320 3967 2387 μὲν

2375 2405 2504 2473 περὶ
2531 2403 2695 2456 αὑτοῦ
2730 2406 2759 2457 ὁ
2800 2405 2960 2470 σοφὸς
3000 2408 3417 2475 ἱστοριογράφος
3466 2407 3525 2459 ἕν
3562 2424 3669 2460 τινι
3708 2409 3820 2460 τῶν
3866 2411 3968 2461 αὑ-

2373 2496 2469 2547 τοῦ
2506 2499 2932 2564 Στρωματικων
2966 2498 3166 2564 λόγων
3207 2499 3580 2568 διεξέρχεται·
3613 2501 3694 2553 ὄτι
3726 2519 3835 2569 περ
3874 2504 3967 2554 ἐπί

2374 2608 2498 2642 τινα
2529 2591 2694 2643 τόπον
2730 2591 2832 2659 τῆς
2874 2592 3064 2653 ’Λσίας
3097 2589 3290 2654 ἐλθὼν,
3328 2592 3469 2644 κατά
3503 2593 3759 2660 πάροδον·
3800 2594 3969 2661 ἐτύγ-

2376 2698 2505 2748 χανε
2531 2682 2640 2750 γὰρ
2662 2682 3127 2751 ἐπισκεπτόμενος
3149 2683 3274 2744 τοὺς
3291 2683 3521 2744 πιστοὺς
3544 2684 3639 2736 καὶ
3662 2685 3966 2755 στηρίζων,

2376 2769 2686 2837 διέρχεσθαι
2719 2771 2820 2838 τὴν
2870 2771 3090 2823 Ἀσίαν·
3132 2771 3258 2823 τινὰ
3298 2772 3514 2823 νεανίαν
3553 2772 3731 2842 εὑρὼν
3772 2775 3969 2827 κάλλει

2380 2862 2632 2931 σώματος
2662 2866 2759 2914 καὶ
2790 2863 2935 2930 ἰσχύϊ
2964 2879 3340 2932 κοσμουμενον
3369 2865 3489 2934 μὲν,
3517 2865 3672 2918 οὔπω
3703 2867 3763 2918 δὲ
3794 2884 3969 2935 κατη-

2379 2952 2616 3021 χηθέντα
2662 2952 2762 3021 τὴν
2806 2956 3012 3017 πίστιν,
3048 2955 3169 3005 οὐδὲ
3210 2955 3308 3025 τὴν
3350 2956 3451 3025 τῆς
3495 2958 3778 3027 σωτηρίας
3814 2959 3966 3011 διδα-

2379 3046 2579 3113 χθέντα
2623 3044 2744 3096 όόὁν
2772 3061 2786 3075 ·
2822 3044 3011 3097 τοῦτον
3059 3049 3416 3116 παραινέσεσι
3466 3050 3648 3102 πείθει
3705 3049 3971 3117 γενέσθαι

2381 3136 2571 3187 πιστόν
2597 3153 2610 3165 ·
2646 3136 2704 3188 ὃν
2753 3137 2847 3188 καὶ
2891 3135 2967 3202 τῷ
3013 3138 3113 3204 τῆς
3155 3138 3365 3202 πόλεως
3415 3140 3631 3209 ἐκείνης
3674 3139 3972 3208 ἐπισκόπῳ

2380 3227 2516 3296 πρὸς
2533 3228 2592 3279 τὸ
2612 3228 2965 3296 κατηχείσοαι
2989 3230 3376 3298 προσαγαγών·
3405 3247 3424 3279 ι
3453 3231 3657 3282 Τοῦτόν
3677 3247 3781 3294 σοι,
3806 3233 3969 3299 φησὶ,

2379 3319 2469 3370 τὸν
2486 3320 2603 3369 νέον
2628 3318 3138 3389 παρακατατίθημι,
3169 3314 3214 3373 ὦ
3234 3322 3523 3383 ἐπίσκοπε,
3553 3323 3968 3391 μαρτυροῦντος

2379 3406 2475 3460 τοῦ
2510 3406 2679 3470 Θεοῦ,
2711 3410 2806 3460 καὶ
2848 3410 3031 3479 πάσης
3059 3412 3159 3480 τῆς
3206 3410 3562 3481 Ἑκκλησὶας.
3617 3430 3637 3464 ο
3673 3412 3851 3467 Τοῦτο
3891 3417 3969 3467 εί-

2380 3498 2500 3551 πὼν
2542 3502 2570 3552 ὁ
2604 3499 2901 3563 ἀπόστολος
2950 3502 3044 3554 καὶ
3090 3500 3357 3568 ἐξελθὼν,
3406 3506 3505 3567 τὰς
3546 3504 3738 3576 ἐτέρας
3775 3508 3969 3571 πόλεις

2381 3594 2676 3663 ἐπήρχετο,
2709 3592 3045 3664 διασπείρων
3074 3595 3134 3645 τὸ
3163 3599 3261 3663 τῆς
3297 3597 3530 3660 πίστεως
3572 3601 3858 3668 κήρυγμα.
3908 3603 3967 3653 ὐ

2379 3686 2439 3737 δὲ
2456 3688 2778 3749 ἐπίσκοπος,
2807 3686 2898 3738 τὸν
2925 3686 3093 3739 παῖδα
3124 3687 3490 3756 παραλαϐὼν,
3523 3692 3665 3744 κατά
3701 3692 3795 3743 τὸν
3831 3710 3970 3762 κρα-

2378 3782 2574 3836 τοῦντα
2604 3785 2773 3839 τύπον
2800 3788 2918 3849 ταῖς
2981 3787 3352 3857 Ἐκκλησίαις,
3388 3792 3723 3860 κατηχήσας,
3762 3795 3860 3843 καὶ
3890 3794 3971 3845 δι-

2380 3876 2565 3942 δάξας,
2594 3877 2674 3946 τῷ
2707 3881 2961 3951 σωτηρίῳ
2992 3880 3333 3950 βαπτίσματι
3372 3882 3689 3936 ἐτελείωσεν
3710 3899 3725 3913 ’
3761 3878 3823 3936 οὗ
3876 3885 3969 3937 καὶ

2381 3970 2702 4038 γενομένου,
2726 3972 2911 4023 οὐκέτι
2936 3975 3058 4035 ταῖς
3082 3974 3382 4043 προτέραις
3416 3974 3684 4044 ἐκέχρητο
3710 3975 3853 4046 πρὸς
3874 3977 3971 4028 αῦ-

2379 4061 2469 4114 τὸν
2491 4061 2816 4125 νουθεσίαις·
2851 4064 3071 4127 πάντως
3092 4066 3340 4130 οἰόμενος
3370 4065 3574 4133 μηδένα
3597 4065 3762 4133 φόϐον
3792 4067 3967 4135 ἔχειν,

2380 4151 2512 4222 πρὸς
2537 4152 2600 4203 τὸ
2623 4156 3069 4224 παρατραπῆναι,
3102 4156 3194 4207 τὸν
3220 4156 3320 4225 ἤδη
3349 4156 3551 4225 πολλῆς
3583 4161 3967 4227 παραινέσεως

2382 4245 2475 4295 καὶ
2505 4243 2859 4307 διδασκαλίας
2892 4244 3217 4308 ἀξιωθέντα.
3256 4246 3365 4299 Τοῦ
3398 4248 3453 4299 δὲ
3491 4249 3615 4300 νέου
3657 4249 3967 4310 λαϐομένου

2378 4334 2600 4397 ἀδείας,
2655 4335 2876 4405 ἕτοιμον
2925 4338 2981 4389 δὲ
3035 4339 3171 4408 πρὸς
3228 4339 3595 4409 παρατροπὴν
3648 4341 3679 4407 ἡ
3735 4343 3967 4412 νεότης,

2382 4425 2622 4494 μάλιστα
2681 4427 2731 4477 εί
2793 4425 2947 4495 τύχοι
3010 4427 3274 4495 φθορεῦσί
3348 4444 3459 4481 τισι
3533 4428 3969 4493 συναυλιζόντων

697 4512 965 4578 adeptus,
1016 4526 1176 4565 secus
1236 4519 1660 4579 perverteretur.
1708 4508 1968 4563 Juveuem
2009 4526 2137 4564 vero
2184 4526 2270 4566 ac-

2380 4516 2474 4568 καὶ
2512 4516 2693 4569 αὐτῶν
2732 4517 3122 4579 ἐξωλεστάτων
3152 4519 3395 4589 ἀνδρῶν,
3428 4521 3526 4571 ἐπ.
3564 4519 3759 4572 δεῖπνα
3793 4521 3968 4571 πολυ-

697 4616 851 4673 cepta
926 4603 1190 4665 licentia,
1261 4612 1318 4656 ut
1377 4614 1461 4657 est
1516 4614 1763 4671 prompta
1818 4602 2076 4673 juvenem
2135 4615 2266 4662 aetas

2375 4608 2507 4678 τε.λῆ
2536 4609 2909 4679 προκαλεῖται·
2943 4607 3075 4664 Εἶτα
3111 4610 3206 4664 ἐπὶ
3238 4610 3447 4675 κλοπὰς
3473 4615 3567 4665 καὶ
3596 4611 3965 4675 meeum;

2229 4758 2453 4818 ΝΟΤΛΕ.

773 4912 884 4980 (51)
922 4911 1020 4964 llic
1044 4920 1278 4980 quatuor
1302 4919 1429 4963 sunt
1458 4910 1694 4963 notanda
1729 4928 1742 4963 :
1771 4913 1947 4979 primo
1985 4910 2164 4965 fabula
2207 4914 2275 4967 de

702 4983 973 5041 Manasse,
999 4998 1089 5048 t|t||
1122 4984 1173 5033 in
1203 4997 1350 5033 aenea
1384 4982 1633 5033 machina
1660 4983 1913 5035 detentus
1946 4982 2069 5035 inde
2093 4984 2276 5037 salvus

699 5053 912 5115 evasit,
949 5052 1036 5103 illa
1076 5066 1172 5117 per
1197 5052 1515 5102 miraculum
1542 5052 1786 5117 dirupta.
1818 5054 2071 5104 Secundo
2093 5091 2109 5114 ,
2136 5056 2278 5119 apud

701 5123 981 5175 tiauisium
1028 5122 1308 5173 Manasscs
1348 5119 1783 5188 Hierosolymam
1834 5136 2151 5174 reversurus
2182 5125 2280 5189 ἄγ-

706 5192 863 5257 γελον
920 5190 1087 5251 θεοῦ,
1147 5191 1402 5253 angelum
1441 5189 1536 5243 Dei
1571 5196 1762 5243 ducem
1816 5192 2020 5244 habere
2070 5193 2277 5246 tlcbuit.

702 5265 959 5325 uatedam
988 5262 1055 5313 de
1090 5261 1179 5313 illo
1202 5264 1447 5327 priueipe
1475 5266 1785 5328 apocrypha
1813 5263 2058 5313 narravit
2092 5274 2283 5314 auctor

701 5332 1166 5385 Constitutiouum
1203 5332 1318 5397 (lib.
1351 5344 1411 5381 it.
1444 5344 1567 5397 cap.
1602 5334 1694 5391 2‘2)
1719 5371 1733 5392 ,
1772 5332 1867 5384 sed
1902 5346 1966 5383 eo
1997 5334 2062 5384 de
2088 5335 2278 5399 angelo

704 5402 849 5453 silet.
879 5401 988 5452 lloe
1018 5402 1179 5467 igitur
1208 5416 1401 5451 notum
1433 5410 1516 5451 est
1545 5414 1945 5463 commentum;
1976 5402 2030 5454 5"
2052 5402 2155 5453 alia
2192 5408 2284 5453 lia-

705 5471 799 5523 bet
834 5470 1088 5524 Cauisuts
1120 5485 1240 5534 qua:
1275 5472 1359 5519 lue
1393 5472 1613 5529 deSunt,
1659 5486 1967 5535 quanquam
1999 5473 2237 5523 notanda
2268 5488 2280 5533 ς

708 5541 830 5591 Ideo
867 5540 1201 5604 reponimus.
1238 5537 1349 5588 Hoc
1385 5543 1509 5589 uniti
1542 5546 1759 5591 observa
1802 5540 2028 5606 Pelagus
2064 5541 2282 5592 inenar-

708 5611 875 5661 rabile
901 5609 1433 5674 miarrutiouumejus
1460 5610 1546 5673 qui
1571 5613 1712 5660 solus
1741 5612 1993 5676 benignus
2017 5622 2091 5661 est
2123 5610 2283 5664 Deus.

710 5696 797 5741 qut
836 5681 1006 5730 salvo-5
1056 5679 1179 5743 {aut
1228 5692 1273 5729 ct
1309 5679 1473 5745 gratis
1530 5690 1893 5729 misericordia
1951 5684 2285 5746 prosequitur

710 5761 956 5810 cumquot
1000 5756 1066 5801 ad
1104 5752 1277 5813 ipsum
1330 5749 1694 5814 conjugiuut‘:
1734 5765 1845 5800 rere
1903 5750 2068 5813 gratis
2104 5768 2113 5775 ·
2160 5766 2279 5800 nunt

2373 4918 2503 4991 quid
2541 4920 2671 4972 mihi
2719 4922 3021 4991 Munatium
3063 4922 3314 4976 obtulisse
3360 4924 3530 4977 dicere
3584 4925 3792 4991 possis,
3823 4928 3967 4991 quod

2377 4989 2488 5041 ulla
2520 5002 2762 5061 exparte
2788 4990 3168 5057 conferendum
3198 4994 3261 5044 sit
3288 5009 3403 5044 cum
3423 4989 3632 5061 judicio
3659 5006 3707 5045 et
3746 4989 3966 5047 interitu

2378 5066 2451 5130 tot
2476 5060 2775 5130 myriadum
2802 5064 3124 5124 animarum,
3152 5077 3269 5130 qua:
3296 5064 3348 5115 in
3378 5060 3609 5130 geltenua
3646 5065 3923 5129 perierunt
3947 5066 3971 5116 .’

2383 5125 2538 5180 Nihil
2564 5166 2579 5190 ,
2609 5132 2847 5197 confugit
2886 5142 3091 5183 tantum
3119 5125 3186 5183 ad
3217 5125 3405 5197 Deum',
3442 5144 3488 5185 et
3517 5134 3571 5184 in
3601 5125 3969 5185 miserationes

2382 5202 2500 5279 ejus
2528 5202 2987 5279 seprwcipiluvit,
3038 5217 3098 5251 ac
3133 5202 3329 5279 dignus
3375 5203 3589 5279 Italum:
3620 5215 3697 5255 est
3730 5205 3821 5270 qui
3848 5205 3969 5279 ejus

2385 5270 2755 5336 benignitatem
2780 5272 3133 5336 experiretur.
3167 5270 3351 5323 (intra
3390 5274 3510 5325 vide
3533 5287 3721 5338 supra,
3750 5289 3804 5338 ι».
3840 5273 3970 5337 ιυσ,

2386 5338 2487 5404 ὅρα
2509 5354 2680 5404 usque
2710 5343 2841 5408 παρ’
2869 5339 3059 5395 αὑτοῦ.
3085 5340 3178 5394 Sic
3206 5342 3417 5394 meritis
3444 5342 3694 5395 laudibus
3724 5346 3967 5394 divinam

2386 5410 2600 5458 extollit
2642 5410 3073 5461 misericordiam
3122 5412 3450 5465 Anastasius
3504 5421 3972 5478 peccatorumque

2390 5478 2763 5548 remissionem
2809 5482 3104 5547 gratuitam
3135 5520 3151 5543 ,
3184 5482 3248 5531 :ul
3279 5495 3445 5548 quant
3481 5482 3839 5533 obtinendam
3875 5485 3970 5533 ho-

2389 5547 2561 5617 mines
2601 5548 2834 5601 oll'erunt
2872 5550 3024 5605 nihil.
3073 5550 3130 5602 ιο
3180 5547 3471 5603 Observari
3515 5550 3721 5615 debet,
3756 5566 3879 5617 ψη
3906 5552 3970 5603 de

2389 5616 2617 5667 l'lzcchia
2656 5620 2923 5669 habentur
2948 5621 3000 5670 in
3034 5620 3273 5675 editione
3302 5619 3706 5675 tiombelisiaua
3739 5637 3850 5673 non
3875 5636 3968 5673 oc-

2387 5702 2607 5739 currere
2638 5689 2689 5739 in
2713 5687 3024 5743 llanisiaua.
3060 5689 3219 5743 Basn.
