4190 6438
209 439 346 498 ιιτιτ

1385 443 1670 502 ORATIO
1709 443 1788 501 ΙΝ
1832 443 2192 503 PSAIJIUM
2233 447 2331 506 \'l.

3352 457 3488 522 1138

202 550 262 596 ὃν
309 551 407 600 καὶ
467 550 954 622 παραφθείραντες
995 550 1278 613 παντελῶς
1345 556 1466 614 ταῖς
1516 553 1779 606 τοιαύται.

1905 563 1961 604 ut
2011 564 2375 618 pet-vertatur,
2429 555 2588 624 idque
2643 560 2986 627 cumprimis,
3028 563 3070 615 si
3119 565 3344 619 nefariis
3392 569 3489 622 lio-

203 643 523 708 ἐργασίαις,
582 645 678 694 καὶ
732 644 926 696 τοῦτον
977 644 1070 696 τοῦ
1123 644 1332 706 εὐθέως
1372 646 1794 711 ἀπαγαγόντες,

203 735 297 782 καὶ
322 734 634 786 τελευταῖον
664 736 757 787 ἐπὶ
785 737 846 787 τὸ
871 737 995 805 ὅρος
1019 737 1181 788 αὑτὸν
1207 735 1644 798 ἀναϐιϐάσαντες
1675 737 1798 805 μεθ’

201 827 451 885 ἑαυτῶν,
481 830 575 879 καὶ
608 827 913 898 λήσταρχον
946 831 1100 898 κοινῇ
1140 830 1654 897 χειροτονήσαντες,
1701 832 1797 881 ατε

205 917 434 982 μεγέθει
457 919 674 986 ἡλικίας
696 923 790 973 καὶ
812 922 1043 988 δυνάμει
1074 925 1396 990 προέχοντα,
1424 922 1491 974 τά
1523 923 1798 989 ἀνήκεστα

201 1011 513 1075 ἐπράττου·
555 1013 899 1080 ὁρμητήριον
933 1013 994 1063 τὸ
1023 1012 1156 1064 αὐτὸ
1185 1014 1310 1081 ὅρος
1348 1013 1666 1080 ποιούμενοι
1704 1015 1797 1066 καὶ

202 1101 570 1168 προσφύγιον.
609 1102 835 1169 Χρόνων
864 1103 1152 1173 τοιγαροῦν
1181 1104 1239 1154 ἐν
1265 1102 1344 1171 τῷ
1380 1105 1530 1174 μέσῳ
1559 1104 1794 1157 διελθόν-

197 1209 306 1240 των
336 1193 437 1243 ούκ
462 1192 683 1257 ὀλίγων,
712 1193 1026 1245 ἐπανελθὼν
1048 1195 1076 1245 6
1113 1194 1643 1264 ’ΛπόστολοςοςἋγε
1678 1213 1795 1265 μοι,

199 1285 368 1349 φησὶν
390 1323 404 1343 ,
442 1284 533 1334 ἐττί
569 1284 790 1336 πάντων
823 1285 959 1354 πρὸς
990 1286 1082 1336 τὸν
1115 1285 1450 1348 ἐπίσκοπον,
1485 1287 1581 1355 τὴν
1614 1304 1797 1356 παρα-

196 1376 377 1440 θήκην
418 1377 484 1441 ἣν
531 1375 852 1444 παρεθέμην
892 1393 975 1428 σοι
1027 1376 1122 1428 ἐπὶ
1157 1375 1397 1448 μάρτυρι
1441 1379 1563 1447 Θεῷ
1595 1379 1687 1430 καὶ
1726 1381 1792 1448 τῇ

209 1465 530 1534 Ἐκκλησία.
573 1485 589 1516 ι
631 1466 689 1518 ὐ
722 1467 775 1518 δὲ
809 1469 1111 1530 ἐπίσκοπος
1138 1470 1230 1521 ἐπὶ
1261 1470 1322 1521 τὸ
1352 1471 1558 1538 ῥήματι
1589 1471 1792 1522 ἐκπλα-

193 1557 335 1621 γείς·
363 1557 585 1624 ἐνῦμιζε
610 1559 720 1624 γάρ
745 1560 1000 1626 χρήματα
1023 1560 1173 1628 αὐτῷ
1199 1578 1322 1613 τινα
1350 1563 1790 1630 παρατεθειμένα

194 1649 257 1714 Irl
272 1649 408 1698 τεῖν·
437 1649 488 1698 τί
515 1649 607 1699 καὶ
632 1647 814 1713 λέγειν
835 1651 1053 1718 ἠπόρει.
1093 1651 1151 1702 '(l
1181 1651 1238 1704 δὲ
1277 1652 1531 1721 Ἰωάννης
1553 1654 1627 1715 ὡς
1651 1650 1792 1705 εἶδεν

195 1739 359 1788 αᾷτδν
393 1738 804 1806 ἀμηχανοῦντα·
864 1759 880 1790 ι
928 1743 1064 1809 ’Λγε
1114 1759 1240 1809 μοι,
1278 1745 1412 1812 φησι
1454 1746 1616 1796 πάλιν
1654 1745 1790 1816 πρὸς

193 1829 382 1888 αὑτὸν,
408 1827 454 1880 ὼ
487 1831 777 1894 ἐπίσκοπε,
809 1832 900 1884 τὸν
928 1834 1150 1885 νεανίαν
1189 1836 1398 1887 ἐκεῖνον
1425 1835 1484 1886 ὃν
1511 1853 1593 1888 σοι
1625 1855 1789 1906 παρε-

1905 640 2144 693 minibus
2197 657 2258 694 ac
2293 647 2707 712 currnptoribns
2763 651 3232 715 commisceatur;
3283 657 3485 721 princi—

1903 731 1990 797 pio
2036 732 2251 798 quidem
2303 749 2330 786 ιι
2382 736 2622 790 factiosis
2683 741 3008 807 quibusdam
3063 744 3217 805 viris,
3291 747 3380 812 qui
3434 759 3488 800 et

1902 823 2001 890 ipsi
2067 826 2423 891 perditissimi
2486 840 2701 886 essent.
2785 835 2848 884 ad
2909 845 3223 902 sumptuosa
3297 838 3485 888 eonvi-

1903 914 1984 963 via
2037 926 2429 980 provocatum;
2468 927 2578 969 tum
2632 921 2696 971 ad
2742 920 2902 985 furta,
2945 940 3007 976 ae
3053 927 3423 991 grassatioues
3467 945 3478 979 :

1901 1017 2233 1070 prorsusque
2287 1005 2629 1060 facinoribus
2660 1009 2925 1076 ejusmodi
2979 1016 3355 1082 depravatum,
3397 1028 3480 1069 at-

1901 1108 2004 1161 que
2030 1109 2058 1147 a
2106 1106 2256 1149 recto
2296 1095 2614 1162 abductum,
2661 1115 2724 1153 ae
2754 1103 2971 1154 demum
3011 1106 3062 1156 in
3097 1121 3331 1161 montem
3388 1111 3482 1161 ad-

1899 1188 2139 1248 ductmn,
2161 1188 2548 1258 eommunique
2580 1207 2768 1245 eorum
2792 1195 3022 1248 consilio
3054 1196 3325 1251 latronum
3374 1200 3478 1252 dti-

1895 1290 2011 1329 cem
2039 1289 2313 1341 creatum,
2346 1289 2604 1347 tanquam
2634 1283 2724 1350 qui
2755 1293 2966 1336 statura
3009 1289 3259 1355 corporis
3294 1305 3356 1343 ac
3395 1307 3480 1343 ro-

1895 1366 2027 1419 bore
2052 1377 2359 1433 praestarct,
2397 1370 2794 1423 immanissima
2826 1375 3031 1438 pariter
3065 1378 3326 1442 agitasse;
3355 1392 3477 1431 cum

1894 1458 1994 1508 sibi
2045 1458 2119 1509 illi
2166 1467 2406 1510 montent
2455 1459 2626 1523 illum,
2657 1475 2756 1514 ceu
2815 1474 3027 1527 portmu
3077 1469 3365 1531 quemdam
3416 1485 3479 1522 ac

1895 1547 2101 1615 asylum
2159 1546 2434 1601 fecissent.
2474 1547 2691 1603 Interim
2745 1563 2927 1604 autem
2966 1570 3070 1606 non
3123 1558 3334 1608 modico
3369 1559 3480 1610 ela-

1894 1655 1990 1705 pso
2040 1649 2304 1708 tempore,
2341 1656 2616 1696 reversuro
2649 1648 2864 1698 tandem
2909 1649 3240 1716 apostolum,
3277 1653 3346 1703 ita
3391 1670 3477 1718 pa-

1895 1728 1998 1781 lattt
2050 1732 2304 1782 omnibus
2361 1733 2617 1799 episCOpO
2681 1735 2887 1789 dixisse
2941 1755 2952 1789 :
3020 1758 3036 1786 ι
3086 1738 3243 1790 Modo
3298 1742 3480 1807 profer

1892 1820 2214 1886 depositum,
2249 1824 2393 1889 quod
2429 1825 2522 1888 tibi
2561 1826 2660 1878 sub
2691 1826 2799 1880 Deo
2833 1837 2989 1891 teste,
3027 1844 3091 1882 ac
3146 1831 3412 1893 Ecclesia,
3443 1850 3472 1887 ιι

194 1920 370 1984 θεμην
393 1917 469 1979 ὡς
504 1921 814 1989 ἐπισκόπῳ.
849 1941 866 1970 ι
918 1922 974 1973 ὐ
995 1923 1052 1974 δὲ
1086 1925 1335 1975 νεανίαν
1362 1925 1623 1986 ἀκούσας,
1666 1943 1779 1977 στε-

1895 1926 1982 1963 me
2030 1914 2409 1980 consignatum
2471 1916 2659 1970 habes.
2724 1935 2742 1968 ι
2796 1917 3155 1988 Olistttpuisse
3205 1935 3378 1976 autem
3423 1927 3472 1977 in

194 2008 363 2070 τάξας
407 2009 547 2076 μέγα
580 2011 674 2061 καὶ
706 2013 928 2079 πικρὸν,
954 2008 1073 2065 εἶτα
1095 2014 1428 2082 δακρυθεὶς,
1464 2037 1481 2066 ι
1516 2018 1788 2086 Τέθνηκεν

196 2102 429 2160 ἐκεῖνος,
477 2119 496 2150 ι
525 2101 662 2170 πρὸς
704 2103 962 2174 Ἰωάννην
994 2106 1379 2175 ἀποκρίνεται.
1420 2109 1528 2160 Καὶ
1563 2108 1727 2170 εὐθὺς
1761 2110 1790 2160 6

209 2191 490 2256 Ἰωάννης
522 2208 538 2240 ι
581 2193 701 2254 lito;
737 2194 768 2262 ἦ
795 2193 932 2263 ποίῳ
965 2196 1154 2263 τρόπῳ
1178 2234 1193 2257 ,
1236 2197 1381 2248 εἰπέ.
1413 2215 1430 2247 ι
1468 2197 1524 2248 'U
1551 2197 1607 2249 δὲ
1640 2217 1655 2248 t
1686 2197 1789 2250 Τὸν

194 2283 473 2334 ἀπευκτὸν
516 2284 613 2352 τῆς
641 2285 852 2355 ψυχῆς,
897 2288 1061 2356 φησὶ,
1105 2287 1355 2343 θάνατον.
1424 2290 1627 2359 Ἀπέϐη
1679 2290 1787 2358 γάρ

196 2375 465 2442 πονηρὸς,
483 2376 575 2426 καὶ
602 2375 842 2446 ἐξώλης,
870 2379 968 2430 καὶ
997 2378 1202 2450 λῃστὴς
1235 2381 1558 2448 βιαιότατος.
1586 2400 1602 2432 i
1625 2382 1733 2434 Καὶ
1759 2385 1787 2434 6

207 2467 558 2528 Ἀπόστολος·
591 2489 607 2518 ι
638 2470 821 2522 Καλόν
848 2488 931 2535 σε,
954 2466 998 2524 ὦ
1018 2473 1307 2536 ἐπίσκοπε,
1337 2475 1663 2543 φύλακατῆς
1680 2475 1784 2542 KP”-

194 2558 293 2625 χῆς
326 2561 645 2629 κατέστησα
675 2563 769 2614 τού
807 2564 1029 2629 παιόὁςς
1065 2585 1083 2615 ι
1121 2565 1305 2617 Ταῦτα
1334 2564 1523 2624 εἰπὼν,
1560 2567 1655 2618 καὶ
1695 2566 1784 2617 ἴπ-

191 2666 292 2701 πον
323 2651 590 2720 αἰτήσας,
626 2653 743 2721 ἅμα
773 2656 866 2706 καὶ
906 2655 1158 2721 ὁδηγοὺς,
1185 2656 1281 2725 τῆς
1309 2659 1387 2719 είς
1406 2656 1468 2707 τὸ
1495 2656 1785 2726 λῃστήριον

186 2742 514 2811 ἀπαγούσης
550 2745 762 2812 ἥπτετο
792 2745 1004 2814 τρίϐου.
1037 2747 1147 2798 Καὶ
1188 2747 1264 2809 ὡς
1296 2743 1442 2816 εἶχεν
1474 2749 1667 2817 ἤλαυνε
1708 2749 1784 2819 τῷ

187 2833 340 2902 ἵππῳ
382 2834 611 2896 ἐπιϐάς,
652 2834 980 2903 βουλόμενος
1019 2835 1081 2886 τὸ
1128 2837 1400 2906 πλανηθὲν
1440 2838 1780 2891 ἀνακαλέσα-

188 2923 312 2975 σθαι
344 2922 642 2990 πρόϐατον.
675 2923 786 2975 Καὶ
815 2924 879 2993 δὴ
905 2923 1120 2991 φθάσας
1148 2925 1243 2977 ἐπὶ
1279 2927 1341 2977 τὸ
1380 2925 1505 2996 ὅρος
1526 2968 1540 2990 ,
1572 2927 1783 2995 λαμϐά-

184 3030 336 3065 νεται
367 3014 477 3066 ὑπὸ
497 3015 593 3082 τῆς
624 3015 988 3085 προφυλακῆς
1019 3016 1128 3068 τῶν
1158 3017 1395 3086 λῃστῶν,
1429 3017 1596 3087 μηδὲν
1629 3019 1783 3070 ἀντι-

185 3108 404 3167 τείνων,
444 3107 479 3175 ἢ
537 3108 732 3175 ἕτερον
786 3107 984 3174 λέγων,
1037 3107 1154 3160 ἀλλ’
1188 3109 1221 3178 ἢ
1261 3107 1421 3162 τοῦτο
1456 3111 1551 3162 καὶ
1591 3111 1778 3179 μόνον·

189 3215 206 3247 ι
245 3198 339 3259 Εἰς
367 3197 463 3250 τὸν
491 3198 729 3267 ἄρχοντα
758 3197 913 3268 ὑμῶν
935 3199 1176 3266 ἀγάγετέ
1202 3217 1290 3269 με.
1326 3220 1344 3252 ι
1391 3200 1448 3254 Ὀ
1469 3201 1525 3254 δὲ
1555 3201 1780 3271 λῄσταρ-
1808 3234 1849 3291 C

184 3307 276 3358 χος
312 3289 392 3350 ὼς
443 3290 606 3360 μόνον
657 3290 928 3344 ἐθεάσατο
976 3291 1068 3344 τὸν
1133 3291 1388 3363 Ἰωάννην
1445 3296 1777 3364 ἐρχόμενον,

184 3381 322 3433 καθὸ
367 3382 895 3451 παρεσκευασμένος
941 3383 1124 3436 ἵστατο
1171 3384 1267 3436 καὶ
1321 3385 1778 3455 καθωπλισμένος

183 3476 283 3525 σὺν
315 3473 501 3535 αὐτοῖς
528 3475 638 3534 τοῖς
660 3473 761 3543 τῆς
793 3474 1046 3547 λῃστείας
1074 3477 1451 3546 παρασήμοις,
1482 3477 1674 3548 ᾤχετο.
1721 3480 1777 3531 Ἰ)

181 3565 237 3616 δὲ
292 3564 554 3632 Ἰωάννης
585 3562 777 3633 ῶσπερ
823 3564 916 3617 τοῦ
962 3567 1170 3636 γήρους
1215 3566 1640 3636 ἐπιλαθόμενος,
1684 3572 1778 3622 καὶ

183 3658 388 3719 παντὸς
436 3655 598 3709 ἄλλου
646 3655 743 3707 τοῦ
786 3656 895 3709 ἀπὸ
944 3658 1045 3726 τῆς
1085 3659 1308 3729 πορείας
1357 3660 1640 3729 καμάτου,
1686 3661 1778 3712 τὸν

182 3747 570 3816 ὑποφεύγοντα
600 3747 899 3799 κατεδίωκε
921 3788 936 3810 ,
965 3749 1184 3819 κράζων
1213 3751 1428 3818 μεγάλα
1451 3754 1545 3804 καὶ
1577 3752 1772 3819 λέγων’

183 3861 200 3890 ι
240 3839 434 3909 Στῆθι,
489 3841 701 3902 τέκνον,
742 3840 816 3910 μὴ
863 3841 1051 3907 φοϐοῦ.
1102 3842 1166 3893 Τί
1211 3859 1278 3910 με
1312 3843 1534 3909 φεύγεις
1563 3846 1653 3895 τὸν
1685 3844 1775 3896 σὺν

178 3933 436 4001 πατέρας
475 3931 540 3982 Τί
574 3949 662 4000 μοι
692 3931 894 3994 κόπους
932 3931 1234 4002 παρέχεις;
1268 3934 1550 4004 Οίκτειρόν
1590 3952 1655 4003 με
1683 3936 1773 3987 τὸν

180 4026 420 4095 γέροντα
440 4065 454 4080 .
485 4024 628 4093 ἔχεις
659 4023 851 4076 ἐλπίδα
884 4025 1162 4094 σωτηρίας
1182 4043 1196 4056 ·
1234 4025 1343 4092 ἐγὼ
1380 4026 1521 4096 ὑπὲρ
1554 4027 1648 4078 σοῦ
1674 4029 1770 4097 τὴν

178 4119 364 4187 ψυχήν
407 4135 509 4186 μου
551 4116 723 4185 θήσω,
770 4116 846 4178 ὡς
880 4117 908 4168 6
947 4117 1153 4186 Κύριος
1189 4118 1328 4187 ὑπὲρ
1367 4119 1549 4188 ἡμῶν.
1595 4120 1774 4172 Μόνον

181 4208 367 4279 στῆθι,
400 4208 609 4270 τέκνον,
642 4207 917 4261 πιστεύων
947 4207 1028 4260 ὅτι
1061 4209 1089 4260 6
1125 4208 1358 4278 Χριστός
1392 4225 1458 4279 με
1484 4209 1771 4262 ἀπέστειλε

173 4298 276 4366 τὴν
301 4296 586 4365 σωτηρίαν
618 4313 702 4348 σοι
730 4296 796 4348 δι’
824 4295 961 4365 ἐμοῦ
994 4295 1472 4365 προμηθούμενος.
1521 4298 1640 4349 Ἐπ’
1671 4300 1771 4367 ἐμὲ

173 4389 236 4440 τὸ
269 4387 498 4457 φορτίον
524 4386 634 4438 τῶν
665 4386 954 4456 ἁμαρτιῶν
986 4403 1102 4450 σου,
1146 4385 1235 4438 ἐπ’
1265 4386 1364 4454 ἐμὲ
1388 4387 1449 4438 τὸ
1486 4381 1623 4456 αἷμα
1662 4386 1772 4440 τῶν

173 4483 286 4534 ἀπὸ
334 4480 430 4533 σοῦ
470 4480 670 4543 ἀδίκως
705 4479 1129 4548 ἀναιρεθέντων.
1191 4497 1209 4529 ι
1252 4478 1440 4532 Ταῦτα
1486 4481 1704 4532 ἀκούων
1742 4481 1771 4532 6

1895 2005 2060 2054 verbo
2110 2005 2208 2055 hoe
2257 2007 2572 2075 cpisCOputn
2628 2011 2879 2076 (putabat
2912 2014 3058 2065 enim
3117 2016 3471 2082 pecuniarum

1892 2093 2093 2161 aliquid
2122 2093 2381 2150 Joannem
2409 2114 2680 2164 quaerere,
2713 2104 2857 2169 quod
2917 2104 3161 2170 deposito
3219 2106 3474 2159 ll‘iltlltlla'

1890 2191 2016 2253 set),
2061 2187 2284 2240 dubium
2348 2193 2532 2243 animo
2589 2194 2718 2260 qttid
2777 2200 3155 2262 responderet.
3207 2195 3470 2248 Joannem

1893 2291 2041 2338 vero,
2070 2293 2190 2331 cum
2236 2280 2314 2334 sic
2351 2281 2564 2349 inopem
2610 2285 2824 2338 consilii
2859 2288 3089 2349 videret,
3141 2290 3268 2341 talia
3325 2290 3470 2341 intu-

1890 2366 2014 2419 lisse
2065 2384 2079 2420 :
2123 2384 2142 2417 ι
2183 2368 2390 2440 Adduc,
2447 2387 2480 2424 ο
2515 2372 2790 2440 ορίεοορε,
2824 2387 2983 2440 quem
3045 2377 3140 2429 tibi
3206 2387 3469 2444 tanquam

1887 2457 2144 2526 episcopo
2193 2459 2592 2516 adolescentem
2643 2465 2890 2531 deposito
2955 2466 3174 2520 tradidi.
3219 2486 3238 2518 ι
3293 2467 3468 2529 Illum,

1889 2561 2011 2600 cum
2055 2549 2439 2603 adolescentem
2485 2554 2748 2619 audisset,
2790 2556 2990 2622 ingenti
3028 2574 3331 2622 amaroqtte
3371 2574 3467 2626 ge-

1889 2641 2044 2701 tnitu,
2081 2642 2415 2708 subiudeque
2448 2642 2499 2694 in
2537 2643 2805 2714 laerymas
2842 2647 3102 2714 elfusum,
3134 2648 3327 2702 Joanni
3380 2666 3468 2702 re-

1886 2732 2190 2796 Spondisse,
2245 2749 2366 2786 eum
2419 2744 2691 2788 mortuum
2722 2752 2863 2791 esse.
2908 2739 3215 2807 blatimque
3247 2755 3470 2808 percon-

1889 2831 2034 2873 tante
2057 2820 2287 2885 Joanne,
2323 2826 2615 2891 quomodo,
2645 2837 2737 2879 aut
2761 2842 2868 2896 qua
2894 2829 2944 2882 id
2976 2833 3183 2886 ratione
3209 2832 3470 2887 haberet?

1885 2912 2084 2966 dixisse
2115 2913 2469 2981 cpiseOpum,
2518 2918 2915 2986 deprecabilem
2968 2923 3162 2975 anima:
3215 2935 3464 2978 mortem.

1891 3020 1906 3050 I
1947 3005 2178 3068 Etenim,
2211 3007 2408 3074 inquit,
2439 3011 2611 3062 evasit
2638 3026 2870 3078 nequam
2900 3028 2963 3066 ac
3010 3017 3276 3081 perditus,
3310 3017 3470 3071 latro-

1885 3109 2123 3164 numque
2144 3100 2502 3153 swvissimus.
2545 3121 2563 3152 ο
2584 3100 2831 3170 Tumque
2858 3119 2980 3157 eum
3011 3106 3410 3177 adepiscopum
3450 3127 3463 3162 :

1893 3203 1910 3236 ι
1966 3187 2170 3240 Bonum
2199 3198 2268 3253 te,
2299 3205 2331 3243 0
2380 3193 2655 3260 episcOpc,
2689 3194 3045 3250 adolescentis
3093 3198 3287 3250 anima:
3328 3215 3467 3252 con-

1885 3280 2034 3333 stitui
2069 3282 2394 3334 custodem?
2437 3301 2456 3333 »
2497 3283 2704 3352 llisque
2732 3285 2913 3350 dictis,
2965 3302 3029 3338 ac
3075 3289 3241 3354 petito
3288 3305 3463 3356 equo,

1887 3389 1984 3428 nec
2018 3389 2124 3428 non
2153 3376 2252 3428 viae
2277 3376 2529 3444 ducibus,
2567 3379 2669 3432 iter
2690 3381 2756 3432 ad
2783 3380 3052 3434 latronum
3097 3381 3226 3434 illud
3278 3383 3464 3435 diver-

1881 3467 2085 3520 sorium
2117 3468 2444 3537 arbipuisse,
2471 3472 2650 3524 studio
2682 3473 2800 3525 ovis
2836 3472 3076 3526 errantis
3123 3475 3462 3526 revocandae.

1879 3561 1955 3612 Ac
1979 3573 2134 3623 sane,
2162 3575 2285 3612 cum
2311 3563 2549 3614 venisset
2581 3563 2646 3615 ad
2675 3571 2936 3624 montem,
2971 3577 2998 3614 a
3030 3563 3304 3616 latronum
3357 3578 3456 3616 es-

1880 3652 2050 3705 cubiis
2071 3662 2290 3721 captum
2324 3669 2468 3717 esse,
2503 3670 2623 3707 cum
2661 3656 2793 3708 nihil
2825 3657 2939 3723 ipse
2968 3656 3327 3718 obuiteretnr,
3363 3675 3461 3712 nec

1880 3743 2024 3796 aliud
2075 3745 2369 3813 quidquam
2423 3746 2664 3809 diceret,
2695 3757 2892 3815 [)l'iBlCl'
2929 3748 3028 3800 hoc
3061 3748 3236 3801 soluunt
3270 3764 3284 3800 :
3322 3771 3338 3801 ι
3383 3753 3460 3804 Ad

1881 3847 2120 3889 vestrum
2151 3852 2234 3889 inc
2259 3838 2449 3890 ducem
2496 3838 2766 3890 adducite.
2806 3857 2824 3888 ι
2856 3839 3157 3900 (Steterunt,
3189 3840 3460 3895 latronum

1877 3930 2197 3998 principem,
2252 3939 2309 3982 ut
2347 3939 2552 3984 tantum
2606 3933 2907 4000 aspexisset
2947 3934 3254 3986 venientem
3298 3933 3460 3988 Joan-

1879 4037 2022 4084 nem,
2048 4038 2155 4089 quo
2197 4023 2381 4076 habitu
2415 4024 2712 4076 instructus
2743 4034 3098 4092 armatusque
3131 4041 3253 4078 cum
3274 4026 3457 4092 sociis,

1878 4116 2143 4168 latronum
2177 4115 2530 4168 nobilissimis
2586 4116 2786 4178 stabat,
2829 4116 3126 4184 aufugisse.
3156 4117 3454 4181 Joannem,

1877 4203 2021 4258 velut
2052 4206 2364 4266 senectutis,
2403 4220 2466 4258 ac
2499 4207 2663 4257 totius
2709 4206 2776 4258 ab
2811 4206 3008 4259 itinere
3059 4207 3283 4272 laboris,
3315 4212 3454 4260 oliti-

1878 4303 2010 4356 tum,
2041 4293 2334 4361 fugientem
2369 4298 2670 4347 insecutum
2703 4309 2843 4373 esse,
2877 4297 3048 4350 altqu
3095 4298 3220 4364 quid
3256 4299 3307 4350 in
3342 4300 3454 4350 lnec

1873 4388 2034 4441 verba
2060 4389 2384 4440 clamantem
2415 4411 2426 4441 ;
2465 4404 2484 4437 ι
2523 4387 2692 4450 Siste,
2725 4387 2819 4446 lili,
2856 4403 2922 4440 ne
2949 4388 3158 4441 timeas.
3185 4389 3323 4454 Quid
3370 4407 3456 4442 tne

1875 4488 2022 4532 tuum
2067 4488 2274 4545 patrem
2332 4477 2510 4547 fugis?
2541 4477 2680 4543 Quid
2718 4477 2847 4530 mihi
2884 4477 3126 4531 laborem
3179 4478 3454 4533 facis?'l‘e

173 4573 504 4644 ἀποτρέχων
535 4571 842 4633 νεανίσκος,
867 4570 998 4640 ἔστη
1030 4570 1192 4639 ῥίψας
1218 4570 1286 4622 τὰ
1301 4571 1465 4635 ὅπλα,
1492 4571 1586 4624 καὶ
1604 4572 1768 4641 πρόσ-

1883 4572 1975 4624 mci
2010 4569 2156 4623 senis
2208 4572 2489 4634 misereat;
2516 4579 2602 4622 est
2642 4584 2767 4636 spes
2817 4568 3041 4623 salutis:
3076 4584 3174 4636 ego
3215 4572 3450 4622 animum

173 4684 280 4718 εισι
307 4664 389 4734 τῷ
422 4663 666 4734 Ἰωάννη,
691 4663 910 4732 τρέμων
933 4661 1070 4731 ὁμοῦ
1107 4664 1202 4716 καὶ
1233 4662 1436 4715 κλαίων
1493 4663 1764 4732 σφοδρῶς,

173 4759 248 4820 ὡς
307 4757 449 4827 μηδὲ
509 4755 843 4823 φθέγγεσθαι
897 4754 1004 4806 ὑπὸ
1053 4756 1164 4808 τῶν
1209 4755 1463 4825 δακρύων
1517 4757 1766 4825 ἰσχύειν,

177 4849 419 4916 μάλιστα
447 4845 527 4914 τῷ
555 4847 619 4897 ἐκ
653 4843 748 4896 τοῦ
793 4844 1024 4905 πένθους
1057 4845 1251 4913 λυγμῷ
1295 4847 1396 4915 τῆς
1431 4846 1618 4914 φωνῆς
1648 4847 1767 4898 ἐπι-

176 4937 547 5006 κοπτομένης.
593 4935 652 4988 '0
686 4935 742 4988 δέ
790 4934 1044 5006 Ἰωάννης
1091 4935 1316 5004 θαρρεῖν
1356 4935 1535 5006 αὐτῷ,
1582 4953 1764 5005 παρα-

173 5029 539 5098 κελευόμενος
559 5026 652 5079 καί
675 5025 892 5096 χρηστά
926 5025 1251 5094 προσδοκᾷν,
1279 5026 1360 5088 εἰς
1390 5025 1766 5096 πληροφορίαν

172 5121 246 5172 ῶν
273 5135 336 5172 τε
367 5117 525 5171 λείαν
559 5115 1006 5186 παραθαρρύνων
1035 5116 1230 5182 αὑτὸν,
1264 5119 1421 5184 ἐλεγε
1456 5118 1530 5188 μὴ
1571 5119 1765 5186 ἀπογι-

172 5211 410 5263 νώσκειν
443 5207 542 5278 τὴν
572 5205 768 5259 ἐαυτοῦ
796 5209 1073 5276 σωτηρίαν
1091 5223 1107 5238 ’
1140 5210 1428 5278 κατεφίλει
1455 5210 1556 5278 τὴν
1581 5210 1764 5275 δεξιάν

170 5301 337 5354 αὑτοῦ
375 5302 560 5372 χεῖρα,
601 5299 682 5350 ἐτι
710 5298 884 5368 αὐτὴν
925 5299 1258 5370 ᾑμαγμένην
1287 5301 1471 5352 λαδὼν
1493 5341 1508 5365 ,
1542 5301 1619 5363 ὠς
1662 5302 1761 5372 ἤδη

171 5392 550 5462 καθαρθεῖσαν
571 5391 686 5452 τοῖς
716 5389 1001 5460 δάκρυσινο
1036 5391 1094 5443 ὃν
1121 5392 1214 5444 καὶ
1237 5391 1618 5462 διορθούμενος
1642 5395 1762 5456 ταῖς

165 5477 578 5541 διδασκαλίαις,
612 5476 706 5528 καὶ
733 5476 829 5528 τοῦ
864 5477 1160 5548 πτώματος
1193 5481 1446 5545 ἁνιστῶν,
1470 5482 1530 5532 οὐ
1559 5481 1760 5552 πρότε-

168 5590 258 5640 ρον
287 5571 512 5637 ἀπέστη
545 5568 617 5621 τὰ
655 5569 794 5638 πρὸς
831 5570 1172 5641 ἐπιστροφὴν
1211 5573 1306 5624 καὶ
1345 5571 1636 5643 διόρθωσιν
1664 5573 1758 5626 τοῦ

166 5665 512 5723 ἀποστάντος
541 5661 796 5725 ἐπινοῶν,
827 5661 931 5724 ἓως
961 5664 1125 5717 αὑτὸν
1163 5664 1326 5717 πάλιν
1349 5669 1414 5735 τῇ
1459 5665 1759 5736 Ἐκκλησία

169 5758 475 5822 συνήγαγεο
508 5755 642 5805 πᾶσι
670 5755 779 5815 τοῖς
805 5755 1128 5822 μετέπειτα,
1151 5757 1210 5808 τὸ
1231 5759 1358 5827 περὶ
1379 5758 1467 5809 τὸν
1497 5760 1757 5827 νεώτερον

169 5845 377 5897 ἐκεῖνον
400 5843 773 5913 γεγενημένον
798 5847 1055 5912 μετανι-ία
1073 5867 1085 5910 ;.
1106 5847 1430 5917 ιὲλικρινοῦς
1459 5848 1611 5900 ύπ-ἰδε
1629 5892 1636 5899 .
1656 5867 1756 5915 ,μισ

1873 4679 2046 4716 meam
2088 4677 2185 4728 pro
2219 4672 2268 4714 te
2302 4679 2520 4728 ponam,
2547 4678 2650 4729 qua
2686 4661 2947 4714 Dominus
2975 4665 3184 4714 ratione
3227 4677 3324 4730 pro
3357 4679 3454 4714 Im-

1870 4753 1953 4808 bis
2013 4753 2211 4821 posuit.
2262 4752 2496 4806 Tantum
2547 4754 2701 4813 siste,
2740 4751 2854 4814 fili,
2889 4751 2938 4804 id
2997 4753 3180 4804 animo
3237 4755 3450 4804 firmum

1871 4846 2072 4899 habens
2101 4845 2324 4898 missum
2361 4861 2445 4896 itte
2476 4843 2542 4897 ad
2574 4856 2622 4897 te
2668 4859 2696 4896 a
2747 4843 2994 4906 Christo,
3025 4845 3114 4910 qui
3159 4852 3307 4895 luam
3357 4860 3453 4909 per

1871 4953 1955 4990 tne
1984 4936 2215 4990 salutem
2244 4945 2415 4990 curet.
2449 4934 2505 4988 lit
2543 4951 2627 4988 me
2664 4934 2733 4988 sit
2760 4950 2896 4987 onus
2946 4928 3161 4987 tuorum
3192 4945 3448 5000 peccatu-

1868 5045 1985 5083 rum
2017 5047 2028 5082 :
2072 5029 2123 5082 iii
2160 5044 2243 5082 me
2280 5043 2467 5083 eorum
2509 5027 2751 5095 sanguis,
2782 5027 2874 5094 qui
2920 5036 3011 5077 tua
3053 5025 3250 5091 injuste
3284 5043 3443 5078 tnantt

1871 5120 2137 5173 interfecti
2161 5129 2305 5174 sunt.
2353 5137 2371 5169 ι
2409 5117 2533 5172 lla:c
2551 5117 2862 5171 audientem
2893 5115 3140 5184 fugacem
3166 5115 3444 5182 juvenem,

1867 5211 2082 5264 stetiSse
2140 5209 2392 5275 projectis
2455 5208 2646 5270 armis,
2673 5223 2736 5262 ac
2767 5209 2833 5260 ad
2890 5208 3179 5272 Joannem,
3209 5218 3448 5260 tremore

1866 5303 2068 5370 pariter
2091 5317 2155 5355 ac
2186 5302 2314 5355 fletu
2348 5300 2548 5363 valido,
2580 5310 2637 5354 ut
2682 5313 2752 5355 ne
2790 5299 3009 5368 quidem
3061 5299 3204 5367 loqui
3236 5315 3330 5366 per
3373 5301 3450 5349 la-

1865 5408 2078 5460 crymas
2120 5393 2408 5454 sineretur,
2437 5391 2673 5460 singultu
2698 5391 2932 5444 maxime
2969 5404 2998 5441 a
3031 5388 3173 5441 luctu
3219 5403 3283 5440 ac
3315 5404 3449 5441 une-

1867 5499 1990 5537 rore
2021 5499 2204 5537 vocem
2234 5481 2610 5540 intercidente,
2640 5480 2958 5534 accessisse.
2985 5477 3274 5537 Joannem,
3305 5477 3447 5528 lionu

1864 5578 2046 5646 animo
2097 5576 2376 5643 jubeutem
2417 5587 2574 5637 esse,
2607 5588 2669 5626 ac
2705 5573 2875 5626 bonas
2916 5585 3137 5640 sperare
3171 5611 3184 5631 ,
3230 5581 3436 5622 certam
3505 5579 3516 5589 '

1862 5669 2082 5720 omnino
2106 5666 2353 5718 fiduciam
2392 5666 2603 5728 fecisse,
2640 5679 2704 5718 ac
2752 5680 2819 5718 ne
2859 5665 2924 5717 de
2961 5678 3056 5716 sua
3089 5663 3260 5714 salute
3297 5677 3445 5727 spem

1863 5756 2141 5822 i'l’llccml.
2167 5756 2433 5809 edixisse:
2461 5756 2578 5821 ejus
2614 5755 2918 5807 usrulatnm
2973 5754 3278 5813 dexteram,
3323 5768 3444 5802 eum

1863 5851 2036 5902 adhuc
2095 5862 2371 5902 L‘tueulattt
2432 5847 2775 5916 .tceepisset.
2831 5847 2972 5900 velut
3017 5860 3125 5915 jam
3191 5845 3446 5896 lat-umis
