  <div class='ocr_page' id='page_1' title='image "/cluster/home/n/w/nwhite01/storage/ocr_20150623/89/nnc1.0046980172/596.png"; bbox 0 0 4190 6438; ppageno 0'>
   <div class='ocr_carea' id='block_1_1' title="bbox 211 428 340 491">
    <p class='ocr_par' dir='ltr' id='par_1_1' title="bbox 211 428 340 491">
     <span class='ocr_line' id='line_1_1' title="bbox 211 428 340 491; baseline 0.008 -1"><span class='ocrx_word' id='word_1_1' title='bbox 211 428 340 491; x_wconf 72' lang='grc'><strong>1111</strong></span> 
     </span>
    </p>
   </div>
   <div class='ocr_carea' id='block_1_2' title="bbox 279 537 1852 608">
    <p class='ocr_par' dir='ltr' id='par_1_2' title="bbox 279 537 1852 608">
     <span class='ocr_line' id='line_1_2' title="bbox 279 537 1852 608; baseline -0.003 -16"><span class='ocrx_word' id='word_1_2' title='bbox 279 540 468 592; x_wconf 83' lang='grc' dir='ltr'>Ταῦτα</span> <span class='ocrx_word' id='word_1_3' title='bbox 508 540 600 592; x_wconf 72' lang='grc' dir='ltr'>καὶ</span> <span class='ocrx_word' id='word_1_4' title='bbox 632 539 857 591; x_wconf 82' lang='grc' dir='ltr'>πλείονα</span> <span class='ocrx_word' id='word_1_5' title='bbox 891 538 1098 591; x_wconf 87' lang='grc' dir='ltr'>τούτων</span> <span class='ocrx_word' id='word_1_6' title='bbox 1125 540 1244 600; x_wconf 88' lang='grc' dir='ltr'>ταῖς</span> <span class='ocrx_word' id='word_1_7' title='bbox 1285 538 1518 603; x_wconf 78' lang='grc' dir='ltr'>ἐξοδίαις</span> <span class='ocrx_word' id='word_1_8' title='bbox 1559 537 1729 608; x_wconf 80' lang='grc' dir='ltr'>ὥραις</span> <span class='ocrx_word' id='word_1_9' title='bbox 1750 538 1778 588; x_wconf 83' lang='grc' dir='ltr'>ὁ</span> <span class='ocrx_word' id='word_1_10' title='bbox 1806 543 1852 596; x_wconf 76' lang='grc' dir='ltr'><strong>Α</strong></span> 
     </span>
    </p>
   </div>
   <div class='ocr_carea' id='block_1_3' title="bbox 209 625 1778 698">
    <p class='ocr_par' dir='ltr' id='par_1_3' title="bbox 209 625 1778 698">
     <span class='ocr_line' id='line_1_3' title="bbox 209 625 1778 698; baseline -0.001 -19"><span class='ocrx_word' id='word_1_11' title='bbox 209 631 413 698; x_wconf 77' lang='grc' dir='ltr'>λῃστὴς</span> <span class='ocrx_word' id='word_1_12' title='bbox 446 630 970 697; x_wconf 80' lang='grc' dir='ltr'><strong>ἐξομολογούμενος,</strong></span> <span class='ocrx_word' id='word_1_13' title='bbox 1005 631 1097 682; x_wconf 83' lang='grc' dir='ltr'>καὶ</span> <span class='ocrx_word' id='word_1_14' title='bbox 1125 629 1192 680; x_wconf 67' lang='grc' dir='ltr'><strong>τά</strong></span> <span class='ocrx_word' id='word_1_15' title='bbox 1226 629 1439 698; x_wconf 83' lang='grc' dir='ltr'>δάκρυα</span> <span class='ocrx_word' id='word_1_16' title='bbox 1473 625 1557 690; x_wconf 77' lang='grc' dir='ltr'>οἷς</span> <span class='ocrx_word' id='word_1_17' title='bbox 1606 627 1778 679; x_wconf 77' lang='grc' dir='ltr'>ἱλεού-</span> 
     </span>
    </p>
   </div>
   <div class='ocr_carea' id='block_1_4' title="bbox 213 716 1775 788">
    <p class='ocr_par' dir='ltr' id='par_1_4' title="bbox 213 716 1775 788">
     <span class='ocr_line' id='line_1_4' title="bbox 213 716 1775 788; baseline -0.002 -18"><span class='ocrx_word' id='word_1_18' title='bbox 213 737 376 785; x_wconf 77' lang='grc' dir='ltr'>μενος</span> <span class='ocrx_word' id='word_1_19' title='bbox 405 720 496 770; x_wconf 84' lang='grc' dir='ltr'><strong>τὸν</strong></span> <span class='ocrx_word' id='word_1_20' title='bbox 538 720 676 770; x_wconf 82' lang='grc' dir='ltr'>Θεὸν</span> <span class='ocrx_word' id='word_1_21' title='bbox 699 757 714 778; x_wconf 81' lang='lat'><em>.</em></span> <span class='ocrx_word' id='word_1_22' title='bbox 745 719 936 770; x_wconf 83' lang='grc' dir='ltr'>ἐαυτὸν</span> <span class='ocrx_word' id='word_1_23' title='bbox 967 718 1254 788; x_wconf 70' lang='grc' dir='ltr'>περιέρρει</span> <span class='ocrx_word' id='word_1_24' title='bbox 1284 758 1299 782; x_wconf 92' lang='grc'><strong>,</strong></span> <span class='ocrx_word' id='word_1_25' title='bbox 1339 719 1420 786; x_wconf 82' lang='grc' dir='ltr'>τῷ</span> <span class='ocrx_word' id='word_1_26' title='bbox 1449 722 1546 786; x_wconf 84' lang='grc' dir='ltr'><strong>τῆς</strong></span> <span class='ocrx_word' id='word_1_27' title='bbox 1581 716 1775 769; x_wconf 89' lang='grc' dir='ltr'>ἑαυτοῦ</span> 
     </span>
    </p>
   </div>
   <div class='ocr_carea' id='block_1_5' title="bbox 211 807 1778 878">
    <p class='ocr_par' dir='ltr' id='par_1_5' title="bbox 211 807 1778 878">
     <span class='ocr_line' id='line_1_5' title="bbox 211 807 1778 878; baseline -0.001 -19"><span class='ocrx_word' id='word_1_28' title='bbox 211 809 459 877; x_wconf 74' lang='grc' dir='ltr'>κεφαλῆς</span> <span class='ocrx_word' id='word_1_29' title='bbox 490 807 950 877; x_wconf 85' lang='grc' dir='ltr'>περικαλύμματι</span> <span class='ocrx_word' id='word_1_30' title='bbox 977 809 1320 875; x_wconf 84' lang='grc' dir='ltr'>ἁπομάσσων</span> <span class='ocrx_word' id='word_1_31' title='bbox 1339 848 1354 872; x_wconf 92' lang='grc'><strong>,</strong></span> <span class='ocrx_word' id='word_1_32' title='bbox 1398 809 1686 878; x_wconf 85' lang='grc' dir='ltr'>παρέδωκε</span> <span class='ocrx_word' id='word_1_33' title='bbox 1716 807 1778 858; x_wconf 85' lang='grc' dir='ltr'><strong>τὸ</strong></span> 
     </span>
    </p>
   </div>
   <div class='ocr_carea' id='block_1_6' title="bbox 210 899 1778 969">
    <p class='ocr_par' dir='ltr' id='par_1_6' title="bbox 210 899 1778 969">
     <span class='ocr_line' id='line_1_6' title="bbox 210 899 1778 969; baseline 0 -19"><span class='ocrx_word' id='word_1_34' title='bbox 210 899 434 968; x_wconf 66' lang='grc' dir='ltr'>πνεῦμα</span> <span class='ocrx_word' id='word_1_35' title='bbox 463 915 479 930; x_wconf 86' lang='grc'>⁶</span> <span class='ocrx_word' id='word_1_36' title='bbox 515 900 592 961; x_wconf 84' lang='grc' dir='ltr'>ὡς</span> <span class='ocrx_word' id='word_1_37' title='bbox 640 900 867 969; x_wconf 79' lang='grc' dir='ltr'>ὕστερον</span> <span class='ocrx_word' id='word_1_38' title='bbox 909 900 1060 969; x_wconf 83' lang='grc' dir='ltr'>παρά</span> <span class='ocrx_word' id='word_1_39' title='bbox 1093 901 1202 951; x_wconf 89' lang='grc' dir='ltr'><strong>τῶν</strong></span> <span class='ocrx_word' id='word_1_40' title='bbox 1239 900 1778 968; x_wconf 81' lang='grc' dir='ltr'><strong>συμπαρακειμένων</strong></span> 
     </span>
    </p>
   </div>
   <div class='ocr_carea' id='block_1_7' title="bbox 208 989 1774 1060">
    <p class='ocr_par' dir='ltr' id='par_1_7' title="bbox 208 989 1774 1060">
     <span class='ocr_line' id='line_1_7' title="bbox 208 989 1774 1060; baseline 0 -18"><span class='ocrx_word' id='word_1_41' title='bbox 208 991 397 1058; x_wconf 61' lang='grc' dir='ltr'>αὐτῷ,</span> <span class='ocrx_word' id='word_1_42' title='bbox 434 989 683 1058; x_wconf 83' lang='grc' dir='ltr'>ἀκριϐῶς</span> <span class='ocrx_word' id='word_1_43' title='bbox 727 994 756 1043; x_wconf 85' lang='grc' dir='ltr'>ὁ</span> <span class='ocrx_word' id='word_1_44' title='bbox 788 990 1028 1053; x_wconf 82' lang='grc' dir='ltr'>τοιοῦτος</span> <span class='ocrx_word' id='word_1_45' title='bbox 1065 991 1294 1053; x_wconf 85' lang='grc' dir='ltr'>θάνατος</span> <span class='ocrx_word' id='word_1_46' title='bbox 1326 991 1660 1060; x_wconf 83' lang='grc' dir='ltr'>διεγνώσθη.</span> <span class='ocrx_word' id='word_1_47' title='bbox 1714 992 1774 1042; x_wconf 88' lang='lat'><strong>&#39;0</strong></span> 
     </span>
    </p>
   </div>
   <div class='ocr_carea' id='block_1_8' title="bbox 206 1080 1775 1152">
    <p class='ocr_par' dir='ltr' id='par_1_8' title="bbox 206 1080 1775 1152">
     <span class='ocr_line' id='line_1_8' title="bbox 206 1080 1775 1152; baseline -0.001 -19"><span class='ocrx_word' id='word_1_48' title='bbox 206 1083 263 1134; x_wconf 76' lang='grc' dir='ltr'><strong>δὲ</strong></span> <span class='ocrx_word' id='word_1_49' title='bbox 298 1081 684 1150; x_wconf 85' lang='grc' dir='ltr'>φιλάνθρωπος</span> <span class='ocrx_word' id='word_1_50' title='bbox 731 1081 865 1144; x_wconf 79' lang='grc' dir='ltr'>Θεὸς</span> <span class='ocrx_word' id='word_1_51' title='bbox 894 1083 989 1135; x_wconf 79' lang='grc' dir='ltr'><strong>καὶ</strong></span> <span class='ocrx_word' id='word_1_52' title='bbox 1022 1081 1213 1152; x_wconf 86' lang='grc' dir='ltr'>Σωτὴρ</span> <span class='ocrx_word' id='word_1_53' title='bbox 1248 1080 1344 1134; x_wconf 88' lang='grc' dir='ltr'><strong>τοῦ</strong></span> <span class='ocrx_word' id='word_1_54' title='bbox 1373 1082 1567 1148; x_wconf 85' lang='grc' dir='ltr'>γένους</span> <span class='ocrx_word' id='word_1_55' title='bbox 1596 1080 1775 1150; x_wconf 84' lang='grc' dir='ltr'>ἡμῶν,</span> 
     </span>
    </p>
   </div>
   <div class='ocr_carea' id='block_1_9' title="bbox 209 1171 1776 1242">
    <p class='ocr_par' dir='ltr' id='par_1_9' title="bbox 209 1171 1776 1242">
     <span class='ocr_line' id='line_1_9' title="bbox 209 1171 1776 1242; baseline -0.001 -18"><span class='ocrx_word' id='word_1_56' title='bbox 209 1173 514 1242; x_wconf 78' lang='grc' dir='ltr'>κηδόμενος</span> <span class='ocrx_word' id='word_1_57' title='bbox 541 1173 652 1224; x_wconf 90' lang='grc' dir='ltr'><strong>τῶν</strong></span> <span class='ocrx_word' id='word_1_58' title='bbox 681 1173 761 1234; x_wconf 82' lang='grc' dir='ltr'><strong>είς</strong></span> <span class='ocrx_word' id='word_1_59' title='bbox 795 1171 956 1241; x_wconf 88' lang='grc' dir='ltr'>βάθος</span> <span class='ocrx_word' id='word_1_60' title='bbox 987 1175 1252 1227; x_wconf 76' lang='grc' dir='ltr'><strong>ἐλθόντων</strong></span> <span class='ocrx_word' id='word_1_61' title='bbox 1285 1171 1495 1237; x_wconf 87' lang='grc' dir='ltr'>κακῶν,</span> <span class='ocrx_word' id='word_1_62' title='bbox 1519 1173 1615 1225; x_wconf 76' lang='grc' dir='ltr'>καὶ</span> <span class='ocrx_word' id='word_1_63' title='bbox 1637 1173 1776 1224; x_wconf 84' lang='grc' dir='ltr'>ἀπο-</span> 
     </span>
    </p>
   </div>
   <div class='ocr_carea' id='block_1_10' title="bbox 207 1260 1777 1329">
    <p class='ocr_par' dir='ltr' id='par_1_10' title="bbox 207 1260 1777 1329">
     <span class='ocr_line' id='line_1_10' title="bbox 207 1260 1777 1329; baseline 0.001 -18"><span class='ocrx_word' id='word_1_64' title='bbox 207 1262 588 1325; x_wconf 82' lang='grc' dir='ltr'>γινωσκόντων</span> <span class='ocrx_word' id='word_1_65' title='bbox 639 1262 740 1328; x_wconf 82' lang='grc' dir='ltr'><strong>τὴν</strong></span> <span class='ocrx_word' id='word_1_66' title='bbox 789 1262 997 1314; x_wconf 79' lang='grc' dir='ltr'><strong>ἑαυτῶν</strong></span> <span class='ocrx_word' id='word_1_67' title='bbox 1045 1261 1345 1329; x_wconf 82' lang='grc' dir='ltr'>σωτηρίαν,</span> <span class='ocrx_word' id='word_1_68' title='bbox 1388 1262 1464 1321; x_wconf 87' lang='grc' dir='ltr'><strong>ῶς</strong></span> <span class='ocrx_word' id='word_1_69' title='bbox 1522 1262 1587 1312; x_wconf 81' lang='grc' dir='ltr'><strong>ἂν</strong></span> <span class='ocrx_word' id='word_1_70' title='bbox 1631 1260 1777 1328; x_wconf 80' lang='grc' dir='ltr'>ἔχειν</span> 
     </span>
    </p>
   </div>
   <div class='ocr_carea' id='block_1_11' title="bbox 205 1351 1776 1421">
    <p class='ocr_par' dir='ltr' id='par_1_11' title="bbox 205 1351 1776 1421">
     <span class='ocr_line' id='line_1_11' title="bbox 205 1351 1776 1421; baseline 0 -19"><span class='ocrx_word' id='word_1_71' title='bbox 205 1353 525 1413; x_wconf 75' lang='grc' dir='ltr'>ἀκούοντες,</span> <span class='ocrx_word' id='word_1_72' title='bbox 563 1355 656 1403; x_wconf 77' lang='grc' dir='ltr'><strong>καὶ</strong></span> <span class='ocrx_word' id='word_1_73' title='bbox 683 1354 790 1404; x_wconf 83' lang='grc' dir='ltr'><strong>άπὸ</strong></span> <span class='ocrx_word' id='word_1_74' title='bbox 832 1353 933 1420; x_wconf 84' lang='grc' dir='ltr'><strong>τῆς</strong></span> <span class='ocrx_word' id='word_1_75' title='bbox 974 1352 1232 1419; x_wconf 72' lang='grc' dir='ltr'>τελευτῆς</span> <span class='ocrx_word' id='word_1_76' title='bbox 1270 1353 1363 1404; x_wconf 87' lang='grc' dir='ltr'><strong>τοῦ</strong></span> <span class='ocrx_word' id='word_1_77' title='bbox 1401 1351 1599 1421; x_wconf 87' lang='grc' dir='ltr'>λῃστοῦ</span> <span class='ocrx_word' id='word_1_78' title='bbox 1633 1353 1776 1420; x_wconf 74' lang='grc' dir='ltr'>ὠφεο</span> 
     </span>
    </p>
   </div>
   <div class='ocr_carea' id='block_1_12' title="bbox 208 1441 1778 1511">
    <p class='ocr_par' dir='ltr' id='par_1_12' title="bbox 208 1441 1778 1511">
     <span class='ocr_line' id='line_1_12' title="bbox 208 1441 1778 1511; baseline 0.001 -21"><span class='ocrx_word' id='word_1_79' title='bbox 208 1441 556 1502; x_wconf 76' lang='grc' dir='ltr'>λεῖσθαι,καὶ</span> <span class='ocrx_word' id='word_1_80' title='bbox 573 1442 672 1510; x_wconf 80' lang='grc' dir='ltr'>τὴν</span> <span class='ocrx_word' id='word_1_81' title='bbox 697 1442 1034 1508; x_wconf 76' lang='grc' dir='ltr'>ἐπιστροφὴν</span> <span class='ocrx_word' id='word_1_82' title='bbox 1061 1443 1134 1511; x_wconf 81' lang='grc' dir='ltr'>μὴ</span> <span class='ocrx_word' id='word_1_83' title='bbox 1153 1442 1571 1508; x_wconf 72' lang='grc' dir='ltr'><strong>ἀπογινώσκειν,</strong></span> <span class='ocrx_word' id='word_1_84' title='bbox 1597 1444 1778 1509; x_wconf 78' lang='grc' dir='ltr'>ἰατρόν</span> 
     </span>
    </p>
   </div>
   <div class='ocr_carea' id='block_1_13' title="bbox 205 1530 1778 1601">
    <p class='ocr_par' dir='ltr' id='par_1_13' title="bbox 205 1530 1778 1601">
     <span class='ocr_line' id='line_1_13' title="bbox 205 1530 1778 1601; baseline 0.002 -20"><span class='ocrx_word' id='word_1_85' title='bbox 205 1548 331 1582; x_wconf 86' lang='grc' dir='ltr'>τινα</span> <span class='ocrx_word' id='word_1_86' title='bbox 359 1530 622 1600; x_wconf 73' lang='grc' dir='ltr'>εὐλαϐείᾳ</span> <span class='ocrx_word' id='word_1_87' title='bbox 674 1530 923 1592; x_wconf 75' lang='grc' dir='ltr'>συζῶντα</span> <span class='ocrx_word' id='word_1_88' title='bbox 963 1532 1088 1584; x_wconf 84' lang='grc' dir='ltr'>ἰδεῖν</span> <span class='ocrx_word' id='word_1_89' title='bbox 1118 1534 1411 1601; x_wconf 80' lang='grc' dir='ltr'>οἰκονομεῖ,</span> <span class='ocrx_word' id='word_1_90' title='bbox 1470 1534 1609 1585; x_wconf 81' lang='grc' dir='ltr'>κατά</span> <span class='ocrx_word' id='word_1_91' title='bbox 1653 1535 1778 1595; x_wconf 75' lang='grc' dir='ltr'>τοὺς</span> 
     </span>
    </p>
   </div>
   <div class='ocr_carea' id='block_1_14' title="bbox 209 1622 1780 1694">
    <p class='ocr_par' dir='ltr' id='par_1_14' title="bbox 209 1622 1780 1694">
     <span class='ocr_line' id='line_1_14' title="bbox 209 1622 1780 1694; baseline 0.001 -21"><span class='ocrx_word' id='word_1_92' title='bbox 209 1622 414 1683; x_wconf 81' lang='grc' dir='ltr'>ὕπνους</span> <span class='ocrx_word' id='word_1_93' title='bbox 439 1625 497 1674; x_wconf 88' lang='grc' dir='ltr'><strong>ἐν</strong></span> <span class='ocrx_word' id='word_1_94' title='bbox 524 1623 708 1691; x_wconf 85' lang='grc' dir='ltr'>ἐκείνῃ</span> <span class='ocrx_word' id='word_1_95' title='bbox 736 1625 804 1691; x_wconf 81' lang='grc' dir='ltr'>τῇ</span> <span class='ocrx_word' id='word_1_96' title='bbox 836 1624 993 1675; x_wconf 80' lang='grc' dir='ltr'>νυκτὶ</span> <span class='ocrx_word' id='word_1_97' title='bbox 1018 1624 1140 1676; x_wconf 82' lang='grc' dir='ltr'>καθ’</span> <span class='ocrx_word' id='word_1_98' title='bbox 1175 1627 1242 1694; x_wconf 85' lang='grc' dir='ltr'>ἢν</span> <span class='ocrx_word' id='word_1_99' title='bbox 1277 1626 1369 1676; x_wconf 77' lang='grc' dir='ltr'>καὶ</span> <span class='ocrx_word' id='word_1_100' title='bbox 1387 1627 1415 1676; x_wconf 89' lang='grc' dir='ltr'><strong>ό</strong></span> <span class='ocrx_word' id='word_1_101' title='bbox 1437 1624 1638 1694; x_wconf 79' lang='grc' dir='ltr'>λῃστὴς</span> <span class='ocrx_word' id='word_1_102' title='bbox 1665 1626 1780 1675; x_wconf 87' lang='grc' dir='ltr'>ἐτε-</span> 
     </span>
    </p>
   </div>
   <div class='ocr_carea' id='block_1_15' title="bbox 206 1712 1778 1782">
    <p class='ocr_par' dir='ltr' id='par_1_15' title="bbox 206 1712 1778 1782">
     <span class='ocr_line' id='line_1_15' title="bbox 206 1712 1778 1782; baseline 0.001 -19"><span class='ocrx_word' id='word_1_103' title='bbox 206 1713 474 1779; x_wconf 84' lang='grc' dir='ltr'>λεύτησεν</span> <span class='ocrx_word' id='word_1_104' title='bbox 503 1751 518 1774; x_wconf 94' lang='grc'><strong>,</strong></span> <span class='ocrx_word' id='word_1_105' title='bbox 554 1712 818 1774; x_wconf 79' lang='grc' dir='ltr'>Αἰθίοπας</span> <span class='ocrx_word' id='word_1_106' title='bbox 868 1713 1121 1777; x_wconf 79' lang='grc' dir='ltr'>ἐλθόντας</span> <span class='ocrx_word' id='word_1_107' title='bbox 1169 1714 1308 1782; x_wconf 81' lang='grc' dir='ltr'>πρὸς</span> <span class='ocrx_word' id='word_1_108' title='bbox 1338 1715 1521 1777; x_wconf 81' lang='grc' dir='ltr'>αὐτὸν,</span> <span class='ocrx_word' id='word_1_109' title='bbox 1560 1715 1655 1767; x_wconf 60' lang='grc' dir='ltr'><strong>καὶ⁵</strong></span> <span class='ocrx_word' id='word_1_110' title='bbox 1699 1712 1778 1777; x_wconf 72' lang='grc' dir='ltr'>οἷς</span> 
     </span>
    </p>
   </div>
   <div class='ocr_carea' id='block_1_16' title="bbox 207 1803 1778 1875">
    <p class='ocr_par' dir='ltr' id='par_1_16' title="bbox 207 1803 1778 1875">
     <span class='ocr_line' id='line_1_16' title="bbox 207 1803 1778 1875; baseline 0 -19"><span class='ocrx_word' id='word_1_111' title='bbox 207 1803 548 1871; x_wconf 79' lang='grc' dir='ltr'>ἐπεφέροντο</span> <span class='ocrx_word' id='word_1_112' title='bbox 582 1803 810 1872; x_wconf 76' lang='grc' dir='ltr'>χάρταις</span> <span class='ocrx_word' id='word_1_113' title='bbox 847 1804 1170 1873; x_wconf 73' lang='grc' dir='ltr'>ἐγγράφοις,</span> <span class='ocrx_word' id='word_1_114' title='bbox 1224 1804 1292 1856; x_wconf 80' lang='grc' dir='ltr'><strong>τά</strong></span> <span class='ocrx_word' id='word_1_115' title='bbox 1338 1804 1486 1875; x_wconf 78' lang='grc' dir='ltr'>αὐτῷ</span> <span class='ocrx_word' id='word_1_116' title='bbox 1525 1807 1778 1875; x_wconf 83' lang='grc' dir='ltr'>ἡμαρτη-</span> 
     </span>
    </p>
   </div>
   <div class='ocr_carea' id='block_1_17' title="bbox 211 1893 1778 1964">
    <p class='ocr_par' dir='ltr' id='par_1_17' title="bbox 211 1893 1778 1964">
     <span class='ocr_line' id='line_1_17' title="bbox 211 1893 1778 1964; baseline 0.002 -19"><span class='ocrx_word' id='word_1_117' title='bbox 211 1893 350 1961; x_wconf 84' lang='grc' dir='ltr'>μένα</span> <span class='ocrx_word' id='word_1_118' title='bbox 382 1894 563 1946; x_wconf 79' lang='grc' dir='ltr'>πάντα</span> <span class='ocrx_word' id='word_1_119' title='bbox 610 1894 1072 1956; x_wconf 83' lang='grc' dir='ltr'>ἑπιδεικνύοντας.</span> <span class='ocrx_word' id='word_1_120' title='bbox 1133 1895 1334 1948; x_wconf 86' lang='grc' dir='ltr'>Ἐδίδου</span> <span class='ocrx_word' id='word_1_121' title='bbox 1369 1897 1426 1948; x_wconf 80' lang='grc' dir='ltr'><strong>δὲ</strong></span> <span class='ocrx_word' id='word_1_122' title='bbox 1479 1897 1554 1964; x_wconf 84' lang='grc' dir='ltr'>τῷ</span> <span class='ocrx_word' id='word_1_123' title='bbox 1605 1897 1778 1948; x_wconf 84' lang='grc' dir='ltr'>ταῦτα</span> 
     </span>
    </p>
   </div>
   <div class='ocr_carea' id='block_1_18' title="bbox 209 1986 1780 2058">
    <p class='ocr_par' dir='ltr' id='par_1_18' title="bbox 209 1986 1780 2058">
     <span class='ocr_line' id='line_1_18' title="bbox 209 1986 1780 2058; baseline 0.002 -21"><span class='ocrx_word' id='word_1_124' title='bbox 209 1986 509 2055; x_wconf 84' lang='grc' dir='ltr'>θεωροῦντι</span> <span class='ocrx_word' id='word_1_125' title='bbox 536 1986 598 2037; x_wconf 78' lang='grc' dir='ltr'><strong>τὸ</strong></span> <span class='ocrx_word' id='word_1_126' title='bbox 633 1986 788 2054; x_wconf 77' lang='grc' dir='ltr'>ὄναρ,</span> <span class='ocrx_word' id='word_1_127' title='bbox 817 1989 909 2038; x_wconf 77' lang='grc' dir='ltr'>καὶ</span> <span class='ocrx_word' id='word_1_128' title='bbox 941 1987 1036 2038; x_wconf 81' lang='grc' dir='ltr'>δύο</span> <span class='ocrx_word' id='word_1_129' title='bbox 1055 1988 1208 2050; x_wconf 66' lang='grc' dir='ltr'>τινὰς</span> <span class='ocrx_word' id='word_1_130' title='bbox 1237 1989 1548 2056; x_wconf 81' lang='grc' dir='ltr'>φωτοειδεῖς</span> <span class='ocrx_word' id='word_1_131' title='bbox 1579 1991 1780 2058; x_wconf 75' lang='grc' dir='ltr'>ἄνδρας</span> 
     </span>
    </p>
   </div>
   <div class='ocr_carea' id='block_1_19' title="bbox 208 2077 1782 2147">
    <p class='ocr_par' dir='ltr' id='par_1_19' title="bbox 208 2077 1782 2147">
     <span class='ocr_line' id='line_1_19' title="bbox 208 2077 1782 2147; baseline 0.002 -19"><span class='ocrx_word' id='word_1_132' title='bbox 208 2079 365 2147; x_wconf 76' lang='grc' dir='ltr'>ύρᾷν,</span> <span class='ocrx_word' id='word_1_133' title='bbox 412 2077 547 2147; x_wconf 78' lang='grc' dir='ltr'>πρὸς</span> <span class='ocrx_word' id='word_1_134' title='bbox 599 2077 694 2139; x_wconf 82' lang='grc' dir='ltr'><strong>οὓς</strong></span> <span class='ocrx_word' id='word_1_135' title='bbox 725 2079 819 2130; x_wconf 81' lang='grc' dir='ltr'>καὶ</span> <span class='ocrx_word' id='word_1_136' title='bbox 862 2079 991 2141; x_wconf 72' lang='grc' dir='ltr'>τοὺς</span> <span class='ocrx_word' id='word_1_137' title='bbox 1027 2080 1290 2140; x_wconf 80' lang='grc' dir='ltr'>Αἰθίοπας</span> <span class='ocrx_word' id='word_1_138' title='bbox 1339 2080 1616 2140; x_wconf 82' lang='grc' dir='ltr'>ἐκείνους,</span> <span class='ocrx_word' id='word_1_139' title='bbox 1655 2081 1782 2141; x_wconf 79' lang='grc' dir='ltr'>τοὺς</span> 
     </span>
    </p>
   </div>
   <div class='ocr_carea' id='block_1_20' title="bbox 209 2166 1779 2236">
    <p class='ocr_par' dir='ltr' id='par_1_20' title="bbox 209 2166 1779 2236">
     <span class='ocr_line' id='line_1_20' title="bbox 209 2166 1779 2236; baseline 0.002 -19"><span class='ocrx_word' id='word_1_140' title='bbox 209 2166 647 2234; x_wconf 78' lang='grc' dir='ltr'>ἐπιφερομένους</span> <span class='ocrx_word' id='word_1_141' title='bbox 679 2168 884 2234; x_wconf 76' lang='grc' dir='ltr'>χάρτας</span> <span class='ocrx_word' id='word_1_142' title='bbox 915 2167 1320 2232; x_wconf 86' lang='grc' dir='ltr'>ἐπιδεικνῦναι,</span> <span class='ocrx_word' id='word_1_143' title='bbox 1355 2169 1452 2219; x_wconf 80' lang='grc' dir='ltr'>καὶ</span> <span class='ocrx_word' id='word_1_144' title='bbox 1493 2166 1779 2236; x_wconf 90' lang='grc' dir='ltr'>βούλεσθαι</span> 
     </span>
    </p>
   </div>
   <div class='ocr_carea' id='block_1_21' title="bbox 211 2256 1781 2325">
    <p class='ocr_par' dir='ltr' id='par_1_21' title="bbox 211 2256 1781 2325">
     <span class='ocr_line' id='line_1_21' title="bbox 211 2256 1781 2325; baseline 0 -16"><span class='ocrx_word' id='word_1_145' title='bbox 211 2257 334 2325; x_wconf 74' lang='grc' dir='ltr'>μεθ’</span> <span class='ocrx_word' id='word_1_146' title='bbox 370 2258 582 2309; x_wconf 80' lang='grc' dir='ltr'>ἑαυτῶν</span> <span class='ocrx_word' id='word_1_147' title='bbox 610 2256 914 2322; x_wconf 82' lang='grc' dir='ltr'>λαμϐάνειν</span> <span class='ocrx_word' id='word_1_148' title='bbox 939 2256 1033 2308; x_wconf 85' lang='grc' dir='ltr'><strong>τὸν</strong></span> <span class='ocrx_word' id='word_1_149' title='bbox 1069 2256 1274 2325; x_wconf 85' lang='grc' dir='ltr'>λῃστήν</span> <span class='ocrx_word' id='word_1_150' title='bbox 1293 2274 1308 2288; x_wconf 79' lang='grc' dir='ltr'><strong>ο</strong></span> <span class='ocrx_word' id='word_1_151' title='bbox 1340 2259 1469 2319; x_wconf 75' lang='grc' dir='ltr'>τοὺς</span> <span class='ocrx_word' id='word_1_152' title='bbox 1498 2258 1553 2310; x_wconf 85' lang='grc' dir='ltr'><strong>δὲ</strong></span> <span class='ocrx_word' id='word_1_153' title='bbox 1586 2274 1781 2324; x_wconf 85' lang='grc' dir='ltr'>φωτει-</span> 
     </span>
    </p>
   </div>
   <div class='ocr_carea' id='block_1_22' title="bbox 208 2341 1780 2416">
    <p class='ocr_par' dir='ltr' id='par_1_22' title="bbox 208 2341 1780 2416">
     <span class='ocr_line' id='line_1_22' title="bbox 208 2341 1780 2416; baseline 0.001 -19"><span class='ocrx_word' id='word_1_154' title='bbox 208 2346 332 2407; x_wconf 57' lang='lat' dir='ltr'><strong>vt“);</strong></span> <span class='ocrx_word' id='word_1_155' title='bbox 381 2345 584 2412; x_wconf 82' lang='grc' dir='ltr'>ἄνδρας</span> <span class='ocrx_word' id='word_1_156' title='bbox 627 2345 737 2395; x_wconf 85' lang='grc' dir='ltr'><strong>τῶν</strong></span> <span class='ocrx_word' id='word_1_157' title='bbox 767 2344 944 2397; x_wconf 76' lang='grc' dir='ltr'>ἄλλων</span> <span class='ocrx_word' id='word_1_158' title='bbox 992 2345 1371 2414; x_wconf 73' lang='grc' dir='ltr'>ἀποροῦντας,</span> <span class='ocrx_word' id='word_1_159' title='bbox 1424 2346 1612 2414; x_wconf 80' lang='grc' dir='ltr'>ζητεῖν</span> <span class='ocrx_word' id='word_1_160' title='bbox 1659 2341 1780 2416; x_wconf 79' lang='grc' dir='ltr'>ἐνῇ</span> 
     </span>
    </p>
   </div>
   <div class='ocr_carea' id='block_1_23' title="bbox 209 2435 1781 2506">
    <p class='ocr_par' dir='ltr' id='par_1_23' title="bbox 209 2435 1781 2506">
     <span class='ocr_line' id='line_1_23' title="bbox 209 2435 1781 2506; baseline 0.001 -18"><span class='ocrx_word' id='word_1_161' title='bbox 209 2439 502 2489; x_wconf 80' lang='grc' dir='ltr'>κατέκειτο</span> <span class='ocrx_word' id='word_1_162' title='bbox 538 2436 717 2505; x_wconf 82' lang='grc' dir='ltr'>κλίνῃ,</span> <span class='ocrx_word' id='word_1_163' title='bbox 754 2435 808 2486; x_wconf 84' lang='grc' dir='ltr'><strong>εἴ</strong></span> <span class='ocrx_word' id='word_1_164' title='bbox 832 2453 947 2497; x_wconf 88' lang='grc' dir='ltr'><strong>πως</strong></span> <span class='ocrx_word' id='word_1_165' title='bbox 978 2436 1180 2504; x_wconf 80' lang='grc' dir='ltr'>εῦρωσί</span> <span class='ocrx_word' id='word_1_166' title='bbox 1211 2454 1263 2488; x_wconf 91' lang='grc' dir='ltr'><strong>τι</strong></span> <span class='ocrx_word' id='word_1_167' title='bbox 1291 2438 1386 2488; x_wconf 80' lang='grc' dir='ltr'>καὶ</span> <span class='ocrx_word' id='word_1_168' title='bbox 1415 2439 1572 2490; x_wconf 76' lang='grc' dir='ltr'>αὐτοὶ</span> <span class='ocrx_word' id='word_1_169' title='bbox 1595 2478 1609 2502; x_wconf 95' lang='grc'><strong>,</strong></span> <span class='ocrx_word' id='word_1_170' title='bbox 1643 2439 1781 2506; x_wconf 60' lang='grc' dir='ltr'>πρὸς</span> 
     </span>
    </p>
   </div>
   <div class='ocr_carea' id='block_1_24' title="bbox 209 2527 1782 2596">
    <p class='ocr_par' dir='ltr' id='par_1_24' title="bbox 209 2527 1782 2596">
     <span class='ocr_line' id='line_1_24' title="bbox 209 2527 1782 2596; baseline 0.002 -18"><span class='ocrx_word' id='word_1_171' title='bbox 209 2529 309 2595; x_wconf 78' lang='grc' dir='ltr'>τὴν</span> <span class='ocrx_word' id='word_1_172' title='bbox 337 2527 449 2579; x_wconf 89' lang='grc' dir='ltr'><strong>τῶν</strong></span> <span class='ocrx_word' id='word_1_173' title='bbox 482 2527 757 2579; x_wconf 72' lang='grc' dir='ltr'>Αἰθιόπων</span> <span class='ocrx_word' id='word_1_174' title='bbox 806 2527 1158 2596; x_wconf 81' lang='grc' dir='ltr'>ἀποτροπήν·</span> <span class='ocrx_word' id='word_1_175' title='bbox 1200 2529 1250 2580; x_wconf 80' lang='grc' dir='ltr'>οἳ</span> <span class='ocrx_word' id='word_1_176' title='bbox 1286 2529 1381 2580; x_wconf 77' lang='grc' dir='ltr'>καὶ</span> <span class='ocrx_word' id='word_1_177' title='bbox 1419 2529 1672 2596; x_wconf 83' lang='grc' dir='ltr'>εὑρόντες</span> <span class='ocrx_word' id='word_1_178' title='bbox 1717 2529 1782 2581; x_wconf 86' lang='grc' dir='ltr'>τὸ</span> 
     </span>
    </p>
   </div>
   <div class='ocr_carea' id='block_1_25' title="bbox 206 2616 1777 2688">
    <p class='ocr_par' dir='ltr' id='par_1_25' title="bbox 206 2616 1777 2688">
     <span class='ocr_line' id='line_1_25' title="bbox 206 2616 1777 2688; baseline 0.001 -20"><span class='ocrx_word' id='word_1_179' title='bbox 206 2619 307 2685; x_wconf 73' lang='grc' dir='ltr'>τὴς</span> <span class='ocrx_word' id='word_1_180' title='bbox 354 2617 601 2685; x_wconf 82' lang='grc' dir='ltr'>κεφαλῆς</span> <span class='ocrx_word' id='word_1_181' title='bbox 630 2616 725 2668; x_wconf 87' lang='grc' dir='ltr'><strong>τοῦ</strong></span> <span class='ocrx_word' id='word_1_182' title='bbox 771 2616 971 2686; x_wconf 78' lang='grc' dir='ltr'>λῃστοῦ</span> <span class='ocrx_word' id='word_1_183' title='bbox 1006 2617 1405 2686; x_wconf 86' lang='grc' dir='ltr'>περικάλυμμα</span> <span class='ocrx_word' id='word_1_184' title='bbox 1439 2619 1649 2688; x_wconf 78' lang='grc' dir='ltr'>πλῆρες</span> <span class='ocrx_word' id='word_1_185' title='bbox 1698 2619 1777 2670; x_wconf 83' lang='grc' dir='ltr'><strong>ἐτι</strong></span> 
     </span>
    </p>
   </div>
   <div class='ocr_carea' id='block_1_26' title="bbox 207 2701 1781 2778">
    <p class='ocr_par' dir='ltr' id='par_1_26' title="bbox 207 2701 1781 2778">
     <span class='ocr_line' id='line_1_26' title="bbox 207 2701 1781 2778; baseline 0.001 -18"><span class='ocrx_word' id='word_1_186' title='bbox 207 2708 464 2778; x_wconf 82' lang='grc' dir='ltr'>δακρύων</span> <span class='ocrx_word' id='word_1_187' title='bbox 508 2701 582 2760; x_wconf 83' lang='grc' dir='ltr'>ὧν</span> <span class='ocrx_word' id='word_1_188' title='bbox 617 2707 800 2775; x_wconf 79' lang='grc' dir='ltr'>ἐξέχεε</span> <span class='ocrx_word' id='word_1_189' title='bbox 830 2707 1113 2776; x_wconf 85' lang='grc' dir='ltr'>μετανοῶν</span> <span class='ocrx_word' id='word_1_190' title='bbox 1140 2710 1197 2759; x_wconf 85' lang='grc' dir='ltr'><strong>ἐν</strong></span> <span class='ocrx_word' id='word_1_191' title='bbox 1248 2708 1326 2776; x_wconf 81' lang='grc' dir='ltr'>τῷ</span> <span class='ocrx_word' id='word_1_192' title='bbox 1364 2709 1578 2776; x_wconf 81' lang='grc' dir='ltr'>μέλλειν</span> <span class='ocrx_word' id='word_1_193' title='bbox 1616 2709 1781 2762; x_wconf 84' lang='grc' dir='ltr'>αὑτὸν</span> 
     </span>
    </p>
   </div>
   <div class='ocr_carea' id='block_1_27' title="bbox 204 2796 1778 2867">
    <p class='ocr_par' dir='ltr' id='par_1_27' title="bbox 204 2796 1778 2867">
     <span class='ocr_line' id='line_1_27' title="bbox 204 2796 1778 2867; baseline 0.001 -17"><span class='ocrx_word' id='word_1_194' title='bbox 204 2799 495 2863; x_wconf 80' lang='grc' dir='ltr'>τελευτᾷν,</span> <span class='ocrx_word' id='word_1_195' title='bbox 548 2798 708 2850; x_wconf 83' lang='grc' dir='ltr'>τοῦτο</span> <span class='ocrx_word' id='word_1_196' title='bbox 753 2799 850 2850; x_wconf 78' lang='grc' dir='ltr'>καὶ</span> <span class='ocrx_word' id='word_1_197' title='bbox 888 2798 988 2867; x_wconf 86' lang='grc' dir='ltr'><strong>τὴν</strong></span> <span class='ocrx_word' id='word_1_198' title='bbox 1038 2796 1448 2866; x_wconf 81' lang='grc' dir='ltr'>φιλανθρωπίαν</span> <span class='ocrx_word' id='word_1_199' title='bbox 1500 2798 1594 2851; x_wconf 90' lang='grc' dir='ltr'><strong>τοῦ</strong></span> <span class='ocrx_word' id='word_1_200' title='bbox 1642 2798 1778 2852; x_wconf 89' lang='grc' dir='ltr'>Θεοῦ</span> 
     </span>
    </p>
   </div>
   <div class='ocr_carea' id='block_1_28' title="bbox 208 2887 1779 2960">
    <p class='ocr_par' dir='ltr' id='par_1_28' title="bbox 208 2887 1779 2960">
     <span class='ocr_line' id='line_1_28' title="bbox 208 2887 1779 2960; baseline 0.005 -23"><span class='ocrx_word' id='word_1_201' title='bbox 208 2889 474 2958; x_wconf 79' lang='grc' dir='ltr'>βαλόντες</span> <span class='ocrx_word' id='word_1_202' title='bbox 509 2889 590 2949; x_wconf 87' lang='grc' dir='ltr'><strong>είς</strong></span> <span class='ocrx_word' id='word_1_203' title='bbox 614 2887 713 2955; x_wconf 82' lang='grc' dir='ltr'>τὴν</span> <span class='ocrx_word' id='word_1_204' title='bbox 756 2888 886 2954; x_wconf 90' lang='grc' dir='ltr'>μίαν</span> <span class='ocrx_word' id='word_1_205' title='bbox 919 2887 1234 2954; x_wconf 86' lang='grc' dir='ltr'>πλάστιγγα</span> <span class='ocrx_word' id='word_1_206' title='bbox 1278 2888 1377 2954; x_wconf 85' lang='grc' dir='ltr'><strong>τῆς</strong></span> <span class='ocrx_word' id='word_1_207' title='bbox 1402 2889 1675 2958; x_wconf 81' lang='grc' dir='ltr'>τρυτάνης</span> <span class='ocrx_word' id='word_1_208' title='bbox 1697 2903 1711 2918; x_wconf 90' lang='grc'>⁶</span> <span class='ocrx_word' id='word_1_209' title='bbox 1744 2893 1779 2960; x_wconf 78' lang='grc' dir='ltr'>ἢ</span> 
     </span>
    </p>
   </div>
   <div class='ocr_carea' id='block_1_29' title="bbox 207 2977 1781 3047">
    <p class='ocr_par' dir='ltr' id='par_1_29' title="bbox 207 2977 1781 3047">
     <span class='ocr_line' id='line_1_29' title="bbox 207 2977 1781 3047; baseline 0.003 -18"><span class='ocrx_word' id='word_1_210' title='bbox 207 2979 305 3030; x_wconf 78' lang='grc' dir='ltr'><strong>καὶ</strong></span> <span class='ocrx_word' id='word_1_211' title='bbox 338 2977 428 3028; x_wconf 76' lang='grc' dir='ltr'><strong>διὰ</strong></span> <span class='ocrx_word' id='word_1_212' title='bbox 455 2977 514 3029; x_wconf 81' lang='grc' dir='ltr'><strong>τὸ</strong></span> <span class='ocrx_word' id='word_1_213' title='bbox 553 2977 722 3046; x_wconf 83' lang='grc' dir='ltr'>μηδὲν</span> <span class='ocrx_word' id='word_1_214' title='bbox 751 2977 896 3044; x_wconf 80' lang='grc' dir='ltr'>ἔχειν</span> <span class='ocrx_word' id='word_1_215' title='bbox 921 2979 1001 3034; x_wconf 78' lang='grc' dir='ltr'><strong>είς</strong></span> <span class='ocrx_word' id='word_1_216' title='bbox 1022 2977 1082 3029; x_wconf 79' lang='grc' dir='ltr'>τὸ</span> <span class='ocrx_word' id='word_1_217' title='bbox 1109 2979 1656 3047; x_wconf 77' lang='grc' dir='ltr'>άντισταθμίζεσθαι,</span> <span class='ocrx_word' id='word_1_218' title='bbox 1683 2983 1781 3034; x_wconf 76' lang='grc' dir='ltr'><strong>καὶ</strong></span> 
     </span>
    </p>
   </div>
   <div class='ocr_carea' id='block_1_30' title="bbox 203 3068 1781 3140">
    <p class='ocr_par' dir='ltr' id='par_1_30' title="bbox 203 3068 1781 3140">
     <span class='ocr_line' id='line_1_30' title="bbox 203 3068 1781 3140; baseline 0.003 -20"><span class='ocrx_word' id='word_1_219' title='bbox 203 3073 322 3129; x_wconf 84' lang='grc' dir='ltr'>τοῖς</span> <span class='ocrx_word' id='word_1_220' title='bbox 368 3069 678 3136; x_wconf 82' lang='grc' dir='ltr'>τιθεμένοις</span> <span class='ocrx_word' id='word_1_221' title='bbox 725 3068 1077 3136; x_wconf 80' lang='grc' dir='ltr'>βαρύνεσθαι,</span> <span class='ocrx_word' id='word_1_222' title='bbox 1131 3072 1216 3137; x_wconf 87' lang='grc' dir='ltr'>ἐφ’</span> <span class='ocrx_word' id='word_1_223' title='bbox 1265 3069 1433 3138; x_wconf 87' lang='grc' dir='ltr'>ῦφους</span> <span class='ocrx_word' id='word_1_224' title='bbox 1481 3072 1645 3140; x_wconf 82' lang='grc' dir='ltr'>ᾔρετο</span> <span class='ocrx_word' id='word_1_225' title='bbox 1689 3073 1781 3125; x_wconf 69' lang='grc' dir='ltr'>καὶ.</span> 
     </span>
    </p>
   </div>
   <div class='ocr_carea' id='block_1_31' title="bbox 1368 424 2304 488">
    <p class='ocr_par' dir='ltr' id='par_1_31' title="bbox 1368 424 2304 488">
     <span class='ocr_line' id='line_1_31' title="bbox 1368 424 2304 488; baseline -0.001 -4"><span class='ocrx_word' id='word_1_226' title='bbox 1368 429 1646 488; x_wconf 79' lang='lat' dir='ltr'><strong>ORATIO</strong></span> <span class='ocrx_word' id='word_1_227' title='bbox 1688 429 1764 486; x_wconf 81' lang='lat' dir='ltr'><strong>IN</strong></span> <span class='ocrx_word' id='word_1_228' title='bbox 1806 426 2165 486; x_wconf 70' lang='lat' dir='ltr'><strong>PSAI.MUM</strong></span> <span class='ocrx_word' id='word_1_229' title='bbox 2205 424 2304 485; x_wconf 82' lang='lat' dir='ltr'><strong>VI.</strong></span> 
     </span>
    </p>
   </div>
   <div class='ocr_carea' id='block_1_32' title="bbox 3301 424 3434 488">
    <p class='ocr_par' dir='ltr' id='par_1_32' title="bbox 3301 424 3434 488">
     <span class='ocr_line' id='line_1_32' title="bbox 3301 424 3434 488; baseline 0 0"><span class='ocrx_word' id='word_1_230' title='bbox 3301 424 3434 488; x_wconf 76' lang='lat' dir='ltr'><strong>1H2</strong></span> 
     </span>
    </p>
   </div>
   <div class='ocr_carea' id='block_1_33' title="bbox 1951 532 3436 602">
    <p class='ocr_par' dir='ltr' id='par_1_33' title="bbox 1951 532 3436 602">
     <span class='ocr_line' id='line_1_33' title="bbox 1951 532 3436 602; baseline 0.001 -14"><span class='ocrx_word' id='word_1_231' title='bbox 1951 536 2075 590; x_wconf 71' lang='lat' dir='ltr'><strong>llaec</strong></span> <span class='ocrx_word' id='word_1_232' title='bbox 2101 549 2164 588; x_wconf 82' lang='lat' dir='ltr'><strong>ac</strong></span> <span class='ocrx_word' id='word_1_233' title='bbox 2203 535 2270 588; x_wconf 90' lang='lat' dir='ltr'><strong>iis</strong></span> <span class='ocrx_word' id='word_1_234' title='bbox 2306 532 2455 602; x_wconf 90' lang='lat' dir='ltr'><strong>plura</strong></span> <span class='ocrx_word' id='word_1_235' title='bbox 2502 533 2766 588; x_wconf 83' lang='lat' dir='ltr'><strong>conﬁtens</strong></span> <span class='ocrx_word' id='word_1_236' title='bbox 2801 532 2940 586; x_wconf 91' lang='lat' dir='ltr'><strong>latro</strong></span> <span class='ocrx_word' id='word_1_237' title='bbox 2975 532 3103 586; x_wconf 90' lang='lat' dir='ltr'><strong>hora</strong></span> <span class='ocrx_word' id='word_1_238' title='bbox 3138 535 3337 594; x_wconf 75' lang='lat' dir='ltr'><strong>exitus,</strong></span> <span class='ocrx_word' id='word_1_239' title='bbox 3373 552 3436 589; x_wconf 87' lang='lat' dir='ltr'><strong>ac</strong></span> 
     </span>
    </p>
   </div>
   <div class='ocr_carea' id='block_1_34' title="bbox 1880 623 3439 695">
    <p class='ocr_par' dir='ltr' id='par_1_34' title="bbox 1880 623 3439 695">
     <span class='ocr_line' id='line_1_34' title="bbox 1880 623 3439 695; baseline -0.001 -16"><span class='ocrx_word' id='word_1_240' title='bbox 1880 627 2168 695; x_wconf 85' lang='lat' dir='ltr'><strong>lacrymas,</strong></span> <span class='ocrx_word' id='word_1_241' title='bbox 2215 624 2412 694; x_wconf 84' lang='lat' dir='ltr'><strong>quibus</strong></span> <span class='ocrx_word' id='word_1_242' title='bbox 2445 625 2642 691; x_wconf 84' lang='lat' dir='ltr'><strong>seipse</strong></span> <span class='ocrx_word' id='word_1_243' title='bbox 2682 624 2847 677; x_wconf 92' lang='lat' dir='ltr'><strong>Deum</strong></span> <span class='ocrx_word' id='word_1_244' title='bbox 2883 623 3105 690; x_wconf 88' lang='lat' dir='ltr'><strong>placans</strong></span> <span class='ocrx_word' id='word_1_245' title='bbox 3151 625 3439 690; x_wconf 84' lang='lat' dir='ltr'><strong>perfunde-</strong></span> 
     </span>
    </p>
   </div>
   <div class='ocr_carea' id='block_1_35' title="bbox 1880 713 3440 784">
    <p class='ocr_par' dir='ltr' id='par_1_35' title="bbox 1880 713 3440 784">
     <span class='ocr_line' id='line_1_35' title="bbox 1880 713 3440 784; baseline -0.001 -16"><span class='ocrx_word' id='word_1_246' title='bbox 1880 715 1993 781; x_wconf 87' lang='lat' dir='ltr'><strong>bat,</strong></span> <span class='ocrx_word' id='word_1_247' title='bbox 2023 717 2216 784; x_wconf 87' lang='lat' dir='ltr'><strong>capitis</strong></span> <span class='ocrx_word' id='word_1_248' title='bbox 2255 715 2422 767; x_wconf 91' lang='lat' dir='ltr'><strong>linteo</strong></span> <span class='ocrx_word' id='word_1_249' title='bbox 2462 714 2796 779; x_wconf 76' lang='lat' dir='ltr'><strong>abstergens,</strong></span> <span class='ocrx_word' id='word_1_250' title='bbox 2839 713 3041 768; x_wconf 86' lang='lat' dir='ltr'><strong>elIlavit</strong></span> <span class='ocrx_word' id='word_1_251' title='bbox 3087 716 3342 775; x_wconf 91' lang='lat' dir='ltr'><strong>animam,</strong></span> <span class='ocrx_word' id='word_1_252' title='bbox 3382 725 3440 768; x_wconf 86' lang='grc' dir='ltr'><strong>ιιι</strong></span> 
     </span>
    </p>
   </div>
   <div class='ocr_carea' id='block_1_36' title="bbox 1880 805 3441 875">
    <p class='ocr_par' dir='ltr' id='par_1_36' title="bbox 1880 805 3441 875">
     <span class='ocr_line' id='line_1_36' title="bbox 1880 805 3441 875; baseline -0.001 -15"><span class='ocrx_word' id='word_1_253' title='bbox 1880 809 2218 875; x_wconf 72' lang='lat' dir='ltr'><strong>postmodum</strong></span> <span class='ocrx_word' id='word_1_254' title='bbox 2253 821 2350 875; x_wconf 90' lang='lat' dir='ltr'><strong>per</strong></span> <span class='ocrx_word' id='word_1_255' title='bbox 2379 821 2474 859; x_wconf 87' lang='lat' dir='ltr'><strong>eos</strong></span> <span class='ocrx_word' id='word_1_256' title='bbox 2505 807 2595 874; x_wconf 94' lang='lat' dir='ltr'><strong>qui</strong></span> <span class='ocrx_word' id='word_1_257' title='bbox 2625 806 2787 860; x_wconf 89' lang='lat' dir='ltr'><strong>vicini</strong></span> <span class='ocrx_word' id='word_1_258' title='bbox 2820 807 3011 859; x_wconf 86' lang='lat' dir='ltr'><strong>eodem</strong></span> <span class='ocrx_word' id='word_1_259' title='bbox 3045 805 3441 859; x_wconf 85' lang='lat' dir='ltr'><strong>decumbebant</strong></span> 
     </span>
    </p>
   </div>
   <div class='ocr_carea' id='block_1_37' title="bbox 1881 896 3442 963">
    <p class='ocr_par' dir='ltr' id='par_1_37' title="bbox 1881 896 3442 963">
     <span class='ocr_line' id='line_1_37' title="bbox 1881 896 3442 963; baseline -0.001 -13"><span class='ocrx_word' id='word_1_260' title='bbox 1881 898 2018 960; x_wconf 90' lang='lat' dir='ltr'><strong>loco,</strong></span> <span class='ocrx_word' id='word_1_261' title='bbox 2055 898 2362 951; x_wconf 72' lang='lat' dir='ltr'><strong>accuratius</strong></span> <span class='ocrx_word' id='word_1_262' title='bbox 2390 897 2660 963; x_wconf 76' lang='lat' dir='ltr'><strong>cognitum</strong></span> <span class='ocrx_word' id='word_1_263' title='bbox 2691 907 2792 951; x_wconf 92' lang='lat' dir='ltr'><strong>est.</strong></span> <span class='ocrx_word' id='word_1_264' title='bbox 2820 897 3071 950; x_wconf 84' lang='lat' dir='ltr'><strong>Clemens</strong></span> <span class='ocrx_word' id='word_1_265' title='bbox 3099 906 3280 948; x_wconf 88' lang='lat' dir='ltr'><strong>autem</strong></span> <span class='ocrx_word' id='word_1_266' title='bbox 3303 896 3442 948; x_wconf 87' lang='lat' dir='ltr'><strong>Deus</strong></span> 
     </span>
    </p>
   </div>
   <div class='ocr_carea' id='block_1_38' title="bbox 1880 989 3442 1057">
    <p class='ocr_par' dir='ltr' id='par_1_38' title="bbox 1880 989 3442 1057">
     <span class='ocr_line' id='line_1_38' title="bbox 1880 989 3442 1057; baseline -0.003 -14"><span class='ocrx_word' id='word_1_267' title='bbox 1880 1005 1942 1043; x_wconf 92' lang='lat' dir='ltr'><strong>ac</strong></span> <span class='ocrx_word' id='word_1_268' title='bbox 1978 989 2222 1043; x_wconf 74' lang='lat' dir='ltr'><strong>Salvator</strong></span> <span class='ocrx_word' id='word_1_269' title='bbox 2262 990 2482 1044; x_wconf 82' lang='lat' dir='ltr'><strong>humani</strong></span> <span class='ocrx_word' id='word_1_270' title='bbox 2524 991 2757 1057; x_wconf 80' lang='lat' dir='ltr'><strong>generis,</strong></span> <span class='ocrx_word' id='word_1_271' title='bbox 2807 1004 2994 1043; x_wconf 91' lang='lat' dir='ltr'><strong>eorum</strong></span> <span class='ocrx_word' id='word_1_272' title='bbox 3041 1003 3224 1042; x_wconf 90' lang='lat' dir='ltr'><strong>curam</strong></span> <span class='ocrx_word' id='word_1_273' title='bbox 3275 1000 3442 1056; x_wconf 90' lang='lat' dir='ltr'><strong>agens</strong></span> 
     </span>
    </p>
   </div>
   <div class='ocr_carea' id='block_1_39' title="bbox 1881 1081 3442 1151">
    <p class='ocr_par' dir='ltr' id='par_1_39' title="bbox 1881 1081 3442 1151">
     <span class='ocr_line' id='line_1_39' title="bbox 1881 1081 3442 1151; baseline -0.003 -16"><span class='ocrx_word' id='word_1_274' title='bbox 1881 1083 1970 1151; x_wconf 88' lang='lat' dir='ltr'><strong>qui</strong></span> <span class='ocrx_word' id='word_1_275' title='bbox 2026 1091 2292 1137; x_wconf 90' lang='lat' dir='ltr'><strong>venerunt</strong></span> <span class='ocrx_word' id='word_1_276' title='bbox 2339 1082 2392 1135; x_wconf 90' lang='lat' dir='ltr'><strong>in</strong></span> <span class='ocrx_word' id='word_1_277' title='bbox 2428 1093 2770 1150; x_wconf 79' lang='lat' dir='ltr'><strong>peccatorum</strong></span> <span class='ocrx_word' id='word_1_278' title='bbox 2829 1081 3174 1148; x_wconf 81' lang='lat' dir='ltr'><strong>profundum,</strong></span> <span class='ocrx_word' id='word_1_279' title='bbox 3222 1093 3285 1134; x_wconf 90' lang='lat' dir='ltr'><strong>ac</strong></span> <span class='ocrx_word' id='word_1_280' title='bbox 3329 1093 3442 1134; x_wconf 72' lang='lat' dir='ltr'><strong>sua:</strong></span> 
     </span>
    </p>
   </div>
   <div class='ocr_carea' id='block_1_40' title="bbox 1878 1171 3439 1244">
    <p class='ocr_par' dir='ltr' id='par_1_40' title="bbox 1878 1171 3439 1244">
     <span class='ocr_line' id='line_1_40' title="bbox 1878 1171 3439 1244; baseline -0.005 -14"><span class='ocrx_word' id='word_1_281' title='bbox 1878 1176 2070 1230; x_wconf 84' lang='lat' dir='ltr'><strong>salutis</strong></span> <span class='ocrx_word' id='word_1_282' title='bbox 2097 1176 2365 1244; x_wconf 83' lang='lat' dir='ltr'><strong>abjicinnt</strong></span> <span class='ocrx_word' id='word_1_283' title='bbox 2398 1189 2570 1242; x_wconf 88' lang='lat' dir='ltr'><strong>spem,</strong></span> <span class='ocrx_word' id='word_1_284' title='bbox 2599 1189 2726 1240; x_wconf 89' lang='lat' dir='ltr'><strong>quo,</strong></span> <span class='ocrx_word' id='word_1_285' title='bbox 2761 1189 2823 1225; x_wconf 83' lang='lat' dir='ltr'><strong>ex</strong></span> <span class='ocrx_word' id='word_1_286' title='bbox 2873 1171 3099 1225; x_wconf 86' lang='lat' dir='ltr'><strong>latronis</strong></span> <span class='ocrx_word' id='word_1_287' title='bbox 3138 1181 3311 1223; x_wconf 88' lang='lat' dir='ltr'><strong>morte</strong></span> <span class='ocrx_word' id='word_1_288' title='bbox 3343 1185 3439 1223; x_wconf 89' lang='lat' dir='ltr'><strong>au-</strong></span> 
     </span>
    </p>
   </div>
   <div class='ocr_carea' id='block_1_41' title="bbox 1878 1261 3444 1331">
    <p class='ocr_par' dir='ltr' id='par_1_41' title="bbox 1878 1261 3444 1331">
     <span class='ocr_line' id='line_1_41' title="bbox 1878 1261 3444 1331; baseline -0.004 -11"><span class='ocrx_word' id='word_1_289' title='bbox 1878 1268 2088 1321; x_wconf 91' lang='lat' dir='ltr'><strong>dientes</strong></span> <span class='ocrx_word' id='word_1_290' title='bbox 2133 1266 2475 1320; x_wconf 89' lang='lat' dir='ltr'><strong>commodum</strong></span> <span class='ocrx_word' id='word_1_291' title='bbox 2536 1273 2835 1331; x_wconf 85' lang='lat' dir='ltr'><strong>reportent,</strong></span> <span class='ocrx_word' id='word_1_292' title='bbox 2889 1277 2988 1316; x_wconf 90' lang='lat' dir='ltr'><strong>nec</strong></span> <span class='ocrx_word' id='word_1_293' title='bbox 3041 1263 3332 1328; x_wconf 91' lang='lat' dir='ltr'><strong>desperent</strong></span> <span class='ocrx_word' id='word_1_294' title='bbox 3379 1261 3444 1314; x_wconf 88' lang='lat' dir='ltr'><strong>de</strong></span> 
     </span>
    </p>
   </div>
   <div class='ocr_carea' id='block_1_42' title="bbox 1878 1351 3442 1422">
    <p class='ocr_par' dir='ltr' id='par_1_42' title="bbox 1878 1351 3442 1422">
     <span class='ocr_line' id='line_1_42' title="bbox 1878 1351 3442 1422; baseline -0.004 -12"><span class='ocrx_word' id='word_1_295' title='bbox 1878 1358 2253 1418; x_wconf 83' lang='lat' dir='ltr'><strong>conversione,</strong></span> <span class='ocrx_word' id='word_1_296' title='bbox 2281 1356 2382 1422; x_wconf 91' lang='lat' dir='ltr'><strong>piis</strong></span> <span class='ocrx_word' id='word_1_297' title='bbox 2403 1355 2690 1421; x_wconf 84' lang='lat' dir='ltr'><strong>quemdam</strong></span> <span class='ocrx_word' id='word_1_298' title='bbox 2725 1351 2968 1404; x_wconf 86' lang='lat' dir='ltr'><strong>moribus</strong></span> <span class='ocrx_word' id='word_1_299' title='bbox 3001 1353 3290 1414; x_wconf 81' lang='lat' dir='ltr'><strong>medicum,</strong></span> <span class='ocrx_word' id='word_1_300' title='bbox 3326 1351 3442 1418; x_wconf 89' lang='lat' dir='ltr'><strong>ipsa</strong></span> 
     </span>
    </p>
   </div>
   <div class='ocr_carea' id='block_1_43' title="bbox 1881 1443 3443 1516">
    <p class='ocr_par' dir='ltr' id='par_1_43' title="bbox 1881 1443 3443 1516">
     <span class='ocr_line' id='line_1_43' title="bbox 1881 1443 3443 1516; baseline -0.004 -14"><span class='ocrx_word' id='word_1_301' title='bbox 1881 1459 2040 1503; x_wconf 89' lang='lat' dir='ltr'><strong>nocte</strong></span> <span class='ocrx_word' id='word_1_302' title='bbox 2084 1465 2186 1516; x_wconf 87' lang='lat' dir='ltr'><strong>qua</strong></span> <span class='ocrx_word' id='word_1_303' title='bbox 2239 1447 2380 1499; x_wconf 87' lang='lat' dir='ltr'><strong>latro</strong></span> <span class='ocrx_word' id='word_1_304' title='bbox 2425 1446 2698 1508; x_wconf 82' lang='lat' dir='ltr'><strong>decessit,</strong></span> <span class='ocrx_word' id='word_1_305' title='bbox 2741 1444 2793 1497; x_wconf 93' lang='lat' dir='ltr'><strong>in</strong></span> <span class='ocrx_word' id='word_1_306' title='bbox 2825 1444 3032 1497; x_wconf 87' lang='lat' dir='ltr'><strong>somnis</strong></span> <span class='ocrx_word' id='word_1_307' title='bbox 3081 1443 3264 1496; x_wconf 87' lang='lat' dir='ltr'><strong>videre</strong></span> <span class='ocrx_word' id='word_1_308' title='bbox 3315 1443 3443 1496; x_wconf 80' lang='lat' dir='ltr'><strong>facit</strong></span> 
     </span>
    </p>
   </div>
   <div class='ocr_carea' id='block_1_44' title="bbox 1881 1533 3443 1602">
    <p class='ocr_par' dir='ltr' id='par_1_44' title="bbox 1881 1533 3443 1602">
     <span class='ocr_line' id='line_1_44' title="bbox 1881 1533 3443 1602; baseline -0.004 -11"><span class='ocrx_word' id='word_1_309' title='bbox 1881 1541 2157 1593; x_wconf 83' lang='lat' dir='ltr'><strong>venientes</strong></span> <span class='ocrx_word' id='word_1_310' title='bbox 2192 1539 2258 1592; x_wconf 88' lang='lat' dir='ltr'><strong>ad</strong></span> <span class='ocrx_word' id='word_1_311' title='bbox 2288 1553 2409 1591; x_wconf 91' lang='lat' dir='ltr'><strong>eum</strong></span> <span class='ocrx_word' id='word_1_312' title='bbox 2450 1536 2755 1601; x_wconf 73' lang='lat' dir='ltr'><strong>A-lthiopes,</strong></span> <span class='ocrx_word' id='word_1_313' title='bbox 2787 1549 2850 1588; x_wconf 93' lang='lat' dir='ltr'><strong>ac</strong></span> <span class='ocrx_word' id='word_1_314' title='bbox 2899 1535 3120 1596; x_wconf 88' lang='lat' dir='ltr'><strong>chartis,</strong></span> <span class='ocrx_word' id='word_1_315' title='bbox 3150 1549 3286 1602; x_wconf 92' lang='lat' dir='ltr'><strong>quas</strong></span> <span class='ocrx_word' id='word_1_316' title='bbox 3309 1533 3443 1587; x_wconf 91' lang='lat' dir='ltr'><strong>scri-</strong></span> 
     </span>
    </p>
   </div>
   <div class='ocr_carea' id='block_1_45' title="bbox 1880 1624 3443 1702">
    <p class='ocr_par' dir='ltr' id='par_1_45' title="bbox 1880 1624 3443 1702">
     <span class='ocr_line' id='line_1_45' title="bbox 1880 1624 3443 1702; baseline -0.008 -15"><span class='ocrx_word' id='word_1_317' title='bbox 1880 1643 1998 1702; x_wconf 90' lang='lat' dir='ltr'><strong>ptas</strong></span> <span class='ocrx_word' id='word_1_318' title='bbox 2022 1633 2346 1694; x_wconf 80' lang='lat' dir='ltr'><strong>inferebant,</strong></span> <span class='ocrx_word' id='word_1_319' title='bbox 2382 1632 2498 1699; x_wconf 91' lang='lat' dir='ltr'><strong>ejus</strong></span> <span class='ocrx_word' id='word_1_320' title='bbox 2523 1631 2726 1682; x_wconf 89' lang='lat' dir='ltr'><strong>scelera</strong></span> <span class='ocrx_word' id='word_1_321' title='bbox 2753 1627 2933 1680; x_wconf 88' lang='lat' dir='ltr'><strong>omnia</strong></span> <span class='ocrx_word' id='word_1_322' title='bbox 2966 1634 3322 1679; x_wconf 90' lang='lat' dir='ltr'><strong>ostentantes.</strong></span> <span class='ocrx_word' id='word_1_323' title='bbox 3355 1624 3443 1675; x_wconf 80' lang='lat' dir='ltr'><strong>Vi-</strong></span> 
     </span>
    </p>
   </div>
   <div class='ocr_carea' id='block_1_46' title="bbox 1879 1717 3445 1791">
    <p class='ocr_par' dir='ltr' id='par_1_46' title="bbox 1879 1717 3445 1791">
     <span class='ocr_line' id='line_1_46' title="bbox 1879 1717 3445 1791; baseline -0.007 -13"><span class='ocrx_word' id='word_1_324' title='bbox 1879 1725 2038 1778; x_wconf 84' lang='lat' dir='ltr'><strong>debat</strong></span> <span class='ocrx_word' id='word_1_325' title='bbox 2070 1737 2283 1791; x_wconf 88' lang='lat' dir='ltr'><strong>quoque</strong></span> <span class='ocrx_word' id='word_1_326' title='bbox 2328 1723 2519 1774; x_wconf 85' lang='lat' dir='ltr'><strong>herum</strong></span> <span class='ocrx_word' id='word_1_327' title='bbox 2555 1728 2826 1788; x_wconf 82' lang='lat' dir='ltr'><strong>spectator</strong></span> <span class='ocrx_word' id='word_1_328' title='bbox 2859 1733 2954 1784; x_wconf 88' lang='lat' dir='ltr'><strong>per</strong></span> <span class='ocrx_word' id='word_1_329' title='bbox 2984 1717 3276 1777; x_wconf 86' lang='lat' dir='ltr'><strong>somnium,</strong></span> <span class='ocrx_word' id='word_1_330' title='bbox 3311 1717 3445 1767; x_wconf 85' lang='lat' dir='ltr'><strong>duos</strong></span> 
     </span>
    </p>
   </div>
   <div class='ocr_carea' id='block_1_47' title="bbox 1880 1795 3446 1881">
    <p class='ocr_par' dir='ltr' id='par_1_47' title="bbox 1880 1795 3446 1881">
     <span class='ocr_line' id='line_1_47' title="bbox 1880 1795 3446 1881; baseline -0.003 -17"><span class='ocrx_word' id='word_1_331' title='bbox 1880 1815 2142 1881; x_wconf 86' lang='lat' dir='ltr'><strong>quosdam</strong></span> <span class='ocrx_word' id='word_1_332' title='bbox 2190 1812 2338 1864; x_wconf 86' lang='lat' dir='ltr'><strong>viros</strong></span> <span class='ocrx_word' id='word_1_333' title='bbox 2365 1810 2597 1870; x_wconf 89' lang='lat' dir='ltr'><strong>lucidos,</strong></span> <span class='ocrx_word' id='word_1_334' title='bbox 2633 1795 2821 1875; x_wconf 83' lang='lat' dir='ltr'><strong>eisque</strong></span> <span class='ocrx_word' id='word_1_335' title='bbox 2857 1804 3112 1874; x_wconf 68' lang='lat' dir='ltr'><strong>praefatos</strong></span> <span class='ocrx_word' id='word_1_336' title='bbox 3160 1805 3446 1875; x_wconf 66' lang='lat' dir='ltr'><strong>xEthiupes</strong></span> 
     </span>
    </p>
   </div>
   <div class='ocr_carea' id='block_1_48' title="bbox 1884 1896 3446 1967">
    <p class='ocr_par' dir='ltr' id='par_1_48' title="bbox 1884 1896 3446 1967">
     <span class='ocr_line' id='line_1_48' title="bbox 1884 1896 3446 1967; baseline -0.004 -14"><span class='ocrx_word' id='word_1_337' title='bbox 1884 1903 2058 1953; x_wconf 81' lang='lat' dir='ltr'><strong>illatas</strong></span> <span class='ocrx_word' id='word_1_338' title='bbox 2125 1900 2461 1967; x_wconf 89' lang='lat' dir='ltr'><strong>prol&#39;erentcs</strong></span> <span class='ocrx_word' id='word_1_339' title='bbox 2525 1897 2743 1950; x_wconf 84' lang='lat' dir='ltr'><strong>chartas</strong></span> <span class='ocrx_word' id='word_1_340' title='bbox 2792 1910 2854 1947; x_wconf 92' lang='lat' dir='ltr'><strong>ac</strong></span> <span class='ocrx_word' id='word_1_341' title='bbox 2906 1896 3334 1958; x_wconf 87' lang='lat' dir='ltr'><strong>contendentes,</strong></span> <span class='ocrx_word' id='word_1_342' title='bbox 3388 1905 3446 1947; x_wconf 89' lang='lat' dir='ltr'><strong>ut</strong></span> 
     </span>
    </p>
   </div>
   <div class='ocr_carea' id='block_1_49' title="bbox 1883 1985 3445 2052">
    <p class='ocr_par' dir='ltr' id='par_1_49' title="bbox 1883 1985 3445 2052">
     <span class='ocr_line' id='line_1_49' title="bbox 1883 1985 3445 2052; baseline -0.005 -10"><span class='ocrx_word' id='word_1_343' title='bbox 1883 1993 2147 2042; x_wconf 83' lang='lat' dir='ltr'><strong>latronem</strong></span> <span class='ocrx_word' id='word_1_344' title='bbox 2198 2003 2379 2042; x_wconf 87' lang='lat' dir='ltr'><strong>secum</strong></span> <span class='ocrx_word' id='word_1_345' title='bbox 2431 1989 2742 2052; x_wconf 79' lang='lat' dir='ltr'><strong>abriperent</strong></span> <span class='ocrx_word' id='word_1_346' title='bbox 2778 2004 2791 2040; x_wconf 88' lang='lat'><strong>:</strong></span> <span class='ocrx_word' id='word_1_347' title='bbox 2828 1985 2948 2038; x_wconf 91' lang='lat' dir='ltr'><strong>illos</strong></span> <span class='ocrx_word' id='word_1_348' title='bbox 2988 1999 3115 2037; x_wconf 89' lang='lat' dir='ltr'><strong>vero</strong></span> <span class='ocrx_word' id='word_1_349' title='bbox 3165 1986 3331 2048; x_wconf 89' lang='lat' dir='ltr'><strong>viros,</strong></span> <span class='ocrx_word' id='word_1_350' title='bbox 3366 1986 3445 2036; x_wconf 87' lang='lat' dir='ltr'><strong>in-</strong></span> 
     </span>
    </p>
   </div>
   <div class='ocr_carea' id='block_1_50' title="bbox 1881 2076 3447 2148">
    <p class='ocr_par' dir='ltr' id='par_1_50' title="bbox 1881 2076 3447 2148">
     <span class='ocr_line' id='line_1_50' title="bbox 1881 2076 3447 2148; baseline -0.003 -17"><span class='ocrx_word' id='word_1_351' title='bbox 1881 2094 2061 2148; x_wconf 80' lang='lat' dir='ltr'><strong>quam,</strong></span> <span class='ocrx_word' id='word_1_352' title='bbox 2087 2079 2202 2131; x_wconf 91' lang='lat' dir='ltr'><strong>luce</strong></span> <span class='ocrx_word' id='word_1_353' title='bbox 2223 2078 2555 2147; x_wconf 85' lang='lat' dir='ltr'><strong>splendidos,</strong></span> <span class='ocrx_word' id='word_1_354' title='bbox 2576 2092 2698 2130; x_wconf 90' lang='lat' dir='ltr'><strong>eum</strong></span> <span class='ocrx_word' id='word_1_355' title='bbox 2724 2076 2828 2128; x_wconf 89' lang='lat' dir='ltr'><strong>alia</strong></span> <span class='ocrx_word' id='word_1_356' title='bbox 2849 2078 3120 2135; x_wconf 87' lang='lat' dir='ltr'><strong>deessent,</strong></span> <span class='ocrx_word' id='word_1_357' title='bbox 3143 2087 3447 2141; x_wconf 71' lang='lat' dir='ltr'><strong>qumrentes</strong></span> 
     </span>
    </p>
   </div>
   <div class='ocr_carea' id='block_1_51' title="bbox 1881 2164 3448 2234">
    <p class='ocr_par' dir='ltr' id='par_1_51' title="bbox 1881 2164 3448 2234">
     <span class='ocr_line' id='line_1_51' title="bbox 1881 2164 3448 2234; baseline -0.002 -14"><span class='ocrx_word' id='word_1_358' title='bbox 1881 2169 1934 2220; x_wconf 94' lang='lat' dir='ltr'><strong>in</strong></span> <span class='ocrx_word' id='word_1_359' title='bbox 1986 2167 2148 2227; x_wconf 90' lang='lat' dir='ltr'><strong>lecto,</strong></span> <span class='ocrx_word' id='word_1_360' title='bbox 2195 2181 2302 2234; x_wconf 89' lang='lat' dir='ltr'><strong>quo</strong></span> <span class='ocrx_word' id='word_1_361' title='bbox 2335 2167 2379 2218; x_wconf 93' lang='lat' dir='ltr'><strong>is</strong></span> <span class='ocrx_word' id='word_1_362' title='bbox 2409 2166 2647 2232; x_wconf 85' lang='lat' dir='ltr'><strong>jacebat,</strong></span> <span class='ocrx_word' id='word_1_363' title='bbox 2687 2180 2815 2217; x_wconf 91' lang='lat' dir='ltr'><strong>num</strong></span> <span class='ocrx_word' id='word_1_364' title='bbox 2859 2176 2910 2218; x_wconf 91' lang='lat' dir='ltr'><strong>et</strong></span> <span class='ocrx_word' id='word_1_365' title='bbox 2957 2165 3059 2233; x_wconf 86' lang='lat' dir='ltr'><strong>ipsi</strong></span> <span class='ocrx_word' id='word_1_366' title='bbox 3110 2166 3315 2232; x_wconf 91' lang='lat' dir='ltr'><strong>aliquid</strong></span> <span class='ocrx_word' id='word_1_367' title='bbox 3366 2164 3448 2218; x_wconf 84' lang='lat' dir='ltr'><strong>fu-</strong></span> 
     </span>
    </p>
   </div>
   <div class='ocr_carea' id='block_1_52' title="bbox 1881 2255 3448 2326">
    <p class='ocr_par' dir='ltr' id='par_1_52' title="bbox 1881 2255 3448 2326">
     <span class='ocr_line' id='line_1_52' title="bbox 1881 2255 3448 2326; baseline 0 -18"><span class='ocrx_word' id='word_1_368' title='bbox 1881 2260 2069 2326; x_wconf 73' lang='lat' dir='ltr'><strong>ganda:</strong></span> <span class='ocrx_word' id='word_1_369' title='bbox 2099 2258 2271 2310; x_wconf 75' lang='lat' dir='ltr'><strong>turba:</strong></span> <span class='ocrx_word' id='word_1_370' title='bbox 2299 2257 2376 2310; x_wconf 92' lang='lat' dir='ltr'><strong>illi</strong></span> <span class='ocrx_word' id='word_1_371' title='bbox 2395 2255 2708 2322; x_wconf 70' lang='lat' dir='ltr'><strong>A‘Jthiopum</strong></span> <span class='ocrx_word' id='word_1_372' title='bbox 2730 2255 2973 2309; x_wconf 88' lang='lat' dir='ltr'><strong>invenire</strong></span> <span class='ocrx_word' id='word_1_373' title='bbox 3001 2265 3222 2322; x_wconf 85' lang='lat' dir='ltr'><strong>possent</strong></span> <span class='ocrx_word' id='word_1_374' title='bbox 3249 2276 3262 2309; x_wconf 88' lang='lat'><strong><em>:</em></strong></span> <span class='ocrx_word' id='word_1_375' title='bbox 3295 2271 3448 2309; x_wconf 91' lang='lat' dir='ltr'><strong>cum-</strong></span> 
     </span>
    </p>
   </div>
   <div class='ocr_carea' id='block_1_53' title="bbox 1881 2343 3445 2414">
    <p class='ocr_par' dir='ltr' id='par_1_53' title="bbox 1881 2343 3445 2414">
     <span class='ocr_line' id='line_1_53' title="bbox 1881 2343 3445 2414; baseline 0.001 -17"><span class='ocrx_word' id='word_1_376' title='bbox 1881 2360 1984 2414; x_wconf 85' lang='lat' dir='ltr'><strong>que</strong></span> <span class='ocrx_word' id='word_1_377' title='bbox 2017 2347 2051 2398; x_wconf 90' lang='lat' dir='ltr'><strong>ii</strong></span> <span class='ocrx_word' id='word_1_378' title='bbox 2079 2346 2306 2399; x_wconf 93' lang='lat' dir='ltr'><strong>latronis</strong></span> <span class='ocrx_word' id='word_1_379' title='bbox 2338 2347 2466 2399; x_wconf 90' lang='lat' dir='ltr'><strong>illud</strong></span> <span class='ocrx_word' id='word_1_380' title='bbox 2500 2343 2690 2411; x_wconf 85' lang='lat' dir='ltr'><strong>capitis</strong></span> <span class='ocrx_word' id='word_1_381' title='bbox 2716 2343 2941 2397; x_wconf 88' lang='lat' dir='ltr'><strong>linteum</strong></span> <span class='ocrx_word' id='word_1_382' title='bbox 2967 2344 3216 2411; x_wconf 77' lang='lat' dir='ltr'><strong>lacrymis</strong></span> <span class='ocrx_word' id='word_1_383' title='bbox 3245 2347 3445 2409; x_wconf 91' lang='lat' dir='ltr'><strong>adhuc,</strong></span> 
     </span>
    </p>
   </div>
   <div class='ocr_carea' id='block_1_54' title="bbox 1881 2437 3444 2506">
    <p class='ocr_par' dir='ltr' id='par_1_54' title="bbox 1881 2437 3444 2506">
     <span class='ocr_line' id='line_1_54' title="bbox 1881 2437 3444 2506; baseline 0 -16"><span class='ocrx_word' id='word_1_384' title='bbox 1881 2454 2017 2506; x_wconf 91' lang='lat' dir='ltr'><strong>quas</strong></span> <span class='ocrx_word' id='word_1_385' title='bbox 2054 2439 2324 2506; x_wconf 72' lang='lat' dir='ltr'><strong>pwnitens</strong></span> <span class='ocrx_word' id='word_1_386' title='bbox 2364 2438 2416 2490; x_wconf 92' lang='lat' dir='ltr'><strong>in</strong></span> <span class='ocrx_word' id='word_1_387' title='bbox 2453 2438 2642 2490; x_wconf 88' lang='lat' dir='ltr'><strong>mortis</strong></span> <span class='ocrx_word' id='word_1_388' title='bbox 2682 2438 2962 2504; x_wconf 88' lang='lat' dir='ltr'><strong>procinctu</strong></span> <span class='ocrx_word' id='word_1_389' title='bbox 2995 2437 3298 2501; x_wconf 79' lang='lat' dir='ltr'><strong>ellndissel,</strong></span> <span class='ocrx_word' id='word_1_390' title='bbox 3329 2439 3444 2505; x_wconf 86' lang='lat' dir='ltr'><strong>ple-</strong></span> 
     </span>
    </p>
   </div>
   <div class='ocr_carea' id='block_1_55' title="bbox 1882 2528 3445 2591">
    <p class='ocr_par' dir='ltr' id='par_1_55' title="bbox 1882 2528 3445 2591">
     <span class='ocr_line' id='line_1_55' title="bbox 1882 2528 3445 2591; baseline -0.002 -8"><span class='ocrx_word' id='word_1_391' title='bbox 1882 2545 2008 2583; x_wconf 90' lang='lat' dir='ltr'><strong>num</strong></span> <span class='ocrx_word' id='word_1_392' title='bbox 2042 2530 2401 2590; x_wconf 80' lang='lat' dir='ltr'><strong>invenissent,</strong></span> <span class='ocrx_word' id='word_1_393' title='bbox 2435 2529 2487 2581; x_wconf 92' lang='lat' dir='ltr'><strong>in</strong></span> <span class='ocrx_word' id='word_1_394' title='bbox 2519 2543 2679 2580; x_wconf 90' lang='lat' dir='ltr'><strong>unam</strong></span> <span class='ocrx_word' id='word_1_395' title='bbox 2706 2537 2917 2579; x_wconf 69' lang='lat' dir='ltr'><strong>staterm</strong></span> <span class='ocrx_word' id='word_1_396' title='bbox 2944 2528 3173 2591; x_wconf 83' lang='lat' dir='ltr'><strong>lancem,</strong></span> <span class='ocrx_word' id='word_1_397' title='bbox 3203 2543 3265 2581; x_wconf 87' lang='lat' dir='ltr'><strong>ac</strong></span> <span class='ocrx_word' id='word_1_398' title='bbox 3287 2531 3445 2581; x_wconf 88' lang='lat' dir='ltr'><strong>simul</strong></span> 
     </span>
    </p>
   </div>
   <div class='ocr_carea' id='block_1_56' title="bbox 1883 2619 3446 2686">
    <p class='ocr_par' dir='ltr' id='par_1_56' title="bbox 1883 2619 3446 2686">
     <span class='ocr_line' id='line_1_56' title="bbox 1883 2619 3446 2686; baseline -0.003 -11"><span class='ocrx_word' id='word_1_399' title='bbox 1883 2621 1973 2675; x_wconf 87' lang='lat' dir='ltr'><strong>Dei</strong></span> <span class='ocrx_word' id='word_1_400' title='bbox 2004 2622 2278 2674; x_wconf 88' lang='lat' dir='ltr'><strong>mittentes</strong></span> <span class='ocrx_word' id='word_1_401' title='bbox 2309 2619 2653 2672; x_wconf 85' lang='lat' dir='ltr'><strong>clementiam</strong></span> <span class='ocrx_word' id='word_1_402' title='bbox 2681 2634 2695 2681; x_wconf 92' lang='lat'><strong>;</strong></span> <span class='ocrx_word' id='word_1_403' title='bbox 2733 2634 2852 2686; x_wconf 73' lang='lat' dir='ltr'><strong>qua:</strong></span> <span class='ocrx_word' id='word_1_404' title='bbox 2880 2619 3096 2685; x_wconf 88' lang='lat' dir='ltr'><strong>quidem</strong></span> <span class='ocrx_word' id='word_1_405' title='bbox 3132 2619 3277 2683; x_wconf 81' lang='lat' dir='ltr'><strong>lanx,</strong></span> <span class='ocrx_word' id='word_1_406' title='bbox 3304 2622 3446 2686; x_wconf 88' lang='lat' dir='ltr'><strong>quod</strong></span> 
     </span>
    </p>
   </div>
   <div class='ocr_carea' id='block_1_57' title="bbox 1881 2709 3446 2777">
    <p class='ocr_par' dir='ltr' id='par_1_57' title="bbox 1881 2709 3446 2777">
     <span class='ocr_line' id='line_1_57' title="bbox 1881 2709 3446 2777; baseline -0.002 -13"><span class='ocrx_word' id='word_1_407' title='bbox 1881 2711 2014 2765; x_wconf 85' lang='lat' dir='ltr'><strong>nihil</strong></span> <span class='ocrx_word' id='word_1_408' title='bbox 2065 2718 2216 2762; x_wconf 87' lang='lat' dir='ltr'><strong>esset</strong></span> <span class='ocrx_word' id='word_1_409' title='bbox 2272 2709 2414 2777; x_wconf 90' lang='lat' dir='ltr'><strong>quod</strong></span> <span class='ocrx_word' id='word_1_410' title='bbox 2458 2723 2526 2760; x_wconf 80' lang='lat' dir='ltr'><strong>ex</strong></span> <span class='ocrx_word' id='word_1_411' title='bbox 2579 2709 2810 2762; x_wconf 84' lang='lat' dir='ltr'><strong>adverso</strong></span> <span class='ocrx_word' id='word_1_412' title='bbox 2867 2710 3105 2775; x_wconf 89' lang='lat' dir='ltr'><strong>pondere</strong></span> <span class='ocrx_word' id='word_1_413' title='bbox 3160 2719 3446 2777; x_wconf 77' lang='lat' dir='ltr'><strong>gravaret,</strong></span> 
     </span>
    </p>
   </div>
   <div class='ocr_carea' id='block_1_58' title="bbox 1880 2798 3447 2867">
    <p class='ocr_par' dir='ltr' id='par_1_58' title="bbox 1880 2798 3447 2867">
     <span class='ocr_line' id='line_1_58' title="bbox 1880 2798 3447 2867; baseline -0.002 -12"><span class='ocrx_word' id='word_1_414' title='bbox 1880 2803 2051 2855; x_wconf 89' lang='lat' dir='ltr'><strong>altera</strong></span> <span class='ocrx_word' id='word_1_415' title='bbox 2082 2800 2243 2853; x_wconf 89' lang='lat' dir='ltr'><strong>illatis</strong></span> <span class='ocrx_word' id='word_1_416' title='bbox 2267 2813 2362 2866; x_wconf 87' lang='lat' dir='ltr'><strong>per</strong></span> <span class='ocrx_word' id='word_1_417' title='bbox 2390 2798 2675 2866; x_wconf 63' lang='lat' dir='ltr'><strong>[Ethiopes</strong></span> <span class='ocrx_word' id='word_1_418' title='bbox 2707 2799 2923 2867; x_wconf 88' lang='lat' dir='ltr'><strong>scriptis</strong></span> <span class='ocrx_word' id='word_1_419' title='bbox 2967 2799 3144 2864; x_wconf 85' lang='lat' dir='ltr'><strong>plena,</strong></span> <span class='ocrx_word' id='word_1_420' title='bbox 3174 2814 3236 2851; x_wconf 84' lang='lat' dir='ltr'><strong>ac</strong></span> <span class='ocrx_word' id='word_1_421' title='bbox 3278 2801 3329 2852; x_wconf 92' lang='lat' dir='ltr'><strong>in</strong></span> <span class='ocrx_word' id='word_1_422' title='bbox 3362 2817 3447 2853; x_wconf 89' lang='lat' dir='ltr'><strong>so-</strong></span> 
     </span>
    </p>
   </div>
   <div class='ocr_carea' id='block_1_59' title="bbox 1881 2887 3447 2957">
    <p class='ocr_par' dir='ltr' id='par_1_59' title="bbox 1881 2887 3447 2957">
     <span class='ocr_line' id='line_1_59' title="bbox 1881 2887 3447 2957; baseline -0.001 -14"><span class='ocrx_word' id='word_1_423' title='bbox 1881 2891 1988 2944; x_wconf 89' lang='lat' dir='ltr'><strong>lum</strong></span> <span class='ocrx_word' id='word_1_424' title='bbox 2015 2891 2290 2957; x_wconf 88' lang='lat' dir='ltr'><strong>depressa,</strong></span> <span class='ocrx_word' id='word_1_425' title='bbox 2323 2890 2374 2940; x_wconf 94' lang='lat' dir='ltr'><strong>in</strong></span> <span class='ocrx_word' id='word_1_426' title='bbox 2405 2888 2637 2940; x_wconf 87' lang='lat' dir='ltr'><strong>sublime</strong></span> <span class='ocrx_word' id='word_1_427' title='bbox 2669 2887 2802 2938; x_wconf 86' lang='lat' dir='ltr'><strong>levis</strong></span> <span class='ocrx_word' id='word_1_428' title='bbox 2830 2889 3042 2940; x_wconf 86' lang='lat' dir='ltr'><strong>sublata</strong></span> <span class='ocrx_word' id='word_1_429' title='bbox 3068 2899 3186 2942; x_wconf 90' lang='lat' dir='ltr'><strong>erat</strong></span> <span class='ocrx_word' id='word_1_430' title='bbox 3215 2907 3227 2942; x_wconf 92' lang='lat'><strong>:</strong></span> <span class='ocrx_word' id='word_1_431' title='bbox 3257 2907 3447 2956; x_wconf 80' lang='lat' dir='ltr'><strong>magna</strong></span> 
     </span>
    </p>
   </div>
   <div class='ocr_carea' id='block_1_60' title="bbox 1881 2977 3447 3040">
    <p class='ocr_par' dir='ltr' id='par_1_60' title="bbox 1881 2977 3447 3040">
     <span class='ocr_line' id='line_1_60' title="bbox 1881 2977 3447 3040; baseline -0.002 -5"><span class='ocrx_word' id='word_1_432' title='bbox 1881 2981 2255 3035; x_wconf 66' lang='lat' dir='ltr'><strong>exvlamarunt</strong></span> <span class='ocrx_word' id='word_1_433' title='bbox 2308 2993 2474 3032; x_wconf 87' lang='lat' dir='ltr'><strong>voce:</strong></span> <span class='ocrx_word' id='word_1_434' title='bbox 2501 2996 2518 3027; x_wconf 84' lang='grc' dir='ltr'><strong>ι</strong></span> <span class='ocrx_word' id='word_1_435' title='bbox 2559 2977 2739 3030; x_wconf 84' lang='lat' dir='ltr'><strong>Vincit</strong></span> <span class='ocrx_word' id='word_1_436' title='bbox 2775 2977 2866 3031; x_wconf 84' lang='lat' dir='ltr'><strong>Dei</strong></span> <span class='ocrx_word' id='word_1_437' title='bbox 2902 2979 3224 3040; x_wconf 85' lang='lat' dir='ltr'><strong>clementia;</strong></span> <span class='ocrx_word' id='word_1_438' title='bbox 3258 2999 3276 3030; x_wconf 73' lang='grc' dir='ltr'><strong>ι</strong></span> <span class='ocrx_word' id='word_1_439' title='bbox 3326 2997 3447 3032; x_wconf 85' lang='lat' dir='ltr'><strong>mox</strong></span> 
     </span>
    </p>
   </div>
   <div class='ocr_carea' id='block_1_61' title="bbox 1881 3069 3449 3137">
    <p class='ocr_par' dir='ltr' id='par_1_61' title="bbox 1881 3069 3449 3137">
     <span class='ocr_line' id='line_1_61' title="bbox 1881 3069 3449 3137; baseline -0.001 -13"><span class='ocrx_word' id='word_1_440' title='bbox 1881 3084 2058 3125; x_wconf 85' lang='lat' dir='ltr'><strong>autem</strong></span> <span class='ocrx_word' id='word_1_441' title='bbox 2116 3070 2398 3137; x_wconf 68' lang='lat' dir='ltr'><strong>{Ethinpes</strong></span> <span class='ocrx_word' id='word_1_442' title='bbox 2439 3069 2654 3136; x_wconf 90' lang='lat' dir='ltr'><strong>quidem</strong></span> <span class='ocrx_word' id='word_1_443' title='bbox 2713 3069 2922 3123; x_wconf 80' lang='lat' dir='ltr'><strong>confusi</strong></span> <span class='ocrx_word' id='word_1_444' title='bbox 2969 3072 3252 3133; x_wconf 86' lang='lat' dir='ltr'><strong>abierunt;</strong></span> <span class='ocrx_word' id='word_1_445' title='bbox 3314 3071 3449 3123; x_wconf 89' lang='lat' dir='ltr'><strong>lucis</strong></span> 
     </span>
    </p>
   </div>
   <div class='ocr_carea' id='block_1_62' title="bbox 205 3157 1860 3242">
    <p class='ocr_par' dir='ltr' id='par_1_62' title="bbox 205 3157 1848 3242">
     <span class='ocr_line' id='line_1_62' title="bbox 205 3157 1848 3242; baseline 0.004 -31"><span class='ocrx_word' id='word_1_446' title='bbox 205 3157 607 3224; x_wconf 76' lang='grc' dir='ltr'>άνεκουφίζετο</span> <span class='ocrx_word' id='word_1_447' title='bbox 628 3175 640 3186; x_wconf 92' lang='grc'><strong>·</strong></span> <span class='ocrx_word' id='word_1_448' title='bbox 675 3160 770 3211; x_wconf 82' lang='grc' dir='ltr'><strong>καὶ</strong></span> <span class='ocrx_word' id='word_1_449' title='bbox 806 3160 912 3228; x_wconf 77' lang='grc' dir='ltr'>γὰρ</span> <span class='ocrx_word' id='word_1_450' title='bbox 938 3161 1035 3228; x_wconf 84' lang='grc' dir='ltr'><strong>τὴν</strong></span> <span class='ocrx_word' id='word_1_451' title='bbox 1075 3161 1267 3228; x_wconf 77' lang='grc' dir='ltr'>ἑτέραν</span> <span class='ocrx_word' id='word_1_452' title='bbox 1297 3162 1347 3212; x_wconf 87' lang='grc' dir='ltr'><strong>οί</strong></span> <span class='ocrx_word' id='word_1_453' title='bbox 1382 3162 1641 3222; x_wconf 77' lang='grc' dir='ltr'>Αἰθίοπες</span> <span class='ocrx_word' id='word_1_454' title='bbox 1664 3167 1779 3226; x_wconf 88' lang='grc' dir='ltr'>τοῖς</span> <span class='ocrx_word' id='word_1_455' title='bbox 1806 3184 1848 3242; x_wconf 78' lang='lat' dir='ltr'><strong><em>C</em></strong></span> 
     </span>
    </p>
   </div>
   <div class='ocr_carea' id='block_1_63' title="bbox 1794 3157 3449 3242">
    <p class='ocr_par' dir='ltr' id='par_1_63' title="bbox 1806 3160 3449 3242">
     <span class='ocr_line' id='line_1_63' title="bbox 1806 3160 3449 3242; baseline 0.001 -27"><span class='ocrx_word' id='word_1_456' title='bbox 1806 3184 1848 3242; x_wconf 71' lang='grc' dir='ltr'>ο</span> <span class='ocrx_word' id='word_1_457' title='bbox 1886 3179 2010 3217; x_wconf 91' lang='lat' dir='ltr'><strong>vero</strong></span> <span class='ocrx_word' id='word_1_458' title='bbox 2054 3164 2249 3228; x_wconf 81' lang='lat' dir='ltr'><strong>angeli,</strong></span> <span class='ocrx_word' id='word_1_459' title='bbox 2299 3169 2572 3228; x_wconf 85' lang='lat' dir='ltr'><strong>acceptam</strong></span> <span class='ocrx_word' id='word_1_460' title='bbox 2636 3160 2862 3215; x_wconf 88' lang='lat' dir='ltr'><strong>latronis</strong></span> <span class='ocrx_word' id='word_1_461' title='bbox 2895 3163 3128 3215; x_wconf 87' lang='lat' dir='ltr'><strong>animam</strong></span> <span class='ocrx_word' id='word_1_462' title='bbox 3184 3165 3236 3216; x_wconf 89' lang='lat' dir='ltr'><strong>in</strong></span> <span class='ocrx_word' id='word_1_463' title='bbox 3283 3163 3449 3217; x_wconf 71' lang='lat' dir='ltr'><strong>cwlos</strong></span> 
     </span>
    </p>
   </div>
   <div class='ocr_carea' id='block_1_64' title="bbox 207 3244 1776 3323">
    <p class='ocr_par' dir='ltr' id='par_1_64' title="bbox 207 3244 1776 3323">
     <span class='ocr_line' id='line_1_64' title="bbox 207 3244 1776 3323; baseline 0.006 -25"><span class='ocrx_word' id='word_1_464' title='bbox 207 3249 515 3318; x_wconf 79' lang='grc' dir='ltr'>ἐγγράφοις</span> <span class='ocrx_word' id='word_1_465' title='bbox 562 3244 709 3318; x_wconf 83' lang='grc' dir='ltr'>εἶχον</span> <span class='ocrx_word' id='word_1_466' title='bbox 758 3251 1198 3320; x_wconf 82' lang='grc' dir='ltr'>πεπληρωμένην</span> <span class='ocrx_word' id='word_1_467' title='bbox 1232 3253 1324 3304; x_wconf 81' lang='grc' dir='ltr'><strong>καὶ</strong></span> <span class='ocrx_word' id='word_1_468' title='bbox 1365 3252 1776 3323; x_wconf 90' lang='grc' dir='ltr'>καθελκομένην</span> 
     </span>
    </p>
   </div>
   <div class='ocr_carea' id='block_1_65' title="bbox 1880 3252 2439 3318">
    <p class='ocr_par' dir='ltr' id='par_1_65' title="bbox 1880 3252 2439 3318">
     <span class='ocr_line' id='line_1_65' title="bbox 1880 3252 2439 3318; baseline -0.016 -9"><span class='ocrx_word' id='word_1_469' title='bbox 1880 3267 2061 3309; x_wconf 86' lang='lat' dir='ltr'><strong>secum</strong></span> <span class='ocrx_word' id='word_1_470' title='bbox 2087 3252 2439 3318; x_wconf 85' lang='lat' dir='ltr'><strong>collegerunt.</strong></span> 
     </span>
    </p>
   </div>
   <div class='ocr_carea' id='block_1_66' title="bbox 209 3345 3453 3421">
    <p class='ocr_par' dir='ltr' id='par_1_66' title="bbox 209 3345 3453 3421">
     <span class='ocr_line' id='line_1_66' title="bbox 209 3345 3453 3421; baseline 0.002 -26"><span class='ocrx_word' id='word_1_471' title='bbox 209 3346 291 3404; x_wconf 88' lang='grc' dir='ltr'>εἰς</span> <span class='ocrx_word' id='word_1_472' title='bbox 322 3345 521 3410; x_wconf 80' lang='grc' dir='ltr'>ἔδαφος</span> <span class='ocrx_word' id='word_1_473' title='bbox 544 3360 558 3374; x_wconf 74' lang='grc' dir='ltr'><strong>ο</strong></span> <span class='ocrx_word' id='word_1_474' title='bbox 594 3363 611 3394; x_wconf 90' lang='grc' dir='ltr'><strong>ι</strong></span> <span class='ocrx_word' id='word_1_475' title='bbox 661 3345 806 3414; x_wconf 79' lang='grc' dir='ltr'>Νικᾷ</span> <span class='ocrx_word' id='word_1_476' title='bbox 850 3347 883 3413; x_wconf 87' lang='grc' dir='ltr'><strong>ἡ</strong></span> <span class='ocrx_word' id='word_1_477' title='bbox 918 3346 1298 3415; x_wconf 82' lang='grc' dir='ltr'>φιλανθρωπία</span> <span class='ocrx_word' id='word_1_478' title='bbox 1329 3346 1427 3399; x_wconf 89' lang='grc' dir='ltr'><strong>τοῦ</strong></span> <span class='ocrx_word' id='word_1_479' title='bbox 1457 3347 1616 3410; x_wconf 85' lang='grc' dir='ltr'>Θεοῦ,</span> <span class='ocrx_word' id='word_1_480' title='bbox 1657 3367 1677 3400; x_wconf 73' lang='grc' dir='ltr'><strong>ι</strong></span> <span class='ocrx_word' id='word_1_481' title='bbox 1713 3351 1772 3402; x_wconf 89' lang='grc' dir='ltr'><strong>ἐν</strong></span> <span class='ocrx_word' id='word_1_482' title='bbox 1813 3350 2024 3421; x_wconf 84' lang='grc' dir='ltr'>μεγάλῃ</span> <span class='ocrx_word' id='word_1_483' title='bbox 2049 3348 2200 3414; x_wconf 81' lang='grc' dir='ltr'>φωνῇ</span> <span class='ocrx_word' id='word_1_484' title='bbox 2264 3345 2560 3414; x_wconf 82' lang='grc' dir='ltr'>ἐξεϐόησαν</span> <span class='ocrx_word' id='word_1_485' title='bbox 2586 3362 2598 3374; x_wconf 72' lang='grc'><strong>⁸</strong></span> <span class='ocrx_word' id='word_1_486' title='bbox 2632 3345 2725 3398; x_wconf 74' lang='grc' dir='ltr'>καὶ</span> <span class='ocrx_word' id='word_1_487' title='bbox 2783 3345 2946 3409; x_wconf 75' lang='grc' dir='ltr'>εὐθὺς</span> <span class='ocrx_word' id='word_1_488' title='bbox 2991 3349 3039 3399; x_wconf 79' lang='lat' dir='ltr'><strong>oi</strong></span> <span class='ocrx_word' id='word_1_489' title='bbox 3075 3347 3174 3417; x_wconf 84' lang='grc' dir='ltr'><strong>μὲν</strong></span> <span class='ocrx_word' id='word_1_490' title='bbox 3197 3348 3453 3411; x_wconf 81' lang='grc' dir='ltr'>Αἰθίοπες</span> 
     </span>
    </p>
   </div>
   <div class='ocr_carea' id='block_1_67' title="bbox 212 3437 3451 3513">
    <p class='ocr_par' dir='ltr' id='par_1_67' title="bbox 212 3437 3451 3513">
     <span class='ocr_line' id='line_1_67' title="bbox 212 3437 3451 3513; baseline 0.006 -25"><span class='ocrx_word' id='word_1_491' title='bbox 212 3437 1058 3510; x_wconf 52' lang='grc' dir='ltr'>κατῃσγδμμένοιῴπέστρεφονο</span> <span class='ocrx_word' id='word_1_492' title='bbox 1084 3441 1134 3493; x_wconf 74' lang='grc' dir='ltr'>οἱ</span> <span class='ocrx_word' id='word_1_493' title='bbox 1162 3441 1217 3494; x_wconf 89' lang='grc' dir='ltr'><strong>δέ</strong></span> <span class='ocrx_word' id='word_1_494' title='bbox 1234 3439 1335 3494; x_wconf 86' lang='grc' dir='ltr'><strong>τοῦ</strong></span> <span class='ocrx_word' id='word_1_495' title='bbox 1359 3440 1534 3510; x_wconf 71' lang='grc' dir='ltr'>φωτὸς</span> <span class='ocrx_word' id='word_1_496' title='bbox 1560 3441 1791 3513; x_wconf 78' lang='grc' dir='ltr'>ἄγγελοι,</span> <span class='ocrx_word' id='word_1_497' title='bbox 1819 3445 2077 3506; x_wconf 84' lang='grc' dir='ltr'>λαϐόντες</span> <span class='ocrx_word' id='word_1_498' title='bbox 2140 3439 2238 3509; x_wconf 79' lang='grc' dir='ltr'><strong>τὴν</strong></span> <span class='ocrx_word' id='word_1_499' title='bbox 2277 3439 2456 3509; x_wconf 80' lang='grc' dir='ltr'>ψυχὴν</span> <span class='ocrx_word' id='word_1_500' title='bbox 2486 3440 2579 3492; x_wconf 87' lang='grc' dir='ltr'><strong>τοῦ</strong></span> <span class='ocrx_word' id='word_1_501' title='bbox 2641 3440 2865 3511; x_wconf 76' lang='grc' dir='ltr'>λῃστοῦ,</span> <span class='ocrx_word' id='word_1_502' title='bbox 2906 3444 2985 3505; x_wconf 77' lang='grc' dir='ltr'>εἰς</span> <span class='ocrx_word' id='word_1_503' title='bbox 3019 3443 3283 3512; x_wconf 59' lang='grc' dir='ltr'>οὐρανοὺς</span> <span class='ocrx_word' id='word_1_504' title='bbox 3333 3444 3451 3513; x_wconf 79' lang='grc' dir='ltr'>μεθ’</span> 
     </span>
    </p>
   </div>
   <div class='ocr_carea' id='block_1_68' title="bbox 211 3529 854 3597">
    <p class='ocr_par' dir='ltr' id='par_1_68' title="bbox 211 3529 854 3597">
     <span class='ocr_line' id='line_1_68' title="bbox 211 3529 854 3597; baseline 0 -14"><span class='ocrx_word' id='word_1_505' title='bbox 211 3529 427 3583; x_wconf 81' lang='grc' dir='ltr'>ἑαυτῶν</span> <span class='ocrx_word' id='word_1_506' title='bbox 461 3547 523 3580; x_wconf 92' lang='grc' dir='ltr'><strong>συ</strong></span> <span class='ocrx_word' id='word_1_507' title='bbox 531 3532 854 3597; x_wconf 81' lang='grc' dir='ltr'>νανήγαγον.</span> 
     </span>
    </p>
   </div>
   <div class='ocr_carea' id='block_1_69' title="bbox 283 3619 1789 3692">
    <p class='ocr_par' dir='ltr' id='par_1_69' title="bbox 283 3619 1789 3692">
     <span class='ocr_line' id='line_1_69' title="bbox 283 3619 1789 3692; baseline 0.004 -21"><span class='ocrx_word' id='word_1_508' title='bbox 283 3619 478 3672; x_wconf 86' lang='grc' dir='ltr'>Ταῦτα</span> <span class='ocrx_word' id='word_1_509' title='bbox 527 3623 557 3671; x_wconf 85' lang='grc' dir='ltr'><strong>ό</strong></span> <span class='ocrx_word' id='word_1_510' title='bbox 606 3621 899 3689; x_wconf 79' lang='grc' dir='ltr'>εἰρημένος</span> <span class='ocrx_word' id='word_1_511' title='bbox 963 3621 1145 3690; x_wconf 78' lang='grc' dir='ltr'>ἰατρὸς</span> <span class='ocrx_word' id='word_1_512' title='bbox 1202 3621 1337 3692; x_wconf 76' lang='grc' dir='ltr'>ὄναρ</span> <span class='ocrx_word' id='word_1_513' title='bbox 1388 3623 1534 3687; x_wconf 80' lang='grc' dir='ltr'>ἰδὼν,</span> <span class='ocrx_word' id='word_1_514' title='bbox 1584 3623 1789 3687; x_wconf 84' lang='grc' dir='ltr'>εὐθέως</span> 
     </span>
    </p>
   </div>
   <div class='ocr_carea' id='block_1_70' title="bbox 211 3704 1784 3781">
    <p class='ocr_par' dir='ltr' id='par_1_70' title="bbox 211 3704 1784 3781">
     <span class='ocr_line' id='line_1_70' title="bbox 211 3704 1784 3781; baseline 0.004 -22"><span class='ocrx_word' id='word_1_515' title='bbox 211 3707 458 3766; x_wconf 73' lang='grc' dir='ltr'>ἀναστὰς</span> <span class='ocrx_word' id='word_1_516' title='bbox 473 3706 548 3767; x_wconf 85' lang='grc' dir='ltr'><strong>ὡς</strong></span> <span class='ocrx_word' id='word_1_517' title='bbox 578 3704 694 3775; x_wconf 85' lang='grc' dir='ltr'>εἶχε</span> <span class='ocrx_word' id='word_1_518' title='bbox 722 3708 923 3776; x_wconf 83' lang='grc' dir='ltr'>τάχους</span> <span class='ocrx_word' id='word_1_519' title='bbox 951 3707 1173 3777; x_wconf 74' lang='grc' dir='ltr'>ἔρχεται</span> <span class='ocrx_word' id='word_1_520' title='bbox 1204 3712 1285 3771; x_wconf 85' lang='grc' dir='ltr'><strong>είς</strong></span> <span class='ocrx_word' id='word_1_521' title='bbox 1314 3710 1377 3763; x_wconf 78' lang='grc' dir='ltr'>τὸ</span> <span class='ocrx_word' id='word_1_522' title='bbox 1409 3715 1784 3781; x_wconf 85' lang='grc' dir='ltr'>νοσοκομεῖον·</span> 
     </span>
    </p>
   </div>
   <div class='ocr_carea' id='block_1_71' title="bbox 213 3796 1787 3870">
    <p class='ocr_par' dir='ltr' id='par_1_71' title="bbox 213 3796 1787 3870">
     <span class='ocr_line' id='line_1_71' title="bbox 213 3796 1787 3870; baseline 0.004 -23"><span class='ocrx_word' id='word_1_523' title='bbox 213 3796 313 3848; x_wconf 84' lang='grc' dir='ltr'>καὶ</span> <span class='ocrx_word' id='word_1_524' title='bbox 343 3797 723 3864; x_wconf 84' lang='grc' dir='ltr'>προσεγγίσας</span> <span class='ocrx_word' id='word_1_525' title='bbox 753 3799 818 3865; x_wconf 81' lang='grc' dir='ltr'>τῇ</span> <span class='ocrx_word' id='word_1_526' title='bbox 868 3797 1024 3867; x_wconf 82' lang='grc' dir='ltr'>κλίνῃ</span> <span class='ocrx_word' id='word_1_527' title='bbox 1071 3798 1168 3851; x_wconf 88' lang='grc' dir='ltr'><strong>τοῦ</strong></span> <span class='ocrx_word' id='word_1_528' title='bbox 1218 3799 1416 3868; x_wconf 84' lang='grc' dir='ltr'>λῃστοῦ</span> <span class='ocrx_word' id='word_1_529' title='bbox 1438 3841 1452 3864; x_wconf 93' lang='grc'><strong>,</strong></span> <span class='ocrx_word' id='word_1_530' title='bbox 1487 3801 1650 3854; x_wconf 81' lang='grc' dir='ltr'>αὑτὸν</span> <span class='ocrx_word' id='word_1_531' title='bbox 1688 3802 1787 3870; x_wconf 86' lang='grc' dir='ltr'><strong>μὲν</strong></span> 
     </span>
    </p>
   </div>
   <div class='ocr_carea' id='block_1_72' title="bbox 213 3886 1785 3961">
    <p class='ocr_par' dir='ltr' id='par_1_72' title="bbox 213 3886 1785 3961">
     <span class='ocr_line' id='line_1_72' title="bbox 213 3886 1785 3961; baseline 0.004 -24"><span class='ocrx_word' id='word_1_532' title='bbox 213 3886 466 3954; x_wconf 78' lang='grc' dir='ltr'>εὑρίσκει</span> <span class='ocrx_word' id='word_1_533' title='bbox 490 3887 588 3954; x_wconf 73' lang='grc' dir='ltr'><strong>ἤδη</strong></span> <span class='ocrx_word' id='word_1_534' title='bbox 611 3886 1016 3940; x_wconf 85' lang='grc' dir='ltr'>ἑκπνεύσαντα·</span> <span class='ocrx_word' id='word_1_535' title='bbox 1038 3888 1102 3940; x_wconf 84' lang='grc' dir='ltr'><strong>τὸ</strong></span> <span class='ocrx_word' id='word_1_536' title='bbox 1127 3888 1185 3940; x_wconf 82' lang='grc' dir='ltr'><strong>δὲ</strong></span> <span class='ocrx_word' id='word_1_537' title='bbox 1209 3890 1604 3959; x_wconf 87' lang='grc' dir='ltr'>περικάλυμμα</span> <span class='ocrx_word' id='word_1_538' title='bbox 1633 3892 1785 3961; x_wconf 82' lang='grc' dir='ltr'>παρὰ</span> 
     </span>
    </p>
   </div>
   <div class='ocr_carea' id='block_1_73' title="bbox 213 3977 1782 4049">
    <p class='ocr_par' dir='ltr' id='par_1_73' title="bbox 213 3977 1782 4049">
     <span class='ocr_line' id='line_1_73' title="bbox 213 3977 1782 4049; baseline 0.004 -22"><span class='ocrx_word' id='word_1_539' title='bbox 213 3977 316 4046; x_wconf 78' lang='grc' dir='ltr'>τὴν</span> <span class='ocrx_word' id='word_1_540' title='bbox 342 3977 533 4044; x_wconf 87' lang='grc' dir='ltr'>κλίνην</span> <span class='ocrx_word' id='word_1_541' title='bbox 563 3978 667 4046; x_wconf 81' lang='grc' dir='ltr'>ὁρᾷ</span> <span class='ocrx_word' id='word_1_542' title='bbox 696 3977 950 4046; x_wconf 89' lang='grc' dir='ltr'>κείμενον</span> <span class='ocrx_word' id='word_1_543' title='bbox 979 3978 1270 4049; x_wconf 82' lang='grc' dir='ltr'>διάϐροχον</span> <span class='ocrx_word' id='word_1_544' title='bbox 1303 3979 1423 4032; x_wconf 81' lang='grc' dir='ltr'>ὅλον</span> <span class='ocrx_word' id='word_1_545' title='bbox 1453 3982 1516 4032; x_wconf 89' lang='grc' dir='ltr'><strong>ἐκ</strong></span> <span class='ocrx_word' id='word_1_546' title='bbox 1545 3981 1653 4034; x_wconf 89' lang='grc' dir='ltr'><strong>τῶν</strong></span> <span class='ocrx_word' id='word_1_547' title='bbox 1688 3983 1782 4034; x_wconf 86' lang='grc' dir='ltr'><strong>δα-</strong></span> 
     </span>
    </p>
   </div>
   <div class='ocr_carea' id='block_1_74' title="bbox 214 4067 1783 4139">
    <p class='ocr_par' dir='ltr' id='par_1_74' title="bbox 214 4067 1783 4139">
     <span class='ocr_line' id='line_1_74' title="bbox 214 4067 1783 4139; baseline 0.005 -22"><span class='ocrx_word' id='word_1_548' title='bbox 214 4067 407 4136; x_wconf 85' lang='grc' dir='ltr'>κρύων</span> <span class='ocrx_word' id='word_1_549' title='bbox 434 4084 448 4097; x_wconf 87' lang='grc'><strong>·</strong></span> <span class='ocrx_word' id='word_1_550' title='bbox 477 4069 574 4118; x_wconf 76' lang='grc' dir='ltr'><strong>καὶ</strong></span> <span class='ocrx_word' id='word_1_551' title='bbox 612 4067 677 4135; x_wconf 85' lang='grc' dir='ltr'><strong>δὴ</strong></span> <span class='ocrx_word' id='word_1_552' title='bbox 711 4068 900 4135; x_wconf 87' lang='grc' dir='ltr'>μαθὼν</span> <span class='ocrx_word' id='word_1_553' title='bbox 938 4070 1088 4138; x_wconf 85' lang='grc' dir='ltr'>παρὰ</span> <span class='ocrx_word' id='word_1_554' title='bbox 1121 4069 1232 4122; x_wconf 86' lang='grc' dir='ltr'><strong>τῶν</strong></span> <span class='ocrx_word' id='word_1_555' title='bbox 1264 4069 1491 4139; x_wconf 85' lang='grc' dir='ltr'>πλησίον</span> <span class='ocrx_word' id='word_1_556' title='bbox 1523 4089 1751 4125; x_wconf 88' lang='grc' dir='ltr'>κατακει</span> <span class='ocrx_word' id='word_1_557' title='bbox 1772 4105 1783 4115; x_wconf 91' lang='grc'><strong><em>-</em></strong></span> 
     </span>
    </p>
   </div>
   <div class='ocr_carea' id='block_1_75' title="bbox 217 4156 1787 4230">
    <p class='ocr_par' dir='ltr' id='par_1_75' title="bbox 217 4156 1787 4230">
     <span class='ocr_line' id='line_1_75' title="bbox 217 4156 1787 4230; baseline 0.004 -23"><span class='ocrx_word' id='word_1_558' title='bbox 217 4158 404 4224; x_wconf 87' lang='grc' dir='ltr'>μένων</span> <span class='ocrx_word' id='word_1_559' title='bbox 441 4156 684 4208; x_wconf 80' lang='grc' dir='ltr'>ἀσθενῶν</span> <span class='ocrx_word' id='word_1_560' title='bbox 714 4157 807 4208; x_wconf 91' lang='grc' dir='ltr'><strong>τοῦ</strong></span> <span class='ocrx_word' id='word_1_561' title='bbox 836 4158 1068 4210; x_wconf 84' lang='grc' dir='ltr'>θανάτου</span> <span class='ocrx_word' id='word_1_562' title='bbox 1093 4159 1184 4210; x_wconf 79' lang='grc' dir='ltr'><strong>τὸν</strong></span> <span class='ocrx_word' id='word_1_563' title='bbox 1215 4160 1418 4229; x_wconf 86' lang='grc' dir='ltr'>τρόπον</span> <span class='ocrx_word' id='word_1_564' title='bbox 1445 4203 1458 4226; x_wconf 92' lang='grc'><strong>,</strong></span> <span class='ocrx_word' id='word_1_565' title='bbox 1493 4161 1593 4230; x_wconf 85' lang='grc' dir='ltr'><strong>τὴν</strong></span> <span class='ocrx_word' id='word_1_566' title='bbox 1621 4162 1787 4230; x_wconf 86' lang='grc' dir='ltr'>μετά-</span> 
     </span>
    </p>
   </div>
   <div class='ocr_carea' id='block_1_76' title="bbox 213 4247 1784 4320">
    <p class='ocr_par' dir='ltr' id='par_1_76' title="bbox 213 4247 1784 4320">
     <span class='ocr_line' id='line_1_76' title="bbox 213 4247 1784 4320; baseline 0.003 -20"><span class='ocrx_word' id='word_1_567' title='bbox 213 4265 374 4300; x_wconf 89' lang='grc' dir='ltr'>νοιαν</span> <span class='ocrx_word' id='word_1_568' title='bbox 397 4287 412 4309; x_wconf 95' lang='grc'><strong>,</strong></span> <span class='ocrx_word' id='word_1_569' title='bbox 449 4247 592 4299; x_wconf 76' lang='grc' dir='ltr'>αὐτὰ</span> <span class='ocrx_word' id='word_1_570' title='bbox 621 4248 690 4299; x_wconf 80' lang='grc' dir='ltr'>τὰ</span> <span class='ocrx_word' id='word_1_571' title='bbox 714 4250 782 4317; x_wconf 80' lang='grc' dir='ltr'><strong>ρή</strong></span> <span class='ocrx_word' id='word_1_572' title='bbox 794 4265 942 4317; x_wconf 86' lang='grc' dir='ltr'>ματα</span> <span class='ocrx_word' id='word_1_573' title='bbox 964 4249 1000 4302; x_wconf 76' lang='grc' dir='ltr'><strong>ἃ</strong></span> <span class='ocrx_word' id='word_1_574' title='bbox 1026 4250 1164 4320; x_wconf 86' lang='grc' dir='ltr'>πρὸς</span> <span class='ocrx_word' id='word_1_575' title='bbox 1194 4251 1328 4304; x_wconf 86' lang='grc' dir='ltr'>Θεὸν</span> <span class='ocrx_word' id='word_1_576' title='bbox 1353 4251 1784 4320; x_wconf 81' lang='grc' dir='ltr'>ἐξομολογούμε-</span> 
     </span>
    </p>
   </div>
   <div class='ocr_carea' id='block_1_77' title="bbox 214 4337 1786 4410">
    <p class='ocr_par' dir='ltr' id='par_1_77' title="bbox 214 4337 1786 4410">
     <span class='ocr_line' id='line_1_77' title="bbox 214 4337 1786 4410; baseline 0.004 -22"><span class='ocrx_word' id='word_1_577' title='bbox 214 4355 306 4400; x_wconf 89' lang='grc' dir='ltr'><strong>νος</strong></span> <span class='ocrx_word' id='word_1_578' title='bbox 334 4337 545 4402; x_wconf 81' lang='grc' dir='ltr'>ἐλεγεν,</span> <span class='ocrx_word' id='word_1_579' title='bbox 588 4337 773 4390; x_wconf 79' lang='grc' dir='ltr'>ἄπεισι</span> <span class='ocrx_word' id='word_1_580' title='bbox 804 4339 940 4408; x_wconf 81' lang='grc' dir='ltr'>πρὸς</span> <span class='ocrx_word' id='word_1_581' title='bbox 975 4340 1068 4392; x_wconf 84' lang='grc' dir='ltr'><strong>τὸν</strong></span> <span class='ocrx_word' id='word_1_582' title='bbox 1096 4341 1296 4410; x_wconf 83' lang='grc' dir='ltr'>εὐσεϐῆ</span> <span class='ocrx_word' id='word_1_583' title='bbox 1330 4343 1426 4394; x_wconf 79' lang='grc' dir='ltr'>καὶ</span> <span class='ocrx_word' id='word_1_584' title='bbox 1460 4345 1786 4396; x_wconf 90' lang='grc' dir='ltr'>πιστότατον</span> 
     </span>
    </p>
   </div>
   <div class='ocr_carea' id='block_1_78' title="bbox 218 4427 1782 4503">
    <p class='ocr_par' dir='ltr' id='par_1_78' title="bbox 218 4427 1782 4503">
     <span class='ocr_line' id='line_1_78' title="bbox 218 4427 1782 4503; baseline 0.004 -22"><span class='ocrx_word' id='word_1_585' title='bbox 218 4427 472 4496; x_wconf 85' lang='grc' dir='ltr'>βασιλέα,</span> <span class='ocrx_word' id='word_1_586' title='bbox 509 4428 648 4497; x_wconf 81' lang='grc' dir='ltr'>ἔχων</span> <span class='ocrx_word' id='word_1_587' title='bbox 673 4430 765 4481; x_wconf 77' lang='grc' dir='ltr'><strong>ἐπὶ</strong></span> <span class='ocrx_word' id='word_1_588' title='bbox 790 4432 977 4499; x_wconf 86' lang='grc' dir='ltr'>χεῖρας</span> <span class='ocrx_word' id='word_1_589' title='bbox 1009 4431 1070 4483; x_wconf 85' lang='grc' dir='ltr'><strong>τὸ</strong></span> <span class='ocrx_word' id='word_1_590' title='bbox 1106 4432 1468 4500; x_wconf 87' lang='grc' dir='ltr'>περικλυσθέν</span> <span class='ocrx_word' id='word_1_591' title='bbox 1492 4435 1782 4503; x_wconf 86' lang='grc' dir='ltr'>κεφαλὸδε-</span> 
     </span>
    </p>
   </div>
   <div class='ocr_carea' id='block_1_79' title="bbox 1962 3615 3453 3686">
    <p class='ocr_par' dir='ltr' id='par_1_79' title="bbox 1962 3615 3453 3686">
     <span class='ocr_line' id='line_1_79' title="bbox 1962 3615 3453 3686; baseline 0.005 -13"><span class='ocrx_word' id='word_1_592' title='bbox 1962 3619 2058 3674; x_wconf 89' lang='lat' dir='ltr'><strong>Ubi</strong></span> <span class='ocrx_word' id='word_1_593' title='bbox 2096 3630 2256 3686; x_wconf 91' lang='lat' dir='ltr'><strong>porro</strong></span> <span class='ocrx_word' id='word_1_594' title='bbox 2285 3615 2543 3686; x_wconf 66' lang='lat' dir='ltr'><strong>praelatus</strong></span> <span class='ocrx_word' id='word_1_595' title='bbox 2574 3615 2818 3671; x_wconf 79' lang='lat' dir='ltr'><strong>nte-licus</strong></span> <span class='ocrx_word' id='word_1_596' title='bbox 2842 3618 2956 3672; x_wconf 64' lang='lat' dir='ltr'><strong>haec</strong></span> <span class='ocrx_word' id='word_1_597' title='bbox 2979 3620 3031 3673; x_wconf 89' lang='lat' dir='ltr'><strong>in</strong></span> <span class='ocrx_word' id='word_1_598' title='bbox 3061 3625 3268 3679; x_wconf 88' lang='lat' dir='ltr'><strong>somnis</strong></span> <span class='ocrx_word' id='word_1_599' title='bbox 3285 3626 3453 3683; x_wconf 86' lang='lat' dir='ltr'><strong>vidis-</strong></span> 
     </span>
    </p>
   </div>
   <div class='ocr_carea' id='block_1_80' title="bbox 1885 3710 3450 3781">
    <p class='ocr_par' dir='ltr' id='par_1_80' title="bbox 1885 3710 3450 3781">
     <span class='ocr_line' id='line_1_80' title="bbox 1885 3710 3450 3781; baseline 0.001 -12"><span class='ocrx_word' id='word_1_600' title='bbox 1885 3723 1989 3778; x_wconf 88' lang='lat' dir='ltr'><strong>set,</strong></span> <span class='ocrx_word' id='word_1_601' title='bbox 2024 3727 2254 3781; x_wconf 84' lang='lat' dir='ltr'><strong>surgens</strong></span> <span class='ocrx_word' id='word_1_602' title='bbox 2306 3710 2516 3772; x_wconf 85' lang='lat' dir='ltr'><strong>statim,</strong></span> <span class='ocrx_word' id='word_1_603' title='bbox 2569 3725 2728 3778; x_wconf 85' lang='lat' dir='ltr'><strong>quam</strong></span> <span class='ocrx_word' id='word_1_604' title='bbox 2758 3711 2867 3765; x_wconf 91' lang='lat' dir='ltr'><strong>cito</strong></span> <span class='ocrx_word' id='word_1_605' title='bbox 2901 3713 3095 3779; x_wconf 89' lang='lat' dir='ltr'><strong>potuit,</strong></span> <span class='ocrx_word' id='word_1_606' title='bbox 3128 3717 3194 3767; x_wconf 88' lang='lat' dir='ltr'><strong>ad</strong></span> <span class='ocrx_word' id='word_1_607' title='bbox 3234 3719 3450 3771; x_wconf 85' lang='lat' dir='ltr'><strong>domum</strong></span> 
     </span>
    </p>
   </div>
   <div class='ocr_carea' id='block_1_81' title="bbox 1883 3802 3450 3869">
    <p class='ocr_par' dir='ltr' id='par_1_81' title="bbox 1883 3802 3450 3869">
     <span class='ocr_line' id='line_1_81' title="bbox 1883 3802 3450 3869; baseline -0.009 -8"><span class='ocrx_word' id='word_1_608' title='bbox 1883 3820 2002 3861; x_wconf 89' lang='lat' dir='ltr'><strong>eam</strong></span> <span class='ocrx_word' id='word_1_609' title='bbox 2035 3805 2373 3858; x_wconf 90' lang='lat' dir='ltr'><strong>inlirmorum</strong></span> <span class='ocrx_word' id='word_1_610' title='bbox 2401 3803 2549 3854; x_wconf 89' lang='lat' dir='ltr'><strong>venit</strong></span> <span class='ocrx_word' id='word_1_611' title='bbox 2586 3817 2599 3853; x_wconf 92' lang='lat'><strong>:</strong></span> <span class='ocrx_word' id='word_1_612' title='bbox 2637 3802 2968 3869; x_wconf 88' lang='lat' dir='ltr'><strong>propiusque</strong></span> <span class='ocrx_word' id='word_1_613' title='bbox 3004 3804 3070 3856; x_wconf 90' lang='lat' dir='ltr'><strong>ad</strong></span> <span class='ocrx_word' id='word_1_614' title='bbox 3105 3805 3332 3861; x_wconf 83' lang='lat' dir='ltr'><strong>latronis</strong></span> <span class='ocrx_word' id='word_1_615' title='bbox 3359 3825 3450 3862; x_wconf 91' lang='lat' dir='ltr'><strong>ac-</strong></span> 
     </span>
    </p>
   </div>
   <div class='ocr_carea' id='block_1_82' title="bbox 1882 3891 3453 3960">
    <p class='ocr_par' dir='ltr' id='par_1_82' title="bbox 1882 3891 3453 3960">
     <span class='ocr_line' id='line_1_82' title="bbox 1882 3891 3453 3960; baseline -0.001 -10"><span class='ocrx_word' id='word_1_616' title='bbox 1882 3896 2082 3951; x_wconf 89' lang='lat' dir='ltr'><strong>cedens</strong></span> <span class='ocrx_word' id='word_1_617' title='bbox 2122 3892 2344 3954; x_wconf 91' lang='lat' dir='ltr'><strong>lectum,</strong></span> <span class='ocrx_word' id='word_1_618' title='bbox 2392 3891 2566 3957; x_wconf 89' lang='lat' dir='ltr'><strong>ipsum</strong></span> <span class='ocrx_word' id='word_1_619' title='bbox 2609 3891 2825 3959; x_wconf 88' lang='lat' dir='ltr'><strong>quidem</strong></span> <span class='ocrx_word' id='word_1_620' title='bbox 2871 3892 2982 3960; x_wconf 85' lang='lat' dir='ltr'><strong>jam</strong></span> <span class='ocrx_word' id='word_1_621' title='bbox 3015 3893 3252 3946; x_wconf 87' lang='lat' dir='ltr'><strong>animam</strong></span> <span class='ocrx_word' id='word_1_622' title='bbox 3282 3899 3453 3950; x_wconf 77' lang='lat' dir='ltr'><strong>exha-</strong></span> 
     </span>
    </p>
   </div>
   <div class='ocr_carea' id='block_1_83' title="bbox 1882 3978 3451 4039">
    <p class='ocr_par' dir='ltr' id='par_1_83' title="bbox 1882 3978 3451 4039">
     <span class='ocr_line' id='line_1_83' title="bbox 1882 3978 3451 4039; baseline 0.002 -3"><span class='ocrx_word' id='word_1_623' title='bbox 1882 3985 2022 4036; x_wconf 90' lang='lat' dir='ltr'><strong>lasse</strong></span> <span class='ocrx_word' id='word_1_624' title='bbox 2054 3981 2273 4034; x_wconf 87' lang='lat' dir='ltr'><strong>invenit.</strong></span> <span class='ocrx_word' id='word_1_625' title='bbox 2308 3978 2464 4032; x_wconf 83' lang='lat' dir='ltr'><strong>Videt</strong></span> <span class='ocrx_word' id='word_1_626' title='bbox 2510 3993 2637 4032; x_wconf 86' lang='lat' dir='ltr'><strong>vero</strong></span> <span class='ocrx_word' id='word_1_627' title='bbox 2683 3979 2735 4031; x_wconf 92' lang='lat' dir='ltr'><strong>in</strong></span> <span class='ocrx_word' id='word_1_628' title='bbox 2769 3979 2908 4033; x_wconf 90' lang='lat' dir='ltr'><strong>lecto</strong></span> <span class='ocrx_word' id='word_1_629' title='bbox 2956 3982 3234 4036; x_wconf 86' lang='lat' dir='ltr'><strong>sudarium</strong></span> <span class='ocrx_word' id='word_1_630' title='bbox 3283 3994 3451 4039; x_wconf 85' lang='lat' dir='ltr'><strong>totum</strong></span> 
     </span>
    </p>
   </div>
   <div class='ocr_carea' id='block_1_84' title="bbox 1881 4067 3452 4142">
    <p class='ocr_par' dir='ltr' id='par_1_84' title="bbox 1881 4067 3452 4142">
     <span class='ocr_line' id='line_1_84' title="bbox 1881 4067 3452 4142; baseline 0.003 -20"><span class='ocrx_word' id='word_1_631' title='bbox 1881 4069 2133 4138; x_wconf 78' lang='lat' dir='ltr'><strong>lacrymis</strong></span> <span class='ocrx_word' id='word_1_632' title='bbox 2189 4067 2499 4123; x_wconf 89' lang='lat' dir='ltr'><strong>madidum:</strong></span> <span class='ocrx_word' id='word_1_633' title='bbox 2563 4082 2792 4134; x_wconf 86' lang='lat' dir='ltr'><strong>cumque</strong></span> <span class='ocrx_word' id='word_1_634' title='bbox 2827 4083 2853 4119; x_wconf 93' lang='lat' dir='ltr'><strong>a</strong></span> <span class='ocrx_word' id='word_1_635' title='bbox 2893 4069 3048 4121; x_wconf 91' lang='lat' dir='ltr'><strong>simul</strong></span> <span class='ocrx_word' id='word_1_636' title='bbox 3079 4086 3110 4125; x_wconf 93' lang='lat' dir='ltr'><strong>e</strong></span> <span class='ocrx_word' id='word_1_637' title='bbox 3151 4075 3452 4142; x_wconf 69' lang='lat' dir='ltr'><strong>proliinquo</strong></span> 
     </span>
    </p>
   </div>
   <div class='ocr_carea' id='block_1_85' title="bbox 1882 4158 3453 4226">
    <p class='ocr_par' dir='ltr' id='par_1_85' title="bbox 1882 4158 3453 4226">
     <span class='ocr_line' id='line_1_85' title="bbox 1882 4158 3453 4226; baseline 0.003 -12"><span class='ocrx_word' id='word_1_638' title='bbox 1882 4160 2329 4215; x_wconf 86' lang='lat' dir='ltr'><strong>decumbentibus</strong></span> <span class='ocrx_word' id='word_1_639' title='bbox 2373 4158 2624 4221; x_wconf 82' lang='lat' dir='ltr'><strong>inﬁrmis,</strong></span> <span class='ocrx_word' id='word_1_640' title='bbox 2683 4161 2802 4226; x_wconf 85' lang='lat' dir='ltr'><strong>ejus</strong></span> <span class='ocrx_word' id='word_1_641' title='bbox 2849 4162 3040 4212; x_wconf 87' lang='lat' dir='ltr'><strong>mortis</strong></span> <span class='ocrx_word' id='word_1_642' title='bbox 3101 4163 3453 4218; x_wconf 75' lang='lat' dir='ltr'><strong>intellexisset</strong></span> 
     </span>
    </p>
   </div>
   <div class='ocr_carea' id='block_1_86' title="bbox 1882 4246 3451 4319">
    <p class='ocr_par' dir='ltr' id='par_1_86' title="bbox 1882 4246 3451 4319">
     <span class='ocr_line' id='line_1_86' title="bbox 1882 4246 3451 4319; baseline 0.003 -17"><span class='ocrx_word' id='word_1_643' title='bbox 1882 4248 2124 4312; x_wconf 90' lang='lat' dir='ltr'><strong>modum,</strong></span> <span class='ocrx_word' id='word_1_644' title='bbox 2164 4246 2672 4314; x_wconf 69' lang='lat' dir='ltr'><strong>ptenitentiamque,</strong></span> <span class='ocrx_word' id='word_1_645' title='bbox 2709 4262 2770 4301; x_wconf 93' lang='lat' dir='ltr'><strong>ac</strong></span> <span class='ocrx_word' id='word_1_646' title='bbox 2801 4249 2909 4314; x_wconf 86' lang='lat' dir='ltr'><strong>ipsa</strong></span> <span class='ocrx_word' id='word_1_647' title='bbox 2952 4251 3112 4303; x_wconf 89' lang='lat' dir='ltr'><strong>verba</strong></span> <span class='ocrx_word' id='word_1_648' title='bbox 3152 4267 3270 4319; x_wconf 79' lang='lat' dir='ltr'><strong>qua:</strong></span> <span class='ocrx_word' id='word_1_649' title='bbox 3318 4270 3451 4306; x_wconf 83' lang='lat' dir='ltr'><strong>con-</strong></span> 
     </span>
    </p>
   </div>
   <div class='ocr_carea' id='block_1_87' title="bbox 1885 4337 3452 4405">
    <p class='ocr_par' dir='ltr' id='par_1_87' title="bbox 1885 4337 3452 4405">
     <span class='ocr_line' id='line_1_87' title="bbox 1885 4337 3452 4405; baseline 0.004 -13"><span class='ocrx_word' id='word_1_650' title='bbox 1885 4339 2124 4393; x_wconf 80' lang='lat' dir='ltr'><strong>fessione</strong></span> <span class='ocrx_word' id='word_1_651' title='bbox 2155 4339 2220 4391; x_wconf 87' lang='lat' dir='ltr'><strong>ad</strong></span> <span class='ocrx_word' id='word_1_652' title='bbox 2265 4337 2429 4390; x_wconf 85' lang='lat' dir='ltr'><strong>Deum</strong></span> <span class='ocrx_word' id='word_1_653' title='bbox 2467 4340 2775 4405; x_wconf 85' lang='lat' dir='ltr'><strong>prolocutus</strong></span> <span class='ocrx_word' id='word_1_654' title='bbox 2824 4351 2987 4403; x_wconf 81' lang='lat' dir='ltr'><strong>esset,</strong></span> <span class='ocrx_word' id='word_1_655' title='bbox 3022 4343 3132 4394; x_wconf 89' lang='lat' dir='ltr'><strong>abit</strong></span> <span class='ocrx_word' id='word_1_656' title='bbox 3167 4344 3348 4397; x_wconf 88' lang='lat' dir='ltr'><strong>statim</strong></span> <span class='ocrx_word' id='word_1_657' title='bbox 3385 4346 3452 4399; x_wconf 84' lang='lat' dir='ltr'><strong>ad</strong></span> 
     </span>
    </p>
   </div>
   <div class='ocr_carea' id='block_1_88' title="bbox 1889 4429 3449 4500">
    <p class='ocr_par' dir='ltr' id='par_1_88' title="bbox 1889 4429 3449 4500">
     <span class='ocr_line' id='line_1_88' title="bbox 1889 4429 3449 4500; baseline 0.003 -17"><span class='ocrx_word' id='word_1_658' title='bbox 1889 4431 2284 4500; x_wconf 85' lang='lat' dir='ltr'><strong>pientissimum</strong></span> <span class='ocrx_word' id='word_1_659' title='bbox 2330 4444 2394 4482; x_wconf 90' lang='lat' dir='ltr'><strong>ac</strong></span> <span class='ocrx_word' id='word_1_660' title='bbox 2442 4429 2962 4483; x_wconf 80' lang='lat' dir='ltr'><strong>Clu-istianissinunn</strong></span> <span class='ocrx_word' id='word_1_661' title='bbox 3028 4433 3406 4500; x_wconf 87' lang='lat' dir='ltr'><strong>imperatorem</strong></span> <span class='ocrx_word' id='word_1_662' title='bbox 3435 4477 3449 4498; x_wconf 93' lang='lat'><strong>,</strong></span> 
     </span>
    </p>
   </div>
   <div class='ocr_carea' id='block_1_89' title="bbox 218 4519 1873 4591">
    <p class='ocr_par' dir='ltr' id='par_1_89' title="bbox 218 4519 1859 4591">
     <span class='ocr_line' id='line_1_89' title="bbox 218 4519 1859 4591; baseline 0.003 -21"><span class='ocrx_word' id='word_1_663' title='bbox 218 4535 359 4587; x_wconf 89' lang='grc' dir='ltr'>σμον</span> <span class='ocrx_word' id='word_1_664' title='bbox 394 4519 496 4586; x_wconf 87' lang='grc' dir='ltr'><strong>τῆς</strong></span> <span class='ocrx_word' id='word_1_665' title='bbox 546 4521 837 4587; x_wconf 83' lang='grc' dir='ltr'>μετανοίας</span> <span class='ocrx_word' id='word_1_666' title='bbox 868 4523 982 4584; x_wconf 87' lang='grc' dir='ltr'>τοῖς</span> <span class='ocrx_word' id='word_1_667' title='bbox 1023 4522 1255 4591; x_wconf 88' lang='grc' dir='ltr'>δάκρυσι</span> <span class='ocrx_word' id='word_1_668' title='bbox 1281 4539 1297 4554; x_wconf 77' lang='grc' dir='ltr'><strong>ο</strong></span> <span class='ocrx_word' id='word_1_669' title='bbox 1331 4526 1426 4577; x_wconf 81' lang='grc' dir='ltr'>καὶ</span> <span class='ocrx_word' id='word_1_670' title='bbox 1474 4526 1782 4589; x_wconf 79' lang='grc' dir='ltr'>ἐπιδεικνὺς</span> <span class='ocrx_word' id='word_1_671' title='bbox 1815 4520 1859 4575; x_wconf 88' lang='lat' dir='ltr'><strong>D</strong></span> 
     </span>
    </p>
   </div>
   <div class='ocr_carea' id='block_1_90' title="bbox 1798 4519 3453 4591">
    <p class='ocr_par' dir='ltr' id='par_1_90' title="bbox 1815 4519 3453 4590">
     <span class='ocr_line' id='line_1_90' title="bbox 1815 4519 3453 4590; baseline 0.003 -16"><span class='ocrx_word' id='word_1_672' title='bbox 1815 4520 1859 4575; x_wconf 90' lang='lat' dir='ltr'><strong>D</strong></span> <span class='ocrx_word' id='word_1_673' title='bbox 1889 4522 2048 4573; x_wconf 88' lang='lat' dir='ltr'><strong>udum</strong></span> <span class='ocrx_word' id='word_1_674' title='bbox 2086 4520 2318 4586; x_wconf 91' lang='lat' dir='ltr'><strong>undique</strong></span> <span class='ocrx_word' id='word_1_675' title='bbox 2348 4519 2678 4586; x_wconf 63' lang='lat' dir='ltr'><strong>pleniteutiec</strong></span> <span class='ocrx_word' id='word_1_676' title='bbox 2711 4521 2965 4590; x_wconf 86' lang='lat' dir='ltr'><strong>lacrymis</strong></span> <span class='ocrx_word' id='word_1_677' title='bbox 3004 4522 3182 4576; x_wconf 75' lang='lat' dir='ltr'><strong>ferens</strong></span> <span class='ocrx_word' id='word_1_678' title='bbox 3210 4528 3453 4579; x_wconf 84' lang='lat' dir='ltr'><strong>manibus</strong></span> 
     </span>
    </p>
   </div>
   <div class='ocr_carea' id='block_1_91' title="bbox 215 4608 1788 4685">
    <p class='ocr_par' dir='ltr' id='par_1_91' title="bbox 215 4608 1788 4685">
     <span class='ocr_line' id='line_1_91' title="bbox 215 4608 1788 4685; baseline 0.004 -25"><span class='ocrx_word' id='word_1_679' title='bbox 215 4608 372 4676; x_wconf 78' lang='grc' dir='ltr'>αὐτῷ</span> <span class='ocrx_word' id='word_1_680' title='bbox 397 4608 458 4660; x_wconf 85' lang='grc' dir='ltr'><strong>τὸ</strong></span> <span class='ocrx_word' id='word_1_681' title='bbox 500 4611 912 4678; x_wconf 86' lang='grc' dir='ltr'>ἐπιφερόμενον,</span> <span class='ocrx_word' id='word_1_682' title='bbox 943 4611 1035 4663; x_wconf 79' lang='grc' dir='ltr'><strong>καὶ</strong></span> <span class='ocrx_word' id='word_1_683' title='bbox 1069 4612 1426 4682; x_wconf 89' lang='grc' dir='ltr'>διηγούμενος</span> <span class='ocrx_word' id='word_1_684' title='bbox 1464 4616 1608 4685; x_wconf 79' lang='grc' dir='ltr'>ειπερ</span> <span class='ocrx_word' id='word_1_685' title='bbox 1648 4616 1788 4668; x_wconf 71' lang='grc' dir='ltr'>κατὰ</span> 
     </span>
    </p>
   </div>
   <div class='ocr_carea' id='block_1_92' title="bbox 215 4699 1781 4774">
    <p class='ocr_par' dir='ltr' id='par_1_92' title="bbox 215 4699 1781 4774">
     <span class='ocr_line' id='line_1_92' title="bbox 215 4699 1781 4774; baseline 0.003 -23"><span class='ocrx_word' id='word_1_686' title='bbox 215 4700 346 4760; x_wconf 81' lang='grc' dir='ltr'>τοῦς</span> <span class='ocrx_word' id='word_1_687' title='bbox 391 4699 596 4760; x_wconf 79' lang='grc' dir='ltr'>ὕπνους</span> <span class='ocrx_word' id='word_1_688' title='bbox 641 4700 907 4753; x_wconf 79' lang='grc' dir='ltr'>ἐθεάσατο</span> <span class='ocrx_word' id='word_1_689' title='bbox 933 4739 948 4763; x_wconf 91' lang='grc'><strong>,</strong></span> <span class='ocrx_word' id='word_1_690' title='bbox 994 4702 1088 4754; x_wconf 75' lang='grc' dir='ltr'><strong>καὶ</strong></span> <span class='ocrx_word' id='word_1_691' title='bbox 1123 4703 1269 4773; x_wconf 78' lang='grc' dir='ltr'>άπερ</span> <span class='ocrx_word' id='word_1_692' title='bbox 1313 4704 1506 4772; x_wconf 90' lang='grc' dir='ltr'>μαθεῖν</span> <span class='ocrx_word' id='word_1_693' title='bbox 1540 4705 1781 4774; x_wconf 75' lang='grc' dir='ltr'>ἴσχυσεν,</span> 
     </span>
    </p>
   </div>
   <div class='ocr_carea' id='block_1_93' title="bbox 226 4790 1791 4865">
    <p class='ocr_par' dir='ltr' id='par_1_93' title="bbox 226 4790 1791 4865">
     <span class='ocr_line' id='line_1_93' title="bbox 226 4790 1791 4865; baseline 0.006 -26"><span class='ocrx_word' id='word_1_694' title='bbox 226 4809 244 4839; x_wconf 78' lang='grc' dir='ltr'><strong>ι</strong></span> <span class='ocrx_word' id='word_1_695' title='bbox 285 4790 742 4858; x_wconf 84' lang='grc' dir='ltr'>Εὐχαριστοῦμεν</span> <span class='ocrx_word' id='word_1_696' title='bbox 767 4791 843 4859; x_wconf 81' lang='grc' dir='ltr'>τῷ</span> <span class='ocrx_word' id='word_1_697' title='bbox 869 4791 1010 4860; x_wconf 80' lang='grc' dir='ltr'>Θεῷ,</span> <span class='ocrx_word' id='word_1_698' title='bbox 1040 4791 1218 4858; x_wconf 87' lang='grc' dir='ltr'>λέγων</span> <span class='ocrx_word' id='word_1_699' title='bbox 1244 4834 1258 4857; x_wconf 95' lang='grc'><strong>,</strong></span> <span class='ocrx_word' id='word_1_700' title='bbox 1295 4794 1654 4849; x_wconf 83' lang='grc' dir='ltr'>εύσεϐέστατε</span> <span class='ocrx_word' id='word_1_701' title='bbox 1694 4797 1791 4865; x_wconf 83' lang='grc' dir='ltr'><strong>βα-</strong></span> 
     </span>
    </p>
   </div>
   <div class='ocr_carea' id='block_1_94' title="bbox 225 4877 1790 4954">
    <p class='ocr_par' dir='ltr' id='par_1_94' title="bbox 225 4877 1790 4954">
     <span class='ocr_line' id='line_1_94' title="bbox 225 4877 1790 4954; baseline 0.004 -24"><span class='ocrx_word' id='word_1_702' title='bbox 225 4877 405 4939; x_wconf 87' lang='grc' dir='ltr'>σιλεῦ,</span> <span class='ocrx_word' id='word_1_703' title='bbox 436 4878 517 4928; x_wconf 82' lang='grc' dir='ltr'>ὅτι</span> <span class='ocrx_word' id='word_1_704' title='bbox 544 4879 836 4940; x_wconf 84' lang='grc' dir='ltr'>ἀκούοντες</span> <span class='ocrx_word' id='word_1_705' title='bbox 866 4879 1068 4948; x_wconf 83' lang='grc' dir='ltr'>λῃστὴν</span> <span class='ocrx_word' id='word_1_706' title='bbox 1091 4881 1335 4934; x_wconf 89' lang='grc' dir='ltr'>σωθέντα</span> <span class='ocrx_word' id='word_1_707' title='bbox 1362 4883 1429 4934; x_wconf 83' lang='grc' dir='ltr'><strong>δι’</strong></span> <span class='ocrx_word' id='word_1_708' title='bbox 1467 4883 1790 4954; x_wconf 79' lang='grc' dir='ltr'>ἐξομολογή-</span> 
     </span>
    </p>
   </div>
   <div class='ocr_carea' id='block_1_95' title="bbox 225 4967 1789 5042">
    <p class='ocr_par' dir='ltr' id='par_1_95' title="bbox 225 4967 1789 5042">
     <span class='ocr_line' id='line_1_95' title="bbox 225 4967 1789 5042; baseline 0.004 -21"><span class='ocrx_word' id='word_1_709' title='bbox 225 4985 368 5029; x_wconf 87' lang='grc' dir='ltr'>σεως</span> <span class='ocrx_word' id='word_1_710' title='bbox 404 4969 500 5020; x_wconf 72' lang='grc' dir='ltr'><strong>ἐπὶ</strong></span> <span class='ocrx_word' id='word_1_711' title='bbox 538 4967 631 5020; x_wconf 89' lang='grc' dir='ltr'><strong>τοῦ</strong></span> <span class='ocrx_word' id='word_1_712' title='bbox 654 4969 886 5038; x_wconf 89' lang='grc' dir='ltr'>σταυροῦ</span> <span class='ocrx_word' id='word_1_713' title='bbox 918 4972 1070 5039; x_wconf 82' lang='grc' dir='ltr'>παρὰ</span> <span class='ocrx_word' id='word_1_714' title='bbox 1091 4971 1186 5024; x_wconf 88' lang='grc' dir='ltr'><strong>τοῦ</strong></span> <span class='ocrx_word' id='word_1_715' title='bbox 1212 4973 1468 5042; x_wconf 82' lang='grc' dir='ltr'>οὐρανίου</span> <span class='ocrx_word' id='word_1_716' title='bbox 1503 4975 1789 5042; x_wconf 81' lang='grc' dir='ltr'>βασιλέως,</span> 
     </span>
    </p>
   </div>
   <div class='ocr_carea' id='block_1_96' title="bbox 222 5058 1792 5137">
    <p class='ocr_par' dir='ltr' id='par_1_96' title="bbox 222 5058 1792 5137">
     <span class='ocr_line' id='line_1_96' title="bbox 222 5058 1792 5137; baseline 0.005 -28"><span class='ocrx_word' id='word_1_717' title='bbox 222 5058 322 5110; x_wconf 87' lang='grc' dir='ltr'><strong>νῦν</strong></span> <span class='ocrx_word' id='word_1_718' title='bbox 352 5058 571 5126; x_wconf 78' lang='grc' dir='ltr'>εἴδομεν</span> <span class='ocrx_word' id='word_1_719' title='bbox 596 5059 690 5110; x_wconf 78' lang='grc' dir='ltr'>ἐπὶ</span> <span class='ocrx_word' id='word_1_720' title='bbox 729 5059 824 5110; x_wconf 94' lang='grc' dir='ltr'><strong>σοῦ</strong></span> <span class='ocrx_word' id='word_1_721' title='bbox 868 5061 960 5111; x_wconf 87' lang='grc' dir='ltr'><strong>τοῦ</strong></span> <span class='ocrx_word' id='word_1_722' title='bbox 989 5063 1236 5128; x_wconf 77' lang='grc' dir='ltr'>ἐπιγείου</span> <span class='ocrx_word' id='word_1_723' title='bbox 1275 5064 1560 5132; x_wconf 81' lang='grc' dir='ltr'>βασιλέως,</span> <span class='ocrx_word' id='word_1_724' title='bbox 1592 5066 1792 5137; x_wconf 83' lang='grc' dir='ltr'>λῃστὴν</span> 
     </span>
    </p>
   </div>
   <div class='ocr_carea' id='block_1_97' title="bbox 222 5152 1792 5224">
    <p class='ocr_par' dir='ltr' id='par_1_97' title="bbox 222 5152 1792 5224">
     <span class='ocr_line' id='line_1_97' title="bbox 222 5152 1792 5224; baseline 0.003 -21"><span class='ocrx_word' id='word_1_725' title='bbox 222 5152 415 5220; x_wconf 75' lang='grc' dir='ltr'>ἕτερον</span> <span class='ocrx_word' id='word_1_726' title='bbox 447 5152 793 5219; x_wconf 86' lang='grc' dir='ltr'>σεσωσμένον</span> <span class='ocrx_word' id='word_1_727' title='bbox 825 5152 892 5205; x_wconf 87' lang='grc' dir='ltr'><strong>δι’</strong></span> <span class='ocrx_word' id='word_1_728' title='bbox 927 5153 1372 5222; x_wconf 77' lang='grc' dir='ltr'>ἐξομολογήσεως</span> <span class='ocrx_word' id='word_1_729' title='bbox 1414 5156 1536 5222; x_wconf 80' lang='grc' dir='ltr'>ἴσης</span> <span class='ocrx_word' id='word_1_730' title='bbox 1573 5158 1668 5212; x_wconf 81' lang='grc' dir='ltr'>καὶ</span> <span class='ocrx_word' id='word_1_731' title='bbox 1694 5174 1792 5224; x_wconf 82' lang='grc' dir='ltr'>με-</span> 
     </span>
    </p>
   </div>
   <div class='ocr_carea' id='block_1_98' title="bbox 221 5256 531 5302">
    <p class='ocr_par' dir='ltr' id='par_1_98' title="bbox 221 5256 531 5302">
     <span class='ocr_line' id='line_1_98' title="bbox 221 5256 531 5302; baseline -0.016 -8"><span class='ocrx_word' id='word_1_732' title='bbox 221 5256 471 5302; x_wconf 74' lang='grc' dir='ltr'>τανοίας.</span> <span class='ocrx_word' id='word_1_733' title='bbox 513 5259 531 5289; x_wconf 75' lang='grc' dir='ltr'><strong>ι</strong></span> 
     </span>
    </p>
   </div>
   <div class='ocr_carea' id='block_1_99' title="bbox 294 5419 1792 5489">
    <p class='ocr_par' dir='ltr' id='par_1_99' title="bbox 294 5419 1792 5489">
     <span class='ocr_line' id='line_1_99' title="bbox 294 5419 1792 5489; baseline -0.001 -16"><span class='ocrx_word' id='word_1_734' title='bbox 294 5419 490 5473; x_wconf 86' lang='grc' dir='ltr'>Ταῦτα</span> <span class='ocrx_word' id='word_1_735' title='bbox 538 5420 613 5489; x_wconf 79' lang='grc' dir='ltr'>μὴ</span> <span class='ocrx_word' id='word_1_736' title='bbox 657 5420 818 5488; x_wconf 89' lang='grc' dir='ltr'>μόνον</span> <span class='ocrx_word' id='word_1_737' title='bbox 862 5422 1152 5486; x_wconf 84' lang='grc' dir='ltr'>ἀκούωμεν</span> <span class='ocrx_word' id='word_1_738' title='bbox 1199 5421 1385 5483; x_wconf 85' lang='grc' dir='ltr'>ἁπλῶς</span> <span class='ocrx_word' id='word_1_739' title='bbox 1412 5459 1426 5483; x_wconf 90' lang='grc'><strong>,</strong></span> <span class='ocrx_word' id='word_1_740' title='bbox 1477 5423 1792 5489; x_wconf 75' lang='grc' dir='ltr'>ἀγαπητοὶ,</span> 
     </span>
    </p>
   </div>
   <div class='ocr_carea' id='block_1_100' title="bbox 225 5507 1795 5580">
    <p class='ocr_par' dir='ltr' id='par_1_100' title="bbox 225 5507 1795 5580">
     <span class='ocr_line' id='line_1_100' title="bbox 225 5507 1795 5580; baseline -0.001 -16"><span class='ocrx_word' id='word_1_741' title='bbox 225 5512 364 5565; x_wconf 66' lang='grc' dir='ltr'>ἀλλὰ</span> <span class='ocrx_word' id='word_1_742' title='bbox 406 5512 504 5563; x_wconf 72' lang='grc' dir='ltr'><strong>καὶ</strong></span> <span class='ocrx_word' id='word_1_743' title='bbox 545 5511 894 5580; x_wconf 86' lang='grc' dir='ltr'>πιστεύωμεν</span> <span class='ocrx_word' id='word_1_744' title='bbox 945 5511 1123 5579; x_wconf 79' lang='grc' dir='ltr'>ἀληθῆ</span> <span class='ocrx_word' id='word_1_745' title='bbox 1151 5507 1327 5564; x_wconf 73' lang='grc' dir='ltr'>εἶναι’</span> <span class='ocrx_word' id='word_1_746' title='bbox 1379 5512 1580 5580; x_wconf 80' lang='grc' dir='ltr'>μᾶλλον</span> <span class='ocrx_word' id='word_1_747' title='bbox 1621 5512 1678 5564; x_wconf 85' lang='grc' dir='ltr'><strong>δὲ</strong></span> <span class='ocrx_word' id='word_1_748' title='bbox 1722 5513 1795 5578; x_wconf 80' lang='grc' dir='ltr'>μὴ</span> 
     </span>
    </p>
   </div>
   <div class='ocr_carea' id='block_1_101' title="bbox 228 5601 1797 5673">
    <p class='ocr_par' dir='ltr' id='par_1_101' title="bbox 228 5601 1797 5673">
     <span class='ocr_line' id='line_1_101' title="bbox 228 5601 1797 5673; baseline -0.003 -17"><span class='ocrx_word' id='word_1_749' title='bbox 228 5603 397 5673; x_wconf 80' lang='grc' dir='ltr'>μόνον</span> <span class='ocrx_word' id='word_1_750' title='bbox 457 5603 786 5672; x_wconf 82' lang='grc' dir='ltr'>ἀκούωμεν,</span> <span class='ocrx_word' id='word_1_751' title='bbox 818 5603 957 5656; x_wconf 82' lang='grc' dir='ltr'>ἀλλὰ</span> <span class='ocrx_word' id='word_1_752' title='bbox 1000 5605 1094 5656; x_wconf 72' lang='grc' dir='ltr'><strong>καὶ</strong></span> <span class='ocrx_word' id='word_1_753' title='bbox 1141 5601 1797 5673; x_wconf 79' lang='grc' dir='ltr'>προπαρασκευαςὼμεθα</span> 
     </span>
    </p>
   </div>
   <div class='ocr_carea' id='block_1_102' title="bbox 231 5693 1798 5764">
    <p class='ocr_par' dir='ltr' id='par_1_102' title="bbox 231 5693 1798 5764">
     <span class='ocr_line' id='line_1_102' title="bbox 231 5693 1798 5764; baseline 0 -20"><span class='ocrx_word' id='word_1_754' title='bbox 231 5693 364 5762; x_wconf 70' lang='grc' dir='ltr'>πρὶν</span> <span class='ocrx_word' id='word_1_755' title='bbox 393 5696 593 5762; x_wconf 77' lang='grc' dir='ltr'>ἐπιστῇ</span> <span class='ocrx_word' id='word_1_756' title='bbox 620 5693 683 5745; x_wconf 82' lang='grc' dir='ltr'><strong>τὸ</strong></span> <span class='ocrx_word' id='word_1_757' title='bbox 709 5693 897 5756; x_wconf 88' lang='grc' dir='ltr'>τέλος,</span> <span class='ocrx_word' id='word_1_758' title='bbox 950 5695 1358 5764; x_wconf 85' lang='grc' dir='ltr'>προφθάνοντες</span> <span class='ocrx_word' id='word_1_759' title='bbox 1403 5695 1462 5746; x_wconf 85' lang='grc' dir='ltr'><strong>τὸ</strong></span> <span class='ocrx_word' id='word_1_760' title='bbox 1508 5694 1798 5762; x_wconf 84' lang='grc' dir='ltr'>πρόσωπον</span> 
     </span>
    </p>
   </div>
   <div class='ocr_carea' id='block_1_103' title="bbox 230 5781 1797 5852">
    <p class='ocr_par' dir='ltr' id='par_1_103' title="bbox 230 5781 1797 5852">
     <span class='ocr_line' id='line_1_103' title="bbox 230 5781 1797 5852; baseline -0.013 -19"><span class='ocrx_word' id='word_1_761' title='bbox 230 5782 325 5834; x_wconf 80' lang='grc' dir='ltr'><strong>τοῦ</strong></span> <span class='ocrx_word' id='word_1_762' title='bbox 356 5781 495 5836; x_wconf 84' lang='grc' dir='ltr'>Θεοῦ</span> <span class='ocrx_word' id='word_1_763' title='bbox 523 5783 592 5836; x_wconf 81' lang='grc' dir='ltr'><strong>δι’</strong></span> <span class='ocrx_word' id='word_1_764' title='bbox 630 5785 970 5850; x_wconf 76' lang='grc' dir='ltr'>ἐπιστροφῆς</span> <span class='ocrx_word' id='word_1_765' title='bbox 992 5786 1084 5836; x_wconf 75' lang='grc' dir='ltr'><strong>καὶ</strong></span> <span class='ocrx_word' id='word_1_766' title='bbox 1115 5785 1352 5852; x_wconf 69' lang='grc' dir='ltr'>ἀληθοῦς</span> <span class='ocrx_word' id='word_1_767' title='bbox 1384 5786 1673 5851; x_wconf 63' lang='grc' dir='ltr'>μετανοίας</span> <span class='ocrx_word' id='word_1_768' title='bbox 1696 5802 1709 5815; x_wconf 94' lang='grc'><strong>.</strong></span> <span class='ocrx_word' id='word_1_769' title='bbox 1732 5784 1797 5835; x_wconf 70' lang='grc' dir='ltr'><strong>δι-</strong></span> 
     </span>
    </p>
   </div>
   <div class='ocr_carea' id='block_1_104' title="bbox 1887 4610 3454 4684">
    <p class='ocr_par' dir='ltr' id='par_1_104' title="bbox 1887 4610 3454 4684">
     <span class='ocr_line' id='line_1_104' title="bbox 1887 4610 3454 4684; baseline 0.003 -21"><span class='ocrx_word' id='word_1_770' title='bbox 1887 4612 2081 4680; x_wconf 90' lang='lat' dir='ltr'><strong>capitis</strong></span> <span class='ocrx_word' id='word_1_771' title='bbox 2108 4611 2234 4664; x_wconf 83' lang='lat' dir='ltr'><strong>illud</strong></span> <span class='ocrx_word' id='word_1_772' title='bbox 2264 4610 2541 4662; x_wconf 82' lang='lat' dir='ltr'><strong>sudarium</strong></span> <span class='ocrx_word' id='word_1_773' title='bbox 2571 4629 2582 4662; x_wconf 89' lang='lat'><strong>:</strong></span> <span class='ocrx_word' id='word_1_774' title='bbox 2608 4618 2997 4678; x_wconf 74' lang='lat' dir='ltr'><strong>ostentansque</strong></span> <span class='ocrx_word' id='word_1_775' title='bbox 3025 4613 3219 4680; x_wconf 89' lang='lat' dir='ltr'><strong>ipsum,</strong></span> <span class='ocrx_word' id='word_1_776' title='bbox 3253 4631 3314 4668; x_wconf 86' lang='lat' dir='ltr'><strong>ac</strong></span> <span class='ocrx_word' id='word_1_777' title='bbox 3334 4632 3454 4684; x_wconf 68' lang='lat' dir='ltr'><strong>qua:</strong></span> 
     </span>
    </p>
   </div>
   <div class='ocr_carea' id='block_1_105' title="bbox 1885 4700 3452 4768">
    <p class='ocr_par' dir='ltr' id='par_1_105' title="bbox 1885 4700 3452 4768">
     <span class='ocr_line' id='line_1_105' title="bbox 1885 4700 3452 4768; baseline 0.002 -16"><span class='ocrx_word' id='word_1_778' title='bbox 1885 4700 2111 4754; x_wconf 76' lang='lat' dir='ltr'><strong>vidisset</strong></span> <span class='ocrx_word' id='word_1_779' title='bbox 2144 4702 2195 4753; x_wconf 93' lang='lat' dir='ltr'><strong>in</strong></span> <span class='ocrx_word' id='word_1_780' title='bbox 2227 4701 2452 4762; x_wconf 89' lang='lat' dir='ltr'><strong>somnis,</strong></span> <span class='ocrx_word' id='word_1_781' title='bbox 2488 4715 2713 4767; x_wconf 64' lang='lat' dir='ltr'><strong>quaeque</strong></span> <span class='ocrx_word' id='word_1_782' title='bbox 2751 4701 2960 4753; x_wconf 85' lang='lat' dir='ltr'><strong>discere</strong></span> <span class='ocrx_word' id='word_1_783' title='bbox 3007 4703 3284 4768; x_wconf 87' lang='lat' dir='ltr'><strong>potuisset,</strong></span> <span class='ocrx_word' id='word_1_784' title='bbox 3329 4722 3452 4756; x_wconf 83' lang='lat' dir='ltr'><strong>tiar-</strong></span> 
     </span>
    </p>
   </div>
   <div class='ocr_carea' id='block_1_106' title="bbox 1888 4791 3450 4860">
    <p class='ocr_par' dir='ltr' id='par_1_106' title="bbox 1888 4791 3450 4860">
     <span class='ocr_line' id='line_1_106' title="bbox 1888 4791 3450 4860; baseline 0.001 -16"><span class='ocrx_word' id='word_1_785' title='bbox 1888 4806 2058 4846; x_wconf 86' lang='lat' dir='ltr'><strong>rans:</strong></span> <span class='ocrx_word' id='word_1_786' title='bbox 2098 4810 2115 4842; x_wconf 87' lang='grc' dir='ltr'><strong>ι</strong></span> <span class='ocrx_word' id='word_1_787' title='bbox 2154 4791 2406 4853; x_wconf 83' lang='lat' dir='ltr'><strong>Gratias,</strong></span> <span class='ocrx_word' id='word_1_788' title='bbox 2471 4791 2673 4858; x_wconf 90' lang='lat' dir='ltr'><strong>inquit,</strong></span> <span class='ocrx_word' id='word_1_789' title='bbox 2739 4792 3072 4857; x_wconf 68' lang='lat' dir='ltr'><strong>pientissime</strong></span> <span class='ocrx_word' id='word_1_790' title='bbox 3135 4794 3450 4860; x_wconf 83' lang='lat' dir='ltr'><strong>imperator,</strong></span> 
     </span>
    </p>
   </div>
   <div class='ocr_carea' id='block_1_107' title="bbox 1889 4880 3453 4949">
    <p class='ocr_par' dir='ltr' id='par_1_107' title="bbox 1889 4880 3453 4949">
     <span class='ocr_line' id='line_1_107' title="bbox 1889 4880 3453 4949; baseline 0.002 -15"><span class='ocrx_word' id='word_1_791' title='bbox 1889 4895 2112 4949; x_wconf 87' lang='lat' dir='ltr'><strong>agamus</strong></span> <span class='ocrx_word' id='word_1_792' title='bbox 2159 4883 2300 4947; x_wconf 87' lang='lat' dir='ltr'><strong>Deo,</strong></span> <span class='ocrx_word' id='word_1_793' title='bbox 2343 4883 2486 4949; x_wconf 89' lang='lat' dir='ltr'><strong>quod</strong></span> <span class='ocrx_word' id='word_1_794' title='bbox 2531 4880 2791 4932; x_wconf 88' lang='lat' dir='ltr'><strong>latronem</strong></span> <span class='ocrx_word' id='word_1_795' title='bbox 2842 4884 3140 4944; x_wconf 78' lang='lat' dir='ltr'><strong>audientes,</strong></span> <span class='ocrx_word' id='word_1_796' title='bbox 3178 4899 3207 4935; x_wconf 86' lang='lat' dir='ltr'><strong>a</strong></span> <span class='ocrx_word' id='word_1_797' title='bbox 3246 4886 3453 4937; x_wconf 69' lang='lat' dir='ltr'><strong>(:U‘lt&#39;slt</strong></span> 
     </span>
    </p>
   </div>
   <div class='ocr_carea' id='block_1_108' title="bbox 1891 4970 3457 5042">
    <p class='ocr_par' dir='ltr' id='par_1_108' title="bbox 1891 4970 3457 5042">
     <span class='ocr_line' id='line_1_108' title="bbox 1891 4970 3457 5042; baseline 0.001 -19"><span class='ocrx_word' id='word_1_798' title='bbox 1891 4970 2039 5042; x_wconf 73' lang='lat' dir='ltr'><strong>Rege</strong></span> <span class='ocrx_word' id='word_1_799' title='bbox 2084 4973 2135 5024; x_wconf 93' lang='lat' dir='ltr'><strong>in</strong></span> <span class='ocrx_word' id='word_1_800' title='bbox 2169 4987 2330 5025; x_wconf 89' lang='lat' dir='ltr'><strong>cruce</strong></span> <span class='ocrx_word' id='word_1_801' title='bbox 2363 4987 2458 5038; x_wconf 90' lang='lat' dir='ltr'><strong>per</strong></span> <span class='ocrx_word' id='word_1_802' title='bbox 2494 4975 2890 5026; x_wconf 74' lang='lat' dir='ltr'><strong>confessionem</strong></span> <span class='ocrx_word' id='word_1_803' title='bbox 2935 4982 3284 5024; x_wconf 88' lang='lat' dir='ltr'><strong>c0nsccutum</strong></span> <span class='ocrx_word' id='word_1_804' title='bbox 3316 4979 3457 5026; x_wconf 83' lang='lat' dir='ltr'><strong>salu~</strong></span> 
     </span>
    </p>
   </div>
   <div class='ocr_carea' id='block_1_109' title="bbox 1893 5061 3454 5127">
    <p class='ocr_par' dir='ltr' id='par_1_109' title="bbox 1893 5061 3454 5127">
     <span class='ocr_line' id='line_1_109' title="bbox 1893 5061 3454 5127; baseline 0 -11"><span class='ocrx_word' id='word_1_805' title='bbox 1893 5072 1999 5116; x_wconf 85' lang='lat' dir='ltr'><strong>tem</strong></span> <span class='ocrx_word' id='word_1_806' title='bbox 2020 5081 2037 5127; x_wconf 87' lang='lat'><strong><em>;</em></strong></span> <span class='ocrx_word' id='word_1_807' title='bbox 2062 5063 2226 5115; x_wconf 85' lang='lat' dir='ltr'><strong>alium</strong></span> <span class='ocrx_word' id='word_1_808' title='bbox 2252 5061 2605 5116; x_wconf 87' lang='lat' dir='ltr'><strong>nihilominus</strong></span> <span class='ocrx_word' id='word_1_809' title='bbox 2635 5063 2923 5125; x_wconf 83' lang='lat' dir='ltr'><strong>latronem,</strong></span> <span class='ocrx_word' id='word_1_810' title='bbox 2945 5067 3049 5114; x_wconf 87' lang='lat' dir='ltr'><strong>tuis</strong></span> <span class='ocrx_word' id='word_1_811' title='bbox 3076 5067 3231 5114; x_wconf 82' lang='lat' dir='ltr'><strong>modo</strong></span> <span class='ocrx_word' id='word_1_812' title='bbox 3257 5069 3454 5117; x_wconf 81' lang='lat' dir='ltr'><strong>terreni</strong></span> 
     </span>
    </p>
   </div>
   <div class='ocr_carea' id='block_1_110' title="bbox 1894 5155 3455 5222">
    <p class='ocr_par' dir='ltr' id='par_1_110' title="bbox 1894 5155 3455 5222">
     <span class='ocr_line' id='line_1_110' title="bbox 1894 5155 3455 5222; baseline -0.001 -16"><span class='ocrx_word' id='word_1_813' title='bbox 1894 5155 2235 5222; x_wconf 89' lang='lat' dir='ltr'><strong>imperatoris</strong></span> <span class='ocrx_word' id='word_1_814' title='bbox 2289 5155 2641 5220; x_wconf 87' lang='lat' dir='ltr'><strong>temporibus,</strong></span> <span class='ocrx_word' id='word_1_815' title='bbox 2705 5156 2893 5221; x_wconf 70' lang='lat' dir='ltr'><strong>aequali</strong></span> <span class='ocrx_word' id='word_1_816' title='bbox 2941 5155 3182 5207; x_wconf 82' lang='lat' dir='ltr'><strong>exhibita</strong></span> <span class='ocrx_word' id='word_1_817' title='bbox 3238 5159 3455 5208; x_wconf 67' lang='lat' dir='ltr'><strong>contes-</strong></span> 
     </span>
    </p>
   </div>
   <div class='ocr_carea' id='block_1_111' title="bbox 1893 5245 3454 5314">
    <p class='ocr_par' dir='ltr' id='par_1_111' title="bbox 1893 5245 3454 5314">
     <span class='ocr_line' id='line_1_111' title="bbox 1893 5245 3454 5314; baseline -0.001 -16"><span class='ocrx_word' id='word_1_818' title='bbox 1893 5245 2044 5298; x_wconf 90' lang='lat' dir='ltr'><strong>sioue</strong></span> <span class='ocrx_word' id='word_1_819' title='bbox 2074 5260 2137 5299; x_wconf 87' lang='lat' dir='ltr'><strong>ac</strong></span> <span class='ocrx_word' id='word_1_820' title='bbox 2167 5246 2500 5314; x_wconf 72' lang='lat' dir='ltr'><strong>pmnitentia,</strong></span> <span class='ocrx_word' id='word_1_821' title='bbox 2551 5247 2775 5298; x_wconf 85' lang='lat' dir='ltr'><strong>salutem</strong></span> <span class='ocrx_word' id='word_1_822' title='bbox 2817 5245 2947 5296; x_wconf 89' lang='lat' dir='ltr'><strong>item</strong></span> <span class='ocrx_word' id='word_1_823' title='bbox 2985 5249 3235 5313; x_wconf 84' lang='lat' dir='ltr'><strong>adeptum</strong></span> <span class='ocrx_word' id='word_1_824' title='bbox 3273 5248 3454 5298; x_wconf 60' lang='lat' dir='ltr'><strong>videav</strong></span> 
     </span>
    </p>
   </div>
   <div class='ocr_carea' id='block_1_112' title="bbox 1898 5346 2096 5384">
    <p class='ocr_par' dir='ltr' id='par_1_112' title="bbox 1898 5346 2096 5384">
     <span class='ocr_line' id='line_1_112' title="bbox 1898 5346 2096 5384; baseline -0.01 0"><span class='ocrx_word' id='word_1_825' title='bbox 1898 5346 2039 5384; x_wconf 78' lang='grc' dir='ltr'>ιιιιιε.</span> <span class='ocrx_word' id='word_1_826' title='bbox 2077 5351 2096 5382; x_wconf 69' lang='grc' dir='ltr'><strong>ι</strong></span> 
     </span>
    </p>
   </div>
   <div class='ocr_carea' id='block_1_113' title="bbox 1971 5421 3456 5490">
    <p class='ocr_par' dir='ltr' id='par_1_113' title="bbox 1971 5421 3456 5490">
     <span class='ocr_line' id='line_1_113' title="bbox 1971 5421 3456 5490; baseline 0.003 -16"><span class='ocrx_word' id='word_1_827' title='bbox 1971 5421 2175 5474; x_wconf 83' lang='lat' dir='ltr'><strong>Nedum</strong></span> <span class='ocrx_word' id='word_1_828' title='bbox 2229 5423 2364 5484; x_wconf 70' lang='lat' dir='ltr'><strong>hrcc,</strong></span> <span class='ocrx_word' id='word_1_829' title='bbox 2406 5423 2737 5483; x_wconf 82' lang='lat' dir='ltr'><strong>rharissimi,</strong></span> <span class='ocrx_word' id='word_1_830' title='bbox 2785 5421 3102 5488; x_wconf 79' lang='lat' dir='ltr'><strong>simpliciter</strong></span> <span class='ocrx_word' id='word_1_831' title='bbox 3151 5429 3456 5490; x_wconf 79' lang='lat' dir='ltr'><strong>audiamus,</strong></span> 
     </span>
    </p>
   </div>
   <div class='ocr_carea' id='block_1_114' title="bbox 1898 5511 3460 5578">
    <p class='ocr_par' dir='ltr' id='par_1_114' title="bbox 1898 5511 3460 5578">
     <span class='ocr_line' id='line_1_114' title="bbox 1898 5511 3460 5578; baseline 0.004 -16"><span class='ocrx_word' id='word_1_832' title='bbox 1898 5526 2085 5564; x_wconf 85' lang='lat' dir='ltr'><strong>verum</strong></span> <span class='ocrx_word' id='word_1_833' title='bbox 2142 5511 2304 5563; x_wconf 85' lang='lat' dir='ltr'><strong>etiam</strong></span> <span class='ocrx_word' id='word_1_834' title='bbox 2354 5525 2478 5562; x_wconf 89' lang='lat' dir='ltr'><strong>vera</strong></span> <span class='ocrx_word' id='word_1_835' title='bbox 2537 5525 2658 5563; x_wconf 89' lang='lat' dir='ltr'><strong>esse</strong></span> <span class='ocrx_word' id='word_1_836' title='bbox 2708 5513 3026 5571; x_wconf 78' lang='lat' dir='ltr'><strong>credamus;</strong></span> <span class='ocrx_word' id='word_1_837' title='bbox 3079 5516 3321 5578; x_wconf 81' lang='lat' dir='ltr'><strong>quininio</strong></span> <span class='ocrx_word' id='word_1_838' title='bbox 3369 5535 3460 5570; x_wconf 87' lang='lat' dir='ltr'><strong>ne-</strong></span> 
     </span>
    </p>
   </div>
   <div class='ocr_carea' id='block_1_115' title="bbox 1901 5601 3459 5672">
    <p class='ocr_par' dir='ltr' id='par_1_115' title="bbox 1901 5601 3459 5672">
     <span class='ocr_line' id='line_1_115' title="bbox 1901 5601 3459 5672; baseline 0.003 -17"><span class='ocrx_word' id='word_1_839' title='bbox 1901 5603 2025 5655; x_wconf 89' lang='lat' dir='ltr'><strong>dum</strong></span> <span class='ocrx_word' id='word_1_840' title='bbox 2059 5601 2357 5664; x_wconf 88' lang='lat' dir='ltr'><strong>audiamus,</strong></span> <span class='ocrx_word' id='word_1_841' title='bbox 2419 5617 2602 5655; x_wconf 82' lang='lat' dir='ltr'><strong>veium</strong></span> <span class='ocrx_word' id='word_1_842' title='bbox 2653 5605 2816 5656; x_wconf 85' lang='lat' dir='ltr'><strong>etiam</strong></span> <span class='ocrx_word' id='word_1_843' title='bbox 2871 5615 3097 5665; x_wconf 89' lang='lat' dir='ltr'><strong>mature,</strong></span> <span class='ocrx_word' id='word_1_844' title='bbox 3150 5608 3459 5672; x_wconf 66' lang='lat' dir='ltr'><strong>[illllsqtlatll</strong></span> 
     </span>
    </p>
   </div>
   <div class='ocr_carea' id='block_1_116' title="bbox 1905 5692 3458 5763">
    <p class='ocr_par' dir='ltr' id='par_1_116' title="bbox 1905 5692 3458 5763">
     <span class='ocr_line' id='line_1_116' title="bbox 1905 5692 3458 5763; baseline 0.003 -19"><span class='ocrx_word' id='word_1_845' title='bbox 1905 5692 2023 5745; x_wconf 84' lang='lat' dir='ltr'><strong>ﬁnis</strong></span> <span class='ocrx_word' id='word_1_846' title='bbox 2080 5692 2260 5753; x_wconf 86' lang='lat' dir='ltr'><strong>instet,</strong></span> <span class='ocrx_word' id='word_1_847' title='bbox 2320 5707 2705 5759; x_wconf 69' lang='lat' dir='ltr'><strong>pr‘mpareiiillr,</strong></span> <span class='ocrx_word' id='word_1_848' title='bbox 2780 5708 3216 5763; x_wconf 76' lang='lat' dir='ltr'><strong>praznccupantes</strong></span> <span class='ocrx_word' id='word_1_849' title='bbox 3269 5699 3458 5751; x_wconf 75' lang='lat' dir='ltr'><strong>lactem</strong></span> 
     </span>
    </p>
   </div>
   <div class='ocr_carea' id='block_1_117' title="bbox 1904 5781 3461 5849">
    <p class='ocr_par' dir='ltr' id='par_1_117' title="bbox 1904 5781 3461 5849">
     <span class='ocr_line' id='line_1_117' title="bbox 1904 5781 3461 5849; baseline 0.004 -15"><span class='ocrx_word' id='word_1_850' title='bbox 1904 5781 2114 5834; x_wconf 73' lang='lat' dir='ltr'><strong>Donum</strong></span> <span class='ocrx_word' id='word_1_851' title='bbox 2158 5796 2251 5849; x_wconf 84' lang='lat' dir='ltr'><strong>per</strong></span> <span class='ocrx_word' id='word_1_852' title='bbox 2287 5785 2689 5838; x_wconf 74' lang='lat' dir='ltr'><strong>conversionem</strong></span> <span class='ocrx_word' id='word_1_853' title='bbox 2726 5800 2784 5839; x_wconf 84' lang='lat' dir='ltr'><strong>ac</strong></span> <span class='ocrx_word' id='word_1_854' title='bbox 2830 5799 3008 5839; x_wconf 90' lang='lat' dir='ltr'><strong>veram</strong></span> <span class='ocrx_word' id='word_1_855' title='bbox 3057 5788 3461 5843; x_wconf 71' lang='lat' dir='ltr'><strong>timuitentiam;</strong></span> 
     </span>
    </p>
   </div>
  </div>
