4190 6438
776 389 910 454 lita

2070 392 2461 451 ANASTASII
2502 393 2824 452 SINAITxE

3880 395 4020 458 1144

774 517 868 569 per
894 498 1285 554 conl‘essionem
1323 514 1349 552 a
1382 500 1615 553 contrito
1668 499 1963 567 profectam
2006 502 2200 565 corde;
2242 515 2335 567 per
2370 509 2408 561 Α

2370 509 2408 561 Α
2441 501 2884 569 ὲξομολογὴσεως
2913 502 3022 555 ἀπὸ
3068 504 3532 573 συντετριμμένης
3565 505 3796 573 καρδίας
3843 523 4014 557 κατα-

773 595 998 657 gemitus
1025 608 1089 644 ex
1115 592 1220 644 itno
1237 592 1529 645 submissos
1550 608 1563 652 ;
1585 605 1679 658 per
1704 590 1973 659 lacrytnas
1996 592 2198 658 jngiter
2227 607 2336 644 ma-

775 695 965 734 nantes
998 683 1067 735 ab
1098 683 1298 744 oculis;
1334 696 1427 746 per
1457 681 1856 751 eleemosynam
1887 682 2030 748 large
2060 682 2110 733 in
2143 696 2342 749 paupe-

775 791 859 825 res
901 789 1023 826 cum
1068 775 1266 840 pietate
1313 772 1643 836 exbibitam;
1693 787 1790 840 per
1837 773 1998 823 vitam
2048 771 2340 825 virtutibus

773 876 1042 926 ornatam,
1075 864 1490 930 religiosatnqtte
1526 875 1589 914 ac
1623 873 1935 914 accuratam
1974 864 2341 913 conversatio-

775 971 919 1006 netn.
973 955 1160 1017 Operm
1212 955 1352 1004 enim
1411 956 1639 1021 pretium
1695 962 1798 1015 est,
1850 962 1903 1002 ttt
1956 967 2338 1018 pra-paremur,

776 1045 1246 1109 necessariumque
1274 1043 1339 1094 ad
1368 1043 1494 1094 illttd
1529 1043 1629 1094 iter
1663 1051 2023 1095 commeatum
2061 1056 2341 1108 compare-

776 1150 927 1196 mus;
975 1151 1074 1188 nec
1123 1135 1367 1187 dicamus
1402 1136 1515 1185 fore
1545 1143 1600 1184 ut
1631 1144 1756 1184 tunc
1804 1133 2182 1199 ptenitentiam
2217 1147 2342 1199 aga-

777 1241 921 1285 mus,
969 1240 1090 1277 cum
1145 1228 1212 1277 ab
1269 1224 1368 1276 bac
1428 1223 1532 1274 vita
1602 1223 1939 1289 migrandum
2001 1222 2338 1274 habebimus.

774 1315 979 1381 Quippe
1025 1315 1285 1366 incertum
1344 1323 1427 1366 est
1473 1331 1598 1366 ntnn
1635 1314 1714 1367 vel
1768 1327 2022 1380 suprema
2077 1315 2237 1365 verba
2273 1313 2340 1365 ad

775 1405 1101 1458 tionu-stieos
1135 1404 1277 1472 loqui
1313 1406 1636 1472 poterimus,
1691 1404 1924 1457 celerans
1974 1404 2218 1469 rapiente
2251 1403 2340 1470 qui

776 1495 1060 1562 rnntpellat
1112 1496 1347 1546 animant
1383 1509 1413 1547 e
1440 1509 1669 1561 corpore
1714 1495 1918 1562 egredi.
1959 1495 2127 1556 Quam
2168 1493 2342 1557 multi,

777 1596 953 1650 putas,
1001 1587 1065 1637 de
1102 1595 1322 1651 repente
1361 1585 1593 1651 abrepti,
1651 1599 1749 1636 ncc
1799 1588 2069 1652 lacrymas
2118 1584 2343 1636 l'underc

777 1685 1090 1740 patuerunt,
1124 1690 1220 1725 nee
1253 1676 1318 1726 de
1357 1676 1516 1727 rebus
1549 1675 1783 1742 propriis
1825 1682 2153 1726 testamento
2186 1673 2343 1739 quid-

774 1781 933 1827 quam
960 1775 1197 1818 statuere
1216 1764 1238 1814 ‘?
1261 1764 1393 1828 Quis
1426 1781 1550 1818 vero
1577 1765 1889 1832 spopondit,
1923 1773 2016 1815 aut
2048 1764 2334 1816 certiorem

778 1857 924 1915 t'-:cit,
959 1856 1072 1907 fore
1109 1867 1164 1907 ut
1189 1856 1412 1908 omnino
1445 1865 1570 1908 tunc
1605 1857 1878 1922 ρωιιὶιοιιε
1908 1857 2117 1908 veniam
2151 1869 2336 1907 conse-

775 1947 999 2008 quaris?
1033 1957 1157 1998 utve
1203 1947 1415 2012 qualem
1455 1947 1592 1999 latro
1635 1946 2010 2013 pmttiteutiam
2063 1945 2342 2005 exhibeas,

779 2048 1059 2103 tantasque
1107 2036 1375 2105 lacrymas
1427 2037 1478 2088 in
1519 2046 1766 2104 promptu
1823 2035 2044 2096 habeas,
2115 2043 2344 2100 quantas

776 2127 971 2179 obtulit
1002 2126 1127 2179 ille?
1158 2126 1334 2190 Quare
1369 2142 1432 2177 ne
1463 2135 1705 2177 coactam
1765 2124 2031 2192 ejusmodi
2081 2125 2342 2190 pteniten-

781 2219 927 2280 tiam,
986 2230 1104 2282 qua:
1155 2216 1206 2266 in
1245 2224 1416 2268 morte
1463 2226 1569 2278 est,
1625 2227 2029 2282 exspectemus,
2081 2216 2343 2268 incertum

776 2306 918 2356 enim
952 2315 1054 2366 est,
1098 2321 1222 2356 num
1254 2315 1307 2356 et
1336 2305 1454 2372 ejus
1496 2306 1667 2359 simus
1699 2306 1863 2356 futuri
1913 2305 2150 2369 domini;
2184 2309 2344 2374 quin-

786 2397 916 2459 imo,
963 2396 1202 2463 quandiu
1241 2395 1347 2446 vita
1397 2406 1634 2463 superat,
1686 2395 1920 2460 quanditt
1953 2396 2185 2449 stadium
2228 2411 2346 2465 pro-

780 2486 1010 2552 positum
1059 2496 1144 2538 est
1181 2486 1416 2552 quandiu
1454 2488 1628 2538 adhuc
1672 2486 1800 2538 licet
1836 2487 2043 2548 vivere,
2106 2489 2342 2556 quandiu

783 2578 1005 2628 necdum
1062 2577 1324 2630 abseissio
1380 2576 1645 2640 imminet,
1717 2587 1930 2630 mature
1981 2577 2245 2642 Judicem,
2293 2580 2343 2632 iu

782 2685 942 2734 quem
977 2669 1115 2720 nulla
1147 2685 1498 2736 personarum
1535 2671 1780 2736 acet-ptio
1813 2671 1992 2733 cadat,
2029 2671 2300 2739 placemus
2328 2690 2340 2724 :

781 2767 837 2809 ut
867 2769 920 2811 et
957 2760 1063 2811 vita
1101 2760 1222 2822 bac,
1255 2760 1373 2824 ejus
1403 2762 1453 2812 in
1483 2778 1579 2813 nos
1607 2776 1762 2826 opem
1797 2764 2154 2823 attrabamns,
2187 2763 2347 2831 inque

784 2855 985 2911 latura,
1042 2850 1233 2902 blande
1283 2852 1334 2902 in
1387 2866 1482 2902 nos
1547 2854 1840 2904 intuentem
1889 2851 2245 2917 inveniamus,
2284 2870 2346 2907 ac

785 2944 1168 3008 repromissum
1220 2959 1438 3008 regnum
1474 2958 1595 2995 cum
1645 2944 1850 2997 sanctis
1903 2944 2153 2997 omnibus
2195 2946 2348 3000 nobis

784 3034 1100 3100 largientem
1136 3050 1148 3084 :
1179 3033 1374 3099 quippe
1420 3047 1579 3101 quem
1636 3033 1827 3087 deceat
1872 3034 2063 3103 gloria,
2093 3051 2197 3088 una
2226 3053 2346 3090 cum

2375 1834 2415 1888 Β

2447 592 2883 660 σκευαζομένης-
2921 595 3008 647 διὰ
3057 597 3374 662 στεναγμῶν
3414 597 3478 646 ἐκ
3529 596 3726 663 βάθους
3757 597 3990 665 ἁναπεμ

2445 681 2695 749 πομένων
2716 699 2728 711 ο
2762 682 2852 733 διὰ
2882 683 3136 752 δακρύων
3169 683 3229 746 ἐξ
3262 684 3560 754 ὀφθαλμῶν
3587 685 3831 746 ἀενναως
3883 702 4020 754 προ-

2443 772 2722 838 χεομένων
2748 789 2757 798 ·
2793 773 2858 824 δι’
2888 773 3260 842 ὲλεημοσύνης
3290 774 3430 842 μετὰ
3472 775 3750 841 δαψιλείας
3788 777 3886 824 σὺν
3917 774 4013 824 εὐ-

2445 861 2632 931 σεϐείᾳ
2663 863 2797 931 πρὸς
2839 866 2967 925 τοὺς
2996 865 3235 933 πένητας
3267 865 3752 932 ἐπιδεικνυμένης·
3815 864 3887 916 δι’
3924 866 4016 914 ὲν-

2441 954 2635 1020 αρέτου
2666 954 2808 1022 ζωῆς
2838 956 2932 1006 καὶ
2966 958 3244 1016 πολιτείας
3276 955 3556 1022 θεοφιλοῦς
3587 957 3675 1006 καὶ
3706 955 3822 1018 βίον
3853 955 4019 1022 ἠκρι-

2442 1045 2714 1112 δωμένου.
2744 1046 2922 1098 Καλὸν
2948 1049 3057 1115 γὰρ
3082 1051 3140 1099 τὸ
3167 1047 3713 1115 προεντρεπίζεσοαι,
3739 1047 3834 1096 καὶ
3885 1061 4023 1112 προ-

2443 1135 2756 1201 ετοιμάζειν
2778 1137 2845 1187 τὰ
2865 1140 2962 1202 τῆς
2986 1137 3238 1189 ὲντεῦοεν
3265 1136 3571 1205 ἀποδημίας
3591 1136 3796 1202 ἐφόδια·
3822 1138 3918 1186 καὶ
3949 1136 4023 1202 μὴ

2442 1220 2688 1290 λέγωμεν
2711 1226 2791 1275 ὅτι
2821 1225 2941 1276 τότε
2981 1228 3410 1295 μετανοησομεν,
3441 1227 3529 1278 ὅτε
3574 1226 3847 1294 μέλλομεν
3881 1225 4023 1289 ἐξιέ-

2442 1330 2528 1363 ναι
2561 1312 2656 1363 τοῦ
2712 1314 2854 1382 βίου.
2900 1316 3130 1383 ’Δδηλον
3178 1318 3287 1384 γὰρ
3330 1320 3378 1368 εὶ
3413 1317 3550 1387 πρὸς
3602 1317 3727 1378 τοὺς
3779 1317 4019 1376 οἰκείους

2443 1403 2602 1471 ἡμῶν
2651 1407 2755 1458 κᾶν
2794 1407 2862 1458 τα
2902 1409 3189 1460 τελευταῖα
3232 1410 3530 1476 ἰσχύσομεν
3578 1407 4018 1475 ὲπιφῡέγξασθαι

2449 1499 2669 1563 ῥήματα
2720 1499 2824 1550 ὑπὸ
2867 1500 2960 1552 τοῦ
3017 1503 3440 1568 κατεπείγοντος
3501 1499 4016 1570 προαρπαζόμενοι.

2448 1587 2629 1647 Πόσοι,
2655 1589 2774 1638 εἰπέ
2798 1607 2909 1657 μοι,
2931 1591 3190 1661 ἐξαίφνης
3214 1594 3495 1660 γεγονότες
3516 1591 4019 1660 ἁνάρπαστοι,οὖτε

2443 1674 2730 1743 δακρῦσαι,
2767 1678 2891 1730 οὔτε
2926 1680 3211 1733 διαοέσῢαι
3247 1698 3297 1732 τι
3337 1681 3446 1734 τῶν
3479 1680 3599 1732 καθ’
3640 1681 3869 1740 ἑαυτοὺς
3898 1681 4022 1746 ἠδυ-

2444 1770 2712 1838 νήθησαν;
2768 1770 2863 1830 Τίς
2916 1769 2970 1820 δὲ
3011 1770 3105 1821 καὶ
3148 1769 3535 1838 ἐγγυώμενος,
3579 1771 3612 1836 ἦ
3648 1769 3914 1836 βεϐαιῶν,
3944 1769 4019 1819 ὅτι

2445 1859 2581 1919 ὅλως
2617 1861 2734 1910 τότε
2769 1860 3114 1926 μετανοήσας
3158 1859 3600 1928 συγχωρηΘήσῃς
3635 1860 3790 1927 ἢτὴν
3821 1860 4022 1926 ὁμοίαν

2444 1946 2524 2014 τῷ
2566 1946 2733 2014 λῃστῇ
2775 1948 3065 2014 μετάνοιαν
3104 1947 3381 2019 ὲπιδεῐξῃ,
3432 1947 3465 2016 ἢ
3510 1947 3746 2000 τοσαῦτα
3801 1948 4022 2015 δάκρυα

2445 2036 2584 2098 ἕξεις
2610 2077 2622 2093 ,
2641 2038 2742 2087 ὃσα
2768 2038 2976 2098 ἐκεῖνος
3006 2038 3361 2106 προσήγαγε;
3394 2039 3485 2089 Διὸ
3517 2039 3592 2107 μὴ
3626 2037 4022 2106 περιμένωμεν

2444 2127 2540 2196 τὴν
2592 2129 2648 2178 ἐν
2693 2127 2769 2196 τῷ
2824 2128 3040 2196 θανάτῳ
3093 2130 3624 2196 κατηναγκασμένην
3682 2129 4018 2196 μετάνοιαν·

2446 2217 2638 2286 ἄδηλον
2687 2219 2796 2286 γὰρ
2825 2220 2873 2268 εἰ
2907 2223 3002 2270 καὶ
3032 2219 3131 2286 τῆς
3181 2220 3438 2287 τοιαύτης
3471 2219 3762 2288 γενώμεθα
3796 2219 4012 2288 κύριοι·

2445 2306 2561 2357 ἀλλ’
2595 2308 2698 2366 ἓως
2724 2308 2751 2357 ὁ
2783 2306 2897 2373 βίος
2921 2306 3058 2369 ἐστι,
3089 2307 3192 2370 ἕως
3222 2309 3279 2359 τὸ
3316 2308 3530 2360 στάδιον
3570 2308 3883 2377 πρόκειται,
3919 2310 4021 2368 ἕως

2447 2397 2612 2449 ἔτιτὸ
2643 2398 2742 2466 ζῇν
2779 2398 2997 2465 ἔχομεν,
3042 2399 3150 2461 ἕως
3190 2400 3289 2450 οὐκ
3317 2400 3604 2467 ἐφίσταται
3637 2401 3668 2465 ἡ
3695 2398 3864 2466 τομὴ,
3892 2413 4022 2465 προ-

2450 2491 2744 2559 φθάσωμεν
2777 2490 3146 2558 ὲξιλεούμενοι
3173 2490 3264 2542 τὸν
3293 2489 3798 2558 ἁπροσωπόληπτον
3830 2491 3968 2540 Δικα
3995 2516 4017 2526 -

2448 2584 2616 2645 στήν·
2653 2584 2741 2634 ἵνα
2785 2582 2882 2634 καὶ
2911 2581 3148 2634 ἐνταύοι
3182 2582 3283 2648 τὴν
3315 2581 3445 2650 παρ’
3481 2579 3650 2632 αὑτοῦ
3700 2579 3880 2648 ῥοπὴν
3909 2581 4020 2630 ἑπι-

2449 2675 2807 2743 σπασώμεοα,
2831 2675 2928 2727 καὶ
2959 2676 3101 2726 κατὰ
3121 2673 3218 2743 τὴν
3249 2674 3546 2742 μέλλουσαν
3577 2673 3742 2742 ζωὴν,
3762 2673 4023 2742 εὕροιμεν

2447 2766 2609 2818 αὑτὸν
2643 2767 2870 2834 εὐμενὲς
2902 2768 3037 2834 ἡμῖν
3063 2766 3450 2822 ἐπιϐλέποντα.
3492 2765 3705 2832 καὶτῆς
3742 2763 4020 2831 ἐπηγγελ-

2451 2857 2619 2923 μένης
2686 2855 2965 2922 βασιλείας
3031 2853 3393 2919 καταξιοῦντα
3445 2855 3584 2922 μετὰ
3637 2853 3863 2904 πάντων
3919 2853 4022 2904 τῶν

2448 2947 2654 3011 ἁγίων·
2698 2948 2781 2998 ὃτι
2835 2945 2984 3013 αὐτῷ
3033 2946 3236 3015 πρέπει
3291 2948 3324 3014 ἡ
3357 2945 3482 3008 δόξα
3512 2985 3525 3008 ,
3572 2946 3692 3013 ἅμα
3723 2946 3802 3014 τῷ
3845 2946 4020 3014 Ιιατρὶ

2450 3038 2544 3087 καὶ
2570 3035 2648 3103 τῷ
2676 3037 2816 3104 ἁγίῳ
2843 3037 3154 3104 Ιινεύματι,
3190 3038 3269 3100 εἰς
3307 3039 3432 3098 τοὺς
3461 3037 3856 3102 ἁτελευτήτους
3889 3036 4017 3088 αἰῶο

781 3126 944 3176 l'atre
976 3139 1037 3176 ac
1080 3126 1286 3191 Spiritu
1335 3136 1549 3190 saneto,
1578 3125 1630 3177 in
1669 3127 1872 3180 infinita
1903 3127 2222 3179 smculotum
2250 3143 2349 3181 sa:-
2375 3147 2417 3203 ο

1519 3143 1549 3190 ν,
1578 3125 1630 3177 in
1669 3127 1872 3180 inﬁnita
1903 3127 2222 3179 smculotum
2250 3143 2349 3181 sa:-
2375 3147 2417 3203 C
2452 3141 2548 3185 νας
2578 3126 2684 3176 τῶν
2706 3125 2940 3178 αἰώνων.
2990 3126 3174 3192 Ἀμήν.

784 3217 922 3268 rula.
953 3216 1142 3268 Amen.

1291 3565 1977 3650 ΛΝΛΣΤΛΣΙΟΥ
2051 3563 2753 3648 ΙΙΑΤΡΙΛΡΧΟΥ
2827 3563 3492 3647 ΛΝΤΙΟΧΕΙΛΣ

1919 3744 2008 3794 ΕΚ
2048 3742 2184 3793 ΤΟΥ
2221 3741 2378 3794 KAT'
2419 3738 2694 3793 ΕΙΙιὈΝΑ
2728 3740 2826 3809 (1).

1251 4064 1850 4153 ANASTASII
1937 4065 2721 4152 l’ATRlARCH/E
2794 4060 3540 4152 ANTIOCHENI

1449 4253 1488 4305 Ε
1523 4251 1847 4307 SERMONE
1888 4270 1900 4304 :
1948 4248 2350 4304 SECUNDUM
2396 4247 2807 4312 llllAClNEM,
2851 4247 3350 4304 FllAGMENTUM.

1665 4408 1811 4466 (Asc.
1853 4407 1964 4462 ΜΑι,
1991 4406 2171 4466 Script.
2215 4407 2372 4454 νεῖον.
2401 4405 2529 4452 Nov.
2558 4403 2801 4460 Cullectio,
2829 4410 2863 4451 t.
2899 4404 2977 4464 lx,
2999 4404 3133 4463 619.)

858 4711 972 4762 Non
1023 4721 1182 4760 unam
1233 4715 1443 4759 tantum
1499 4705 1784 4772 imaginem
1839 4720 1900 4758 ac
1945 4703 2349 4756 similitudinem
2384 4721 2426 4775 ι)

2384 4721 2426 4775 ι)
2527 4703 2600 4756 Οὺ
2656 4704 2788 4771 μίαν
2841 4703 2962 4754 τινὰ
3025 4705 3208 4755 εἰκόνα
3273 4707 3365 4757 καὶ
3413 4706 3673 4775 ὁμοίωσιν
3711 4709 4009 4779 κέκτηται,

787 4815 801 4864 t
827 4803 943 4869 Dei)
982 4801 1033 4852 in
1065 4813 1123 4853 se
1154 4799 1312 4852 liabet
1340 4797 1598 4865 (homo),
1649 4798 1742 4849 sed
1772 4805 1826 4848 et
1854 4795 2076 4848 alteram
2106 4809 2338 4862 quoque,

785 4905 839 4944 et
888 4892 1133 4953 tertiam,
1183 4899 1236 4944 et
1276 4897 1554 4956 quartam,
1599 4887 1773 4939 adhuc
1799 4895 1850 4938 et
1875 4887 2114 4953 quintam
2157 4905 2172 4939 :
2214 4887 2263 4937 in
2290 4902 2348 4940 sc

787 4981 1016 5044 scilicet,
1072 4979 1217 5031 velut
1272 4979 1324 5031 in
1376 4976 1594 5046 speculo
1638 4979 1868 5043 quodam
1910 4984 2002 5027 aut
2032 4975 2083 5026 in
2116 4976 2346 5042 pictura,

790 5085 893 5119 non
928 5067 1144 5134 quidem
1180 5067 1385 5135 typica,
1421 5067 1512 5119 sed
1547 5065 1812 5127 naturali,
1868 5066 2018 5116 trime
2048 5064 2349 5119 [)ivinitatis

788 5158 1104 5226 mysterium
1138 5167 1563 5224 repraesentans;
1621 5171 1795 5224 neque
1843 5155 1970 5208 illud
2005 5156 2206 5217 solmn,
2252 5159 2345 5209 sed

787 5261 945 5300 etiam
991 5249 1150 5303 unius
1182 5262 1211 5299 e
1241 5258 1421 5300 sancta
1455 5246 1720 5299 Trinitate
1751 5247 2172 5300 incarnationem
2207 5247 2345 5299 dilu-

2453 4796 2588 4848 ἀλλὰ
2625 4797 2719 4848 καὶ
2752 4796 3032 4864 δευτέραν,
3083 4795 3177 4848 καὶ
3213 4797 3426 4867 τρίτην,
3470 4799 3560 4850 καὶ
3588 4799 3883 4868 τετάρτην,
3923 4803 4010 4852 καὶ

2448 4889 2741 4957 πέμπτην
2798 4887 3139 4951 ὲξεικονίζων
3187 4886 3374 4958 ὥσπερ
3406 4891 3462 4940 ἐν
3503 4890 3757 4958 ἐσόπτρῳ
3788 4892 3898 4942 τινὶ
3924 4893 4012 4942 καὶ

2449 4977 2793 5046 σκιαγραφίᾳ
2825 4979 3059 5044 φυσικῇ,
3088 4977 3148 5027 οὐ
3185 4979 3414 5046 τυπικῇ,
3450 4977 3552 5044 τῆς
3574 4981 4009 5046 τρισυποστάτου

2446 5068 2706 5136 Θεότητος
2747 5068 2806 5118 τὸ
2859 5066 3192 5136 μυστήριον’
3249 5069 3309 5119 οὐ
3359 5068 3538 5137 μόνον,
3590 5068 3728 5120 ἀλλὰ
3780 5072 3876 5122 καὶ
3917 5072 4012 5139 τὴν

2449 5157 2857 5226 ἐνανορώπησιν
2903 5156 2996 5208 τοῦ
3049 5158 3169 5218 ἑνὸς
3213 5158 3313 5226 τῆς
3378 5159 3546 5228 αὐτῆς
3599 5160 3833 5228 Τριάδος
3882 5161 4011 5212 Θεοῦ

2447 5249 2621 5315 Λόγου
2645 5287 2658 5310 ,
2696 5248 2882 5315 σαφῶς
2905 5249 3332 5316 προδιαγρὰφων
3358 5265 3371 5278 °
3397 5249 3490 5301 καὶ
3515 5251 3654 5317 τάχα
3678 5253 3801 5303 κατ’
3832 5253 4009 5304 εἰκόνα

2290 5401 2519 5455 NCT/li.

858 5540 934 5605 (l)
974 5540 1269 5593 Gulielmus
1310 5541 1517 5592 Caveas
1557 5541 1607 5592 in
1631 5540 1768 5592 Hist.
1805 5543 1909 5593 litt.
1938 5547 2021 5594 tit.
2053 5542 2344 5604 Anastasii,

789 5613 860 5661 ita
890 5610 1078 5662 scribit
1105 5627 1116 5661 :
1141 5635 1156 5657 ι
1192 5609 1333 5661 Inter
1364 5610 1576 5662 codices
1601 5610 1963 5664 Baroccianos
1996 5612 2046 5663 in
2085 5612 2333 5663 bibliotli.

788 5678 1097 5742 Bodleiatta,
1121 5679 1239 5731 cod.
1278 5679 1395 5740 197,
1427 5678 1516 5730 fol.
1539 5680 1665 5741 9.65,
1700 5681 1926 5732 habetur
1947 5682 2139 5733 Sermo
2167 5686 2338 5732 Anas-

789 5749 909 5802 tasii
955 5749 1275 5817 patriarcha:
1322 5750 1642 5804 Antiocltcni
1685 5751 1814 5818 Περὶ
1853 5751 1940 5803 τοῦ
1993 5751 2109 5802 κατ’
2138 5751 2341 5811 εἰκόνα,

2459 5541 2506 5593 id
2529 5549 2629 5603 est,
2657 5550 2713 5592 ut
2739 5540 2996 5596 arbitror.
3018 5538 3093 5591 De
3118 5539 3208 5590 illo
3232 5556 3244 5589 :
3275 5538 3426 5600 Quod
3457 5539 3608 5590 homo
3631 5539 3702 5589 ad
3732 5538 4011 5605 imaginem

2454 5611 2544 5663 hci
2576 5611 2815 5662 conditus
2837 5612 2922 5661 sit.
2963 5610 3153 5675 Incipit
3193 5609 3355 5660 Ἀλλὰ
3402 5624 3464 5673 γε
3492 5607 3571 5658 δεῖ
3596 5608 3690 5658 ἐπὶ
3725 5609 3812 5675 τὸ,
3845 5620 3950 5660 etc.
3989 5625 4004 5654 ι

2457 5681 2628 5746 Ilujus
2663 5695 2794 5743 ergo
2818 5674 3114 5738 sermonis,
3156 5692 3248 5732 seu
3279 5676 3564 5745 Opusculi,
3595 5691 3695 5729 nos
3716 5674 4006 5747 Fragmen-

2455 5762 2564 5804 tum
2597 5765 2661 5804 ιιι
2693 5749 2950 5803 Vaticano
2981 5748 3168 5803 codice
3200 5763 3343 5803 nunc
3372 5747 3736 5815 divulgamus.
