4190 6438
219 420 356 481 1145

209 623 475 688 ὁμοίωσιν
506 618 562 670 δὲ
598 619 694 686 τῆς
723 617 815 669 τοῦ
857 619 1028 683 Λόγου
1058 615 1417 684 σαρκώσεως,
1457 614 1511 665 τὸ
1537 612 1788 664 σύνθετον

215 711 374 777 ἡμῶν
411 712 508 777 τῆς
538 708 717 776 ψυχῆς
751 709 843 760 καὶ
873 707 964 759 τοῦ
997 705 1269 774 σώματος.
1296 706 1514 758 Μᾶλλον
1540 705 1596 756 δὲ
1625 704 1786 758 πάλιν

213 805 302 853 ἐπ’
330 803 501 870 αὑτὴν
527 801 620 853 τοῦ
647 803 804 868 λόγου
847 801 946 868 τὴν
974 799 1146 868 ἀρχὴν
1174 799 1581 870 άναδράμωμεν
1606 814 1617 825 ·
1644 799 1784 848 ὲκεῖ-

214 892 308 940 θεν
345 889 537 957 ῶσπερ
575 889 635 940 ἐκ
680 906 823 949 τινος
867 888 1048 956 πηγῆς
1085 887 1303 956 πρῶτον
1335 885 1626 953 ζητοῦντες
1651 926 1663 948 ,
1705 885 1784 948 τὸ,

213 984 266 1031 τί
315 982 512 1050 δήποτε
566 983 641 1048 μὴ
683 981 804 1032 καθ’
834 981 1127 1048 ὁμοιότητα
1153 979 1258 1030 τῶν
1304 977 1507 1029 λοιπῶν
1532 976 1786 1042 λογικῶν,

215 1073 388 1138 ἦγουν
419 1071 526 1121 τῶν
551 1069 820 1136 ἀγγέλων,
856 1069 887 1136 ἢ
923 1068 1086 1120 πάλιν
1123 1068 1242 1118 κατ’
1279 1067 1502 1135 ἰσότητα
1537 1065 1646 1116 τῶν
1689 1068 1786 1134 ἐμ-

212 1162 404 1229 ψύχων
457 1161 611 1223 ζώων
663 1160 1038 1229 ὁμοιοτρόπως
1090 1158 1187 1220 τὰς
1228 1156 1645 1228 προπατορικὰς
1695 1157 1788 1207 καὶ

219 1251 527 1319 κορυφαίας
573 1250 730 1318 ἡμῶν
782 1251 810 1301 ὁ
861 1250 993 1310 Θεὸς
1041 1249 1404 1310 ὑποστάσεις,
1457 1247 1549 1298 τοῦ
1597 1247 1786 1315 Ἀδὰμ,

217 1343 394 1406 λέγω,
421 1343 515 1393 καὶ
541 1342 636 1410 τῆς
670 1341 833 1403 Εὔας,
879 1341 970 1392 καὶ
1005 1339 1100 1391 τοῦ
1134 1340 1485 1408 προελθόντος
1521 1337 1578 1400 ἐξ
1609 1337 1788 1391 αὑτῶν

215 1432 371 1491 υἱοῦ,
418 1433 754 1500 πεποίηκεν·
817 1431 960 1482 ἀλλὰ
999 1431 1086 1483 τὸν
1123 1430 1220 1499 μὲν
1282 1430 1452 1496 ’Λδάμ
1477 1468 1490 1490 ,
1525 1427 1788 1488 ἀναιτίως

216 1526 310 1573 καὶ
367 1524 679 1592 άγεννήτως
721 1522 996 1592 ὑπέστησε
1024 1538 1037 1550 ·
1074 1521 1167 1572 τὸν
1212 1521 1269 1572 δὲ
1316 1520 1566 1589 δεύτερον
1622 1517 1788 1571 αὑτοῦ

214 1617 544 1684 ἄνθρωπον,
577 1620 670 1669 τὸν
709 1619 847 1683 υἱὸν,
895 1617 1154 1685 γεννητόν
1177 1631 1188 1644 ·
1222 1616 1320 1686 τὴν
1359 1617 1418 1668 δὲ
1455 1615 1595 1667 Εῦαν
1616 1655 1630 1677 ,
1664 1613 1789 1666 οὔτε

215 1707 517 1774 γεννητῶς,
548 1707 670 1758 οὔτε
701 1707 860 1759 πάλιν
903 1708 1192 1769 ἀναιτίως,
1234 1707 1372 1757 ἀλλὰ
1410 1703 1632 1772 ληπτῶς
1667 1705 1788 1772 ἢτοι

212 1797 604 1866 ὲιιπορευτῶς,
655 1800 720 1850 ὲκ
777 1801 875 1867 τῆς
925 1799 1115 1860 οὐσίας
1159 1796 1254 1848 τοῦ
1306 1797 1556 1848 άναιτίου
1617 1795 1788 1863 Ἀδάμ

213 1889 545 1950 ἐξελθοῦσαν
587 1890 845 1958 ἀρρήτως
879 1889 1144 1940 οὑσίωσεν
1169 1903 1182 1915 ·
1225 1889 1320 1939 καὶ
1365 1889 1558 1956 μήπως
1585 1888 1692 1956 ἄρα
1728 1886 1783 1938 αἱ

213 1982 362 2048 τρεῖς
427 1976 587 2032 αὗται
637 1981 743 2031 τῶν
792 1979 1074 2048 προγόνων
1130 1978 1403 2044 κεφαλαὶ,
1452 1979 1632 2042 πάσης
1685 1977 1783 2042 τῆς

212 2070 642 2137 ἀνθρωπότητος
686 2070 962 2138 ὁμοούσιοι
1019 2070 1380 2131 ὑποστάσεις,
1425 2069 1544 2120 κατ’
1598 2067 1785 2118 εἰκόνα

211 2161 367 2221 τινὰ,
391 2160 466 2222 ὡς
506 2162 601 2214 καὶ
642 2161 888 2230 Μεθοδίῳ
920 2162 1096 2224 δοκεῖ,
1130 2159 1376 2221 τυπικῶς
1419 2160 1652 2226 γέγοναν
1685 2158 1785 2223 τῆς

212 2255 380 2317 ἁγίας
416 2255 512 2303 καὶ
540 2255 826 2321 όμοουσίου
862 2254 1092 2323 Τριάδος
1118 2270 1131 2282 ·
1152 2251 1248 2304 τοῦ
1286 2253 1385 2319 μὲν
1416 2251 1674 2303 άναιτίου·
1693 2254 1787 2304 καὶ

211 2345 522 2412 ἁγεννήτου
577 2344 769 2410 Ἀδὰμ,
812 2343 985 2396 τύπον
1031 2345 1124 2396 καὶ
1163 2343 1347 2394 εἰκόνα
1381 2343 1598 2410 ἔχοντος
1628 2383 1642 2405 ,
1691 2341 1784 2393 τοῦ

214 2433 466 2484 ἀναιτίου
520 2433 613 2484 καὶ
664 2434 882 2486 πάντων
929 2435 1102 2485 αἰτίου
1158 2433 1601 2501 παντοκράτορος
1649 2429 1785 2482 Θεοῦ

215 2526 309 2574 κλὶ
349 2524 594 2593 Πατρός·
635 2523 728 2576 τοῦ
783 2525 839 2576 δὲ
892 2523 1154 2590 γεννητοῦ
1192 2523 1356 2576 αὑτοῦ
1412 2523 1554 2585 υίοῦ,
1605 2523 1787 2574 εἰκόνα

216 2614 718 2682 προδιαγράιροντος
752 2615 844 2665 τοῦ
868 2613 1127 2682 γεννητοῦ
1164 2612 1293 2664 Υἰοῦ
1331 2613 1424 2664 καὶ
1455 2612 1633 2678 Λόγου
1683 2612 1782 2664 τοῦ

215 2705 389 2754 Θεοῦ·
437 2704 535 2770 τῆς
571 2704 625 2755 δὲ
660 2703 1003 2772 ἐκπορευτῆς
1039 2701 1181 2764 Εῦας
1204 2742 1218 2764 ,
1270 2703 1647 2771 σημαινούσης
1688 2705 1787 2772 τὴν

215 2795 313 2845 τοῦ
361 2795 521 2861 ἁγίου
567 2793 881 2862 Πνεύματος
935 2793 1278 2873 ἐκπορςυτὴν
1323 2795 1644 2846 ὑπόστασιν.
1695 2794 1789 2846 Διὸ

216 2886 341 2936 οὑδὲ
384 2885 718 2954 ἐνεφύσησεν
761 2885 895 2954 αὑτῇ
944 2884 973 2935 ὁ
1011 2884 1144 2946 Θεὸς
1175 2885 1342 2954 πνοὴν
1377 2884 1553 2952 ζωῆς,
1592 2885 1681 2938 διὰ
1728 2885 1790 2936 τὸ

216 2977 393 3026 τύπον
427 2975 599 3043 αὐτὴν
631 2972 769 3027 εἶναι
812 2974 911 3042 τῆς
944 2974 1039 3026 τοῦ
1082 2975 1237 3041 ἁγίου
1268 2975 1586 3044 Πνεύματος
1620 2976 1787 3045 πνοῆς

219 3069 316 3118 καὶ
381 3067 566 3136 ζωῆς·
630 3069 723 3120 καὶ
759 3067 848 3119 διὰ
910 3067 971 3118 τὸ
1026 3067 1245 3134 μέλλειν
1295 3069 1465 3137 αὐτὴν
1511 3069 1582 3121 δι’
1629 3070 1787 3137 ἁγίου

220 3160 543 3227 Πνεύματος
582 3159 838 3222 δέξασθαι
871 3159 1002 3210 Θεὸν
1024 3200 1037 3224 ,
1072 3160 1162 3211 τὸν
1205 3159 1372 3221 ὅντως
1407 3162 1535 3212 ὄντα
1569 3162 1787 3215 πάντων

219 3252 394 3319 πνοὴν
425 3252 518 3302 καὶ
548 3251 713 3319 ζωήν.
755 3250 916 3301 Ὅθεν
949 3251 1044 3302 καὶ
1087 3250 1235 3301 ἔστιν
1280 3251 1484 3302 ἰδέσθαι
1520 3253 1614 3304 καὶ
1655 3253 1786 3305 θαυ-

221 3338 420 3406 μάσαι,
454 3340 534 3390 ὅτι
568 3342 595 3391 ὁ
625 3340 724 3406 μὲν
749 3339 1044 3406 ἁγέννητος
1089 3339 1283 3407 Ἀδὰμ,
1305 3339 1465 3392 ἄλλον
1493 3343 1790 3410 ἀγέννητον

220 3430 252 3497 ἢ
287 3431 530 3481 ἀναίτιον
560 3431 616 3480 ὲν
648 3429 958 3497 ἀνθρώποις
991 3429 1090 3480 οὑκ
1133 3430 1294 3498 ἔσχεν
1323 3431 1507 3498 ὅμοιον
1537 3449 1548 3461 ’
1599 3432 1790 3502 ῶσπερ

220 3520 343 3571 οῦδὲ
382 3521 414 3588 ἡ
451 3519 760 3589 ὲκπορευτὴ
797 3518 942 3570 Εὑα·
1005 3519 1080 3581 ὼς
1114 3520 1275 3572 τύποι
1329 3520 1552 3590 ἀληθεῖς
1612 3525 1787 3592 ὑπαρ-

221 3627 414 3678 χοντες
454 3609 548 3660 τοῦ
577 3612 874 3679 ἀγεννήτου
911 3611 1146 3680 Πατρὸς,
1189 3613 1282 3663 καὶ
1310 3611 1403 3664 τοῦ
1433 3614 1590 3679 ἁγίου
1618 3616 1789 3666 Πνεύ-

224 3718 396 3770 ματος
417 3716 429 3729 ·
458 3702 486 3752 ό
513 3702 569 3753 δὲ
603 3703 859 3770 γεννητὸς
897 3702 1023 3764 Υἱὸς
1058 3702 1268 3764 πάντας
1296 3703 1634 3774 ἀνθρώπους,
1663 3723 1789 3772 γεν-

221 3793 424 3861 νητοὺς
457 3793 604 3854 υἱοὺς
636 3792 817 3854 (ιντας,
847 3793 1110 3861 ἀδελφοὺς
1142 3794 1343 3862 ὁμοίως
1377 3795 1533 3864 ἔσχεν
1564 3795 1642 3855 ὡς
1669 3796 1790 3848 κατ’

219 3885 414 3936 εἰκόνα
446 3886 539 3935 καὶ
569 3884 828 3950 ὁμοίωσιν
856 3885 1092 3951 τυπικὴν
1127 3887 1389 3954 ὑπάρχων
1420 3887 1660 3956 Χριστοῦ
1695 3888 1788 3940 τοῦ

220 3974 488 4042 γεννητοῦ
523 3972 684 4036 Υίοῦ,
720 3974 779 4036 ὃς
817 3975 1040 4041 ἐγένετο
1074 3976 1360 4044 ἄνθρωπος
1382 4017 1397 4039 ,
1442 3979 1789 4045 πρωτότοκος

219 4068 356 4117 ἄνευ
397 4067 605 4134 σπορᾶς
641 4066 697 4116 ὲν
728 4066 947 4128 πολλοῖς
974 4067 1244 4134 ἀδελφοῖς.
1283 4070 1344 4120 Εἰ
1391 4069 1447 4120 δὲ
1489 4070 1565 4138 μὴ
1612 4070 1788 4132 οὕτω,

224 4158 324 4208 καὶ
363 4155 506 4208 κατὰ
539 4156 699 4209 τοῦτο
727 4157 789 4208 τὸ
831 4158 953 4208 κατ’
989 4159 1177 4209 εἰκόνα
1206 4158 1402 4224 ταῦτα,
1443 4160 1495 4210 τί
1548 4161 1610 4229 δή
1660 4177 1790 4213 ποτε

225 4249 303 4317 μὴ
335 4249 622 4312 τέσσαρες,
655 4249 748 4299 δύο
772 4289 786 4310 ,
812 4248 844 4317 ἦ
879 4249 1122 4308 πλείονες
1150 4251 1474 4312 ὑποστάσεις
1511 4251 1619 4303 τῶν
1658 4269 1790 4321 προ-

223 4338 486 4407 πατόρων
512 4338 766 4405 γέγοναν,
786 4338 1254 4407 παρηλλαγμένας
1284 4339 1501 4409 ἔχουσαι
1530 4341 1626 4403 τὰς
1660 4341 1792 4392 ὑπο-

223 4429 493 4490 στατικάς
522 4429 700 4481 αὐτῶν
738 4429 1042 4497 ἰδιότητας,
1096 4430 1239 4498 λέγω
1285 4431 1350 4499 δὴ
1399 4430 1460 4481 τὸ
1497 4432 1793 4500 ἀγέννητον

1179 416 1260 473 ΙΝ
1303 415 1537 473 ILLUD
1580 426 1591 460 ε
1639 412 2045 472 SECUNDUM
2096 410 2496 469 lMAGlNEM.

217 531 317 594 μέν
346 530 464 578 ἐστι
494 527 676 594 γυμνὴ
711 526 742 594 ἡ
771 524 936 592 ψυχὴ,
967 523 1064 591 τῆς
1094 523 1309 592 γυμνῆς
1335 523 1586 590 θεότητος
1615 539 1625 550 ·
1662 522 1780 572 καθ’

1851 522 2009 579 ,cide
2069 522 2420 586 prtelignrans
2474 538 2485 569 ι

3316 412 3448 477 1146

2540 517 2716 570 forSau
2769 527 2946 570 autem
3001 522 3175 574 anima
3225 526 3447 576 seorsiin

1889 620 2100 677 sumpta
2150 622 2229 664 est
2280 611 2346 663 ad
2390 610 2679 676 imaginem
2715 624 2874 662 mera‘
2905 609 3242 676 Divinitatis,
3281 625 3449 668 totum

1891 717 2019 754 vero
2074 718 2137 754 ex
2190 702 2370 754 anima
2422 711 2604 753 nostra
2656 712 2710 755 et
2749 716 2978 770 corpore
3011 709 3340 764 coalescens.
3383 708 3450 760 ad

1888 791 2288 844 similitudinem
2322 789 2478 842 Verbi
2505 790 2667 843 divini
2698 793 3104 846 incarnationis.
3144 795 3246 845 Sed
3278 798 3453 862 potius

1891 883 1954 934 ad
2006 882 2271 936 sermonis
2320 881 2645 947 principimn
2697 893 3068 946 revertamur,
3123 886 3266 945 inde,
3299 890 3450 952 quasi

1891 987 1954 1022 ex
1987 969 2134 1023 futile
2161 970 2416 1037 quodam,
2447 973 2679 1035 primum
2707 971 3037 1038 inquirentes
3063 990 3228 1040 quare
3258 990 3361 1026 non
3387 978 3452 1026 ad

1891 1063 2296 1114 sinnlitndinem
2332 1071 2648 1113 czeterorum
2679 1064 3037 1129 spiritualium
3070 1066 3304 1129 cntium,
3360 1082 3453 1119 seu

1892 1153 2236 1221 angi-lorum,
2291 1153 2369 1204 vel
2404 1154 2565 1205 eiiam
2620 1156 2687 1204 ad
2743 1155 2912 1206 instar
2982 1156 3292 1209 animalium
3343 1160 3453 1226 pri—

1892 1245 2088 1296 marias
2139 1245 2400 1310 majorum
2462 1255 2753 1297 nostrorum
2810 1261 3071 1314 personas
3131 1250 3268 1303 lteus
3323 1250 3456 1302 fet-.e-

1893 1334 1994 1396 rit,
2044 1334 2232 1388 Adami
2300 1336 2421 1387 dico
2486 1335 2734 1402 Evmque,
2787 1346 2839 1389 et
2891 1337 2983 1389 ﬁlii
3033 1356 3097 1391 ex
3154 1341 3281 1406 ipsis
3329 1343 3454 1403 orti,

1890 1425 1984 1476 sed
2024 1426 2289 1476 Adamum
2322 1427 2542 1493 qnideut
2588 1428 2794 1492 alisque
2825 1441 3046 1494 parente
3079 1441 3123 1482 et
3160 1432 3455 1500 ingenitum

1891 1514 2219 1575 condiderit,
2253 1517 2542 1568 secundum
2573 1527 2751 1569 autem
2779 1519 2847 1571 ab
2869 1533 2932 1571 eo
2959 1521 3248 1585 hominem,
3278 1523 3327 1575 id
3354 1535 3455 1583 est,

1890 1606 2007 1672 ejus
2041 1605 2206 1656 lilium
2241 1607 2500 1673 genitum,
2538 1606 2702 1660 Evam
2732 1625 2858 1663 vero
2893 1628 3068 1678 neque
3091 1616 3324 1681 genitam
3362 1633 3450 1667 ne-

1890 1711 1992 1764 que
2026 1698 2338 1766 ingenitam,
2374 1699 2466 1751 sed
2499 1701 2854 1767 desumptive,
2891 1703 3005 1754 sive
3038 1720 3131 1770 per
3160 1708 3454 1770 processio-

1894 1788 1975 1839 nis
2027 1789 2283 1850 niodutu,
2351 1806 2414 1840 ex
2469 1789 2634 1854 ipsius
2689 1791 2908 1859 ingeniti
2957 1795 3148 1846 Adami
3203 1797 3454 1848 substan-

1817 1866 1859 1922 Β
1892 1880 1961 1931 tia
2003 1893 2276 1945 egressam
2331 1879 2676 1933 iuelTabiliter
2723 1884 2972 1948 tinxerit;
3031 1887 3154 1938 item
3188 1889 3459 1954 quomodo

1889 1967 1992 2019 illae
2045 1976 2152 2020 trcs
2211 1979 2487 2034 parentmu
2540 1979 2844 2023 nostrorum
2895 1990 3158 2039 persona},
3197 1977 3458 2028 universa:

1889 2061 2212 2114 humanitati
2268 2063 2796 2125 consubstantiales,
2857 2066 3032 2132 typiee
3069 2067 3133 2118 ad
3171 2067 3456 2133 imaginem

1886 2165 2084 2206 saneta:
2137 2163 2191 2205 et
2237 2153 2719 2206 consubstantiaiis
2761 2156 3084 2220 Trinitatis,
3147 2169 3204 2210 ut
3240 2161 3455 2212 Metho-

1887 2243 1977 2295 dio
2006 2243 2212 2309 placet,
2261 2243 2369 2294 sint
2395 2243 2600 2297 ellectae
2622 2284 2636 2306 ,
2686 2246 2891 2296 Adamo
2922 2247 3187 2313 siquidem
3221 2259 3277 2296 ut
3307 2248 3456 2314 inge--

1890 2335 2026 2396 nilo,
2060 2334 2283 2401 iugeniti
2316 2345 2368 2387 et
2401 2337 2774 2389 universorum
2804 2337 3069 2399 Factoris,
3094 2337 3268 2392 Patris
3290 2341 3460 2392 omni-

1890 2427 2144 2494 potentis,
2180 2437 2360 2496 typum
2401 2438 2456 2479 et
2490 2428 2775 2495 imaginem
2808 2428 3100 2492 ‘refernnt;
3142 2430 3250 2482 lilio
3279 2442 3456 2482 autem

1890 2516 2006 2581 ejus
2050 2517 2229 2583 genito
2257 2556 2271 2580 ,
2334 2517 2491 2570 Verbi
2533 2518 2729 2581 divini,
2769 2517 2885 2570 Filii
2923 2520 3118 2586 geniti,
3172 2523 3455 2589 imaginem

1892 2609 2302 2678 prmligurantc;
2359 2611 2680 2675 procedente
2705 2625 2832 2662 vero
2864 2611 2990 2671 Eva,
3025 2614 3198 2665 sancti
3229 2617 3458 2682 Spiritus

1892 2702 2268 2769 procedentem
2305 2717 2585 2768 personam
2623 2704 2995 2769 signiﬁcante,
3052 2707 3191 2757 ttnde
3223 2707 3456 2758 animant

1892 2792 2017 2845 vita:
2071 2792 2211 2844 Deus
2254 2792 2304 2843 in
2338 2807 2459 2843 eam
2495 2808 2598 2844 non
2633 2793 2953 2859 inspiravit,
3019 2804 3074 2845 ut
3122 2805 3275 2863 typus
3307 2797 3459 2851 lietet

1893 2883 2066 2935 sancti
2121 2883 2356 2948 Spiritus
2413 2882 2504 2950 qui
2554 2883 2734 2934 anima
2781 2893 2833 2934 et
2884 2886 2990 2938 vita
3038 2895 3158 2949 est,
3224 2897 3277 2941 et
3333 2906 3456 2954 qn.a

1894 2989 1988 3042 per
2036 2972 2294 3040 Spiritum
2343 2985 2585 3026 sanctum
2636 2984 2779 3028 esset
2816 2976 2979 3030 Deum
3011 2988 3314 3045 receptura,
3343 2996 3459 3033 om-

1895 3065 2042 3118 nimn
2093 3079 2218 3118 vere
2272 3066 2505 3118 animam
2555 3073 2608 3118 et
2653 3067 2838 3120 vitam.
2902 3068 2979 3122 Ex
3014 3085 3119 3137 quo
3169 3072 3345 3123 videre
3377 3084 3460 3125 est

1894 3167 1948 3208 et
1977 3157 2159 3208 mirari
2195 3157 2339 3223 quod
2374 3157 2644 3223 ingenitus
2672 3157 2910 3211 Adamus
2944 3161 3144 3213 nullum
3179 3162 3318 3215 inter
3343 3179 3459 3214 um-

1893 3261 1988 3299 nes
2016 3248 2261 3300 homines
2292 3248 2397 3301 sibi
2428 3248 2683 3314 similem,
2716 3265 2808 3302 seu
2838 3251 3153 3318 ingenitum,
3189 3252 3456 3313 habuerit,

1886 3355 2060 3406 neque
2090 3341 2386 3407 procedens
2419 3341 2548 3404 Eva,
2581 3356 2647 3394 eo
2677 3343 2818 3409 quod
2845 3353 3028 3396 essent
3059 3359 3181 3396 vere
3213 3348 3318 3414 Iypi
3354 3346 3454 3398 νει-

1888 3430 1988 3482 tris
2017 3430 2240 3499 iugeniti
2267 3440 2320 3483 et
2343 3430 2580 3500 Spiritus
2620 3435 2818 3493 sancti,
2853 3434 2993 3485 ﬁlius
3045 3445 3220 3487 autem
3246 3438 3457 3504 genitus

1886 3533 2075 3572 omnes
2111 3520 2359 3572 homines
2398 3520 2499 3572 sibi
2533 3522 2738 3574 similes
2762 3562 2776 3586 ,
2821 3533 2878 3574 ut
2916 3524 3159 3591 genitos,
3211 3527 3459 3579 habuerit

1887 3617 1942 3660 et
1982 3608 2210 3670 fratres,
2257 3611 2380 3676 quia
2424 3611 2488 3662 ad
2527 3611 2816 3678 imaginem
2849 3621 2901 3664 et
2931 3614 3335 3668 similitudinem
3372 3628 3454 3684 ty-

1891 3697 2065 3764 picam
2095 3705 2213 3750 erat
2235 3696 2461 3763 Christi,
2488 3698 2608 3750 Filii
2635 3700 2822 3765 geniti,
2849 3702 2937 3766 qui
2969 3702 3129 3754 homo
3156 3704 3328 3756 factus
3351 3717 3454 3765 est,

1889 3788 2274 3856 primogenitus
2308 3788 2424 3842 sine
2457 3789 2662 3843 semine
2697 3790 2747 3843 in
2779 3792 2961 3844 multis
2989 3791 3266 3847 fratribus.
3303 3796 3454 3859 Quod

1889 3879 1934 3932 si
1968 3879 2038 3930 ita
2075 3895 2179 3931 nou
2207 3890 2350 3932 esset
2376 3919 2391 3941 ,
2445 3895 2618 3947 neque
2655 3896 2719 3934 eo
2748 3897 2909 3934 sensu
2944 3887 3008 3935 ad
3042 3885 3327 3952 imaginem
3360 3888 3452 3939 Dei

1890 3971 2013 4024 facti
2043 3982 2222 4024 essent
2242 3982 2673 4039 protoparentes,
2693 3989 2789 4024 cur
2814 3990 2917 4026 non
2943 3988 3190 4041 quatuor,
3211 3988 3302 4029 aut
3325 3980 3451 4040 duo,

1887 4068 1979 4112 aut
2029 4060 2208 4126 plures
2253 4061 2470 4113 fuerunt
2515 4078 2796 4129 persona},
2874 4067 3185 4131 personales
3233 4067 3456 4134 singula:

1888 4160 1942 4204 et
1983 4151 2228 4204 diversas
2263 4150 2525 4204 habentes
2563 4152 2920 4219 pr0prietates
2944 4192 2959 4216 ,
3022 4155 3314 4222 ingenitum
3348 4158 3456 4208 sci-

1888 4238 2015 4291 licet
2046 4248 2099 4291 et
2130 4239 2370 4306 genitum
2399 4239 2493 4292 sed
2528 4243 2844 4307 procedens,
2867 4251 2918 4292 et
2950 4251 3056 4294 tres
3088 4245 3332 4298 tantum?
3367 4245 3458 4299 Sic

1890 4329 1940 4380 in
1975 4330 2076 4382 hoc
2112 4329 2178 4380 ad
2212 4330 2498 4398 imaginem
2544 4339 2599 4383 et
2640 4331 3048 4385 similitudinem
3080 4334 3242 4387 habet
3275 4336 3327 4388 in
3358 4339 3454 4388 tri-

1891 4423 1990 4475 bus
2016 4422 2260 4489 personis
2293 4423 2524 4490 typicam
2554 4422 2896 4488 Trinitatem,
2934 4426 2984 4476 in
3017 4428 3246 4480 unitate.

222 4519 403 4570 καὶτὸ
433 4519 714 4586 γεννητὸν,
743 4519 921 4570 καὶτὸ
955 4520 1310 4588 ὲκπορευτὺν,
1350 4520 1485 4572 ἀλλὰ
1536 4523 1689 4590 τρεῖς
1753 4519 1846 4572 καὶ
1888 4514 2098 4585 μόναςς
2143 4512 2350 4565 Οὐκοῦν
2399 4513 2541 4582 ἔχεις
2578 4515 2641 4566 τὸ
2689 4518 2806 4569 κατ’
2872 4517 3054 4570 εἰκόνα
3110 4518 3203 4570 καὶ
3259 4519 3458 4588 ὁμοίω-

225 4626 332 4668 σιν,
363 4605 602 4675 τυπικὴν
640 4605 842 4675 Τριάδα
875 4607 933 4658 ἐν
968 4607 1156 4673 μονάδι
1185 4648 1199 4672 ,
1233 4608 1291 4658 ὲν
1314 4609 1492 4675 τρισὶν
1539 4609 1918 4660 ὑποστάσεσιν.

306 4695 627 4748 Ἀκόλουθόν
653 4710 711 4745 σε
743 4693 933 4762 μαθεῖν
960 4694 1054 4745 καὶ
1087 4696 1289 4763 μονάδα
1317 4698 1376 4747 ὲν
1409 4697 1598 4764 Τριάδι
1625 4715 1638 4728 ·
1672 4699 1785 4759 πῶς

1851 4706 1861 4746 ι
1962 4691 2221 4759 Sequitur
2250 4703 2306 4744 ut
2336 4692 2511 4745 discas
2536 4703 2590 4747 et
2617 4695 2874 4748 unitatem
2905 4696 2956 4748 in
2983 4695 3247 4752 Trinitatc
3274 4718 3286 4754 :
3313 4704 3454 4769 quod

222 4789 280 4841 δὲ
332 4785 496 4839 τοῦτο
537 4785 717 4846 καλῶς
765 4783 1058 4850 διαγνῶναι
1088 4785 1290 4856 δυνήσῃ
1314 4824 1330 4849 ,
1370 4785 1602 4839 ἄκουσόν
1646 4805 1791 4846 τινος

221 4880 334 4932 τῶν
389 4878 571 4944 σοφῶν
634 4893 715 4927 σοι
775 4875 1188 4944 παραινοῦντος,
1243 4877 1338 4928 καὶ
1375 4876 1663 4942 λέγοντος·
1727 4879 1788 4929 Εἰ

225 4969 409 5037 βούλει
451 4965 653 5032 γνῶναι
692 4964 823 5016 Θεὸν
852 5004 865 5028 ,
899 4963 1189 5033 προλαϐὼν
1246 4964 1414 5031 γνῶθι
1464 4966 1677 5029 σαυτὸν,
1726 4967 1788 5016 ἐκ

223 5060 326 5128 τῆς
360 5056 563 5110 σαυτοῦ
583 5097 598 5121 ,
633 5057 791 5123 φησὶ,
823 5059 1190 5124 κατασκευῆς,
1221 5056 1285 5108 ὲκ
1312 5055 1411 5123 τῆς
1449 5057 1648 5109 σαυτοῦ
1673 5075 1792 5109 συν-

224 5155 466 5215 Θὲσεως,
520 5150 586 5202 ὲκ
629 5151 740 5202 τῶν
776 5150 928 5212 ἐντὸς
978 5149 1215 5203 ἑαυτοῦ·
1270 5149 1435 5202 εἴσιθι
1486 5151 1687 5211 ὑποδὺς
1736 5151 1792 5199 ἐν

225 5242 438 5312 σαυτῷ·
471 5240 761 5309 διάὸλεψον
790 5243 847 5292 ὲν
888 5241 1137 5310 ἐσόπτρῳ
1171 5240 1276 5293 τινὶ
1310 5242 1367 5292 ὲν
1395 5243 1462 5310 τῇ
1492 5240 1635 5310 ψυχῇ
1665 5240 1790 5291 ἐαυ-

223 5334 358 5388 τοῦ·
413 5333 692 5402 διάκρινον
730 5333 830 5399 τὴν
877 5331 1082 5400 ταύτης
1134 5331 1501 5400 κατασκευὴν,
1549 5333 1641 5382 καὶ
1687 5329 1791 5397 ὄψῃ

227 5423 436 5476 σαυτὸν
466 5423 589 5472 κατ’
618 5421 799 5472 εἰκόνα
828 5421 923 5472 καὶ
957 5420 1217 5488 ὁμοίωσιν
1250 5419 1384 5472 Θεοῦ
1430 5421 1787 5489 τυγχάνοντα.

239 5505 554 5581 ’Λνώνυμός
599 5528 690 5563 σου
733 5513 842 5580 γὰρ
890 5512 986 5564 καὶ
1019 5510 1314 5577 ἄγνωστος,
1348 5513 1442 5564 καὶ
1486 5510 1665 5578 νοερὰ,
1699 5511 1794 5560 καὶ

224 5604 500 5666 ἀθάνατος
530 5605 629 5670 τῆς
658 5601 834 5672 ψυχῆς
859 5604 890 5671 ἡ
926 5603 1082 5655 οὐσία
1113 5603 1235 5655 κατ’
1268 5602 1451 5653 εἰκόνα
1481 5603 1573 5654 καὶ
1598 5603 1794 5669 ὁμοίω-

228 5713 314 5746 σιν
341 5694 582 5763 τυπικὴν
615 5694 710 5745 τοῦ
740 5695 1027 5761 ἁνωνύμου
1057 5697 1151 5746 καὶ
1183 5694 1521 5762 ἁγνωρίστου
1553 5694 1646 5745 καὶ
1672 5694 1797 5745 ἀθα-

228 5788 392 5839 νάτου
425 5785 562 5840 Θεοῦ
590 5785 949 5852 καθέστηκεν·
988 5785 1107 5838 οὒτε
1140 5785 1244 5851 γὰρ
1274 5785 1431 5850 Θεοῦ,
1466 5786 1585 5838 οὗτε
1618 5785 1794 5852 φυγῆς

1896 4794 1955 4836 ιιι
1987 4785 2266 4852 perspicue
2295 4785 2560 4852 intelligas
2584 4824 2600 4848 ,
2656 4789 2776 4839 andi
2807 4788 3041 4855 aliquem
3069 4804 3099 4841 e
3122 4791 3454 4856 sapientibus

1899 4875 1990 4925 tibi
2023 4876 2285 4926 dicentem
2343 4889 2356 4924 :
2410 4876 2463 4926 Si
2502 4876 2578 4928 vis
2619 4876 2782 4929 Deum
2816 4894 3169 4946 cognoscere,
3224 4883 3453 4949 teipsnm

1897 4965 2043 5030 prius
2070 4980 2253 5027 nosce,
2285 4966 2384 5018 hoc
2410 4975 2492 5018 est
2525 4981 2588 5018 ex
2623 4976 2710 5018 tua
2735 4968 2989 5032 essentia,
3020 4984 3084 5022 ex
3117 4979 3203 5023 tUa
3236 4988 3454 5041 compu-

1889 5055 2104 5118 sitione,
2144 5069 2208 5108 ex
2246 5057 2348 5109 tuis
2379 5057 2754 5120 interioribus;
2810 5057 2860 5110 in
2895 5061 3124 5125 teipsum
3154 5063 3451 5128 descende;

1890 5146 1944 5196 in
2006 5149 2243 5198 animam
2303 5157 2447 5198 tuam
2530 5148 2674 5199 velut
2745 5149 2798 5200 in
2857 5152 3121 5216 quoddam
3175 5155 3451 5220 Speculum

1889 5237 2076 5288 oculos
2104 5239 2240 5302 lige;
2281 5238 2396 5304 ejus
2427 5237 2678 5291 discerne
2708 5239 3022 5303 essentiam,
3055 5250 3110 5294 et
3140 5249 3193 5295 te
3223 5245 3286 5295 ad
3318 5245 3453 5296 ima-

1890 5326 2066 5391 ginem
2094 5327 2569 5381 etsimilitndinein
2609 5330 2699 5381 Dei
2733 5340 2971 5383 creatum
3008 5333 3210 5386 videbis
3245 5352 3258 5387 :
3297 5336 3448 5385 imm-

1891 5418 2118 5481 minata,
2175 5418 2385 5486 ignota,
2436 5420 2734 5486 spiritualis
2783 5422 3210 5489 inunortalisque
3261 5427 3453 5478 animm

1892 5515 1992 5560 tua:
2018 5510 2315 5561 substantia
2343 5520 2422 5564 est
2450 5513 2514 5562 ad
2547 5511 2833 5577 imaginem
2863 5522 2914 5565 et
2939 5514 3344 5568 similitudinem
3370 5530 3421 5587 ty

1891 5603 2062 5669 piram
2091 5603 2433 5666 inimniinati,
2463 5603 2873 5670 inintelligibilis
2899 5617 2951 5657 et
2981 5606 3301 5662 immortalis
3328 5609 3416 5662 liei

1896 5707 2068 5758 neque
2102 5695 2244 5745 enim
2287 5695 2373 5747 Dei
2433 5710 2603 5761 neque
2643 5696 2938 5761 spiritualis
2974 5700 3167 5753 anima:
3203 5712 3448 5753 naturam

1896 5786 2044 5838 novit
2092 5801 2323 5853 unquam
2382 5787 2538 5838 homo
2592 5790 2642 5840 in
2688 5791 2782 5842 hor
2831 5789 3023 5844 surculo
3054 5791 3286 5858 degens;
3334 5808 3451 5860 qua.
