4190 6438
741 365 870 427 illi?

1928 367 1986 423 S.
2032 367 2420 424 ANASTASII
2459 369 2778 427 SINAITJS

3847 374 3980 433 ΗΝ

736 490 932 541 corpus
964 492 989 520 ι·
1021 481 1252 539 quatuor
1277 473 1561 527 elementis
1587 484 1842 528 constans
1876 475 2114 528 vivilicat
2135 519 2147 539 ,
2192 475 2303 528 col-

2418 476 2628 543 ιογικῆς
2650 478 2841 527 οὐσίαν
2886 478 3024 542 ἔγνω
3051 478 3161 530 τῶν
3191 479 3248 528 ἐν
3276 478 3428 530 αἰῶνι
3466 496 3546 539 τις
3598 483 3983 548 γεγενημένων

739 567 855 631 ligit
906 576 959 617 et
1001 576 1319 625 conservat,
1395 567 1570 617 anima
1625 575 1708 619 est
1756 568 1820 617 ad
1875 567 2161 634 imaginem
2213 567 2304 618 Dei

741 658 1004 706 universae
1037 655 1366 720 providentis
1398 666 1660 707 creatura.-
1696 657 1834 707 iul'ra
1865 666 1920 707 et
1948 672 2106 721 snpra
2139 673 2150 707 :
2178 670 2311 723 qna-

741 754 963 812 propter
996 745 1268 796 nescimus
1304 746 1389 795 ubi
1427 744 1566 797 Dens
1596 748 1817 808 habitet,
1846 747 1936 797 sed
1965 757 2168 797 tantum
2193 760 2311 797 cre-

742 840 920 887 dimus
955 851 1077 887 enin
1111 837 1162 887 in
1193 838 1445 887 omnibus
1470 852 1624 899 esse;
1681 852 1851 903 neque
1882 838 2082 902 pariter
2110 837 2310 889 scimus

743 929 830 977 ubi
868 929 1070 979 habitet
1104 929 1281 978 anima
1319 929 1368 978 io
1397 944 1644 994 corpore,
1699 929 1948 980 novimus
1977 937 2153 980 autem
2189 936 2308 978 tan-

747 1029 859 1070 llllll
894 1034 1010 1072 eam
1049 1019 1099 1070 in
1132 1034 1195 1071 eo
1221 1035 1339 1071 esse
1369 1030 1422 1070 et
1451 1036 1626 1083 agere.

2408 567 2745 625 dvUpdmow'
2781 568 3042 630 ζωοποιὸς
3073 572 3165 621 καὶ
3191 572 3488 639 συστατικὴ
3523 571 3614 621 καὶ
3645 571 3985 640 προνοητικὴ

2406 659 2437 724 ἡ
2495 658 2642 727 ψυχὴ
2693 661 2927 727 ὑπάρχει
2962 665 3062 728 τῆς
3118 662 3505 730 τετραστοίχου
3569 661 3663 712 τοῦ
3730 661 3985 727 σώματος

2406 748 2640 814 φύσεως,
2680 752 2799 802 κατ’
2832 753 3014 802 εἰκόνα
3042 752 3177 803 θεοῦ
3210 752 3301 803 τοῦ
3339 753 3638 820 προνοητοῦ
3673 753 3857 818 πάσης
3891 750 3988 816 τῆς

2404 843 2815 908 τετραπεράτου
2869 845 2961 895 καὶ
3015 843 3115 911 τῆς
3163 845 3276 896 ἀνω
3317 848 3563 906 κτίσεως.
3614 845 3816 910 Διόπερ
3863 840 3984 891 οὒτε

2405 931 2497 981 τὸν
2535 931 2628 982 τοῦ
2656 931 2794 983 θεοῦ
2840 937 3005 984 τόπον
3050 933 3176 985 ἔνθα
3208 937 3474 995 κατοικεῖ,
3520 935 3655 985 άλλά
3693 934 3858 1000 μόνον
3901 947 3986 980 πι-

2413 1023 2700 1093 στεύομεν,
2726 1025 2806 1076 ὅτι
2828 1027 2884 1077 ὲν
2909 1027 3070 1077 παντί
3099 1029 3266 1078 ἐστιν·
3296 1026 3418 1078 οὒτε
3447 1028 3553 1095 μὴν
3576 1027 3666 1076 τὸν
3699 1027 3866 1076 τόπον
3891 1023 3989 1088 τῆς

743 1111 920 1176 ψυχῆς
951 1110 1174 1178 οἴδαμεν
1212 1109 1340 1161 ἔνθα
1369 1112 1510 1161 οἰκεῖ
1547 1112 1603 1162 ἐν
1634 1111 1710 1178 τῷ
1747 1110 1958 1179 σώματι
1993 1127 2006 1140 ·
2039 1107 2175 1160 ἀλλὰ
2237 1107 2401 1174 μόνον
2463 1116 2827 1185 ἐπιστάμεθα,
2864 1118 2944 1169 ὅτι
2973 1119 3030 1168 έν
3055 1117 3132 1186 τῷ
3200 1119 3452 1188 παναγίῳ
3516 1119 3729 1185 σώματι
3760 1129 3880 1167 εστι
3899 1118 3991 1167 καὶ

746 1219 828 1252 ενε
841 1219 980 1254 οτέι.

825 1299 1003 1346 Mlero
1054 1295 1218 1346 etiam
1267 1297 1424 1347 modo
1479 1298 1655 1347 anima
1694 1307 1783 1348 tua
1824 1307 1906 1349 est
1932 1300 1996 1350 ad
2025 1301 2312 1368 imaginem

755 1389 842 1437 hei
863 1425 875 1447 ,
912 1387 1178 1452 siquidem
1213 1388 1440 1439 diversa:
1466 1399 1542 1438 est
1570 1399 1772 1439 naturte
1804 1405 1866 1440 ac
1895 1392 2064 1440 omni.c
2100 1403 2315 1444 creatu-

753 1495 805 1528 ra
834 1495 847 1539 ;
909 1477 1050 1544 quod
1087 1492 1216 1527 vero
1253 1477 1552 1529 mirabilius
1585 1488 1697 1541 est,
1757 1495 1929 1544 neque
1961 1491 2132 1544 potest
2164 1498 2316 1535 tuens

752 1571 984 1620 humana
1022 1569 1109 1620 Ι)ρὶ
1140 1570 1832 1634 exsistentimprobationes
1855 1578 2118 1634 CVerteri',
2146 1587 2316 1638 neque

752 1661 922 1724 magis
953 1660 1143 1710 anima.-
1171 1670 1389 1723 nostrae,
1419 1676 1636 1726 quoquo
1667 1662 1822 1713 modo
1851 1662 1917 1713 ad
1940 1663 2310 1714 exsistentiain

753 1752 978 1802 Venerit.

752 1842 999 1908 imaginis
1031 1852 1083 1893 et
1116 1841 1484 1893 similitudinis
1521 1843 1768 1903 modum,
1828 1843 1893 1893 ad
1925 1845 2310 1894 ostendendum

751 1934 803 1987 in
837 1935 1038 1998 anima,
1072 1935 1216 2000 quod
1248 1950 1432 1986 sumus
1463 1933 1714 1999 polliciti,
1763 1934 2020 1986 unitatem
2053 1934 2314 1986 Divinita-

753 2024 823 2076 tis
859 2023 910 2074 in
941 2023 1209 2076 Trinitate
1266 2042 1278 2076 :
1336 2023 1679 2073 manifestum
1711 2033 1793 2074 est
1822 2032 2000 2074 autem
2044 2024 2140 2075 tria
2171 2039 2312 2086 esse,

753 2117 990 2166 animam
1021 2115 1245 2175 scilicet,
1279 2115 1558 2180 spirilnale
1585 2115 1699 2178 ejus
1723 2117 1945 2166 verbum
1979 2125 2030 2167 et
2058 2125 2313 2179 tuentem,

752 2221 913 2272 quam
947 2206 1196 2273 spirittnn
1228 2215 1384 2255 vocat
1407 2205 1714 2271 Apostolus,
1744 2220 1864 2256 eum
1889 2207 2139 2257 admonet
2167 2215 2223 2256 ut
2246 2207 2316 2257 si-

754 2313 874 2348 mus
899 2297 1068 2349 sancti
1105 2297 1278 2347 anima
1307 2305 1357 2346 et
1384 2311 1607 2361 corpore
1635 2305 1687 2346 et
1714 2296 1958 2361 spiritu'.
1980 2295 2149 2348 l'orro
2171 2295 2317 2360 inge-

753 2389 863 2441 nita
892 2397 974 2440 est
1005 2388 1182 2438 anima
1216 2397 1397 2437 nostra
1453 2387 1501 2436 in
1545 2395 1724 2453 typum
1761 2385 1981 2449 ingeniti
2016 2386 2106 2437 Dei
2137 2394 2191 2437 ct
2217 2386 2316 2437 I'a-

755 2481 888 2540 tris;
929 2496 1032 2530 non
1066 2489 1243 2530 autem
1282 2478 1574 2543 ingenitum
1612 2477 1726 2542 ejus
1756 2477 2038 2542 spirituale
2071 2477 2316 2539 verbum,

755 2573 847 2623 sed
899 2571 966 2621 ab
996 2585 1056 2620 ea
1091 2570 1330 2636 genitum
1377 2566 1753 2629 ineﬂ'abiliter,
1813 2569 2180 2628 invisibiliter,
2235 2569 2318 2618 iti-

754 2661 1171 2721 enarrabiliter,
1221 2663 1338 2711 sine
1388 2659 1606 2721 labore,
1657 2659 1706 2711 in
1747 2669 1925 2732 typum
1962 2660 2125 2726 geniti
2159 2658 2317 2725 Filii;

757 2767 907 2801 ini-ns
936 2766 1062 2800 vero
1097 2766 1267 2815 neque
1300 2749 1557 2816 ingenita,
1607 2763 1778 2814 neque
1807 2750 1985 2816 genita
2007 2787 2021 2810 ,
2070 2750 2161 2800 sed
2193 2765 2322 2817 pro-

755 2845 973 2902 cedens,
1005 2842 1181 2891 omnia
1211 2841 1544 2904 discurrens,
1578 2840 1754 2890 omnia
1786 2850 2053 2902 serutans,
2083 2841 2324 2894 invisibi-

757 2934 878 2985 liter
930 2933 1318 2994 eonsideraus,
1379 2931 1443 2982 ad
1497 2931 1788 2997 imaginem
1827 2941 1881 2983 et
1917 2931 2322 2984 similitudinem

755 3024 1078 3078 Sanctissimi
1115 3033 1169 3076 et
1203 3023 1542 3090 procedentis
1573 3021 1840 3090 Spiritus,
1895 3025 1960 3074 de
1991 3038 2097 3089 quo
2128 3024 2326 3076 dicitur

2487 1298 2641 1366 Ἔχει
2694 1315 2785 1350 σου
2835 1299 2926 1351 καὶ
2965 1298 3154 1366 ἕτερον
3190 1300 3310 1351 κατ’
3347 1300 3530 1351 εἰκόνα
3567 1299 3702 1351 Θεοῦ
3734 1301 3766 1368 ἡ
3798 1301 3948 1370 ψυχή
3973 1317 3987 1331 ·

2412 1387 2554 1454 λέγω
2580 1389 2643 1458 δὴ
2669 1390 2728 1440 τὸ
2765 1389 3103 1457 έτεροούσιον
3137 1391 3303 1458 αὐτὴν
3341 1387 3481 1442 εἶναι
3537 1393 3718 1459 πάσης
3759 1391 3992 1456 κτιστῆς

2413 1481 2661 1546 φύσεως·
2697 1481 2757 1530 τὸ
2798 1480 2852 1530 δὲ
2896 1483 3109 1532 πάντων
3146 1481 3582 1550 παραδοξότερον
3625 1483 3720 1533 τοῦ
3772 1485 3828 1534 ἐν
3863 1485 3992 1551 ἡμῖν

2412 1571 2533 1621 κατ’
2568 1573 2784 1630 εἰκόνα,
2835 1572 3008 1621 ἐκεῖνό
3069 1574 3242 1632 ἐστιν,
3276 1573 3356 1624 ὅτι
3404 1572 3526 1623 οὔτε
3561 1571 3662 1639 τῆς
3712 1573 3811 1624 τοῦ
3856 1572 3989 1625 θεοῦ

2416 1660 2706 1724 ὑπάρξεως
2740 1661 2865 1722 τοῦς
2899 1660 3091 1726 λόγους
3121 1701 3133 1722 ,
3169 1661 3508 1729 ἀνθρώπινος
3553 1662 3676 1724 νοῦς
3715 1664 3990 1714 κατασϐέ-

1049 1751 1150 1801 Sed
1173 1789 1187 1811 ,
1241 1766 1336 1815 age
1360 1787 1374 1810 ,
1429 1750 1708 1802 veniamus
1738 1766 1877 1804 nunc
1912 1753 1975 1803 ad
2006 1768 2311 1818 supremum

2418 1768 2506 1802 σαι
2551 1752 2772 1802 δύναται
2801 1791 2815 1812 ,
2849 1751 2972 1801 οὗτε
3005 1751 3103 1818 τῆς
3139 1751 3377 1820 ψυχικῆς
3415 1754 3574 1820 ἡμῶν
3615 1755 3806 1816 οὐσίας
3828 1796 3844 1819 ,
3879 1756 3991 1816 πῶς

3850 1844 3992 1895 ’Λλλ’

2414 1930 2511 1996 ἄγε
2541 1929 2604 1998 δὴ
2639 1931 2728 1979 ἐπ’
2757 1930 2888 1980 αὐτὸ
2928 1930 2989 1980 τὸ
3034 1931 3369 1998 κυριώτατον
3398 1933 3492 1984 τοῦ
3527 1933 3646 1984 κατ’
3674 1934 3866 1985 εἰκόνα
3905 1938 3991 1986 καὶ

2415 2022 2675 2088 ὁμοίωσιν
2706 2021 2973 2089 ἔλθωμεν,
3009 2023 3160 2082 ὅπως
3189 2025 3329 2074 κατά
3379 2026 3478 2085 τάς
3507 2026 3831 2093 ὑποσχέσεις
3880 2027 3989 2077 δεί-

2416 2113 2596 2178 ξωμεν
2627 2112 2686 2162 τὸ
2734 2113 3023 2176 μοναδικῖν
3063 2113 3160 2181 τῆς
3192 2115 3248 2164 ὲν
3285 2114 3476 2182 Τριάδι
3509 2115 3762 2183 θεότητος
3793 2133 3806 2144 ·
3847 2119 3994 2168 ποῖον

2415 2201 2472 2253 δέ
2504 2204 2620 2252 ἐστι
2649 2201 2806 2252 τοῦτο
2839 2243 2853 2265 ,
2895 2201 3117 2269 εῦδηλον
3151 2203 3233 2253 ὅτι
3265 2203 3298 2270 ἠ
3340 2204 3584 2272 ἡμετέρα
3629 2205 3794 2257 πάλιν
3823 2205 3992 2274 ψυχὴ,

2417 2292 2512 2342 καὶ
2550 2290 2580 2339 ὁ
2614 2291 2818 2359 ταύτης
2867 2294 3054 2360 νοερὸς
3104 2292 3258 2358 λόγος
3289 2333 3302 2356 ,
3339 2294 3431 2345 καὶ
3461 2295 3490 2345 ὁ
3524 2294 3648 2356 νοῦς
3676 2311 3688 2325 ·
3750 2296 3938 2347 ὅντινα
3967 2299 3995 2349 ὀ

2429 2383 2750 2445 ’Λπόττολος
2789 2383 3006 2451 πνεῦμα
3045 2385 3509 2454 προσηγόρευσεν,
3540 2387 3628 2438 ὅτε
3674 2387 3992 2440 διακελεὺεο

2415 2492 2508 2527 ται
2535 2477 2726 2542 ἁγίους
2758 2477 2906 2544 ἡμᾶς
2949 2470 3086 2526 εἶναι
3120 2479 3185 2544 τῇ
3223 2477 3369 2546 ψυχῇ
3416 2479 3511 2529 καὶ
3537 2477 3615 2546 τῷ
3654 2479 3876 2545 σώματι
3906 2482 3996 2531 καὶ

2420 2568 2495 2636 τῷ
2540 2568 2832 2634 πνεύματι.
2892 2567 3212 2635 ’Λγέννητος
3251 2568 3349 2636 μὲν
3388 2569 3497 2636 γάρ
3543 2568 3709 2620 πάλιν
3761 2571 3916 2621 ἐστὶν
3965 2573 3994 2637 ἡ

2419 2659 2564 2728 ψυχὴ
2615 2661 2708 2711 καὶ
2746 2659 2984 2720 ἀναίτιος
3038 2660 3119 2721 εἰς
3179 2663 3351 2712 τύπον
3405 2660 3501 2712 τοῦ
3555 2663 3854 2729 ἀγεννήτου
3904 2661 3995 2713 καὶ

2421 2751 2667 2804 ἁναιτίου
2716 2750 2854 2802 θεοῦ
2907 2751 3000 2801 καὶ
3052 2752 3298 2820 Πατρός·
3356 2751 3456 2803 οῦκ
3507 2752 3806 2819 ἀγέννητος
3861 2752 3916 2804 δὲ
3969 2754 3997 2804 ό

2423 2841 2606 2910 νοερὺς
2649 2841 2820 2908 αὐτῆς
2855 2840 3033 2906 λόγος,
3069 2839 3184 2891 ἀλλ’
3220 2840 3279 2903 ἐξ
3308 2843 3479 2909 αὐτῆς
3513 2842 3858 2909 γεννώμενος
3893 2842 3992 2912 ἀῤ-

2426 2933 2603 3000 ρἠως
2637 2931 2732 2982 καὶ
2763 2931 3034 2999 ἀοράτως,
3065 2931 3488 3000 ἀνερμηνεύτως
3510 2933 3605 2984 καὶ
3633 2933 3888 2994 ἀπαθῶς,
3919 2933 3995 2994 εἰς

2423 3023 2594 3075 τύπον
2621 3022 2715 3074 τοῦ
2747 3023 3008 3090 γεννητοῦ
3040 3022 3169 3074 Υἰοῦ
3199 3039 3211 3052 ·
3249 3024 3278 3073 ό
3307 3023 3363 3074 δὲ
3423 3023 3546 3083 νοῦς
3597 3023 3716 3074 οὐδὲ
3751 3025 3994 3084 ἀναίτιός

2417 1842 2496 1899 εἰς
2561 1839 2795 1907 ὓπαρξιν
2851 1840 3062 1905 πέφυκέ
3127 1857 3186 1891 τε
3253 1844 3344 1892 και
3390 1843 3777 1910 παραγίνεται.

756 3118 896 3183 quod
929 3116 1110 3168 omnia
1144 3124 1418 3167 scrutatur
1443 3154 1460 3179 ,
1511 3114 1673 3166 etiam
1707 3113 1966 3182 profunda
1998 3114 2145 3166 Dei’.
2205 3115 2323 3166 Non

2426 3117 2596 3178 ἐστιν,
2643 3113 2768 3164 οὐδὲ
2800 3112 3056 3180 γεννητὸς
3077 3150 3091 3173 ,
3120 3111 3232 3163 ἀλλ’
3265 3112 3596 3178 ἐκπορευτὸς
3623 3151 3637 3175 ,
3668 3114 3846 3181 πάντη
3882 3113 3996 3164 δια-

755 3217 839 3262 est
871 3210 1167 3275 procedens
1193 3206 1374 3259 anima
1408 3206 1706 3273 usquedum
1735 3218 1820 3258 est
1849 3207 1900 3258 in
1925 3220 2174 3272 corpore,
2204 3206 2328 3258 alio-

756 3301 917 3366 quin,
967 3299 1009 3352 si
1046 3299 1382 3366 procederet,
1421 3297 1472 3349 in
1505 3305 1780 3349 momento
1804 3313 2166 3360 morerentur;
2219 3314 2325 3350 non

755 3404 838 3445 est
883 3392 1178 3456 ingenitmn
1229 3390 1452 3440 verbum
1500 3401 1782 3451 nostrum,
1844 3389 2078 3455 alioquin
2127 3389 2326 3455 stupidi

758 3493 808 3535 et
862 3481 1001 3533 bruti
1047 3495 1329 3544 essemus;
1389 3481 1531 3546 quod
1565 3487 1743 3532 autem
1777 3487 1859 3530 est
1898 3493 2059 3546 quam
2094 3481 2329 3531 maxime

761 3570 1026 3631 mirabile,
1051 3569 1286 3620 animam
1311 3568 1527 3634 quidem
1553 3567 1854 3634 simplicem
1877 3566 2159 3630 habemus,
2179 3585 2328 3621 men-

761 3674 866 3715 tem
909 3675 1123 3729 quoque
1173 3675 1334 3712 unam
1383 3667 1438 3713 et
1484 3659 1892 3716 inconcretam.
1948 3660 2168 3712 verbum
2201 3674 2329 3712 vero

765 3755 984 3820 tlnplrx.
1025 3751 1292 3818 duplicem
1325 3750 1530 3802 habens
1556 3750 1985 3817 generationem,
2012 3750 2140 3803 licet
2164 3767 2327 3804 unmn

761 3857 816 3896 et
873 3844 1160 3896 indivisum
1217 3851 1432 3895 maneat
1495 3860 1508 3894 :
1572 3851 1863 3908 generatur
1908 3842 2052 3895 enim
2109 3843 2328 3897 verbum

763 3937 815 3988 in
867 3937 1066 3996 corde,
1131 3932 1661 4000 incomprehensibili
1712 3942 1763 3985 et
1811 3934 2122 4000 incorporea
2165 3949 2328 4001 gene-

765 4027 995 4087 ratione,
1043 4026 1185 4076 intus
1216 4036 1431 4089 quoque
1461 4032 1641 4074 manet
1668 4022 1975 4085 invisibile;
2030 4024 2204 4075 denuo
2234 4037 2329 4075 au-

764 4128 873 4168 tem
923 4115 1277 4182 corporaliter
1329 4127 1422 4180 per
1468 4111 1607 4165 labia
1650 4123 1936 4180 generatur
1986 4123 2040 4166 et
2080 4115 2330 4166 omnibus

765 4207 1110 4259 manifestum
1166 4206 1262 4268 lit;
1338 4218 1435 4255 nec
1486 4213 1664 4255 tamen
1723 4217 1752 4253 a
1804 4213 2099 4270 generante
2151 4205 2328 4255 anima

767 4297 1005 4361 recedit,
1075 4304 1131 4347 ut
1189 4310 1253 4347 ex
1297 4293 1496 4361 duplici
1543 4293 1690 4344 verbi
1736 4293 1906 4345 nostri
1951 4297 2324 4361 generatione,

2425 3204 2660 3274 τρέχων,
2715 3203 2807 3255 καὶ
2858 3203 2927 3254 τά
2972 3202 3151 3253 πάντα
3202 3202 3552 3254 διασκοπῶν·
3609 3205 3702 3255 καὶ
3747 3205 3998 3272 ἀοράτως

2425 3295 2724 3363 ψηλαφῶν,
2753 3295 2876 3346 κατ’
2916 3295 3101 3346 εἰκόνα
3149 3295 3243 3345 καὶ
3273 3295 3532 3361 ὁμοίωσιν
3577 3294 3672 3346 τοῦ
3722 3297 3998 3361 παναγίου

2428 3388 2523 3437 καὶ
2552 3385 2885 3454 ἑκπορευτοῦ
2925 3385 3267 3454 Πνεύματος.
3297 3386 3430 3454 Περὶ
3459 3378 3519 3437 οὗ
3549 3387 3786 3454 εἴρηται,
3821 3387 3906 3439 ὅτι
3936 3386 3998 3439 τὸ

2429 3474 2656 3543 Πνεῦμα
2702 3474 2883 3526 πάντα
2929 3476 3122 3544 ἐρευνᾷ
3151 3476 3244 3526 καὶ
3288 3475 3356 3526 τὰ
3392 3473 3531 3543 βάθη
3563 3475 3657 3527 τοῦ
3691 3475 3851 3528 Θεοῦ.
3884 3477 3999 3530 Οὐκ

2428 3567 2576 3619 ἔστιν
2608 3569 2917 3636 ἐκπορευτὴ
2950 3568 2983 3636 ἡ
3021 3567 3195 3635 ψυχὴ,
3239 3567 3346 3627 ἕως
3386 3561 3447 3620 οῦ
3483 3568 3632 3619 ἐστιν
3664 3568 3723 3620 ἐν
3769 3567 3850 3636 τῷ
3897 3567 4001 3621 σώ-

2431 3673 2601 3728 ματι·
2658 3658 2784 3709 ἐπεὶ
2829 3659 2877 3710 εἰ
2913 3657 3225 3727 ἐκπορευτὴ
3272 3652 3361 3725 ἦν,
3419 3657 3527 3726 ἄρα
3566 3657 3633 3710 ἂν
3689 3657 3817 3710 καθ’
3852 3658 4000 3729 ὥραν

2430 3749 2866 3818 άπεθνήσκομεν.
2895 3749 3008 3801 Οὐκ
3043 3750 3190 3802 ἔστιν
3218 3749 3513 3816 ἀγέννητος
3551 3751 3579 3800 ό
3610 3748 3767 3815 λόγος
3799 3751 3962 3820 ἡμῶν
3984 3789 3998 3809 ,

2429 3841 2552 3892 ἐπεὶ
2589 3839 2776 3906 ἀλογοί
2811 3856 2957 3902 τινες
2994 3840 3088 3891 καὶ
3119 3838 3414 3908 κτηνώδεις
3457 3838 3784 3907 ὑπήρχομεν
3809 3855 3823 3868 ·
3854 3840 3915 3891 τδ
3945 3839 4000 3892 δὲ

2429 3929 2861 3998 παραδοξότερον
2891 3927 3000 3980 τῶν
3030 3928 3348 3996 παραδόξων
3368 3926 3596 3991 τούτων,
3620 3927 3800 3978 ἐκεῖνό
3829 3931 3999 3989 ἐστιν,

2429 4023 2510 4073 ὅτι
2540 4023 2719 4090 ψυχὴν
2753 4022 2853 4089 μὲν
2886 4020 3068 4086 ἁπλῆν
3111 4035 3232 4070 τινα
3265 4019 3482 4086 ἔχομεν,
3517 4017 3720 4086 ὁμοίως
3752 4020 3850 4070 καὶ
3879 4017 4000 4070 νοῦν

2433 4112 2717 4181 μοναδικὸν
2759 4112 2852 4163 καὶ
2881 4110 3194 4173 ἀσύνθετον,
3245 4109 3403 4176 λόγον
3440 4110 3496 4160 δὲ
3526 4108 3769 4169 διπλοῦν,
3805 4109 4000 4176 διπλῆν

2430 4205 2619 4272 ἔχοντα
2646 4204 2705 4256 τὸ
2735 4203 2866 4254 αὐτὸ
2889 4201 2986 4270 τὴν
3011 4201 3286 4270 γέννησιν,
3317 4201 3410 4251 καὶ
3435 4200 3532 4251 ἕνα
3567 4200 3659 4251 καὶ
3687 4200 3990 4268 ἀμέριστον

2432 4297 2854 4364 φυλαττόμενον.
2890 4294 3153 4347 Γεννᾶται
3202 4295 3310 4362 γάρ
3332 4295 3359 4345 ὁ
3392 4293 3548 4359 λόγος
3587 4295 3646 4345 ὲν
3677 4297 3745 4364 τῇ
3776 4295 4001 4364 καρδία,

766 4404 863 4455 pro
891 4386 1120 4454 quadam
1150 4384 1380 4450 imagine
1406 4392 1459 4435 et
1488 4381 1863 4445 similitmline,
1891 4383 2160 4450 duplicem
2190 4385 2326 4438 Ver-

2432 4387 2684 4455 γέννησίν
2740 4404 2864 4438 τινα
2931 4385 3316 4455 ἀκατάληπτον
3368 4385 3464 4438 καὶ
3517 4383 3854 4452 ἀσώματον·
3911 4387 4002 4436 καὶ

767 4478 816 4528 bi
844 4476 1009 4528 divini
1041 4473 1446 4542 generationem
1476 4485 1952 4539 cognosceremus,
1977 4474 2066 4537 qui
2094 4475 2333 4528 invisibi-

767 4569 892 4620 liter
923 4576 976 4621 ct
1005 4564 1351 4618 ineﬂ'abiliter
1389 4580 1416 4614 a
1449 4562 1610 4616 Patre
1635 4573 1714 4616 est
1743 4564 1958 4630 genitus
1988 4577 2111 4617 ante
2140 4570 2330 4621 saecula

766 4671 819 4711 et
853 4657 904 4708 in
936 4654 1114 4717 Patre,
1151 4654 1308 4720 quasi
1345 4655 1398 4706 in
1429 4654 1606 4705 anima
1640 4653 1870 4706 latenter
1895 4665 2110 4716 manet,
2164 4657 2334 4710 donec

767 4765 836 4802 ex
871 4758 1060 4800 sancta
1089 4744 1333 4812 Virgine,
1365 4745 1507 4797 velut
1537 4758 1602 4796 ex
1629 4744 1792 4797 corde
1815 4744 2070 4811 quodam,
2097 4746 2336 4801 incorru-

769 4835 1032 4904 ptibiliter
1065 4845 1120 4886 et
1153 4832 1356 4900 absque
1385 4832 1568 4885 dolore
1594 4872 1608 4894 ,
1664 4833 1957 4886 secundum
1990 4849 2208 4886 carnem
2242 4852 2336 4888 na-

770 4933 1016 4978 sceretur
1044 4931 1099 4974 et
1131 4921 1284 4974 nobis
1314 4919 1667 4988 corporaliter
1697 4935 1761 4972 ex
1792 4920 1956 4971 altera
1983 4924 2330 4988 generatione

769 5024 1074 5082 appareret.

2435 4481 2582 4548 μένει
2614 4479 2760 4530 ἔνδον
2796 4478 3162 4547 ἀγνώριστον·
3185 4478 3280 4529 καὶ
3312 4480 3568 4544 γεννᾶται
3593 4477 3857 4548 δευτέραν
3881 4480 4002 4546 γένο

2430 4585 2587 4637 νησιν
2645 4571 2744 4636 τὴν
2803 4569 3126 4638 σωματικὴν
3170 4568 3258 4619 διὰ
3305 4568 3566 4636 χειλέων,
3601 4569 3692 4620 καὶ
3724 4569 3849 4620 τότε
3892 4571 4004 4630 τοῖς

2431 4662 2566 4712 πᾶσι
2614 4659 2961 4729 γνωρίζεται,
2998 4659 3097 4729 τῆς
3149 4659 3205 4711 δὲ
3240 4659 3584 4727 γεννησάσης
3633 4659 3795 4710 αὐτὸν
3825 4660 4003 4727 ψυχῆς

2429 4749 2491 4801 ού
2551 4749 2882 4818 χωρίζεται·
2937 4749 3024 4800 ἵνα
3075 4749 3162 4800 διά
3204 4749 3314 4802 τῶν
3344 4749 3436 4801 δύο
3481 4749 3575 4799 τοῦ
3632 4748 3792 4815 λόγου
3847 4749 4005 4818 ἡμῶν

2431 4841 2744 4909 γεννήσεων
2768 4879 2783 4904 ,
2819 4840 3004 4907 σαφῶς
3034 4841 3133 4904 τὰς
3170 4840 3264 4894 δύο
3301 4839 3396 4894 τοῦ
3432 4839 3569 4892 Θεοῦ
3611 4841 3785 4906 Λόγου
3813 4843 4006 4910 γεννή-

2438 4947 2553 4991 σεις
2584 4931 2705 4983 κατ’
2749 4931 2936 4983 εἰκόνα
2969 4932 3089 4984 τινὰ
3126 4934 3222 4984 καὶ
3270 4934 3533 5002 ὁμοίωσιν
3579 4932 3870 5000 μάθωμεν.
3913 4933 4000 4984 Γε-

2437 5021 2694 5089 γέννηται
2728 5022 2838 5091 γὰρ
2885 5023 3133 5091 ἀοράτως
3177 5024 3271 5075 καὶ
3300 5022 3720 5091 ἀνερμηνεύτως
3755 5025 3867 5093 πρὸ
3899 5023 4008 5074 τῶν

768 5105 982 5156 αἰώνων
1017 5107 1082 5156 ὲκ
1121 5104 1331 5172 Πατρδς
1351 5141 1366 5164 ,
1399 5103 1492 5154 καὶ
1523 5105 1670 5170 μένει
1701 5103 2012 5169 ἄγνωστος,
2039 5105 2114 5167 ὡς
2171 5105 2228 5158 ἕν
2258 5125 2363 5161 τινι
2400 5113 2542 5183 ψυχῇ
2575 5116 2709 5182 πρὸς
2732 5116 2823 5166 τὸν
2854 5117 3094 5186 Πατέρα·
3134 5117 3259 5180 ἕως,
3285 5116 3474 5184 ὥσπερ
3503 5118 3566 5168 ἐκ
3591 5116 3816 5186 καρδίας
3839 5115 4006 5178 τινος,

769 5198 866 5264 τῆς
895 5197 1057 5263 ἁγίας
1090 5197 1366 5265 Παρθένου
1405 5195 1660 5265 ἀφθὸρως
1724 5198 1817 5248 καὶ
1847 5198 2060 5261 ἀπόνως
2083 5201 2406 5269 γεγέννηται
2433 5207 2492 5258 τὸ
2519 5209 2660 5260 κατὰ
2723 5209 2925 5277 σάρκα,
2968 5211 3063 5262 καὶ
3124 5209 3450 5278 ὲνεςςανίσθη
3509 5211 3644 5278 ἡμῖν
3673 5210 4008 5278 σωματικῶς

769 5290 856 5341 διά
887 5290 1146 5358 δευτέρας
1178 5289 1503 5355 γεννήσεως.

840 5380 1093 5432 Cernitur
1138 5381 1300 5432 etiam
1361 5380 1411 5431 in
1458 5379 1712 5443 homine,
1778 5382 1930 5448 quasi
1989 5383 2040 5434 in
2098 5383 2326 5450 imagine

769 5484 823 5528 et
856 5486 980 5543 typo
1004 5513 1019 5536 ,
1067 5475 1260 5543 duplex
1298 5476 1377 5529 vis
1409 5476 1459 5528 in
1493 5477 1780 5544 imaginem
1807 5488 1859 5530 et
1882 5489 2062 5547 typum
2085 5477 2283 5531 Christi
2315 5498 2328 5532 :

771 5569 1222 5635 quemadmodum
1247 5571 1390 5623 enim
1425 5570 1540 5639 ejus
1568 5571 1824 5626 divinitas
1856 5573 1962 5640 egit
1995 5572 2327 5637 Ilieandricc,

848 5719 862 5748 ’
905 5721 1115 5777 Coloss.
1145 5738 1181 5787 ι,
1218 5722 1304 5776 22.
1383 5727 1401 5755 ⁸
1437 5723 1608 5778 lCor.
1647 5739 1704 5789 ιι,
1748 5725 1822 5778 l".

2515 5388 2740 5458 Ὀρᾶται
2768 5387 2928 5440 πάλιν
2964 5388 3038 5450 ὡς
3071 5389 3128 5440 ὲν
3159 5387 3328 5439 εἰκόνι
3373 5385 3483 5438 τινὶ
3514 5385 3611 5437 καὶ
3642 5387 3801 5456 τύπῳ
3829 5427 3843 5450 ,
3869 5388 4010 5455 λέγω

2438 5481 2496 5531 έν
2535 5481 2609 5548 τῷ
2633 5481 2936 5549 ἀνθρώπῳ,
2975 5483 3069 5533 καὶ
3113 5479 3263 5547 διττή
3305 5495 3387 5537 τις
3442 5477 3724 5543 ἐνεργείας
3770 5479 4011 5547 ἔμφασις

2438 5574 2514 5634 εἰς
2542 5573 2726 5628 εἰκόνα
2752 5574 2847 5628 καὶ
2869 5573 3038 5627 τύπον
3067 5571 3305 5642 Χριστοῦ
3332 5585 3346 5600 ·
3369 5569 3619 5639 καθάπερ
3637 5569 3748 5640 γάρ
3779 5572 3812 5640 ή
3843 5570 4010 5624 αὑτοῦ
