4190 6438
187 417 330 484 1149

1430 440 1702 501 SERMO.
1743 469 1808 477 -
1845 446 2222 508 MONITUM.

3272 453 3412 515 1150

176 535 371 602 θεότης
404 536 645 606 ἐνήργει,
688 540 780 591 καὶ
810 540 1142 611 θεανδρικῶς
1178 548 1396 616 ἐνήργει
1424 553 1517 602 καὶ
1552 552 1749 614 θεῖκῶς

1861 563 2054 625 agt-bat
2083 571 2258 613 autem
2290 572 2337 614 ct
2369 561 2544 617 divine
2576 561 2626 616 in
2656 561 2807 616 caelis
2828 600 2842 625 ,
2898 570 3023 616 ante
3050 563 3299 631 corporis
3328 564 3412 619 sui

176 627 236 677 ἐν
276 629 494 697 ούρανῷ
541 632 645 699 πρὸ
690 633 789 699 τῆς
825 633 921 686 τοῦ
968 634 1218 703 σώματος
1256 640 1645 706 ἀναπλάσεως,
1674 643 1747 705 ὡς

173 718 616 788 ἀπερίγραπτος,
648 724 743 775 καὶ
777 726 851 793 μὴ
884 731 1286 795 περιγραφεῖσα
1321 733 1380 782 ἐν
1411 732 1486 799 τῷ
1512 731 1748 801 σώματί,

173 808 321 859 οὕτω
375 813 471 862 καὶ
514 815 545 879 ή
590 815 736 883 ψυχὴ
772 817 803 883 ἡ
842 818 962 868 κατ’
998 818 1183 871 εἰκόνα
1219 822 1313 871 καὶ
1362 822 1623 890 ὁμοίωσιν
1658 824 1749 876 τοῦ

173 900 412 963 ὸοράτου
464 900 602 953 Θεοῦ
660 904 835 968 Λόγου
872 905 1211 975 ὑπάρχουσα,
1259 911 1475 978 ἐνεργεῖ
1518 911 1618 978 μὲν
1657 912 1751 963 καὶ

171 989 579 1060 ᾁυχανδρικῶς,
613 997 857 1047 τουτέστι
886 1000 1311 1068 σωματοψύχως,
1341 1003 1420 1063 εἰς
1449 1000 1618 1054 τύπον
1646 1003 1740 1054 τοῦ

172 1080 513 1150 θεανδρικῶς
541 1086 801 1150 Χριστοῦ.
844 1087 1086 1158 Ἐνεργεῖ
1112 1091 1167 1143 δὲ
1198 1094 1291 1144 καί
1317 1093 1561 1160 ψυχικῶς
1588 1096 1749 1162 μόνον

170 1170 408 1223 πλεῖστα
452 1190 570 1224 τινα
598 1215 609 1232 ,
662 1176 735 1245 μὴ
791 1179 1179 1247 συνεργοῦντος
1226 1183 1361 1251 αὐτῇ
1416 1182 1509 1235 τοῦ
1546 1186 1747 1236 οἰκείου

172 1258 431 1326 σώματος
454 1300 469 1320 ,
508 1263 585 1324 εἰς
616 1265 785 1317 τύπον
832 1267 924 1319 τοῦ
956 1269 1189 1337 ἀοράτου
1224 1269 1361 1321 Θεοῦ
1404 1272 1608 1335 Λόγου,
1651 1271 1747 1323 τοῦ

170 1351 350 1402 πολλὰ
374 1354 622 1420 ἀοράτως
659 1358 1053 1425 ἐνεργήσαντος
1078 1361 1170 1412 καὶ
1193 1360 1541 1429 ἐνεργοῦντος
1571 1364 1631 1413 ἐν
1660 1364 1750 1413 ού-

170 1444 324 1510 ρανῷ
362 1446 457 1495 καὶ
491 1446 581 1495 ἐπὶ
608 1448 730 1514 γῆς,
772 1448 857 1498 διὰ
884 1449 981 1518 τῆς
1009 1452 1428 1519 ἀπεριγράπτου
1453 1452 1617 1505 αὑτοῦ
1654 1455 1748 1505 καὶ

168 1535 527 1602 πατκοσμίου
560 1536 747 1605 θεῖκῆς
773 1541 1071 1607 ἐνεργείας.
1111 1542 1171 1592 'll
1202 1537 1294 1594 οὖν
1332 1544 1519 1611 ἀγάπη
1554 1544 1586 1611 ἡ
1619 1543 1747 1612 περί
1800 1556 1805 1563 ’

164 1624 300 1675 9:?”
328 1626 472 1677 κατά
504 1627 740 1695 ψυχικὴν
778 1631 871 1681 καὶ
894 1630 1063 1699 μόνην
1091 1632 1419 1684 ἐπιτελεῖται
1445 1633 1747 1699 ἐνέργειαν,

164 1716 223 1766 θ’)
261 1715 548 1783 χρῄζουσα
574 1718 630 1768 ἐν
660 1718 833 1788 τούτῳ
861 1722 959 1787 τῆς
991 1722 1310 1789 συνεργείας
1338 1721 1435 1774 τοῦ
1469 1722 1737 1791 σώματος·

162 1807 371 1872 ὁμοίως
405 1807 505 1858 καὶ
530 1810 563 1876 ἡ
599 1809 820 1870 πίστις,
853 1810 1095 1878 ψυχικῆς
1136 1813 1230 1864 καὶ¹
1256 1813 1425 1879 μόνης
1465 1814 1745 1881 ἐνεργείας

166 1900 320 1948 ἐστὶν
370 1898 626 1965 ἔνδειξις·
681 1901 947 1963 ὡσαύτως
1001 1905 1098 1955 καὶ
1142 1905 1173 1971 ἡ
1212 1904 1403 1965 ἐλπὶς,

164 1990 331 2058 γικὴν
366 1992 466 2042 καὶ
511 1991 678 2059 μόνην
720 1993 1048 2045 ἐπιτελεῖται
1074 1994 1388 2062 ἐνέργειαν·
1430 1995 1620 2063 ῶσπερ
1649 1996 1741 2046 καὶ

160 2082 667 2150 ταπεινοφροσύνη,
720 2084 789 2135 δι’
853 2086 1132 2151 ἐνεργείας
1200 2087 1378 2155 ψυχῆς
1436 2089 1739 2157 ἐνεργεῖται

161 2173 255 2221 καὶ
304 2171 635 2238 ὑφίσταται·
698 2175 789 2226 καὶ
844 2176 1253 2244 περιληπτικῶς
1306 2177 1502 2239 εἰπεῖν,
1560 2179 1736 2229 πᾶσαι

161 2262 216 2311 αἰ
289 2263 593 2327 ἀναγκαῖαι
646 2266 742 2316 καὶ
799 2268 1172 2334 πνευματικαὶ
1218 2266 1408 2335 ἀρεταὶ
1467 2261 1543 2319 ὧν
1611 2267 1735 2335 ῥίζα

162 2354 256 2403 καὶ
304 2354 557 2421 θεμέλιός
583 2355 729 2406 ἐστιν
767 2357 799 2423 ἡ
828 2356 1136 2425 καθαρότης
1172 2358 1271 2424 τῆς
1302 2358 1529 2428 καρδίας
1552 2398 1566 2421 ,
1598 2359 1738 2410 κατά

160 2446 261 2509 τὴν
310 2444 512 2512 νοερᾶν
562 2445 656 2496 καὶ
712 2446 878 2515 μόνην
929 2449 1027 2514 τῆς
1069 2448 1294 2517 λογικῆς
1347 2449 1505 2516 ἡμῶν
1556 2449 1738 2517 ψυχῆς

161 2536 449 2604 ἐνέργειαν
480 2535 885 2599 ἐπιτελοῦνται,
933 2538 993 2589 ού
1032 2539 1329 2606 χρῄζουσαι
1358 2538 1452 2589 τοῦ
1491 2538 1739 2606 σώματος

162 2630 239 2686 εἰς
272 2628 372 2695 τὴν
401 2628 612 2679 ἑαυτῶν
639 2628 1009 2696 ἐκπλήρωσιν.
1040 2630 1203 2680 Ὅθεν
1231 2632 1323 2680 καὶ
1356 2630 1404 2680 οἰ
1442 2631 1607 2697 πηροὶ
1649 2631 1739 2681 καὶ

158 2718 419 2779 ἀσθενεῖς
443 2759 456 2776 ,
500 2720 594 2769 καὶ
645 2720 893 2786 ἀκίνητοι
931 2719 1083 2780 ὄντες
1132 2724 1197 2787 τῇ
1237 2723 1399 2787 σαρκὶ
1434 2761 1447 2779 ,
1481 2720 1739 2771 δύνανται

158 2810 247 2860 διὰ
280 2809 391 2859 τῶν
430 2810 692 2860 τοιούτων
723 2810 933 2879 ἀρετῶν
996 2813 1061 2879 τῇ
1104 2810 1244 2861 κατᾶ
1284 2811 1462 2879 ψυχὴν
1490 2811 1738 2878 ἐνεργείᾳ

160 2899 529 2967 εὐαρεστῆσαι
570 2899 647 2968 τῷ
691 2899 830 2967 Θεῷ.
868 2901 976 2951 Καὶ
1008 2902 1064 2951 ἐν
1096 2902 1175 2969 τῷ
1220 2900 1374 2967 ὕπνῳ
1403 2902 1458 2951 δὲ
1506 2901 1740 2968 μάλιστα

160 2988 240 3059 τῷ
280 2990 406 3042 καθ’
444 2992 595 3060 ἡμᾶς
645 2991 919 3042 δείκνυται
967 2991 1027 3043 τὸ
1064 2991 1241 3043 διττὸν
1289 2992 1390 3060 τῆς
1431 2991 1551 3044 καθ’
1595 2992 1742 3059 ἡμᾶς

161 3084 477 3153 ἐνεργείας·
511 3082 606 3135 τοῦ
649 3083 757 3152 γὰρ
816 3083 1069 3152 σώματος
1109 3084 1299 3153 ὥσπερ
1337 3083 1742 3153 νενεκρωμένας

162 3176 261 3227 καὶ
297 3174 492 3243 σχεδὸν
525 3176 927 3245 ἀνενεργήτους
952 3174 1050 3237 τὰς
1095 3175 1380 3245 αἰσθήσεις
1410 3175 1624 3244 ἔχοντος
1650 3216 1662 3237 ,
1709 3176 1742 3243 ὴ

162 3284 249 3319 νοε
262 3268 331 3335 ρὰ
359 3266 459 3320 καί⁵
490 3266 682 3335 λογικὴ
702 3266 801 3335 τῆς
822 3266 1003 3335 ψυχῆς
1029 3266 1286 3335 ἐνέργεια
1307 3307 1321 3328 ,
1358 3266 1657 3333 ἀκοίμητός
1682 3282 1742 3316 τε

165 3359 262 3410 καὶ
292 3356 560 3425 ἀσίγητος
598 3356 666 3409 τὰ
716 3357 897 3408 πάντα
922 3356 1228 3423 περιπολεῖ.
1280 3357 1456 3417 Ἐπεὶ,
1502 3356 1620 3415 πῶς
1653 3356 1749 3406 καὶ

165 3446 511 3516 χωριζομένη
542 3446 635 3497 τοῦ
667 3446 919 3514 σώματος
939 3448 996 3500 ἐν
1017 3446 1095 3514 τῷ
1111 3446 1345 3516 θανάτῳ,
1368 3446 1681 3497 συνίσταται
1708 3447 1741 3513 ἡ

164 3536 363 3605 ὶογικὴ
397 3534 568 3605 ψυχὴ,
599 3536 645 3587 εί
678 3537 752 3605 μὴ
776 3536 863 3587 διὰ
888 3535 988 3603 τῆς
1016 3537 1207 3606 νοερᾶς
1240 3537 1427 3605 αὐτῆς,
1471 3538 1565 3587 καὶ
1598 3536 1749 3598 ζωτι-

164 3627 411 3693 κῆςρκαὶ
435 3624 666 3689 ἀειζώου
690 3627 969 3694 ἐνεργείας
991 3644 1005 3692 ;
1034 3627 1190 3678 Πᾶσα
1216 3626 1315 3694 μὲν
1338 3628 1369 3694 ἡ
1392 3626 1748 3686 θεόπνευστος

164 3715 358 3785 Γραφὴ
379 3756 394 3777 ,
427 3715 525 3767 καὶ
555 3716 911 3783 εύαγγελικαὶ
952 3717 1045 3767 καὶ
1077 3716 1438 3768 ἀποστολικαὶ
1486 3716 1742 3768 διδασκα-

163 3806 298 3867 λίαι,
342 3808 404 3857 ἐν
433 3807 684 3875 οὐρανοῖς
721 3807 971 3873 λέγουσιν
1000 3801 1139 3859 εἶναι
1184 3808 1275 3859 τὸν
1304 3808 1371 3858 τὰ
1404 3808 1583 3860 πάντα
1600 3807 1749 3875 ιπλη-

167 3895 372 3964 ροῦντα
404 3894 574 3947 Θεόν·
606 3895 687 3947 διὸ
719 3894 973 3947 κάκεῖθεν
1008 3894 1457 3963 καταῆεόηκέναι
1490 3894 1585 3947 τὸν
1616 3895 1753 3947 Θεὸν

165 3986 341 4052 Λόγον
362 3985 708 4056 ἐγνώκαμεν,
728 3989 821 4039 καὶ
846 3988 906 4038 ἐν
928 3986 1180 4057 οὐρανοῖς
1208 3987 1371 4039 πᾶλιν
1393 3989 1531 4054 μετά
1550 3988 1755 4058 σαρκὸς

165 4077 579 4146 ἀναϐεϐηκέναι
630 4076 986 4147 πιστεύομεν.
1032 4078 1243 4130 Οὐκοῦν
1288 4079 1337 4130 εἰ
1384 4078 1498 4130 ἀνω
1548 4078 1665 4129 ἐστὶ
1696 4078 1755 4130 τὸ

1852 649 2213 712 ereatipuem,
2264 661 2319 703 ut
2356 650 2817 718 iucircumscripta
2840 690 2856 715 ,
2906 667 3028 704 cum
3073 667 3177 705 non
3211 654 3261 705 in
3292 667 3415 706 cor-

1853 752 1981 804 pore
2009 741 2542 794 circumscriberetur
2562 783 2577 807 ,
2629 743 2698 794 ita
2732 753 2787 795 et
2817 741 2995 794 anima
3026 743 3090 793 ad
3124 743 3412 807 imaginem

1852 836 1905 878 et
1955 828 2361 881 similitudinem
2411 828 2570 883 Verbi
2611 832 2779 885 divini
2816 830 2954 884 facta
3004 831 3113 900 agit
3149 834 3413 900 psychau—

1852 914 2035 978 dricc,
2084 918 2134 969 id
2175 928 2261 971 est
2310 933 2429 968 cum
2473 933 2701 987 corpore
2747 921 2798 973 in
2843 931 3026 990 typum
3071 919 3271 973 Christi
3319 920 3412 975 Dei

1849 1012 1905 1056 et
1948 1005 2214 1067 hominis,
2273 1007 2381 1073 agit
2420 1018 2599 1061 autem
2647 1024 2860 1077 quoque
2912 1020 2968 1064 et
3020 1022 3076 1063 ttt
3121 1010 3411 1077 plurimum

1848 1106 1912 1145 ex
1942 1108 2000 1147 se
2030 1096 2171 1158 sola,
2208 1099 2337 1163 quin
2366 1111 2656 1151 concurrat
2687 1101 2959 1168 proprium
2990 1115 3212 1168 corpus,
3250 1102 3301 1154 iu
3332 1110 3416 1169 ty-

1850 1196 1974 1249 pum
2000 1184 2281 1239 invisibilis
2306 1185 2461 1240 Verbi
2488 1187 2601 1251 Dei,
2619 1190 2759 1256 quod
2785 1189 3129 1242 invisibiliter
3153 1192 3315 1243 multa
3344 1190 3416 1244 fe-

1848 1271 1923 1324 cit
1955 1282 2007 1325 et
2033 1272 2160 1327 facit
2189 1276 2241 1328 in
2273 1277 2410 1330 celo
2436 1288 2487 1328 et
2520 1279 2569 1329 in
2599 1288 2774 1338 terra,
2808 1288 3030 1345 propter
3060 1294 3211 1333 suam
3244 1280 3416 1333 incir—

1848 1362 2231 1428 cmnscriptant
2287 1375 2343 1415 et
2397 1367 2712 1415 immensam
2771 1367 3041 1418 actionem
3102 1366 3343 1419 divinam
3398 1385 3411 1419 :

1848 1450 2084 1503 charitas
2107 1452 2372 1517 siquidem
2403 1455 2452 1504 in
2482 1454 2645 1505 Deum
2677 1454 2723 1506 vi
2750 1454 2859 1506 sola
2881 1448 3083 1507 anima:
3108 1458 3411 1523 perficitur,

1849 1554 1947 1592 nec
1971 1540 2168 1609 indiget
2193 1544 2434 1610 corporis
2456 1545 2691 1610 auxilio;
2718 1546 2970 1599 similiter
2992 1556 3047 1599 et
3072 1546 3201 1601 fides
3221 1547 3415 1600 aniune

1847 1630 2016 1683 solius
2046 1632 2150 1682 vim
2179 1633 2435 1696 ostendit,
2467 1649 2569 1685 non
2600 1650 2757 1686 secus
2788 1651 2850 1688 ac
2880 1650 3002 1702 spes
3028 1646 3081 1687 ct
3105 1635 3411 1698 humilitas;

1847 1730 1899 1773 et
1935 1734 2000 1772 ne
2032 1722 2182 1786 plura
2212 1724 2407 1785 dicant,
2444 1738 2632 1777 omnes
2663 1728 2981 1777 necessaria:
3015 1735 3068 1778 et
3098 1726 3415 1792 spirituales

1850 1813 2112 1874 virtutes,
2156 1828 2388 1879 quarunt
2423 1814 2574 1866 radix
2605 1824 2659 1867 et
2686 1814 3091 1869 fundamentum
3127 1829 3208 1870 est
3238 1819 3416 1872 cordis

1467 1905 1608 1956 κατὰ
1643 1904 1747 1971 ψυ-
1781 1908 1821 1963 Β
1852 1904 2116 1956 munditia
2140 1942 2154 1967 ,
2209 1904 2257 1955 vi
2304 1904 2475 1957 solum
2520 1906 2784 1971 spirituali
2837 1906 3029 1958 anima:
3059 1917 3257 1960 nostrae
3287 1923 3413 1975 per-

1843 1994 2127 2054 lieiuutur,
2172 2008 2275 2045 non
2306 1993 2551 2060 corporis
2577 1995 2781 2047 auxilio
2822 2009 2922 2061 pro
2955 2009 3049 2047 sua
3081 1996 3414 2062 perfectione

1840 2096 2059 2154 egentes
2111 2104 2124 2139 :
2182 2088 2411 2154 ideoque
2446 2087 2619 2139 trunci
2653 2098 2706 2138 et
2736 2088 2932 2140 inlirmi
2979 2099 3028 2142 et
3076 2090 3165 2157 qui
3199 2104 3257 2143 se
3288 2105 3405 2141 cor-

1840 2178 2095 2245 poraliter
2121 2192 2339 2230 movere
2367 2193 2471 2229 non
2496 2188 2747 2244 possunt,
2780 2192 2876 2245 per
2905 2178 3025 2230 illas
3053 2188 3228 2231 tamen
3254 2180 3415 2231 virtu-

1842 2278 1921 2321 tes
1974 2268 2167 2320 anima:
2207 2270 2421 2321 actione
2466 2267 2574 2321 Deo
2615 2278 2839 2336 possunt
2888 2270 3119 2337 placere.
3169 2269 3222 2321 In
3263 2284 3411 2322 smn-

1842 2374 1911 2411 uo
1943 2373 2070 2410 vero
2111 2360 2407 2426 praesertim
2460 2368 2641 2411 nostra
2692 2374 2750 2412 se
2780 2360 3017 2412 ostendit
3066 2360 3146 2411 vis
3180 2359 3409 2427 duplex:

1841 2450 1963 2500 dum
1994 2449 2139 2500 eniut
2172 2464 2370 2515 corpus
2415 2449 2560 2501 velut
2592 2459 2837 2502 mortuos
2884 2460 2939 2502 et
2975 2448 3087 2502 fere
3114 2450 3417 2502 immobiles

1841 2537 2037 2589 habeat
2065 2553 2257 2590 sensus
2284 2552 2410 2590 suos
2430 2578 2444 2599 ,
2503 2538 2799 2606 Spiritualis
2828 2548 2881 2591 et
2912 2538 3191 2591 rationalis
3220 2539 3416 2590 anitna:

1842 2632 1921 2682 vis
1980 2629 2391 2698 vigilantissima
2454 2638 2507 2683 et
2556 2630 2789 2695 ingenita
2849 2630 3030 2682 omnia
3081 2628 3414 2697 perlustrat;

1842 2722 2036 2772 deinde
2062 2759 2077 2781 ,
2129 2722 2396 2787 quomodo
2428 2737 2453 2771 a
2480 2735 2709 2786 corpore
2742 2729 2916 2772 morte
2943 2719 3209 2787 disjuncta
3238 2718 3417 2771 subsi-

1841 2820 2009 2862 steret
2045 2811 2343 2877 Spiritualis
2374 2821 2426 2863 et
2458 2811 2741 2862 rationalis
2765 2810 2967 2871 anima,
3003 2810 3104 2863 uisi
3140 2824 3234 2877 per
3260 2824 3415 2861 suam

1842 2901 2209 2965 spiritualem,
2276 2902 2489 2954 vitalem
2541 2909 2597 2953 et
2681 2900 3040 2952 immortalem
3087 2899 3230 2951 vim?
3282 2897 3417 2951 0m-

1844 2992 1925 3044 nis
1954 2993 2169 3058 quidem
2204 2994 2484 3060 Scriptura
2519 2993 2780 3045 divinitus
2811 2992 3072 3058 inspirata
3098 3030 3111 3051 ,
3169 2990 3417 3057 Evange—

1845 3082 2035 3134 liormu
2087 3094 2141 3136 et
2186 3083 2554 3151 apostolorum
2601 3085 2922 3135 dornmenta
2969 3081 3158 3135 dicunt
3192 3081 3244 3133 in
3278 3080 3418 3135 caalo

1847 3189 1967 3226 esse
1997 3171 2161 3225 Deum
2195 3176 2283 3241 qui
2311 3176 2491 3226 οιιιιιίςι
2522 3175 2690 3242 replet
2713 3214 2727 3236 ,
2786 3183 3183 3242 proptereaque
3212 3172 3418 3225 scimus

1849 3265 1973 3318 inde
2015 3264 2359 3316 descendisse
2395 3264 2631 3318 Verbum
2665 3264 2755 3317 Dei
2808 3274 2862 3317 et
2905 3264 3100 3317 iterum
3147 3277 3267 3315 cum
3296 3276 3419 3315 cor-

1847 3369 1976 3422 pore
2012 3357 2078 3407 ad
2107 3354 2274 3409 ctelos
2305 3356 2618 3408 ascendisse
2646 3356 2959 3419 credimus;
3020 3353 3064 3407 si
3099 3354 3259 3420 igitur
3291 3367 3386 3405 sur

1844 3458 1962 3497 sum
1998 3443 2177 3495 lumen
2206 3444 2474 3505 divinum,
2525 3442 2685 3496 Pater
2714 3454 2895 3496 ttoster
2924 3443 3015 3510 qui
3045 3452 3128 3497 est
3160 3443 3211 3495 in
3238 3441 3416 3504 cwlis.

1845 3536 1891 3589 si
1921 3550 2135 3589 sursum
2171 3535 2401 3589 Verbum
2431 3536 2543 3599 Dei,
2575 3538 2754 3589 lumen
2787 3538 2851 3590 de
2876 3537 3097 3601 lumine,
3130 3536 3172 3589 si
3203 3550 3417 3588 sursum

1849 3625 1904 3679 in
1935 3625 2210 3679 altissimis
2242 3624 2475 3692 Spiritus
2506 3641 2758 3693 sanctus,
2818 3627 2998 3679 forsan
3032 3626 3099 3679 ad
3128 3625 3417 3694 imaginem

1854 3718 1999 3772 illius
2030 3718 2308 3770 altissima:
2339 3725 2392 3770 et
2420 3717 2779 3771 sanctissima:
2800 3716 3081 3770 Trinitatis
3113 3731 3273 3770 oume
3299 3730 3422 3769 cor-

1854 3810 2002 3878 poris
2033 3808 2200 3861 nostri
2234 3807 2410 3862 lumen
2448 3808 2500 3860 in
2533 3806 2814 3861 altioribus
2850 3810 3144 3871 habemus,
3195 3807 3417 3860 verbum

1852 3908 1904 3953 et
1936 3899 2182 3965 Spiritum
2217 3900 2427 3951 narium
2463 3898 2619 3950 simul
2649 3909 2970 3966 congregata
3010 3900 3060 3951 in
3093 3898 3292 3964 capite,
3320 3910 3420 3947 un-

1852 3990 1943 4049 de,
1973 3987 2127 4055 quasi
2158 4001 2225 4040 ex
2252 3987 2512 4039 altissimo
2534 3988 2765 4055 quodam
2788 3989 2948 4046 cmlo,
2975 3988 3223 4055 corporis
3248 3985 3418 4038 nostri

1855 4080 2114 4131 mundum
2150 4078 2284 4145 regit
2317 4087 2371 4129 et
2401 4077 2663 4129 illmniuat
2696 4078 2823 4131 illud
2859 4079 3019 4131 trium
3053 4078 3310 4144 pleroma.

166 4167 311 4220 θεῖον
332 4168 473 4236 φῶς,
491 4170 519 4219 ὁ
537 4168 724 4237 Πατὴρ
758 4167 915 4237 ἡμῶν
932 4169 961 4219 ό
979 4169 1037 4219 ἐν
1060 4170 1172 4230 τοῖς
1194 4168 1465 4235 οὐρανοῖς,
1499 4168 1596 4218 καὶ
1628 4168 1741 4220 ἀνω
1776 4166 1805 4218 ὀ
1833 4166 1966 4229 Θεὸς
2000 4167 2171 4232 Λόγος
2198 4166 2260 4216 τὸ
2293 4166 2357 4217 ἐκ
2415 4166 2510 4216 τοῦ
2564 4165 2740 4231 φωτὸς
2765 4165 2881 4233 φῶς
2899 4205 2913 4226 ,
2956 4167 3050 4218 καὶ
3071 4166 3184 4218 ἀνω
3211 4166 3268 4215 ἐν
3297 4161 3421 4229 ὑψί-

168 4272 317 4319 στοις
350 4256 413 4308 τὸ
463 4256 691 4325 Πνεῦμα
716 4256 777 4308 τὸ
799 4258 978 4323 ἀγιον,
1014 4255 1142 4319 ἴσως
1166 4256 1287 4309 κατ’
1318 4257 1505 4310 εἰκόνα
1529 4256 1735 4328 ταύτης
1773 4256 1870 4326 τῆς
1900 4256 2127 4325 ὑψίστου
2153 4255 2310 4321 ἁγίας
2381 4256 2425 4307 Τ
2430 4256 2612 4320 ριάδος
2660 4257 2718 4307 ἐν
2780 4257 2895 4318 τοῖς
2927 4256 3277 4325 ὑψηλοτέροις
3298 4254 3420 4307 ὅλον

166 4348 262 4401 τοῦ
304 4347 567 4417 σώματος
596 4348 792 4415 ἔχομεν
821 4346 882 4398 τὸ
906 4346 1056 4414 φῶς,
1123 4345 1220 4399 καὶ
1259 4345 1351 4398 τὸν
1391 4345 1571 4412 λόγον,
1600 4345 1781 4397 καὶτὸ
1819 4344 2040 4413 πνεῦμα
2105 4344 2215 4396 τῶν
2264 4342 2448 4412 ρινῶν,
2487 4344 2840 4413 πλησιόχωρά
2875 4361 2933 4396 τε
2964 4347 3059 4397 καὶ
3096 4346 3155 4395 ἐν
3196 4343 3275 4413 τῷ
3300 4344 3418 4412 ἅμα

169 4444 227 4493 ἐν
257 4443 325 4512 τῇ
358 4440 605 4510 ἡμετέρᾳ
627 4441 836 4509 κεφαλῇ
876 4441 1236 4510 τυγχάνοντα,
1276 4442 1535 4495 κάκεῖθεν
1600 4442 1677 4503 ὡς
1715 4442 1775 4506 ἐξ
1809 4440 2043 4513 ούρανοῦ
2082 4458 2230 4503 τινος
2280 4438 2527 4510 ὑψηλοῦ,
2586 4441 2680 4493 τὸν
2731 4441 2935 4510 κόσμον
3009 4440 3104 4493 τοῦ
3162 4439 3415 4509 σώματος

166 4533 477 4588 διοικοῦντα
525 4534 624 4586 καὶ
665 4534 971 4601 φωτίζοντα
1002 4534 1161 4589 τοῦτο
1194 4534 1255 4587 τὸ
1273 4534 1553 4603 τριαδικὸν
1589 4536 1886 4606 πλήρωμα.

173 4738 3392 4779 π-ᾎ-*ω

1015 4922 1397 4985 MONITUM
1446 4923 1528 4983 IN
1572 4921 2052 4996 SEQUENTEM
2111 4921 2583 4983 SERMONEM.

1318 5104 1543 5166 (BANDIN.
1582 5105 1826 5156 Anecdota
1850 5104 2041 5166 erca,
2065 5117 2115 5167 ι).
2142 5104 2284 5166 xvn.)

234 5426 470 5482 Accedit
490 5424 770 5497 Anastasii
818 5424 1121 5497 presbyteri
1154 5425 1377 5481 Sinaita:
1400 5466 1415 5490 ,
1451 5426 1544 5494 qni
1584 5426 1783 5481 srecnlo
1812 5426 2075 5497 vixitivn,
2107 5439 2288 5478 sermo
2316 5426 2349 5479 5
2386 5426 2440 5479 in
2476 5437 2584 5493 quo
2616 5421 2881 5485 declarat,
2913 5435 3080 5497 quare
3104 5417 3416 5497 _duos.scr-

171 5512 361 5553 mones
391 5497 445 5548 in
488 5496 617 5546 illud
638 5490 859 5558 dictum,
895 5490 997 5549 Διί
1020 5498 1302 5564 imaginem
1329 5490 1751 5561 conscripserit;
1785 5496 2130 5559 ostenditque
2162 5510 2266 5563 qua
2300 5497 2364 5548 de
2396 5490 2592 5557 causa,
2629 5502 2790 5564 atque
2822 5492 2979 5564 unde
3000 5491 3213 5543 initium
3251 5490 3422 5564 dure:

171 5568 238 5621 rit
266 5569 340 5621 tle
366 5565 780 5637 operatimtihus
812 5554 976 5637 atque
1021 5554 1390 5637 voluntatibus
1422 5566 1474 5618 in
1513 5554 2060 5637 C'ltristo'dispatatio
2111 5581 2133 5637 :_
2174 5554 2533 5637 deindeivero
2563 5554 2856 5637 proponit,
2891 5561 3114 5637 quinam
3150 5568 3297 5635 recte
3333 5554 3417 5637 vel

172 5649 329 5692 secus
361 5628 479 5687 haec
506 5635 559 5687 in
586 5631 804 5688 Christo
830 5628 1130 5689 docuerint.
1165 5633 1403 5689 Erudita:
1435 5635 1776 5705 antiquitatis
1814 5628 2088 5690 studiosos
2122 5634 2293 5689 latere
2321 5628 2910 5688 minitnc'arbitramur
2950 5628 3303 5684 Anastasiuut
3333 5628 3420 5679 Si-

244 5790 326 5859 (ι)
363 5787 603 5859 Operam
642 5786 921 5861 Cbrysosu
968 5798 1095 5845 tom.
1136 5787 1274 5854 Xlll,
1317 5805 1368 5859 p.
1405 5789 1526 5845 l85.
