4190 6438
169 398 311 462 1153

1583 412 1836 472 SERMO
1876 416 1986 473 lli.

3276 426 3407 485 ΙΙΓιί

160 514 333 564 οἱονεὶ
376 514 772 582 προθεμελίους
814 518 1123 578 καταϐολὰς
1165 520 1550 587 ἀνορύττοντες
1578 563 1594 586 ,
1649 525 1741 575 καὶ⁸

1847 528 1976 590 rint,
2035 528 2099 582 iis
2120 532 2351 596 primum
2389 534 2596 587 radices
2625 549 2835 595 eorum,
2865 534 3252 601 cardimnnque
3292 537 3407 588 bni-

161 604 536 669 γυμνοῦντες,
571 608 662 659 καὶ
693 610 1204 675 προκατασείοντες,
1235 612 1535 679 τηνικαῦτα
1572 614 1741 681 εὐμα-

162 692 279 760 ρῶς
302 736 320 758 ,
353 696 430 757 ὡς
464 699 665 763 ἄριστα
698 699 1013 764 διαγνόντες
1037 742 1051 762 ,
1097 701 1300 769 ἄριστα
1330 705 1422 754 καὶ
1474 705 1745 772 ἰατρεύειν

160 785 517 853 δυνήσονται.
554 789 667 841 Οὐκ
696 793 803 842 εἰσὶ
839 792 1017 843 τοίνυν
1054 793 1268 854 λαλιαὶ,
1303 796 1425 845 οὐδὲ
1456 795 1639 862 λόγοι,
1670 792 1745 849 ὧν

161 878 287 943 οὑχ).
338 879 629 931 ἀκούονται
677 883 733 933 αἱ
776 884 953 947 φωναὶ
981 884 1161 935 αὐτῶν
1186 901 1196 910 ·
1232 886 1368 937 αλλὰ
1402 890 1508 957 μὴν
1543 892 1634 940 καὶ
1665 892 1745 950 εἰς

163 967 353 1016 πᾶσαν
386 968 485 1034 τὴν
512 971 614 1037 γῆν
642 970 865 1037 ἐξῆλθεν
889 974 916 1023 ὁ
946 975 1183 1039 φὺύγγος
1219 978 1417 1039 αὐτῶν,
1454 981 1549 1031 καὶ
1574 983 1651 1040 είς
1678 980 1746 1031 τὰ

163 1050 389 1123 πέρατῖα
417 1060 515 1125 τῆς
531 1062 861 1129 οἰκουμένης
888 1065 955 1115 τά
986 1067 1211 1133 ῥήματα
1238 1069 1440 1121 αὑτῶν.
1468 1070 1744 1135 Ἐκείνων,

166 1151 337 1215 λέγω,
380 1153 491 1202 τῶν
522 1153 859 1221 πολεμικῶν,
898 1158 1179 1223 Περσικῶν
1214 1176 1271 1209 τε
1305 1161 1398 1211 καὶ
1425 1159 1748 1226 Ῥωμαϊκῶν

164 1242 553 1309 παρατάξεων,
586 1246 745 1314 ἡνίκα
775 1247 864 1297 τὸν
883 1250 1163 1314 νικητικὸν
1182 1251 1441 1317 τρόπαιον
1464 1248 1556 1300 τοῦ
1581 1252 1746 1302 Σταυ-

166 1332 266 1400 ροῦ
306 1335 599 1404 συνεργεία
636 1336 771 1387 θεοῦ
811 1339 1081 1407 ἐπανῆλθε
1127 1340 1248 1409 μεθ’
1295 1341 1617 1409 Ἡρακλείου
1653 1341 1745 1393 τοῦ

166 1428 441 1495 βασιλέως
475 1432 532 1480 ἐν
572 1429 951 1499 Ἰερουσαλήμ.

236 1513 415 1577 Οὗτος
454 1520 517 1587 δὴ
563 1522 592 1572 ὁ
622 1524 720 1589 τῆς
764 1521 1084 1589 Ῥωμαῖκῆς
1124 1524 1244 1575 κατ’
1296 1524 1507 1575 ἐκείνου
1552 1522 1747 1589 καιροῦ

164 1611 518 1677 σκηπτοῦχος
575 1613 848 1679 βασιλείας
908 1613 1231 1682 Ἡράκλειος
1274 1616 1367 1667 ἐπὶ
1404 1615 1476 1666 τὰ
1506 1615 1749 1667 Χαλδαῖά

162 1716 222 1751 τε
273 1702 372 1752 καὶ
418 1702 664 1767 Περσικά
720 1703 957 1771 μέλεΘρα
1004 1705 1101 1767 τὰς
1154 1706 1381 1773 πορείας
1427 1707 1748 1771 ποιούμενος

166 1791 312 1842 κατὰ
341 1792 444 1857 τὴν
486 1793 802 1859 Ἀντιοχέων
824 1796 1000 1852 πόλιν,
1029 1798 1414 1862 περιτυγχάνει
1446 1797 1553 1847 τινὶ
1591 1796 1747 1847 ’Λοα-

1850 617 2123 679 damenta,
2149 622 2385 673 eruenda
2407 633 2551 683 sunt,
2577 623 2897 676 denudanda
2933 622 3000 673 ab
3035 623 3248 690 imoque
3285 639 3412 675 eon-

1851 708 2098 762 cuticnda
2134 726 2148 761 :
2186 720 2313 763 tunc
2354 715 2550 781 quippe
2582 714 2757 775 facile,
2784 730 2907 766 cum
2928 714 3072 780 ipsos
3097 718 3295 780 optime
3323 732 3413 768 co-

1850 798 2086 863 gnorint,
2111 801 2191 853 eis
2226 816 2441 869 quoque
2477 814 2724 870 poterunt
2768 804 2983 869 egregie
3031 805 3251 857 mederi.
3300 805 3411 857 Non

1852 889 2013 955 igitur
2039 908 2225 959 nugas,
2269 904 2358 945 aut
2393 895 2567 945 inania
2601 896 2760 947 verba
2794 896 3149 961 proferemus,
3184 910 3426 958 quorum-

1852 994 1956 1032 non
1991 984 2283 1035 audiantur
2316 998 2473 1036 voces
2505 1001 2518 1035 :
2556 985 2647 1036 sed
2679 988 2730 1037 in
2769 1000 2983 1043 omnem
3019 986 3182 1037 etiam
3215 994 3412 1037 terram

1848 1071 2013 1123 exivit
2055 1086 2218 1126 sonus
2264 1087 2482 1136 eorum,
2511 1085 2566 1128 et
2614 1075 2666 1127 in
2711 1079 2844 1127 ﬁnes
2872 1077 3019 1127 orbis
3058 1086 3217 1127 terra:
3251 1074 3413 1126 verba

1848 1175 2054 1218 eorum.
2087 1163 2304 1223 Eorum,
2344 1166 2580 1231 inquam,
2613 1167 2920 1217 militarium
2949 1166 3219 1225 ordinum,
3248 1165 3416 1217 νει-εἰσ

1848 1270 2031 1307 carum
2062 1256 2536 1323 Romamn-umque
2563 1257 2848 1317 classium,
2882 1272 3005 1309 eum
3058 1257 3407 1308 victorinsum

1847 1345 2039 1399 Crucis
2092 1358 2353 1414 tropzcum
2401 1348 2586 1401 divino
2630 1348 2935 1411 adjutorio,
2975 1363 3097 1401 cmn
3160 1347 3409 1399 lleraclio

1850 1448 1974 1498 rege
2002 1436 2054 1487 in
2088 1435 2386 1488 Jerusalem
2420 1452 2694 1489 reversum
2727 1448 2831 1489 est.

1908 1526 2006 1579 llic
2026 1527 2231 1581 scilicet
2258 1528 2482 1581 lionmni
2506 1530 2712 1595 imperii
2739 1545 2799 1581 ea
2820 1540 3142 1595 tempestate
3175 1532 3416 1583 modera-

1851 1626 1935 1669 tor
1962 1616 2260 1680 lleraclius,
2286 1635 2406 1673 cum
2438 1631 2553 1685 post
2588 1620 2889 1681 Chaldzeos,
2927 1622 3226 1688 Persasque
3253 1638 3412 1686 supe-

1852 1716 1995 1757 ratos
2027 1707 2127 1759 iter
2156 1710 2221 1759 ad
2256 1709 2718 1762 Antinchenorum
2754 1712 3029 1763 civitatem
3061 1712 3413 1775 instituisset,

1851 1796 1903 1848 in
1934 1797 2290 1849 Athanasium
2335 1802 2618 1864 quemdam
2660 1802 2845 1854 incidit
2878 1802 3096 1855 odibilis
3145 1800 3416 1854 JaCuhita—

164 1880 343 1949 νασίῳ
406 1883 725 1951 πατριάρχῃ
780 1882 1059 1952 λεγομένῳ
1106 1884 1205 1951 τῆς
1250 1885 1358 1936 τῶν
1410 1885 1747 1963 ⁸Ἰακωεὶιτῶν

1851 1902 1966 1938 rum
2025 1888 2358 1943 hierarchias
2393 1892 2753 1957 patriareham
2808 1902 3199 1959 nuncupattnn,
3243 1893 3419 1944 humi.

169 1972 559 2040 μισιεραρχίας
581 2010 597 2033 ,
634 1971 796 2040 δεινῷ
821 1991 927 2025 τινι
957 1973 1071 2024 ὄντι
1104 1976 1230 2042 περὶ
1264 1975 1456 2041 λόγους
1476 2014 1490 2035 ,
1522 1977 1614 2028 καὶ
1649 1992 1751 2027 κα-

166 2060 396 2128 κούργῳ
423 2062 490 2128 τῇ
525 2061 634 2111 τῶν
678 2062 863 2131 Σύρων
903 2062 1132 2132 ἐμφύτῳ
1162 2066 1490 2133 πανουργίᾳ.
1526 2064 1635 2116 Καὶ
1664 2082 1749 2117 κι-

168 2153 343 2219 νήσας
377 2152 516 2219 πρὸς
546 2152 709 2203 αὑτὸν
751 2155 878 2215 τοὺς
908 2155 1037 2220 περὶ
1070 2154 1307 2213 πίστεως
1345 2153 1456 2205 τῶν
1489 2153 1583 2205 δύο
1616 2156 1749 2223 Χρι-

167 2242 297 2293 στοῦ
328 2242 549 2310 φύσεων
580 2243 774 2310 λόγους
797 2283 811 2304 ,
842 2246 869 2296 ὀ
913 2243 1163 2311 βασιλεὺς
1206 2245 1536 2312 ὑπισχνεῖτο,
1580 2246 1654 2306 ὠς
1701 2246 1750 2296 εί

167 2332 425 2403 πεισθείη
453 2334 603 2401 αὐτῷ
626 2373 641 2395 ,
668 2336 761 2386 καὶ
786 2334 1003 2402 δέξηται
1035 2336 1136 2403 τὴν
1165 2336 1327 2401 ἁγίαν
1362 2334 1577 2387 σύνοδον
1608 2336 1751 2387 Χαλ-

168 2422 403 2489 κηδόνος
430 2463 445 2484 ,
493 2424 840 2492 πατριάρχην
887 2425 1052 2476 αὑτὸν
1099 2426 1363 2495 καοιστᾷν
1407 2426 1507 2493 τῆς
1561 2425 1750 2477 αὐτόθι

168 2513 335 2578 ἁγίας
367 2514 662 2583 καθολικῆς
705 2516 1054 2582 Ἑκκλησίας.
1087 2518 1211 2569 Εἴτε
1238 2513 1329 2570 οὖν
1359 2518 1416 2569 ἐν
1438 2517 1748 2587 ὑποκρίσει,

168 2606 281 2656 εἴτε
312 2606 411 2657 καὶ
437 2607 558 2656 καθ’
589 2607 780 2676 ἕτερον
808 2607 1009 2676 τρόπον
1037 2610 1187 2677 ὅμως
1238 2608 1458 2672 ἐδέξατο
1481 2607 1580 2675 τὴν
1617 2606 1749 2658 σύν-

170 2697 294 2747 οδον
346 2697 376 2747 ὁ
412 2696 728 2758 ’ΔΘανάσιος
752 2736 766 2756 ,
803 2699 1145 2767 ὁμολογήσας
1180 2700 1281 2760 τὰς
1308 2698 1403 2749 δύο
1432 2700 1491 2749 ἐν
1526 2695 1751 2766 Χριστῷ

172 2785 463 2852 ἡνωμένας
490 2786 698 2853 φύσεις.
730 2787 834 2837 Καὶ
858 2788 1060 2839 τούτων
1088 2787 1479 2856 στοιχηοέντων
1501 2786 1751 2857 ἠρώτησε

170 2871 266 2924 τὸν
292 2872 517 2941 βασιλέα
546 2876 674 2943 περὶ
701 2874 803 2941 τῆς
832 2874 1114 2943 ἐνεργείας
1133 2912 1149 2935 ,
1177 2876 1271 2925 καὶ
1303 2874 1410 2924 τῶν
1432 2874 1557 2942 Οελη
1568 2876 1752 2941 μάτων

171 2962 257 3025 τὺ,
296 2962 415 3023 πῶς
444 2963 524 3014 δεῖ
564 2962 739 3014 ταῦτα
770 2962 949 3029 λέγειν
993 2964 1051 3014 ἐν
1078 2962 1156 3030 τῷ
1196 2962 1445 3030 Χριστῷ,
1480 2962 1678 3027 διπλᾶ,
1715 2964 1747 3032 ἢ

173 3052 481 3119 μοναδικά;
522 3051 581 3105 '0
628 3052 757 3118 γοῦν
794 3053 1049 3122 βασιλεὺς
1102 3052 1495 3120 ξενοφωνηοεὶς
1544 3055 1637 3105 ἐπ)⁸
1681 3056 1748 3123 τῇ

172 3144 472 3211 ἐρωτήσει,
498 3145 591 3197 ἆτε
618 3144 683 3213 δὴ
712 3143 864 3195 οὑπω
888 3146 1027 3196 κατὰ
1053 3145 1179 3205 τοὺς
1206 3144 1504 3211 ἡμετέρους
1527 3145 1750 3213 καιροὺς

173 3231 466 3301 κινηθείσῃ
490 3271 505 3293 ,
536 3234 737 3301 γράφει
770 3232 905 3301 πρὸς
937 3233 1208 3301 Μαρτίνον
1241 3232 1332 3282 τὸν
1376 3233 1565 3284 πάπαν
1604 3233 1752 3285 Ῥώ-

178 3339 289 3390 μης
325 3324 455 3391 περὶ
492 3325 701 3375 τούτου⁶
735 3324 935 3392 ὁμοίως
968 3325 1060 3374 καὶ
1089 3324 1223 3390 πρὸς
1256 3323 1482 3391 Σέργιον
1508 3322 1599 3374 τὸν
1630 3323 1753 3374 ἐπί-

178 3430 385 3465 σκοπον
412 3414 1056 3474 Κωνσταντινουπὸλεως.
1094 3414 1202 3465 Καὶ
1231 3416 1259 3465 ὁ
1288 3413 1386 3482 μὲν
1417 3413 1604 3475 πάπας
1630 3414 1756 3482 ἐσήι-

178 3521 354 3573 μανεν
378 3505 527 3572 αὐτῷ
566 3504 705 3557 κατὰ
745 3504 846 3574 τὴν
880 3505 1178 3571 παράδοσιν
1222 3505 1330 3555 τῶν
1372 3504 1544 3568 ἁγίων
1578 3504 1753 3556 Πατέη

177 3614 311 3666 ρων,
344 3597 539 3661 λέγων,
567 3598 648 3649 δτι
673 3596 800 3648 ἔνθα
829 3597 923 3648 δύο
950 3596 1138 3663 φύσεις
1163 3596 1539 3663 γνωρίζονται,
1563 3594 1756 3662 κτιστὴ

175 3689 315 3755 ὁμοῦ
347 3705 406 3740 τε
438 3690 531 3741 καὶ
557 3689 830 3749 ἄκτιστος,
864 3690 1081 3754 ἀνάγκη
1112 3690 1260 3739 πᾶσα
1286 3688 1432 3755 ἔχειν
1464 3688 1634 3748 αὑτὰς
1663 3687 1757 3738 καὶ

179 3780 277 3841 τὰς
326 3779 423 3832 δύο
468 3780 648 3831 αὐτῶν
681 3779 919 3847 φυσικάς
957 3778 1226 3846 ἰδιότητας
1250 3818 1264 3842 ,
1300 3778 1444 3843 λέγω
1474 3777 1539 3845 δὴ
1569 3777 1637 3829 τά
1668 3776 1757 3827 οε-

178 3871 437 3938 λήματα,
468 3870 564 3922 καὶ
599 3868 699 3931 τὰς
726 3870 1026 3937 ἐνεργείας·
1059 3861 1134 3920 ὧν
1163 3870 1272 3935 γάρ
1334 3868 1368 3936 ἡ
1408 3867 1624 3934 θέλησις
1663 3866 1759 3918 καὶ

178 3969 212 4032 ἠ
252 3965 509 4034 ἐνέργεια
540 3964 639 4034 μία
665 4003 681 4027 ,
726 3964 932 4017 τούτων
966 3964 1184 4023 πάντως
1214 3963 1310 4013 καὶ
1355 3964 1387 4029 ὴ
1429 3960 1591 4027 φύσις
1626 3960 1756 4027 μία,

182 4058 275 4107 καὶ
303 4056 370 4108 οὑ
403 4056 497 4108 δύο
525 4054 874 4125 τυγχάνουσι.
908 4054 1093 4107 Ταῦτα
1126 4054 1220 4105 καὶ
1247 4054 1316 4105 τὰ
1348 4052 1577 4107 τοιαῦτα
1601 4053 1759 4120 Μαρ-

178 4143 331 4197 τίνου
356 4143 427 4197 τὰ
461 4144 786 4213 γράμματα.

264 4401 327 4452 '0
354 4400 413 4453 δέ
447 4399 1067 4461 Κωνσταντινουπόλεως
1098 4398 1343 4467 Σέργιος,
1367 4398 1462 4450 ἆτε
1492 4395 1556 4466 δὴ
1594 4398 1761 4465 Συρο-

185 4497 350 4564 γενὴς
378 4495 659 4565 ὑπάρχων,
689 4495 764 4558 ὠς
810 4494 874 4563 δὴ
900 4493 1056 4560 λόγος
1080 4532 1097 4557 ,
1127 4492 1221 4543 καὶ⁵
1255 4489 1459 4555 γονέων
1507 4489 1760 4542 ἰακωϐι-

184 4586 291 4637 τῶν
321 4585 576 4652 ἔγγονος,
618 4586 683 4638 τά
728 4586 942 4637 ἐναντία
974 4585 1253 4653 Μαρτίνου
1285 4582 1575 4634 ἐπέστελλε
1623 4582 1758 4651 πρὸς

196 4676 536 4744 Ἡράκλειον,
571 4676 699 4746 μίαν
725 4693 784 4727 τε
822 4676 1052 4746 φυσικὴν
1078 4676 1318 4745 θέλησιν,
1352 4675 1448 4727 καὶ
1483 4675 1761 4744 ἐνέργειαν

187 4769 243 4821 ἐν
272 4768 496 4837 Χριστῴ
527 4768 882 4838 ὁμολογήσας.
909 4768 1210 4837 Δεξάμενος
1235 4762 1327 4819 οὖν
1358 4768 1385 4815 ὁ
1411 4766 1664 4834 βασιλεὺς
1700 4767 1760 4831 ἐξ

188 4862 517 4930 ἀμἐοτέρων
550 4862 617 4914 τὰ
641 4862 945 4931 γράμματα
973 4861 1256 4929 ἐστοίχησε
1291 4858 1492 4928 μᾶλλον
1518 4862 1630 4921 τοῖς
1660 4858 1763 4910 ὑπὸ

188 4954 419 5022 Σεργίου
470 4958 779 5023 γραφεῖσιν·
832 4954 975 5023 ἆπερ
1021 4954 1115 5005 καὶ
1179 4952 1495 5013 ’Δοανάσιος
1548 4952 1764 5012 ὑπτίαις

192 5044 380 5113 χερσὶν
430 5044 678 5111 ἁσμένως
712 5044 958 5107 ἐδέξατο,
993 5043 1069 5105 ὡς
1114 5042 1418 5111 κακοῦργος
1461 5041 1764 5110 γινώσκων,

190 5134 271 5189 δτι
300 5134 431 5188 ἐνοα
462 5134 559 5205 μία
595 5135 844 5205 ἐνέργεια
876 5136 1111 5203 εἴρηται,
1148 5136 1265 5185 ἐκεῖ
1295 5135 1513 5195 πάντως
1542 5135 1637 5185 καὶ
1669 5133 1766 5201 μία

193 5226 352 5291 φύσις
377 5225 727 5293 γνωρίζεται.
755 5222 887 5278 Εἶτα
909 5225 1296 5277 ἀποστέλλεται
1318 5226 1344 5276 ὁ
1372 5226 1557 5286 πάπας
1586 5223 1767 5291 Κύρος

194 5316 251 5366 ἐν
318 5314 732 5383 Ἀλεξανδρεία,
783 5317 929 5367 ποιεῖ
970 5314 1170 5377 καύτὸς
1207 5315 1409 5383 ὁμοίως
1466 5316 1626 5365 κάκεῖ
1671 5314 1768 5383 τὴν

197 5406 481 5477 ὑδροδαφῆ
509 5406 722 5476 ἐκείνην
743 5408 830 5459 διὰ
874 5407 1152 5477 Θεοδώρου
1185 5406 1280 5459 τοῦ
1309 5406 1610 5475 Φαρανίτου
1640 5406 1770 5457 ἐνω-

198 5512 301 5560 σιν,
336 5497 539 5566 μᾶλλον
587 5498 644 5549 δὲ
673 5499 905 5549 κένωσιν
950 5498 1102 5565 μίαν,
1154 5496 1349 5549 καύτοὶ
1400 5496 1588 5547 αὑτόυι
1634 5496 1770 5565 γρά-

196 5588 398 5655 ψαντες
444 5589 503 5640 ἐν
551 5589 773 5658 Χριστῷ
804 5590 1044 5658 φυσικὴν
1084 5591 1185 5658 τὴν
1218 5590 1517 5657 ἐνέργειαν.
1556 5586 1771 5638 Τούτων

200 5678 264 5747 δὴ
293 5678 484 5731 λοιπὸν
524 5678 667 5730 οὕτω
700 5680 843 5731 κατὰ
883 5679 992 5732 τῶν
1038 5679 1355 5747 Ἀντιοχέων
1389 5677 1483 5729 καὶ
1524 5676 1770 5740 Ἀλεξαν-

203 5768 371 5832 δρέων
400 5770 1019 5840 παρακολουθησάντων,
1056 5772 1135 5832 εἰς
1178 5772 1320 5840 μέγα
1347 5768 1546 5829 ὄνειδος
1580 5770 1612 5836 ἡ
1647 5769 1771 5819 σύν-

1851 1992 1970 2030 nem
1993 1992 2238 2033 sermone
2268 1991 2596 2048 prmuptum,
2628 1991 2683 2034 et
2713 1983 3014 2050 improlmm
3040 1984 3217 2034 nativa
3253 1982 3419 2051 Syru-

1854 2084 1967 2121 rmn
2016 2069 2329 2123 calliditate.
2377 2072 2624 2139 Cumque
2656 2073 2756 2124 sibi
2790 2074 3017 2125 invicem
3066 2072 3134 2124 de
3182 2073 3411 2138 duplicis

1848 2158 2048 2211 Christi
2073 2169 2278 2211 natura:
2311 2161 2414 2212 lide
2451 2162 2947 2213 communicassent
2990 2162 3289 2213 sententias
3314 2201 3327 2222 ,
3369 2163 3419 2212 id

1852 2252 2065 2301 tandem
2098 2250 2368 2315 pollicitus
2396 2260 2477 2302 est
2515 2251 2830 2317 imperator,
2860 2252 2902 2303 si
2934 2252 3037 2303 sibi
3085 2265 3290 2302 morem
3330 2266 3420 2317 ge-

1854 2349 2016 2399 reret,
2050 2349 2402 2407 sanetamque
2431 2340 2927 2393 Chalcedonensem
2958 2343 3221 2409 synodum
3252 2343 3422 2393 susci-

1852 2439 2035 2496 petet,
2091 2430 2261 2495 ipsmn
2310 2432 2428 2498 ejus
2452 2440 2654 2484 sanctae
2687 2431 2968 2482 catholicae
3016 2429 3267 2483 Ecclesie
3329 2446 3421 2496 pa-

1854 2517 2138 2569 triarcham
2181 2517 2294 2571 fore
2341 2517 2788 2570 constituturtnn.
2827 2516 2951 2569 Sive
2987 2516 3150 2583 igitur
3203 2516 3421 2568 simula-

1854 2608 2018 2671 tione,
2071 2610 2185 2661 sive
2232 2610 2337 2659 alio
2383 2607 2574 2686 quovis
2637 2605 2799 2657 modo
2852 2608 3094 2675 suscepit
3158 2606 3423 2673 synodum

1850 2699 2201 2761 Athanasius,
2238 2700 2504 2766 simulque
2531 2702 2667 2751 duas
2701 2701 2752 2751 in
2781 2699 3000 2751 Christo
3044 2698 3225 2748 unitas
3260 2706 3419 2747 ualu-

1852 2801 1939 2839 ras
1957 2801 2075 2840 esse
2098 2786 2378 2840 canl'essus
2398 2798 2499 2839 est.
2523 2786 2615 2839 llis
2640 2787 2709 2839 ita
2728 2786 3057 2852 compositis,
3076 2785 3186 2851 ipse
3204 2784 3271 2836 de
3297 2799 3426 2849 ope-

1853 2877 2171 2939 rationibus,
2197 2888 2251 2930 et
2280 2878 2642 2931 voluntatibus
2675 2888 3022 2944 percontatur
3048 2894 3077 2928 a
3122 2892 3279 2945 rege,
3304 2876 3425 2928 uni-

1850 2980 2041 3020 camne
2091 2976 2297 3020 tantmn
2352 2984 2417 3019 an
2462 2968 2703 3033 duplices
2738 2970 2833 3021 has
2868 2968 3072 3034 pariter
3107 2967 3159 3018 in
3205 2967 3427 3017 Christo

1850 3066 2096 3122 oporteat
2109 3057 2367 3123 proﬁteri.
2385 3056 2710 3120 QuwstiOuis
2733 3056 3012 3121 utriusque
3028 3054 3261 3105 novitate
3280 3067 3427 3103 com-

1856 3156 2028 3198 mOtus
2047 3162 2135 3199 rex
2155 3147 2451 3215 (nunquam
2468 3146 2664 3198 etenim
2689 3147 2753 3196 ad
2773 3156 2954 3197 nostra
2976 3146 3086 3196 haec
3105 3157 3272 3209 usque
3294 3152 3426 3193 tem-

1856 3250 1983 3304 pora
2010 3238 2243 3290 excitata
2284 3236 2502 3302 fuerat),
2537 3237 2603 3289 de
2656 3236 2737 3288 his
2782 3237 2849 3287 ad
2907 3234 3193 3286 Mat-tinum
3239 3233 3428 3286 scribit

1856 3343 2047 3396 papam
2072 3326 2398 3389 Romanum,
2444 3327 2737 3394 itidemque
2762 3327 2827 3378 ad
2882 3326 3128 3393 Sergium
3154 3324 3427 3376 Constan-

1858 3418 2108 3485 tinopolis
2124 3419 2459 3484 episcopum.
2492 3417 2667 3483 Atque
2712 3431 2742 3468 a
2788 3431 2924 3483 papa
2953 3415 3168 3481 quidem
3205 3427 3425 3479 respon-

1857 3522 1974 3561 sum
2006 3508 2239 3574 accipit,
2264 3522 2373 3575 quo
2404 3508 2655 3561 videlicet
2685 3508 2785 3560 sibi
2824 3505 3234 3573 signiﬁcabatur
3271 3504 3425 3568 juxta

1857 3607 2168 3651 sanctorum
2234 3596 2449 3650 Patrum
2519 3598 2894 3659 traditionem,
2969 3595 3057 3648 ubi
3126 3595 3245 3647 dum
3306 3606 3427 3644 esse

1860 3696 2156 3739 noscuntur
2187 3698 2413 3752 naturar,
2445 3697 2626 3740 creata
2658 3688 2913 3739 nimirum
2939 3725 2955 3748 ,
2993 3694 3153 3753 atque
3190 3688 3426 3736 inc-reata

1859 3778 2063 3841 simul,
2128 3778 2203 3831 ibi
2264 3792 2488 3831 necesse
2528 3781 2730 3845 pariter
2778 3792 2938 3840 esse,
2988 3790 3429 3843 unamquamque

1861 3870 2129 3923 naturales
2158 3883 2286 3923 suas
2333 3869 2530 3922 habere
2562 3869 2957 3937 proprietates;
2999 3867 3152 3929 duas,
3187 3866 3426 3933 inquam,

1861 3958 2206 4023 voluntates,
2250 3967 2416 4025 atque
2458 3957 2804 4024 Opes-alienos
2852 3973 2865 4008 :
2904 3971 3133 4022 quorum
3198 3967 3431 4020 namque

1860 4049 2124 4109 voluntas,
2145 4048 2493 4113 operatioque
2511 4061 2615 4099 una
2637 4056 2738 4109 est,
2767 4047 2955 4097 horum
2980 4045 3185 4112 pariter
3216 4044 3431 4094 unicam

1860 4140 2112 4199 omnino,
2159 4152 2264 4189 non
2300 4136 2566 4204 duplicem
2619 4135 2945 4187 censendam
3000 4148 3121 4186 esse
3158 4142 3426 4184 naturam.

1865 4230 2013 4282 llanc
2044 4242 2263 4297 prorsus
2288 4227 2611 4281 sententiam
2635 4225 2848 4279 Martini
2878 4225 3071 4277 littera:
3100 4222 3429 4290 complecte-

1862 4321 2076 4375 bantur.

1937 4412 2160 4479 Sergius
2215 4425 2341 4465 vero
2377 4406 2933 4475 ConstantinOpolita,
2962 4405 3053 4474 qui
3100 4404 3307 4460 scilicet
3364 4420 3429 4457 ex

1796 4521 1837 4575 ι)
1869 4497 2023 4567 Syria
2054 4507 2291 4551 traxerat
2325 4512 2511 4562 genus,
2541 4506 2701 4562 atque
2748 4510 2814 4548 ex
2848 4492 3109 4547 Jacobitis
3151 4496 3428 4561 prognatis

1866 4590 2038 4656 stirpe
2069 4586 2399 4647 dimanabat,
2460 4585 2667 4638 litteras
2710 4586 2776 4635 ad
2830 4583 3135 4636 lieraclium
3178 4583 3325 4635 dedit
3380 4583 3432 4635 in

1866 4683 2151 4733 adversam
2186 4677 2418 4731 Martino
2447 4676 2776 4729 sententiam
2821 4674 3160 4742 conscriptas
3182 4713 3196 4737 ,
3239 4674 3435 4740 quibus

1867 4772 2078 4823 unicam
2130 4769 2428 4821 naturalem
2470 4768 2835 4829 voluntatem,
2868 4767 3352 4833 operationemquc
3385 4766 3436 4817 in

1866 4862 2081 4914 Christo
2109 4861 2484 4913 conﬁtebatur.
2538 4854 2758 4909 Litteris
2803 4858 2855 4908 in
2914 4858 3056 4908 hunc
3087 4872 3246 4922 quem
3297 4856 3439 4906 dixi-

1869 4967 1985 5004 mus
2022 4951 2237 5002 modnm
2285 4949 2353 5001 ab
2392 4959 2621 5010 utroque
2652 4947 2887 5014 acceptis
2941 4947 3256 5014 imperator,
3309 4945 3436 4997 Ser-

1867 5045 1937 5112 gii
1972 5044 2149 5112 potius
2172 5042 2451 5097 sententia:
2481 5045 2756 5095 adhaerere
2787 5042 3091 5102 constituit,
3128 5056 3289 5107 quam
3322 5041 3437 5104 epi-

1869 5134 2005 5187 stola
2027 5144 2398 5200 expresserat,
2440 5147 2707 5201 quamque
2735 5132 3066 5184 Athanasius
3095 5132 3288 5198 gaudio
3322 5130 3437 5184 cla-

1872 5235 1958 5277 tus
1986 5226 2250 5293 resupinis
2269 5234 2560 5291 exceperat
2589 5224 2874 5289 manibus,
2900 5224 2989 5290 qui
3023 5224 3230 5275 scilicet
3275 5222 3435 5274 calli-

1870 5312 1970 5367 dus
2026 5322 2201 5377 norat,
2256 5311 2329 5364 ibi
2383 5312 2602 5365 omnino
2646 5312 2857 5363 unicam
2897 5321 3144 5362 naturam
3207 5309 3436 5374 intelligi

1872 5416 2142 5471 oportere,
2172 5403 2261 5456 ubi
2295 5404 2451 5456 unica
2504 5417 2624 5455 esse
2668 5403 2912 5469 Operatio
2935 5402 3229 5455 diceretur.
3267 5400 3440 5469 Cyrus

1874 5499 2079 5551 interea
2109 5497 2351 5565 pontifex
2376 5496 2759 5549 Alexandriam
2802 5495 3066 5557 mittitur,
3100 5508 3207 5561 quo
3245 5491 3347 5545 loci
3388 5504 3442 5543 et

1880 5590 1992 5657 ipse
2020 5588 2272 5640 similiter
2291 5602 2385 5655 per
2418 5587 2756 5639 Theodorum
2790 5585 3131 5638 i'haranitem
3166 5598 3229 5633 eo
3259 5582 3437 5633 unita-

1877 5678 1969 5741 tis,
1994 5676 2104 5728 sive
2128 5675 2307 5744 potius
2345 5674 2621 5726 inanitatis
2652 5675 2902 5741 dogmate
2952 5672 3224 5733 inﬁcitur;
3271 5684 3439 5737 quare

1882 5768 2092 5833 utrique
2145 5766 2355 5819 unicam
2397 5766 2537 5818 hanc
2600 5763 2898 5816 naturalem
2960 5762 3326 5828 operationem
3388 5759 3440 5811 in
