4190 6438
741 369 875 433 1155

1932 371 1991 426 S.
2036 370 2430 427 ANASTAS”
2475 371 2538 426 ςι
2553 368 2801 427 ΝΛῘΤίἘ

3861 367 4008 428 HBG

736 483 954 534 Christo
979 477 1195 546 scriptis
1224 483 1582 546 promgnant.
1619 475 1714 530 llis
1746 476 1907 544 igitur
1937 476 1989 528 iu
2026 479 2124 529 hac
2155 485 2302 542 post-
2337 481 2378 533 Α

2344 481 2378 533 Α
2407 475 2522 537 οδος
2569 473 2909 540 Χαλκηδόνος
2947 476 3041 526 καὶ
3097 473 3427 542 ἡκαθολική
3475 476 3806 542 περιέπεσεν
3877 478 3999 525 Ἰ-Σκ·

736 589 797 626 ea
835 572 1277 640 permanentihus
1307 571 1576 622 sententia
1608 571 1867 623 adversus
1909 567 2301 630 Autiochenos,

739 674 899 730 atque
941 663 1365 719 Alexandrinos,
1405 660 1456 711 iu
1495 675 1743 727 magnam
1782 657 1970 710 incidit
2012 658 2306 710 Chalcedo-

741 753 929 807 nensis
971 756 1318 822 synodus,et
1365 752 1646 803 Catholica
1690 750 1925 804 Ecclesia
1962 749 2312 816 vituperatio-

743 861 885 897 netu.
918 843 1099 896 Jacobi
1146 859 1377 908 namque
1407 854 1706 895 sei-latores
1763 843 1814 893 in
1868 840 2045 908 Syria,
2079 840 2313 892 Alexan-

742 935 1287 1002 tlr'imqtre'l‘heodosii
1323 935 1568 1000 discipuli
1619 936 1669 987 in
1717 933 1884 1000 ipsius
1913 933 2151 984 dedecus
2200 931 2312 997 glo-

2402 567 2622 634 κλησία.
2659 567 3075 633 Κατεκαύχοντο
3110 566 3218 634 γὰρ
3248 567 3296 616 οἱ
3327 567 3393 617 τὰ
3444 568 3702 618 Ἰακώϐου
3737 570 3792 618 ἐν
3827 567 4010 634 Συρίᾳ

2403 657 2770 724 φρονοῦντες,
2822 657 2912 707 καὶ
2964 658 3013 708 οἱ
3061 657 3128 708 τα
3171 657 3455 708 Θεοδοσίου
3504 660 3560 709 ὲν
3610 657 4010 725 Ἀλεξανδρεὶα

2405 748 2727 814 φάσκοντες,
2756 749 2838 798 ὅτι
2869 746 2977 814 Οὐχ
3007 749 3171 814 ἡμεῖς
3203 750 3268 814 τῇ
3299 747 3626 815 Χαλκηδόνι,
3655 747 3770 798 ἀλλ’
3794 749 3827 814 ἡ
3859 748 4009 797 Χαλ-

2408 841 2589 906 κηδών
2627 841 2830 907 μᾶλλον
2874 843 3005 909 ἡμῖν
3037 842 3389 911 ἐκοινώνησε,
3420 842 3506 893 δια
3545 842 3642 907 τῆς
3675 845 3804 910 μιὶς
3837 844 4006 911 ἐνερ-

2409 933 2558 998 γείας
2597 933 2725 1000 μίαν
2754 933 3135 1001 ὁμολογήσασα
3166 935 3327 999 φύσιν
3359 933 3615 1003 Χριστοῦ.

745 1029 1023 1081 riabautur
1050 1029 1274 1080 aieutes.
1311 1029 1421 1080 Non
1455 1045 1551 1082 nos
1603 1029 1958 1091 Chalcedonii,
2021 1028 2113 1079 sed
2179 1026 2578 1080 Chalcedonem
2635 1030 2811 1094 potius
2853 1031 3131 1081 nobiscum
3189 1030 3541 1094 convenisse,
3598 1044 3716 1097 quze
3747 1029 4009 1082 videlicet

743 1122 813 1171 ob
845 1120 1053 1171 unicam
1087 1119 1286 1171 Christi
1321 1123 1686 1184 operationem
1715 1120 1928 1171 uniearn
1961 1133 2177 1186 quoque
2208 1129 2454 1170 naturam
2487 1120 2604 1182 t-jus
2658 1118 2910 1172 fateatur.

817 1209 1129 1262 llisauditis
1151 1209 1961 1267 lleracliuserulmit;ueterum
2002 1224 2311 1276 quanquam

747 1316 867 1367 qua:
893 1302 1075 1352 animo
1107 1310 1463 1367 proposuerat
1490 1302 1776 1368 repudiare
1811 1301 1996 1361 nollet,
2033 1315 2206 1366 neque
2237 1311 2314 1351 ta-

749 1407 870 1442 men
897 1390 1170 1444 ferendam
1199 1407 1319 1444 esse
1343 1391 1726 1444 contumeliam
1749 1393 2102 1444 exiSIimavit.
2134 1391 2316 1458 Itaque

749 1482 912 1533 veluti
968 1497 1217 1548 maguum
1265 1483 1466 1551 aliquid
1518 1481 1698 1536 facere
1733 1485 2126 1548 excogitasset,
2187 1484 2313 1534 illud

749 1573 891 1639 quod
919 1574 1154 1625 edictum
1190 1583 1529 1639 nuncupatur
1573 1571 1888 1639 publicavit,
1925 1588 2033 1638 qtto
2065 1575 2314 1625 contine-

751 1669 861 1723 tur,
917 1677 1088 1728 neque
1136 1663 1348 1713 unicam
1399 1662 1675 1726 deinceps,
1728 1676 1900 1729 neque
1948 1662 2213 1726 duplicem
2260 1662 2312 1714 in

749 1752 968 1804 Christo
1005 1751 1084 1805 fas
1123 1752 1261 1812 fore,
1299 1753 1542 1805 conﬁteri
1583 1754 1976 1818 Operatinnetn.
2011 1754 2160 1817 Quod
2193 1771 2312 1805 eum

2486 1206 2619 1262 Εἶτα
2651 1211 2889 1267 ἀκούσας
2917 1209 3088 1261 ταῦτα
3133 1210 3452 1278 Ἡράκλειος
3483 1211 3748 1280 ᾐσχύνθη,
3777 1211 3875 1262 καὶ
3908 1229 4008 1261 κα-

2413 1300 2640 1351 ταλῦσαι
2692 1299 2790 1367 μὲν
2832 1301 2900 1351 τα
2948 1303 3124 1352 οἰκεῖα
3169 1303 3270 1352 οὐκ
3321 1303 3515 1369 ἦθελε,
3553 1303 3645 1354 καὶ
3690 1303 3856 1352 πάλιν
3911 1303 4008 1352 τὸν

2413 1391 2714 1458 ὀνειδισμὸν
2742 1393 2839 1459 οὐχ
2864 1391 3123 1459 ὑπέφερε.
3157 1393 3290 1442 Τότε
3320 1392 3383 1459 δὴ
3414 1393 3486 1453 ὡς
3513 1393 3653 1458 μέγα
3681 1408 3732 1441 τι
3761 1391 4006 1456 νομίζων

2415 1487 2607 1544 ποιεῖν,
2645 1484 2916 1534 ἐκτίθεται
2957 1485 3016 1534 το
3048 1485 3343 1552 λεγόμενον
3386 1485 3584 1535 ῖδικτον
3619 1483 3678 1534 τὸ
3711 1483 4002 1549 περιέχον,

2425 1573 2559 1639 μήτε
2589 1573 2739 1639 μίαν,
2771 1574 2909 1641 μήτε
2932 1573 3025 1624 δύο
3047 1574 3324 1643 ἐνεργείας
3353 1575 3636 1642 ὁμολογεῖν
3669 1575 3725 1625 ἐν
3756 1571 4002 1641 Χριστιῖγ

2421 1667 2557 1733 ὅπερ
2587 1667 2651 1732 δὴ
2679 1667 3002 1730 ἀναγνόντες
3046 1669 3093 1717 οἱ
3140 1667 3207 1718 τὰ
3256 1669 3493 1734 Σεϐήρου
3527 1665 3875 1736 φρονοῦντες,
3912 1666 4006 1716 ἐπὶ

2422 1757 2734 1824 καπηλείων
2797 1757 2889 1808 καὶ
2950 1757 3244 1825 βαλανείων
3302 1758 3548 1827 διέσυρον
3617 1759 3714 1825 τὴν
3780 1756 4006 1807 καθολι-

749 1842 813 1893 ad
871 1841 1056 1894 Severi
1117 1852 1446 1894 set-talorum
1503 1844 1748 1895 notitiam
1800 1845 2165 1909 pervenisset,
2217 1859 2311 1909 per
2350 1823 2388 1875 Β

2350 1823 2388 1875 Β
2421 1849 2522 1917 κὴν
2570 1847 2917 1913 Ἐκκλησίαν,
2955 1848 3221 1914 λέγοντες·
3258 1847 3455 1918 Πρώην
3486 1847 3584 1916 μὲν
3608 1849 3675 1898 τα
3698 1847 4003 1914 Νεστορίου

749 1948 1021 1999 cauponas
1074 1934 1351 1995 continuo,
1399 1946 1559 1998 atque
1604 1949 1697 1999 per
1747 1934 1934 1984 balut-a
1978 1934 2310 1985 Catholicam

750 2024 936 2074 sannis
965 2024 1202 2076 lacerare
1237 2034 1517 2091 eruperunt
1542 2023 1862 2086 litzclesiatn,
1897 2025 1945 2076 in
1975 2026 2114 2079 hunc
2147 2027 2314 2078 l'ertue

751 2117 968 2166 modqu
999 2116 1239 2168 dicentes
1272 2132 1376 2167 non
1410 2116 1480 2167 ita
1513 2117 1716 2182 pridem
1749 2116 1981 2168 Nestorii
2015 2116 2312 2184 discipulos

750 2207 1221 2260 Chalcedoneuses
1271 2207 1430 2259 sorde
1485 2209 1693 2260 ablutos
1731 2208 1894 2259 fuisse
1919 2222 2210 2259 conversos
2248 2208 2315 2259 ad

750 2299 1059 2360 veritatem,
1085 2298 1407 2362 conjunrtos
1434 2299 1586 2350 nobis
1612 2299 1662 2349 in
1693 2298 1849 2349 unius
1877 2297 2076 2349 Christi
2109 2309 2316 2350 natura}

2419 1939 2744 2009 φρονοῦντες
2776 1941 2823 1988 οἱ
2869 1939 3261 2007 Χαλκηδονίται
3302 1941 3578 2008 ἁνένηψαν
3625 1938 4004 2005 ἐπιστρέψαν-

2410 2047 2499 2091 τες
2539 2033 2619 2090 εἰς
2654 2031 2751 2100 τὴν
2784 2031 3077 2098 ἀλήθειαν,
3111 2031 3399 2092 ἑνωθέντες
3437 2033 3568 2099 ἡμῖν
3595 2031 3684 2083 διὰ
3726 2031 3831 2098 τῆς
3873 2031 4004 2097 μιᾶς

2410 2121 2692 2189 ἐνεργείας
2746 2124 2824 2182 εἰς
2861 2121 2958 2188 τὴν
3006 2122 3136 2189 μίαν
3167 2122 3259 2173 τοῦ
3294 2121 3529 2191 Χριστοῦ
3581 2123 3763 2188 φύσιν·
3800 2122 3901 2171 νῦν
3945 2120 4004 2170 δὲ

2412 2212 2773 2278 καταγνόντες
2825 2212 2920 2264 τοῦ
2970 2213 3148 2273 καλῶς
3214 2213 3428 2281 ἔχοντος
3483 2213 3775 2266 ἀπώλεσαν
3823 2210 4005 2279 ἀμφό-

2411 2317 2568 2372 τερα,
2609 2305 2745 2370 μήτε
2777 2302 2929 2370 μίαν,
2962 2304 3097 2370 μήτε
3125 2302 3218 2354 δύο
3248 2305 3302 2353 ἐν
3337 2305 3557 2373 Χριστῷ
3583 2301 3999 2370 ὁμολογοῦντες,

754 2391 880 2452 tide,
912 2390 981 2441 ob
1008 2390 1220 2441 unicam
1249 2390 1654 2457 Operationem;
1685 2403 1825 2440 nunc
1861 2402 1989 2440 vero
2054 2401 2174 2454 qua:
2202 2397 2346 2440 recte
2424 2390 2671 2444 instituta
2722 2391 2934 2444 fuerant
2975 2395 3419 2455 eondemnantes,
3464 2404 3753 2460 utramque
3812 2403 4003 2444 sustu-

752 2480 901 2541 lisse,
941 2496 1062 2532 eum
1101 2495 1274 2548 neque
1311 2482 1524 2532 unicam
1553 2480 1687 2546 jam,
1735 2495 1908 2546 neque
1963 2480 2229 2546 duplicem
2265 2481 2316 2532 in
2356 2480 2572 2536 Christo
2607 2484 2989 2537 conﬁteantur.

824 2572 952 2624 llzee
981 2574 1226 2633 audiens,
1256 2572 1800 2638 animadvertensque
1828 2573 2193 2626 Romanorum
2225 2589 2320 2624 an-

755 2660 912 2712 tistes
940 2659 1224 2719 Martinus,
1268 2674 1388 2712 cum
1428 2661 1648 2712 minime
1684 2662 1790 2727 pati
1835 2672 2014 2728 posset
2051 2664 2184 2713 adeo
2213 2662 2316 2712 im-

755 2755 1018 2818 pudenter
1052 2754 1317 2805 dedecore
1357 2751 1601 2804 allectam
1647 2753 1946 2806 Ecelesiam
1988 2755 2316 2821 prospicere,

755 2841 990 2908 plurium
1038 2853 1348 2895 sanctorum
1399 2844 1774 2910 episcoporum
1813 2843 1996 2895 Horme
2051 2845 2316 2912 synodum

755 2931 924 2996 cogit,
972 2931 1023 2982 in
1070 2945 1174 2998 qua
1219 2946 1283 2983 ex
1339 2941 1648 2984 sanctorum
1695 2932 1912 2984 Patrum
1970 2933 2317 2995 testimoniis,

756 3022 891 3074 duas
947 3021 1206 3074 indivisas
1251 3022 1448 3075 Christi
1484 3023 1862 3090 proprietates,
1898 3024 1998 3075 hoc
2059 3033 2142 3075 est
2176 3023 2318 3075 divi-

2486 2575 2671 2628 Ταῦτα
2695 2576 2760 2644 δὴ
2792 2577 3065 2641 ἀκούσας,
3101 2577 3195 2629 καὶ
3234 2576 3456 2645 θεωρῶν
3487 2577 3513 2627 ὁ
3553 2575 3652 2641 τῆς
3712 2574 4005 2643 Ῥωμαίων

2417 2666 2681 2734 πρόεδρος
2717 2668 2995 2736 Μαρτῖνος
3019 2709 3032 2733 ,
3079 2669 3174 2721 καὶ
3213 2667 3288 2737 μὴ
3325 2668 3505 2735 φέρων
3553 2667 3724 2727 οὕτως
3759 2665 4005 2733 αἰσχρῶς

2405 2758 2548 2825 ’ὸρᾷν
2609 2759 3010 2827 ὀνειδιζομένην
3064 2760 3162 2829 τὴν
3210 2759 3561 2826 Ἐκκλησίαν,
3626 2759 3772 2808 ποιεῖ
3823 2759 3884 2807 ὲν
3940 2757 4002 2824 τῇ

2429 2848 2617 2918 Ῥώμῃ
2649 2849 2870 2902 σύνοδον
2906 2851 3171 2903 πλειόνων
3191 2851 3354 2903 ὁσίων
3385 2851 3721 2909 ὲπισκὸπων,
3759 2849 4004 2914 κηρύξας

2417 2941 2482 2991 ἐκ
2515 2941 2834 3009 Πατερικῶν
2884 2944 3204 3011 μαρτυριῶν
3247 2942 3338 2993 δύο
3377 2942 3715 3010 ἀδιαιρέτους
3763 2938 4004 3008 Χριστοῦ

2422 3031 2521 3091 τὰς
2554 3031 2839 3100 ἰδιότητας,
2868 3034 3115 3085 τουτέστι
3168 3034 3267 3101 τὴν
3304 3033 3451 3084 θείαν
3515 3033 3609 3085 καὶ
3648 3033 3749 3099 τὴν
3794 3031 4005 3101 ἀνθρω-

759 3126 883 3162 nam
920 3121 974 3163 et
1011 3111 1299 3163 humanam
1353 3113 1685 3164 voluntatem
1733 3112 1868 3175 ejus,
1921 3124 2081 3179 atque
2119 3128 2316 3179 opera-
2351 3134 2395 3192 ο

2351 3134 2395 3192 c
2427 3125 2591 3191 πίνην
2624 3125 2846 3194 θέλησιν
2899 3125 3061 3178 αὐτοῦ
3121 3126 3217 3176 καὶ
3258 3124 3561 3192 ἐνέργειαν.
3613 3119 3744 3174 Εἶτα
3776 3122 4004 3189 τελευτᾷ

761 3207 957 3254 tionem
1006 3206 1178 3270 palam
1214 3206 1514 3269 proﬁtetur.
1579 3207 1701 3255 l'ost
1747 3205 1858 3256 luce
1890 3204 2119 3256 decessit
2155 3203 2322 3257 llera-

759 3294 894 3345 clius
931 3311 944 3347 :
980 3294 1197 3360 pellitur
1219 3296 1411 3347 exsilio
1434 3294 1696 3348 Martinus
1726 3297 1793 3347 ab
1824 3295 2056 3348 lleraclii
2086 3304 2278 3364 nepote
2308 3312 2322 3349 :

763 3383 1058 3450 statimque
1092 3385 1331 3436 surrexit
1384 3385 1663 3438 solitarius
1707 3385 1928 3439 Amalec
1976 3399 2074 3439 nos
2118 3383 2326 3439 Christi

762 3476 1012 3542 papulum
1043 3477 1373 3542 percutiens.

834 3567 1013 3619 Prima
1058 3583 1120 3620 ea
1174 3569 1275 3621 fuit
1323 3569 1598 3633 terribilis,
1651 3577 1814 3636 atque
1868 3569 2186 3622 insanabilis
2217 3569 2328 3623 lto-

762 3660 905 3712 maui
935 3661 1212 3712 exercitus
1237 3659 1420 3712 clades
1455 3676 1468 3711 :
1505 3659 1617 3723 illa,
1649 3659 1888 3726 inquam,
1915 3661 1979 3711 ad
2010 3659 2326 3725 Gabitharu,

761 3765 816 3807 et
857 3753 1267 3814 lliermurham,
1306 3763 1360 3806 et
1414 3751 1713 3804 Dathemon
1749 3751 2027 3817 sanguinis
2062 3752 2221 3813 fusio,
2261 3751 2327 3803 ad

761 3861 923 3912 quam
964 3845 1390 3908 l'alzestiuorum,
1424 3854 1478 3896 et
1507 3843 1954 3903 Ctesareensium,
1993 3850 2046 3892 et
2077 3842 2328 3894 llieroso-

763 3937 1069 4003 lymitarum
1142 3943 1341 3986 secutae
1391 3943 1517 3986 sunt
1567 3943 1807 4000 captura:
1857 3942 1909 3985 et
1964 3934 2322 3985 incensiones.

762 4026 888 4078 lude
929 4025 1143 4092 Aigypti
1182 4026 1473 4092 pernicies,
1520 4034 1641 4092 post
1689 4040 1816 4076 vero
1869 4026 2125 4077 continuo
2161 4024 2326 4077 Medi-

764 4128 1159 4175 terram-oruru,
1214 4126 1268 4168 et
1303 4117 1628 4177 Insularum,
1663 4125 1717 4168 et
1757 4116 2030 4169 Bouiania:
2060 4117 2326 4168 universae

760 4207 1120 4273 raptivitates,
1148 4205 1579 4272 iusauabilesque
1602 4205 1931 4257 vastationes
1959 4204 2319 4272 contigerunt.

766 4301 960 4351 Vi-rum
997 4313 1169 4363 nepte
1211 4307 1494 4364 propterea
1529 4311 1715 4362 pacem
1774 4297 1998 4348 Romani
2053 4297 2324 4363 principes

760 4399 812 4440 et
873 4387 1239 4439 dominatores
1295 4387 1811 4451 censensionemque
1863 4383 2182 4442 ίὶι·ιιιιιι·ιιιιῑ;
2241 4395 2326 4434 ve-

2441 3213 2783 3282 Ἦρὰκλειος·
2835 3214 3132 3285 ὲξορίζεται
3162 3217 3434 3284 Μαρτῖνος
3480 3214 3584 3266 ὑπὸ
3638 3213 3734 3265 τοῦ
3778 3213 4003 3279 ἐγγόνου

2439 3303 2785 3373 Ἡρακλείου·
2822 3306 2916 3356 καὶ
2949 3304 3144 3357 θᾶττον
3168 3305 3368 3372 ἀνέστη
3397 3305 3425 3355 ὁ
3449 3304 3713 3373 ἑρημικὸς
3756 3303 4006 3371 ’Δμαλὴκ

2427 3394 2648 3447 τύπτων
2691 3395 2840 3464 ἡμᾶς
2868 3394 2960 3447 τὸν
2992 3394 3119 3447 λαὸν
3155 3392 3253 3447 τοῦ
3286 3392 3545 3464 Χριστοῦ.

2498 3569 2712 3638 Ἐκείνη
2745 3563 2813 3639 ἦν
2841 3570 2874 3639 ἡ
2914 3565 3106 3637 πρώτη
3141 3567 3237 3621 καὶ
3283 3565 3492 3635 φοϐερὰ
3533 3566 3630 3618 καὶ
3659 3565 3879 3626 ἀνίατος
3914 3562 4003 3614 τοῦ

2439 3655 2752 3726 Ῥωμαϊκοῦ
2792 3657 3024 3727 στρατοῦ
3062 3656 3298 3718 πτῶσις·
3354 3659 3387 3725 ὴ
3435 3656 3576 3709 κατά
3624 3655 3723 3724 τὴν
3769 3655 4004 3708 Γαϐιθᾶν

2429 3747 2598 3812 λέγω,
2629 3747 2722 3797 καὶ
2764 3747 3109 3816 Ἰερμουχᾶν,
3143 3746 3240 3798 καὶ
3262 3744 3362 3814 τὴν
3395 3745 3658 3814 Δαθεμῶν
3683 3744 4002 3812 αίμοχυσία,

2432 3839 2553 3907 μεθ’
2607 3841 2674 3908 ἣν
2728 3839 2784 3891 αἱ
2837 3839 3250 3903 Παλαιστινῶν,
3310 3839 3405 3891 καὶ
3465 3838 3845 3907 Καισαραίων,
3914 3835 4005 3887 καὶ

2439 3929 2831 3999 Ἰεροσολύμων
2882 3929 3116 3992 ἁλώσεις
3196 3930 3290 3981 καὶ
3321 3929 3646 3998 ἐμπρήσεις.
3684 3924 3824 3980 Εἶτα.
3856 3929 3884 3977 ὁ
3913 3928 4003 3978 Ai-

2428 4020 2655 4086 γύπτιος
2701 4019 2943 4089 ὄλεθρος,
3005 4019 3101 4071 καὶ
3135 4019 3370 4086 καθεξῆς
3420 4021 3477 4071 αἱ
3528 4019 3639 4070 τῶν
3679 4018 4002 4086 μεσογείων,

2428 4112 2527 4164 καὶ
2554 4113 2755 4178 νήσων,
2789 4112 2886 4163 καὶ
2930 4109 3241 4179 Ῥωμανίας
3269 4111 3448 4179 πάσης
3477 4109 3854 4177 αίχμαλωσίαι
3915 4110 4004 4162 καὶ

2429 4202 2638 4253 ἀνίατοι
2664 4204 2994 4270 ἐρημώσεις.
3035 4201 3176 4253 Ἀλλ’
3205 4203 3316 4254 οὐδ’
3347 4201 3517 4262 οὕτως
3545 4202 3624 4263 εἰς
3649 4201 4004 4268 συναίσθησιν

2429 4287 2592 4360 ἦλθον
2617 4293 2666 4344 οἱ
2706 4293 2997 4362 Ῥωμαίων
3026 4293 3288 4362 ἄρχοντες
3340 4293 3434 4345 καὶ
3455 4292 3801 4362 κυριεύοντες
3825 4307 3837 4320 ·
3872 4292 4003 4343 ἀλλὰ

2427 4383 2491 4452 δὴ
2548 4383 3029 4452 μεταστειλάμενοι
3069 4385 3193 4446 τοὺς
3226 4385 3284 4435 ὲν
3337 4386 3402 4454 τῇ
3463 4382 3753 4452 Ῥωμαίων
3800 4383 4005 4450 συνόδῳ

761 4491 878 4527 rum
916 4476 1086 4541 captis
1123 4475 1209 4534 iis,
1252 4476 1342 4542 qui
1377 4477 1425 4526 in
1464 4473 1702 4525 Romana
1738 4473 1944 4541 synodo
1985 4470 2322 4532 ell'ulseraut,
2359 4505 2401 4560 Β

2359 4505 2401 4560 D
2433 4473 2861 4541 διαλάμψαντας,
2893 4473 3326 4541 γλωσσοτομίαις
3378 4475 3471 4526 καὶ
3505 4472 3886 4541 χειροκοπίαις
3928 4475 4002 4534 εἰς

763 4568 1062 4634 linguarum
1094 4565 1455 4626 sectionibus,
1500 4577 1864 4631 manuumque
1902 4563 2326 4616 abscissionihus

763 4657 814 4709 in
853 4657 995 4722 ipsos
1029 4656 1546 4707 animadverterunt.
1588 4654 1692 4706 Sed
1720 4653 1886 4718 quid?
1934 4654 2123 4706 bormn
2173 4651 2327 4703 nobis

761 4765 787 4798 ιι
834 4748 943 4800 Deo
991 4761 1249 4799 concessa
1295 4745 1580 4799 retributio
1636 4747 1763 4805 fuit;
1820 4746 1906 4796 illa
1963 4745 2215 4797 nimirum
2271 4743 2324 4795 in

762 4837 1042 4891 Pltwuicia
1093 4836 1274 4889 totalis
1316 4851 1453 4903 pene
1515 4836 1740 4889 Romani
1801 4837 2092 4895 exercitus,
2131 4837 2326 4886 milita-

763 4931 1008 4996 riumque
1032 4929 1278 4980 ordinum
1305 4928 1592 4994 pernicies,
1643 4937 1805 4994 atque
1854 4927 1905 4978 in
1947 4927 2101 4990 hujus
2144 4941 2326 4977 acces-

763 5038 878 5074 sum
927 5023 1127 5089 pariter
1163 5021 1338 5074 omnis
1379 5019 1675 5073 Christiani
1731 5019 1910 5086 p0puli
1975 5019 2326 5082 locorumque

763 5115 994 5166 vastatio
1027 5131 1039 5164 :
1078 5128 1196 5181 qua:
1239 5128 1344 5165 non
1379 5111 1527 5180 prius
1561 5111 1832 5171 cessavit,
1889 5126 2049 5178 quam
2110 5108 2323 5162 Martini

762 5213 1075 5271 persecutor
1119 5204 1171 5255 in
1208 5203 1392 5256 Sicilia
1446 5204 1622 5271 gladio
1656 5214 1967 5271 peremptus
2011 5213 2112 5255 est.
2159 5201 2328 5265 Ilujus

765 5310 926 5363 porro
970 5295 1107 5347 lilius
1147 5294 1538 5348 Constantinus
1559 5295 1698 5363 pius,
1735 5293 2068 5347 (ecumeuica
2100 5307 2326 5360 congre-

762 5397 886 5455 gata
923 5387 1148 5454 synodo,
1180 5394 1400 5438 sanctas
1449 5387 1726 5452 conjunxit
1780 5385 2072 5445 Ecelesias,
2129 5383 2180 5435 in
2215 5399 2319 5450 qua

763 5478 944 5528 divina
976 5477 1133 5528 simul
1170 5486 1224 5529 et
1250 5478 1482 5528 humana
1511 5477 1635 5531 Jcsu
1663 5477 1865 5531 Christi
1905 5476 1995 5529 Dei
2031 5477 2200 5529 nostri
2232 5489 2324 5527 vo-

768 5570 966 5624 luntas,
994 5577 1155 5633 atque
1184 5575 1417 5634 potestas
1446 5568 1717 5620 communi
1743 5567 2085 5619 confessione
2117 5565 2320 5618 consti-

768 5665 882 5708 tuta
935 5667 1036 5709 est.
1070 5660 1198 5722 Qua:
1229 5669 1409 5709 sancta
1464 5659 1725 5727 synodus,
1765 5658 1928 5711 veluti
1982 5656 2323 5723 aceeptahile

766 5745 1113 5814 sacriﬁcium,
1167 5760 1220 5804 et
1275 5760 1329 5804 ut
1383 5753 1559 5805 Λευ-οη
1590 5749 1720 5804 illud
1790 5749 2106 5816 thymiama,
2148 5763 2175 5797 a
2217 5746 2324 5800 beo

2437 4566 2635 4626 αὐτοὺς
2692 4566 3014 4634 ἐχρήσαντο.
3049 4564 3113 4615 Τί
3167 4566 3260 4628 δέ;
3320 4565 3475 4634 καὶὴ
3530 4564 3737 4615 τούτων
3771 4565 3908 4632 ἡμῖν
3944 4565 4004 4614 ἐκ

2428 4655 2564 4707 Θεοῦ
2597 4656 2869 4720 ἀντίδοσις
2890 4673 2903 4686 ·
2938 4656 3120 4726 ἐκείνη
3149 4659 3180 4725 ὴ
3212 4658 3267 4708 ἐν
3293 4660 3359 4725 τῇ
3387 4656 3608 4728 Φοινίκῃ
3652 4656 3859 4725 μικροῦ
3894 4657 4003 4708 δεῖν

2430 4749 2704 4817 παντελὴς
2735 4749 2829 4799 τοῦ
2869 4748 3188 4815 Ῥωμαϊκοῦ
3232 4747 3486 4816 στρατοῦ,
3536 4749 3628 4799 καὶ
3679 4747 3774 4799 τοῦ
3813 4749 4001 4798 στόλου

2427 4837 2695 4901 ἀπώλεια,
2736 4839 2830 4889 καὶ
2874 4840 2906 4905 ἡ
2939 4839 3076 4888 κατὰ
3107 4837 3408 4905 πρόσϐασιν
3441 4837 3602 4888 πάλιν
3629 4836 3851 4888 πάντων
3899 4837 4003 4887 τῶν

2429 4931 2831 4999 Χριστιανικῶν
2887 4931 3064 4994 λαῶν,
3126 4932 3220 4982 καὶ
3271 4933 3450 4983 τόπων
3506 4932 3785 5000 ἐρήμωσις
3823 4947 3835 4958 ·
3886 4931 4001 4999 ἣτις

2428 5024 2527 5073 οὑκ
2587 5023 2886 5083 ἐπαύσατο,
2933 5022 3092 5091 ἄχρις
3149 5023 3214 5073 ἂν
3265 5024 3292 5072 ὁ
3346 5021 3620 5090 Μαρτίνου
3678 5020 3914 5088 διώκτης
3947 5022 4002 5070 ἐν

2429 5112 2652 5181 Σικελίᾳ
2689 5113 2794 5163 ὑπὸ
2827 5113 3107 5181 μαχαίρας
3136 5112 3430 5163 ἀπέθανεν.
3477 5112 3535 5163 Ὀ
3579 5111 3635 5162 δὲ
3661 5110 3853 5161 τούτου
3891 5111 4002 5171 υίὸς

2429 5205 2836 5264 Κωνσταντῖνος
2877 5206 2906 5254 ὁ
2958 5203 3189 5272 εὐσεϐὴς
3233 5202 3300 5254 δι’
3348 5203 3732 5272 οίκουμενικῆς
3780 5203 4000 5254 συνόδου

2426 5295 2523 5355 τὰς
2558 5295 2722 5359 ἁγίας
2774 5293 3102 5360 Ἐκκλησίας
3143 5294 3344 5362 ἧνωσε,
3397 5293 3549 5345 θείαν
3598 5309 3656 5344 τε
3708 5293 3852 5361 ὁμοῦ
3911 5295 4002 5346 καὶ

2426 5384 2781 5451 ἀνθρωπίνην
2838 5387 2894 5435 ὲν
2947 5385 3166 5452 Χριστῷ
3197 5384 3273 5452 τῷ
3317 5383 3436 5452 Θεῷ
3488 5383 3642 5451 ἡμῶν
3689 5386 3837 5436 κατὰ
3875 5386 4001 5446 τοῦς

2427 5473 2616 5538 ἁγίους
2655 5475 2905 5540 Ιιατέρας
2961 5472 3304 5540 ὁμολογήσας
3351 5471 3571 5539 θέλησίν
3622 5487 3681 5520 τε
3725 5471 3817 5521 καὶ
3852 5472 3998 5538 ἐνέρο

2426 5580 2604 5630 γειαν.
2640 5563 2800 5622 "litt;
2833 5559 2955 5612 ὁσία
2986 5559 3222 5623 σύνοδος,
3266 5560 3456 5630 ὥσπερ
3489 5560 3649 5612 θυσία
3705 5560 3995 5630 εὐπρόσδε-

2427 5672 2573 5717 κτος,
2605 5655 2700 5705 καὶ
2735 5653 2809 5715 ὡς
2838 5655 3016 5706 ἐκεῖνο
3049 5653 3112 5704 τὸ
3139 5651 3234 5704 τοῦ
3277 5653 3491 5720 Ἀαρῶν
3537 5651 3791 5720 θυμίαμα
3831 5668 3993 5720 προσ-

2425 5747 2674 5814 δεχθεῖσα
2695 5745 2844 5813 παρὰ
2862 5743 2938 5812 τῷ
2965 5742 3084 5812 Θεῷ
3101 5742 3192 5795 ἐπὶ
3218 5742 3388 5797 εἴκοσι
3413 5743 3632 5814 χρόνους
3660 5744 3752 5796 τὸν
3778 5743 3992 5810 ὄλεθρον
