4190 6438
142 401 279 466 1157

1564 415 1817 474 SERMO
1863 417 1976 475 111.

3261 417 3395 481 1158

138 518 234 566 τοῦ
306 518 584 588 ἡμετέρου
639 520 767 573 λαοῦ
828 522 1067 584 ἔπαυσε,
1130 527 1230 591 τὴν
1281 526 1556 595 μάχαιραν
1617 527 1723 578 τῶν

1853 542 2074 598 ιχιευνιςι,
2126 531 2311 599 viginti
2345 546 2611 586 annorum
2665 531 2862 599 spatio,
2913 545 3128 585 cessare
3177 531 3397 585 omnino

140 608 363 676 ἐχθρῶν
413 614 534 664 κατ’
591 613 836 680 ἀλλήλων
896 617 1076 668 αὐτῶν
1137 618 1332 683 ἤγαγε,
1397 619 1495 680 τὰς
1547 617 1732 686 χώρας

140 699 477 761 ἀνέπαυσε,
538 703 640 771 τὴν
697 705 969 758 θάλατταν
1033 707 1262 775 πλόϊμον
1311 709 1576 774 ἐποίησε.
1631 707 1728 771 τὰς

140 793 531 858 αἰχμαλωσίας
572 795 890 859 διεκώλυσε,
958 799 1050 849 καὶ
1107 799 1256 869 πάσῃ
1319 804 1381 866 τῇ
1448 799 1729 866 Ῥωμανίᾳ.

140 881 334 932 ἄνεσιν
370 886 466 936 καὶ
501 887 850 956 παράκλησιν
887 889 979 939 καὶ
1027 891 1254 958 εἰρήνην
1284 889 1344 938 ού
1384 889 1608 956 μετρίαν
1645 904 1732 938 πε-

142 973 406 1041 ποίηκεν.
455 977 618 1029 Ἀλλά
662 978 724 1046 δὴ
783 977 954 1030 ταῦτα
1003 981 1184 1031 πάντα
1233 980 1281 1031 οἱ
1335 980 1728 1048 ματαιόφρονες

143 1063 245 1115 οὐκ
279 1065 554 1130 ἔγνωσαν,
574 1067 692 1119 οὐδὲ
723 1069 988 1136 συνῆκαν,
1013 1072 1069 1120 ἐν
1090 1071 1271 1122 σκότει
1292 1070 1726 1138 διαπορεύονται,

145 1153 237 1203 ἐπὶ
280 1156 626 1222 καπηλείων,
663 1160 757 1208 καὶ
806 1159 1122 1226 βαλανείων,
1176 1162 1270 1211 καὶ
1313 1161 1604 1229 κορασίων,
1639 1159 1732 1209 καὶ

146 1245 447 1314 ἑταιρίδων
477 1248 624 1315 ἡμᾶς
653 1249 1025 1318 διασύροντες,
1075 1252 1167 1302 καὶ
1213 1253 1535 1318 φάσκοντες,
1565 1250 1647 1301 ὅτι
1682 1251 1730 1300 υἱ

147 1338 240 1390 δύο
275 1341 566 1410 θελήματα
595 1343 846 1410 λέγοντες
874 1347 931 1396 ἐν
960 1345 1039 1415 τῷ
1070 1345 1310 1415 Χριστῷ,
1344 1348 1557 1406 πάντως
1585 1345 1645 1395 τὸ
1675 1343 1732 1394 ἓν

149 1433 360 1496 ἀγαθὸν
390 1435 634 1500 λέγουσι,
671 1438 730 1488 τὸ
759 1439 814 1489 δὲ
838 1439 1026 1506 ἓτερον
1053 1439 1307 1506 πονηρὸν,
1345 1438 1405 1489 τὸ
1449 1437 1503 1488 ἓν
1531 1437 1729 1496 θεῖκδν,

149 1523 207 1574 τὸ
233 1524 292 1575 δὲ
331 1526 525 1595 ’ἕτερον
555 1528 881 1579 διαϐολικόν.
922 1528 1041 1589 Πῶς
1079 1529 1186 1597 γὰρ
1218 1529 1441 1579 δυνατὸν
1484 1528 1619 1587 ὅλως
1648 1526 1735 1576 λέ-

151 1633 270 1680 γειν
291 1618 640 1686 ἀνθρώπινον
671 1621 883 1689 θέλημα
908 1623 964 1672 ἐν
986 1621 1205 1690 Χριστῷ
1227 1639 1241 1685 ;
1267 1620 1363 1672 τοῦ
1408 1618 1733 1672 ’Λποστόλου

151 1711 433 1776 λέγοντος,
465 1715 548 1764 δτι
597 1731 615 1762 ι
655 1714 728 1764 Τὸ
775 1713 992 1782 θέλημα
1035 1717 1136 1782 τῆς
1181 1713 1384 1781 σαρκὸς
1417 1711 1566 1779 νόμῳ
1598 1708 1734 1760 Θεοῦ

151 1805 248 1872 οὐχ
300 1806 708 1858 ὑποτάσσεται·
752 1825 769 1855 ι
806 1806 936 1857 καῖ’
979 1825 996 1855 ι
1044 1805 1118 1856 Τὸ
1145 1804 1356 1871 θέλημα
1390 1802 1487 1867 τῆς
1539 1799 1739 1866 σαρκὸς

1829 623 1958 675 l'ecit
1994 624 2168 688 gentis
2194 632 2391 675 nostrae
2424 625 2735 690 perniciem,
2793 623 3109 689 gladiosque
3151 622 3398 673 inimicm-

1831 727 1948 764 rum
1983 713 2033 764 in
2064 715 2207 779 ipsns
2232 713 2459 765 invicem
2481 715 2751 766 convertit
2779 731 2790 763 :
2819 712 3133 765 civitatibus
3153 712 3397 779 requient

1831 804 2080 866 contulit,
2113 806 2382 870 placidum
2436 803 2559 856 fecit
2597 822 2765 866 mare,
2809 803 3084 870 sanguinis
3106 802 3400 854 effusiones

1832 897 2005 948 valide
2061 897 2326 959 enhihuil,
2383 897 2758 961 universteqne
2811 893 3086 947 Itntnanim
3137 893 3400 957 requiem,

1832 986 2249 1048 relaxatinnem,
2287 985 2740 1042 consolationem.
2771 1000 3071 1052 pacemque
3104 981 3402 1036 incredibio

1831 1076 1934 1129 lem
1966 1077 2318 1143 comparavit.
2350 1075 2543 1130 Vermn
2573 1076 2684 1128 hac
2713 1092 2842 1128 sane
2867 1076 3048 1126 omnia
3085 1073 3405 1139 insipientes

1834 1183 1939 1222 nou
1965 1178 2354 1235 cognoverunt,
2408 1181 2582 1234 neque
2619 1166 3034 1226 intellexerunt;
3072 1164 3124 1216 in
3162 1162 3402 1215 tenebris

1833 1261 2131 1319 ambulant,
2155 1270 2315 1326 atque
2342 1274 2438 1326 per
2467 1273 2760 1324 cauponas,
2783 1273 2876 1324 per
2899 1258 3113 1315 balnea,
3148 1255 3401 1318 interque

1836 1349 2274 1402 muliercularum
2318 1350 2555 1416 agmina,
2589 1357 2640 1399 ct
2672 1346 2953 1411 lupanaria
2989 1344 3144 1396 nobis
3200 1339 3404 1395 calum.

1835 1442 2078 1500 niantnr,
2109 1441 2316 1492 aientcs
2346 1453 2442 1492 eos
2467 1438 2556 1504 qui
2576 1438 2709 1490 duas
2731 1452 2853 1489 esse
2884 1436 2933 1487 in
2964 1435 3182 1489 Christo
3217 1433 3408 1485 volnu-

1838 1542 1977 1586 tates
2030 1531 2319 1592 aliirmant,
2379 1530 2602 1582 alteram
2655 1530 2847 1580 bonam
2899 1527 3124 1578 omnino
3183 1536 3406 1591 ponere,

1837 1625 2060 1678 alteram
2093 1625 2356 1692 iniquam,
2394 1637 2556 1674 unam
2593 1621 2849 1680 divinam,
2877 1619 3103 1669 alteram
3137 1629 3268 1667 vero
3299 1614 3411 1664 dia-

1837 1714 2088 1766 bnlicant.
2113 1713 2225 1777 Qua
2247 1713 2413 1775 enim,
2443 1711 2714 1778 inquiunt,
2743 1707 2951 1762 ratione
2979 1707 3092 1760 lieri
3127 1712 3325 1773 potest,
3353 1711 3413 1755 ut

1840 1803 2077 1856 humana
2113 1817 2233 1855 esse
2269 1803 2322 1854 in
2377 1802 2596 1854 Christo
2629 1801 2842 1852 dicatur
2889 1800 3164 1860 voluntas,
3220 1796 3404 1848 aiente

154 1892 326 1959 ἔχθρα
344 1894 427 1952 εἰς
456 1893 609 1944 Hadr
637 1913 654 1942 ι
676 1893 786 1946 καί·
828 1911 845 1944 ι
877 1890 1065 1959 Ἶιμέν
1093 1909 1224 1942 ποτε
1257 1892 1349 1943 καὶ
1386 1891 1546 1958 ἡμεῖς
1579 1890 1736 1938 άπειο

1853 1893 2100 1961 Apostolo
2130 1892 2274 1960 quod
2313 1910 2330 1942 ι
2370 1892 2620 1944 voluntas
2660 1889 2842 1943 carnis
2884 1889 2992 1939 Deo
3027 1902 3129 1938 non
3187 1882 3413 1948 subjici-

154 1980 294 2042 θεῖς,
353 1982 641 2044 ποιοῦντες
667 1983 736 2034 τά
771 1983 1054 2051 θελήματα
1101 1983 1201 2053 τῆς
1235 1981 1437 2050 σαρκός
1465 1995 1477 2007 ·
1523 1980 1585 2030 τὸ
1627 1978 1737 2050 γὰρ

157 2071 377 2142 θέλημα
419 2074 520 2143 τῆς
549 2074 751 2144 σαρκὸς
786 2075 1039 2138 θάνατος.
1084 2093 1103 2126 ι

229 2336 428 2390 Ταῦτα
455 2339 549 2390 καὶ
573 2339 644 2391 τὰ
669 2339 894 2393 τοιαῦτα
921 2339 969 2390 oi
995 2339 1091 2408 τῆς
1120 2337 1377 2406 ἀληθείας
1407 2334 1596 2406 ἐχθροὶ
1618 2331 1740 2386 καθ’

162 2429 323 2498 ἡμῶν
360 2430 705 2496 ὑλακτοῦσιν,
740 2434 814 2495 ὡς
849 2434 1033 2498 κύνες,
1062 2434 1156 2486 καὶ
1190 2434 1370 2493 ἵπποι,
1394 2432 1487 2483 καὶ
1507 2429 1740 2500 ⁴Ιίιμίονοι,

162 2515 243 2582 οἷς
275 2522 380 2572 οὐκ
416 2523 532 2575 ἔστι
567 2523 803 2587 σύνεσις,
837 2524 1300 2594 συκοφαντοῦντες
1331 2523 1502 2590 ἡμᾶς,
1540 2519 1615 2582 ὡς
1653 2519 1744 2570 δύο

163 2614 462 2682 πρόσωπα,
495 2616 589 2665 καὶ
622 2614 714 2666 δύο
744 2615 1076 2676 ὑποστάσεις
1101 2614 1358 2680 λέγοντας
1407 2611 1466 2661 ἐν
1497 2609 1740 2678 Χριστῷ,

164 2707 260 2756 καὶ
291 2705 388 2756 δύο
419 2705 758 2774 διορισμοὺς,
805 2707 901 2758 καὶ
934 2706 1027 2757 δύο
1066 2705 1316 2764 ἐναντίας
1346 2700 1616 2765 ἐξουσίας,
1653 2701 1746 2752 καὶ

166 2797 542 2864 ἀρνουμένους
564 2799 661 2866 τὴν
680 2797 974 2849 Θεοτόκον
997 2796 1202 2863 φωνὴν,
1235 2795 1328 2846 καὶ
1355 2793 1533 2845 πάντα
1559 2791 1742 2852 διπλᾶ,

167 2889 262 2939 καὶ
296 2887 608 2956 διῃρημένα
660 2887 754 2939 ἐπὶ
799 2886 966 2939 αὑτοῦ
1016 2886 1462 2953 δογματίζοντας,
1511 2881 1606 2932 καὶ
1653 2879 1748 2932 δύο

169 2979 480 3046 ἐνεργείας,
511 2978 724 3046 ἀγαθήν
746 2994 805 3028 τε
835 2978 930 3028 καὶ
965 2976 1205 3044 πονηράν
1233 2976 1319 3026 ἐπ’
1344 2971 1510 3026 αὑτοῦ
1539 2970 1747 3039 κηρύτ-

168 3086 388 3130 τοντας.
426 3070 503 3120 Δι’
536 3062 775 3121 ὧντινων
826 3067 1104 3137 φλυαριῶν
1141 3083 1200 3117 τε
1244 3065 1340 3115 καὶ
1375 3060 1749 3130 συκοφαντιῶν

171 3159 416 3225 ἐϐλαψαν
433 3159 618 3222 λαοὺς,
638 3158 861 3226 ἑσχισαν
889 3149 1235 3224 Ἐκκλησίας,
1255 3155 1524 3222 ἐτάραξαν
1539 3150 1744 3222 χώρας,

172 3253 475 3321 ἐνύϐρισαν
499 3254 598 3322 τὴν
627 3252 833 3314 πίστιν,
866 3251 1030 3321 ἱερεῖς
1057 3249 1383 3316 ἀπέσχισαν,
1420 3247 1748 3314 μονάζοντας
1776 3225 1820 3284 C

173 3347 515 3414 ἐπλάνησαν,
541 3346 810 3415 ἄρχοντας
845 3344 1098 3412 ἐμίαναν,
1125 3343 1193 3393 τά
1218 3341 1400 3392 πάντα
1429 3339 1749 3396 ἐσάλευσαν,

174 3438 361 3488 πᾶσαν
391 3436 766 3498 πόλιν,πᾶσαν
799 3435 1014 3505 κώμην,
1053 3436 1236 3485 πᾶσαν
1271 3431 1561 3499 ἐπαρχίαν,
1593 3428 1754 3494 διωγ-

185 3531 321 3596 μοὺς
370 3528 724 3596 ποιήσαντες,
746 3526 1062 3594 αίκισμοῦς,
1081 3523 1372 3589 ἐτασμους,
1392 3519 1752 3588 άφορισμοὺς,

177 3617 422 3685 ἐξορίας,
477 3616 801 3678 καταδίκας,
841 3615 959 3676 οἵας
989 3613 1110 3664 οὐδὲ
1151 3610 1421 3681 Ἀρειανοὶ
1468 3608 1611 3661 κατὰ
1659 3608 1757 3674 τῆς

192 3708 551 3777 Ἐκκλησίας,
589 3707 746 3777 μῖσός
779 3723 838 3759 τε
887 3705 1134 3758 τοιοῦτον
1168 3703 1305 3771 πρὸς
1337 3701 1482 3770 ἡμᾶς
1521 3700 1755 3766 ἔχοντες,

179 3796 296 3853 οἷον
314 3799 443 3852 οῦτε
460 3799 596 3867 πρὸς
630 3797 944 3860 Ἰουδαίους,
965 3797 997 3865 ἢ
1017 3796 1316 3864 Σαμαρεῖς,
1342 3792 1375 3861 ἦ
1399 3789 1755 3858 Μανιχαίους,

182 3892 215 3960 ἦ
269 3890 565 3958 Ἓλληνας,
622 3889 655 3956 ἦ
708 3888 1024 3948 ἀποστάτας
1059 3886 1302 3953 ἔχουσιν·
1360 3881 1677 3951 αἱρούμενοι
1703 3879 1760 3931 δὲ

185 3983 392 4050 μᾶλλον
425 3979 740 4041 συνδυάζειν
770 3978 868 4029 καὶ
893 3975 1311 4037 συναυλίζεσθαι
1332 3977 1444 4035 τοῖς
1468 3974 1535 4022 τὰ
1565 3970 1760 4022 εἴδωλα

183 4068 611 4141 προσκυνοῦσιν,
637 4070 670 4138 ἢ
695 4071 828 4138 ἡμῖν
851 4070 963 4130 τοῖς
988 4068 1086 4130 τὰς
1106 4067 1200 4119 δύο
1223 4065 1460 4134 Χριστοῦ
1494 4064 1762 4132 ἰδιότητας

184 4162 517 4231 ἀδιαιρέτως
575 4159 820 4225 λέγουσι,
868 4159 963 4210 καὶ
1017 4156 1373 4225 συνεύχεσθαι
1427 4155 1626 4223 μᾶλλον
1666 4154 1764 4204 σὺν

201 4253 484 4312 Ἰουδαίοις
515 4250 894 4320 ἐκλεγόμενοι,
920 4250 954 4319 ἢ
989 4251 1085 4303 σὺν
1119 4251 1250 4318 ἡμῖν
1277 4250 1390 4309 τοῖς
1411 4244 1766 4314 ὁμολογοῦσιν

188 4348 244 4397 ἐν
298 4342 526 4413 Χριστῷ
584 4341 738 4395 θείαν
798 4358 859 4394 τε
895 4342 991 4394 καὶ
1049 4338 1402 4409 ἀνθρωπίνην
1442 4338 1766 4405 άδιαιρέτως

189 4434 416 4502 θέλησίν
446 4449 506 4484 τε
541 4434 635 4484 καὶ
665 4433 950 4502 ἐνέργειαν
972 4445 986 4459 ⁸
1021 4432 1096 4500 μὴ
1145 4431 1483 4499 βουλόμενοι,
1523 4430 1665 4498 τάχα
1711 4429 1767 4481 δὲ

1847 1985 1967 2036 ιυι·¹
2014 2001 2032 2032 ι
2066 1993 2118 2035 et
2152 2001 2165 2035 :
2201 2000 2219 2032 ι
2261 1982 2516 2034 Voluntas
2547 1981 2730 2034 carnis
2755 1979 3037 2032 inimicitia
3069 1979 3121 2029 in
3151 1976 3351 2029 Deunt‘
3384 1993 3402 2024 ι

1844 2086 1897 2129 et
1932 2095 1950 2127 ι
1986 2076 2209 2130 Fuimus
2240 2075 2530 2140 aliquando
2553 2075 2718 2126 etiam
2755 2086 2852 2124 nos
2887 2071 2996 2124 Deo
3032 2068 3410 2122 iuobedientes

1845 2167 2028 2220 carnis
2055 2167 2383 2218 voluntatem
2408 2166 2668 2218 facientes
2698 2179 2712 2216 :
2748 2169 2997 2216 voluntas
3029 2173 3259 2226 namque
3288 2172 3414 2212 car-

1846 2257 1934 2310 nis
1966 2270 2111 2309 mors
2139 2254 2298 2308 est'?
2337 2272 2356 2305 ι

1923 2343 2066 2406 Ηαιο,
2094 2345 2396 2411 horumque
2418 2339 2616 2394 similia
2639 2339 2900 2393 adversus
2925 2353 3025 2391 nos
3048 2338 3252 2390 latrant
3273 2334 3416 2389 veri-

1852 2437 1982 2490 tatis
2020 2437 2227 2500 boSIes,
2254 2443 2313 2487 ut
2349 2446 2537 2492 canes,
2564 2440 2619 2484 et
2653 2431 2802 2498 equi,
2823 2439 2878 2483 et
2902 2430 3056 2491 nntli,
3087 2429 3284 2495 quibus
3305 2443 3412 2480 non

1850 2538 1934 2584 est
1971 2528 2300 2588 intellectus,
2335 2523 2648 2576 calumniati
2699 2523 2888 2585 nobis,
2944 2532 3203 2587 tanquam
3278 2519 3414 2570 duas

1851 2633 2146 2688 personas,
2215 2617 2457 2683 duasque
2516 2613 2892 2667 subsistentias
2976 2613 3283 2664 diceremus
3366 2609 3418 2659 in

1851 2710 2087 2770 Christo,
2137 2709 2438 2775 duplexque
2489 2706 2616 2758 item
2674 2705 2962 2756 discrimen
3016 2700 3418 2762 distinctionis,

1853 2802 2094 2865 duasque
2131 2798 2437 2849 contrarias
2483 2805 2817 2863 potestates;
2855 2803 2908 2845 et
2950 2792 3246 2845 Theotocou
3295 2789 3419 2843 Dei-

1853 2907 1997 2957 purw
2050 2905 2234 2943 vocem
2291 2902 2643 2955 negaremus,
2694 2887 2984 2952 omniaque
3029 2885 3286 2947 diversa,
3335 2891 3422 2934 at-

1855 2997 1960 3047 que
2007 2981 2263 3034 distincta
2314 2990 2678 3033 statueremus
2727 2979 2777 3030 in
2843 2979 2991 3043 ipso,
3025 2975 3290 3042 duplicem
3324 2974 3420 3026 de-

1863 3073 2023 3139 nique
2049 3072 2439 3139 Operatinnem,
2501 3070 2695 3121 bonam
2725 3077 2779 3121 et
2807 3068 3002 3119 malam
3046 3066 3098 3117 in
3130 3080 3194 3118 eo
3220 3063 3425 3117 consti-

1860 3172 2156 3217 lneremus.
2198 3161 2405 3227 Quibus
2431 3162 2693 3223 dicteriis,
2724 3168 2778 3213 et
2810 3158 3098 3212 calumniis
3129 3157 3424 3210 maximum

1855 3256 2148 3308 intulerunt
2208 3254 2415 3322 populis
2466 3255 2745 3314 damnum,
2779 3253 3077 3304 scisserunt
3127 3247 3426 3308 Ecclesias,

1855 3352 2142 3402 turbarunt
2162 3349 2346 3407 urbes,
2381 3345 2574 3412 injuria
2606 3344 2764 3395 [idem
2792 3341 3112 3402 alTecerunt,
3136 3339 3430 3392 schismate

1855 3440 2152 3493 diviserunt
2191 3436 2541 3496 sacerdotes,
2586 3433 2917 3499 deceperunt
2965 3429 3264 3491 solitarios,
3297 3441 3428 3480 con-

1857 3531 2186 3583 taminarunt
2218 3525 2510 3594 principes,
2555 3523 2734 3577 omnia
2773 3521 3137 3581 concitarunt,
3183 3517 3234 3570 in
3271 3517 3420 3570 omni

1858 3621 2009 3681 urbe,
2062 3619 2113 3671 in
2171 3616 2316 3671 onmi
2370 3616 2628 3674 incolatu,
2689 3615 3104 3683 principatnque
3167 3625 3428 3679 persecu-

1859 3712 2059 3764 tionem
2111 3716 2539 3766 commoventes,
2575 3706 2822 3774 injurias,
2865 3704 3264 3771 inquisitiones,
3308 3715 3432 3752 sen-

1861 3803 2095 3863 tentias,
2145 3800 2359 3862 exsilia,
2409 3799 2929 3858 condemnationes,
3001 3795 3187 3863 quales
3260 3807 3435 3860 neque

1861 3894 2045 3947 Ariani
2128 3901 2542 3946 conunoverunt
2617 3892 2824 3958 uspiam
2908 3888 3171 3939 adversus
3248 3883 3434 3936 Eccle-

1862 3987 2018 4046 siam,
2048 3990 2197 4035 tanto
2225 3997 2323 4036 nos
2349 3981 2472 4032 odio
2503 3979 2796 4048 prosecuti,
2831 3988 3092 4044 quantum
3127 3989 3300 4042 neque
3331 3973 3430 4024 atl-

1862 4092 2055 4130 versus
2077 4075 2315 4136 .ludaaos,
2355 4071 2437 4127 vel
2483 4072 2804 4132 Satnaritas,
2844 4070 2925 4121 vel
2969 4069 3318 4126 Manichzeos,
3351 4061 3435 4116 vel

1864 4167 2103 4229 Graecos,
2147 4165 2229 4217 vel
2277 4177 2603 4221 recessores,
2641 4161 2755 4214 sive
2777 4169 3054 4227 apostatas
3083 4157 3265 4209 animo
3294 4169 3433 4206 con-

1867 4259 2165 4328 cepissent,
2202 4257 2530 4309 commorari
2561 4255 2764 4320 p0tius,
2798 4252 3144 4318 copularique
3170 4247 3434 4314 eligentes

1866 4365 1986 4404 Cum
2021 4346 2286 4399 idolorum
2321 4344 2621 4397 cultorilms
2650 4357 2812 4409 quam
2848 4339 3154 4397 uobiscum,
3184 4337 3273 4401 qui
3303 4333 3439 4386 duas

1869 4438 2101 4492 indivise
2137 4434 2337 4487 Christi
2365 4434 2724 4500 pr0prietates
2755 4432 3102 4498 prolitemur;
3138 4435 3191 4477 et
3241 4421 3439 4490 priete-

193 4531 334 4597 μήτε
370 4526 662 4593 δυνάμενοι
723 4523 1027 4592 διακρίναι,
1071 4523 1123 4576 τί
1165 4523 1265 4591 μέν
1317 4523 1432 4573 ἐστι
1480 4523 1540 4573 τὸ
1588 4522 1750 4573 θεῖκδι

1875 4538 2056 4582 rentes
2088 4541 2207 4578 cum
2226 4525 2428 4578 Jndzeis
2451 4524 2698 4577 oratione
2725 4522 3039 4580 convenire,
3067 4531 3230 4583 quam
3256 4515 3441 4567 nobis-

189 4621 286 4671 καὶ
313 4619 574 4671 ᾶκτιστον
606 4613 838 4683 θέλημα,
869 4614 922 4666 τί
967 4613 1024 4666 δέ
1055 4616 1172 4666 ἐστι
1203 4613 1264 4665 τὸ
1311 4614 1625 4665 θεὸκτιστον
1673 4615 1771 4666 καὶ

192 4710 482 4763 θεόσδοτον
514 4707 614 4777 τῆς
657 4705 884 4775 λογικῆς
913 4704 1071 4774 ἡμῶν
1116 4704 1298 4773 ψυχῆς
1328 4703 1541 4773 θέλημα
1563 4743 1577 4767 ,
1614 4703 1680 4756 δι’
1711 4697 1773 4757 οῦ

193 4803 510 4871 θελήματος
546 4798 838 4867 ἐργάζεται
871 4797 934 4849 τὸ
988 4795 1193 4864 ἀγαθὸν
1222 4796 1316 4850 καὶ
1345 4795 1639 4864 εὐάρεστον
1675 4794 1773 4848 τοῦ

193 4892 334 4945 Θεοῦ
362 4889 611 4957 θέλημα·
645 4888 697 4939 τί
735 4887 793 4940 δέ
839 4887 1003 4940 πάλιν
1030 4886 1148 4939 ἐστὶ
1192 4885 1254 4938 τὸ
1290 4885 1576 4956 σαρκικὸν,
1613 4887 1779 4953 ἤγουν

194 4980 508 5036 διαϐολικὸν
538 4980 631 5031 καὶ
685 4979 870 5031 ὑλικὸν
900 4978 1134 5048 θέλημα,
1179 4979 1316 5047 ὅπερ
1357 4981 1386 5030 ὁ
1423 4977 1565 5039 θεῖος
1611 4977 1774 5028 Ἀπό·

199 5074 418 5133 στολος,
449 5071 543 5122 καὶ
575 5071 744 5122 πᾶσαι
775 5068 833 5122 αι
867 5067 1081 5137 Γραφαὶ
1107 5066 1454 5122 διαϐάλλουσι
1508 5067 1603 5118 καὶ
1642 5068 1778 5141 ἀπο-

203 5164 468 5217 ϐάλλοντα
477 5180 514 5215 ι.

1870 4635 2016 4685 cum,
2052 4618 2144 4687 qui
2177 4617 2413 4670 divinam
2438 4617 2840 4682 humanamque
2869 4613 3097 4664 indivise
3151 4611 3203 4662 in
3227 4607 3444 4661 Christo

1870 4713 2104 4766 fatemur
2136 4710 2490 4770 voluntatem,
2527 4719 2691 4774 atque
2718 4704 3132 4774 Operationetn;
3164 4713 3285 4751 cum
3343 4710 3442 4748 no-

1875 4803 1996 4864 lint,
2042 4814 2221 4868 neque
2246 4814 2374 4851 vero
2416 4799 2628 4866 possint
2651 4796 2908 4849 continuo
2936 4795 3266 4853 discernere,
3294 4801 3446 4855 qua:-

1877 4909 1997 4946 nant
2034 4893 2104 4945 sit
2136 4891 2339 4953 divina,
2381 4900 2546 4958 atque
2595 4889 2835 4942 increata
2875 4887 3123 4940 voluntas
3146 4922 3161 4944 ,
3195 4894 3444 4949 quamam

1880 4996 2007 5034 vero
2036 4995 2098 5033 ea
2132 4981 2203 5033 sit
2228 4980 2498 5040 voluntas,
2533 4993 2653 5047 quae
2681 4993 2710 5030 a
2749 4979 2855 5030 Deo
2894 4985 3078 5030 creata
3135 4982 3241 5035 est,
3277 4972 3448 5022 dono-

1883 5086 1986 5140 qne
2015 5072 2212 5125 trilntta
2246 5069 2492 5123 rationali
2534 5078 2733 5123 nostra:
2769 5077 2997 5128 natura,
3043 5078 3149 5132 qua
3197 5061 3451 5114 videlicet

1887 5162 2160 5214 voluntate
2178 5160 2372 5213 bonum
2395 5173 2705 5226 operamur,
2729 5167 2891 5225 atque
2911 5153 3252 5209 sanctissima
3271 5151 3454 5203 divina

205 5259 514 5310 voluntasa
557 5255 711 5307 nobis
755 5253 1081 5321 adimpletur
1113 5272 1127 5308 :
1158 5251 1394 5320 quidque
1422 5265 1610 5306 rursus
1647 5250 1900 5312 carnalis,
1953 5254 2066 5305 sive
2123 5251 2413 5315 diabolica,
2481 5263 2646 5318 atque
2709 5247 3007 5303 materiaiis
3067 5248 3322 5299 voluntas
3354 5241 3449 5305 sit,

206 5363 374 5416 quant
408 5357 631 5399 sanctus
660 5344 970 5412 Apostolus,
1001 5345 1372 5412 universa-que
1417 5343 1612 5396 divinat
1655 5342 1870 5396 Littera:
1907 5343 2218 5410 improbant
2242 5352 2404 5409 atque
2435 5342 2702 5410 rejiciunt.

279 5439 410 5489 Ὀτι
437 5438 546 5506 γὰρ
574 5437 674 5504 τὴν
711 5436 989 5506 ἁμαρτίαν
1016 5435 1279 5498 πολλάκις
1307 5435 1488 5504 σάρκα
1527 5433 1782 5503 ὀνομάζει

211 5529 242 5581 ὁ
268 5527 509 5589 Παῦλος,
558 5528 790 5580 ἄκουσον
820 5525 985 5580 αὐτοῦ
1013 5527 1286 5593 λέγοντος,
1317 5529 1399 5580 δτι
1445 5545 1463 5577 ι
1501 5527 1648 5595 Σὰρξ
1691 5527 1786 5578 καὶ

218 5615 360 5688 αἷμα
392 5618 672 5688 βασιλείαν
717 5617 856 5670 Θεοῦ
893 5618 955 5671 οὐ
996 5618 1492 5688 κληρονομήσουσι,
1523 5620 1618 5670 καὶ
1647 5619 1696 5670 οί
1731 5620 1788 5671 ἐν

295 5774 486 5830 'ltom.
523 5790 637 5838 rm.
671 5776 726 5832 7.
803 5778 823 5808 ¹
866 5777 995 5832 ibid.
1075 5779 1092 5809 ³
1124 5777 1253 5832 ibid.
1282 5778 1336 5832 6.

1963 5433 2116 5498 Quod
2148 5444 2326 5486 autem
2361 5441 2641 5501 peccatum
2687 5430 2919 5500 appellet
2953 5427 3149 5481 Paulus
3187 5438 3330 5492 saepe
3350 5437 3454 5474 stn—

1892 5524 2014 5590 pius
2043 5539 2286 5587 carnem,
2321 5524 2443 5575 audi
2487 5524 2657 5589 ipsum
2684 5521 2950 5574 dicentem
2981 5516 3123 5585 quod
3161 5534 3179 5567 ι
3213 5513 3374 5576 Caro,
3401 5519 3456 5564 et

1897 5617 2116 5687 sanguis
2145 5631 2370 5685 regnum
2407 5615 2498 5668 Dei
2534 5629 2642 5668 non
2676 5614 3026 5683 possidebunt
3056 5611 3109 5675 ις
3149 5627 3168 5662 ι
3191 5616 3246 5662 et
3276 5623 3290 5661 ;
3325 5622 3347 5658 ι
3367 5601 3457 5673 qui

1415 5779 1432 5808 ⁸
1462 5779 1476 5830 l
1505 5778 1626 5833 Cor.
1663 5793 1747 5840 xv,
1791 5777 1878 5833 ὗθ.
