4190 6438
726 401 859 462 1159

1923 411 1980 466 S.
2029 411 2421 467 AVASTASII
2463 409 2786 467 SlNAl'l‘J’.

3825 397 3962 460 1160

724 518 775 567 in
821 532 979 567 carne
1030 528 1174 580 sunt,
1235 521 1340 572 Deo
1390 523 1604 589 placere
1647 539 1751 574 non
1808 524 2112 590 possuut';
2159 543 2174 573 ι
2226 524 2287 576 ΕΙ.

2411 525 2562 590 ταρκὶ
2608 524 2778 583 ὄντες,
2809 521 2928 588 θεῷ
2959 521 3156 588 ἀρέσαι
3185 519 3246 569 οὐ
3277 516 3529 568 δύνανται
3557 530 3569 542 °
3604 530 3622 563 ι
3663 515 3790 564 καί·
3833 529 3851 560 ι
3908 515 3964 559 ’0

728 624 746 655 ι
784 607 874 672 qui
901 608 1136 661 seminat
1169 611 1217 662 in
1248 626 1431 672 carne,
1476 614 1542 665 de
1573 628 1738 666 carne
1768 615 1930 665 etiam
1962 625 2128 667 metet
2161 630 2287 668 cor-

728 697 1030 761 ruptionem
1068 699 1123 760 ⁶;
1171 718 1188 749 ι
1218 712 1267 753 et
1299 720 1310 754 :
1349 722 1366 752 ι
1407 703 1462 756 Si
1491 705 1789 757 secundum
1838 719 2056 758 carnem
2103 707 2290 758 ambu-

725 786 968 843 laveritis
991 831 1005 850 ,
1040 793 1277 844 futurum
1311 805 1393 847 est
1425 805 1482 848 ut
1520 797 1754 864 pereatis
1780 797 1823 861 ";
1865 814 1882 846 ι
1919 812 2141 850 carnem
2172 813 2292 864 pec-

725 889 907 931 eatum
957 883 1263 947 nominans,
1305 901 1408 938 non
1451 897 1626 940 autem
1678 888 1860 940 carnis
1906 901 2103 942 nostra:
2137 900 2293 940 natu-

727 985 862 1023 ram.
894 971 1086 1036 lnjuria
1112 976 1307 1042 quippe
1332 978 1494 1029 etiam
1535 979 1810 1030 Christum
1842 979 2083 1031 alliceret
2113 981 2295 1031 dicen-

731 1069 837 1112 tem
869 1076 881 1111 :
910 1080 927 1109 ι
960 1062 1178 1130 I’alpate
1206 1082 1310 1130 tne,
1339 1077 1393 1119 et
1430 1070 1627 1130 videte,
1659 1070 1782 1136 quia
1814 1070 2036 1138 spiritus
2074 1085 2297 1124 carnem

729 1163 916 1203 ctossa
947 1172 1049 1205 nott
1079 1157 1261 1214 habet.
1286 1160 1426 1210 sicut
1454 1177 1538 1213 nte
1562 1161 1754 1213 videtis
1781 1163 1984 1213 habere
2011 1163 2052 1213 ⁸.
2080 1181 2097 1212 ι
2139 1164 2212 1214 lta
2243 1172 2299 1214 Ill

730 1244 1002 1294 cat'uaietn
1039 1247 1367 1298 voluntatem
1394 1250 1622 1301 alienam
1651 1267 1676 1301 ιι
1705 1253 1941 1315 Christo,
1967 1263 2299 1305 extraneam-

732 1345 835 1394 qm-
867 1335 1126 1385 denmzunt
1159 1339 1329 1389 sancti
1371 1338 1623 1392 Ecclesim
1663 1342 1875 1404 l'atrcs,
1913 1351 1965 1393 et
2000 1344 2297 1407 carnalem,

732 1429 892 1483 atque
931 1433 1150 1485 peccato
1184 1426 1477 1492 subjertant
1521 1432 1776 1494 operaudi
1820 1433 2160 1498 facultatem;
2199 1452 2300 1488 non

731 1525 874 1569 eam,
907 1526 1022 1573 qua:
1070 1523 1274 1564 natura:
1300 1528 1402 1576 est,
1441 1534 1543 1570 nou
1584 1535 1726 1581 cant,
1756 1538 1875 1587 qua:
1917 1534 2098 1576 ('I'cala
2133 1541 2159 1576 a
2195 1526 2304 1577 [leo

735 1608 838 1659 est,
861 1617 963 1651 non
986 1620 1126 1664 eam,
1150 1621 1268 1670 qua-
1293 1609 1356 1658 ad
1387 1608 1674 1676 imaginem
1705 1612 2185 1667 etsimilitudinem
2211 1616 2300 1669 Dei

737 1692 889 1738 nobis
915 1707 1168 1746 concessa
1207 1707 1324 1759 est,
1369 1699 1772 1754 itumaculatatn
1809 1716 1860 1757 et
1907 1705 2301 1772 irri-prebeusi-

733 1777 896 1829 bilem
929 1785 1226 1835 naturalem
1261 1788 1614 1854 Voluntatent,
1644 1802 1807 1859 atque
1839 1797 2229 1858 operationem.

807 1869 913 1921 Sed
946 1874 1036 1937 qui
1071 1889 1196 1927 vere
1237 1878 1431 1930 diaboli
1478 1892 1744 1946 potestate
1790 1885 1936 1936 intus
1968 1897 2219 1950 aguntur,
2251 1898 2304 1939 et
2336 1867 2376 1920 Β

735 1963 916 2013 carnis
943 1967 1415 2032 concupiscentiis,
1449 1980 1502 2022 et
1522 1971 1787 2024 incendiis
1806 1975 2033 2039 subjecti
2063 1986 2301 2039 tuanent,

738 2053 943 2119 subque
973 2057 1176 2107 carnali
1215 2059 1490 2112 voluntate
1513 2062 1909 2128 deprimuntur,
1946 2067 1994 2117 iu
2029 2067 2159 2132 ipsis
2179 2083 2307 2120 con-

739 2147 1008 2206 taminati,
1056 2158 1110 2198 ‹-ι
1161 2151 1426 2212 obvoluti,
1469 2168 1590 2206 cum
1623 2156 1932 2208 discernere
1967 2173 2304 2226 nequaquam

738 2235 954 2288 valcant
993 2238 1133 2290 inter
1168 2244 1607 2308 superindurtam
1647 2249 1978 2300 voluntatem
2007 2261 2060 2301 et
2091 2254 2306 2314 malam,

739 2333 796 2376 ct
828 2331 1222 2394 Operationeut,
1263 2348 1383 2396 quae
1429 2345 1624 2400 prmlel'
1655 2348 1903 2389 naturam
1953 2350 2054 2402 cst,
2086 2352 2138 2394 ct
2168 2341 2309 2393 inter

739 2427 882 2478 eam,
938 2432 1056 2481 qua:
1087 2433 1115 2469 a
1163 2421 1267 2471 Ileo
1311 2423 1573 2490 originem
1624 2428 1872 2491 sortitur,
1928 2437 2088 2495 atque
2136 2445 2164 2482 a
2202 2431 2308 2483 lleo

743 2504 867 2556 data
908 2518 991 2560 est
1025 2509 1218 2561 anima:
1242 2551 1254 2571 ,
1295 2516 1660 2568 essentialitcr
1714 2520 2050 2581 rationalem,
2087 2532 2140 2574 et
2166 2523 2310 2575 desi-

746 2597 912 2649 deriis
937 2609 1115 2663 aptam
1149 2603 1476 2656 voluntatem
1511 2624 1524 2658 :
1559 2624 1734 2674 neque
1767 2610 1894 2676 quid
1927 2626 2114 2664 rursus
2147 2616 2214 2665 sit
2241 2614 2314 2664 vi-

749 2686 871 2736 talis
909 2687 1045 2752 ejus,
1085 2699 1136 2740 ct
1164 2693 1466 2745 subsistens
1502 2695 1731 2750 facultas
1773 2701 2039 2766 corporis,
2069 2713 2125 2754 ut
2155 2705 2310 2770 periti

747 2774 1017 2830 Manethis
1082 2782 1329 2848 (Iis‘t'ipttli
1405 2785 1713 2852 improbant
1784 2792 2083 2844 naturalem
2129 2807 2158 2844 ει
2207 2795 2315 2846 Deo

744 2870 913 2918 (‘reati
952 2869 1186 2922 hominis
1212 2874 1564 2938 voluntatem,
1597 2890 1762 2945 utque
1791 2881 2070 2935 Mulllt‘llmi
2095 2901 2314 2936 earuetu

748 2965 986 3007 nostram
1027 2975 1054 3009 a
1089 2959 1195 3013 Deo
1253 2964 1371 3028 ipso
1420 2967 1621 3019 editam
1670 2970 1957 3034 damnant,
2013 2973 2317 3040 injuriaque

751 3044 992 3099 alliciunt
1024 3049 1203 3101 datam
1241 3070 1268 3102 a
1306 3054 1414 3106 Deo
1445 3058 1599 3110 nobis
1639 3061 2003 3113 vivilicantem
2047 3065 2318 3129 Operatio-

2394 615 2631 683 σπείρων
2664 617 2742 675 εἰς
2769 615 2869 682 τήν
2901 615 3100 681 σάρκα.
3135 613 3199 661 ἐκ
3234 613 3333 676 τῆς
3363 605 3565 676 σαρκὸς
3595 605 3803 673 θερίσει
3835 603 3964 669 φθο-

2395 705 2527 775 ράν·
2568 725 2584 756 ι
2619 705 2709 756 καί
2733 721 2743 734 ’
2786 725 2801 754 ι
2841 707 2937 755 "Av
2963 705 3101 756 κατά
3131 703 3307 771 σάρκα
3336 699 3702 768 περιπατῆτε,
3738 696 3962 765 μέλλετε

2392 798 2761 866 ἀποθνήσκειν
2782 813 2792 822 ·
2812 815 2828 846 ι
2863 796 3041 864 σάρκα
3071 796 3170 862 τὴν
3197 793 3474 861 ἁμαρτίαν
3504 790 3812 856 ὀνομάζων,
3848 786 3965 837 ἀλλ’

2393 891 2454 940 οὐ
2483 890 2579 956 τὴν
2629 889 2790 956 φύσιν
2819 888 2917 956 τῆς
2954 887 3226 955 ἡμετέρας
3255 883 3479 951 σαρκός.
3525 882 3680 933 Ἐπεὶ
3715 881 3965 947 εὐρισκε-

2395 1000 2483 1033 ται
2522 981 2612 1032 τὸν
2649 983 2880 1049 Χριστὸν
2919 980 3220 1047 ἐνυϐρίζων
3265 979 3356 1028 τὸν
3385 976 3641 1041 ).ἑγοντα’
3702 992 3718 1023 ι
3778 973 3968 1037 Τηλα-

2397 1072 2606 1140 φήσατέ
2639 1088 2727 1140 με,
2767 1073 2859 1123 καὶ
2892 1072 3051 1130 ἴδετε,
3083 1072 3165 1122 ὅτι
3202 1068 3418 1135 πνεῦμα
3451 1067 3627 1134 σάρκα
3660 1064 3754 1115 καὶ
3808 1063 3968 1112 ὀστέα

2397 1165 2493 1215 οὐκ
2523 1165 2657 1231 Ξγει,
2707 1164 2889 1224 καθὼς
2941 1163 3037 1230 ἐμέ
3081 1162 3338 1229 θεωρεῖτε
3373 1161 3584 1226 ἔχοντα.
3619 1174 3636 1206 ι
3685 1156 3850 1205 ’Ὥστε
3915 1152 3970 1202 τὸ

2402 1257 2660 1319 σαρκικὸν
2693 1256 2904 1322 θέλημα
2935 1254 3215 1320 ἀλλότριον
3267 1251 3363 1301 καὶ
3412 1250 3563 1314 ξένον
3594 1246 3688 1299 τοῦ
3731 1246 3969 1313 Χριστου

2399 1349 2448 1398 οἱ
2481 1348 2627 1412 ἅγιοι
2676 1347 2916 1413 Ιιατέρες
2946 1344 3209 1411 ὁρίζουσι,
3261 1341 3356 1393 καὶ
3384 1339 3482 1406 τὴν
3537 1351 3829 1405 σαρκικήν,
3882 1333 3972 1433 xui

2402 1437 2621 1505 ἐμπαθῆ
2643 1437 2739 1503 τῆς
2773 1435 3046 1502 ἁμαρτίας
3079 1433 3379 1500 ἐνέργειαν,
3408 1429 3468 1478 οὐ
3495 1428 3593 1496 τὴν
3627 1428 3889 1491 φυσικήν,
3915 1439 3970 1471 ου

2401 1529 2498 1597 τὴν
2534 1527 2864 1587 θεόκτιστον,
2906 1527 2967 1576 οὐ
3023 1525 3122 1592 τὴν
3163 1523 3284 1574 κατ’
3330 1522 3513 1572 εἰκόνα
3569 1518 3662 1570 καὶ
3712 1515 3974 1584 ὁμοίωσιν

2402 1621 2537 1670 θεοῦ
2599 1621 2972 1686 ὑπάρχουσαν,
3021 1616 3179 1686 ἡμῶν
3231 1615 3461 1682 ἄμωμον
3511 1610 3606 1664 καὶ
3653 1608 3975 1674 ἀδιάϐλητον

2403 1713 2637 1779 φυσικὴν
2663 1712 2883 1780 θέλησιν
2911 1709 3007 1762 καὶ
3032 1708 3335 1776 ἐνέργειαν.

2489 1886 2624 1938 ’Λλλ“
2673 1887 2722 1937 οἱ
2760 1886 2975 1952 άληθῶς
3029 1885 3197 1945 ὅντως
3248 1883 3352 1934 ὑπὸ
3411 1879 3513 1946 τῆς
3553 1876 3834 1947 ἐνεργείας
3884 1892 3974 1926 του

2406 1977 2655 2028 διαϐόλου
2705 1976 3111 2044 ἐνεργούμενοι,
3155 1973 3251 2025 καὶ
3286 1974 3366 2033 είς
3405 1972 3502 2032 τὰς
3547 1968 3826 2037 πυρώσεις
3884 1967 3975 2017 καὶ

2408 2068 2698 2128 ἐκκαύσε·ς
2745 2069 2842 2134 τῆς
2889 2067 3092 2134 σαρκὸς
3141 2064 3552 2130 ἐκμαινὸμενοι,
3586 2062 3681 2114 καὶ
3731 2061 3836 2110 ὐπὸ
3883 2058 3974 2109 τοῦ

2409 2156 2674 2221 σαρκικοῦ
2712 2157 3017 2223 θελήματος
3043 2155 3590 2222 κατακαμπτόμενοι,
3619 2151 3714 2202 καὶ
3751 2149 3973 2216 μολυνΰ-

2413 2263 2584 2313 μενοι,
2621 2247 2712 2296 καὶ
2747 2246 3187 2314 βορϐορούμενοι,
3223 2247 3296 2314 μὴ
3324 2243 3648 2311 ἰσχύσαντες
3672 2240 3973 2308 διακρίναι,

2409 2337 2461 2387 τί
2497 2337 2595 2402 μέν
2620 2337 2734 2386 ἐστι
2764 2337 2823 2387 τὸ
2854 2338 3180 2388 ἐπείσακτον
3209 2338 3301 2387 καὶ
3331 2336 3565 2402 πονηρὸν
3597 2334 3834 2399 θέλημα,
3890 2332 3978 2380 καὶ

2413 2427 2445 2494 ἡ
2478 2425 2628 2494 παρὰ
2657 2425 2819 2493 φύσιν
2857 2427 3129 2495 ἐνέργεια,
3159 2425 3210 2476 τί
3238 2425 3298 2476 δέ
3349 2426 3464 2476 ἐστι
3496 2425 3557 2476 τὸ
3596 2422 3858 2488 Osee-nov
3889 2420 3980 2470 καὶ

2412 2515 2688 2566 θεόσδοτον
2721 2515 2818 2582 τῆς
2864 2515 3042 2582 ψυχῆς
3086 2514 3395 2580 λογιστικὸν
3449 2513 3543 2564 καὶ
3586 2510 3981 2577 ἐπιθυμητικὶν

2412 2607 2665 2668 οὐσιῶδες
2689 2607 2923 2675 θέλημα,
2959 2608 3054 2657 καὶ
3095 2607 3144 2658 τί
3177 2606 3340 2658 πάλιν
3369 2607 3402 2672 ἠ
3450 2604 3658 2666 ζωτικὴ
3687 2602 3861 2667 αὐτῆς
3891 2616 3983 2651 και

2416 2700 2712 2768 συστατικὴ
2749 2699 2844 2750 τοῦ
2887 2699 3137 2766 σώματος
3189 2699 3461 2764 ἐνέργεια,
3509 2696 3584 2757 ὡς
3623 2697 3840 2764 γνήσιοι
3892 2694 3981 2746 τεῦ

2413 2791 2691 2852 Μάνεντος
2742 2788 2982 2859 μαθηταὶ
3022 2788 3368 2841 διαϐάλλουσι
3395 2790 3456 2838 τὸ
3486 2787 3586 2853 τῆς
3632 2786 3850 2852 φύσεως
3891 2784 3983 2836 τοῦ

2415 2883 2729 2935 θεοκτίστου
2753 2883 3040 2950 ἀνθρώπου
3072 2882 3306 2949 θέλημα,
3337 2880 3661 2942 κακίζουσιν
3678 2878 3754 2939 ὡς
3786 2879 3833 2928 οἱ
3867 2878 3984 2929 Μα-

2416 2977 2609 3043 νιχαίοι
2641 2976 2740 3043 τὴν
2775 2975 2930 3042 ἡμῶν
2985 2974 3296 3025 θεόκτιστον
3344 2973 3542 3040 σάρκα,
3579 2969 3861 3039 ὑϐρίζουσι
3891 2970 3985 3036 τήν

2418 3063 2676 3126 ζωοποιὸν
2707 3064 2984 3115 θεόσδοτον
3016 3063 3176 3132 ἡμῶν
3212 3065 3516 3130 ἐνέργειαν,
3550 3062 3855 3128 μέμφονται
3889 3061 3987 3128 τήν

750 3149 893 3196 nem,
935 3137 1456 3212 intellectualeimpie
1483 3164 1512 3199 a
1546 3147 1656 3201 Deo
1695 3153 1847 3206 nobis
1893 3155 2098 3221 pariter
2138 3157 2312 3209 datam

750 3225 780 3252 ,Ι
805 3227 1030 3252 ...:.l.._---
1059 3231 1088 3252 I:
1140 3234 1300 3252 r,-_-_|-
1347 3248 1358 3252 _
1495 3239 1506 3250 ο
1733 3251 1736 3252 ,
2177 3249 2227 3252 ___

2419 3173 2502 3206 vos
2515 3156 2614 3224 ραν
2637 3155 2795 3224 ήμῶν
2824 3155 3102 3206 θεόσδοτον
3130 3154 3451 3223 ἐπιθυμίαν,
3489 3154 3556 3204 δι’
3581 3147 3648 3220 ἧς
3667 3151 3988 3252 δρεγόμενρι

747 3225 1088 3283 desiderandi
1140 3234 1452 3289 facultatem
1494 3239 1765 3305 incusant,
1798 3260 1889 3310 per
1915 3262 2076 3313 quam
2111 3249 2318 3302 scilicet

748 3316 943 3370 elevati
975 3322 1213 3376 divinam
1250 3328 1617 3382 naueiseinmr
1643 3332 1996 3388 salvationeut
2030 3354 2042 3390 :
2079 3339 2177 3390 hoc
2208 3339 2315 3392 sci-

753 3407 880 3462 licet
921 3427 1112 3471 eorum
1158 3419 1408 3484 dogmate
1454 3436 1548 3484 per
1594 3425 1774 3478 omnia
1818 3427 1992 3495 ipsum
2054 3431 2317 3499 impetunt

749 3497 1085 3558 Creatorem.

725 3587 727 3589 ’
824 3587 882 3644 Si
905 3605 1082 3647 autem
1118 3598 1297 3667 iniqua
1327 3602 1440 3656 haec
1466 3605 1698 3674 ingenita
1721 3608 1916 3664 auima‘:
1936 3612 2183 3666 voluntas
2210 3625 2316 3678 est,

752 3686 1024 3744 quomodo
1079 3688 1245 3743 llavid
1301 3693 1473 3761 inquit
1515 3715 1527 3748 :
1567 3716 1584 3747 ι
1627 3698 1893 3762 Quoniam
1937 3718 2002 3756 ex
2047 3707 2320 3762 voluntate

678 3846 681 3847 ν
753 3787 871 3827 mea
907 3781 1207 3835 conlitebor
1245 3785 1470 3840 Domino
1501 3790 1561 3840 ’?
1606 3809 1623 3841 ι
1663 3792 1943 3856 Quomodo
1990 3809 2168 3850 autem
2198 3815 2317 3850 om-

753 3866 884 3919 nino
936 3872 1114 3923 anima
1166 3889 1350 3941 posset
1406 3882 1651 3935 divinum
1706 3886 1924 3954 aliquod
1979 3889 2156 3954 velle,
2215 3892 2316 3945 nisi

754 3956 1002 4012 rationali
1056 3974 1334 4028 pra-staret
1382 3971 1693 4025 voluntate?
1728 3976 1810 4027 vel
1840 3979 2110 4042 quomodo
2139 3979 2202 4030 ad
2232 3994 2318 4045 ea,

754 4057 876 4113 qua:
903 4052 1104 4116 optima
1143 4064 1292 4116 sunt,
1324 4067 1378 4109 et
1408 4058 1816 4126 intellectualis,
1856 4076 2041 4132 posset
2075 4069 2315 4121 animum

755 4135 1021 4203 adjicere,
1044 4143 1123 4195 vel
1143 4146 1208 4196 ad
1236 4146 1349 4213 ipsa
1379 4153 1586 4215 conari,
1625 4154 1728 4205 nisi
1759 4155 2076 4208 rationalem
2097 4159 2322 4214 haberet

756 4223 1115 4283 facultatem?
1152 4237 1348 4300 quibus
1376 4239 1628 4294 nimirum
1658 4245 1870 4298 duabus
1900 4251 2320 4314 proprietatibus

757 4319 809 4369 in
839 4337 900 4373 ea
937 4327 1226 4378 manifeste
1273 4333 1600 4396 exprimitur
1631 4337 1704 4398 id,
1738 4339 1881 4404 quod
1917 4351 2002 4392 est
2030 4342 2095 4394 ad
2133 4343 2321 4412 imagi-

758 4423 878 4461 nem
929 4423 984 4464 et
1019 4417 1428 4474 similitudinem
1495 4423 1609 4478 Dei.
1659 4425 1947 4496 Propterea
1998 4432 2218 4500 itaque,
2265 4446 2320 4488 et

2421 3247 2528 3298 τῶν
2575 3245 2734 3298 θείων
2793 3245 3132 3314 τυγχάνομεν
3182 3246 3280 3314 τῆς
3328 3243 3628 3312 σωτηρίας.
3663 3241 3751 3293 διὰ
3791 3239 3988 3300 παντὸς

2423 3333 2602 3385 αὐτῶν
2619 3332 2714 3385 τοῦ
2735 3333 3006 3402 δόγματος
3035 3333 3113 3402 τῷ
3146 3334 3355 3403 κτίστῃ
3381 3331 3837 3402 προσκρούοντες.

2496 3601 2558 3652 Ei
2599 3599 2656 3652 δὲ
2687 3601 2922 3668 πονηρὸν
2949 3595 3018 3670 ἦν
3041 3599 3103 3651 τὸ
3142 3599 3381 3667 ἔμφυτον
3419 3599 3518 3666 τῆς
3555 3595 3733 3664 ψυχῆς
3761 3594 3990 3664 θέλημα,

2426 3693 2544 3755 πῶς
2579 3710 2746 3760 φησιν
2780 3695 2808 3745 ὁ
2851 3692 3043 3744 Δασίδ·
3083 3709 3102 3741 ι
3141 3692 3264 3743 Ὀτι
3292 3692 3387 3742 καὶ
3409 3694 3472 3742 ἐκ
3527 3688 3843 3756 θελήματος
3891 3705 3990 3755 μου

2425 3785 2894 3853 ἐξομολογήσομαι
2917 3783 2994 3852 τῷ
3021 3783 3172 3852 Θεῷ;
3206 3801 3224 3832 ι
3248 3781 3372 3844 Πῶς
3401 3783 3509 3850 γάρ
3537 3783 3602 3835 ἂν
3622 3782 3764 3841 ὅλως
3793 3782 3887 3831 καὶ
3905 3781 3964 3830 δα

2427 3876 2650 3943 νήσεται
2688 3877 2721 3944 ἡ
2768 3873 2916 3943 ψυχὴ
2957 3873 3181 3941 θελῆσαι
3221 3890 3274 3924 τι
3318 3872 3430 3925 τῶν
3456 3873 3640 3934 θείων,
3699 3874 3746 3922 εί
3783 3871 3859 3938 μὴ
3889 3871 3994 3935 ἔχει

2428 3965 2651 4034 θέλησιν
2680 3964 2942 4034 λογικήν;
2970 3965 3002 4033 ἢ
3053 3965 3169 4026 πῶς
3201 3964 3384 4033 νοήσει
3428 3981 3480 4014 τι
3525 3964 3636 4015 τῶν
3668 3961 3995 4031 κρειττόνων

2427 4059 2522 4110 καὶ
2595 4057 2819 4126 νοερῶν,
2885 4057 2918 4126 ἢ
2981 4056 3288 4124 ἐνεργήσει,
3339 4055 3413 4124 μὴ
3456 4055 3658 4122 ἔχουσα
3718 4053 3994 4121 ἐνέργειαν

2427 4148 2617 4219 νοερὰν
2642 4187 2658 4211 ,
2685 4148 2752 4199 δι’
2778 4142 2852 4200 ὦν
2883 4147 2977 4198 δύο
3022 4147 3298 4214 ίδιοτήτων
3332 4144 3650 4211 ἐξεικονίζει
3705 4142 3896 4209 οταφῶς
3943 4143 3996 4192 ἐν

2427 4241 2592 4306 ἐαυτῇ
2619 4240 2681 4289 τὸ
2718 4239 2838 4289 κατ’
2872 4237 3056 4289 εἰκόνα
3097 4238 3193 4288 καὶ
3234 4237 3498 4304 ὁμοίωσιν
3537 4234 3706 4298 Θεοῦς
3753 4235 3864 4284 π-Διά
3893 4233 3996 4300 γὰρ

2425 4328 2582 4380 τοῦτο
2613 4328 2706 4380 καὶ
2744 4328 2906 4396 μόνον
2934 4329 3067 4396 ἡμῖν
3098 4327 3432 4395 πεπόνηνται
3455 4327 3506 4377 οί
3531 4327 3894 4395 προκείμενοι
3925 4325 3997 4382 εἰς

2429 4423 2509 4482 τὸ,
2534 4419 2878 4480 κατέἰκόνα,
2908 4419 3080 4484 λόγοι,
3112 4419 3192 4479 είς
3215 4416 3279 4468 τὸ
3308 4417 3500 4479 δεῖξαι,
3523 4415 3598 4477 ὼς
3614 4417 3671 4467 ἐν
3704 4415 3867 4482 τύπῳ
3899 4411 3997 4463 τινὶ

756 4496 870 4554 haec
908 4518 1010 4556 uua
1044 4506 1110 4559 de
1140 4524 1305 4563 causa
1347 4514 1451 4568 duo
1489 4530 1516 4566 a
1547 4517 1704 4569 nobis
1753 4521 1992 4586 praadicti
2046 4539 2312 4580 sermone!

2429 4515 2524 4564 καὶ
2544 4513 2708 4565 εἰκόνι
2735 4513 2812 4580 τῷ
2828 4511 3100 4579 ἀνθρώπῳ
3120 4511 3181 4562 οὐ
3203 4511 3362 4578 μόνον
3390 4509 3498 4560 τῶν
3521 4508 3613 4559 δύο
3633 4506 3727 4559 τοῦ
3761 4508 3996 4575 Χριστου

757 4599 1050 4664 conscripti
1087 4612 1212 4655 sunt
1250 4605 1301 4656 in
1343 4605 1492 4667 illud,
1525 4610 1590 4662 ad
1635 4609 1945 4678 imaginem,
1985 4622 2041 4666 ιιῑ
2073 4618 2326 4671 ostende-

757 4701 963 4752 remus,
1004 4691 1056 4742 in
1096 4694 1312 4749 homine
1359 4697 1523 4752 veluti
1563 4701 1613 4754 in
1651 4704 1823 4770 ligura
1852 4715 1906 4757 et
1935 4707 2168 4773 imagine
2196 4725 2327 4776 qua-

757 4776 903 4838 dam,
931 4794 1031 4830 non
1065 4785 1224 4834 modo
1255 4786 1483 4852 duplicis
1501 4788 1702 4844 Christi
1727 4796 1978 4846 essentia;
2016 4797 2324 4863 imaginem,

756 4878 944 4918 verum
998 4872 1160 4923 etiam
1200 4875 1428 4928 duarum
1463 4883 1838 4944 operationum
1883 4886 2326 4955 voluntatumque

760 4956 1111 5013 indivisarum
1184 4968 1480 5033 exemplar.
1541 4969 2019 5028 Verutueuiinvero
2073 4990 2324 5044 patrem,

759 5059 1098 5119 matremque
1125 5055 1419 5120 honorare,
1453 5060 1675 5125 fratres,
1709 5073 1870 5131 atque
1894 5068 2326 5135 consanguineos

758 5138 982 5208 diligere
1019 5143 1264 5201 humana:
1282 5151 1468 5216 procul
1496 5153 1658 5205 dubio
1688 5164 1893 5208 natura:
1931 5159 2192 5211 naturalis
2221 5169 2323 5223 est,

760 5233 1012 5286 essentia:
1047 5236 1235 5299 indita,
1282 5251 1447 5307 atque
1478 5243 1545 5294 ab
1566 5245 1743 5296 anima
1778 5247 2004 5299 imlivisa
2034 5248 2280 5300 voluntas
2311 5265 2324 5301 :

761 5335 881 5372 cum
950 5334 1160 5390 patrem
1213 5330 1422 5396 ipsmn,
1475 5342 1635 5400 atque
1690 5345 1956 5401 matrem,
2025 5337 2328 5404 fratresque

761 5420 980 5478 propter
1017 5415 1180 5471 Deum
1215 5421 1615 5491 derelinquere,
1653 5435 1814 5494 atque
1846 5429 2114 5496 abnegare
2142 5430 2317 5482 divina

2424 4605 2621 4656 οὐσιῶν
2654 4605 2752 4672 τὴν
2783 4602 3247 4673 προδιατύπωσιν,
3272 4600 3408 4652 ἀλλὰ
3443 4599 3656 4651 καὶδύο
3699 4595 3998 4682 ἐνεργειῶν

2425 4697 2520 4746 καὶ
2543 4695 2864 4762 θελήμάτων
2907 4693 3266 4762 ἁδιαθλήτων,
3304 4692 3379 4754 ὡς
3414 4693 3471 4743 ἐν
3518 4690 3676 4759 τύπῳ
3715 4692 3823 4741 τινί
3859 4687 3998 4774 ᾀμυ-

2424 4785 2534 4854 δρῷ
2577 4786 2996 4854 προδιάγραψιν.
3039 4786 3150 4837 Καὶ
3193 4785 3301 4852 γάρ
3334 4783 3395 4835 τὸ
3434 4783 3602 4852 τιμᾷν
3639 4783 3857 4850 πατέρα
3897 4777 3998 4864 rami

2428 4879 2662 4948 μητέρα,
2695 4880 2786 4928 καὶ
2813 4878 3077 4942 ἀδελφοὺς
3106 4877 3350 4943 ἀγαπᾷν,
3386 4875 3479 4926 καὶ
3511 4874 3860 4939 συγγένειαν,
3893 4874 3967 4950 φῦ

2427 4989 2560 5031 σεως
2602 4969 2948 5039 ἀνθρωπίνης
2994 4967 3220 5036 φυσικόν
3272 4968 3418 5019 ἐστιν
3451 4965 3707 5024 οὐσιῶδες
3759 4951 3999 5106 (lamin,

2427 5062 2599 5106 ῲυνῆε
2629 5062 2950 5106 ἀδιάϐλητον
2977 5076 2989 5088 ·
3031 5060 3091 5106 τὸ
3115 5059 3172 5106 δὲ
3209 5057 3556 5106 καταλεῖὡαι.
3612 5056 3706 5106 καὶ
3751 5055 3920 5106 ἀονῇ’
3953 5070 3999 5105 α-

2422 5062 2599 5131 ψυχῆς
2629 5062 2950 5130 ἀδιάϐλητον
2977 5076 2989 5088 ·
3031 5060 3091 5111 τὸ
3115 5059 3172 5110 δέ
3209 5057 3556 5124 καταλεῖψαι,
3612 5056 3706 5106 καὶ
3751 5055 4000 5131 ἁρνήείξα-

2426 5152 2548 5203 σθαι
2607 5151 2694 5204 διὰ
2720 5152 2854 5203 Θεὸν
2900 5151 3136 5218 πατέρα,
3175 5150 3271 5201 καὶ
3305 5148 3537 5217 μητέρα,
3573 5147 3665 5198 καὶ
3711 5146 4002 5218 ἀδελφοὶφς,

2426 5117 2694 5204 σθαι-διὰ
2720 5117 2858 5203 Θεὸᾷ
2900 5151 3136 5218 πατέρα,
3175 5150 3271 5201 καὶ
3305 5117 3665 5217 μητέραζκαι
3711 5117 4002 5394 nemo?

2423 5243 2589 5304 ὅντως
2625 5242 2766 5293 θεῖον
2821 5242 2914 5294 καὶ
2971 5241 3110 5309 ὑπὲρ
3165 5240 3328 5307 φύσιν
3379 5240 3591 5308 θέλημα
3658 5237 3920 5300 ἀξιέπαιν
3970 5253 4003 5284 ν.

2438 5331 2566 5384 Ἰδοὺ
2597 5330 2689 5382 δύο
2718 5330 2996 5394 θελήματα
3025 5330 3344 5394 ἀδιάϐλητα,
3370 5329 3433 5381 τὸ
3464 5329 3565 5394 μὲν
3593 5327 3755 5394 φύσει
3785 5328 3946 5394 άνθρι
3970 5325 4003 5374 ἰ-

2438 5331 2566 5384 Ίδοὺ
2597 5330 2689 5382 δύο
2718 5330 2996 5399 θελήματα
3025 5330 3344 5400 ἀδιάϐλητα,
3370 5329 3433 5381 τὸ
3464 5329 3565 5399 μὲν
3593 5327 3755 5395 φύσει
3785 5325 4008 5426 ἀνθριξμ

2430 5443 2604 5487 πίνον,
2635 5425 2694 5477 τὸ
2730 5425 2786 5476 δὲ
2826 5427 2962 5494 ὑπὲρ
2987 5425 3149 5492 φύσιν
3181 5427 3272 5476 καὶ
3298 5424 3462 5475 θεῖον.

762 5502 853 5566 εἷεν
891 5504 1051 5560 lavde
1081 5511 1239 5576 digna
1267 5513 1937 5585 voluntas,excedensquc
1965 5530 2169 5572 naturae
2200 5520 2586 5572 conditimiem.
2627 5516 2702 5568 En
2772 5518 2956 5584 itaque
3015 5517 3149 5567 duas
3192 5515 3451 5568 indivisas
3510 5513 3852 5579 voluntates;
3903 5511 4012 5600 Ιιιξι·

767 5610 938 5650 mana:
957 5610 1159 5653 natura:
1177 5604 1423 5670 alteram,
1446 5607 1666 5662 alteram
1685 5623 1849 5679 super
1867 5619 2114 5663 naturam
2143 5610 2333 5678 ipsam,
2378 5619 2537 5675 atque.
2567 5607 2827 5660 divinam.

847 5750 866 5777 ⁵
895 5749 1044 5802 lieni.
1070 5769 1179 5816 \‘ltl,
1207 5756 1257 5806 8.
1334 5759 1353 5785 ‘
1378 5757 1546 5811 Galat.
1574 5774 1643 5822 v1,
1667 5762 1717 5811 8.
1796 5761 1810 5789 ⁷
1842 5759 1994 5813 Itoni.
2033 5775 2147 5823 vui,
2170 5761 2247 5812 l5.

2327 5761 2345 5789 '
2381 5759 2510 5813 Luc.
2555 5773 2700 5824 utv,
2733 5758 2820 5811 '59.

2927 5756 2946 5787 ’
2997 5755 3136 5810 l’sal.
3172 5770 3339 5822 ιιι-ιι,
3373 5754 3425 5807 7.
