4190 6438
199 397 322 461 1161

1597 408 1849 469 SERMO
1889 412 2003 473 III.

3302 414 3435 480 1162

255 512 462 564 Λοιπὸν
520 512 609 564 ὅτε
666 513 816 583 εῐδῃς
891 516 1099 586 Ἰησοῦν
1170 517 1610 587 ὑποτασσόμενον
1667 522 1759 573 καὶ

1934 524 2205 578 Caeterum
2245 538 2368 578 cum
2402 522 2586 578 Jesum
2619 522 2885 592 prospicis
2935 526 3233 595 subditum,
3265 538 3319 585 et
3350 532 3432 585 in-

196 601 531 667 δουλεύοντα,
562 604 639 666 ὥς
660 622 825 674 φησιν
856 606 885 658 ὁ
917 609 1153 667 Λουκᾶς.
1191 607 1270 675 τῷ
1310 608 1532 677 Ἰωσὴφ,
1568 610 1664 662 καὶ⁷
1690 613 1759 679 τῇ

195 694 417 761 μητέρι,
458 694 553 747 καὶ
584 696 1003 765 ’προστρέχοντα
1038 697 1135 748 καὶ
1167 698 1645 767 περιπλεκόμενον,
1686 699 1762 761 ὡς

194 785 432 849 παιδίον,
464 787 582 847 ταῖς
608 787 874 853 ἀγκάλαις
892 789 983 839 καὶ
1002 790 1113 849 τοῖς
1138 788 1313 853 ἁγίοις
1331 790 1551 851 κόλποις
1568 791 1759 858 αὐτῆς,

195 877 269 945 μὴ
323 876 591 947 διστάσῃς
613 881 788 930 είπεῖν
818 879 1081 947 θελήματι
1144 882 1240 933 καὶ
1276 883 1477 951 στοργῇ
1505 882 1603 949 τῆς
1640 880 1762 932 καθ’

192 968 342 1036 ἡμᾶς
374 969 592 1037 φύσεως
620 969 904 1033 ποιοῦντα,
932 972 1026 1024 καὶ
1054 971 1341 1023 δεικνύντα
1371 973 1534 1023 αὑτὸν
1560 969 1759 1032 ταῦτα,

193 1062 288 1112 καὶ
316 1060 547 1121 τέλειον,
571 1062 666 1114 καὶ
684 1063 967 1129 ὁμοούσιον
1006 1063 1136 1131 ἡμῖν
1164 1061 1304 1114 κατά
1343 1061 1442 1132 τὴν
1480 1062 1764 1131 ἀνθρωπό-

191 1169 331 1220 τητα
352 1153 546 1204 ἐαυτὸν
567 1153 927 1220 ἐμφανίζοντα
947 1154 1090 1205 κατά
1116 1152 1295 1206 πάντα
1313 1157 1534 1221 τρόπον.
1550 1153 1626 1215 ὦς
1656 1171 1763 1222 φη-

194 1260 278 1295 σιν
296 1244 328 1294 ό
345 1242 581 1307 Παῦλος,
601 1243 722 1312 δίχα
748 1245 916 1312 μόνης
943 1244 1043 1311 τῆς
1070 1244 1367 1314 ἁμαρτίας.
1391 1246 1559 1298 Ὀταν
1576 1244 1633 1295 δὲ
1656 1244 1764 1298 πά-

192 1331 277 1383 λιν
294 1333 436 1400 πρὸς
458 1332 555 1400 τὴν
568 1334 777 1403 μητέρα
800 1332 966 1400 λέγει,
992 1353 1010 1384 ι
1031 1334 1095 1385 Τί
1117 1336 1260 1403 ἐμοὶ,
1292 1338 1384 1389 καὶ
1407 1336 1509 1399 σοὶ,
1534 1335 1691 1401 γύναι
1710 1351 1725 1398 ;
1741 1353 1759 1385 ι

192 1423 285 1475 καί
312 1439 327 1452 ·
355 1442 373 1475 ι
413 1426 510 1489 Τίς
540 1426 656 1479 ὲστί
693 1442 796 1494 μου
826 1427 1028 1496 πατὴρ,
1060 1428 1091 1496 ἢ
1119 1429 1328 1498 μήτηρ,
1360 1428 1409 1480 εί
1442 1428 1571 1497 μὴ.ὁ
1594 1425 1766 1479 ποιῶν

190 1517 251 1568 τὸ
291 1517 508 1584 θέλημα
535 1520 630 1571 τοῦ
673 1520 985 1587 πέμψαντός
1006 1537 1107 1588 μες
1160 1539 1177 1571 ι
1230 1520 1467 1572 ἐνταῦθα
1515 1518 1765 1572 παιδεύει

191 1610 343 1677 ἡμᾶς
385 1611 447 1662 τὸ
480 1612 621 1662 οεῐον
650 1611 743 1662 καὶ
768 1612 907 1680 ὑπὲρ
929 1612 1089 1680 φύσιν
1118 1613 1354 1681 θέλημα.
1383 1613 1461 1664 Δι’
1484 1613 1632 1682 ἡμᾶς
1657 1609 1767 1682 γὰρ

192 1701 373 1753 πάντα
395 1701 571 1753 ἐποίει
604 1703 699 1754 καὶ
727 1701 1015 1771 ἔπραττεν,
1048 1704 1105 1754 ἐν
1135 1704 1301 1755 πᾶσιν
1331 1702 1494 1765 αὐτὸς
1531 1701 1761 1764 τέλειος,

192 1793 285 1843 καὶ
322 1792 657 1860 προτέλειος,
688 1794 783 1845 καὶ
825 1795 913 1846 ἀεὶ
948 1792 1166 1862 πλήρης
1211 1793 1495 1863 ὑπάρχων,
1528 1793 1765 1861 νομίζων

1863 614 2207 677 servientem,
2242 621 2303 667 ut
2340 614 2515 682 inquit
2561 613 2740 667 Lucas
2774 614 2839 678 “,
2868 612 3124 684 Josepho,
3158 626 3217 671 et
3245 619 3432 680 matri,

1863 702 1997 770 ipsis
2051 715 2450 769 accurrentem,
2491 714 2546 758 et
2591 715 2649 758 ut
2680 705 2964 774 puerulum
3012 708 3188 761 sancti
3246 710 3435 777 gremii

1862 793 1977 860 ejus
2002 796 2284 863 complexu
2319 795 2736 861 circumdatum,
2770 812 2836 849 ne
2865 796 3085 852 dubites
3119 799 3301 852 dicere
3336 813 3432 852 vo-

1865 883 2090 947 luntate,
2121 895 2176 939 et
2204 885 2447 955 ingenito
2492 895 2695 939 nostrae
2745 896 2951 941 natura:
3002 902 3186 941 amore
3218 888 3331 942 lucc
3369 888 3438 940 ab

1865 974 1984 1043 ipso
2019 977 2299 1045 prmstari,
2332 978 2811 1046 demonstrarique
2833 1016 2849 1043 ,
2905 994 3072 1048 seque
3109 994 3233 1033 cum
3282 980 3436 1034 nobis

1866 1067 2104 1133 perfecte
2172 1070 2505 1123 humanitate
2576 1069 3095 1124 consubstantialem
3152 1073 3439 1125 OSteudere

1864 1158 2035 1221 onini,
2068 1168 2125 1212 ut
2159 1158 2333 1227 inquit
2362 1159 2577 1222 Paulus,
2611 1160 2844 1225 ratione,
2881 1162 2926 1214 si
2960 1162 3181 1215 unicum
3204 1176 3433 1230 excepe-

1870 1248 1943 1300 ris
1991 1258 2293 1315 peccatum.
2341 1249 2477 1302 Cum
2546 1265 2734 1304 rursus
2789 1260 2969 1304 autem
3032 1251 3196 1305 ntatri
3259 1253 3433 1305 dicit:

1875 1355 1892 1387 ι
1939 1338 2076 1402 Quid
2110 1339 2240 1391 mihi
2288 1348 2393 1401 est,
2442 1347 2498 1391 et
2545 1339 2665 1402 tibi,
2711 1339 2906 1392 nmlier
2936 1340 3025 1391 “?
3064 1359 3084 1390 ο
3124 1350 3220 1394 ct:
3256 1360 3273 1390 ι
3305 1340 3438 1406 Quis

1868 1427 2031 1481 Pater
2053 1442 2204 1480 meus
2229 1436 2335 1491 est,
2363 1435 2417 1481 et
2448 1437 2641 1488 mater,
2671 1428 2772 1481 nisi
2803 1428 2870 1490 is,
2904 1429 2997 1497 qui
3029 1428 3157 1482 facit
3189 1429 3435 1482 volunta-

1869 1531 1974 1574 tem
2001 1521 2138 1588 ejus,
2170 1522 2259 1588 qui
2289 1521 2434 1572 misit
2464 1535 2547 1572 me
2579 1520 2656 1572 “'3
2689 1538 2707 1571 ι
2742 1519 2908 1574 Nobis
2944 1520 3009 1574 iis
3046 1520 3180 1575 locis
3201 1521 3435 1575 divinam

1867 1611 2443 1681 supernaturalemque
2466 1625 2617 1663 suam
2642 1609 2846 1664 indicat
2870 1609 3223 1664 voluntatem.
3243 1610 3433 1663 Omnia

1867 1703 2065 1770 quippe
2102 1710 2324 1770 propter
2356 1715 2455 1754 nos
2503 1700 2650 1764 fecit,
2680 1709 2735 1753 et
2758 1709 3017 1769 operatus
3046 1711 3130 1755 est
3166 1700 3439 1768 perfectus

1869 1793 1983 1861 ipse
2024 1793 2076 1845 in
2110 1790 2381 1851 onmibus,
2413 1801 2469 1843 et
2498 1804 2709 1843 summe
2770 1790 3073 1858 perfectus.
3118 1803 3439 1857 semperque

189 1881 245 1933 δὲ
275 1882 484 1948 μᾶλλον
528 1884 925 1951 ἀκριϐεστέραν
954 1882 1220 1953 ὑπάρχειν
1246 1885 1346 1953 τὴν
1390 1886 1584 1953 ἑτέραν
1614 1883 1765 1935 ἐκδο-

1865 1883 2137 1938 exsistens
2176 1881 2228 1934 in
2261 1879 2619 1948 plenitudine,
2653 1888 2707 1933 et
2737 1891 2981 1935 statuens
3032 1880 3280 1943 alteram,
3318 1896 3436 1950 qua:

190 1970 292 2037 χήν
323 1974 428 2037 τὴν
451 1971 787 2038 φάσκουσαν,
826 1971 907 2023 ὃτι
944 1969 1032 2023 διά
1061 1971 1158 2038 τῆς
1189 1970 1463 2039 θελήσεως
1492 1970 1593 2037 τῆς
1616 1970 1765 2035 λογι-

192 2056 416 2124 στικῆς,
447 2058 541 2108 καὶ
581 2057 958 2126 βουλευτικῆς,
992 2058 1087 2110 καὶ
1116 2058 1468 2127 διανοητικῆς
1503 2058 1606 2123 τῆς
1650 2073 1766 2108 νοε-

192 2147 292 2212 ρᾶς
312 2146 497 2214 ψυχῆς
513 2150 612 2217 τῆς
638 2147 733 2198 τοῦ
759 2146 947 2200 δούλου
973 2148 1192 2217 μορφῆς
1211 2149 1453 2217 ἐπλήρου
1477 2149 1507 2200 ὁ
1530 2146 1767 2217 Χριστὸς

198 2236 289 2304 τὴν
330 2235 599 2305 ὑπακοὴν,
641 2236 735 2289 καὶ
788 2237 849 2289 τὸ
886 2236 1099 2305 θέλημα
1131 2235 1228 2289 τοῦ
1254 2237 1490 2306 Πατρὸς,
1544 2239 1638 2289 καὶ
1664 2237 1765 2306 τὴν

192 2328 437 2395 ἐντολὴν,
470 2330 563 2380 καὶ
604 2332 666 2380 τὸ
705 2328 1057 2397 πρόσταγμα,
1087 2327 1185 2380 καὶ
1215 2329 1307 2380 τὸν
1340 2328 1531 2396 νόμον·
1573 2328 1661 2379 διὰ
1708 2327 1766 2379 δὲ

191 2416 357 2468 πάλιν
387 2416 494 2484 τῆς
530 2417 789 2484 ζωτικῆς,
820 2416 914 2469 καὶ
936 2417 1203 2479 ζωοποιοῦ
1235 2416 1542 2477 θεοσδότου,
1574 2414 1763 2483 αὑτῆς,

192 2506 335 2572 λέγω
355 2506 447 2573 δὴ,
461 2505 563 2573 τῆς
585 2506 763 2575 ψυχῆς
784 2506 883 2575 τῆς
897 2508 1088 2575 νοερᾶς
1112 2506 1395 2575 ἐνεργείας
1421 2505 1763 2573 συνεκράτει,

193 2598 283 2648 καὶ
317 2597 628 2659 ἐζωοποίει,
661 2598 754 2650 καὶ
774 2596 928 2664 ηὑξει
958 2597 1019 2648 τὸ
1046 2597 1246 2648 οίκεῖον
1268 2596 1431 2664 σῶμα
1454 2598 1483 2648 ὁ
1507 2595 1638 2656 Θεὸς
1661 2595 1765 2647 Λό-

193 2703 283 2753 γος
302 2687 453 2739 κατά
469 2688 559 2740 τὸν
572 2688 695 2755 ὅρον
712 2688 806 2739 καὶ
826 2687 1009 2755 νόμον,
1022 2688 1081 2739 ὃν
1098 2686 1298 2739 δέδωκε
1320 2688 1385 2753 τῇ
1409 2685 1597 2753 λογικῇ
1618 2684 1763 2753 ψυχῇ

192 2778 503 2841 ζωοποιεῖν,
534 2781 625 2831 καὶ
648 2782 996 2848 συγκρατεῖν,
1018 2779 1112 2831 καὶ
1124 2777 1330 2841 αὔξειν,
1356 2777 1450 2829 καὶ
1471 2779 1639 2828 κινεῖν
1665 2776 1766 2843 τὴν

193 2869 295 2921 τῶν
317 2870 595 2937 σωμάτων
626 2867 804 2937 φύσιν.
833 2868 997 2921 Ὅθεν
1016 2868 1111 2922 καὶ
1137 2866 1285 2938 ψυχὴ
1305 2865 1376 2919 δι’
1401 2867 1555 2919 οὐδὲν
1580 2866 1768 2934 ἕτερον

192 2961 437 3029 εἴρηται,
477 2961 524 3013 εί
563 2959 637 3029 μὴ
683 2961 746 3013 ἐκ
772 2959 867 3013 τοῦ
927 2960 1141 3029 ψύχειν,
1193 2962 1365 3029 ήγουν
1394 2961 1679 3023 ζωοποιεῖν
1706 2955 1770 3009 τὸ

192 3049 374 3118 σῶμα.
440 3049 534 3101 Ἐκ
571 3048 764 3101 τούτου
824 3049 918 3102 καὶ
966 3047 1272 3118 ἀποψύχειν
1304 3048 1366 3099 τὺ
1401 3047 1769 3116 ἀποθνήσκειν

191 3140 415 3210 εἴρηται
434 3156 450 3172 ο
480 3138 673 3212 ὥσπερ
697 3140 862 3194 πάλιν
889 3140 950 3193 τδ
972 3141 1267 3211 ἀναψύχειν
1296 3140 1357 3193 τὸ
1388 3139 1509 3210 ζῇν.
1580 3194 1613 3205 _

258 3328 482 3397 Ὥσπερ
508 3326 564 3380 δὲ
593 3325 777 3394 διττῆς
801 3324 1037 3395 Χριστοῦ
1086 3325 1323 3394 φύσεως,
1375 3321 1639 3385 ὡσαύτως
1669 3320 1768 3375 καὶ

191 3418 475 3487 Θελήσεως
512 3417 728 3477 εἰκόνας
751 3400 1034 3484 ἐδείξαμεν
1064 3418 1145 3478 εἰς
1170 3416 1266 3467 τὸν
1290 3414 1408 3467 κατ’
1437 3414 1622 3465 εἰκόνα
1672 3411 1768 3464 καὶ

188 3511 459 3578 ὁμοίωσιν
492 3507 657 3560 αὐτοῦ
708 3507 801 3560 ὑπ’
835 3505 1001 3559 αὐτοῦ
1035 3506 1327 3576 γενόμενον
1374 3504 1628 3557 σύνθετον
1676 3502 1771 3556 ἀν-

189 3596 450 3665 Θρωποψ
481 3593 623 3648 οὕτω
674 3595 838 3650 πάλιν
866 3595 941 3651 ὡς
970 3596 1029 3647 ἐν
1078 3596 1250 3648 εικόνι
1279 3594 1387 3647 τινὶ
1446 3593 1543 3646 καὶ
1587 3591 1764 3661 τύπῳ,

188 3686 355 3753 λέγω.
390 3688 586 3755 δρᾶται
637 3687 697 3739 ἐν
741 3686 819 3756 τῷ
863 3685 1135 3757 ἀνθρώπῳ
1189 3687 1285 3739 καὶ
1317 3686 1467 3754 διττή
1505 3702 1589 3746 τις
1615 3684 1768 3753 ἐνερ-

141 3833 145 3836 .
188 3779 343 3845 γείας
363 3778 608 3848 ῑμφασις
636 3779 717 3841 είς
744 3778 935 3830 εἰκόνα
974 3778 1071 3830 καὶ
1090 3776 1260 3830 τύπον
1289 3774 1547 3844 Χριστού.
1573 3772 1765 3828 Καθά-

189 3886 297 3940 περ
328 3870 444 3939 γὰρ
492 3871 526 3939 ή
556 3868 724 3921 αὑτοῦ
764 3868 956 3938 θεότης
988 3870 1206 3937 ἐνήργει
1247 3867 1341 3920 καὶ
1388 3863 1766 3934 θεανδρικῶς,

188 3962 417 4031 ἐνήργει
443 3958 504 4011 δὲ
527 3961 624 4012 καὶ
647 3957 845 4022 θεῖκῶς
873 3960 932 4012 ἐν
965 3957 1178 4029 οὐρανῷ
1207 3958 1313 4029 πρὸ
1336 3959 1433 4027 τῆς
1462 3956 1557 4009 τοῦ
1581 3955 1770 4024 σώμα-

187 4069 277 4114 τος
331 4050 685 4120 ἀναλήψεως,
718 4050 796 4111 ὡς
853 4051 1286 4121 ἀπερίγραπτος,
1322 4049 1419 4103 καὶ
1480 4046 1559 4117 μὴ
1606 4063 1769 4117 περι-

186 4145 466 4211 γραφεῖσα
508 4141 568 4191 ἐν
603 4138 679 4209 τῷ
714 4138 929 4207 σώματι
950 4156 966 4170 ·
1020 4138 1165 4192 οὑτω
1198 4139 1291 4192 καὶ
1322 4138 1356 4207 ἡ
1396 4136 1542 4206 ψυχὴ
1581 4135 1615 4204 ἠ
1645 4134 1768 4187 κατ’

188 4231 379 4284 είκόνα
434 4230 532 4282 ml.
556 4230 814 4298 ὁμοίωσιν
842 4228 936 4282 τοῦ
962 4229 1194 4300 ἀοράτου
1225 4227 1361 4281 θεοῦ
1386 4228 1564 4296 Λόγου
1590 4227 1770 4297 ὑπάρ-

188 4338 387 4390 χουσα,
460 4320 679 4389 ἐνεργεῖ
751 4320 851 4389 μὲν
899 4320 995 4372 καὶ
1044 4317 1446 4388 ψυχανδρικῶς,
1518 4317 1769 4370 τουτέστι

191 4409 611 4481 σωματοψύχως
650 4411 730 4474 είς
777 4409 950 4463 τύπον
979 4410 1069 4464 τοῦ
1102 4410 1436 4478 θεανδρικῶς
1485 4409 1726 4477 Χριστοῦ
1751 4424 1767 4440 ·

1871 1988 1994 2027 mox
2025 1973 2168 2026 dicta
2195 1981 2282 2026 est
2324 1971 2717 2038 subjectionem
2754 1970 2925 2023 multo
2958 1984 3079 2024 esse
3132 1971 3432 2028 meliorem.

1868 2064 2121 2133 quoniam
2154 2076 2249 2130 per
2295 2061 2634 2123 rationalem,
2687 2070 2851 2128 atque
2895 2061 3306 2114 deliberativam
3340 2076 3433 2111 vo-

1866 2158 2221 2217 luntatem,et
2243 2153 2592 2206 discretivam
2626 2150 3004 2205 intellectualis
3027 2151 3242 2215 animae,
3272 2165 3433 2218 quam

1868 2249 1920 2303 in
1954 2248 2125 2301 forma
2161 2246 2302 2299 servi
2337 2251 2640 2313 acceperat,
2677 2241 2925 2311 implevit
2963 2240 3217 2295 Christus
3244 2238 3434 2291 volun-

1867 2348 2058 2401 tatem,
2118 2345 2471 2405 pmceptum,
2548 2332 2859 2400 imperium,
2906 2339 2963 2383 et
3005 2330 3176 2396 legem
3230 2327 3434 2397 patris:

1867 2437 2028 2494 atque
2066 2426 2269 2493 pariter
2323 2436 2421 2491 per
2466 2421 2711 2485 vitalem,
2741 2428 2795 2474 et
2839 2419 3227 2479 vivificantem,
3268 2432 3296 2468 a
3329 2414 3437 2468 Deo

1866 2516 1970 2571 sibi
2016 2517 2230 2578 datam,
2287 2525 2447 2576 eam,
2499 2510 2759 2578 inquam,
2806 2509 3001 2562 anima:
3063 2504 3438 2560 intellectualis

1868 2606 2199 2667 facultatem,
2237 2603 2396 2662 rexit,
2431 2600 2741 2664 vivificavit,
2768 2601 3026 2666 auxitque
3050 2612 3248 2664 corpus
3274 2610 3431 2648 suum

1868 2698 2008 2751 Deus
2044 2694 2301 2757 Verbum,
2332 2694 2397 2746 iis
2424 2706 2555 2746 sane
2601 2690 2887 2756 limitibus,
2936 2705 3000 2743 ac
3049 2690 3277 2757 legibus,
3319 2701 3437 2753 quae

1870 2786 2121 2842 rationali
2166 2787 2361 2837 anima:
2406 2793 2533 2836 sunt
2562 2799 2591 2835 ιι
2625 2784 2732 2836 Deo
2783 2783 3131 2850 przescriptm,
3170 2789 3228 2830 ut
3265 2777 3435 2830 infor-

1870 2887 2001 2944 met,
2029 2879 2211 2930 vivere
2242 2876 2426 2936 fariat,
2452 2884 2739 2941 augeat,et
2763 2881 2974 2925 moveat
3003 2870 3245 2937 corporis
3269 2867 3439 2934 ipsius

1872 2986 2139 3026 naturam.
2191 2968 2554 3034 Quamobrem
2611 2980 2716 3019 non
2766 2964 2869 3017 alia
2901 2965 2966 3015 de
2998 2976 3161 3014 causa
3215 2958 3439 3026 spiritus

1869 3063 2092 3127 dicitur,
2142 3060 2243 3113 nisi
2277 3074 2340 3111 eo
2365 3059 2509 3126 quod
2564 3070 2760 3122 corpus
2793 3055 3053 3116 vivificet,
3111 3053 3227 3105 sive
3274 3048 3435 3102 faciat

1868 3154 2117 3222 spirare;
2148 3150 2447 3216 exindeque
2489 3146 2692 3215 pariter
2727 3145 2887 3206 mori,
2925 3159 3030 3197 non
3064 3143 3275 3210 spirare
3302 3154 3440 3192 nun-

1794 3211 1836 3267 c
1869 3251 2117 3310 cnpatttr,
2148 3239 2509 3306 similiterque
2542 3236 2748 3298 vivere,
2792 3235 3086 3302 respirare.

1938 3332 2397 3398 Quemadmodum
2450 3338 2632 3381 autem
2686 3325 2919 3395 duplicis
2974 3322 3178 3378 Christi
3231 3329 3440 3372 natura:

1871 3423 2158 3491 imaginem
2211 3418 2616 3486 voluntatisque
2674 3417 2929 3472 similiter
2962 3415 3015 3468 in
3058 3413 3338 3483 proposito
3372 3407 3441 3463 ab

1869 3514 1988 3582 ipso
2023 3513 2090 3565 ad
2126 3511 2414 3581 imaginem
2448 3520 2505 3563 et
2548 3509 2962 3564 similitudinem
3003 3520 3157 3559 suam
3205 3502 3440 3555 formato

1872 3602 2090 3656 homine
2119 3600 2639 3663 demonstravimus;
2670 3598 2751 3653 sic
2792 3598 2998 3666 pariter
3028 3593 3187 3649 veluti
3217 3593 3269 3647 in
3300 3593 3439 3645 ima-

1869 3695 1992 3761 gine
2020 3692 2276 3762 quadam,
2319 3692 2559 3759 inquam,
2594 3700 2759 3757 atque
2799 3689 2969 3757 ﬁgura
3016 3684 3350 3755 prospicitur
3383 3683 3435 3735 in

1871 3784 2085 3837 homine
2126 3782 2319 3851 duplex
2377 3782 2651 3837 facultatis
2699 3782 2853 3850 vigor
2901 3780 3200 3835 secundum
3253 3788 3437 3847 typum

1866 3886 1923 3928 et
1950 3875 2236 3944 imaginem
2274 3872 2499 3928 Christi.
2548 3873 2761 3928 Etenim
2811 3873 2957 3927 sicut
3005 3870 3272 3924 divinitas
3321 3866 3439 3932 ejus

1872 3966 2208 4030 theandrice,
2236 3965 2351 4020 sive
2384 3964 2712 4019 deiviriliter
2760 3960 3112 4032 aperabatur,
3145 3968 3201 4011 et
3235 3956 3440 4024 pariter

1870 4066 1999 4113 ante
2033 4057 2279 4125 corporis
2306 4056 2730 4123 assumptionem
2760 4052 3022 4107 divinitus
3050 4050 3212 4102 etiam
3238 4061 3437 4116 opera-

1870 4148 2029 4202 batur
2074 4150 2127 4202 in
2158 4149 2316 4210 caelo,
2349 4156 2407 4199 ut
2439 4145 2932 4212 incircumscripta,
2970 4156 3144 4210 neque
3192 4137 3439 4208 corporis

1870 4238 2106 4292 coercita
2138 4236 2433 4300 limitibus;
2456 4235 2527 4288 ita
2563 4236 2743 4288 anima
2776 4250 2991 4305 quoque
3025 4236 3092 4288 ad
3145 4232 3433 4301 imaginem

1870 4339 1924 4385 et
1958 4329 2365 4383 similitudinem
2394 4329 2681 4381 invisibilis
2711 4326 2801 4380 Dei
2834 4325 2994 4379 Verbi
3034 4325 3328 4383 exsistens,
3358 4321 3438 4375 fa-

1869 4426 2128 4476 cultatem
2163 4420 2492 4488 operationis
2536 4420 2699 4472 habet
2745 4418 3173 4488 psychandricm,
3222 4416 3324 4468 hoc
3354 4424 3440 4467 est

188 4503 503 4575 ἐνεργεῖδέ
552 4503 646 4555 καὶ
701 4500 950 4570 ψυχικῶς
1004 4503 1187 4570 μόνον,
1232 4502 1465 4557 πλεῖστά
1521 4518 1645 4555 τινα
1689 4502 1764 4571 μὴ

1872 4508 1923 4560 in
1952 4523 2151 4576 corpus
2182 4508 2417 4560 vitaliter
2440 4508 2671 4574 agentis,
2701 4506 2842 4575 quod
2880 4505 3208 4559 theandrica-
3239 4519 3437 4573 opera-

190 4593 589 4666 συνεργοῦντος
617 4592 756 4661 αὑτῇ
786 4591 881 4645 τοῦ
915 4593 1118 4647 οίκείου
1168 4593 1439 4663 σώματος,
1487 4594 1568 4658 είς
1596 4594 1765 4647 τύπον

187 4689 283 4742 τοῦ
324 4687 567 4758 ἀοράτου
597 4685 733 4738 Θεοῦ
755 4685 928 4751 Λόγου
961 4685 1056 4738 τοῦ
1114 4686 1283 4738 πολλὰ
1313 4687 1562 4756 ἀοράτως
1608 4686 1763 4754 ἐνερ-

188 4781 495 4849 γήσαντος,
525 4778 620 4830 καὶ
652 4777 1003 4849 ἐνεργοῦντος
1027 4778 1085 4829 ἐν
1113 4777 1327 4848 οὐρανῷ
1358 4778 1453 4831 καὶ
1501 4776 1594 4831 ἐπὶ
1633 4776 1762 4845 γῆς.

189 4872 278 4926 διά
306 4872 412 4940 τῆς
441 4870 861 4940 ἀπεριγράπτου
886 4868 1076 4932 αὑτοῦ,
1118 4872 1215 4923 καὶ
1258 4869 1633 4941 παγκοσμίου,
1667 4869 1767 4923 καὶ

190 4964 576 5039 ὑπερκοσμίου
604 4963 792 5032 eam;
821 4962 1123 5031 ἐνεργείας.

272 5238 340 5291 Ἦ
394 5229 496 5289 οὖν
534 5234 722 5305 ἀγάπη
757 5236 793 5306 ή
842 5234 977 5306 πρὸς
1003 5236 1136 5289 Θεὸν
1186 5235 1330 5290 κατά
1385 5237 1626 5309 ψυχικὴν
1672 5239 1766 5293 καὶ

192 5328 363 5396 μόνην
420 5324 752 5378 ἐπιτελεῖται
796 5325 1094 5394 ἐνέργειαν,
1124 5326 1185 5379 οὐ
1210 5329 1484 5397 χρῄζουσα
1508 5331 1565 5380 ἐν
1591 5329 1765 5397 τούτῳ

189 5416 284 5484 τῆς
316 5413 654 5483 συνεργείας.
675 5412 769 5465 τοῦ
800 5412 1051 5479 σώματος
1074 5428 1088 5441 ⁸
1122 5415 1324 5482 ὁμοίως
1371 5418 1464 5469 καὶ
1517 5418 1551 5485 ή
1581 5417 1765 5481 πίστις

187 5503 434 5572 ψυχικῆς
484 5502 578 5553 καὶ
608 5503 775 5572 μόνης
814 5504 1094 5572 ἐνεργείας
1125 5505 1269 5555 ἐστὶν
1295 5504 1518 5569 ἔνδειξις
1548 5521 1561 5535 ·
1582 5505 1765 5559 ὡσαύ-

189 5611 294 5657 τως
314 5595 427 5647 ,καὶ
486 5593 519 5661 ἡ
552 5592 707 5656 ἐλπὶς
764 5593 908 5647 κατά
945 5593 1187 5666 ψυχικήν
1235 5596 1332 5648 καὶ
1367 5598 1539 5668 μόνην
1582 5600 1763 5652 ἐπιτε-

262 5770 307 5800 ¹⁶
347 5768 483 5822 Luc.
528 5781 586 5826 ιι.
630 5767 717 5821 5|.
796 5769 833 5800 "
867 5766 1025 5822 .loan.
1061 5784 1094 5822 ιι
1153 5770 1203 5823 4.

524 5859 789 5921 l’nnos.
834 5864 947 5922 Gn.
993 5860 1306 5924 LXXXIX.

1868 4600 2031 4652 tionis
2051 4597 2260 4654 Christi
2290 4600 2461 4667 figura
2491 4599 2912 4667 exprimitur,et
2934 4595 3244 4651 facultatem
3276 4596 3439 4648 habet

1866 4706 2059 4746 rursus
2086 4690 2422 4758 Operationis
2448 4690 2709 4757 spiritalis
2746 4698 2977 4751 tantum,
3011 4703 3136 4739 cum
3165 4687 3278 4754 ipsa
3310 4700 3431 4753 per-

1867 4784 2033 4837 multa
2085 4785 2503 4851 haudquaquam
2552 4797 2674 4836 cum
2712 4783 2933 4850 proprio
2990 4778 3154 4833 simul
3208 4791 3437 4845 corpore

1865 4884 2154 4942 operetur;
2200 4874 2345 4942 quod
2394 4873 2560 4941 figura
2619 4874 2946 4941 exprimitur
3003 4870 3094 4924 Dei
3147 4868 3436 4923 invisibilis

1870 4964 2054 5025 Verbi,
2093 4963 2245 5031 plura
2298 4963 2643 5017 invisibiliter
2673 4962 2889 5030 Operari
2943 4963 3197 5029 potentis,
3231 4959 3431 5011 facien-

1868 5059 2047 5125 tisque
2079 5055 2131 5108 in
2166 5056 2323 5117 cmlo,
2373 5063 2430 5109 et
2477 5055 2530 5108 in
2574 5064 2743 5119 terra,
2802 5052 3273 5121 incircumscripta
3315 5066 3433 5113 sua,

1866 5146 2387 5216 perfectissimaque,
2419 5154 2475 5199 et
2501 5145 2951 5214 superexcellenti
2982 5144 3162 5198 divina
3209 5144 3429 5195 virtute.

1936 5239 2106 5292 Amor
2155 5239 2367 5307 itaque,
2408 5253 2515 5304 quo
2556 5239 2610 5291 in
2663 5239 2827 5292 Deum
2882 5236 3132 5300 ferimur,
3204 5235 3434 5304 spiritali

1874 5336 2081 5379 tantum
2112 5328 2307 5381 anima:
2345 5326 2542 5382 virtute
2570 5328 2870 5396 perficitur,
2900 5328 3027 5395 quin
3058 5326 3282 5381 omnino
3316 5340 3437 5379 cor-

1873 5419 2018 5486 poris
2068 5420 2446 5488 cooperatione
2483 5421 2550 5474 ad
2596 5422 2700 5475 hoc
2745 5431 2921 5489 egeat.
2976 5420 3135 5474 Fides
3186 5418 3437 5473 similiter

1873 5510 2030 5563 unius
2057 5518 2266 5563 tantum
2299 5510 2562 5576 spiritalis
2594 5510 2753 5579 hujus
2799 5511 3077 5565 facultatis
3120 5522 3206 5566 est
3239 5513 3392 5578 vigor
3419 5527 3432 5561 :

1872 5616 1998 5671 spes
2030 5603 2219 5656 eodem
2270 5615 2483 5671 quoque
2526 5604 2686 5659 modo
2738 5605 2852 5660 sola
2903 5604 3133 5674 spiritali
3178 5603 3436 5659 facultate

1308 5773 1329 5802 ’
1358 5771 1543 5827 “mlh.
1582 5788 1676 5839 xtl,
1710 5773 1896 5830 46-59.

3008 5869 3081 5926 37
