4190 6438
815 452 943 512 lilii}

1995 449 2053 507 Β,
2098 444 2490 505 ANASTASH
2533 443 2853 500 SlNAlTlS

3917 444 4060 504 1164

806 560 1084 631 ιιι-τειςῆιιιι·
1120 577 1133 612 :
1165 555 1617 626 quemadmodum
1692 556 1910 608 humilis
1979 560 2141 609 etiam
2207 555 2370 607 animi
2405 561 2444 609 Α

2405 561 2444 609 Α
2476 550 2648 603 λεῖται
2719 552 3001 619 ἐνέργειαν
3034 567 3048 582 ·
3095 552 3281 621 ὥσπερ
3343 556 3434 605 καὶ
3478 558 3509 624 ή
3571 557 4056 624 ταπεινοφροσύνη

805 652 1062 706 demissio
1091 667 1185 719 per
1216 647 1511 716 spiritalem
1542 647 1853 700 facultatem
1876 657 2178 708 exercetur,
2209 657 2369 714 atque

804 746 1074 806 consistit,
1121 753 1174 795 et
1223 751 1277 793 ut
1330 741 1637 792 summatim
1712 740 1988 800 dicamus,
2051 739 2371 791 necessaria:

807 851 1021 896 omnes,
1051 844 1104 886 et
1133 833 1409 899 spiritales
1465 834 1716 895 virtutes,
1751 847 1975 896 quarum
2037 831 2211 892 radix,
2248 831 2366 882 fun-

809 928 1145 987 damentum,
1176 938 1237 976 ac
1282 932 1451 974 mater
1481 930 1563 974 est
1591 923 1801 988 paritas
1837 922 2039 980 cordis,
2078 938 2171 987 per
2201 923 2368 974 solam

811 1015 1227 1068 intellectualem
1286 1012 1563 1064 rationalis
1619 1013 1780 1064 animi
1838 1013 2008 1063 nostri
2064 1013 2370 1063 facultatem

810 1109 1184 1174 perliciuntur,
1235 1105 1365 1170 quin
1421 1104 1640 1153 omnino
1694 1118 1920 1168 corpore
1984 1103 2278 1162 indigeant.
2318 1112 2374 1152 ιιι

813 1200 1047 1263 ipsarum
1101 1206 1253 1249 actus
1304 1196 1650 1263 impleantur.
1697 1194 2054 1257 Quamobrem
2091 1195 2124 1245 ii
2158 1208 2373 1259 quoque

812 1289 900 1356 qui
939 1303 1103 1338 carne
1146 1296 1434 1346 ttnncnlcs,
1466 1296 1515 1337 et
1552 1286 1746 1336 iniiruti
1780 1295 1924 1347 sunt,
1970 1296 2020 1336 ct
2054 1286 2371 1346 immobiles,

813 1379 1076 1442 ejusmodi
1115 1379 1423 1439 Virtutibus,
1466 1390 1582 1442 qua:
1624 1391 1688 1428 ex
1738 1376 1900 1427 animi
1954 1377 2208 1429 facultate
2251 1385 2375 1428 sunt

815 1469 921 1521 Deo
953 1468 1360 1534 ueueplacentes
1391 1467 1506 1519 lieri
1539 1475 1781 1532 possunt.
1809 1465 2072 1520 Czeterum
2106 1470 2156 1517 iu
2183 1483 2376 1518 somno

816 1561 1152 1626 potissimum
1188 1569 1370 1612 nostro
1415 1559 1606 1627 duplex
1640 1561 1749 1611 lucc
1780 1569 1961 1611 nostra
2015 1559 2239 1612 facultas
2271 1559 2376 1610 ele-

816 1658 1006 1716 ganter
1039 1650 1363 1702 ostenditur.
1399 1648 1640 1716 (lorpore
1676 1650 1819 1702 enim
1856 1650 2089 1701 habente
2133 1659 2256 1701 tunc
2285 1665 2378 1701 ve-

818 1741 895 1792 lut
948 1752 1218 1802 mortuas,
1275 1740 1576 1806 agendique
1641 1738 2028 1806 propemodum
2098 1743 2377 1806 iucapaccs

821 1843 1076 1882 sensuum
1107 1829 1409 1890 facultates,
1456 1828 1839 1882 intellectualis
1874 1835 2102 1890 tantum,
2145 1831 2376 1881 rationa-

2475 642 2542 693 δι’
2605 643 2885 710 ἐνεργείας
2934 643 3171 710 ψυχικῆς
3215 645 3540 712 ἐνεργεῖται,

2477 736 2569 786 καὶ
2647 752 2714 785 πε
2726 734 2841 802 ριλη
2851 735 3057 796 πτικῶς
3125 738 3317 795 εἰπεῖν,

3591 648 3685 698 καὶ
3732 648 4056 713 ὑφίσταται,

3391 740 3562 789 πᾶσαι
3619 739 3674 790 αἱ
3752 742 4057 804 ἀναγκαῖαι

2475 827 2567 877 καὶ
2618 826 2986 891 πνευματικαὶ
3027 827 3241 892 ἀρεταὶ,
3276 821 3348 878 ὧν
3401 831 3543 894 ῥίζα,
3580 831 3670 879 καὶ
3708 832 3918 897 μήτηρ,
3961 834 4055 880 καὶ

2475 917 2724 984 θεμέλιος
2759 919 2903 968 ἐστιν
3015 918 3322 985 καθαρότης
3353 921 3452 988 τῆς
3481 923 3728 987 καρδίας,
3777 926 3923 972 κατα
3959 924 4058 989 τὴν

2475 1006 2668 1071 νοερᾶιν
2710 1007 2801 1056 καὶ
2840 1006 3007 1073 μόνην
3054 1007 3155 1073 τῆς
3200 1007 3420 1075 λογικῆς
3465 1010 3623 1077 ἡμῶν
3673 1012 3850 1078 ψυχῆς
3899 1014 4058 1079 ἐνέρο

2474 1111 2628 1159 γειαν
2666 1095 3061 1158 ἐπιτελοῦνται,
3097 1096 3156 1147 οὐ
3196 1097 3494 1164 χρῄζουσαι
3543 1100 3636 1150 τοῦ
3687 1103 3945 1167 σώματος
3980 1106 4058 1162 εἰς

2474 1185 2572 1254 τὴν
2645 1187 2852 1238 ἑαυτῶν
2922 1189 3293 1256 ἐκπλήρωσιν.
3348 1190 3512 1240 ’Ὅθεν
3565 1192 3659 1243 καὶ
3712 1195 3760 1243 οι
3821 1194 4051 1261 πληρο“τ,

2477 1278 2568 1327 καὶ
2607 1276 2875 1338 ἀσθενεῖς,
2932 1279 3026 1330 καὶ
3093 1281 3338 1348 ἀκίνητοι
3405 1281 3555 1343 ὄντες
3599 1287 3663 1351 τῇ
3720 1286 3910 1352 σαρκὶ,
3969 1285 4057 1336 δύ.

2478 1383 2663 1417 νανται
2711 1366 2797 1417 διὰ
2836 1368 2944 1418 τῶν
2993 1369 3251 1420 τοιούτων
3313 1371 3524 1439 ἀρετῶν
3571 1376 3636 1439 τῇ
3680 1377 3822 1425 κατά
3872 1377 4056 1443 ψυχὴν

2479 1458 2728 1528 ἐνεργείᾳ
2759 1459 3120 1527 εὐαρεστῆσαι
3150 1462 3227 1528 τῷ
3275 1463 3394 1531 θεῷ
3419 1478 3433 1491 '
3475 1465 3568 1515 καὶ
3599 1466 3654 1515 ἐν
3691 1465 3768 1533 τῷ
3815 1466 3972 1533 ὕπνῳ
4001 1469 4056 1518 δὲ

2485 1556 2712 1622 μάλιστα
2743 1558 2821 1625 τῷ
2853 1557 2973 1609 καθ’
3003 1561 3151 1624 ἡμᾶς
3195 1559 3469 1612 δείκνυται
3503 1561 3562 1612 τὸ
3600 1562 3776 1614 διττὸν
3801 1564 3903 1629 τῆς
3935 1565 4058 1614 καθ’

2479 1647 2622 1714 ἡμᾶς
2651 1648 2933 1713 ἐνεργείας
2954 1663 2966 1675 '
3003 1646 3095 1698 τοῦ
3137 1647 3244 1716 γάρ
3276 1648 3526 1716 σώματος
3563 1650 3750 1719 ὥσπερ
3779 1667 4056 1718 νενεκρω-

2484 1739 2649 1802 μενας
2720 1740 2814 1788 καὶ
2883 1739 3065 1805 σχεδὸν
3136 1740 3533 1807 ἀνενεργήτους
3606 1744 3705 1802 τὰς
3768 1744 4057 1810 σισθήσεις

2481 1829 2711 1895 ἔχοντος,
2742 1829 2773 1896 ἡ
2807 1827 2968 1897 νοερά
3003 1829 3096 1881 καὶ
3118 1829 3396 1896 λογιστικὴ
3443 1830 3542 1898 τῆς
3570 1832 3747 1900 ψυχῆς
3798 1835 4053 1902 ἐνέργεια

820 1920 994 1988 lisque
1014 1923 1205 1973 animze
1228 1921 1394 1982 actio,
1417 1937 1514 1974 nec
1545 1921 1740 1986 quietis
1770 1920 2003 1988 patiens,
2029 1936 2126 1975 nec
2153 1922 2375 1988 silentii,
2415 1906 2454 1959 Β

2280 1923 2375 1988 itii,
2415 1906 2454 1959 Β
2483 1922 2794 1990 ἀκοιμήτως
2845 1922 2936 1972 καὶ
2971 1921 3249 1989 ἀσιγήτως
3298 1923 3365 1974 τά
3412 1922 3591 1976 πάντα
3626 1926 3935 1993 περιπολεῖ.

818 2011 996 2062 omnia
1029 2012 1394 2064 administrat.

894 2101 1171 2165 Quomodo
1197 2117 1323 2156 vero
1349 2102 1510 2154 etiam
1534 2111 1782 2167 separata
1807 2117 1836 2154 a
1865 2117 2094 2170 corpore
2117 2119 2211 2171 per
2238 2120 2383 2159 mor-

824 2203 929 2244 tem
982 2194 1258 2246 rationalis
1307 2194 1552 2246 subsistit
1603 2195 1806 2260 anima,
1861 2207 2056 2261 printer
2097 2213 2258 2264 quam
2315 2197 2385 2252 ob

823 2279 1239 2334 intellectualem
1270 2282 1374 2342 sui,
1422 2282 1768 2348 vitaletnquc,
1801 2295 1963 2352 atque
2011 2295 2268 2353 perpetuo
2307 2287 2388 2340 vi-

827 2381 1036 2424 ventem
1065 2373 1370 2425 =‘virtutem?
1402 2376 1478 2426 Ac
1516 2376 1779 2442 justorum
1813 2379 2007 2430 animae
2048 2380 2384 2446 potissimum

822 2464 1092 2528 quomodo
1130 2464 1292 2516 Deum
1337 2481 1478 2517 nunc
1525 2467 1770 2518 laudibus
1817 2468 2122 2521 extollunt?
2152 2485 2384 2536 quanam

826 2557 1040 2606 actione
1075 2555 1243 2606 lucem
1277 2559 1342 2606 ab
1370 2571 1455 2617 eo,
1492 2567 1542 2609 et
1578 2558 1883 2611 claritatetn
1917 2561 2225 2626 accipiunt?
2255 2577 2388 2628 quo-

826 2647 982 2694 modo
1010 2660 1107 2709 pro
1144 2649 1341 2696 mundo
1373 2660 1556 2714 rogant
1583 2649 1604 2697 ?
1646 2664 1754 2700 retn
1787 2651 1930 2702 enim
1956 2651 2058 2704 sibi
2106 2662 2387 2719 cognatam

827 2736 1085 2798 quidlibet
1119 2740 1333 2803 proprie
1359 2739 1598 2804 respicit,
1628 2749 1680 2792 et
1713 2742 1777 2793 ad
1805 2757 1922 2795 eam
1955 2743 2142 2795 tendit.
2183 2745 2389 2810 Corpus

828 2842 1078 2894 namque,
1113 2846 1211 2880 cett
1257 2845 1324 2882 ex
1359 2834 1593 2899 stupida,
1629 2846 1679 2885 ct
1727 2845 1958 2898 mortua,
2005 2847 2058 2890 et
2107 2836 2387 2900 immobili,

827 2916 1232 2985 lnsensibilique
1283 2929 1426 2971 terra
1459 2923 1744 2974 loriuattnn
1769 2964 1782 2986 ,
1831 2936 2102 2978 mortuum
2131 2966 2144 2987 ,
2187 2931 2388 2988 animo,

828 3022 1010 3069 sensu,
1055 3025 1118 3061 ac
1171 3021 1316 3061 motu
1357 3013 1702 3077 destitutum,
1731 3025 1890 3080 atque
1938 3017 2134 3069 actioni
2195 3019 2393 3084 cuique

829 3098 1066 3166 ineptum
1107 3101 1165 3153 [it
1200 3119 1292 3168 per
1322 3115 1574 3167 mortem,
1607 3107 1760 3172 juxta
1793 3108 2025 3159 divinam
2069 3110 2390 3160 sententiam

2566 2103 2860 2166 Ἐπε“ιπῶς
2894 2103 2983 2155 καὶ
3028 2103 3371 2171 χωριζομένη
3429 2103 3524 2154 τοῦ
3578 2103 3832 2173 σώματος
3868 2107 3926 2156 ἐν
3980 2102 4058 2172 τῷ

2486 2197 2700 2266 θανάτῳ
2727 2197 3099 2264 συνίσταταιή
3150 2195 3343 2264 λογικὴ
3384 2195 3551 2264 ψυχὴ,
3596 2198 3644 2247 εί
3705 2196 3776 2264 μὴ
3820 2198 3907 2248 διὰ
3953 2200 4057 2264 τῆς

2487 2291 2676 2356 νοερᾶς
2710 2287 2902 2354 αὐτῆς,
2937 2287 3031 2338 καὶ
3054 2287 3316 2352 ζωτικῆς,
3344 2287 3438 2337 καὶ
3465 2285 3700 2348 ἀειζώου
3733 2287 4054 2354 ἐνεργείας;

2487 2380 2597 2431 Καὶ
2629 2380 2861 2446 μάλιστα
2888 2379 2944 2429 at
2985 2377 3094 2428 τῶν
3123 2378 3347 2428 δικαίων
3397 2379 3567 2445 ψυχαὶ
3623 2379 3739 2437 πῶς
3786 2377 3882 2428 νῦν
3927 2379 4060 2429 Θεὸν

2488 2470 2738 2535 αἰνοῦσι;
2801 2470 2944 2520 κατά
2998 2469 3159 2520 ποίαν
3215 2469 3498 2536 ἐνέργειαν
3547 2469 3647 2537 τὴν
3695 2470 3826 2535 παρ’
3885 2468 4054 2520 αὕτοῦ

2489 2560 2821 2627 εἰσδέχονται
2853 2559 3149 2627 ἕλλαμψινς
3185 2560 3300 2620 πῶς
3325 2560 3467 2627 ὑπὲρ
3493 2561 3698 2624 κόσμου
3725 2559 4060 2626 1295363601)-

2491 2666 2604 2707 σιν;
2638 2652 2869 2700 ἕκαστον
2904 2651 3014 2716 γὰρ
3047 2650 3186 2718 πρὸς
3210 2653 3308 2717 τὴν
3340 2651 3548 2700 οἰκείαν
3573 2651 3899 2716 συγγένειαν
3955 2652 4060 2718 τὴν

2493 2741 2730 2806 ἰδιότητα
2761 2741 2902 2806 ἕχει.
2940 2741 3012 2790 Τὸ
3048 2740 3146 2807 μὲν
3176 2742 3338 2806 σῶμα
3366 2741 3440 2801 ὡς
3494 2740 3552 2802 ἐξ
3592 2741 3932 2808 ἠρεμούσης,
3965 2742 4062 2792 καὶ

2489 2833 2710 2898 νεκρᾶς,
2743 2831 2838 2882 καὶ
2871 2829 3152 2897 ἀκινήτου,
3176 2831 3272 2880 καὶ
3298 2831 3627 2898 ἀναισθήτου
3671 2831 3775 2898 γῆς
3811 2831 4062 2897 ὑφεστὼς

2491 2924 2682 2989 νεκρόν
2711 2938 2769 2973 τε
2804 2925 2895 2972 καὶ
2933 2921 3156 2987 ἄψυχον,
3192 2923 3286 2972 καὶ
3335 2923 3684 2989 ἀναίσθητον,
3727 2925 3822 2975 καὶ
3869 2925 4064 2992 ἀκίνη-

2491 3029 2601 3072 τον,
2633 3012 2729 3064 καὶ
2767 3013 2941 3077 πάντη
2985 3011 3265 3079 ἄπρακτον
3321 3013 3378 3062 ἐν
3430 3012 3508 3080 τῷ
3564 3012 3780 3078 θανάτῳ
3829 3017 4063 3079 γίνεται,

2494 3101 2636 3154 κατά
2685 3102 2786 3170 τὴν
2836 3101 2985 3152 θείαν
3038 3101 3313 3166 ἀπόφασιν
3361 3100 3459 3170 τὴν
3505 3103 3632 3169 περὶ
3678 3103 3772 3154 τοῦ
3814 3104 4066 3172 σώματος

831 3188 1090 3244 adversus
1112 3195 1658 3258 corpttsiuAtlamum
1679 3199 2103 3264 pronuntiatam,
2134 3200 2387 3265 quoniam
2421 3221 2466 3281 ο

2421 3221 2466 3281 C
2496 3195 2630 3261 πρὸς
2669 3193 2758 3244 τὸν
2809 3193 2980 3259 ’Λδάμ
3013 3192 3291 3260 ῥηθεῖσαν,
3320 3193 3398 3243 ὅτι
3431 3213 3448 3242 t
3482 3193 3554 3260 Γῆ
3596 3190 3664 3257 εἷ,
3713 3195 3809 3244 καὶ
3849 3199 3929 3256 εἰς
3961 3196 4067 3262 γῆν

835 3295 855 3329 ι
897 3288 1037 3333 terra
1084 3295 1162 3343 es,
1195 3294 1246 3336 et
1286 3285 1337 3337 in
1389 3296 1587 3339 terram
1655 3288 1849 3339 iterum
1914 3289 2225 3353 reverteris,
2276 3292 2394 3357 ejus

835 3379 994 3423 terrze
1035 3374 1301 3439 situilem,
1348 3393 1412 3429 cx
1466 3392 1568 3445 qua
1618 3379 1779 3430 etiam
1836 3379 2127 3447 plasmatus
2161 3397 2221 3434 es
2258 3381 2321 3433 ⁸³.
2369 3398 2389 3429 ι

834 3460 1026 3515 Anima
1079 3480 1238 3532 porro
1292 3483 1394 3520 non
1429 3469 1496 3521 de
1529 3480 1667 3522 terra
1705 3470 1842 3524 facta
1874 3481 1974 3534 est,
2010 3487 2111 3526 non
2156 3488 2220 3526 ex
2251 3488 2396 3536 aere,

837 3567 942 3604 non
977 3568 1040 3605 cx
1089 3557 1266 3622 aquis,
1319 3573 1420 3610 non
1450 3574 1512 3612 ex
1551 3560 1694 3626 igne,
1745 3576 1849 3614 non
1887 3577 1951 3613 ex
1986 3562 2121 3622 luce,
2172 3578 2276 3615 non
2332 3579 2397 3615 ex

837 3643 972 3706 sole,
1004 3661 1107 3697 non
1143 3664 1203 3700 ex
1246 3649 1496 3711 nubibus,
1533 3667 1706 3719 neque
1729 3667 1797 3706 ex
1839 3653 1941 3704 alia
1983 3653 2173 3720 quavis
2218 3663 2400 3706 creata

838 3733 1152 3799 aspectabili
1181 3737 1504 3800 substantia,
1535 3742 1648 3794 sive
1684 3752 1898 3802 natura,
1926 3742 2006 3794 vel
2055 3744 2397 3809 excogitabili

840 3825 1112 3888 essentia;
1150 3842 1332 3880 verum
1379 3844 1443 3882 ex
1483 3831 1595 3896 ipsa
1633 3832 1996 3893 immaculata,
2050 3844 2273 3899 :eterua,
2326 3837 2405 3889 in-

842 3911 1353 3976 comprehensibili,
1417 3916 1812 3984 inexplicabili,
1873 3922 2166 3987 invisibili,
2225 3925 2406 3992 ﬁgura:

845 4011 1084 4065 experte,
1117 4003 1427 4069 immortali,
1454 4008 1870 4077 iucorruptibili,
1894 4013 2113 4078 intacta,
2138 4016 2404 4068 dtrtluxum

847 4107 952 4144 nott
989 4093 1240 4160 patiente.
1293 4098 1720 4170 incorporeaque
1781 4103 1871 4157 Dei
1927 4116 2116 4158 natura
2178 4108 2410 4160 creatio-

847 4195 992 4244 nem,
1034 4184 1462 4252 subsistentiatn,
1515 4200 1568 4244 et
1609 4203 1787 4245 ortum
1836 4208 1931 4261 per
1975 4195 2217 4248 divinum
2263 4197 2407 4248 illum

853 4269 1116 4336 aillatum,
1147 4272 1256 4328 Deo
1287 4275 1500 4342 similis,
1525 4296 1554 4332 a
1585 4282 1691 4336 Deo
1721 4284 1864 4347 data,
1893 4284 2002 4338 Deo
2023 4286 2214 4344 atliuis.
2244 4304 2271 4338 a
2307 4288 2412 4339 [)eo

846 4375 1028 4417 creata
1063 4368 1238 4420 anima
1287 4383 1468 4424 nostra
1507 4373 1716 4434 habuit,
1752 4383 1808 4426 ut
1845 4392 1910 4429 ex
1947 4377 2093 4430 fonte
2121 4379 2244 4430 vitae
2279 4392 2413 4444 quo-

851 4457 972 4507 dam
1026 4461 1154 4523 vila,
1186 4470 1240 4513 et
1282 4463 1561 4517 vivilicans
1611 4483 1918 4536 progressa,
1970 4481 2132 4536 utque
2165 4484 2230 4522 ex
2281 4471 2413 4524 lucis

2497 3285 2570 3344 ὼς
2591 3284 2664 3350 γῆ
2691 3282 2988 3349 ἀπελεύσῃ.
3027 3280 3084 3343 ἐξ
3111 3277 3175 3348 ἧς
3216 3285 3311 3334 καὶ
3344 3282 3640 3348 ὲπλάτθης-
3675 3300 3693 3333 δ
3740 3283 3803 3335 Ἢ
3835 3285 3892 3335 δὲ
3921 3284 4067 3353 Ψυχὴ

2496 3375 2596 3424 οὐκ
2620 3375 2683 3424 ἐκ
2716 3373 2820 3439 γῆς
2850 3372 3096 3439 γέγονεν,
3123 3372 3224 3423 οὐκ
3272 3371 3332 3433 ἐξ
3364 3372 3545 3440 ἀέρος,
3588 3374 3686 3423 οὐκ
3721 3373 3782 3436 ἐξ
3837 3374 4066 3432 ὑδάτων,

2500 3466 2599 3516 οὐκ
2628 3466 2690 3516 ἐκ
2721 3464 2917 3534 πυρὸς,
2953 3463 3142 3515 οὐκέκ
3173 3461 3369 3529 φωτὸς,
3408 3463 3508 3513 οὐκ
3540 3461 3600 3525 ἐξ
3633 3464 3808 3531 ἡλίου,
3857 3465 3958 3515 οὐκ
4009 3468 4070 3515 ἐκ

2501 3556 2750 3623 νεφέλης,
2778 3555 2900 3607 οὐδὲ
2923 3556 2979 3619 ἐξ
3015 3555 3210 3625 ἐτέρας
3234 3553 3380 3615 τινὸς
3416 3555 3789 3616 ὑποστάσεως,
3814 3557 3847 3624 ἢ
3879 3557 4068 3616 οὐσίας

2502 3649 2729 3717 κτιστῆς
2757 3648 3065 3717 ὀρωμένης,
3097 3649 3130 3716 ἢ
3167 3649 3464 3716 νοουμένης
3485 3664 3498 3678 ·
3533 3648 3646 3699 ἀλλ’
3679 3649 3736 3713 ἐξ
3764 3649 3938 3715 αὐτῆς
3975 3650 4074 3714 τῆς

2504 3741 2795 3809 ἀχράντου,
2822 3741 2914 3791 καὶ
2948 3739 3146 3804 ἀῖδίου,
3179 3739 3275 3791 καὶ
3305 3739 3719 3806 ἀκαταλήπτου,
3769 3742 3864 3790 καὶ
3909 3742 4073 3806 ἀνερ-

2509 3830 2801 3900 μηνεύτου,
2858 3831 2953 3884 καὶ
3000 3830 3277 3899 ἀοράτου,
3333 3830 3426 3882 καὶ
3485 3829 3924 3898 ἀσχηματίστου,
3980 3832 4073 3880 καὶ

2506 3923 2800 3983 ἀθανάτου,
2824 3922 2916 3973 καὶ⁴
2940 3922 3240 3988 ἀφθάρτου,
3271 3920 3362 3972 καὶ
3395 3918 3774 3987 ἀψηλαφήτου,
3817 3923 3911 3972 καὶ
3967 3922 4074 3989 ἀρ-

2510 4015 2759 4084 ρεύστου,
2783 4014 2876 4063 καὶ
2900 4012 3194 4080 ἀσωμάτου
3218 4009 3432 4076 φύσεως
3454 4008 3548 4060 τοῦ
3576 4008 3711 4060 Θεοῦ
3736 4010 3835 4076 τὴν
3863 4009 4067 4070 κτίσιν,

2509 4106 2601 4156 καὶ
2631 4105 2728 4172 τὴν
2772 4102 3028 4170 ὓπαρξιν,
3075 4100 3171 4153 καὶ
3205 4100 3306 4168 τὴν
3359 4098 3584 4168 πρόοδον
3636 4098 3726 4150 διὰ
3776 4097 3870 4151 τοῦ
3930 4097 4075 4149 θείου

2510 4196 2718 4247 ἐκείνου
2752 4196 3146 4262 ἐμφυσήματος
3179 4194 3212 4260 ἡ
3251 4189 3576 4251 θεοείκελος,
3625 4190 3720 4241 καὶ
3773 4188 4073 4250 θεόσδοτος,

2512 4285 2915 4352 καὶθεόμοιος,
2969 4286 3063 4336 καὶ
3113 4283 3424 4344 θεόκτιστος
3477 4281 3636 4349 ἡμῶν
3691 4281 3837 4348 ψυχὴ
3895 4282 4072 4348 ἔσχεν,

2513 4378 2699 4445 ὥσπερ
2719 4379 2780 4428 ἐκ
2807 4393 2949 4437 τινος
2972 4375 3156 4445 πηγῆς
3179 4373 3325 4440 ζωῆς
3356 4372 3470 4442 ζωὴ
3491 4373 3586 4424 καὶ
3607 4372 3869 4435 ζωοποιὸς
3893 4372 4079 4440 προελ-

2515 4469 2701 4532 θοῦσα,
2759 4467 2854 4519 καὶ
2921 4467 2998 4528 ὡς
3062 4469 3125 4518 ἐκ
3199 4463 3475 4534 θησαυροῦ
3543 4465 3719 4531 φωτὸς
3793 4464 4076 4532 λαμπηδὸν

855 4547 1106 4599 thesauro
1131 4561 1310 4604 creata
1346 4555 1456 4616 fax,
1490 4566 1653 4625 utque
1685 4560 1886 4625 pariter
1911 4575 1972 4612 ex
2005 4562 2234 4628 quadam
2266 4577 2408 4615 sem-
2445 4549 2486 4602 D

2445 4549 2486 4602 D
2513 4559 3003 4630 δημιουργηθεῖσα,
3057 4560 3152 4611 καὶ
3189 4557 3264 4619 ὡς
3321 4559 3382 4609 ἐκ
3442 4573 3586 4618 τινος
3627 4555 3870 4608 ἀϐύσσου
3913 4558 4075 4608 ἀϊδίου

853 4636 1047 4702 pitcrui
1084 4643 1342 4695 aromatis
1372 4646 1567 4712 abysso
1594 4649 1776 4700 odoris
1808 4651 1992 4702 divino
2018 4664 2082 4702 ex
2114 4665 2208 4704 ore
2241 4651 2410 4717 respi-

855 4728 993 4781 ratio
1028 4732 1233 4796 gcnita,
1262 4743 1316 4785 et
1347 4748 1585 4801 egressa,
1612 4749 1774 4804 atque
1802 4740 1852 4792 in
1886 4742 2054 4792 Adam
2083 4741 2414 4795 habitatione

858 4819 1029 4870 locata
1057 4838 1069 4871 :
1099 4833 1267 4890 utque
1302 4826 1529 4879 ﬁdenter
1552 4829 1750 4895 dieaut,
1777 4833 1842 4882 ab
1868 4835 2106 4884 omnium
2137 4833 2417 4886 conditore

863 4911 953 4964 Dei
987 4912 1164 4968 Verbo
1211 4915 1492 4971 rationalis
1523 4920 1681 4973 nobis
1713 4925 1941 4976 traditus
1974 4933 2054 4977 est
2084 4925 2319 4987 animus,
2354 4940 2420 4976 ex

863 5003 1205 5059 immaculato
1255 5009 1422 5075 ipsius
1470 5025 1566 5063 ore
1601 5013 1651 5064 in
1688 5014 2047 5082 nosmetipsos
2094 5015 2415 5082 inspiratus,

862 5109 927 5145 ex
959 5097 1140 5150 divino
1181 5102 1342 5156 corde
1384 5103 1436 5155 iu
1473 5117 1715 5159 nostrum
1763 5108 2055 5160 collocatus
2088 5121 2204 5172 cor,
2229 5122 2295 5162 ex
2327 5106 2417 5160 Dei

940 5275 981 5303 ⁸³
1012 5274 1148 5328 Gen.
1196 5292 1278 5339 ιιι,
1305 5276 1382 5328 19.

2509 4654 2797 4722 ἀρώματος
2850 4651 3080 4711 εὐωδίας
3134 4651 3271 4718 πνοὴ
3324 4649 3411 4702 διὰ
3452 4647 3546 4700 τοῦ
3601 4647 3749 4699 θείου
3815 4647 4077 4714 στόματος

2512 4743 2873 4812 γεννηθεῖσα,
2931 4739 3263 4804 ἐξελθοῦσα,
3345 4739 3440 4791 καὶ
3501 4737 3580 4806 τῷ
3647 4737 3821 4806 Ἀδὰμ
3888 4739 4078 4789 ἐνοικι-

2518 4835 2830 4902 σθεῖσα(1)ο
2887 4834 2982 4885 καὶ
3032 4833 3179 4892 ὅπως
3215 4829 3598 4898 ἀποτολμήσας
3656 4829 3817 4892 εἴπω,
3876 4829 3942 4880 ἐκ
3993 4824 4076 4877 τοῦ

2518 4925 2851 4994 δημιουργοῦ
2885 4925 2993 4976 τῶν
3020 4924 3273 4976 ἁπάντων
3296 4920 3430 4972 Θεοῦ
3459 4921 3632 4986 Λόγου
3664 4921 3696 4988 ἠ
3727 4921 3925 4988 λογικὴ
3956 4919 4077 4986 ἡμῖν

2530 5015 2788 5085 μετεδόθη
2812 5015 2979 5083 ψυχὴ,
3012 5015 3074 5065 ἐκ
3106 5012 3202 5064 τοῦ
3228 5003 3497 5080 ἀκράντου
3531 5011 3800 5079 στόματος
3834 5013 3916 5071 εἰς
3943 5010 4079 5078 ἡμᾶς

2527 5108 2946 5178 ἐμιτνευσθεῖσα,
2978 5109 3042 5158 ἐκ
3083 5103 3218 5158 Θεοῦ
3261 5102 3486 5171 καρδίας
3522 5104 3654 5172 ἡμῖν
3697 5102 4076 5171 καρδιωθείτα,

2336 5390 2564 5447 NOTAE.

946 5528 1023 5593 (1)
1062 5527 1362 5581 Notandum
1418 5544 1534 5593 qua:
1583 5528 1833 5592 leguntur
1884 5526 1971 5578 hic
2017 5541 2044 5578 τι
2099 5525 2281 5580 verbis
2335 5526 2429 5577 καὶ

876 5599 936 5649 ἐν
968 5599 1044 5667 τῷ
1091 5598 1274 5664 ὖπνῳ,
1310 5617 1366 5650 κ.
1419 5602 1479 5650 .1.
1535 5613 1651 5662 qua!
1677 5606 1801 5649 sunt
1830 5597 1983 5648 initio
2017 5596 2176 5661 hujus
2217 5598 2424 5663 paginae

879 5682 1045 5733 usque
1075 5671 1140 5718 ab
1174 5671 1310 5720 hanc
1342 5683 1523 5720 vocent
1552 5667 1929 5724 ἐνοικισθεῖσα,
1961 5675 2014 5714 et
2047 5681 2131 5728 ea,
2165 5681 2282 5729 qua:
2303 5681 2427 5718 mox

881 5742 1183 5788 snbduntnr
1211 5753 1238 5787 a
1267 5740 1442 5789 verbis
1475 5739 1567 5788 καὶ
1601 5736 1822 5802 ἐποίησε
1853 5735 1984 5801 παρ’
2014 5735 2204 5786 ἐαυτοῦ
2225 5776 2236 5791 .
2266 5753 2320 5785 κ.
2364 5738 2426 5786 .1.

884 5822 1004 5870 υειις.
1068 5808 1374 5874 sequentis,
1425 5822 1590 5874 usque
1642 5807 1704 5856 ad
1763 5821 1920 5859 voces
1965 5807 2206 5873 διαφέρει
2257 5805 2286 5856 ὁ
2332 5806 2424 5858 5w-

2534 5526 2752 5592 Ορωςτος
2807 5523 3108 5585 inclusive,
3158 5523 3344 5576 haberi
3403 5523 3456 5574 in
3507 5521 3612 5575 ﬁne
3678 5519 3800 5572 libri
3855 5519 4076 5582 eiusdem

2534 5595 2804 5647 Anastasii
2827 5633 2842 5655 ,
2874 5597 2961 5657 qtti
2995 5595 3304 5647 inscribitur
3338 5607 3352 5643 :
3385 5592 3456 5644 De
3497 5592 3722 5643 hominis
3767 5592 4028 5641 creatione
4054 5607 4075 5636 ιι

2535 5664 2643 5717 ι)εο
2674 5667 2740 5714 ml
2773 5664 3080 5729 imaginem,
3113 5673 3161 5714 et
3193 5663 3592 5715 similitudinem
3617 5676 3768 5710 suam
3797 5696 3812 5719 ,
3844 5659 4075 5729 impressi

2536 5736 2586 5786 in
2631 5735 2778 5787 calve
2815 5734 3122 5787 l'ltttoculia:
3161 5732 3406 5800 Origeuis
3447 5735 3576 5784 edit.
3619 5730 3794 5783 l'aris.
3860 5728 3990 5779 lG—Zi
4033 5731 4073 5787 vl,

2534 5819 2581 5868 p.
2627 5804 2748 5855 605.
