4190 6438
176 379 314 445 1165

1585 375 1837 435 SERMO
1878 373 1991 432 ΙΙΙ.

3280 379 3413 441 1166

174 496 237 544 ἐκ
267 491 404 544 Θεοῦ
455 491 635 560 ψυχῆς
672 492 805 561 ἡμῖν
861 489 1293 560 ἐμψυχωθεῖσα..
1334 489 1399 540 ὲκ
1438 485 1574 540 Θεόῦ
1632 489 1749 548 νοὸς

1854 485 2044 549 Spiritu
2076 482 2130 535 in
2169 496 2267 535 nos
2309 483 2611 551 spiratione
2648 481 2894 546 diﬁ'usus,
2930 498 2995 537 ex
3029 483 3207 536 divina
3242 497 3420 540 mente

174 589 310 653 ἡμῖν
345 585 674 652 νοερωθεῖσα
702 601 715 615 ·
747 583 869 636 ὅθεν
907 583 981 645 ὡς
1026 582 1087 643 ἐξ
1127 577 1295 631 αὑτοῦ
1346 579 1441 631 τοῦ
1474 578 1609 630 Θεοῦ
1651 575 1745 629 τοῦ

178 676 446 742 ακινήτου
476 674 563 728 διὰ
607 675 702 726 τοῦ
732 675 998 743 στόματος
1021 672 1100 741 (‘2)
1158 671 1254 724 καὶ
1287 670 1380 722 τοῦ
1414 667 1746 738 ὲμφυσήμα-

175 785 268 828 τος
298 767 396 819 τοῦ
415 766 560 818 θείου
589 767 952 836 προελθοῦσα,
979 765 1073 816 καὶ
1096 760 1420 832 γεννηθεῖσα
1442 760 1746 828 ἀεικίνητος

177 861 442 928 ὑπάρχει,
506 862 604 913 καὶ
659 861 825 927 μόνην
852 855 1004 925 παρὰ
1046 857 1230 907 πᾶσαν
1276 855 1376 921 τὴν
1404 852 1582 904 κτίσιν
1624 851 1746 905 κατ’

177 953 367 1005 εἰκόνα.
433 951 528 1004 καὶ
551 951 810 1019 ὁμοίωσιν
837 947 974 1000 Θεοῦ
1021 946 1281 1015 ὑπάρχει,
1326 945 1420 995 καὶ
1470 958 1748 1012 προσηγο-

178 1041 373 1110 ρεύθη,
400 1042 474 1102 ώς
506 1042 708 1110 ἔχουσα
729 1042 786 1092 ὲν
819 1041 984 1107 ἑαυτῇ
1023 1036 1163 1089 κατά
1200 1035 1359 1104 χάριν
1375 1034 1444 1087 τὰ
1474 1035 1576 1103 τῆς
1597 1032 1749 1096 Θείας

177 1134 400 1199 φύσεως
434 1135 702 1203 ἰδιώματα
748 1134 1032 1193 τυπικῶς’
1058 1131 1200 1197 λέγω
1247 1130 1309 1198 δὴ
1353 1131 1413 1181 τὸ
1467 1129 1749 1197 ἀκατάλη-

177 1242 334 1285 πτον,
364 1225 426 1276 τὸ
448 1225 698 1294 ἀόρατον,
717 1224 779 1276 τὸ
803 1223 1115 1290 ἀσώματον,
1138 1221 1200 1273 τὸ
1226 1221 1656 1289 ἀσχημάτιστον,
1687 1217 1749 1270 τὸ

174 1316 442 1383 καθαρὸν,
483 1317 543 1368 τὸ
567 1317 855 1378 ἀθάνατον,
879 1314 938 1366 τὸ
962 1314 1201 1379 αἰώνιον,
1243 1314 1304 1366 τὸ
1344 1312 1643 1379 ἄφθαρτον,
1686 1310 1748 1361 τὸ

175 1407 549 1471 αὐτεξούσιον,
609 1409 670 1459 τὸ
741 1407 1148 1474 ἀναμάρτητον,
1219 1404 1280 1457 τὸ
1328 1403 1625 1468 ζωοποιὸν,
1687 1401 1748 1454 τὸ

185 1500 531 1567 σοφιστικὸν,
563 1501 625 1553 τὸ
652 1499 1042 1570 πνευματικὸν,
1075 1497 1136 1550 τὸ
1163 1495 1649 1566 δημιουργητικόν.

246 1677 462 1746 ’Ὥσπερ
492 1677 602 1745 γὰρ
646 1679 673 1728 6
715 1676 846 1738 Θεὸς
891 1677 956 1729 ὲκ
999 1678 1104 1745 γῆς
1139 1677 1447 1746 ἄνθρωπον,
1482 1675 1625 1730 οὕτω
1653 1677 1748 1729 καὶ

175 1768 274 1818 ἄνθ
283 1783 467 1836 ρωπος
491 1770 554 1818 ὲκ
581 1769 835 1834 γυναικὸς
857 1767 996 1819 κατὰ
1013 1769 1173 1836 χάριν
1194 1769 1514 1838 δημιουργεῖ
1532 1769 1744 1837 ἄνθρω-

1851 575 2005 629 nobis
2040 575 2368 629 intellective
2411 590 2738 638 concessus;
2782 586 3114 644 quapropter
3160 587 3416 644 tanquam

1848 681 1912 720 ex
1948 668 2064 736 ipso
2104 667 2214 723 Deo
2252 666 2508 721 immobili
2545 683 2642 736 per
2685 667 2926 720 divinum
2959 682 3044 730 os,
3077 669 3420 735 divinamqne

1848 758 2224 827 spirationem,
2257 759 2551 827 proﬂuens,
2576 770 2630 812 et
2660 759 2983 826 originatus,
3019 771 3276 827 perpetuo
3314 777 3423 811 tuo.

1849 849 1970 903 bilis
1998 859 2202 913 manet,
2233 849 2488 919 solusque
2515 864 2704 917 preter
2733 852 2966 918 reliquas
2993 867 3182 905 omnes
3209 865 3418 906 creatu-

1850 953 1939 992 ras
1963 940 2029 993 ad
2056 941 2367 1009 imaginem,
2402 941 2919 1008 similitudinemun
2946 941 3181 994 divinam
3206 943 3421 994 exsistit

1847 1038 1903 1083 et
1931 1031 2330 1093 denominatur,
2368 1039 2425 1082 ut
2451 1031 2503 1082 in
2538 1032 2830 1098 semetipso
2863 1033 3145 1098 ligurative
3179 1048 3272 1100 per
3297 1048 3421 1099 gra-

1850 1118 1978 1172 tiam
2036 1121 2244 1175 habens
2291 1121 2485 1175 divinat
2545 1120 2714 1189 ipsius
2765 1133 2969 1174 naturae
3020 1124 3418 1188 proprietates.

1848 1212 1990 1278 quod
2015 1213 2288 1275 videlicet,
2311 1213 2552 1282 inquam,
2582 1213 3144 1278 incomprehensibilis
3167 1214 3258 1276 sit,
3282 1212 3422 1266 iuvi-

1845 1300 2041 1365 sibilis,
2069 1303 2317 1370 corporis
2363 1318 2578 1370 expers,
2615 1304 2781 1370 ﬁgura
2831 1319 3044 1366 carens,
3093 1317 3282 1371 purus,
3330 1305 3423 1354 im-

1848 1391 2095 1443 mortalis
2117 1430 2132 1455 ,
2183 1402 2418 1444 a'ternus
2442 1431 2456 1453 ,
2507 1393 2956 1460 incorruptibilis,
3006 1407 3036 1444 a
3063 1408 3120 1445 se
3149 1393 3265 1459 ipso
3290 1391 3421 1444 sub-

1847 1481 2046 1534 sistens
2068 1521 2082 1543 ,
2127 1483 2330 1550 peccati
2381 1483 2498 1536 labe
2533 1499 2635 1535 non
2669 1485 2936 1550 pollutus,
2967 1484 3248 1538 vivilieans
3277 1525 3290 1548 ,
3329 1500 3419 1537 sa-

1847 1574 2022 1640 piens,
2063 1573 2340 1638 spiritalis,
2382 1577 2711 1641 Operativus.

1917 1661 2381 1726 Quemadmodum
2432 1680 2663 1733 namque
2699 1667 2836 1719 Deus
2885 1667 3156 1720 hominem
3188 1669 3250 1719 de
3279 1677 3418 1719 terra

1850 1750 2124 1812 fortnavit,
2155 1753 2234 1806 sic
2271 1754 2432 1806 homo
2474 1755 2542 1806 de
2590 1757 2814 1809 muliere
2841 1771 2934 1823 per
2979 1761 3208 1825 gratiam
3250 1759 3422 1811 homi-

178 1873 314 1907 πονο
354 1857 451 1908 καὶ
495 1856 684 1925 ὥσπερ
729 1857 820 1907 ἐπὶ
849 1858 947 1924 τῆς
996 1857 1218 1925 πρώτης
1267 1857 1516 1917 πλάσεως
1547 1857 1608 1908 τὸ
1647 1857 1746 1923 μὲν

1850 1858 1970 1895 nent
2003 1853 2258 1909 generat;
2285 1857 2346 1896 ac
2379 1844 2536 1897 sicuti
2569 1846 2618 1895 itt
2646 1847 2816 1911 prima
2848 1848 2930 1898 illa
2960 1850 3280 1900 formatione
3304 1866 3420 1900 sor-

177 1946 339 2015 σῶμα
367 1948 430 1998 ὲκ
462 1947 561 2015 τῆς
595 1947 698 2013 γῆς
733 1947 889 2014 ἔσχεν
914 1947 942 1998 6
987 1947 1292 2014 ἄνθρωπος,
1323 1946 1421 2014 τὴν
1463 1947 1522 1998 δὲ
1571 1947 1748 2014 ψυχὴν

174 2037 235 2100 ἐξ
265 2035 434 2089 αὑτοῦ
463 2036 558 2088 τοῦ
593 2035 731 2086 Θεοῦ
781 2037 1167 2104 γεννηθεῖσαν
1233 2034 1378 2088 οὕτω
1421 2037 1515 2088 καὶ
1551 2035 1649 2088 νῦν
1686 2037 1748 2088 τὸ

177 2125 279 2191 μὲν
305 2123 464 2191 σῶμα
486 2125 550 2175 ὲκ
574 2123 672 2191 τῆς
702 2124 1020 2190 γυναικείας
1063 2125 1165 2190 γῆς
1218 2125 1314 2175 καὶ
1369 2126 1600 2192 αἵματος
1630 2141 1749 2177 συν-

177 2213 421 2274 ίσταται,
456 2214 490 2281 ὴ
521 2212 577 2263 δὲ
606 2211 752 2281 ψυχὴ
786 2212 874 2264 διὰ
911 2212 1012 2280 τῆς
1040 2213 1246 2281 σπορᾶς
1275 2211 1465 2281 ὥσπερ
1490 2214 1579 2266 διά
1603 2231 1746 2276 τινος

175 2304 580 2372 ὲμφυσήματος
634 2305 698 2354 ὲκ
770 2303 866 2356 τοῦ
914 2303 1208 2373 ἀνθρώπου
1270 2306 1526 2374 ἀρρήτως
1576 2322 1744 2373 μετα-

172 2393 402 2447 δίδοται.
440 2393 565 2445 Ἐπὶ
598 2394 698 2460 μὲν
731 2390 825 2446 οῦν
879 2398 979 2464 τῆς
1028 2395 1138 2447 τῶν
1172 2397 1422 2462 ἀγγέλων
1490 2398 1583 2448 καὶ
1637 2397 1748 2448 τῶν

175 2483 462 2552 Χερουϐὶμ
514 2483 608 2534 καὶ
657 2485 909 2552 Σεραφίμ
961 2486 1325 2554 δημιουργίας
1381 2489 1595 2554 εἴρηται
1663 2489 1746 2539 ὅτι

173 2572 364 2633 αὐτὸς,
398 2573 676 2624 τουτέστιν
707 2574 735 2624 6
761 2573 912 2634 Θεὸς,
949 2592 967 2623 t
1009 2571 1166 2634 Εἱπε,
1220 2579 1312 2627 καί
1347 2576 1742 2647 ἐγεννήθησαν

174 2663 342 2724 αὐτὸς
389 2665 728 2725 ἐνετείλατο,
776 2667 870 2716 καὶ
911 2665 1277 2735 ἐκτίσθησανο
1335 2686 1355 2718 ι
1403 2668 1495 2719 ἐπὶ
1547 2669 1606 2720 δὲ
1649 2667 1744 2720 τοῦ

173 2754 470 2822 ἀνθρώπου
494 2755 586 2807 τοῦ
623 2757 744 2808 κατ’
773 2757 960 2809 εἰκόνα
1015 2759 1109 2809 καὶ
1130 2758 1385 2826 ὁμοίωσιν
1406 2760 1539 2810 Θεοῦ
1571 2758 1744 2820 ὄντος,

171 2843 277 2914 οὐχ
304 2844 510 2907 οὕτως’
543 2846 678 2898 ἀλλὰ
700 2847 760 2898 τὸ
791 2847 893 2914 μὲν
925 2847 1084 2915 σῶμα
1117 2848 1205 2898 διὰ
1243 2849 1352 2898 τῶν
1399 2847 1616 2899 οἰκείων
1650 2847 1747 2898 καὶ

173 2932 340 2985 θείων
372 2934 572 3003 χειρῶν
601 2935 768 2987 αὑτοῦ
813 2935 1048 2988 ἔπλασεν
1088 2939 1116 2988 6
1154 2937 1304 2998 Θεὸς,
1340 2937 1438 3004 τὴν
1473 2936 1530 2987 δὲ
1567 2936 1748 3005 ψυχὴν

172 3023 252 3083 ὡς
281 3022 516 3092 ἀόρατον
549 3026 610 3074 ἐκ
638 3025 734 3089 τῆς
757 3025 1100 3093 παναοράτου
1132 3026 1298 3079 αὑτοῦ
1330 3025 1507 3097 ψυχῆς
1533 3027 1623 3078 διὰ
1654 3027 1745 3079 τοῦ

172 3115 574 3182 ιμφυσήματος
601 3116 886 3183 προήγαγε
915 3117 1009 3168 καὶ
1063 3118 1287 3186 ἐποίησε
1337 3118 1468 3188 παρ’
1522 3117 1743 3184 ἑαυτοῦ,

174 3203 274 3255 καὶ
297 3205 402 3256 οὐκ
433 3206 498 3256 ἐκ
532 3205 642 3256 τῶν
655 3206 808 3269 ἐκτὸς
829 3206 1023 3260 ἑαυτοῦ
1053 3208 1260 3278 ταύτην
1285 3210 1420 3278 ἡμῖν
1442 3209 1641 3273 ἐνθεὶς,
1668 3207 1744 3272 ὡς

174 3294 474 3363 Γρηγορίῳ
505 3294 653 3345 δοκεῖ

247 3383 464 3437 Οὐκοῦν
499 3387 548 3436 εἰ
580 3386 644 3436 ὲκ
679 3384 946 3454 στόματος
974 3387 1068 3439 καὶ
1092 3388 1262 3456 πνοῆς
1289 3388 1428 3441 Θεοῦ
1469 3389 1743 3459 προῆλθεν

173 3476 208 3544 ὴ
239 3475 413 3544 ψυχὴ.
450 3477 514 3527 ἐκ
537 3477 703 3544 πνοῆς
734 3476 870 3529 Θεοῦ
901 3479 1191 3547 προῆλθον,
1223 3481 1317 3531 καὶ
1351 3483 1742 3551 συμπροῆλθον

173 3567 360 3619 πάντα
389 3565 461 3617 τὰ
484 3565 581 3634 τῆς
610 3566 787 3636 ψυχῆς
816 3568 1050 3637 οὐσιώδη
1080 3569 1365 3638 ἰδιώματα,
1389 3573 1664 3636 τουτέστι,
1688 3573 1749 3627 τὸ

176 3658 513 3726 λογιστικὸν,
535 3658 596 3708 τὸ
626 3659 834 3728 νοερὸν,
866 3659 926 3712 τὸ
955 3660 1255 3728 θελητικὸν,
1289 3662 1352 3713 τὸ
1373 3665 1746 3734 ἐνεργητικὸν,

174 3747 234 3797 τὸ
263 3746 567 3811 ζωοποιόν;
606 3740 844 3799 ὧντινων
869 3749 1274 3818 ἀναιρουμένων
1297 3751 1414 3802 οὐδὲ
1434 3752 1600 3815 ἐστιν,
1625 3754 1747 3807 οὐδὲ

175 3836 512 3906 γνωρίζεται
543 3837 687 3907 ψυχὴ
733 3838 923 3909 λογική
946 3855 959 3869 ·
992 3841 1241 3911 καθάπερ
1267 3842 1375 3912 γὰρ
1402 3847 1470 3896 τὰ
1501 3849 1742 3915 στοιχεῖα

175 3930 486 3980 συστατικὰ
519 3931 612 3980 καὶ
635 3930 1067 4000 συμπληρωτικὰ
1086 3933 1180 3984 τοῦ
1213 3934 1464 4002 σώματος
1492 3936 1746 4006 ὑπάρχει,

173 4018 324 4071 οῦτω
352 4021 448 4071 καὶ
467 4021 500 4088 ἡ
516 4019 662 4090 ψυχὴ
675 4021 763 4073 διὰ
783 4023 891 4074 τῶν
907 4023 1123 4076 οἰκείων
1149 4023 1334 4087 ἕξεων.
1357 4027 1452 4078 καὶ
1473 4028 1748 4099 ἰδιοτήτων

177 4110 499 4162 συνίσταται
544 4111 638 4163 καὶ
674 4111 1017 4182 γνωρίζεται,
1046 4116 1139 4167 καὶ
1167 4115 1275 4167 τῶν
1303 4117 1514 4184 ἀλόγων
1533 4118 1610 4182 ὡς
1660 4119 1747 4172 λο-

174 4202 311 4270 γικὴ
327 4201 683 4271 διακρίνεται.
706 4205 861 4256 Κατὰ
877 4205 984 4272 γὰρ
1000 4205 1060 4257 τὸ
1081 4208 1287 4275 νοερὸν,
1307 4209 1400 4260 καὶ
1423 4208 1746 4276 λογιστικὸν,

173 4291 299 4360 ἦτοι
325 4291 695 4359 βουλευτικὸν,
725 4294 819 4346 καὶ
854 4295 1160 4365 θελητικὸν,
1186 4298 1280 4349 καὶ
1307 4299 1470 4366 μόνον
1494 4300 1604 4353 τῶν
1627 4301 1750 4354 ἁλό-

176 4399 294 4450 γων
348 4382 592 4453 διαφέρει
640 4384 670 4435 6
722 4384 1042 4454 ἄνθρωπος·
1104 4388 1289 4456 σχεδὸν
1345 4392 1402 4442 ὲν
1449 4392 1584 4443 πᾶσι
1637 4395 1748 4455 τοῖς

1851 1931 1982 1983 titus
2012 1942 2091 1983 est
2124 1931 2283 1983 homo
2309 1931 2374 1985 de
2403 1940 2547 1985 terra
2593 1949 2812 2001 corpus,
2861 1936 3106 1987 animum
3141 1947 3319 1988 autent
3353 1953 3416 1989 ex

1850 2022 1959 2075 Deo
2007 2023 2122 2089 ipso
2165 2025 2492 2092 originatum
2523 2037 2537 2076 :
2570 2027 2642 2077 ita
2689 2041 2829 2078 nunc
2879 2029 3085 2093 pariter
3130 2043 3326 2094 corpus
3355 2043 3418 2080 ex

1850 2115 2098 2167 muliebri
2155 2125 2322 2178 terra,
2376 2115 2836 2184 sanguinibmque
2886 2120 3154 2182 consistit,
3205 2122 3420 2174 animus

1846 2215 2026 2258 autem
2061 2221 2154 2273 per
2198 2221 2405 2266 semen,
2458 2206 2618 2259 veluti
2663 2222 2759 2275 per
2795 2212 3076 2274 quamdam
3109 2228 3172 2263 ex
3205 2212 3419 2265 homine

1846 2298 2225 2362 Spirationem,
2261 2296 2683 2351 ineil‘abilitercx
2720 2300 3204 2354 hominen-aditur.
3236 2304 3418 2356 Enim-

1847 2399 1975 2436 vero
2005 2383 2073 2437 de
2113 2385 2422 2452 angelorum
2448 2426 2463 2452 ,
2507 2387 2680 2456 deque
2730 2386 3018 2440 Cherubin:
3052 2401 3102 2442 et
3132 2391 3414 2460 Seraphim

1846 2473 2062 2540 Opiﬁcio
2098 2476 2298 2526 dictum
2328 2484 2431 2540 est,
2462 2476 2587 2543 quia
2622 2477 2752 2543 ipse,
2784 2477 2923 2531 Deus
2949 2479 3178 2542 scilicet,
3215 2499 3230 2529 ι
3262 2482 3415 2544 dixit,

1845 2573 1898 2616 et
1929 2564 2069 2616 facta
2102 2573 2264 2627 sunt;
2320 2565 2434 2630 ipse
2469 2567 2768 2633 mandavit,
2798 2577 2851 2622 et
2875 2581 3055 2620 creata
3092 2582 3214 2622 sunt
3249 2573 3290 2602 ”
3330 2589 3343 2623 :
3393 2592 3411 2622 ι

1846 2668 1952 2706 non
1982 2655 2053 2707 ita
2095 2669 2257 2721 porro
2290 2657 2356 2707 de
2399 2656 2638 2720 homine,
2673 2659 2762 2724 qui
2789 2669 2869 2712 est
2904 2661 2968 2710 ad
3004 2661 3091 2712 Dei
3131 2663 3414 2726 imaginem

1845 2753 2005 2811 atque
2057 2745 2473 2798 similitudinem
2510 2748 2685 2800 editus
2718 2765 2730 2801 :
2769 2763 2952 2802 verum
2992 2751 3148 2816 hujus
3199 2755 3416 2819 quidem

1846 2848 2041 2901 corpus
2094 2837 2323 2902 propriis
2388 2837 2501 2890 Suis
2552 2838 2749 2891 divinis
2823 2841 3073 2893 manilius
3133 2843 3418 2910 plasmarit

1851 2925 1988 2979 Deus
2019 2943 2032 2978 :
2063 2928 2297 2979 animam
2362 2938 2564 2992 autem,
2608 2938 2662 2981 ut
2710 2928 3054 2996 invisibilem,
3100 2949 3165 2986 ex
3206 2950 3416 2989 summa

1850 3017 2102 3070 invisibili
2151 3018 2344 3083 spiritu
2397 3035 2496 3072 suo
2545 3036 2640 3088 per
2681 3021 3092 3089 inspirationem
3144 3030 3417 3093 produxit,

1849 3120 2029 3176 atque,
2073 3119 2127 3161 ut
2157 3109 2417 3176 Gregorio
2463 3113 2638 3164 visum
2670 3124 2774 3175 est,
2818 3131 2881 3166 ex
2927 3119 3220 3183 semetipso
3269 3118 3417 3180 fecit,

1851 3214 1954 3250 non
1980 3210 2157 3250 autem
2190 3214 2255 3251 ex
2280 3216 2466 3253 eorum
2496 3201 2696 3270 aliquo,
2717 3220 2836 3271 qua:
2865 3216 3014 3258 extra
3043 3206 3212 3274 ipsum
3238 3222 3422 3264 essent

1847 3290 2138 3345 formatam
2172 3306 2292 3345 eam
2327 3296 2485 3348 nobis
2519 3297 2747 3350 contulit
2776 3299 3053 3352 Dominus.

1918 3382 2106 3437 Nonne
2138 3385 2322 3453 igitur,
2358 3386 2402 3438 si
2439 3387 2617 3440 divino
2643 3405 2708 3443 ex
2734 3405 2847 3454 ore,
2879 3402 3040 3458 atque
3074 3395 3263 3460 spiritu
3298 3411 3420 3463 pro-

1849 3476 2011 3529 cessit
2039 3477 2279 3539 animus,
2321 3478 2482 3531 simul
2520 3479 2683 3532 etiam
2717 3496 2837 3534 cum
2872 3483 2990 3550 ipso
3032 3498 3222 3538 omnes
3255 3489 3419 3541 animi

1848 3567 2168 3621 essentiales
2200 3568 2552 3636 pr0prietates
2585 3585 2916 3638 processere,
2963 3576 3246 3629 rationalis
3273 3578 3421 3629 vitle-

1850 3657 1993 3721 licet,
2033 3658 2380 3722 intellectiva,
2416 3661 2656 3723 volitiva,
2701 3666 2998 3730 operativa,
3037 3667 3422 3735 viviﬁcamque

1849 3747 2129 3815 potestas?
2161 3749 2356 3815 quibus
2413 3764 2606 3817 nempe
2654 3752 2904 3816 sublatis,
2965 3769 3141 3822 neque
3191 3745 3422 3824 amplius

1849 3851 1953 3898 esu,
1988 3853 2160 3906 neque
2207 3839 2491 3892 rationalis
2524 3840 2702 3892 anima
2752 3845 3116 3910 cognoscitur.
3152 3843 3422 3909 Quemad-

1850 3929 2065 3980 modum
2097 3928 2239 3981 enint
2281 3942 2480 3998 corpus
2527 3931 2791 3984 elementa
2850 3947 3205 4002 componunt,
3260 3947 3420 4004 atque

1850 4021 2147 4088 perﬁcient,
2183 4020 2252 4072 ita
2281 4022 2488 4086 pariter
2518 4023 2631 4074 suis
2667 4023 2904 4086 dotibus,
2963 4028 3421 4092 proprietatibus-

1848 4124 1952 4177 que
1981 4109 2275 4176 perﬁcitur,
2311 4119 2365 4162 et
2407 4109 2738 4177 dignoscitur
2785 4112 3023 4173 animus,
3061 4125 3124 4164 ac
3161 4124 3418 4180 tanquam

1850 4205 2186 4257 rationalisa
2217 4204 2390 4257 brutis
2439 4204 2772 4256 discernitur
2849 4204 3059 4257 ratione
3126 4206 3417 4260 destitutis.

1849 4295 2093 4364 Namque
2126 4295 2423 4360 intellectu,
2458 4297 2776 4362 rationeque
2809 4297 3005 4360 solum,
3038 4296 3120 4350 vel
3150 4297 3421 4351 delibera-

1851 4382 1956 4434 tiva
2008 4380 2335 4448 volitivaque
2403 4380 2657 4434 facultate
2708 4384 2776 4436 ab
2823 4384 3191 4439 animantibus
3248 4388 3422 4440 brutis

175 4475 414 4537 λοιποῖς,
443 4475 538 4526 καὶ
569 4475 802 4543 μάλιστα
839 4480 950 4538 τοῖς
980 4477 1074 4530 τοῦ
1117 4478 1370 4547 σώματος
1411 4483 1748 4547 κοινωνικὸς,

1854 4474 2127 4541 discrepat
2157 4474 2316 4527 homo
2352 4490 2364 4525 :
2401 4473 2450 4526 in
2487 4474 2714 4540 reliquis
2755 4487 2957 4541 autem,
2993 4477 3163 4546 iisque
3199 4481 3419 4547 potissi-

178 4566 275 4618 καὶ
301 4566 511 4633 ὅμοιος,
544 4566 637 4618 καὶ
669 4566 952 4632 ὀμοούσιος
987 4569 1098 4622 τῶν
1137 4570 1349 4637 ἀλόγων
1398 4573 1709 4644 καθέστηκε
1736 4591 1750 4605 ·

177 4657 277 4708 καὶ
313 4654 425 4726 γὰρ
456 4658 520 4708 ἐκ
546 4657 645 4724 τῆς
667 4657 834 4726 αὐτῆς
875 4661 977 4727 γῆς
998 4660 1148 4725 ὄντα,
1186 4662 1309 4716 ὅθεν
1339 4666 1434 4717 καὶ
1456 4665 1518 4717 τὸ
1547 4667 1752 4735 ἡμέτε-

180 4762 275 4813 ρον
304 4746 467 4814 σῶμα
493 4748 705 4814 γέγονε,
756 4748 850 4799 καὶ
896 4747 1068 4816 θυμὸν
1116 4750 1319 4818 ἔχουσι,
1382 4753 1477 4804 καὶ
1533 4754 1748 4822 κίνησιν

179 4838 396 4907 ἔχουσι,
425 4838 522 4888 καὶ
548 4837 730 4906 ψυχὴν
762 4838 957 4904 ἄλογον
993 4840 1087 4892 καὶ
1117 4842 1381 4910 ἀθέλητον
1412 4843 1626 4911 ἔχουσι,
1658 4844 1754 4897 καὶ

177 4930 334 5000 ζωὴν
380 4928 598 4997 ἔχουσι,
651 4931 747 4982 καὶ
790 4929 992 5000 φωνὴν,
1049 4935 1142 4985 καὶ
1195 4936 1367 5002 πνοὴν
1397 4935 1599 5004 ἔχουσι,
1659 4938 1754 4989 καὶ

181 5019 392 5087 σάρκα,
423 5018 518 5070 καὶ
547 5012 706 5089 αἷμα,
742 5022 835 5072 καὶ
872 5022 1067 5091 χυμὸν,
1112 5025 1208 5076 καὶ
1238 5025 1390 5086 ὀστᾶ,
1431 5027 1524 5078 καὶ
1576 5027 1756 5081 πάντα

178 5110 249 5161 τὰ
293 5110 359 5162 ἐν
413 5109 624 5179 σώματι
675 5111 832 5180 ἡμῶν
874 5112 1080 5182 ἔχουσι,
1127 5117 1220 5167 καὶ
1271 5118 1492 5186 μνήμην
1546 5117 1751 5187 ἔχουσι,

179 5202 257 5264 ὥς
282 5217 458 5270 φησιν
488 5205 516 5254 6
536 5203 668 5264 Θεὸς
703 5203 838 5272 πρὸς
866 5205 958 5257 τὸν
1001 5203 1141 5269 Ἰὼϐ,
1187 5209 1283 5260 καὶ
1314 5208 1496 5280 ὄρεξιν
1543 5210 1752 5278 ἔχουσι,

181 5295 278 5347 καὶ
315 5295 526 5361 πεῖναν,
557 5295 653 5346 καὶ
678 5295 862 5364 δίψαν,
890 5299 986 5352 καὶ
1015 5298 1202 5366 κόπον,
1253 5303 1348 5354 καὶ
1373 5301 1598 5370 ἱδρῶτα,
1658 5303 1754 5355 καὶ

256 5454 306 5484 ⁸⁵
365 5451 507 5508 Psal.
540 5469 714 5520 χχιιι,
763 5454 817 5509 9.

1850 4581 2017 4629 mum,
2049 4580 2168 4633 qua;
2202 4579 2396 4633 corpus
2426 4573 2696 4632 Spectant,
2740 4567 2986 4632 :equalis,
3023 4570 3240 4633 similis,
3290 4587 3418 4625 con-

1850 4658 2222 4711 substantialis
2273 4671 2488 4726 quoque
2533 4657 2704 4711 brutis
2757 4658 2887 4724 ipsis
2935 4662 3262 4716 constitutus
3300 4680 3420 4718 esse

1852 4749 2180 4818 prospicitur
2213 4767 2224 4802 :
2259 4765 2321 4802 ex
2379 4751 2564 4801 eadem
2617 4750 2818 4817 quippe
2868 4758 3008 4803 terra
3050 4751 3316 4820 formata,
3353 4770 3417 4808 ex

1852 4853 1954 4904 qua
2007 4851 2248 4891 nostrum
2304 4853 2516 4906 quoque
2562 4853 2758 4905 corpus
2810 4853 3149 4909 compactum
3199 4855 3315 4906 est,
3365 4858 3419 4897 et

1855 4933 1986 4984 iram
2021 4932 2239 4994 habent,
2271 4941 2324 4985 et
2355 4940 2554 4984 motum
2604 4931 2834 4995 habent,
2877 4943 2931 4987 et
2965 4934 3142 4986 anima
3195 4936 3420 4990 rationis

1856 5025 2255 5093 voluntatisque
2307 5033 2526 5091 experte
2561 5039 2663 5076 non
2700 5034 2909 5087 carent,
2939 5037 2995 5079 et
3025 5027 3214 5091 vitam,
3241 5037 3294 5080 et
3325 5043 3420 5079 vo-

1853 5133 1990 5178 cem,
2020 5126 2073 5170 et
2110 5116 2522 5185 respirationem
2570 5115 2792 5180 habent,
2829 5125 2882 5170 et
2934 5132 3181 5179 carnem,
3213 5129 3266 5172 et
3298 5136 3420 5174 san-

1851 5211 2090 5276 guinem,
2121 5219 2174 5261 et
2199 5222 2441 5270 succum,
2467 5218 2519 5261 et
2543 5223 2683 5271 ossa,
2718 5216 2771 5260 et
2797 5210 2976 5261 omnia
3001 5226 3120 5278 quzr
3140 5212 3191 5263 in
3223 5215 3421 5266 nostris

1853 5302 2167 5370 corporibus
2198 5299 2619 5367 prospiciuntur.
2659 5299 2878 5365 habent,
2913 5312 2960 5353 et
2994 5303 3252 5355 memoria
3286 5303 3420 5370 ipsa,

1653 5547 1880 5602 ΝΟΤΛΞ.

259 5682 337 5749 (2)
377 5681 638 5755 Ιιινιηπκ.
672 5683 867 5755 litteris
896 5685 1192 5753 majoribus
1225 5703 1456 5755 sequens
1484 5688 1746 5740 scholium

185 5766 268 5810 est
309 5754 608 5823 ascriptum
660 5753 1032 5826 ηὑρίσκομεν
1069 5759 1177 5826 γὰρ
1222 5759 1278 5810 ἐν
1307 5753 1389 5826 τῇ
1445 5759 1630 5828 Γραφῇ
1666 5760 1756 5812 καὶ

1858 5688 2107 5762 καρδίαν,
2140 5692 2231 5742 καὶ
2254 5689 2453 5759 ψυχὴν,
2483 5692 2576 5744 καὶ
2603 5691 2747 5759 νοῦν,
2777 5693 2870 5744 καὶ
2907 5692 3100 5762 στόμα,
3137 5695 3228 5746 καί
3257 5697 3423 5762 ἀκοὴ-ι

1865 5759 2021 5811 Θεοῦ.
