4190 6438
849 385 978 445 ίὲὗῖ

2042 393 2100 450 S.
2146 391 2539 452 ANASTASII
2585 396 2906 454 SlNAI'l‘E

3959 412 4096 472 1163

842 511 898 550 ιιι
925 498 1064 564 apud
1096 497 1286 553 Johmu
1326 498 1499 566 inquit
1544 496 1828 562 Dominus,
1861 511 2142 564 prmStaut,
2174 511 2226 554 et
2251 518 2410 571 appe-
2439 514 2483 568 Α

2515 507 2696 558 πάντα
2752 509 2819 559 τὰ
2887 512 3176 577 σωματικὰ
3229 513 3384 581 ἡμῶν
3442 516 3658 583 ἔχουσι’
3708 521 3869 587 μόνον
3925 524 3983 574 δὲ
4036 528 4094 576 τὸ

844 601 971 640 titus
1000 589 1220 652 habent,
1246 597 1299 642 et
1328 589 1477 654 fatui,
1507 600 1559 642 ct
1586 592 1698 651 siti,
1727 599 1781 644 et
1811 589 2086 643 doloribus
2115 591 2415 658 subjiciun-

845 689 964 740 tur,
1030 691 1194 746 atque
1249 679 1797 732 sudoribuszomnia
1864 679 2098 748 denique
2155 697 2413 750 corporea

843 781 1025 822 nostra
1049 779 1172 822 sunt
1207 769 1337 835 ipsis
1373 784 1525 838 mque
1549 768 1856 822 communia
1894 787 1906 822 :

2520 596 2844 662 λογιστικὸν,
2877 603 2969 653 καὶ
3000 606 3204 672 νοερὸν,
3242 608 3334 657 καὶ
3365 606 3706 675 βουλευτικὴν
3746 614 3846 680 τῆς
3877 615 4091 669 ἀθανά-

2516 703 2612 737 του
2643 690 2799 757 ἡμῶν
2825 691 3002 759 ψυχῆς
3031 694 3091 744 τὸ
3132 697 3194 746 ὲκ
3231 699 3364 749 Θεοῦ
3414 703 3677 768 προελθὸν
3712 706 3810 756 οὐκ
3844 707 4086 773 ἔχουσιν.

1946 770 2048 823 hoc
2077 785 2183 823 uno
2215 781 2396 824 tamen
2435 786 2644 838 carent,
2717 780 2962 833 rationali
2996 784 3225 846 scilicet,
3262 799 3316 838 et
3386 789 3760 856 ittlcllectttali,
3794 770 4091 852 acidelibec

845 863 1010 914 rativa
1060 861 1224 914 animi
1265 863 1587 916 immortalis
1645 863 1820 916 nostri
1853 878 1881 914 a
1915 865 2024 917 Deo
2071 867 2418 932 procedentis
2448 869 2727 926 facultate.

911 960 1023 1023 Age
1047 972 1188 1010 nunc
1222 972 1367 1020 vero,
1388 958 1603 1021 amabo,
1633 958 1930 1011 czncitatem
1954 967 2008 1011 et
2035 974 2277 1014 errorem
2320 975 2409 1012 as-

845 1050 962 1116 pice
1021 1049 1425 1109 litercticorum,
1457 1047 1547 1115 qui
1581 1050 1782 1100 .omnia
1845 1049 1998 1101 nobis
2059 1064 2180 1102 cum
2238 1051 2410 1104 brutis

844 1138 1210 1190 animantibus
1252 1140 1583 1202 counnuuia,
1623 1141 1750 1206 quin
1778 1139 2054 1206 quidpiam
2094 1141 2408 1204 detrahant,

845 1229 896 1280 in
931 1228 1151 1281 Christo
1209 1229 1557 1291 conlitentur,
1590 1243 1784 1295 corpus
1839 1229 2069 1290 scilicet,
2103 1232 2406 1294 materiem,

843 1321 1272 1385 corruptionem,
1307 1319 1915 1384 succum,sanguiuem,
1949 1320 2243 1388 lacrymas,
2284 1336 2406 1388 spu-

846 1420 982 1473 ιιιιιι,
1006 1426 1128 1461 cassa
1201 1423 1573 1472 excrementa,
1603 1409 1822 1474 ﬂuores,
1860 1414 2076 1468 l'amcm.
2114 1412 2281 1472 sitim,
2317 1417 2412 1462 do-

845 1500 1007 1564 lores,
1042 1501 1286 1562 sudores,
1321 1511 1574 1564 mortem,
1606 1503 1906 1565 interitum,
1940 1519 2057 1570 qua:
2091 1513 2279 1555 natura
2318 1518 2412 1556 sua

845 1603 1102 1644 extranea
1135 1593 1200 1644 ab
1222 1608 1287 1645 eo
1321 1604 1468 1654 sunt,
1489 1594 1893 1660 Deoquemiuus
1924 1596 2100 1661 digna,
2130 1605 2410 1662 propterea

845 1689 985 1751 quod
1028 1685 1310 1752 iumentis,
1347 1694 1400 1735 et
1433 1683 1584 1746 feris,
1611 1693 1664 1736 et
1717 1685 2058 1750 Serpentihus
2107 1685 2412 1738 connuunia

847 1778 952 1828 sint
982 1795 994 1828 :
1029 1775 1352 1827 immortalis
1382 1790 1534 1837 vero,
1573 1775 2063 1840 intellectualisque
2107 1776 2298 1826 animm
2333 1787 2412 1828 at-

850 1866 1193 1927 trihutiones,
1225 1880 1343 1931 qum
1375 1864 1438 1916 ad
1472 1863 1562 1915 Dei
1589 1874 1714 1917 sunt
1751 1866 2063 1931 imaginem,
2087 1874 2247 1930 atque
2267 1867 2414 1916 simi-

849 1959 1151 2019 litudinem,
1184 1967 1238 2008 et
1278 1972 1342 2007 ex
1375 1956 1489 2020 ejus
1532 1954 1877 2006 immaculato
1907 1967 2000 2006 ore
2035 1958 2413 2021 procedentes,

847 2060 898 2102 et
923 2049 1305 2115 propemodum
1328 2047 1587 2107 dicerem,
1609 2047 1986 2112 cognationem
2011 2047 2296 2112 quamdam
2323 2062 2417 2115 per

847 2141 1072 2205 gratiam
1122 2153 1242 2190 cum
1272 2135 1379 2187 Deo
1408 2135 1544 2203 ipso,
1577 2144 1626 2188 cl
1661 2134 2072 2186 similitudinem
2101 2135 2404 2200 habentes;

848 2238 968 2297 has,
993 2234 1232 2301 inquam,
1264 2241 1522 2299 tauquam
1557 2231 1726 2284 malas
1753 2230 1803 2283 in
1823 2229 2040 2283 Christo
2067 2230 2222 2283 fateri
2263 2231 2412 2296 impii

848 2328 899 2376 hi
935 2343 1038 2378 nou
1095 2325 1418 2392 patiuntur:
1461 2323 1657 2388 quibus
1727 2322 1983 2374 universa
2035 2333 2243 2384 nostra,
2301 2324 2416 2376 sive

855 2422 1087 2468 humana
1127 2425 1314 2465 natura
1367 2415 1528 2464 vitatu
1586 2412 1765 2472 habet,
1797 2423 1959 2478 atque
1999 2424 2266 2465 servatur.
2314 2412 2416 2465 Su-

849 2510 986 2560 ldata
1020 2508 1216 2575 quippe
1243 2505 1390 2558 vitali
1424 2507 1524 2557 hac
1551 2514 1606 2556 et
1640 2505 1949 2558 viviticante
1975 2507 2200 2570 Spiritus
2244 2504 2410 2557 nostri

852 2599 1132 2661 facultate,
1190 2598 1474 2649 deducitur
1523 2596 1777 2646 continuo
1816 2596 1881 2646 ad
1948 2606 2173 2647 mortem
2234 2596 2412 2658 homo,

847 2704 1073 2756 corpore
1099 2687 1347 2738 nimirum
1400 2700 1461 2736 ca
1498 2685 1694 2736 virtute
1744 2686 1966 2738 animali
1998 2687 2276 2751 destituto,
2311 2702 2412 2753 qua

849 2782 1072 2846 regitur,
1113 2791 1274 2845 atque
1303 2777 1608 2829 viviticatur
1643 2793 1656 2828 :
1689 2791 1986 2845 rursusque
2047 2778 2090 2829 si
2133 2778 2200 2830 ab
2232 2779 2414 2833 animo

850 2869 1128 2921 rationalis
1163 2869 1281 2935 ejus
1330 2867 1551 2917 tollatur
1587 2867 1690 2928 vis,
1717 2867 2070 2933 volitivaque,
2108 2877 2269 2934 atque
2320 2883 2415 2937 ap.

847 2961 1065 3028 petitiva
1096 2961 1410 3012 detrahatur
1444 2965 1703 3025 potestas,
1738 2958 1869 3009 nihil
1915 2959 2026 3025 jam
2061 2959 2166 3011 erit
2196 2959 2412 3028 reliqui,

846 3067 953 3118 quo
1013 3052 1079 3104 ab
1141 3048 1470 3112 irrationali,
1526 3049 1982 3116 cogitationisque
2026 3060 2248 3117 experte
2289 3051 2410 3117 equi

847 3145 1025 3196 animo
1053 3142 1412 3194 discernatur.

2583 967 2724 1034 Ὅρα
2777 985 2867 1035 μοι
2914 971 3100 1025 λοιπὸν
3145 973 3205 1025 τὸ
3251 977 3452 1042 τυφλὸν
3497 981 3589 1031 καὶ
3654 984 4083 1053 πεπλανημένον

2508 1056 2615 1107 τῶν
2644 1059 2962 1126 αἱρετικῶν·
3001 1064 3180 1117 πάντα
3214 1066 3281 1116 τά
3312 1070 3546 1137 συγγενῆ
3571 1072 3701 1124 ὄντα
3729 1074 3837 1125 τῶν
3866 1077 4084 1136 ἀλόγων

2511 1147 2809 1211 ἀνελλιπῶς
2855 1152 3210 1219 ὁμολογοῦσιν
3265 1159 3322 1208 ἐν
3376 1159 3451 1227 τῷ
3502 1161 3751 1230 Χριστῷ,
3793 1169 4082 1231 τουτέστι,

2512 1239 2688 1306 σῶμα,
2717 1239 2868 1308 ὓλην,
2905 1244 3130 1311 φθοράν,
3178 1247 3384 1315 χυμὸν,
3430 1243 3591 1317 αἷμα,
3626 1253 3886 1321 δάκρυον,
3946 1260 4083 1309 πτύ-

2511 1343 2644 1394 σμα,
2681 1328 2832 1392 ὀστᾶ,
2883 1331 3110 1401 κόπρον,
3169 1336 3345 1402 ρῦσιν,
3392 1343 3615 1403 πεῖναν,
3648 1343 3830 1410 δίψαν,
3881 1347 4080 1410 κόπον,

2510 1417 2726 1482 ίόρῶτα,
2765 1420 3012 1484 θάνατον,
3072 1424 3360 1490 νέκρωσιν,
3405 1428 3548 1497 άπερ
3606 1435 3713 1483 είσὶ
3741 1436 3883 1486 κατὰ
3919 1455 4082 1504 φυσιν

2511 1505 2768 1576 ἀλλότρια
2827 1509 2996 1573 ὅντως
3037 1514 3132 1565 καὶ
3172 1515 3370 1578 ἀνάξια
3421 1518 3579 1583 Θεοῦ,
3645 1522 3720 1582 ὡς
3780 1526 3885 1578 ίδια
3956 1529 4084 1581 ὄντα

2511 1597 2744 1662 κτηνῶν,
2774 1600 2867 1650 καὶ
2899 1599 3122 1670 Θηρίων,
3157 1607 3513 1674 καὶὲρπετὼν
3538 1627 3550 1639 ·
3579 1610 3718 1663 τὰδὲ
3744 1614 3842 1681 τῆς
3891 1623 4082 1687 νοερᾶς

2511 1687 2600 1737 καὶ
2623 1689 2890 1741 ἀθανάτου
2918 1692 3094 1760 ψυχῆς
3156 1695 3448 1764 ἰδιώματα,
3479 1699 3546 1751 τὰ
3593 1702 3713 1753 κατ’
3761 1705 3951 1757 εἰκόνα
3993 1714 4084 1759 καὶ

2510 1777 2765 1845 ὁμοίωσιν
2782 1781 2915 1831 Θεοῦ
2945 1782 3282 1850 ὑπάρχοντα,
3305 1788 3397 1837 καὶ
3425 1789 3486 1838 ἐκ
3508 1789 3602 1840 τοῦ
3625 1792 3896 1859 άχράντου
3918 1797 4084 1849 αὑτοῦ

2451 1875 2488 1926 Β
2517 1869 2780 1938 στόματος
2811 1872 3159 1940 προελθόντα,
3194 1880 3284 1928 καὶ
3320 1878 3507 1945 σχεδὸν
3531 1882 3726 1946 εἰπεῖν,
3760 1888 4082 1953 συγγένειάν

2518 1978 2640 2012 τινα
2665 1961 2800 2012 Θεοῦ
2827 1965 2965 2015 κατα
3013 1965 3170 2034 χάριν
3223 1969 3318 2017 καὶ
3344 1969 3602 2036 ὁμοίωσιν
3633 1972 3852 2041 ἔχοντα,
3914 1979 4083 2030 ταῦτα

2516 2049 2590 2110 ὡς
2612 2053 2821 2118 πονηρά
2855 2053 2982 2104 ὄντα
2999 2056 3280 2121 ὁμολογεῖν
3309 2059 3367 2107 ἐν
3397 2059 3615 2128 Χριστῷ
3659 2064 3708 2114 οἱ
3759 2065 3946 2132 μιαροὶ
3989 2070 4084 2118 οὐκ

2516 2139 2833 2208 ἀνέχονταιο
2896 2143 2963 2194 δι’
2993 2139 3069 2197 ὧν
3106 2149 3256 2197 πᾶσα
3311 2149 3488 2215 ἡμῶν,
3538 2153 3570 2219 ἢ
3626 2153 3734 2204 τῶν
3779 2156 4084 2225 ἀνθρώπων

2518 2231 2678 2299 φύσις
2711 2233 3050 2295 ζωοποιεῖται
3085 2239 3177 2287 καὶ
3209 2238 3464 2300 σώζεται.
3523 2241 3945 2314 Ἀναιρουμένης
3979 2253 4082 2316 γάρ

2515 2328 2614 2391 τῆς
2633 2327 2865 2393 ζωτικῆς
2889 2328 2985 2379 καὶ
3014 2330 3277 2389 ξωοπιιοῦ
3295 2333 3392 2399 τῆς
3410 2333 3586 2402 ψυχῆς
3603 2337 3759 2403 ἡμῶν
3781 2340 4077 2406 ἐνεργείας,

2517 2416 2718 2477 εὐθέως
2744 2419 2770 2468 ὁ
2800 2419 3080 2488 ἄνθρωπος
3108 2420 3324 2489 Θανάτῳ
3355 2427 3807 2492 παραπέμπεται,
3858 2432 4080 2499 χωριζο-

2520 2510 2680 2572 μένου
2708 2507 2802 2557 τοῦ
2831 2511 3079 2575 σώματος
3103 2510 3198 2578 τῆς
3221 2515 3653 2584 συγκρατούσης,
3683 2520 3775 2568 καὶ
3798 2519 4080 2579 Cmam-.05.

2519 2611 2616 2663 σης
2651 2596 2781 2647 αὐτὸ
2807 2597 3044 2665 ψυχικῆς
3085 2602 3362 2670 ἐνεργείας
3384 2619 3396 2630 °
3431 2607 3797 2674 στερουμένης
3828 2609 3882 2659 δὲ
3922 2611 4080 2662 πάλιν

2515 2687 2614 2754 τῆς
2665 2688 2887 2757 λογικῆς
2940 2693 3099 2759 ἡμῶν
3146 2693 3343 2761 ψυχῆς,
3393 2699 3488 2747 καὶ
3538 2699 3942 2771 ἀναιρουμένης
3985 2704 4080 2770 τῆς

2516 2778 2804 2849 θελητιχῆς
2836 2783 3007 2850 αὐτῆς
3051 2787 3144 2836 καὶ
3169 2787 3549 2858 ἐπθυμητικῆς
3579 2791 3881 2861 δυνάμεως,
3932 2796 4080 2846 οὐδὲν

2515 2870 2764 2939 διαφέρει
2828 2873 2926 2940 τῆς
2981 2875 3179 2940 ἀλόγου
3237 2880 3330 2929 καὶ
3379 2879 3702 2951 ἀδιανοήτου
3757 2885 3852 2935 τοῦ
3913 2885 4078 2938 ἵππου

2513 2960 2709 3029 ψυχῆς.

920 3233 1200 3300 Quomodo
1227 3247 1392 3299 porro
1423 3232 1537 3286 lieri
1572 3232 1786 3300 poterit,
1836 3241 1894 3283 ut
1926 3231 2034 3285 Deo
2056 3233 2412 3300 bencplaceus
2443 3193 2484 3250 c

2589 3226 2712 3287 Πῶς
2750 3227 2856 3297 γὰρ
2885 3228 2949 3280 ἂν
2983 3232 3077 3282 καὶ
3127 3232 3467 3302 εξιαρεστήσῃ
3507 3235 3582 3304 τῷ
3615 3237 3762 3304 Θεῷ,
3799 3241 3844 3290 εί
3880 3241 3952 3310 μὴ
3995 3240 4078 3293 διὰ

848 3328 935 3389 sit,
971 3326 1071 3377 nisi
1099 3325 1317 3376 volitiva
1344 3363 1359 3385 ,
1389 3326 1773 3392 operativaque
1813 3324 1914 3376 hac
1953 3324 2034 3376 sui
2069 3324 2307 3376 motio..c
2331 3333 2410 3376 at-

846 3430 950 3483 que
974 3413 1275 3480 potestate?
1304 3413 1581 3474 Quomodo
1615 3421 1791 3464 autem
1847 3412 2080 3464 divinam
2116 3413 2282 3480 ipsam
2318 3415 2415 3465 iui-

848 3507 990 3571 plcre
1023 3504 1217 3572 poterit
1252 3505 1603 3565 voluntatem,
1633 3503 1736 3555 nisi
1772 3517 1868 3570 per
1897 3502 2120 3554 inditam
2157 3504 2258 3555 sibi
2318 3518 2409 3555 es-

847 3597 1124 3648 scutialem
1146 3595 1505 3646 voluntatem?
1529 3596 1701 3657 Quam
1753 3594 2085 3648 voluntatem
2133 3595 2328 3662 sa-pius
2357 3597 2409 3646 in

846 3688 1014 3740 sacris
1045 3685 1266 3738 Litteris
1298 3685 1462 3737 variis
1486 3685 1939 3751 appellationibus
1965 3684 2300 3751 designatam
2336 3700 2412 3736 re-

848 3775 1082 3842 perimus
1113 3790 1126 3825 :
1162 3773 1360 3824 dictam
1410 3772 1618 3824 scilicet
1657 3773 1851 3824 bonam
1897 3771 2252 3836 voluntatem,
2279 3787 2412 3824 con-

845 3865 1259 3932 cupiscentiam,
1318 3863 1667 3926 desiderium,
1721 3862 2087 3926 dilectionem,
2149 3877 2407 3914 amorem.

845 3959 1011 4026 Cujus
1069 3971 1198 4012 sane
1233 3957 1309 4008 rei
1340 3956 1502 4009 breve
1556 3955 1773 4021 aliquod
1804 3955 2174 4008 testimonimn
2212 3954 2412 4006 referre

849 4063 953 4100 non
987 4045 1210 4113 pigebit.
1246 4043 1454 4095 Dicitur
1503 4042 1684 4110 itaque
1728 4043 1869 4109 quod
1901 4060 1918 4091 ι
1964 4041 2292 4093 voluntatem
2346 4042 2412 4092 ti-

848 4141 1105 4192 mentium
1129 4152 1186 4189 se
1222 4136 1382 4188 faciet
1434 4135 1690 4187 Dominus
1742 4134 1784 4163 ¹⁵
1827 4152 1843 4184 ι
1875 4143 1928 4185 et
1987 4134 2126 4186 beati
2182 4131 2412 4186 hominis

846 4232 1171 4286 voluntatem
1205 4245 1322 4282 esse
1346 4230 1396 4280 iu
1427 4229 1541 4296 lege
1573 4227 1779 4280 Domini
1809 4228 1884 4290 ἐίς
1917 4235 1970 4279 et
1999 4244 2017 4276 ι
2047 4227 2408 4290 Quemadmo-

848 4329 972 4376 dum
993 4322 1261 4375 desiderat
1293 4334 1484 4372 cervus
1515 4319 1580 4370 ad
1631 4319 1808 4370 l'ontes
1846 4331 2132 4385 aquarum,
2167 4320 2236 4368 ita
2265 4317 2404 4370 desiv

847 4412 1191 4466 deratanima
1223 4426 1338 4464 mea
1378 4411 1442 4462 ad
1476 4421 1550 4472 te,
1581 4408 1721 4462 Deus
1753 4409 1794 4439 ¹⁷
1825 4418 1873 4461 et
1905 4427 1923 4459 ι
1971 4407 2322 4476 concupiscit,
2356 4418 2412 4462 et

849 4503 1029 4556 delicit
1057 4502 1235 4553 anima
1288 4515 1405 4553 mea
1440 4500 1491 4551 in
1524 4499 1659 4552 atria
1697 4497 1906 4551 Domini
1951 4499 2027 4562 ¹⁸;
2070 4518 2087 4549 ι
2123 4507 2176 4551 et
2215 4517 2232 4548 ι
2275 4513 2408 4551 con-
2444 4518 2486 4572 ι)

849 4595 1024 4661 cttpivi
1067 4592 1303 4645 salutare
1355 4588 1775 4650 tuum,Domine
1824 4589 1887 4642 ".
1939 4608 1957 4640 ι
1993 4589 2066 4642 De
2127 4589 2414 4643 dilectione

851 4696 1027 4738 autem
1097 4684 1296 4738 dicitur
1344 4698 1355 4732 :
1400 4699 1418 4733 ι
1467 4683 1693 4750 Diligam
1761 4690 1832 4746 te,
1864 4680 2106 4745 Domine,
2152 4680 2415 4736 fortitudo

852 4793 968 4829 mea
996 4778 1061 4829 ‘°.
1105 4793 1122 4827 ι
1159 4785 1210 4827 et
1249 4794 1265 4824 ι
1312 4775 1504 4836 Dilcxi,
1538 4775 1794 4841 quoniam
1858 4775 2106 4828 exaudiet
2158 4776 2416 4829 Dominus

854 4883 1037 4921 vocem
1069 4867 1334 4918 orationis
1367 4879 1497 4918 mea:
1529 4866 1594 4928 “,
1631 4883 1649 4915 ι
1680 4876 1734 4916 et
1768 4883 1785 4914 ι
1825 4865 2094 4931 quomodo
2138 4866 2299 4919 dilexi
2342 4866 2418 4920 le-

851 4977 967 5026 gem
1011 4969 1179 5019 tumu,
1212 4958 1431 5010 Domine
1465 4961 1532 5018 ",
1559 4966 1614 5010 et
1654 4975 1671 5007 ι
1709 4956 1902 5025 Diliges
1935 4956 2216 5010 Dominum
2249 4957 2412 5010 Deum

855 5065 1004 5102 ιιιιιιιι
1041 5067 1107 5102 ex
1141 5059 1249 5102 toto
1283 5049 1444 5101 conte
1500 5060 1614 5114 tuo,
1655 5058 1708 5099 ct
1758 5063 1822 5100 cx
1859 5057 1965 5100 tota
2001 5049 2178 5100 anima
2236 5058 2346 5100 tua.
2389 5067 2407 5097 ι

854 5141 1136 5206 Quomodo
1172 5141 1334 5207 igitur
1364 5140 1582 5204 diligere
1635 5137 1799 5189 Demn
1834 5141 2030 5206 poterit
2064 5138 2295 5200 animus,
2323 5139 2413 5204 qui

857 5235 907 5285 in
937 5233 1117 5300 scipso
1151 5231 1384 5284 essentia
1428 5232 1654 5284 inditam
1702 5246 1805 5282 non
1837 5231 2028 5282 haheat
2059 5231 2291 5291 volcndi,
2331 5230 2414 5281 di-

857 5321 1460 5388 ligendi,desiderandi,
1493 5320 1934 5387 concupisceudi,
1972 5319 2292 5386 amandique
2326 5335 2418 5371 na-

857 5415 1107 5474 turalem,
1149 5413 1453 5480 bonamque
1490 5423 1811 5480 potestatem
1843 5412 1864 5464 ?
1895 5427 1996 5478 qua
2037 5413 2244 5464 scilicet
2286 5427 2416 5478 pra:-

854 5518 1000 5558 stans
1059 5505 1290 5573 lguatius
1351 5506 1530 5556 aiebat
1579 5521 1592 5556 :
1640 5523 1657 5554 ι
1717 5504 1882 5556 Amor
1941 5517 2092 5555 meus
2128 5503 2418 5556 crtuitixus

1527 5674 1570 5703 "
1597 5672 1737 5724 Psal.
1773 5686 1808 5730 ι,
1846 5673 1898 5722 ‘2.
1965 5671 2165 5724 "Psal.
2197 5687 2303 5732 xu,
2335 5671 2387 5722 '2.

1513 5745 1554 5772 τ’
1583 5743 1732 5795 Deut.
1768 5758 1839 5802 \‘I,
1869 5741 1899 5791 ῖὶ
1925 5759 1936 5804 ;
1961 5741 2145 5795 Matth.
2193 5758 2322 5805 χλιι,
2362 5741 2445 5793 ὃῗ.

931 5676 971 5703 ’τ
991 5674 1128 5724 l‘sal.
1161 5686 1336 5729 cxuv,
1372 5675 1450 5722 ιιι.

861 5765 868 5772 ·
933 5745 1072 5795 ίδκιῑ.
1119 5759 1304 5800 tum.
1349 5746 1431 5793 lli.

2513 3318 2609 3384 τῆς
2660 3319 2954 3389 Οελητικῆς
3015 3324 3111 3372 καὶ
3159 3325 3522 3392 ἐνεργητικῆς
3583 3328 3757 3394 αᾷτῆς
3815 3336 4076 3398 κινήσεως

2513 3409 2603 3457 καὶ
2637 3406 2953 3475 δυνάμεως;
3003 3409 3124 3471 Πῶς
3155 3411 3209 3461 δὲ
3236 3414 3330 3463 καὶ
3370 3415 3559 3483 τελέσῃ
3591 3417 3650 3466 τὸ
3698 3417 3790 3468 τοῦ
3822 3419 3958 3470 Θεοῦ
3992 3422 4072 3470 (πέ-

2512 3495 2682 3564 λημα,
2716 3500 2762 3548 εί
2797 3498 2872 3567 μὴ
2897 3499 2985 3551 δια
3021 3501 3114 3551 τοῦ
3164 3502 3408 3570 ἐμφύτου
3450 3506 3621 3573 αὐτῆς
3666 3512 3756 3559 καὶ
3789 3511 4079 3574 οὐσιώδους

2513 3585 2854 3656 οελήματος;
2885 3590 3064 3660 ’Ὅπερ
3110 3592 3369 3656 πολλάκις
3398 3597 3455 3645 ὲν
3482 3599 3545 3664 τῇ
3581 3597 3768 3667 Γραφῇ
3804 3600 4078 3674 διαφόροις

2511 3679 2768 3748 ὀνόμασιν
2813 3681 3141 3750 εὑρίσκομεν
3184 3685 3612 3752 ὀνομαζόμενον,
3655 3692 3940 3754 τουτέστι,
3994 3698 4078 3746 Θέ-

2512 3770 2660 3838 λημα
2685 3772 2907 3837 ἀγαθὸν,
2940 3774 3258 3842 ἐπιθυμίαν,
3289 3776 3533 3845 ἀγάπην,
3568 3778 3766 3848 ἔρωτα.
3807 3783 3869 3834 Et
3901 3785 3957 3836 δὲ
4001 3786 4078 3837 δεῖ

2513 3863 2606 3913 καὶ
2668 3865 2867 3932 μικράς
2931 3867 3237 3934 μαρτυρίας
3299 3868 3563 3931 ἐνθεῖναι,
3627 3873 3725 3924 οὐκ
3799 3875 4074 3945 ὀκνητέον.

2513 3952 2740 4018 Εἴρηται
2771 3951 2919 4018 γοῦν,
2950 3953 3031 4003 ὅτι
3065 3971 3081 4001 ι
3120 3954 3343 4021 Θέλημα
3385 3955 3495 4006 τῶν
3524 3957 3874 4024 φοϐουμένων
3919 3964 4078 4013 αὑτὸν

2515 4043 2727 4109 ποιήσει
2759 4044 2786 4093 ὁ
2818 4043 3017 4111 Κύριος
3040 4059 3052 4071 ·
3090 4061 3108 4094 ι
3146 4044 3269 4094 καίο
3313 4062 3331 4094 ι
3379 4046 3465 4096 Ἐν
3495 4048 3569 4115 τῷ
3599 4050 3748 4116 νόμῳ
3782 4051 3989 4120 Κυρίου
4021 4055 4078 4103 τὸ

2513 4131 2728 4199 Θέλημα
2773 4133 2865 4184 τοῦ
2905 4134 3178 4202 μακαρίου
3206 4135 3396 4207 ἀνδρός
3417 4151 3431 4164 °
3469 4154 3488 4187 ι
3519 4139 3611 4189 καί
3637 4154 3650 4167 ο
3685 4158 3704 4190 ι
3747 4141 3844 4192 ’ον
3877 4144 4077 4210 τρόπον

2513 4226 2764 4277 ἐπιποθεῖ
2808 4228 2840 4294 ὴ
2874 4227 3069 4292 ἔλαφος
3109 4227 3203 4278 ἐπὶ
3231 4227 3330 4289 τάς
3363 4229 3544 4296 πηγὰς
3583 4229 3693 4282 τῶν
3726 4231 3956 4298 ὑδάτων,
3991 4235 4078 4287 οὖ-

2514 4333 2618 4377 τως
2655 4317 2967 4386 ὲπιποθείή
3017 4318 3161 4387 ψυχή
3201 4335 3303 4386 μου
3347 4319 3482 4387 πρὸς
3522 4320 3604 4381 σὲ,
3631 4323 3658 4371 ό
3704 4321 3870 4381 Θεόςο
3902 4341 3922 4374 ι
3954 4326 4074 4377 καί·

2520 4424 2538 4456 ι
2593 4405 2878 4457 Ἐπιποθεῖ
2907 4409 3001 4459 καί
3047 4409 3287 4459 ἐκλείπει
3319 4411 3349 4475 ἡ
3377 4408 3522 4478 ψυχή
3559 4427 3660 4477 μου
3689 4414 3768 4472 εἰς
3790 4413 3891 4474 τὰς
3916 4416 4077 4476 αὐλὰς

2514 4498 2607 4551 τοῦ
2644 4500 2878 4567 Κυρίου’
2917 4518 2934 4551 ι
2963 4500 3086 4552 καίο
3135 4518 3152 4550 ι
3200 4501 3546 4567 Ἐπεπόθησα
3575 4499 3633 4551 τὸ
3662 4505 3929 4571 σωτήριόν
3968 4523 4075 4566 σου,

2518 4591 2708 4659 Κύριε.
2742 4610 2759 4641 ι
2802 4591 2937 4659 Περὶ
2985 4591 3042 4642 δὲ
3071 4591 3322 4658 ἀγάπηςο
3353 4607 3372 4640 ι
3420 4589 3718 4659 ’Δγαπήσω
3762 4609 3842 4654 σε,
3879 4595 4074 4664 Κύριε,

2515 4686 2547 4752 ἡ
2579 4683 2729 4751 ἰσχύς
2764 4699 2863 4752 μου
2888 4698 2901 4710 ’
2940 4700 2958 4732 ι
3013 4683 3136 4734 καί·
3176 4699 3194 4732 ι
3244 4683 3555 4753 Ἰιγάπησα,
3591 4686 3671 4735 ὅτι
3699 4687 4077 4738 είσακούσεται

2515 4773 2750 4844 Κύριος·
2780 4792 2798 4824 ι
2828 4772 2952 4824 καίο
2993 4792 3010 4822 ι
3062 4773 3146 4834 Ὠς
3170 4775 3430 4841 ἠγάπησα
3465 4774 3557 4826 τὸν
3606 4775 3769 4843 νόμον
3806 4793 3923 4836 σου,
3974 4778 4077 4828 Κύ-

2517 4881 2631 4934 ριε·
2677 4883 2695 4914 ι
2735 4865 2826 4916 καί
2852 4880 2864 4893 ’
2905 4885 2922 4914 ι
2971 4865 3300 4932 Ἀγαπήσεις
3339 4866 3540 4933 Κύριον
3589 4865 3681 4918 τὸν
3723 4866 3858 4919 Θεόν
3891 4884 3983 4919 σου
4023 4867 4077 4929 ἐξ

2519 4957 2643 5024 ὅλης
2669 4959 2765 5024 τῆς
2797 4956 3023 5024 καρδίας
3048 4973 3164 5015 σου,
3197 4957 3292 5006 καὶ
3320 4956 3378 5018 ἐξ
3406 4957 3535 5024 ὅλης
3562 4955 3664 5023 τῆς
3691 4957 3872 5026 ψυχῆς
3905 4976 4018 5013 σου.
4054 4979 4069 5008 ι

2521 5044 2644 5106 Πῶς
2677 5039 2768 5095 οὖν
2799 5045 3086 5112 δυνήσεται
3121 5046 3401 5112 ἀγαπῆσαι
3433 5046 3526 5096 τὸν
3557 5047 3688 5096 Θεὸν
3738 5049 3770 5114 ἡ
3799 5049 3971 5116 ψυχὴ,
4009 5049 4074 5117 μὴ

2520 5137 2718 5204 ἔχουσα
2770 5137 3040 5197 οὔσιωδώς
3070 5138 3126 5186 ὲν
3156 5137 3320 5205 ἑαυτῇ
3352 5137 3449 5205 τὴν
3485 5137 3713 5205 δύναμιν
3741 5138 3841 5206 τὴν
3870 5140 4074 5208 θελητι-

2517 5228 2639 5295 κῆν,
2670 5229 2761 5279 καὶ
2793 5228 3214 5295 ὲπιθυμητικὴν,
3244 5229 3336 5278 καὶ
3360 5228 3731 5294 άγαπητικὴν,
3770 5231 3865 5282 καὶ
3897 5232 4074 5301 ἐρωτι-

2517 5321 2641 5388 κὴν,
2679 5324 2910 5388 φυσικήν
2952 5337 3007 5370 τε
3069 5325 3161 5372 καὶ
3213 5320 3461 5387 ἀγαθήν;
3496 5320 3563 5387 ἢν
3622 5320 3763 5389 ἔχων
3826 5322 4075 5390 Ἰγνάτικ

2518 5410 2776 5476 ἔφασκεν,
2839 5411 2921 5461 ὅτι
2975 5411 3031 5461 '0
3089 5413 3220 5479 ἐμὸς
3282 5411 3420 5478 ἔρως
3471 5411 3855 5481 ἐσταύρωται·
3911 5417 4075 5466 ὅντινα

2518 5503 2694 5570 ἔρωτα
2723 5501 2881 5566 Θεοῦ,
2914 5503 3008 5554 καὶ
3034 5503 3254 5570 ἀγάπην
3281 5503 3434 5566 Θεοῦ,
3478 5479 3573 5554 ira).
3605 5502 3792 5565 πόθον,
3842 5508 3938 5558 καὶ
3970 5508 4075 5556 ἐπι-

2451 5673 2489 5701 ¹⁸
2529 5672 2665 5726 l‘sal.
2709 5687 2937 5734 ι.ιιιςιιι,
2968 5671 3020 5722 7i.
3083 5673 3124 5701 "
3153 5671 3294 5726 l‘sal.
3333 5687 3465 5736 nu,
3492 5671 3544 5723 2.
3605 5672 3651 5702 ¹⁰
3683 5672 3824 5727 l‘sal.
3854 5689 3997 5736 ειιιι,
4035 5675 4071 5723 l.
