4190 6438
182 397 322 460 11159

1584 395 1837 454 SERMO
1874 395 1986 453 III.

3279 402 3415 464 ll'itl

179 513 387 582 θυμίαν
431 512 600 574 Θεοῦ,
636 511 730 565 καὶ
764 509 1056 580 θελητικὴν
1084 508 1266 579 ὄρεξιν
1315 509 1450 578 πρὸς
1494 507 1628 559 Θεὸν
1676 508 1746 576 μὴ

1855 517 1968 569 est;
2017 523 2038 557 ι
2074 519 2234 574 quettt
2259 506 2472 571 quidem
2505 522 2744 562 amorem
2787 508 2904 574 Dei,
2933 509 3285 582 Divinamque
3331 518 3412 569 di-

177 603 430 667 ἔχοντες,
460 596 605 654 οὗτοι
634 601 695 651 τὸ
725 600 934 666 θέλημα
964 599 1026 651 τὸ
1062 599 1366 650 διαδολικὸν
1395 602 1631 665 ἔχοντες,
1654 598 1749 648 καὶ

177 695 247 745 τὰ
281 693 563 764 θελήματα
594 696 691 761 τῆς
722 698 922 763 σαρκὸς
952 693 1133 746 αὐτῶν
1162 696 1511 754 πράττοντες.
1547 708 1750 758 παραι-

173 786 401 838 τοῦνται
434 788 509 846 ὡς
551 788 788 855 πονηρὸν
823 787 884 837 τὸ
932 786 1226 839 θεόσδοτον.
1275 789 1369 836 καὶ
1414 784 1745 845 θεόκτιστον,

176 876 274 927 καὶ
333 876 582 944 θεόμοιον
633 879 731 943 τῆς
787 875 981 943 νοερᾶς
1041 883 1134 928 και
1182 874 1549 939 θεογαράκτου
1595 867 1750 939 ἡμῶν

173 965 360 1032 ψυχῆς
396 967 681 1034 ὁμολογεῖν
714 967 772 1016 ἐν
800 965 1057 1034 Χριστῷ,
1087 965 1180 1016 καὶ
1214 963 1312 1027 τὴν
1355 961 1616 1024 ζωοποιὸν
1648 961 1750 1013 αῦ-

173 1058 279 1124 τῆς
310 1059 407 1109 καὶ
455 1059 786 1124 συστατικὴν
823 1059 1091 1126 θεὴπνουν
1131 1057 1412 1123 ἐνέργειαν
1434 1072 1447 1084 ·
1481 1050 1557 1106 ὼν
1581 1053 1750 1121 χωρὶς

173 1153 209 1218 ὴ
248 1152 453 1218 νοερὰ,
507 1151 602 1202 καὶ
649 1151 956 1212 θεόσδοτος,
986 1152 1080 1201 καὶ
1127 1150 1416 1214 θεόστομος
1448 1145 1541 1196 τοῦ
1575 1147 1749 1213 ἐμφυ-

175 1237 428 1301 σήματος
468 1235 563 1287 τοῦ
597 1235 741 1287 θείου
786 1238 944 1304 ἡμῶν
977 1236 1143 1303 ψυχὴ,
1177 1236 1298 1286 οῦτε
1333 1235 1576 1299 θελῆσαι,
1625 1231 1749 1282 οῦτε

172 1327 482 1394 ἐνεργῆσαί
512 1343 565 1378 τι
593 1327 700 1378 τῶν
731 1327 888 1378 θείων
929 1328 1156 1378 ἐντολῶν
1194 1327 1434 1377 δύναται.
1471 1325 1532 1374 Εἰ
1572 1323 1628 1373 δὲ
1655 1322 1750 1372 ἀλ-

171 1416 366 1484 λοτρία
429 1419 578 1469 ἐστὶν
630 1419 661 1484 ὴ
707 1419 870 1485 νοερά
929 1418 1088 1486 ἡμῶν
1164 1417 1310 1485 ψυχὴ
1368 1413 1575 1481 ἀγαθῆς
1653 1411 1749 1462 καὶ

172 1508 518 1578 θεομιμήτου
563 1509 835 1575 θελήσεως
880 1511 974 1561 καὶ
1004 1509 1300 1577 ἐνεργείας,
1339 1507 1457 1566 πῶς
1482 1505 1619 1573 πρὸς
1652 1505 1747 1555 ἀν-

172 1601 436 1670 θρώπους
475 1603 622 1668 λέγει
654 1606 682 1655 ὁ
705 1603 873 1664 Θεὸς,
923 1603 1005 1655 ὃτι
1033 1619 1051 1650 ι
1086 1602 1210 1652 Ἐὰν
1257 1599 1445 1666 θέλητε
1465 1641 1480 1662 ,
1513 1600 1607 1649 καὶ
1632 1599 1747 1648 εἰσ-

170 1690 455 1759 ακούσητέ
485 1708 624 1760 μου,
653 1692 724 1743 τὰ
773 1691 954 1756 ἀγαθά
979 1691 1076 1757 τῆς
1111 1690 1212 1757 γῆς
1251 1688 1525 1754 φάγεσθες
1567 1706 1583 1737 t
1627 1687 1747 1747 Ιιῶς

173 1783 394 1850 ποιήσει
421 1783 482 1832 τὸ
517 1783 658 1833 θεῖον
686 1782 898 1849 θέλημα
989 1780 1154 1848 ψυχὴ,
1183 1783 1231 1831 εἰ
1270 1781 1343 1846 μὴ
1374 1780 1486 1844 ἔχει
1520 1778 1746 1844 δύναμιν

1853 598 2166 659 lectionem,
2199 598 2290 651 Dei
2317 601 2667 665 desiderium,
2698 614 2858 671 alque
2893 605 3410 674 concupiscentiam,

1850 698 1903 742 et
1928 690 2221 742 voluntatis
2263 692 2574 756 appetitum
2612 693 2677 743 ad
2721 693 2893 759 ipsum
2922 694 3013 761 qni
3049 710 3154 747 non
3189 697 3412 755 habent.

1852 781 1904 834 bi
1933 781 2258 833 diabolicam
2310 783 2572 835 habentes
2619 785 2977 847 voluntatem,
3008 797 3062 839 et
3111 787 3414 842 voluntates

1849 876 2030 927 carnis
2101 891 2212 927 sua:
2281 876 2642 942 perlicientes,
2698 877 2938 930 divinum
2972 880 3070 932 hoc
3113 883 3330 944 donum,
3383 898 3411 932 a

1850 965 1958 1019 Deo
1976 978 2242 1031 creatum,
2275 967 2480 1036 Deique
2506 969 2684 1022 simile
2709 971 3104 1034 intellectualis,
3139 985 3167 1023 a
3202 972 3413 1040 Deoque

1847 1059 2061 1113 formati
2087 1062 2252 1113 animi
2306 1062 2498 1123 nostri,
2530 1073 2786 1127 tanquam
2841 1064 3038 1116 malum
3089 1064 3141 1116 itt
3200 1064 3414 1117 llltristo

1848 1154 2096 1204 conliteri
2137 1164 2591 1220 recnsant,atque
2608 1155 2968 1207 viviliwntetn
2999 1155 3159 1208 etiam
3189 1154 3328 1220 ejus,
3360 1165 3415 1207 et

1847 1243 2253 1305 consistentem,
2285 1262 2312 1296 a
2365 1244 2471 1296 Deo
2520 1244 2778 1309 spiratam
2834 1243 2932 1310 ipsi
2985 1244 3415 1298 adintnutfat'ul-

1849 1337 2056 1382 tatem:
2103 1333 2297 1395 quibus
2330 1331 2376 1383 si
2422 1330 2747 1382 dcstituatur
2789 1331 3165 1386 intellectualis
3205 1341 3414 1385 animus

1848 1430 2032 1472 noster
2058 1436 2086 1471 a
2112 1420 2219 1472 Deo
2239 1421 2414 1481 datus,
2449 1420 2752 1488 divinaque
2789 1421 2953 1488 ipsius
3008 1430 3214 1475 natura:
3247 1424 3410 1489 parti-

1847 1507 1987 1569 cula,
2020 1506 2131 1573 jant
2172 1524 2344 1575 neque
2376 1508 2532 1568 velle,
2567 1524 2741 1574 neque
2775 1511 2959 1562 conari
2991 1510 3056 1563 ad
3083 1511 3296 1578 aliquod
3330 1526 3414 1578 po-

1849 1599 1971 1652 terit
1996 1600 2302 1652 divinorqu
2335 1601 2736 1653 tuaitt'-ttorttttt.
2773 1601 2829 1654 Si
2869 1615 2998 1654 vero
3033 1602 3414 1656 intellectualis

1845 1701 2035 1743 noster
2068 1692 2157 1744 hic
2183 1691 2397 1742 animus
2436 1690 2572 1742 bona
2604 1692 2702 1744 bac
2733 1702 2904 1756 caret,
2950 1692 3227 1762 Deumque
3293 1694 3413 1748 imi-

1847 1790 1955 1832 tata
1979 1783 2256 1833 voluntate
2275 1781 2720 1848 operationeque,
2739 1785 3009 1848 quomodo
3043 1785 3213 1852 inquit
3236 1785 3412 1838 Itouti-

171 1873 469 1940 θελητικὴν
515 1873 610 1925 καὶ
652 1874 1043 1941 ἐνεργητικήν;
1089 1872 1212 1930 ΙΙὼς
1241 1871 1296 1922 δὲ
1345 1870 1628 1938 ἐπετράπη
1662 1872 1746 1920 eo-

1851 1871 2007 1924 nibus
2039 1873 2198 1934 Dens,
2235 1889 2253 1922 ι
2289 1873 2344 1924 Si
2383 1873 2682 1934 volueritis,
2726 1882 2780 1926 et
2812 1875 3091 1927 audieritis
3139 1889 3242 1939 nte,
3275 1875 3410 1926 bona

171 1965 330 2024 θέως,
363 1965 528 2033 ἡνίκα
559 1965 781 2030 γέγονεν
819 1965 848 2015 ὁ
892 1964 1090 2030 Ἀδὰμ,
1125 1962 1453 2033 ἐργάζεσθαι
1491 1961 1586 2010 καὶ
1638 1976 1741 2025 φυ-

170 2052 390 2104 λάττειν
409 2053 471 2103 τὸ
500 2054 824 2105 Δεσποτικὸν
848 2054 1210 2122 πρόσταγμα;

1850 1973 2006 2014 terra:
2073 1963 2407 2016 comedetis?
2457 1981 2475 2012 ι
2532 1963 2814 2027 Quomodo
2873 1965 3116 2018 Divinam
3171 1967 3415 2034 implebit

1848 2051 2180 2102 voluntatem
2228 2053 2459 2112 animus,
2493 2053 2536 2104 si
2582 2062 2768 2105 careat
2817 2053 3028 2106 tolitiva
3076 2065 3240 2123 atque
3285 2071 3409 2120 ope-

173 2147 348 2196 rativa
384 2145 679 2199 facultate?
708 2165 728 2197 ι
760 2147 1040 2212 Quomodo
1069 2147 1366 2216 permissus
1411 2156 1495 2201 est
1547 2145 1738 2210 Adam,
1779 2145 2040 2198 continuo
2083 2159 2148 2197 ac
2209 2145 2427 2210 genitus
2451 2154 2554 2206 est,
2589 2144 2850 2210 .operari,
2879 2144 3232 2212 divinumque
3279 2159 3413 2212 prae-

168 2245 392 2300 ceptnm
439 2236 746 2288 custodire?

254 2325 421 2376 ’Δλλά
467 2327 794 2396 παρετράπη
829 2325 992 2396 φύσιν
1023 2329 1052 2381 ὁ
1079 2327 1388 2398 ἄνθρωπος,
1437 2326 1534 2380 καὶ
1564 2327 1742 2380 πάντα

166 2414 240 2464 τὰ
270 2413 368 2465 τοῦ
402 2413 690 2482 ἀνθρώπου
729 2417 966 2479 πάντως,
1015 2417 1198 2485 ἐροῦσι
1238 2417 1375 2485 πρὸς
1406 2417 1553 2483 ἡμᾶς
1582 2415 1631 2464 οἱ
1656 2414 1743 2465 αἱ-

173 2506 404 2574 ρετικοὶ,
431 2508 524 2558 καὶ
542 2507 731 2558 τούτου
759 2507 918 2576 χάριν
939 2507 1220 2575 ἀλλότριον
1249 2510 1344 2560 καὶ
1377 2508 1594 2570 ἀνάξιόν
1626 2508 1743 2558 ἐστι

169 2599 232 2646 τὸ
278 2595 462 2659 λέγειν
510 2596 602 2647 ἐπὶ
649 2597 883 2664 Χριστοῦ
927 2596 1270 2664 ἀνθρώπινον
1321 2596 1553 2665 θέλημα,
1589 2597 1621 2664 ἢ
1651 2598 1745 2648 ἀν-

171 2684 458 2753 θρωπίνην
489 2686 789 2753 ἐνέργειαν.
825 2688 936 2754 Οὐχ
985 2686 1192 2747 οὓτως·
1229 2688 1288 2738 οὐ
1331 2688 1439 2754 γὰρ
1487 2686 1744 2748 ὀλοτελῶς

167 2776 238 2842 τῇ
295 2775 457 2840 φύσει
509 2777 754 2844 ἐτράπη,
808 2777 976 2844 ἤγουν
1016 2776 1282 2846 ἠλλοιώθη
1332 2777 1391 2839 ἐξ
1436 2777 1744 2845 ἀφθαρσίας

170 2866 255 2926 εἰς
291 2865 502 2933 φθορὰν
534 2870 562 2918 ὁ
603 2867 803 2934 ’Δδάμο
836 2868 972 2919 ἀλλά
1019 2869 1077 2919 τὸ
1105 2867 1283 2935 σῶμα,
1308 2867 1382 2928 ὡς
1417 2870 1480 2918 ἐκ
1513 2868 1614 2934 γῆς
1648 2868 1742 2920 καὶ

169 2957 418 3024 τρεπτῆς
467 2956 682 3022 φύσεως
725 2959 946 3023 γεγονὸς
1007 2959 1101 3010 καὶ
1158 2957 1418 3021 πλασθὲν,
1455 2957 1613 3008 τοῦτο
1642 2958 1742 3027 τὴν

168 3047 383 3115 τροπὴν
431 3048 492 3111 ἐξ
540 3048 844 3116 ἀφθαρσίας
920 3050 1015 3100 καὶ
1072 3048 1369 3110 ἀθανασίας
1435 3048 1736 3114 ὑπέμεινε,

172 3138 417 3205 φθαρτὸν
451 3141 543 3190 καὶ
569 3139 762 3208 θνητὸν
801 3139 1091 3207 γενόμενον
1111 3139 1197 3191 διὰ
1221 3140 1320 3206 τῆς
1350 3138 1734 3208 παραϐάσεως.

1913 2321 1982 2373 At
2012 2334 2138 2372 vero
2169 2317 2388 2372 deﬂexit
2416 2318 2578 2373 ltonto
2625 2334 2654 2372 a
2711 2329 2929 2384 natura,
2962 2337 3176 2390 ttnaque
3234 2311 3414 2381 omnia

1844 2425 1962 2478 qua:
1994 2411 2059 2462 ad
2087 2412 2360 2463 hominem
2390 2411 2563 2476 ipsum
2590 2412 2931 2476 pertinebant
2955 2416 3198 2480 omnino,
3231 2418 3414 2472 dicent

1841 2504 2103 2556 adversus
2163 2515 2262 2553 nos
2311 2502 2586 2567 lncretici;
2641 2512 2806 2570 atque
2854 2519 2914 2556 ea
2962 2505 3027 2558 de
3068 2520 3227 2558 causa
3271 2509 3413 2561 indi-

1841 2607 2002 2658 gnum
2039 2600 2123 2644 est
2170 2591 2532 2658 alienumque,
2576 2603 2633 2644 ut
2684 2594 2896 2645 dicatur
2937 2609 3058 2646 esse
3097 2596 3148 2647 in
3196 2597 3403 2651 Clit-istc

1845 2682 2135 2733 lmmanam
2194 2681 2529 2734 voluntatem
2588 2691 2749 2749 atque
2807 2683 3141 2739 facultatem.
3188 2688 3413 2742 Minime

1849 2786 1976 2824 vero
1999 2772 2258 2838 gentium.
2295 2771 2406 2824 Non
2433 2771 2577 2824 enim
2610 2774 2846 2841 undique
2870 2787 3061 2828 natura
3096 2793 3409 2842 conversus,

1849 2862 1930 2913 vel
1956 2877 2020 2914 ex
2049 2862 2454 2930 incorruptione
2508 2863 2561 2916 iit
2608 2866 3011 2932 corruptionem
3047 2879 3285 2923 mutatus
3330 2880 3414 2925 est

1845 2953 2008 3004 Adam
2035 2969 2049 3015 ;
2072 2955 2164 3005 sed
2195 2967 2414 3020 corpus,
2445 2963 2502 3006 ut
2523 2969 2588 3006 cx
2624 2964 2767 3006 terra
2799 2957 3024 3022 editunt,
3056 2959 3412 3028 mulabilique

1843 3053 2032 3094 natura
2076 3046 2417 3110 plasmatum,
2465 3043 2565 3096 liae
2610 3045 2971 3100 conversione
2992 3062 3057 3101 ex
3086 3049 3412 3117 incorrupti-

1840 3133 2046 3186 bilitate
2075 3144 2236 3200 atque
2282 3136 2692 3190 immortalitate
2727 3154 2832 3205 qua
2867 3140 3159 3206 gaudebat,
3185 3159 3412 3213 corrup-

171 3230 332 3280 Οῦτω
359 3230 467 3296 γάρ
498 3231 643 3281 ἐστιν
665 3232 692 3280 ὁ
726 3232 1035 3298 περιπεσὼν
1061 3232 1172 3290 τοῖς
1199 3231 1441 3300 λῃσταῖς,
1466 3231 1557 3280 καὶ
1583 3228 1737 3296 γενό-

1843 3227 1993 3277 tibile
2042 3226 2375 3292 ntortaleque
2417 3227 2616 3280 factum
2644 3239 2729 3281 c<t
2760 3245 2853 3296 per
2885 3234 3407 3297 prwvaricationent.

170 3335 368 3385 μενος,
409 3319 485 3379 ὣς
537 3336 668 3387 φησι
717 3320 778 3370 τὸ
823 3320 1172 3386 Εὑαγγέλιον,
1221 3319 1325 3371 ὑπὸ
1360 3319 1468 3370 τῶν
1512 3320 1737 3388 πληγῶν

167 3409 351 3458 αῦτῶν
377 3409 666 3478 ἡμιθανὴς,
699 3410 759 3460 οῦ
791 3410 895 3479 μὴν
919 3410 1012 3462 καὶ
1037 3410 1319 3477 ὀλοθανής.
1357 3407 1416 3460 ῚΙ
1441 3409 1547 3478 γάρ
1570 3410 1736 3478 ψυχὴ,

167 3499 240 3560 ὡς
274 3499 334 3563 ἐξ
371 3500 638 3552 ἀθανάτου
681 3502 869 3562 οὐσίας
900 3501 1036 3552 Θεοῦ
1073 3503 1169 3554 καὶ
1211 3502 1484 3571 ἀτρέπτου
1526 3501 1615 3553 διά
1644 3500 1736 3553 τοῦ

165 3590 574 3658 ἐμφυσήματος
628 3593 939 3657 κτισθεῖσα,
985 3595 1034 3644 εἰ
1087 3594 1182 3644 καὶ
1218 3595 1284 3661 τῇ
1323 3592 1595 3662 προσϐολῇ
1641 3591 1736 3644 τοῦ

167 3681 330 3744 ξύλου
368 3682 764 3751 συγκατῆλθεν,
806 3683 920 3734 ἀλλ’
951 3683 1100 3751 ὅμως
1127 3683 1343 3751 ἔμεινεν
1370 3685 1428 3734 ἐν
1457 3685 1521 3751 τῇ
1558 3681 1736 3752 οἰκείᾳ

165 3776 232 3840 τῇ
265 3772 389 3823 κατ’
419 3773 602 3826 εἰκόνα
644 3774 740 3826 καὶ
789 3774 910 3826 καθ’
953 3775 1214 3842 ὁμοίωσιν
1244 3772 1378 3824 Θεοῦ
1456 3773 1736 3842 ἀφθαρσίᾳ

167 3867 262 3915 καὶ
292 3864 587 3930 ἀθανασίᾳ,
620 3865 681 3915 οῦ
706 3865 980 3934 χρῄζουσα
1026 3865 1314 3926 οὑσιώδους
1359 3865 1733 3928 ἀναπλάσεως,

167 3952 426 4022 καθάπερ
468 3952 530 4005 τὸ
578 3955 770 4021 σῶμα,
824 3955 961 4006 ἀλλά
1009 3956 1178 4023 μόνης
1233 3953 1542 4021 λογιστικῆς
1592 3971 1735 4016 τινος

163 4043 508 4114 διορθώσεως
585 4045 680 4097 καὶ
722 4046 1192 4114 ἐξομολογήσεως,
1253 4046 1352 4097 οὐκ
1402 4046 1734 4112 ἀναιρέσεως

165 4137 473 4203 θελήσεως,
519 4135 606 4188 ἵνα
637 4136 712 4206 μὴ
748 4137 939 4203 ἄλογος
971 4138 1227 4206 γένηται,
1275 4138 1374 4188 οὐκ
1410 4136 1735 4204 ἐξαλείψεως

167 4228 491 4296 ἐνεργείας,
527 4228 613 4280 ἵνα
655 4228 732 4298 μὴ
777 4229 946 4299 νεκρά
977 4231 1072 4283 καὶ
1110 4228 1500 4300 ἀνενὲργητος,
1546 4229 1621 4292 ὼς
1667 4229 1734 4280 τὰ

164 4321 385 4390 ἄψυχας
411 4320 652 4390 γένηται.

255 4594 636 4664 Ἐπιδημήσας
657 4589 751 4648 οῦν
770 4597 798 4648 ὁ
823 4592 917 4647 τοῦ
944 4593 1080 4646 Θεοῦ
1111 4594 1283 4662 Λόγος
1308 4593 1399 4647 ἐπὶ
1427 4594 1488 4647 τὸ
1510 4594 1736 4648 ἀνακαι-

167 4687 318 4740 νίσαι
357 4684 449 4736 τὸν
492 4685 682 4753 Ἀδὰμ,
725 4686 980 4752 τοιαύτην
1022 4684 1198 4753 ἐαυτῷ
1229 4685 1404 4754 ψυχὴν
1447 4684 1735 4754 ἐδημιούρ-

167 4793 360 4846 γησεν,
391 4777 508 4828 οἵαν
539 4779 792 4844 ἀπαρχῆς
819 4776 877 4840 ἐξ
904 4775 1098 4828 ἐαυτοῦ
1123 4775 1212 4828 διά
1233 4775 1327 4827 τοῦ
1349 4778 1735 4844 ἐμφυσήματος

167 4869 245 4937 τῷ
302 4867 473 4934 ’Δδάμ
504 4867 824 4934 μετέδωκεν,
876 4868 1043 4936 ἤγουν
1075 4867 1360 4918 ἐνέπνευσε
1405 4865 1523 4916 κατ’
1553 4866 1737 4917 εἰκόνα

168 4958 338 5013 αὑτοῦ
372 4958 466 5010 τοῦ
496 4958 630 5010 Θεοῦ
660 4959 833 5024 Λόγου
871 4956 1056 5023 οὖσαν,
1086 4958 1182 5013 καὶ
1209 4957 1326 5009 καθ’
1354 4957 1630 5025 ὁμοίωσιν,
1661 4956 1738 5020 ὦς

170 5067 340 5120 φησιν
370 5051 403 5118 ἡ
430 5049 642 5118 ι’ραφὴ,
670 5051 790 5100 κατ’
816 5050 999 5101 εἰκόνα
1026 5047 1191 5100 αὑτοῦ
1217 5048 1344 5115 ὃλην
1371 5047 1732 5115 ὑπάρχουσαν,

170 5141 296 5194 καθ’
339 5140 597 5207 ὁμοίωσιν
635 5139 800 5191 αὑτοῦ
824 5139 920 5206 τὴν
960 5138 1192 5207 ὓπαρξιν
1221 5137 1468 5206 ἔχουσαν,
1515 5137 1635 5190 κατ’
1661 5139 1739 5190 εί-

169 5236 307 5286 κόνα
336 5230 506 5285 αὐτοῦ
528 5231 624 5300 τὴν
658 5231 894 5299 θέλησιν,
921 5231 1041 5282 κατ’
1068 5229 1255 5280 εἰκόνα
1281 5228 1445 5280 αὑτοῦ
1465 5229 1561 5296 τὴν
1583 5229 1736 5298 ἐνέρ-

167 5344 326 5394 γειαν
381 5325 814 5393 διαγράφουσαν,
865 5323 1134 5391 καθαρὰν,
1183 5322 1432 5389 ἄμωμον,
1477 5322 1735 5390 ἄρρητον,

169 5415 579 5485 ἀναμάρτητον,
615 5415 689 5484 μὴ
731 5414 990 5482 δεομένην
1019 5410 1306 5474 οῦσιώδους
1347 5411 1734 5475 ἀνακλάσεως,

169 5508 359 5575 ὥσπερ
388 5506 449 5557 τὸ
491 5505 682 5572 σῶμα,
723 5503 910 5556 καὶτὰ
935 5502 1028 5555 τοῦ
1063 5501 1335 5570 σώματος,
1388 5503 1461 5572 μὴ
1501 5504 1736 5572 χρῄζου-

175 5615 273 5651 σαν
310 5597 422 5650 τῶν
464 5597 680 5650 οἰκείων
739 5596 943 5666 μερῶν,
975 5597 1068 5648 καὶ
1099 5593 1280 5659 μελῶν
1309 5594 1616 5658 ἀλλοίωσιν,
1644 5595 1737 5648 καὶ

174 5691 473 5753 ἀνάκτισιν,
502 5689 580 5758 μὴ
623 5688 846 5756 ἔχουσαν
869 5687 1088 5754 Θέλησιν
1117 5684 1424 5753 ἀφανισμοῦ
1453 5685 1734 5754 δεομένην,

178 5784 248 5852 μὴ
275 5783 506 5852 ἔχουσαν
531 5781 807 5851 ἐνέργειαν
832 5777 1510 5846 καταλύσεωςχρῂςουσαν.
1541 5780 1603 5829 Ἰ’ί
1631 5782 1737 5845 γὰρ

1843 3313 1954 3368 lloe
1985 3316 2233 3367 videlicet
2286 3317 2329 3369 is
2357 3318 2631 3386 designat,
2665 3320 2757 3386 qui
2807 3321 2996 3373 incidit
3035 3322 3084 3374 in
3140 3323 3403 3390 latrones,

1843 3413 1898 3458 et
1923 3407 2217 3458 semivivus
2269 3408 2439 3476 plagis
2492 3410 2717 3462 ell’ectus
2771 3419 2879 3474 est,
2911 3421 2965 3462 ut
3007 3412 3058 3464 in
3118 3413 3411 3482 Evangelio

1839 3505 2108 3556 narratur.
2143 3513 2247 3547 non
2273 3508 2449 3548 autent
2487 3501 2807 3554 exstinctus.
2838 3501 3066 3554 Animus
3113 3505 3406 3571 siquidem,

1841 3594 2092 3651 tanquam
2119 3600 2181 3638 ex
2215 3588 2504 3639 immortali
2549 3588 2983 3658 imnnttabilique
3011 3593 3298 3662 divinaque
3323 3612 3407 3649 es-

1838 3677 2012 3729 sentia
2055 3691 2152 3744 per
2200 3678 2611 3744 inspirationent
2667 3692 2904 3746 creatus,
2944 3683 3071 3757 licet.
3119 3688 3403 3740 certamini

1837 3767 1935 3829 illi,
1966 3769 2370 3835 casuiqueligni
2403 3771 2679 3836 subjectus
2711 3772 2894 3835 fuerit,
2929 3778 3124 3829 mansit
3151 3777 3194 3830 is
3226 3789 3402 3832 tamen

1837 3859 1889 3912 iit
1920 3861 2136 3926 propria
2168 3859 2233 3911 ad
2263 3859 2355 3912 Dei
2387 3861 2674 3927 imaginem
2699 3872 2751 3915 et
2800 3864 3203 3920 similitudinem
3231 3869 3405 3923 incor-

1839 3951 2082 4016 ruptione
2114 3958 2167 4003 et
2199 3952 2630 4014 immortalitate,
2681 3953 2812 4019 quin
2851 3969 2985 4006 nova
3034 3961 3244 4022 eguerit
3291 3977 3403 4014 sua:

1836 4042 2084 4095 essentia:
2124 4043 2526 4108 reformatione,
2562 4054 2618 4097 ut
2666 4060 2885 4113 corpus,
2921 4050 3012 4100 sed
3050 4054 3279 4114 qnatlattt
3316 4071 3405 4106 ra-

1839 4133 2021 4186 tionali
2065 4135 2404 4185 correctione
2470 4144 2707 4198 tantunt,
2736 4147 2790 4190 et
2817 4140 3140 4203 expiatione,
3187 4144 3407 4196 minime

1837 4239 1966 4277 vero
1995 4223 2350 4278 sublationem
2385 4240 2574 4292 passus
2607 4236 2692 4280 est
2721 4229 3034 4292 voluntatis,
3073 4249 3139 4283 tte
3181 4233 3408 4287 rationis

1839 4317 1993 4369 fieret
2020 4331 2233 4382 expers,
2259 4331 2433 4382 neque
2448 4317 2720 4370 facultatis
2738 4322 3029 4387 operativa:
3055 4323 3403 4389 deletionem,

1839 4422 1906 4460 ne
1966 4422 2208 4462 mortuus
2256 4409 2604 4479 actionisque
2652 4411 2904 4480 incapax,
2963 4423 3021 4466 ut
3076 4417 3406 4471 inanin:atus

1839 4499 2160 4552 elliceretur.

1911 4591 2214 4644 Adveniens
2244 4591 2424 4660 itaque
2466 4591 2558 4647 Dei
2585 4590 2843 4658 Verbum,
2880 4604 2936 4648 ut
2970 4597 3142 4650 Adam
3181 4615 3405 4653 renova-

1842 4688 1941 4743 ret,
1980 4681 2141 4732 talem
2183 4680 2285 4733 sibi
2321 4681 2422 4749 ipsi
2469 4683 2712 4735 conditlit
2781 4682 3040 4749 animam,
3077 4689 3292 4753 qualem
3336 4693 3404 4742 ab

1838 4769 1994 4824 initio
2016 4785 2080 4823 ex
2119 4785 2178 4825 se
2206 4772 2324 4837 ipso
2355 4771 2483 4826 Adat
2504 4774 2800 4827 tradiderat
2832 4790 2928 4844 per
2965 4778 3402 4845 iuSpiratioucm,

1836 4865 1952 4917 sive
1982 4879 2100 4916 eam
2135 4865 2418 4933 inspiravit
2458 4867 2522 4918 ad
2560 4868 2649 4920 Dei
2701 4869 2862 4923 V’erbi
2913 4871 3079 4938 ipsius
3116 4874 3404 4940 imaginem

1837 4956 2185 5010 cxsistentem
2219 4970 2381 5026 atque
2408 4959 2921 5024 adsimilitmlinent,
2958 4973 3008 5013 ttt
3045 4964 3291 5031 inquiunt
3321 4965 3406 5018 di-

1839 5049 1973 5100 vina:
1990 5045 2230 5110 Litterae,
2255 5051 2320 5100 ad
2344 5051 2628 5117 imaginem
2655 5052 2990 5120 scilicetcjus
3022 5063 3209 5117 totant,
3245 5071 3307 5109 ac
3337 5059 3401 5108 ad

1838 5141 2244 5193 similitudinem
2277 5142 2393 5208 ejus
2411 5145 2645 5196 essentia
2681 5147 2959 5206 donatam,
3004 5147 3069 5197 ad
3113 5148 3400 5216 imaginem

1837 5231 1954 5298 ejus
2019 5231 2318 5296 voluntate,
2346 5233 2412 5286 ad
2467 5235 2753 5302 imaginem
2810 5237 2926 5302 ejus
2965 5237 3214 5291 facultate
3256 5241 3399 5293 (lesi—

1839 5334 2078 5389 gnatam,
2122 5339 2334 5391 puram,
2363 5328 2781 5393 immaculatam,
2817 5330 3403 5398 inclfabilem,pcccato

1839 5425 2134 5478 carentem,
2173 5417 2421 5471 essentia:
2476 5421 2882 5486 reformatione,
2924 5432 2979 5474 ut
3043 5440 3258 5490 corpus.
3299 5441 3402 5478 non

1839 5517 2106 5570 egentem,
2146 5509 2404 5574 partium,
2472 5512 2970 5579 membrorumque,
3031 5530 3148 5581 qua:
3208 5531 3406 5583 corpus

1840 5605 2111 5662 Spectant,
2145 5599 2415 5660 varietati,
2449 5610 2502 5652 et
2528 5600 2904 5655 reformationi
2943 5620 3046 5656 non
3073 5604 3402 5672 subjectatn,

1840 5687 2116 5740 voluntate
2167 5689 2409 5742 interitui
2469 5694 2683 5745 subdita
2732 5705 3030 5754 carentem.
3064 5712 3240 5764 neque
3296 5715 3404 5751 sua:

1841 5779 2225 5834 dcstructionis
2254 5781 2538 5836 habentem
2569 5796 2912 5852 potestatem.
2956 5789 3093 5854 Quid
3143 5790 3282 5842 enim
3309 5805 3396 5842 '3:-
