4190 6438
777 457 907 520 ΗΠ

1978 453 2038 511 5.
2082 450 2479 512 ANASTASII
2520 448 2845 510 SINAITE

3905 447 4043 509 1172

775 571 963 624 sentix
992 566 1376 623 rclormatione
1423 564 1768 634 indiguisset,
1810 576 1932 630 qua:
1952 576 2019 616 ex
2066 561 2179 617 Deo
2217 577 2382 633 pro-,

2477 580 2513 613 LV
2536 562 2625 613 mi
2648 559 2824 629 χρῄζῃ
2850 557 3140 622 οὑσιῶδους
3173 558 3529 621 ἀναπλάσεως
3580 559 3614 627 ἡ
3646 559 3707 609 ἐκ
3738 557 3883 610 Θεοῦ
3912 574 4045 627 προ-

780 662 968 722 cessit,
995 670 1050 713 et
1098 659 1165 712 ad
1215 660 1502 727 imaginem
1552 665 1607 709 et
1635 655 2044 709 similitudinem
2097 654 2190 709 Dei
2240 661 2344 719 est,

778 756 959 802 attttttta
988 749 1286 818 praesertim
1318 745 1476 801 Verbi
1512 745 1605 798 Dei
1638 759 1850 798 summe
1907 744 2274 798 immaculati?

848 840 1135 895 Enimvero
1168 840 1297 892 Atla:
1356 840 1537 890 anima
1586 851 1707 891 esse
1740 852 1769 889 a
1824 836 1933 890 Deo
1968 850 2065 904 per
2107 836 2346 903 inspira-

789 934 989 985 tioucm
1044 931 1231 985 sortita
1286 937 1421 985 est:
1478 929 1794 982 Etutuauuel
1840 940 2023 981 autem
2079 929 2259 979 anima
2298 927 2350 980 in

785 1024 914 1085 Deo,
954 1032 1151 1075 etcum
1177 1022 1309 1084 Deo,
1345 1030 1399 1074 et
1433 1021 1522 1074 Dei
1547 1020 1777 1074 similem
1818 1019 2004 1073 habuit
2030 1017 2353 1079 essentiam,

783 1131 846 1167 ex
887 1116 1110 1181 ipsu,,el
1134 1127 1229 1181 per
1269 1115 1467 1180 ipsum,
1497 1124 1705 1169 etcum
1744 1114 1884 1180 ipso,
1912 1122 1965 1164 et
1994 1112 2046 1163 in
2092 1111 2209 1178 ipso
2245 1117 2357 1176 ‘pcr

789 1202 1126 1271 itypuslzisittt
1164 1201 1623 1267 concorporaliter
1676 1202 1728 1252 in
1779 1198 2121 1252 inuuaculato
2153 1197 2358 1266 Deique

789 1291 1102 1356 susceptivo
1152 1299 1307 1342 utero
1338 1288 1676 1352 subsistens;
1711 1289 1783 1340 ita
1814 1296 1870 1339 ut
1903 1291 1979 1357 (et
2005 1289 2049 1340 si
2091 1290 2230 1341 lorte
2257 1290 2359 1341 hoc

788 1384 963 1433 audax
1020 1382 1164 1434 dictu
1196 1382 1286 1443 sit,
1321 1381 1495 1433 dicam
1530 1380 1732 1449 tamen)
1760 1378 2214 1447 quemadmodum
2263 1380 2360 1435 Dei

792 1474 1025 1526 Verbum
1100 1471 1443 1524 incﬂahilitcr
1507 1472 1637 1524 olim
1700 1487 1767 1524 ex
1840 1473 2018 1539 seipsn
2077 1472 2361 1539 produxit,

788 1565 1103 1629 creavitque
1143 1565 1420 1616 rationalis
1466 1564 1661 1615 animae
1714 1565 2001 1616 essentiam
2038 1579 2051 1616 :
2090 1563 2161 1616 ita
2199 1564 2362 1617 etiam

790 1671 853 1710 ex
898 1656 1164 1724 Virgineis
1193 1654 1489 1708 feruoribus
1510 1654 1560 1705 iu
1591 1654 1779 1721 seipso
1802 1667 1920 1706 eam
1953 1655 2149 1707 fecerit
2208 1654 2366 1708 inha-

791 1749 981 1800 bitare.
1018 1747 1274 1810 Quaenam
1306 1759 1436 1811 ergo
1477 1744 1684 1811 reliqua
1715 1743 1764 1797 ei
1792 1752 1997 1796 natura:
2042 1743 2221 1797 inesse
2252 1758 2362 1796 ma-

791 1839 907 1891 cula
934 1846 1133 1904 potest,
1165 1850 1287 1903 qua:
1317 1836 1472 1887 initio
1515 1850 1578 1887 ex
1611 1835 1718 1887 Deo
1741 1835 2021 1887 creatione
2047 1836 2367 1901 procedens,

2446 651 2701 709 ελῡοῦσα.
2736 650 2830 702 καὶ
2852 651 2911 701 έν
2937 651 3110 702 εἰκόνι
3132 649 3266 701 Θεοῦ
3289 650 3383 701 καὶ
3404 648 3661 717 ὁμοιώσει
3688 649 4043 717 ὑπάρχουσα,

2449 741 2541 792 καὶ
2581 739 2814 807 μάλιστα
2843 738 2877 806 ἡ
2921 740 3311 807 παναχράντου
3337 739 3430 790 τοῦ
3460 738 3596 790 Θεοῦ
3624 739 3802 803 Λόγου
3829 738 4021 806 dtuli};

2526 830 2597 905 ⁸Ἦ
2624 833 2723 900 μὲν
2754 832 2861 902 γὰρ
2890 830 2984 883 τοῦ
3029 832 3204 900 Ἀδὰμ
3234 831 3379 900 ψυχὴ
3419 832 3483 883 ὲκ
3516 830 3652 882 Θεοῦ
3679 832 3776 899 τὴν
3801 822 4047 897 ὕπαρξιν

2450 922 2539 976 διὰ
2566 923 2662 975 τοῦ
2697 924 3090 993 ὲμςςυσήματος
3138 923 3329 991 ἔσχεν·
3373 924 3405 991 ἡ
3437 922 3494 974 δὲ
3534 922 3627 974 τοῦ
3691 922 4049 991 Ἐμμανουὴὶ.

2452 1014 2600 1083 ψυχὴ
2623 1013 2830 1078 ἔνθεον,
2876 1014 2969 1066 καὶ
3000 1013 3245 1075 σύνθεον,
3285 1014 3380 1065 καὶ
3404 1013 3631 1082 ὀμόζιεον
3651 1014 3748 1081 τὴν
3778 1015 4048 1064 ούσίωσιν

2457 1108 2635 1175 ἔσχεν,
2662 1106 2720 1170 ἐξ
2749 1105 2941 1168 αὑτοῦ,
2981 1106 3079 1158 καὶ
3106 1105 3175 1157 δι’
3202 1104 3391 1169 αὑτοῦ,
3415 1106 3509 1156 καὶ
3538 1106 3634 1156 σὺν
3661 1103 3837 1171 αὐτῷ,
3867 1104 3967 1155 καὶ
3995 1108 4049 1154 ἐν

2458 1194 2608 1264 αὑτῷ
2636 1194 2761 1247 καθ’
2789 1196 3088 1247 ὑπόστασιν
3120 1194 3428 1262 συσσὼμως
3468 1197 3528 1245 ἐν
3557 1198 3624 1263 τῇ
3677 1196 4051 1261 παναχράντῳ

2461 1290 2555 1341 καὶ
2585 1286 2816 1356 Θεοδόχῳ
2848 1287 3032 1356 μήτρᾳ
3074 1287 3380 1349 ὑποστᾶσα,
3430 1285 3571 1338 ὥστε
3612 1287 3662 1337 εἰ
3710 1287 3785 1355 μὴ
3839 1286 4049 1355 τολμη-

2466 1382 2557 1451 ρὸν
2593 1378 2653 1431 τὸ
2682 1379 2886 1446 λέγειν,
2935 1372 3091 1430 εἷπον
3137 1380 3242 1442 ἂν,
3279 1380 3361 1432 ὅτι
3406 1377 3601 1445 ὥσπερ
3640 1379 3812 1431 παλαι
3858 1380 3887 1431 ὁ
3919 1379 4052 1439 Θεὸς

2462 1472 2636 1538 Λόγος
2662 1470 2721 1533 ἐξ
2759 1468 2956 1523 ἑαυτοῦ
2984 1469 3238 1540 ἀρρήτως
3272 1471 3560 1538 προήγαγε
3617 1470 3713 1520 καὶ
3743 1468 3931 1520 ἔκτισε
3968 1470 4053 1520 lo-

2466 1564 2630 1631 γικῆς
2667 1562 2846 1631 ψυχῆς
2886 1560 3097 1621 οὑσίαν,
3122 1558 3265 1611 οὑτω
3294 1562 3389 1612 καὶ
3417 1563 3480 1612 ἐκ
3507 1559 3859 1628 παρϐενικῶν
3889 1560 4054 1627 λαγό-

2466 1670 2572 1705 νων
2604 1654 2685 1714 εἰς
2713 1653 2907 1704 ἑαυτὸν
2950 1649 3168 1719 είσῷκε.
3200 1650 3311 1703 Καὶ
3337 1653 3487 1702 ποῖον
3518 1651 3703 1703 λοιπὸν
3736 1651 3935 1719 μῶμον
3958 1651 4052 1702 δύο

2469 1761 2625 1796 ναται
2652 1744 2798 1813 ἔχειν
2820 1744 2975 1796 οὑσία
2996 1745 3029 1813 ἠ
3054 1742 3308 1812 ἁπαρχῆς
3342 1743 3406 1794 ἐκ
3433 1742 3570 1794 Θεοῦ
3598 1742 3941 1812 προε>.ὑοῦσα
3976 1745 4055 1805 εἰς

2470 1833 2683 1895 κτίσιν,
2718 1834 2814 1885 καὶ
2851 1832 2945 1885 νῦν
2980 1836 3039 1886 έν
3076 1834 3225 1903 αὑτῷ
3252 1832 3329 1901 τῷ
3357 1831 3478 1902 Θεῷ
3506 1835 3923 1897 είσοικισϐεῑσα,
3958 1836 4056 1886 καὶ

794 1944 936 1982 nunc
963 1943 1122 1996 porro
1153 1928 1205 1980 in
1234 1925 1343 1978 Deo
1375 1925 1606 1993 metipso
1631 1926 1997 1979 habitaculum
2025 1926 2209 1990 habet,
2236 1940 2358 1980 cum

2477 1923 2685 1985 rdeeo;
2703 1923 3015 1991 ὑπάρξασα,
3038 1927 3131 1977 καὶ
3165 1927 3500 1994 τιμιωτέραν
3524 1924 3622 1994 τὴν
3648 1925 3812 1992 φύσιν
3839 1927 3936 1977 καὶ
3958 1928 4055 1993 τὴν

799 2021 904 2072 Deo
963 2018 1288 2079 subsistens,
1343 2026 1492 2069 tanto
1554 2016 2008 2069 honorabiliorem
2072 2026 2229 2070 nacta
2274 2032 2371 2071 vo-

799 2109 1054 2159 luntatem
1109 2105 1604 2173 operatioueluque,
1642 2119 1749 2173 quo
1780 2115 1906 2159 tunc
1957 2106 2174 2174 quidem
2198 2121 2228 2159 a
2266 2107 2374 2160 Deo

799 2208 1078 2263 separatas
1136 2212 1263 2251 suas
1323 2197 1514 2250 habuit
1584 2198 1853 2264 potentias
1920 2207 2083 2263 atque
2146 2197 2375 2251 faculta-

800 2302 1070 2345 Lcs,nunc
1122 2303 1248 2341 vero
1300 2301 1363 2339 ex
1429 2288 1773 2355 hypostatica
1834 2288 2032 2340 unione
2092 2286 2202 2341 Deo
2270 2289 2371 2358 ipsi

801 2376 1144 2442 conjunctas,
1176 2387 1230 2430 et
1283 2377 1592 2444 aliqualiter
1630 2377 1721 2429 Dei
1781 2377 2006 2439 similes,
2040 2387 2204 2444 atque
2250 2393 2374 2431 cum

804 2468 911 2521 Deo
962 2470 1075 2536 ipso
1118 2468 1515 2521 subsistentes?
1546 2466 1679 2531 Qua:
1706 2481 1829 2521 cum
1878 2467 1950 2519 ita
2000 2482 2058 2521 se
2120 2470 2376 2534 habeant,

803 2559 1089 2620 ridiculus,
1133 2572 1322 2609 rursus
1380 2556 1621 2622 inquam,
1647 2564 1731 2608 est
1754 2554 1941 2622 procul
1974 2555 2138 2609 dubio
2197 2557 2378 2610 stulti-

807 2649 895 2700 tia:
932 2636 1536 2710 lmreticorulucrror,
1572 2648 1712 2712 quod
1762 2646 2043 2712 passiones
2093 2647 2384 2700 animanti-

804 2738 906 2793 bus
941 2738 1115 2792 brutis
1136 2750 1452 2789 communes
1474 2735 1721 2802 corporis
1752 2745 1807 2789 et
1831 2736 2037 2799 carnis,
2071 2735 2386 2788 mutationi-

2470 2017 2753 2084 ἐνέργειαν
2795 2014 3018 2083 ἔχουσα,
3048 2017 3161 2081 ὅσῳ
3198 2018 3321 2067 τότε
3353 2017 3454 2086 μὲν
3483 2016 3756 2085 χωριστὰς
3784 2016 3926 2069 Θεοῦ
3956 2016 4056 2078 τὰς

2472 2107 2672 2175 ἑαυτῆς
2703 2107 2962 2175 δυνάμεις
2985 2109 3078 2159 καὶ
3103 2108 3373 2176 ἰδιότητας
3401 2108 3549 2176 ἔσχε,
3570 2107 3665 2160 νῦν
3686 2110 3743 2160 δὲ
3773 2111 4059 2170 συναπτὰς

2471 2196 2629 2259 Θεοῦ,
2668 2200 2763 2248 καὶ
2794 2199 2960 2249 οἱονεὶ
3013 2198 3333 2265 ὀμοιοΟέους
3356 2237 3372 2262 ,
3421 2198 3516 2249 καὶ
3546 2198 3804 2260 συνθέους
3833 2202 3901 2268 τῇ
3937 2198 4058 2250 καθ’

2474 2288 2773 2339 ὑπόστασιν
2819 2289 3043 2351 ένώσει;
3071 2289 3179 2340 Καὶ
3228 2288 3433 2339 τούτων
3463 2288 3637 2350 οὑτως
3678 2289 3935 2356 ἑχόντων,
3969 2290 4059 2341 δν-

2476 2393 2604 2439 τως,
2638 2377 2802 2428 πάλιν
2832 2378 2996 2444 λέγω,
3029 2379 3204 2444 γέλως
3222 2379 3250 2430 ό
3274 2379 3480 2442 πλατὺς
3506 2379 3605 2446 τῆς
3625 2380 3734 2431 τῶν
3757 2381 4060 2448 αἱρετικῶν

2477 2469 2810 2539 ἀφροσύνης,
2833 2471 2915 2522 ὅτι
2936 2470 3004 2521 τὰ
3022 2470 3184 2538 ὅμοια
3208 2471 3358 2540 πάοη
3380 2472 3477 2539 τῆς
3506 2471 3812 2539 κτηνώδους
3839 2472 4061 2539 φύσεως

2478 2562 2577 2629 τῆς
2620 2560 2825 2630 σαρκὸς
2873 2560 2975 2629 τῆς
3006 2561 3337 2629 τραπείσης,
3378 2562 3524 2630 παθη
3563 2562 3813 2628 λέγουσιν
3844 2564 3902 2613 ὲν
3927 2563 4063 2629 Χρι-

2482 2652 2593 2720 στῷ
2614 2668 2627 2683 ’
2672 2653 2743 2704 τὰ
2778 2652 2835 2703 δὲ
2864 2654 2962 2720 τῆς
3009 2654 3132 2704 κατ’
3167 2652 3353 2705 εἰκόνα
3389 2652 3557 2705 αὑτοῦ
3588 2653 3763 2721 ψυχῆς
3795 2652 4067 2721 ἰδιώματα

2478 2746 2551 2794 τά
2572 2744 2850 2806 οὑσιωδῶς
2879 2746 2953 2814 μὴ
2976 2746 3255 2815 τραπέντα
3282 2746 3678 2814 παραιτοῦνται
3714 2748 3914 2799 εἰπεῖν.

804 2829 907 2883 bus
951 2829 1217 2882 obnoxias
1268 2828 1321 2879 in
1366 2825 1588 2878 Christo
1657 2825 1973 2877 l‘ateantur:
2015 2824 2211 2879 anima:
2270 2840 2402 2881 vero
2458 2834 2840 2901 pr0prietates,
2891 2848 3011 2902 quae
3054 2834 3121 2887 ad
3172 2835 3458 2901 imaginem
3502 2836 3596 2889 Dei
3632 2846 3759 2890 sunt
3804 2835 4065 2891 immuta-

807 2921 996 2976 tabiles
1018 2917 1272 2981 essentia,
1307 2917 1362 2969 in
1393 2917 1509 2981 ipso
1535 2915 1717 2968 dicere
1748 2924 2018 2969 recusent.

879 3012 1054 3078 Atque
1086 3024 1155 3062 ne
1198 3008 1311 3061 haec
1341 3006 1539 3059 nostris
1589 3006 1892 3065 sententiis,
1933 3006 2383 3076 sermonibusque

807 3104 955 3157 dicta
984 3113 1107 3154 esse
1144 3099 1552 3160 existiment,et
1587 3105 1773 3149 contra
1806 3110 1902 3150 eos
1928 3096 2199 3165 disputata
2238 3117 2253 3153 :
2284 3114 2384 3168 age

2554 3014 2664 3066 Καὶ
2709 3014 2859 3077 ὅπως
2909 3016 2980 3085 μὴ
3028 3016 3255 3083 δόξωσιν
3280 3016 3341 3081 ἐξ
3383 3018 3599 3071 οἰκείων
3635 3018 3792 3088 ἡμῶν
3840 3020 4067 3073 ἐννοιῶν

2482 3108 2576 3158 καὶ
2606 3108 2793 3176 μύοων
2820 3112 2955 3179 πρὸς
2978 3113 3173 3173 αὑτοὺς
3196 3111 3728 3180 διαλέγεσθαι,’φέρε
3766 3117 3834 3185 τῇ
3872 3131 4067 3181 συνερ-

815 3193 923 3246 Deo
977 3190 1269 3256 adjuvante
1298 3202 1367 3240 ex
1411 3186 1525 3256 ipsa
1565 3185 1849 3255 Scriptura
1896 3200 2215 3257 argumenta
2253 3204 2381 3259 pro-

2485 3196 2615 3266 γείᾳ
2652 3197 2744 3249 τοῦ
2788 3199 2923 3250 Θεοῦ
2971 3200 3263 3269 Γραφικὼς
3318 3202 3415 3265 τὰς
3468 3203 3845 3271 παραστάσεις
3904 3206 4069 3272 ποιή-

811 3282 1066 3337 feramus.

882 3373 1223 3427 Constitutus
1249 3370 1300 3422 iu
1338 3366 1571 3423 vinculis
1599 3368 1763 3423 Divus
1795 3384 2097 3438 praecursor
2125 3369 2386 3434 Joannes,

816 3464 1098 3531 oculisque
1152 3462 1349 3515 mentis
1411 3462 1529 3514 fore
1581 3461 1941 3529 prospiciens,
1980 3470 2037 3514 ut
2069 3464 2136 3516 ab
2176 3462 2387 3516 llerode

817 3556 1064 3611 sublatus
1090 3554 1155 3605 ad
1180 3552 1383 3604 inferos
1408 3552 1866 3618 proﬁcisceretur,
1906 3552 2127 3603 mittens
2156 3552 2291 3605 duos
2319 3567 2386 3606 ex

748 3637 751 3645 ’
822 3647 1110 3715 discipulis
1135 3648 1272 3709 suis,
1309 3660 1337 3697 a
1385 3644 1603 3697 Christo
1650 3651 1998 3712 percontatus
2033 3653 2134 3706 est,
2158 3643 2342 3697 dicens
2375 3660 2389 3697 :

826 3760 844 3792 ι
892 3738 971 3793 Tu
1001 3754 1059 3792 es
1106 3737 1200 3805 qui
1244 3745 1504 3789 venturus
1533 3747 1629 3797 es,
1666 3752 1685 3785 ι
1732 3749 1923 3801 nempe
1953 3734 2019 3786 ad
2073 3732 2275 3787 inferos
2304 3734 2396 3788 de-

822 3844 1136 3891 scensurus,
1161 3845 1179 3878 ι
1204 3842 1272 3879 an
1302 3828 1462 3879 alium
1482 3834 1858 3893 exspectamus
1881 3825 1967 3876 '3?
2000 3842 2018 3875 ι
2041 3827 2393 3893 quemadmo-

823 3927 948 3979 dum
976 3923 1170 3976 l’ctrus
1196 3933 1412 3987 quoque
1446 3920 1499 3971 in
1553 3916 1834 3971 Catholica
1890 3917 2132 3986 lipistola
2188 3931 2286 3970 sua
2328 3918 2396 3972 de

821 4016 1039 4070 Christo
1099 4013 1272 4080 inquit
1318 4011 1460 4078 quod
1498 4026 1517 4059 ι
1563 4009 1616 4061 in
1664 4007 1935 4060 infernum
1994 4010 2310 4071 adveniens,
2343 4018 2399 4063 et

824 4108 929 4161 illis
964 4108 1054 4175 qui
1096 4107 1148 4158 in
1210 4103 1524 4157 carceribus
1564 4110 1723 4154 erant
1770 4100 2075 4168 spiritibus,
2110 4100 2399 4155 incredulis

824 4198 1131 4268 aliquando,
1172 4194 1484 4266 prwdicavit
1516 4194 1585 4258 ³⁵,
1625 4210 1643 4245 ι
1676 4208 1837 4261 quant
1887 4194 2105 4260 quidem
2160 4195 2397 4247 descen-

825 4293 1032 4345 sionem
1089 4287 1351 4340 Dominus
1381 4286 1493 4353 ipse
1538 4285 1679 4351 apud
1725 4282 1918 4337 .Iobum
1969 4286 2292 4351 praenuntiat
2320 4285 2400 4338 di-

826 4396 955 4435 cens
990 4397 1003 4432 :
1041 4397 1059 4430 t
1103 4378 1352 4445 Nunquid
1403 4378 1456 4428 in
1510 4374 1838 4442 profundum
1894 4375 2060 4427 maris
2098 4374 2318 4439 venisti,
2348 4384 2401 4427 et

829 4474 881 4527 in
912 4470 1217 4525 novissimis
1268 4467 1450 4537 abyssi
1483 4466 1881 4519 deambulasti?
1914 4465 2163 4533 Nunquid
2203 4477 2400 4533 aperta:

2492 3304 2695 3355 σωμεν.

2561 3377 2989 3439 Κατακλεισθεὶς
3025 3378 3083 3429 ὲν
3114 3376 3193 3447 τῷ
3221 3377 3585 3449 δεσμωτηρίῳ
3634 3381 3664 3432 ό
3694 3379 3839 3445 Θεῖος
3881 3383 4068 3436 Ἰωάν-

2491 3486 2590 3536 νης
2624 3470 2653 3520 ό
2704 3470 3039 3539 ιΙρόδρομος,
3099 3470 3196 3521 καὶ
3242 3469 3455 3539 ὄμμασι
3508 3473 3624 3534 τοῖς
3661 3475 3872 3540 νοεροίς
3925 3491 4066 3543 προ-

2492 3560 2674 3627 γνοὺς,
2698 3560 2779 3612 ὃτι
2808 3561 2912 3611 ὑπὸ
2930 3560 3173 3630 Ἡρώδου
3208 3560 3599 3630 ἀναιρούμενος
3625 3562 3683 3614 ὲν
3706 3562 3807 3633 ᾄδῃ
3834 3564 4065 3631 πορεύε-

2491 3668 2605 3715 ται,
2635 3652 2960 3714 ἀποστείλας
2984 3653 3077 3705 δύο
3105 3654 3213 3704 τῶν
3239 3652 3438 3705 ἑαυτοῦ
3503 3652 3762 3723 μαθητῶν
3804 3654 4067 3725 ἠρώτησε

2494 3742 2584 3796 τὸν
2612 3743 2868 3812 Χριστὸν,
2895 3743 3086 3811 λέγων’
3110 3761 3128 3793 t
3157 3743 3229 3795 Σὺ
3265 3740 3315 3795 εἱ
3344 3746 3371 3797 ὁ
3393 3745 3713 3813 ἐρχόμενος,
3742 3763 3761 3795 ι
3781 3745 4070 3797 τουτέστιν

2496 3835 2554 3885 ὲν
2601 3833 2676 3902 τῷ
2721 3833 2824 3903 ᾄδῃ
2884 3834 3309 3903 κατερχόμενος,
3349 3853 3368 3886 r
3421 3835 3455 3905 ἢ
3516 3836 3703 3905 ἕτερον
3750 3838 4073 3906 προσδοκῶ-

2501 3941 2628 3993 μεν;
2653 3943 2672 3974 ι
2705 3926 2849 3977 καΟά
2883 3925 2975 3977 καὶ⁵
2995 3928 3021 3977 ὁ
3050 3927 3255 3995 Πέτρος
3289 3926 3418 3997 περὶ
3449 3927 3689 3997 Χριστοῦ
3722 3930 3780 3980 έν
3804 3932 3875 3999 τῇ
3918 3930 4074 3982 Ἐπι-

2500 4016 2660 4084 στολῇ
2692 4019 2758 4085 τῇ
2790 4015 3068 4085 Καθολικῇ
3101 4017 3273 4084 λέγει,
3309 4018 3393 4070 ὅτι
3428 4037 3446 4069 ι
3487 4019 3781 4089 Πορευθεὶς
3825 4021 4071 4090 ἐκήρυξε

2498 4108 2718 4169 καὶτοῖς
2738 4111 2795 4159 ὲν
2818 4106 3033 4178 φυλακῇ
3052 4108 3327 4177 πνεύμασι
3347 4112 3460 4171 τοῖς
3474 4127 3604 4162 ποτε
3626 4111 4020 4179 ἀπειθήσασιν,
4048 4133 4068 4163 ι

2499 4198 2692 4266 ἥντινα
2727 4200 3035 4251 κατάϐασιν
3088 4198 3251 4261 αὑτὸς
3302 4200 3331 4250 ὁ
3387 4199 3594 4268 Κύριος
3639 4200 3776 4269 πρὸς
3816 4201 3912 4252 τὸν
3950 4202 4072 4253 Ἰὼϐ

2502 4289 2977 4359 προκαταγγέλλει
3008 4289 3184 4356 λέγων
3203 4304 3219 4320 ο
3253 4308 3271 4340 ι
3300 4284 3503 4351 Ἷιλθες
3526 4290 3582 4341 δὲ
3604 4291 3695 4341 ἐπὶ
3722 4291 3949 4360 τρίϐους
3973 4294 4073 4344 θα-

2500 4382 2727 4451 λάσσης,
2758 4382 2816 4436 έν
2842 4382 2901 4434 δὲ
2933 4382 3135 4451 ἴχνεσιν
3167 4380 3407 4434 ἀϐύσσου
3447 4384 3896 4453 περιεπάτησας;
3921 4385 4073 4437 ἀνοία

2501 4490 2689 4540 γονται
2724 4473 2777 4526 δέ
2804 4490 2885 4526 σοι
2920 4474 3070 4543 φόϐῳ
3095 4472 3261 4526 πύλαι
3285 4474 3544 4537 Θανάτου,
3577 4472 3823 4543 πυλωροὶ
3854 4473 3912 4526 δὲ
3944 4474 4075 4544 ᾅδου

831 4572 958 4618 sunt
983 4569 1125 4614 metu
1157 4560 1249 4612 tibi
1292 4570 1463 4626 porta:
1492 4558 1704 4618 mortis,
1735 4569 1790 4609 et
1826 4557 2089 4625 janitores
2121 4556 2313 4610 inferni
2348 4567 2382 4610 ιι

2506 4564 2706 4627 ἰδόντες
2762 4581 2824 4616 σε
2873 4565 3135 4632 ἐφριξανς
3166 4583 3184 4616 ι
3245 4565 3393 4634 Αὕτη
3448 4565 3512 4635 δὴ
3562 4560 3655 4617 οὑν
3697 4567 3731 4634 ἡ
3769 4566 4075 4628 κατάϐασις

830 4655 1075 4707 videntes
1108 4651 1509 4704 exhorruerunt
1541 4647 1623 4699 "'2
1662 4664 1680 4697 ι
1735 4647 1851 4714 Ipse
1880 4647 2045 4715 igitur
2075 4647 2273 4701 Christi
2312 4649 2403 4700 de-

831 4754 1056 4793 scensus
1105 4739 1170 4791 ad
1231 4738 1454 4801 inferos,
1508 4737 1940 4804 prmscntiaque,
1998 4752 2060 4788 ac
2092 4737 2403 4803 praedicatio

830 4833 943 4898 ejus
972 4847 1076 4900 qua
1113 4828 1320 4882 ratione
1352 4826 1492 4880 iacta
1521 4825 1688 4879 sunt?
1717 4827 1884 4879 Deum
1940 4840 2095 4877 nemo
2129 4824 2264 4876 vidit
2299 4839 2399 4876 uu—

830 4938 1013 4990 quam,
1049 4934 1223 4988 neque
1275 4918 1459 4972 videre
1512 4928 1686 4986 potest
1722 4932 1737 4970 :
1795 4916 2197 4969 sanctissimum
2234 4918 2398 4969 etiam

828 5015 1029 5068 Christi
1064 5026 1261 5078 corpus
1304 5021 1426 5079 post
1479 5018 1708 5062 mortem
1743 5022 1904 5075 super
1956 5017 2151 5059 terram
2188 5006 2399 5071 jacebat

831 5110 883 5157 in
931 5113 1301 5157 monumento.
1337 5102 1622 5166 Quomodo
1677 5101 1840 5171 igitur
1900 5100 2098 5153 turbati
2154 5110 2282 5154 sunt
2320 5100 2400 5153 itt-

832 5196 966 5249 leri?
997 5210 1100 5263 qua
1131 5195 1342 5248 ratione
1375 5194 1621 5247 videntes
1669 5195 2072 5246 exhorruerunt
2107 5193 2398 5244 inter-orum

830 5282 1121 5337 custodes?
1152 5283 1276 5350 quis
1322 5297 1352 5334 a
1386 5282 1618 5343 szeculis,
1648 5281 1877 5334 vinculis
1935 5281 2130 5348 ligatas
2179 5280 2387 5333 animas

831 5375 1212 5429 dormientium
1286 5376 1562 5429 hominum
1614 5375 1891 5429 visitavit?
1947 5375 2170 5430 Constat
2225 5384 2402 5429 autem

834 5467 1041 5521 D0mini
1088 5468 1177 5520 Dei
1212 5467 1338 5522 .Icsu
1375 5467 1579 5521 Christi
1614 5482 1823 5523 summe
1855 5467 2248 5521 immaculatam
2283 5467 2401 5521 ani-

834 5573 974 5611 mam
1008 5558 1108 5610 sibi
1144 5558 1638 5611 consubstantiales
1692 5556 1899 5610 animos
1947 5556 2241 5609 rationales
2268 5554 2400 5607 visi-

834 5651 976 5703 tione
1001 5666 1096 5705 sua
1143 5666 1266 5705 esse
1297 5653 1571 5721 dignatam
1601 5666 1615 5702 :
1646 5649 1759 5719 ipsa
1792 5650 1860 5704 ad
1889 5648 2009 5704 illas
2052 5663 2176 5703 cum
2203 5646 2398 5701 divini-

1304 5828 1329 5839 ν

974 5827 1152 5880 ilitth.
1200 5843 1269 5887 λι,
1304 5828 1335 5881 ὖ
1435 5829 1474 5857 ²⁴
1512 5827 1527 5879 l
1569 5826 1710 5881 l‘etr.
1745 5842 1827 5885 ur,
1866 5826 1947 5880 ill.

2501 4656 2736 4726 Χριστοῦ
2777 4657 2809 4724 ἡ
2840 4657 2900 4707 έν
2938 4655 3014 4723 τῷ
3044 4654 3170 4724 ᾄδῃ,
3197 4656 3289 4707 καὶ
3317 4656 3350 4725 η
3401 4655 3696 4723 παρουσία,
3727 4654 3824 4708 καὶ
3870 4655 3933 4709 τὸ
3969 4658 4073 4724 κή-

2501 4762 2686 4815 ρυγμα
2716 4746 2830 4806 πῶς
2880 4746 3101 4812 γέγονε;
3134 4745 3270 4796 Θεὸν
3333 4744 3509 4806 οὐδεὶς
3566 4742 3781 4812 ἑώρακε
3818 4745 4072 4807 πώποτε,

2498 4836 2756 4889 ἀλλὀὑτε
2790 4838 2917 4889 ἰδεῖν
2943 4837 3166 4890 δύναται
3191 4853 3206 4866 ο
3239 4836 3405 4888 πάλιν
3433 4852 3493 4888 τε
3522 4835 3585 4887 τὺ
3613 4838 3881 4904 πανὰγιον
3912 4839 4074 4905 σῶμα

2500 4929 2737 4998 Χριστοῦ
2771 4930 2831 4982 ὲν
2862 4932 2940 4999 τῷ
2968 4929 3182 4998 θανάτῳ
3236 4927 3405 4981 αὑτοῦ
3444 4929 3504 4980 έν
3537 4928 3615 4997 τῷ
3650 4930 3901 4999 μνήματι
3960 4932 4073 4983 ἄνω

2500 5020 2592 5071 ἐπὶ
2621 5018 2723 5087 γῆς
2762 5018 2960 5071 ἔκειτο.
3008 5019 3133 5081 Πῶς
3164 5014 3257 5071 οὖν
3286 5021 3314 5071 ὁ
3366 5017 3501 5089 ᾷδης
3526 5017 3870 5089 ὲσκυλεύθη;
3912 5022 4075 5073 ποίαν

2504 5110 2715 5176 μορφὴν
2738 5110 2786 5160 οἱ
2812 5108 3053 5177 πυλωροὶ
3072 5108 3165 5160 τοῦ
3196 5108 3325 5177 ᾅδου
3350 5108 3552 5170 ἰδόντες
3573 5108 3835 5177 ἔφριξανς
3866 5109 3950 5172 τίς
3973 5112 4073 5170 τὰς

2501 5196 2597 5252 ἀπ’
2630 5198 2824 5260 αἰῶνος
2856 5198 3108 5266 δεσμίους
3150 5196 3329 5265 ψυχὰς
3380 5198 3489 5250 τῶν
3525 5199 3947 5267 κεκοιμημένων
3976 5201 4072 5253 ἀν-

2504 5287 2739 5356 θρώπων
2774 5288 3150 5356 ὲπεσγέψατος
3182 5288 3479 5359 Πρόδηλον,
3514 5290 3596 5342 ὅτι
3624 5291 3657 5359 ἠ
3690 5291 4072 5360 Μνάχραντος

2504 5378 2596 5429 τοῦ
2622 5380 2896 5430 Δεσπότου
2956 5379 3133 5446 Ἰησοῦ
3174 5378 3413 5446 Χριστοῦ
3444 5378 3541 5431 τοῦ
3588 5379 3726 5432 Θεοῦ
3774 5379 3927 5451 ψυχὴ
3975 5382 4073 5442 τὰς

2505 5467 2826 5535 όμοουσίους
2852 5465 3024 5535 αὑτῆς
3055 5465 3235 5534 ψυχας
3277 5464 3376 5527 τὰς
3408 5464 3634 5530 λογικὰς
3683 5466 4032 5533 ἐπεσκέψατο
4057 5480 4069 5491 ⁸

2505 5558 2645 5627 αῦτη
2670 5559 2807 5627 πρὸς
2849 5557 3019 5619 αὑτὰς
3054 5555 3387 5626 κατελήλυθε
3431 5554 3656 5618 σύνθεος
3682 5569 3698 5585 ⁸
3730 5556 3871 5625 αῦτη
3904 5556 3966 5608 τὸ
3988 5555 4072 5609 δε-

2507 5650 2819 5718 σμωτήριον
2837 5644 3163 5701 ἐσκύλευσεν
3181 5662 3197 5678 υ
3223 5644 3363 5701 αὕτη
3384 5644 3478 5700 τδν
3492 5644 3759 5716 τύραννον
3778 5645 3965 5716 ἔδησε,
3981 5646 4073 5697 καὶ

2026 5826 2068 5857 ⁸³
2095 5822 2194 5879 Job
2232 5840 2450 5882 manu.
2495 5822 2575 5876 lli.
