4190 6438
184 442 310 506 11⁵73

1646 432 1921 492 SERMO.

3291 429 3428 493 tm

179 557 295 616 τοὺς
344 549 601 619 δεσμίους
658 547 919 609 ἀπέλυσε,
958 545 1202 614 βοήσασα
1243 543 1358 604 τοῖς
1392 540 1451 593 ἐν
1495 539 1739 608 δεσμοῖς,

1865 550 1963 596 late
2009 538 2289 594 descendit
2326 555 2338 590 :
2378 538 2492 605 ipsa
2543 535 2753 590 carceri
2788 550 2984 590 noxam
3026 538 3227 603 intulit,
3260 551 3425 607 atque

191 646 481 710 Ἐξέλθετε,
507 643 584 705 ὡς
606 641 775 694 τόπον
790 636 1182 707 ἀναπληροῦσα
1209 635 1422 687 τελείου
1453 631 1746 702 ἀνθρώπου

178 738 264 792 τοῦ
291 740 351 788 ἐκ
368 734 550 804 ψυχῆς
576 731 974 800 συνισταμένου
997 729 1090 781 καὶ
1109 727 1389 797 σώματος,
1415 722 1747 790 λογιπικῶς

177 849 230 884 τε
265 830 337 892 ὡς
361 827 577 894 λογικὴ,
609 826 703 878 καὶ
725 822 1049 891 θελητικὼς,
1081 823 1175 873 καί
1193 817 1565 888 ἐνεργητικῶς
1596 813 1748 884 ἐντῷ

180 919 270 990 ᾄδῃ
292 916 662 986 κηρύττουσα,
692 916 787 968 καὶ
822 914 1222 983 ἐπιτρέπουσα,
1257 911 1350 961 καὶ
1388 906 1747 970 σκυλεύουσα,

179 1017 208 1077 ὴ
244 1011 405 1078 νοερά
430 1009 532 1071 τὰς
567 1009 764 1076 νοερᾶς
810 1004 1172 1073 ἐπιϐλέψασα,
1196 1003 1345 1072 ψυχὴ
1371 1001 1466 1063 τὰς
1487 998 1688 1067 ψυχὰς,
1713 997 1749 1066 ἡ

180 1102 360 1172 λογικὴ
390 1106 488 1163 τὰς
517 1101 765 1166 λογικὰς,
794 1100 827 1169 ή
860 1099 1066 1167 ζωτικὴ
1092 1097 1192 1159 τάς
1232 1095 1492 1159 ζωτικάς,
1548 1095 1580 1161 ἡ
1615 1089 1752 1143 ἀθά-

1850 630 2158 686 molestiam
2193 645 2208 694 ;
2246 627 2359 697 ipsa
2390 627 2577 696 ligavit
2612 637 2921 696 tyrannum,
2947 629 3262 699 vinctosque
3310 633 3426 685 disc

1847 723 2025 783 solvit,
2047 723 2116 774 iis
2131 721 2221 789 qui
2248 720 2300 772 in
2333 719 2563 773 vinculis
2581 718 2839 786 jacebant
2861 722 3223 788 proclamans,
3250 723 3428 790 Exite,

1852 824 1912 870 ut
1941 817 2114 869 locum
2142 813 2421 867 sustinens
2457 813 2679 881 perfecti
2741 813 2977 868 hominis
3022 829 3088 868 ex
3137 818 3320 871 anima
3377 831 3431 873 ct

1852 920 2082 974 corpore
2120 904 2492 964 subsistentis,
2524 903 2886 970 rationaliter,
2923 905 3084 958 veluti
3124 907 3428 970 rationalis,

1856 999 2182 1061 voluntarie,
2242 1008 2298 1052 et
2345 997 2625 1064 operative
2673 997 2728 1050 itt
2781 996 2970 1051 inferis
3027 999 3328 1066 prtedicans
3384 1011 3438 1054 et

1848 1107 2004 1159 opem
2052 1093 2258 1156 ferens,
2305 1103 2360 1147 et
2391 1091 2696 1146 moleStiam
2755 1093 3021 1158 inferens,
3056 1093 3438 1148 intellectualis

180 1210 330 1253 νατος
355 1194 454 1253 τὰς
491 1191 818 1252 ἀθανάτους,
864 1193 897 1259 ὴ
944 1189 1281 1260 ἐνεργητικὴ
1314 1187 1412 1250 τὰς
1474 1188 1760 1255 ἐνεργητι-

1865 1186 2251 1239 mtellectuales
2281 1184 2645 1252 proslticiens,
2679 1183 2860 1236 anima
2928 1188 3162 1249 animas,
3199 1187 3438 1240 rationa-

181 1287 294 1346 κάς,
341 1286 373 1352 ἡ
414 1285 639 1352 ἐνθελὴς
693 1288 791 1344 τὰς
839 1283 1155 1351 θελητικάς.
1189 1281 1314 1344 liti);
1364 1280 1472 1348 γὰρ
1519 1279 1582 1332 ἂν
1650 1275 1748 1330 καὶ

179 1375 418 1437 ἐδέξαντο
446 1376 507 1426 τὸ
532 1376 630 1443 τῆς
661 1375 821 1440 ἁγίας
840 1374 1019 1442 ψυχῆς
1046 1375 1327 1442 κήρυγμα,
1359 1373 1407 1424 εί
1436 1371 1510 1440 μὴ
1540 1368 1628 1422 διὰ
1650 1369 1750 1436 τῆς

180 1471 362 1535 νοερᾶς
399 1468 585 1519 αὐτῶν
617 1468 840 1534 λογικῆς
875 1467 1181 1533 θελήσεωςς
1253 1467 1315 1516 οὐ
1355 1465 1462 1532 γὰρ
1510 1464 1754 1529 ἀναγκα-

181 1560 373 1622 στικώς
431 1561 528 1614 καὶ
581 1561 860 1620 ἀκουσίως
915 1562 1250 1611 ἐπίστευσαν
1306 1560 1401 1608 καὶ
1443 1557 1752 1625 ἐσώθησαν,

180 1655 280 1705 οὐδ’
316 1655 727 1724 ἀπροαιρέτως,
764 1653 881 1706 ἀλλ’
915 1652 1180 1713 ἑκουσίως
1236 1652 1332 1703 καὶ
1369 1649 1568 1720 γνώμῃ
1598 1649 1755 1718 θελή-

183 1762 329 1807 σεως,
355 1747 452 1796 καὶ
473 1745 730 1814 ἐνεργείᾳ
759 1743 1236 1810 συγκαταθέσεως.

1859 1279 1923 1330 Iis
1954 1278 2266 1343 rationales,
2315 1277 2497 1330 vitalis
2546 1275 2763 1338 vitales,
2800 1277 3120 1332 immortalis
3155 1279 3438 1333 immorta-

1860 1372 1961 1436 les,
1992 1373 2268 1441 operativa
2308 1374 2639 1440 operativas,
2683 1374 2871 1427 volens
2918 1372 3130 1427 volentli
3186 1375 3441 1442 prtetlitas

1853 1463 2128 1518 facultate.
2152 1462 2438 1527 Quomodo
2480 1477 2734 1531 namque,
2766 1463 2870 1517 nisi
2930 1463 3310 1530 intellectuali,
3349 1481 3440 1516 ra-

1857 1555 2150 1620 tionaliqne
2189 1569 2286 1606 sua
2331 1555 2691 1617 voluntateii,
2728 1555 2822 1620 qui
2885 1554 2940 1607 in
2993 1555 3185 1610 inferis
3242 1566 3421 1616 erant,

1855 1659 2059 1704 saneta:
2107 1647 2253 1700 illius
2315 1647 2510 1699 animte
2554 1646 2996 1713 praedicationem
3048 1649 3443 1716 susceperunt?

1858 1762 1961 1798 non
1995 1744 2140 1795 enim
2198 1743 2398 1809 quippe
2448 1749 2657 1803 coactc,
2695 1740 2811 1793 sive
2866 1741 3233 1794 involnntario
3269 1741 3444 1794 cretii.

183 1840 322 1903 dere,
365 1838 612 1905 salvique
639 1839 768 1891 facti
800 1848 970 1891 sunt:
1021 1851 1128 1890 non
1192 1846 1397 1890 temere
1428 1838 1877 1907 inconsultoqne,
1948 1852 2137 1890 verum
2207 1844 2402 1904 sponte
2452 1823 2864 1903 deliberataque
2921 1835 3195 1888 sententia
3252 1834 3444 1888 volun-

183 1931 323 1992 tatis,
356 1939 414 1982 et
437 1930 724 1997 compositi
766 1930 1005 1997 ipsorum
1053 1930 1389 1996 operatione,
1437 1930 1596 1982 ﬁdem
1654 1939 2030 1997 susceperunt.

247 2019 540 2075 Ιιιστοῦται
574 2019 631 2072 δέ
668 2037 768 2088 μου
814 2020 883 2072 τὰ
925 2019 1197 2089 λεγόμενα
1249 2023 1276 2072 ὁ
1322 2022 1422 2088 τῆς
1477 2022 1762 2090 θεολογίας

1934 2020 2064 2085 Quae
2087 2033 2248 2085 porro
2272 2019 2414 2073 dicta
2445 2035 2472 2072 a
2526 2033 2612 2072 me
2657 2029 2809 2080 sunt,
2868 2019 3153 2087 theologia:
3216 2020 3444 2087 signifer

183 2114 436 2184 θεοφόρος
463 2113 791 2182 Γρηγόριος,
819 2112 961 2165 οὓτω
989 2130 1106 2175 πως
1147 2114 1375 2180 φάσκων
1405 2115 1534 2183 περὶ
1558 2115 1657 2182 τῆς
1698 2116 1756 2166 ἐν

182 2207 254 2277 τῷ
287 2208 389 2278 ᾄδῃ
414 2207 515 2260 τοῦ
543 2206 782 2276 Χριστοῦ
813 2206 1173 2267 καταϐάσεως
1202 2209 1259 2258 ἐν
1288 2206 1366 2275 τῷ
1389 2207 1545 2277 Λόγῳ
1567 2207 1646 2276 τῷ
1675 2207 1756 2271 είς

182 2302 238 2353 τὸ
259 2301 408 2368 ἀγιον
428 2299 624 2367 ῐιάσχα
640 2317 653 2328 ·
682 2317 700 2350 ι
732 2299 858 2350 Ἐὰν
879 2300 937 2350 ἐν
955 2298 1174 2367 σταυρῷ
1191 2299 1424 2367 Χριστὸς
1442 2299 1755 2367 ἀνέρχεται,

186 2393 472 2446 συνάνελθε
506 2407 519 2421 ⁸
555 2391 648 2443 ἐὰν
671 2392 730 2443 ἐν
758 2389 835 2459 τῷ
887 2391 988 2461 ᾅδῃ
1013 2390 1363 2459 κατέρχεται,
1394 2391 1754 2455 συγκατελθε.

185 2483 352 2535 Γνῶθι
391 2482 465 2534 τὰ
511 2483 628 2534 ἐκεῖ
663 2482 965 2552 μυστήρια,
1009 2481 1111 2550 τὴν
1159 2482 1358 2551 διπλῆν
1401 2482 1709 2535 κατάϐασιν
1741 2500 1756 2515 ο

185 2574 386 2635 πάντας
422 2573 612 2635 ἁπλῶς
649 2572 812 2636 σώζει
838 2574 1126 2638 ἐπιφανεὶς
1153 2612 1168 2635 ,
1217 2573 1251 2642 ἢ
1295 2576 1459 2626 κάκεῖ
1501 2576 1629 2637 τοὺς
1671 2593 1762 2626 πι-

186 2664 510 2725 στεύονταςς
543 2683 562 2714 ι
592 2664 722 2716 Ἰδοὺ
755 2664 817 2715 οὐ
849 2664 1031 2726 πάσας
1064 2663 1214 2730 λέγει
1247 2665 1549 2735 Γρηγόριος
1579 2665 1678 2728 τὰς
1705 2669 1762 2718 ἐν

185 2757 256 2826 τῷ
284 2757 385 2828 ᾄδῃ
417 2756 600 2825 ψυχὰς
655 2755 946 2821 σωθείσας,
992 2756 1132 2810 ἀλλά
1188 2757 1358 2825 μόνας
1400 2758 1500 2820 τὰς
1540 2759 1762 2829 Χριστῷ

185 2848 557 2909 πιστευσάσας
589 2845 649 2909 ἐξ
677 2846 888 2908 οἰκείας
922 2845 1302 2916 προαιρέσεως
1331 2849 1425 2899 καὶ
1466 2846 1760 2916 θελήσεως.

186 2941 302 3002 Πῶς
331 2943 443 3008 γὰρ
469 2940 566 2990 καὶ
618 2937 916 2990 πιστεῦσαι
947 2935 1095 3008 είχον
1123 2940 1291 3009 χωρὶς
1327 2939 1646 3009 λογιστικῆς
1678 2942 1766 2994 Oe-

186 3031 387 3102 λήσεως
426 3033 518 3084 καὶ
566 3031 884 3102 ἐνεργείας;
921 3030 1269 3100 Ἀνθρώπους
1293 3032 1520 3101 μὲνγὰρ
1547 3034 1677 3094 τοὺς
1707 3036 1765 3086 ἐν

193 3125 352 3190 σαρκὶ
383 3123 480 3175 καὶ
511 3121 660 3190 ψυχῇ
704 3121 817 3173 ἀνω
852 3121 948 3172 ἐπὶ
973 3119 1079 3188 γῆς
1107 3118 1337 3183 ζῶντας,
1372 3119 1461 3173 διὰ
1503 3121 1705 3192 σαρκὸς
1738 3125 1766 3174 ὁ

187 3213 416 3283 Χριστὸς
455 3214 553 3266 καὶ
607 3211 790 3280 ψυχῆς
860 3211 1226 3278 ἐπεσκέψατο,
1282 3211 1376 3263 καὶ
1427 3211 1623 3278 ἔσωσε,
1688 3213 1766 3283 τῷ

186 3306 352 3375 ὁμοίῳ
384 3307 448 3358 τὸ
476 3306 666 3373 ὅμοιον
693 3301 1102 3371 ἀνακαθαίρων,
1137 3302 1212 3362 ὼς
1240 3302 1542 3374 Γρηγόριός
1600 3320 1760 3371 φησι,

187 3403 292 3462 τοῖς
314 3402 536 3470 ὁρατοῖς
566 3397 634 3449 δι’
669 3394 874 3465 ὁρατῆς
909 3396 1126 3462 φύσεως
1171 3393 1372 3457 λαλῶν,
1431 3396 1527 3448 καὶ
1579 3397 1767 3465 ἐπιδη-

190 3491 301 3562 μῶν
328 3507 340 3520 ⁸
387 3490 571 3560 ψυχὰς
600 3489 658 3540 δὲ
691 3490 964 3556 σωμάτων
993 3485 1424 3555 ἀπηλλαγμένας
1450 3486 1538 3539 διὰ
1581 3487 1764 3558 ψυχῆς

186 3588 451 3660 ἀχράντου
476 3586 730 3657 σώματος
755 3581 1186 3655 ἀπηλλαγμένης
1222 3581 1587 3651 ἐπεσκέψατο.

253 3849 395 3903 Είδέ
431 3846 638 3917 ἀθελής
666 3846 813 3899 ἐστιν
868 3847 900 3914 ἡ
962 3843 1347 3913 πανάχραντος
1398 3842 1496 3896 τοῦ
1555 3843 1765 3914 Κυρίου

188 3942 347 4011 ψυχὴ,
381 3940 679 4010 πρόδηλον,
706 3940 787 3993 ὅτι
817 3938 1092 4000 ἀκουσίως
1130 3937 1290 4005 δίκην
1309 3935 1506 4004 ἀλόγου
1534 3936 1768 3990 ὑπετάτ-

188 4052 303 4087 τετο
327 4033 406 4104 τῷ
430 4031 555 4101 Θεῷ
594 4032 774 4100 Λόγῳ,
825 4031 902 4092 ὡς
971 4028 1347 4098 Ἀπολινάριος
1400 4029 1671 4100 ληρῳδεῖ·
1718 4029 1768 4081 εί

190 4125 380 4196 ἀθελὴς
408 4121 503 4196 ἦν,
527 4121 875 4192 εὖδηλον,ὃτι
896 4120 1058 4191 δίκην
1075 4121 1224 4184 τινὸς
1254 4121 1507 4192 ἀστέρος,
1547 4122 1580 4192 ἢ
1613 4120 1771 4191 νεφέ-

191 4214 280 4284 λης
322 4215 622 4283 ἀλογίστου
659 4213 754 4266 καὶ
791 4213 1116 4281 ἀδιανοήτω
1153 4213 1212 4264 ἐν
1257 4212 1337 4283 τῷ
1365 4212 1467 4284 ᾄδῃ
1506 4212 1769 4282 κατῆλθε,

191 4307 278 4358 καὶ
310 4306 416 4358 ὑπὸ
451 4304 556 4373 τῆς
583 4302 871 4372 Θεότητος,
915 4301 1109 4373 ὥσπερ
1155 4301 1363 4371 ἄψυχον
1417 4304 1648 4373 ὄργανον
1674 4305 1770 4358 καὶ

191 4399 400 4464 ἄλαλον,
455 4397 661 4459 ἐλάλει,
694 4397 789 4449 καὶ
819 4396 1111 4465 ἐκήρυττε,
1155 4395 1294 4465 μήτε
1321 4395 1480 4464 λόγον
1525 4397 1769 4451 ἐνδιάθε-

191 4507 273 4543 τον
293 4489 436 4544 κατά
458 4489 561 4559 τὴν
592 4486 782 4540 οὐσίαν
812 4486 924 4540 τῶν
949 4485 1141 4556 ψυχῶν
1168 4488 1395 4556 ἔχουσα,
1453 4489 1593 4558 μήτε
1643 4489 1770 4560 νόη-

192 4597 290 4644 σιν,
317 4583 459 4652 μήτε
486 4579 756 4642 διάνοιαν,
803 4581 944 4648 μήτε
993 4580 1400 4649 περιγρὰπτην,
1436 4579 1469 4650 ἢ
1504 4581 1771 4651 ἐκπορευ-

1861 2112 1950 2165 ille
1981 2112 2276 2179 Gregorius
2311 2114 2618 2175 confirmat,
2669 2114 2734 2164 de
2759 2110 2960 2164 Christi
2994 2113 3060 2164 ad
3103 2112 3302 2167 inferos
3335 2116 3443 2166 des-

1859 2219 2050 2265 censu,
2073 2204 2123 2256 in
2151 2204 2417 2257 Sermone
2440 2207 2504 2256 tle
2539 2215 2729 2257 saneto
2756 2203 3020 2258 Pasehate
3049 2207 3162 2258 hzec
3198 2206 3404 2259 habens
3431 2225 3442 2259 :

1866 2315 1884 2347 ι
1921 2297 1977 2348 Si
2011 2297 2061 2347 itt
2087 2309 2303 2349 crucem
2331 2297 2574 2348 ascendit
2601 2297 2874 2362 Christus,
2903 2298 3063 2351 simul
3097 2301 3364 2364 ascende;
3400 2300 3445 2351 si

1863 2387 1916 2441 in
1975 2386 2246 2440 infernum
2302 2388 2605 2453 descvnd’tt,
2638 2390 2911 2443 descende
2966 2389 3147 2444 simul.
3183 2389 3313 2455 Qua:
3342 2391 3449 2443 illic

1865 2479 2120 2548 mysteria
2155 2489 2285 2533 sunt
2331 2493 2638 2548 cognosce,
2689 2481 2960 2548 duplicem
3022 2483 3279 2534 nitnirnm
3325 2483 3451 2535 ties-

1863 2585 2122 2634 Censnm;
2184 2581 2362 2623 utrum
2419 2587 2609 2626 omnes
2659 2572 2777 2627 sine
2819 2573 2928 2627 ulla
2981 2576 3300 2642 exceptione
3356 2577 3451 2627 ad-

1866 2672 2029 2715 ventn
2063 2677 2164 2715 sno
2203 2665 2384 2716 salvos
2409 2662 2619 2730 fecerit,
2656 2679 2723 2718 an
2753 2674 2809 2720 et
2857 2666 2967 2720 illic
3008 2681 3101 2721 eos
3132 2667 3306 2720 solum
3359 2669 3448 2736 qui

1866 2755 2298 2808 crediderunt?’
2351 2754 2492 2811 Ecce
2529 2772 2633 2810 non
2676 2773 2866 2812 omnes
2917 2759 2993 2813 ait
3047 2759 3346 2830 Gregorius
3399 2764 3450 2815 in

1866 2846 2058 2901 inferis
2122 2849 2448 2901 exsistentes
2502 2850 2712 2906 animas
2765 2852 2944 2908 salvas
2999 2855 3195 2919 factas,
3220 2855 3312 2908 sed
3359 2871 3453 2910 cas

1868 2943 2238 3004 tantnm,qua:
2269 2939 2321 2990 in
2370 2939 2648 2993 Christum
2687 2943 2908 3010 propria
2968 2946 3235 2997 electione
3281 2949 3449 3000 credi-

1868 3027 2064 3080 derant
2122 3040 2284 3096 atque
2335 3030 2630 3086 \oluntate.
2682 3034 2968 3098 Quomodo
3039 3052 3166 3090 vero
3226 3037 3452 3090 credere

1868 3119 2165 3185 potuissent
2234 3121 2481 3174 rationali
2538 3126 2849 3188 voluntate,
2912 3137 3076 3194 atque
3131 3132 3451 3198 operatione

1868 3207 2181 3260 destitutae?
2213 3208 2470 3264 Homines
2519 3215 2719 3282 quippe
2779 3217 2866 3271 hic
2918 3233 3082 3286 super
3131 3229 3332 3275 terram
3397 3225 3449 3276 itt

1868 3309 2032 3351 carne
2073 3303 2364 3370 animaque
2415 3304 2659 3360 viventes
2710 3321 2809 3376 per
2851 3325 3070 3363 carnem
3109 3323 3164 3367 et
3207 3315 3448 3367 animam

1867 3389 2109 3442 visitavit
2164 3392 2439 3456 Christus,
2481 3399 2851 3468 servavitque,
2897 3403 3074 3456 simile
3129 3421 3222 3472 per
3275 3409 3453 3460 simile

1871 3494 2189 3550 repurgans,
2224 3494 2280 3538 ιιι
2323 3488 2440 3556 ipse
2468 3491 2644 3558 inquit
2671 3492 2989 3562 Gregorius,
3036 3497 3339 3554 visibilibns
3372 3502 3448 3555 vi-

1869 3573 2008 3626 sibili
2035 3574 2085 3627 in
2125 3591 2318 3631 natura
2367 3579 2604 3648 locutus,
2657 3599 2778 3637 cum
2820 3586 2994 3654 iisque
3022 3603 3378 3647 conversatus
3435 3613 3448 3649 :

1869 3659 2082 3715 animas
2108 3675 2290 3718 autem
2315 3666 2428 3735 jam
2467 3684 2496 3722 a
2526 3674 2850 3740 corporibus
2890 3675 3098 3732 alienas
3137 3694 3235 3749 per
3269 3683 3455 3738 imma-

1870 3751 2109 3806 culatam
2145 3757 2384 3811 animam
2421 3763 2668 3829 corporis
2694 3775 2974 3834 expertem
3019 3769 3281 3826 visitavit.

1942 3843 1998 3898 Si
2035 3844 2218 3915 itaque
2273 3851 2554 3908 volunlate
2612 3866 2763 3910 caret
2830 3858 3179 3917 immaculata
3243 3864 3452 3922 Domini

1869 3936 2072 4001 anima,
2119 3940 2370 4007 sequitur
2425 3943 2712 4001 manifeste
2744 3947 2912 4017 ipsam
2945 3957 3259 4009 necessario
3309 3959 3451 4013 irra-

1871 4025 2151 4081 tionaliunt
2216 4031 2391 4086 instar
2449 4033 2564 4087 Deo
2618 4035 2795 4091 Verbo
2849 4038 3018 4095 fuisse
3102 4045 3454 4116 subjectum,

1870 4121 2324 4185 quemadmodum
2388 4125 2571 4195 inepte
2653 4131 3094 4189 comminiscitur
3167 4137 3455 4207 Apollina-

1874 4212 1985 4267 rius
2020 4231 2034 4268 :
2071 4231 2371 4285 rursusque
2403 4219 2698 4276 voluntatis
2734 4239 2931 4294 expers
2959 4227 3003 4282 si
3039 4228 3133 4294 sit,
3161 4228 3275 4300 jam
3329 4249 3458 4288 con-

1871 4319 2106 4373 sequens
2162 4309 2339 4376 palam
2389 4320 2473 4366 est
2534 4314 2708 4382 ipsam
2794 4317 3128 4375 irrationalis
3196 4324 3397 4379 sideris
3440 4367 3456 4390 ,

1872 4397 1988 4451 sive
2021 4401 2177 4455 nubis
2211 4401 2277 4455 ad
2322 4403 2498 4457 instar
2523 4407 2590 4460 ad
2620 4407 2829 4463 inferna
2868 4411 3237 4482 descendisse,
3265 4427 3320 4471 et
3353 4420 3458 4476 sub

1873 4489 2163 4547 Divinitale
2204 4493 2369 4548 veluti
2423 4497 2805 4567 inanimatunt,
2839 4512 2894 4557 et
2919 4514 3128 4560 mutum
3165 4524 3456 4580 organum,

1871 4593 1994 4636 sese
2024 4585 2460 4647 sermonibus,et
2497 4590 2868 4656 przedicationi
2907 4597 3248 4665 praestitisse,
3282 4618 3456 4671 neque

188 4673 337 4744 τικὴν
366 4673 682 4744 ἐνέργειαν,
717 4669 813 4723 καὶ
841 4669 1075 4740 τοπικὴν
1106 4669 1460 4740 μετάστασιν.
1497 4671 1607 4724 Καὶ
1639 4672 1764 4743 ποίᾳ

1874 4671 2090 4728 interno
2136 4691 2412 4742 sermone,
2439 4680 2599 4734 sicuti
2632 4683 2827 4738 anima:
2871 4689 3125 4743 essentia:
3177 4669 3454 4762 convenit,

188 4764 368 4820 λοιπὸν
414 4763 679 4834 ἐνεργείᾳ
728 4760 827 4814 τοῦ
864 4760 1119 4830 σώματος
1176 4761 1475 4833 ἐχωρίσθη,
1542 4763 1765 4816 καταλι-

190 4857 360 4910 ποῦσα
389 4856 528 4909 αὐτὸ
555 4854 771 4926 νεκρὸν,
804 4854 899 4907 καὶ
927 4854 1156 4923 ἄψυχον,
1201 4854 1297 4907 καὶ
1336 4853 1616 4925 ἀκίνητον,
1670 4855 1766 4908 καὶ

190 4950 552 5020 ἀνενέργητον
580 4949 677 5010 τὰς
714 4945 826 4998 τῶν
871 4947 1051 5017 μελῶν
1082 4948 1348 5016 κινήσεις,
1385 4949 1480 5000 καὶ
1539 4949 1768 5019 ἐνεργη-

188 5045 342 5106 τικὰς
374 5041 613 5111 πράξεις
646 5039 876 5109 ἔχοντας
915 5040 1053 5111 Ποία
1079 5040 1330 5109 ἐνεργείᾳ
1358 5039 1652 5105 ἐξελθοῦσα
1702 5043 1769 5094 ἐκ

188 5135 277 5189 τοῦ
303 5134 693 5205 δεσμωτηρίου
735 5132 830 5184 τοῦ
883 5131 1011 5203 ᾅδου
1042 5131 1344 5201 ἐπανῆλθεν
1389 5133 1468 5193 είς
1523 5131 1585 5184 τὺ
1633 5133 1764 5186 ίδιον

191 5227 376 5296 σῶμα;
421 5228 485 5278 Ἡ
517 5227 627 5295 γὰρ
658 5225 779 5278 Θεία
808 5223 1058 5294 ἐνέργεια
1075 5223 1152 5286 ὡς
1171 5222 1585 5293 ἀπερίγραπτος
1604 5221 1761 5292 οὖσα,

190 5321 278 5370 καὶ
310 5320 382 5371 τὰ
431 5320 617 5372 πάντα
666 5316 972 5387 πληροῦσα,
1007 5313 1132 5369 οὔτε
1179 5317 1245 5368 ἐκ
1285 5315 1454 5368 τόπου
1485 5317 1565 5381 εἰς
1600 5318 1768 5371 τόπον

193 5412 505 5482 πορεύεται,
534 5409 662 5462 οὔτε
713 5410 898 5479 χώραν
944 5410 1009 5461 ἐκ
1042 5408 1226 5477 χώρας
1281 5407 1591 5478 ἀμείϐεται,
1641 5408 1766 5461 οὕτε

189 5505 502 5570 ἀφίσταται,
541 5501 638 5555 καὶ
688 5501 854 5552 πάλιν
892 5500 1138 5562 τοπικῶς
1189 5501 1578 5571 ἐπανέρχεται.
1612 5503 1674 5554 Εἰ
1711 5503 1766 5554 δὲ

190 5596 402 5666 seem,
424 5596 524 5648 καὶ
553 5593 920 5664 ἀνενέργητος
950 5590 1018 5662 ἦν
1056 5594 1115 5646 ἐν
1163 5593 1242 5664 τῷ
1296 5595 1400 5666 ᾅδῃ
1428 5596 1460 5663 ὴ
1508 5595 1766 5666 Κυριακὴ

189 5689 348 5759 ψυχὴ,
381 5691 606 5750 πάντως
662 5688 748 5740 ὅτι
801 5688 895 5739 καὶ
937 5686 1162 5755 ἀλογίαν
1220 5689 1315 5741 καὶ
1374 5688 1599 5754 ἄγνοιαν
1631 5687 1764 5758 εἶχε,

194 5781 282 5831 καὶ
309 5780 674 5852 εὑρεθήσεται
705 5778 1006 5846 τιμιωτέρα
1042 5777 1216 5847 αὐτῆς
1245 5779 1279 5848 ὴ
1322 5777 1473 5847 ψυχὴ
1516 5778 1609 5831 τοῦ
1662 5780 1768 5831 Σα-

197 5873 358 5943 μουὴλ
392 5872 699 5928 ἀνελθοῦσα
735 5873 800 5925 ἐκ
827 5871 921 5926 τοῦ
956 5870 1085 5937 ᾅδου
1128 5870 1219 5925 διά
1274 5890 1399 5926 τινα
1429 5873 1762 5943 οἰκονομίαν,

1872 4781 2050 4833 neque
2107 4768 2489 4838 intelligentia,
2548 4789 2728 4842 neque
2774 4779 3106 4847 cogitatione
3156 4785 3452 4856 donatam;

1866 4859 2311 4929 circumscripta,
2339 4866 2768 4936 proccdcntique
2818 4874 3160 4942 cpe-ratione,
3196 4889 3251 4933 et
3298 4880 3454 4937 locali

1870 4952 2243 5008 translationis
2295 4955 2551 5012 facultate
2597 4962 2935 5017 destitutam.
2996 4965 3265 5024 Caeterum
3319 4988 3456 5040 qua-

1868 5059 1992 5097 nam
2018 5048 2236 5102 actione
2284 5064 2314 5102 a
2364 5064 2594 5118 corpore
2633 5067 2886 5123 separata
2942 5068 3047 5123 est,
3081 5061 3256 5130 ipsum
3311 5083 3454 5122 mor-

1872 5146 2044 5202 tumn,
2086 5141 2445 5196 inanimatmn
2498 5153 2554 5198 et
2609 5145 2887 5202 immobile
2949 5151 3285 5221 relinquens,
3338 5159 3453 5226 ipsa

1872 5231 2141 5298 privatam
2166 5233 2328 5285 etiam
2363 5244 2543 5289 motus
2575 5239 2943 5293 membrorum
2972 5242 3254 5309 facultate,
3287 5251 3452 5306 mini-

1873 5337 2068 5391 meque
2097 5325 2360 5392 operativi
2395 5337 2550 5382 actus
2581 5329 2782 5383 virtute
2814 5332 3165 5391 roboratam?
3204 5339 3452 5404 Quanam

1872 5413 2090 5466 actione
2133 5427 2197 5467 ex
2237 5414 2432 5468 inferni
2468 5419 2786 5474 carceribus
2828 5438 3045 5490 egressa
3090 5429 3140 5480 in
3171 5433 3450 5498 proprium

1869 5519 2067 5574 corpus
2108 5507 2306 5560 rediit?
2341 5508 2531 5562 Divina
2558 5512 2756 5580 quippe
2777 5519 3018 5583 Operatio
3046 5520 3454 5580 incircumscri-

1871 5607 1958 5665 pta
1986 5613 2109 5652 cum
2130 5600 2225 5664 sit,
2255 5601 2551 5670 omniaque
2589 5606 2894 5674 complens,
2922 5625 3028 5664 non
3060 5613 3125 5667 (ie
3160 5613 3279 5669 loco
3319 5635 3449 5685 prn-

1869 5691 2015 5744 cedit
2046 5691 2111 5743 ad
2139 5692 2338 5756 locum,
2371 5708 2546 5761 neque
2568 5695 2633 5749 de
2663 5699 2885 5754 civitate
2918 5702 2972 5756 in
2996 5705 3277 5760 civitatem
3318 5726 3445 5778 per-

1871 5783 2099 5846 transit;
2161 5798 2266 5837 non
2325 5785 2554 5850 recedit,
2607 5803 2793 5844 rursus
2817 5791 3067 5848 localiter
3127 5798 3446 5854 adventura.

1869 5870 2060 5942 ltaqne
2083 5874 2128 5929 si
2163 5875 2481 5940 voluntatis,
2509 5879 2553 5933 si
2590 5884 2930 5947 operationis
2970 5901 3169 5957 expers
3215 5891 3267 5944 in
3305 5892 3451 5946 infe-
