4190 6438
754 400 890 465 i175
1952 412 2013 469 S.
2055 411 2343 471 ANASTA

2446 414 2454 471 l
2495 408 2831 470 SlNAITA-I
3890 413 4038 478 ιιτσ

755 516 830 568 ris
861 514 1139 569 Dominica
1183 515 1364 570 anima
1412 516 1536 582 fuit,
1562 518 1817 586 quoniam
1849 525 2082 588 ratione,
2133 524 2337 580 intelle-

2446 528 2534 579 καὶ
2564 523 2859 596 λαλήσασα
2891 521 2970 592 τῷ
3015 523 3208 588 Σαοὺλ,
3240 526 3336 579 καὶ
3367 525 3707 595 προειποῦσα
3742 525 3900 596 αὐτῷ
3938 528 4038 580 τὸν

754 608 1045 674 etioneque
1091 607 1317 660 omnino
1347 608 1755 674 destitueretur,
1804 612 2017 680 dignior
2068 614 2180 682 ipsa
2210 630 2331 670 esse

2446 619 2624 690 ιῦριον
2659 617 2918 678 Θάνατον,
2955 615 3048 668 καὶ
3078 617 3266 677 αὑτοῦ,
3299 617 3394 670 καὶ
3440 618 3549 670 τῶν
3576 620 3786 671 τέκνων
3819 620 3998 672 αὑτοῦ
4019 635 4034 650 ’

746 698 1077 764 judicabitur
1105 697 1373 753 Samuelis
1398 701 1602 766 anima,
1624 715 1690 756 ex
1715 703 1906 760 inferis
1936 705 2064 759 olim
2087 721 2183 774 per
2206 707 2323 761 dis-

2446 715 2576 780 5περ
2601 713 2818 782 δαίμων
2862 708 2987 762 οὔτε
3020 707 3342 776 ἐγίνωσκεν,
3380 709 3506 762 οὔτε
3561 714 3850 782 προειπεῖν
3895 710 4034 780 ἡδύ-

749 790 1124 856 pensationem
1191 804 1464 860 regressa,
1493 801 1658 861 atque
1690 809 1812 850 cum
1873 797 2002 852 Saul
2037 798 2329 864 collocuta,

2446 819 2585 868 νατο,
2616 804 2719 856 κᾶν
2745 816 2898 862 τινες
2920 799 3065 852 οὓτω
3098 797 3434 867 νομίζουσιν.

748 886 960 956 ipsique
982 890 1033 943 in
1061 891 1303 946 crastino
1333 892 1575 947 futurum
1602 891 1878 946 interitum
1947 894 2340 960 praenuntiatus,
2371 901 2484 947 tum
2541 896 2650 957 sui,
2707 905 2819 948 tum
2865 894 3141 962 liliorum;
3186 898 3327 967 quod
3373 911 3507 951 sane
3559 894 3792 953 daemon,
3850 908 4036 960 neque

749 997 1108 1049 praenoscere,
1136 999 1314 1053 neque
1353 984 1650 1054 praedicere
1685 983 1969 1052 potuisset,
1996 998 2309 1052 quanquam
2344 985 2590 1038 nonnulli
2647 985 2780 1050 sint,
2827 982 3033 1053 quibus
3091 985 3208 1039 haec
3267 987 3437 1051 magis
3481 989 3669 1054 opinio
3726 988 4029 1054 placuerit.

817 1074 1132 1143 Opportune
1166 1086 1350 1131 autem
1403 1077 1493 1131 hic
1548 1087 1758 1140 tempus
1812 1077 2028 1139 invitat,
2085 1087 2146 1131 ut
2199 1092 2323 1131 eam

749 1168 1032 1222 Athanasii
1068 1173 1392 1224 sententiam
1429 1171 1482 1222 in
1526 1170 1764 1224 medium
1803 1168 2172 1238 proferamus,
2205 1187 2329 1240 qum

748 1259 817 1313 de
849 1260 1049 1314 intacta
1087 1261 1364 1316 Dominica
1397 1264 1578 1316 anima
1609 1261 1690 1316 sie
1739 1261 1904 1314 habet
1941 1279 1956 1314 :
1993 1278 2013 1313 ι
2055 1259 2174 1315 Jam
2201 1278 2332 1318 vero

753 1367 862 1405 non
899 1353 950 1404 in
983 1353 1220 1418 saeculis,
1251 1362 1305 1406 et
1339 1369 1484 1407 nunc
1527 1353 1758 1406 actionis
1808 1363 2082 1420 expertes,
2110 1355 2330 1407 otiosa:-

748 1459 854 1512 que
880 1454 1004 1496 sunt
1037 1445 1204 1497 divini
1254 1445 1417 1500 Verbi
1453 1446 1836 1512 cogitationes,
1879 1462 2052 1513 neque
2092 1446 2192 1512 ipsi
2236 1459 2330 1514 per

752 1534 1088 1604 hypostasim
1116 1535 1436 1602 conjunctm,
1488 1539 1681 1592 anima:
1728 1537 2008 1590 rationalis
2047 1555 2063 1591 :
2119 1537 2329 1592 consti—

753 1634 909 1676 tuere
933 1640 1168 1692 namque
1193 1627 1336 1694 quod
1377 1629 1637 1681 volitione
1665 1631 2092 1696 operationeque
2122 1637 2331 1694 careat,

752 1714 895 1768 idem
953 1724 1058 1779 est,
1117 1727 1281 1784 atque
1347 1719 1518 1787 ipsius
1577 1720 2054 1774 nou-existeuliam
2096 1736 2334 1789 prorum-

751 1809 910 1861 tiare.
952 1827 972 1860 ι
1009 1810 1274 1873 Audistis,
1307 1813 1398 1878 qui
1428 1813 1697 1880 desipitis,
1737 1812 2095 1880 rationeque,
2159 1821 2324 1880 atque

749 1913 915 1965 opere
946 1899 1332 1964 destituimini,
1365 1903 1821 1968 quemadmodum
1844 1903 2005 1964 nolle,
2039 1914 2212 1970 neque
2237 1904 2333 1954 de-

752 1991 988 2045 liberare
1011 1993 1434 2047 intellectualem
1466 1993 1803 2049 Dominicam
1841 1996 2101 2059 animam,
2132 1994 2333 2048 entita-

752 2083 857 2146 tis,
914 2083 1030 2137 sive
1083 2084 1338 2139 essentia:
1388 2084 1505 2153 ejus
1562 2085 2110 2141 non-subsistentiam
2186 2084 2331 2138 desi-

749 2174 918 2242 gnetl?

824 2261 1032 2328 Itaque,
1083 2275 1207 2317 cum
1261 2260 1346 2316 vel
1403 2262 1680 2316 laudatum
1717 2273 1970 2318 sanctum
2017 2264 2332 2328 Doetorem,

756 2352 838 2406 vel
870 2354 1038 2406 alium
1066 2355 1378 2421 quempiam
1408 2369 1472 2408 ex
1508 2355 1765 2410 l’atribus
1799 2359 2038 2412 audieris
2072 2359 2333 2421 aienteui,

755 2444 1061 2498 occultasse
1113 2447 1388 2500 Christum
1423 2448 1696 2500 carnalem
1740 2447 2090 2511 voluntatem,
2143 2449 2337 2503 imma-

757 2549 965 2602 nasqne
999 2551 1103 2587 non
1140 2535 1529 2603 adimplevisse
1563 2536 1869 2599 volitiones,
1917 2537 2337 2607 substitisseque

754 2627 872 2677 sine
901 2627 1155 2680 humanis
1216 2627 1660 2695 cogitationibus,
1701 2629 2124 2697 earualibusque
2159 2631 2338 2685 volun-

758 2717 992 2779 tatibus,
1015 2717 1421 2785 humanamque
1442 2719 1758 2786 repudiasse
1775 2723 2172 2788 operationem,
2202 2739 2338 2776 non-

757 2808 862 2862 nisi
895 2808 994 2862 hoc.
1029 2820 1177 2862 recte
1228 2811 1536 2879 intelligito,
1567 2825 1672 2863 non
1708 2825 1855 2875 eam,
1887 2826 2007 2879 qua:
2035 2812 2102 2865 ad
2149 2813 2339 2883 imagi-

757 2915 879 2954 nem
925 2910 980 2955 et
1029 2901 1440 2956 similitudinem
1471 2905 1589 2971 ejus
1640 2912 1724 2957 est
1767 2905 2126 2967 voluntatem,
2177 2915 2340 2974 atque

756 2995 1131 3061 operationem
1166 2994 1549 3049 intellectualis
1577 2999 1792 3056 aniuue,
1827 3011 1948 3064 qua:
1976 3012 2040 3051 ex
2078 2997 2341 3052 immacu-

759 3085 871 3138 lato
900 3094 956 3138 et
994 3084 1316 3151 incorporeo
1361 3083 1478 3151 ejus
1510 3099 1605 3140 ore
1643 3084 1929 3152 processit,
1961 3084 2046 3138 vel
2082 3085 2341 3137 dissimu-

2486 1079 2771 1152 ,Εὕκαιρον
2811 1080 2869 1133 δὲ
2917 1078 3121 1148 καιροῦ
3175 1080 3470 1142 καλοῦντος
3519 1080 3742 1149 ἐκείνην
3793 1080 3900 1146 τὴν
3931 1077 4032 1130 τοῦ

2433 1172 2711 1240 μακαρίου
2775 1172 3106 1226 Ἀθανασίου
3152 1174 3495 1241 προαγαγεῖν
3531 1172 3716 1241 φωνὴν
3758 1171 3860 1239 τὴν
3896 1170 4034 1237 περὶ

2429 1264 2531 1332 τῆς
2565 1265 2844 1335 ἀχράντου
2874 1266 3054 1336 ψυχῆς
3097 1264 3196 1318 τοῦ
3244 1264 3454 1334 Κυρίου
3483 1265 3748 1332 λέγουσαν
3795 1263 3983 1324 οῦτως
4014 1278 4029 1291 ·

2437 1375 2455 1408 ι
2494 1355 2638 1409 Ἀλλ’
2666 1356 2792 1410 οὔτε
2827 1359 2934 1429 μὴν
2985 1360 3157 1412 είσέτι
3205 1358 3300 1410 καὶ
3344 1355 3439 1409 νῦν
3478 1356 3753 1426 άπρακτοί
3805 1371 3869 1406 τε
3929 1355 4030 1406 καὶ

2436 1452 2605 1523 ἀργαί
2633 1453 2774 1504 εἰσιν
2796 1454 2850 1504 at
2878 1451 2972 1504 τοῦ
3017 1452 3166 1505 θείου
3220 1451 3403 1516 Λόγου
3464 1451 3700 1518 νοήσεις,
3741 1447 3867 1500 οὔτε
3924 1446 4031 1513 τῆς

2438 1545 2562 1596 καθ’
2591 1545 2890 1595 ὑπόστασιν
2910 1542 3059 1611 αύτῷ
3100 1543 3385 1612 ἡνωμένης
3414 1539 3590 1608 ψυχῆς
3617 1540 3840 1608 λογικῆς
3862 1554 3878 1568 ·
3909 1535 4028 1598 εἴγε

2439 1638 2501 1690 τὸ
2537 1637 2613 1706 μὴ
2677 1637 2854 1689 θέλειν
2895 1636 3091 1706 αὐτὴν,
3147 1638 3284 1704 μήτε
3331 1632 3618 1704 βούλεσθαι
3677 1630 4029 1699 άνυπαρξίαν

2441 1730 2548 1781 ἀπε
2562 1730 2668 1798 ιλῇ.
2720 1746 2739 1778 ι
2787 1728 3112 1789 Ἠκούσατε,
3135 1731 3184 1779 οἱ
3205 1729 3375 1788 ὅντως
3409 1725 3620 1790 ἄλογοι,
3655 1723 3748 1775 καὶ
3782 1723 4027 1792 ἀνενέρ-

2433 1838 2616 1887 γητοι,
2665 1821 2750 1872 ὅτι
2782 1819 2845 1870 τὸ
2881 1818 2955 1887 μὴ
2987 1818 3187 1882 θέλειν,
3246 1817 3383 1886 μηδέ
3421 1813 3716 1884 βούλεσθαι
3757 1811 3861 1881 τὴν
3909 1826 4026 1862 νοε-

2437 1911 2539 1980 ράν
2594 1909 2690 1962 τοῦ
2750 1908 2962 1980 Κυρίου
3017 1906 3220 1977 ψυχὴν,
3276 1903 3626 1974 άνυπαρξίαν
3683 1901 3784 1970 τῆς
3831 1898 4024 1959 οὐσίας

2433 2002 2589 2069 δηλοῖ
2611 2017 2625 2065 ;

2506 2264 2741 2320 Οὐκοῦν,
2766 2263 2857 2316 ὅτε
2887 2259 3130 2329 ἀκούσῃς
3169 2258 3266 2311 τοῦ
3301 2256 3468 2311 αὑτοῦ
3513 2255 3665 2310 ὁσίου
3703 2252 3948 2325 Πατρδς,
3984 2252 4018 2320 ἢ

2437 2359 2627 2428 ἑτέρου
2657 2355 2803 2418 τινὸς
2831 2355 2942 2406 τῶν
2974 2353 3236 2422 Ιιατέρων
3267 2350 3540 2419 λέγοντος,
3571 2350 3652 2402 ὃτι
3703 2349 3973 2416 ἠφάνισεν
3995 2346 4022 2396 ὁ

2438 2451 2670 2521 Χριστὸς
2695 2450 2756 2501 τὸ
2784 2446 3049 2517 σαρκικὸν
3078 2445 3315 2513 θέλημα,
3351 2442 3448 2494 καὶ
3493 2442 3633 2510 κατή
3645 2455 3813 2509 ργησε
3836 2437 3906 2489 τά
3928 2437 4021 2490 ἀν-

2439 2542 2687 2612 θρώπινα
2722 2538 3026 2607 θελήματα,
3074 2535 3169 2588 καὶ
3191 2534 3276 2586 ὅτι
3325 2531 3494 2602 χωρὶς
3523 2528 3884 2598 ἀνθρωπίνων
3932 2523 4022 2576 λοο

2439 2632 2676 2702 γισμῶν,
2704 2630 2801 2683 καὶ
2837 2626 3116 2698 σαρκικῶν
3161 2621 3485 2692 θελημάτων
3521 2620 3756 2686 ὑπῆρχε,
3800 2614 3896 2667 καὶ
3939 2613 4022 2665 ὅτι

2441 2726 2798 2796 παρῃτήσατο
2819 2723 2916 2790 τὴν
2940 2716 3210 2788 σαρκικὴν
3233 2716 3536 2784 ἐνέργειαν,
3559 2709 3728 2776 γνῶθι
3751 2704 4021 2796 ἀκριϐῶς,

2439 2819 2523 2871 ὃτι
2559 2817 2618 2868 οὺ
2655 2815 2753 2883 τὴν
2801 2813 2923 2866 κατ’
2956 2811 3166 2874 εἰκόνα,
3211 2807 3306 2862 καὶ⁵
3358 2805 3480 2858 καθ’
3533 2801 3798 2871 ὁμοίωσιν
3852 2794 4022 2849 αὑτοῦ

2443 2909 2662 2980 θέλησίν
2699 2925 2760 2960 τε
2796 2907 2888 2959 καὶ
2927 2904 3216 2971 ἐνέργειαν
3268 2899 3368 2968 τῆς
3398 2897 3591 2965 νοερᾶς
3611 2892 3790 2961 ψυχῆς
3813 2892 3914 2957 τῆς
3958 2889 4022 2980 ἐκ

2441 3003 2534 3057 τοῦ
2566 3001 2835 3070 ἀχράντου
2887 2997 2980 3050 καὶ
3013 2993 3311 3062 ἀσωμάτου
3344 2987 3513 3041 αὐτοῦ
3535 2987 3803 3054 στόματος
3827 2979 4023 3051 προελ-

2443 3094 2640 3161 θούσης
2662 3091 2952 3159 ὴφάνισεν,
2990 3087 3022 3156 ἢ
3055 3083 3362 3155 ἐξήλειψεν,
3393 3081 3425 3152 ἢ
3455 3079 3811 3146 κατήρτησεν
3835 3087 3851 3102 ·
3899 3070 4023 3124 ἐπεὶ

759 3177 918 3241 lasse,
953 3176 1036 3229 vel
1067 3190 1385 3241 recusasse;
1416 3176 1676 3245 quoniam
1732 3188 1858 3230 time
1901 3175 2234 3242 improbans,
2285 3184 2342 3230 et

2446 3186 2804 3257 εὑρεθήσεται
2835 3182 2904 3234 τὰ
2930 3182 3021 3233 ὑπ’
3046 3176 3217 3232 αὐτοῦ
3257 3173 3611 3243 γεννηθέντα,
3648 3167 3821 3232 καὶέξ
3856 3163 4023 3218 αὐτοῦ

763 3269 1034 3336 rejieiens,
1057 3278 1112 3322 et
1145 3277 1204 3322 ut
1245 3269 1385 3322 mala
1412 3270 1804 3334 eondemnans,
1844 3277 1898 3322 et
1927 3270 1993 3322 ab
2019 3269 2342 3321 rectitudine

762 3365 982 3418 dissona
1018 3364 1230 3430 sibique
1255 3364 1482 3417 adversa
1507 3365 1840 3433 reperiretur
1871 3379 1932 3416 ea
1962 3379 2080 3429 quae
2109 3363 2179 3414 ab
2203 3362 2344 3430 ipso-

762 3463 874 3507 met
905 3453 1046 3507 facta
1087 3453 1318 3506 fuissent
1345 3469 1358 3504 :
1393 3455 1748 3521 quamobrem
1781 3452 2050 3520 reliquum
2088 3461 2259 3514 esset,
2287 3459 2346 3504 ut

725 3580 730 3589 .
765 3546 815 3597 in
851 3544 1027 3614 ipsum
1053 3544 1273 3612 querela
1301 3553 1626 3605 verteretur,
1661 3546 1804 3610 quod
1840 3543 2040 3595 malam
2094 3542 2344 3595 volunta-

763 3646 896 3698 tem,
928 3635 1412 3703 operationemque
1441 3647 1546 3686 una
1578 3647 1699 3685 enm
1737 3633 1918 3684 anima
1962 3633 2294 3686 condidisset
2327 3650 2340 3685 :

762 3728 902 3795 quod
931 3727 1070 3780 absit
1124 3735 1181 3777 ut
1214 3739 1450 3792 unquam
1483 3739 1604 3778 esse
1636 3723 1870 3779 dicatur.
1903 3723 2034 3776 Eam
2070 3738 2200 3789 ergo
2231 3724 2346 3776 dia-

765 3820 994 3874 bolieam
1043 3818 1313 3872 recusavit
1341 3816 1699 3880 voluntatem,
1727 3817 1842 3869 sive
1873 3815 2181 3868 Satanicam
2214 3830 2346 3883 ope-

765 3912 1028 3966 rationem
1076 3911 1376 3978 repudiavit
1423 3909 1695 3973 Christus,
1745 3923 1908 3976 quam
1965 3922 2106 3974 saepe
2149 3907 2345 3960 divina:

766 4002 985 4056 Litterze
1015 3999 1288 4054 carnalem
1314 4000 1608 4068 appellant,
1653 4009 1986 4065 sanetusque
2031 3997 2346 4065 Apostolus,

771 4108 836 4146 ac
873 4092 1017 4146 beati
1050 4089 1246 4144 Patres
1280 4105 1346 4144 ex
1375 4091 1643 4157 serpentis
1673 4104 1767 4143 ore
1819 4092 1871 4142 in
1905 4089 2178 4142 hominem
2205 4087 2348 4142 deri-

766 4193 948 4234 vatam
985 4195 1130 4244 esse,
1166 4181 1216 4233 in
1254 4196 1427 4249 eoque
1465 4179 1801 4235 inhabitasse
1838 4181 2194 4243 denuntiant;
2242 4193 2348 4232 non

767 4283 947 4329 autem
1001 4288 1143 4338 eam,
1177 4288 1299 4342 quae
1353 4274 1418 4328 ad
1465 4273 1780 4342 imaginem,
1836 4283 1890 4326 et
1940 4272 2349 4326 similitudinem

771 4365 862 4419 Dei
889 4375 995 4428 est,
1035 4367 1428 4434 Operationem,
1470 4374 1632 4433 atque
1669 4365 2026 4428 voluntatem,
2059 4378 2125 4418 ex
2169 4365 2352 4417 divino

769 4472 865 4511 ore
913 4457 1068 4510 nobis
1119 4456 1473 4525 inspiratam;
1525 4457 1640 4509 haec
1678 4456 1824 4508 enim
1879 4454 2039 4509 unica
2069 4464 2210 4508 esta
2241 4452 2351 4507 Deo

2445 3277 2779 3347 προελθόντα
2819 3271 3129 3334 καταλύων,
3177 3270 3272 3320 καὶ
3324 3266 3624 3333 ἀφανίζων,
3656 3261 3751 3312 καὶ
3787 3256 4024 3325 ἀνατρέ·

2447 3387 2586 3428 πων,
2615 3368 2692 3428 ῶς
2723 3364 2957 3433 πονηρά,
2989 3362 3083 3414 καὶ
3127 3359 3460 3428 ἀσύμφωνα,
3511 3356 3604 3406 καὶ
3637 3351 3887 3404 ἁντίδικα
3930 3347 4027 3399 αύ-

2445 3460 2539 3514 τοῦ
2571 3476 2582 3487 ·
2617 3457 2806 3510 λοιπὸν
2831 3455 2889 3507 δὲ
2917 3453 3010 3506 καὶ
3043 3453 3122 3514 είς
3149 3449 3314 3502 αὐτὸν
3340 3449 3374 3517 ὴ
3401 3446 3552 3500 αἰτία
3595 3443 3693 3495 καὶ
3724 3444 3756 3510 ἡ
3818 3438 4027 3508 μέμψις

2447 3553 2766 3623 ἀνατρέχει,
2791 3549 2865 3611 ὼς
2889 3545 3134 3616 πονηρὰν
3161 3542 3383 3612 θέλησίν
3416 3557 3478 3592 τε
3499 3539 3594 3590 καὶ
3614 3536 3900 3606 ἐνέργειαν
3931 3531 4028 3583 σὺν

2445 3649 2511 3716 τῇ
2545 3647 2694 3714 ψυχῇ
2722 3641 3232 3711 δημιουργήσαντα.
3283 3635 3428 3688 Ἀλλ’
3479 3635 3578 3701 οὐχ
3608 3630 3750 3683 οὓτω
3779 3645 3793 3660 .
3831 3626 3906 3696 μὴ
3936 3625 4026 3692 γέ,

2448 3754 2625 3790 νοιτοο
2660 3734 2859 3787 οὐκοῦν
2887 3731 2949 3784 τὸ
2975 3729 3286 3783 διαϐολικὸν
3309 3727 3544 3794 Θέλημα,
3583 3723 3676 3776 καὶ
3715 3719 3817 3790 τὴν
3853 3719 4029 3770 Eata-

2447 3831 2604 3897 νικὴν
2638 3828 2923 3896 ἐνέργειαν
2953 3821 3208 3894 ἐξήλειψε
3263 3821 3359 3873 καὶ⁵
3387 3821 3655 3886 ἠφάνισεν
3693 3816 3722 3866 ὁ
3767 3809 4027 3880 Χριστὸς,

2449 3923 2517 3993 ἢν
2546 3920 2811 3981 πολλάκις
2844 3917 3117 3988 σαρκικὴν
3140 3911 3450 3982 ὀνομάζειή
3485 3909 3606 3961 θεία
3632 3905 3846 3976 Γραφὴ,
3885 3902 3982 3953 καὶ
4003 3903 4029 3951 ό

2450 4015 2594 4076 θεῖος
2637 4009 2989 4071 Ἀπόστολος,
3021 4006 3116 4060 καὶ
3151 4007 3202 4059 οἱ
3232 4004 3493 4073 μακάριοι
3529 3999 3792 4066 Πατέρες,
3832 3993 3935 4063 τὴν
3969 3993 4030 4043 ἐκ

2451 4105 2545 4158 τοῦ
2572 4102 2844 4171 στόματος
2861 4099 2955 4154 τοῦ
2979 4099 3157 4168 ὄφεως
3181 4095 3259 4165 τῷ
3281 4092 3556 4165 ἀνθρώπῳ
3577 4087 4029 4142 είσοικισθεῖσαν.

2450 4198 2511 4249 ού
2541 4195 2640 4265 τὴν
2671 4193 2792 4248 κατ’
2820 4192 3006 4245 εἰκόνα
3039 4191 3135 4243 καὶ
3179 4185 3444 4256 ὁμοίωσιν
3473 4182 3608 4236 Θεοῦ
3654 4180 3880 4245 θέλησιν
3931 4174 4027 4265 καὶ

2453 4262 2758 4355 ἐνέργειαν,
2791 4281 2890 4351 τὴν
2909 4281 2973 4332 ἐκ
2996 4277 3091 4331 τοῦ
3125 4276 3395 4344 στόματος
3436 4270 3531 4324 τοῦ
3585 4266 3721 4320 Θεοῦ
3754 4265 3890 4355 ἡμῖν
3932 4262 4032 4355 ἑμ-

2455 4349 2814 4428 πνευσθεῖσαν
2842 4349 2859 4404 λ
2895 4368 3041 4435 αῦτη
3071 4367 3180 4436 γὰρ
3198 4366 3291 4419 καὶ
3313 4363 3450 4432 μόνη
3491 4362 3523 4429 ή
3553 4356 3833 4416 Θεόσδοτος
3867 4349 4029 4420 ήμῶν

2457 4462 2674 4530 θέλησις
2706 4460 2799 4512 καὶ
2823 4455 3076 4527 ἐνέργειά
3094 4456 3243 4506 ἐστιν
3265 4451 3437 4514 αίτία,
3459 4449 3554 4502 καὶ
3601 4445 3824 4516 ἐργάτις
3854 4439 4033 4505 πάσης

774 4549 977 4602 tributa
1034 4549 1193 4602 nobis
1229 4549 1499 4614 voluntas,
1558 4558 1723 4616 atque
1767 4548 2034 4616 operatio,
2083 4547 2343 4600 universa

2459 4553 2557 4620 τῆς
2607 4548 2883 4618 σωτηρίας
2934 4545 3116 4616 ἡμῶν.
3172 4541 3454 4610 Θελήματι
3506 4539 3615 4607 γὰρ
3664 4531 3901 4600 ἑκουσίῳ
3938 4530 4032 4620 τῆς

772 4642 966 4696 salutis
1001 4652 1206 4696 nostra:
1252 4657 1416 4696 caiisa
1469 4650 1522 4694 et
1551 4641 1818 4694 eﬂectrix.
1865 4638 2175 4708 Spontanea
2206 4640 2349 4694 enim

774 4735 968 4787 anima:
1031 4735 1307 4788 voluntate
1355 4735 1407 4787 in
1460 4732 1628 4786 Deum
1697 4732 2001 4796 credimus;
2057 4741 2353 4800 spontanea

775 4824 1054 4878 voluntate
1088 4823 1454 4894 virginitatem
1479 4837 1794 4886 servamus;
1832 4835 2128 4890 Spontanea
2162 4822 2354 4876 volun-

779 4929 888 4972 tate
921 4917 1122 4981 studia,
1154 4918 1540 4979 humilitatem,
1585 4915 1908 4970 charitatem
1943 4927 2107 4982 opere
2134 4929 2356 4968 exerce-

781 5026 901 5064 mus
935 5028 948 5063 :
986 5009 1263 5063 voluntate
1300 5008 1572 5076 diligimus
1603 5007 1951 5075 proximum;
1993 5015 2156 5073 utque
2209 5019 2356 5058 sum-

779 5103 966 5153 matim
996 5103 1194 5163 dicam,
1227 5098 1536 5169 spirituales
1564 5113 1754 5152 (nones
1776 5098 2077 5164 divinmque
2100 5095 2356 5157 visiones,

783 5193 1194 5256 illustrationes,
1235 5192 1622 5254 revelationes,
1665 5199 1831 5259 atque
1871 5191 2147 5260 profectus
2185 5190 2236 5242 in
2276 5188 2361 5242 in-

788 5284 1078 5338 tellectuali
1111 5295 1292 5336 nostra
1330 5282 1500 5336 animi
1526 5281 1826 5344 voluntate,
1853 5291 2016 5348 atque
2045 5279 2360 5348 operatione

784 5397 810 5429 η
848 5377 957 5432 Deo
992 5376 1348 5447 perﬁciuntur
1383 5376 1435 5429 in
1465 5373 1642 5438 nobis,
1672 5383 1728 5428 et
1758 5383 2076 5443 operantur,
2109 5383 2165 5427 et
2203 5386 2361 5426 acce-

785 5473 937 5526 dunt.

857 5565 934 5616 Ac
971 5576 1279 5632 quanquam
1315 5563 1379 5614 de
1415 5562 1515 5614 huc
1545 5575 1575 5614 a
1622 5559 1798 5623 nobis,
1833 5557 2017 5627 paucis
2051 5555 2105 5610 in
2157 5569 2359 5624 praace-

788 5655 1038 5708 dentibus
1069 5653 1271 5706 dictmn
1313 5653 1406 5720 sit,
1437 5667 1579 5707 nune
1614 5651 1810 5705 iterum
1857 5649 2168 5716 expressius
2212 5649 2361 5702 diee-

793 5762 950 5799 mus:
991 5747 1097 5799 duo
1131 5745 1364 5812 denique
1393 5758 1515 5798 esse
1569 5753 1864 5813 pra-cepta,
1918 5739 2070 5807 juxta
2123 5736 2358 5801 Domini,

795 5839 1140 5908 Apostolique
1158 5837 1508 5903 sententiam,
1531 5837 1580 5890 in
1604 5837 1801 5905 quibus
1825 5834 2358 5902 universaprmcepta

2456 4619 2635 4710 ψβχῆς
2672 4640 2754 4702 εἰς
2792 4637 2929 4690 Θεὸν
2977 4631 3420 4688 ἐπιστεύσαμεν·
3475 4628 3748 4696 Θελήματι
3799 4619 4034 4684 ἑκουσίῳ

2459 4731 2763 4802 παρθενίαν
2813 4726 3147 4799 ἑνεργοῦμεν
3171 4740 3186 4755 ο
3231 4723 3504 4792 θελήματι
3534 4718 3769 4784 ἑκουσίῳ
3804 4710 4034 4780 ἀσκησίν

2456 4845 2517 4879 τε
2552 4826 2645 4880 καὶ
2694 4823 3023 4895 χαμευνίαν,
3063 4821 3158 4873 καὶ
3202 4819 3428 4888 ἀγάπην
3473 4814 3792 4883 πράττομεν
3827 4823 3842 4837 ·
3877 4802 4034 4870 θελή-

2462 4936 2593 4989 ματι
2626 4917 2721 4970 τὸν
2761 4915 2994 4985 πλησίον
3040 4910 3346 4980 ἀγαπῶμεν
3376 4924 3391 4938 ⁸
3429 4907 3548 4968 καὶ,
3579 4905 3728 4964 ὅπως
3757 4896 4033 4989 συντόμως

2461 5011 2620 5067 εἴπω,
2655 5009 2831 5059 πᾶσαι
2861 5006 2920 5058 αἱ
2943 5001 3321 5072 πνευματικαὶ
3358 4999 3454 5053 καὶ
3487 4998 3630 5050 θεῖαι
3667 4993 3916 5063 ὁράσεις,
3944 4984 4034 5039 καὶ

2463 5098 2786 5166 ἐλλάμψεις,
2835 5096 2932 5149 καὶ
2965 5092 3363 5161 ἀποκαλύψεις,
3396 5090 3492 5142 καὶ
3532 5084 3814 5156 προκοπαὶ
3867 5081 3926 5134 ἐν
3973 5079 4032 5146 τῇ

2463 5193 2627 5261 νοερᾷ
2651 5190 2806 5259 ήμῶν
2861 5188 3081 5258 θελήσει
3102 5188 3196 5240 καὶ
3227 5182 3482 5254 ἐνεργείᾳ⁴
3516 5179 3618 5248 τῆς
3662 5176 3848 5247 ψυχῆς
3894 5176 4036 5240 ἔνερο

2464 5285 2687 5354 γοῦνται
2721 5283 2829 5336 ὑπὸ
2863 5281 2997 5334 Θεοῦ
3048 5282 3107 5332 ἐν
3140 5281 3297 5349 ἡμῖν,
3347 5275 3443 5329 καὶ
3495 5268 3904 5336 ἐπιτελοῦνται,
3948 5264 4038 5317 καὶ

2465 5379 2854 5448 προσγίνονται
2884 5377 3037 5444 ἡμῖν.

2535 5553 2648 5608 Καὶ
2673 5554 2890 5621 εἴρηται
2921 5550 3020 5619 μὲν
3051 5549 3183 5617 ἡμῖν
3215 5547 3344 5614 περὶ
3370 5543 3563 5596 τούτου
3596 5539 3686 5592 διὸ.
3713 5536 3962 5608 βραχέων
3987 5534 4037 5584 ὲν

2463 5649 2576 5709 τοῖς
2611 5642 2944 5713 ἔμπροσθεν,
2973 5642 3068 5694 καὶ
3090 5638 3187 5691 νῦν
3217 5637 3273 5690 δὲ
3305 5637 3470 5689 πάλιν
3503 5629 3863 5699 πλατυτέρως
3893 5624 4036 5696 ἐροῦ-

2469 5757 2587 5808 μεν.
2650 5735 2754 5788 Δύο
2791 5734 2970 5788 τοίνυν
3027 5729 3249 5793 ἐντολάς
3302 5744 3466 5799 φησιν
3519 5727 3548 5778 ὁ
3597 5725 3830 5794 Κύριος,
3887 5719 4035 5774 καὶὸ

2480 5828 2820 5894 ’Λπὸστολος,
2854 5827 2913 5882 έν
2945 5819 3030 5889 αἷς
3054 5823 3392 5895 περιέχεται,
3425 5821 3518 5875 καὶ
3541 5819 3860 5872 ουνδὲδεται
3895 5816 4029 5870 πᾶσα
