  <div class='ocr_page' id='page_1' title='image "/cluster/home/n/w/nwhite01/storage/ocr_20150623/89/nnc1.0046980172/614.png"; bbox 0 0 4190 6438; ppageno 0'>
   <div class='ocr_carea' id='block_1_1' title="bbox 181 401 322 464">
    <p class='ocr_par' dir='ltr' id='par_1_1' title="bbox 181 401 322 464">
     <span class='ocr_line' id='line_1_1' title="bbox 181 401 322 464; baseline 0 0"><span class='ocrx_word' id='word_1_1' title='bbox 181 401 322 464; x_wconf 75' lang='grc'><strong>11⁸77</strong></span> 
     </span>
    </p>
   </div>
   <div class='ocr_carea' id='block_1_2' title="bbox 1694 413 1973 476">
    <p class='ocr_par' dir='ltr' id='par_1_2' title="bbox 1694 413 1973 476">
     <span class='ocr_line' id='line_1_2' title="bbox 1694 413 1973 476; baseline 0.014 -6"><span class='ocrx_word' id='word_1_2' title='bbox 1694 413 1973 476; x_wconf 82' lang='lat' dir='ltr'><strong>SERMO.</strong></span> 
     </span>
    </p>
   </div>
   <div class='ocr_carea' id='block_1_3' title="bbox 3312 419 3450 486">
    <p class='ocr_par' dir='ltr' id='par_1_3' title="bbox 3312 419 3450 486">
     <span class='ocr_line' id='line_1_3' title="bbox 3312 419 3450 486; baseline 0.022 -3"><span class='ocrx_word' id='word_1_3' title='bbox 3312 419 3450 486; x_wconf 86' lang='lat'><strong>1178</strong></span> 
     </span>
    </p>
   </div>
   <div class='ocr_carea' id='block_1_4' title="bbox 174 518 1755 604">
    <p class='ocr_par' dir='ltr' id='par_1_4' title="bbox 174 518 1755 594">
     <span class='ocr_line' id='line_1_4' title="bbox 174 518 1755 594; baseline 0.004 -24"><span class='ocrx_word' id='word_1_4' title='bbox 174 518 375 589; x_wconf 68' lang='grc' dir='ltr'>ἐντολὴ</span> <span class='ocrx_word' id='word_1_5' title='bbox 427 520 525 571; x_wconf 75' lang='grc' dir='ltr'><strong>καὶ</strong></span> <span class='ocrx_word' id='word_1_6' title='bbox 551 519 724 590; x_wconf 80' lang='grc' dir='ltr'>ἁρετὴ</span> <span class='ocrx_word' id='word_1_7' title='bbox 775 519 1028 574; x_wconf 83' lang='grc' dir='ltr'>τουτέστι</span> <span class='ocrx_word' id='word_1_8' title='bbox 1058 521 1120 574; x_wconf 80' lang='grc' dir='ltr'>τὸ</span> <span class='ocrx_word' id='word_1_9' title='bbox 1142 561 1156 587; x_wconf 93' lang='grc'><strong>,</strong></span> <span class='ocrx_word' id='word_1_10' title='bbox 1197 540 1216 573; x_wconf 82' lang='grc' dir='ltr'>ι</span> <span class='ocrx_word' id='word_1_11' title='bbox 1271 523 1611 594; x_wconf 80' lang='grc' dir='ltr'><strong>Ἀγαπήσεις</strong></span> <span class='ocrx_word' id='word_1_12' title='bbox 1644 525 1755 576; x_wconf 87' lang='grc' dir='ltr'>Κύ-</span> 
     </span>
    </p>
   </div>
   <div class='ocr_carea' id='block_1_5' title="bbox 1858 518 3446 604">
    <p class='ocr_par' dir='ltr' id='par_1_5' title="bbox 1866 532 3446 604">
     <span class='ocr_line' id='line_1_5' title="bbox 1866 532 3446 604; baseline 0.005 -22"><span class='ocrx_word' id='word_1_13' title='bbox 1866 532 2205 597; x_wconf 88' lang='lat' dir='ltr'><strong>virtutesque</strong></span> <span class='ocrx_word' id='word_1_14' title='bbox 2250 533 2622 596; x_wconf 89' lang='lat' dir='ltr'><strong>continentur,</strong></span> <span class='ocrx_word' id='word_1_15' title='bbox 2662 542 2826 604; x_wconf 87' lang='lat' dir='ltr'><strong>atque</strong></span> <span class='ocrx_word' id='word_1_16' title='bbox 2861 534 3213 604; x_wconf 81' lang='lat' dir='ltr'><strong>colliguntur,</strong></span> <span class='ocrx_word' id='word_1_17' title='bbox 3251 536 3446 590; x_wconf 83' lang='lat' dir='ltr'><strong>videli-</strong></span> 
     </span>
    </p>
   </div>
   <div class='ocr_carea' id='block_1_6' title="bbox 176 611 1763 684">
    <p class='ocr_par' dir='ltr' id='par_1_6' title="bbox 176 611 1763 684">
     <span class='ocr_line' id='line_1_6' title="bbox 176 611 1763 684; baseline 0.006 -24"><span class='ocrx_word' id='word_1_18' title='bbox 176 625 302 680; x_wconf 84' lang='grc' dir='ltr'>ριον</span> <span class='ocrx_word' id='word_1_19' title='bbox 323 611 418 661; x_wconf 81' lang='grc' dir='ltr'><strong>τὸν</strong></span> <span class='ocrx_word' id='word_1_20' title='bbox 446 611 582 662; x_wconf 84' lang='grc' dir='ltr'>Θεὸν</span> <span class='ocrx_word' id='word_1_21' title='bbox 628 628 719 662; x_wconf 89' lang='grc' dir='ltr'><strong>σου</strong></span> <span class='ocrx_word' id='word_1_22' title='bbox 761 612 821 677; x_wconf 78' lang='grc' dir='ltr'>ἐξ</span> <span class='ocrx_word' id='word_1_23' title='bbox 862 612 988 682; x_wconf 78' lang='grc' dir='ltr'>ὅλης</span> <span class='ocrx_word' id='word_1_24' title='bbox 1021 615 1120 682; x_wconf 83' lang='grc' dir='ltr'><strong>τῆς</strong></span> <span class='ocrx_word' id='word_1_25' title='bbox 1153 613 1385 682; x_wconf 81' lang='grc' dir='ltr'><strong>καρδίας</strong></span> <span class='ocrx_word' id='word_1_26' title='bbox 1416 632 1535 678; x_wconf 85' lang='grc' dir='ltr'>σου,</span> <span class='ocrx_word' id='word_1_27' title='bbox 1569 616 1665 668; x_wconf 77' lang='grc' dir='ltr'>καὶ</span> <span class='ocrx_word' id='word_1_28' title='bbox 1704 618 1763 684; x_wconf 75' lang='grc' dir='ltr'>ἐξ</span> 
     </span>
    </p>
   </div>
   <div class='ocr_carea' id='block_1_7' title="bbox 174 703 1763 775">
    <p class='ocr_par' dir='ltr' id='par_1_7' title="bbox 174 703 1763 775">
     <span class='ocr_line' id='line_1_7' title="bbox 174 703 1763 775; baseline 0.003 -21"><span class='ocrx_word' id='word_1_29' title='bbox 174 704 312 770; x_wconf 79' lang='grc' dir='ltr'>ὅλης</span> <span class='ocrx_word' id='word_1_30' title='bbox 337 704 436 771; x_wconf 86' lang='grc' dir='ltr'><strong>τῆς</strong></span> <span class='ocrx_word' id='word_1_31' title='bbox 467 703 646 772; x_wconf 70' lang='grc' dir='ltr'>ψυχῆς</span> <span class='ocrx_word' id='word_1_32' title='bbox 673 721 788 767; x_wconf 90' lang='grc' dir='ltr'>σου,</span> <span class='ocrx_word' id='word_1_33' title='bbox 825 704 922 755; x_wconf 79' lang='grc' dir='ltr'><strong>καὶ</strong></span> <span class='ocrx_word' id='word_1_34' title='bbox 949 705 1263 772; x_wconf 77' lang='grc' dir='ltr'><strong>ἀγαπήσεις</strong></span> <span class='ocrx_word' id='word_1_35' title='bbox 1293 705 1385 756; x_wconf 84' lang='grc' dir='ltr'>τὸν</span> <span class='ocrx_word' id='word_1_36' title='bbox 1416 706 1647 775; x_wconf 85' lang='grc' dir='ltr'>πλησίον</span> <span class='ocrx_word' id='word_1_37' title='bbox 1671 724 1763 760; x_wconf 89' lang='grc' dir='ltr'><strong>σου</strong></span> 
     </span>
    </p>
   </div>
   <div class='ocr_carea' id='block_1_8' title="bbox 173 791 1763 868">
    <p class='ocr_par' dir='ltr' id='par_1_8' title="bbox 173 791 1763 868">
     <span class='ocr_line' id='line_1_8' title="bbox 173 791 1763 868; baseline 0.003 -22"><span class='ocrx_word' id='word_1_38' title='bbox 173 797 253 857; x_wconf 85' lang='grc' dir='ltr'>ὠς</span> <span class='ocrx_word' id='word_1_39' title='bbox 284 796 486 848; x_wconf 88' lang='grc' dir='ltr'>ἐαυτόν</span> <span class='ocrx_word' id='word_1_40' title='bbox 507 811 520 825; x_wconf 90' lang='grc'><strong>·</strong></span> <span class='ocrx_word' id='word_1_41' title='bbox 561 813 580 846; x_wconf 74' lang='grc' dir='ltr'>ι</span> <span class='ocrx_word' id='word_1_42' title='bbox 620 796 716 847; x_wconf 79' lang='grc' dir='ltr'>καὶ</span> <span class='ocrx_word' id='word_1_43' title='bbox 758 797 815 847; x_wconf 81' lang='grc' dir='ltr'><strong>αἱ</strong></span> <span class='ocrx_word' id='word_1_44' title='bbox 848 796 944 849; x_wconf 81' lang='grc' dir='ltr'><strong>δύο</strong></span> <span class='ocrx_word' id='word_1_45' title='bbox 970 791 1132 850; x_wconf 74' lang='grc' dir='ltr'>αὗται</span> <span class='ocrx_word' id='word_1_46' title='bbox 1161 797 1376 849; x_wconf 78' lang='grc' dir='ltr'>ἐντολαὶ</span> <span class='ocrx_word' id='word_1_47' title='bbox 1415 800 1558 851; x_wconf 77' lang='grc' dir='ltr'>κατὰ</span> <span class='ocrx_word' id='word_1_48' title='bbox 1587 798 1763 868; x_wconf 72' lang='grc' dir='ltr'>ψυχὴν</span> 
     </span>
    </p>
   </div>
   <div class='ocr_carea' id='block_1_9' title="bbox 171 884 1764 959">
    <p class='ocr_par' dir='ltr' id='par_1_9' title="bbox 171 884 1764 959">
     <span class='ocr_line' id='line_1_9' title="bbox 171 884 1764 959; baseline 0.004 -23"><span class='ocrx_word' id='word_1_49' title='bbox 171 886 460 952; x_wconf 82' lang='grc' dir='ltr'>λέγονται,</span> <span class='ocrx_word' id='word_1_50' title='bbox 501 884 600 937; x_wconf 79' lang='grc' dir='ltr'>καὶ</span> <span class='ocrx_word' id='word_1_51' title='bbox 641 886 1014 954; x_wconf 85' lang='grc' dir='ltr'>ἐνεργοῦνται.</span> <span class='ocrx_word' id='word_1_52' title='bbox 1059 887 1274 956; x_wconf 86' lang='grc' dir='ltr'>Ἀγάπη</span> <span class='ocrx_word' id='word_1_53' title='bbox 1312 889 1419 959; x_wconf 89' lang='grc' dir='ltr'><strong>γάρ</strong></span> <span class='ocrx_word' id='word_1_54' title='bbox 1469 891 1638 953; x_wconf 85' lang='grc' dir='ltr'>ἐστιν,</span> <span class='ocrx_word' id='word_1_55' title='bbox 1689 889 1764 954; x_wconf 78' lang='grc' dir='ltr'>ὥς</span> 
     </span>
    </p>
   </div>
   <div class='ocr_carea' id='block_1_10' title="bbox 171 975 1763 1050">
    <p class='ocr_par' dir='ltr' id='par_1_10' title="bbox 171 975 1763 1050">
     <span class='ocr_line' id='line_1_10' title="bbox 171 975 1763 1050; baseline 0.002 -22"><span class='ocrx_word' id='word_1_56' title='bbox 171 994 316 1045; x_wconf 78' lang='grc' dir='ltr'>φησι</span> <span class='ocrx_word' id='word_1_57' title='bbox 358 975 660 1041; x_wconf 88' lang='grc' dir='ltr'>Διονύσιος,</span> <span class='ocrx_word' id='word_1_58' title='bbox 694 979 931 1047; x_wconf 81' lang='grc' dir='ltr'><strong>ἑνωτικὴ</strong></span> <span class='ocrx_word' id='word_1_59' title='bbox 991 979 1084 1030; x_wconf 77' lang='grc' dir='ltr'><strong>καὶ</strong></span> <span class='ocrx_word' id='word_1_60' title='bbox 1125 980 1430 1050; x_wconf 82' lang='grc' dir='ltr'>συναπτικὴ</span> <span class='ocrx_word' id='word_1_61' title='bbox 1455 980 1556 1048; x_wconf 88' lang='grc' dir='ltr'><strong>τῆς</strong></span> <span class='ocrx_word' id='word_1_62' title='bbox 1586 981 1763 1050; x_wconf 79' lang='grc' dir='ltr'>ψυχῆς</span> 
     </span>
    </p>
   </div>
   <div class='ocr_carea' id='block_1_11' title="bbox 169 1070 1765 1142">
    <p class='ocr_par' dir='ltr' id='par_1_11' title="bbox 169 1070 1765 1142">
     <span class='ocr_line' id='line_1_11' title="bbox 169 1070 1765 1142; baseline 0.003 -21"><span class='ocrx_word' id='word_1_63' title='bbox 169 1071 427 1133; x_wconf 85' lang='grc' dir='ltr'>διάθεσις</span> <span class='ocrx_word' id='word_1_64' title='bbox 452 1072 591 1141; x_wconf 88' lang='grc' dir='ltr'>πρὸς</span> <span class='ocrx_word' id='word_1_65' title='bbox 633 1072 694 1123; x_wconf 77' lang='grc' dir='ltr'>τὸ</span> <span class='ocrx_word' id='word_1_66' title='bbox 723 1070 1090 1141; x_wconf 83' lang='grc' dir='ltr'>ποθούμενον.</span> <span class='ocrx_word' id='word_1_67' title='bbox 1131 1071 1404 1133; x_wconf 78' lang='grc' dir='ltr'><strong>Ὡσαύτως</strong></span> <span class='ocrx_word' id='word_1_68' title='bbox 1451 1075 1546 1125; x_wconf 76' lang='grc' dir='ltr'><strong>καὶ</strong></span> <span class='ocrx_word' id='word_1_69' title='bbox 1577 1076 1626 1124; x_wconf 87' lang='grc' dir='ltr'><strong>οί</strong></span> <span class='ocrx_word' id='word_1_70' title='bbox 1666 1091 1765 1142; x_wconf 89' lang='grc' dir='ltr'>μα-</span> 
     </span>
    </p>
   </div>
   <div class='ocr_carea' id='block_1_12' title="bbox 171 1162 1763 1234">
    <p class='ocr_par' dir='ltr' id='par_1_12' title="bbox 171 1162 1763 1234">
     <span class='ocr_line' id='line_1_12' title="bbox 171 1162 1763 1234; baseline 0.003 -20"><span class='ocrx_word' id='word_1_71' title='bbox 171 1164 449 1232; x_wconf 73' lang='grc' dir='ltr'>καρισμοὶ</span> <span class='ocrx_word' id='word_1_72' title='bbox 495 1162 591 1215; x_wconf 89' lang='grc' dir='ltr'>τοῦ</span> <span class='ocrx_word' id='word_1_73' title='bbox 621 1164 852 1234; x_wconf 81' lang='grc' dir='ltr'><strong>Κυρίου,</strong></span> <span class='ocrx_word' id='word_1_74' title='bbox 889 1163 1031 1215; x_wconf 80' lang='grc' dir='ltr'>κατὰ</span> <span class='ocrx_word' id='word_1_75' title='bbox 1051 1162 1149 1232; x_wconf 85' lang='grc' dir='ltr'>τὴν</span> <span class='ocrx_word' id='word_1_76' title='bbox 1208 1165 1401 1232; x_wconf 76' lang='grc' dir='ltr'>νοερὰν</span> <span class='ocrx_word' id='word_1_77' title='bbox 1444 1164 1661 1233; x_wconf 80' lang='grc' dir='ltr'>θέλησίν</span> <span class='ocrx_word' id='word_1_78' title='bbox 1703 1183 1763 1218; x_wconf 91' lang='grc' dir='ltr'>τε</span> 
     </span>
    </p>
   </div>
   <div class='ocr_carea' id='block_1_13' title="bbox 169 1254 1765 1326">
    <p class='ocr_par' dir='ltr' id='par_1_13' title="bbox 169 1254 1765 1326">
     <span class='ocr_line' id='line_1_13' title="bbox 169 1254 1765 1326; baseline 0.002 -20"><span class='ocrx_word' id='word_1_79' title='bbox 169 1258 269 1308; x_wconf 76' lang='grc' dir='ltr'><strong>καὶ</strong></span> <span class='ocrx_word' id='word_1_80' title='bbox 287 1257 582 1325; x_wconf 76' lang='grc' dir='ltr'><strong>ἐνέργειαν</strong></span> <span class='ocrx_word' id='word_1_81' title='bbox 606 1255 706 1325; x_wconf 83' lang='grc' dir='ltr'><strong>τῆς</strong></span> <span class='ocrx_word' id='word_1_82' title='bbox 727 1256 907 1326; x_wconf 81' lang='grc' dir='ltr'>ψυχῆς</span> <span class='ocrx_word' id='word_1_83' title='bbox 934 1254 1330 1309; x_wconf 76' lang='grc' dir='ltr'><strong>ἐπιτελοῦνται·</strong></span> <span class='ocrx_word' id='word_1_84' title='bbox 1355 1256 1416 1307; x_wconf 88' lang='grc' dir='ltr'>τὸ</span> <span class='ocrx_word' id='word_1_85' title='bbox 1444 1255 1573 1323; x_wconf 73' lang='grc' dir='ltr'>γὰρ,</span> <span class='ocrx_word' id='word_1_86' title='bbox 1596 1276 1614 1307; x_wconf 78' lang='grc' dir='ltr'><strong>ι</strong></span> <span class='ocrx_word' id='word_1_87' title='bbox 1644 1258 1765 1310; x_wconf 70' lang='lat' dir='ltr'><strong>Ma-</strong></span> 
     </span>
    </p>
   </div>
   <div class='ocr_carea' id='block_1_14' title="bbox 169 1349 1764 1419">
    <p class='ocr_par' dir='ltr' id='par_1_14' title="bbox 169 1349 1764 1419">
     <span class='ocr_line' id='line_1_14' title="bbox 169 1349 1764 1419; baseline 0.003 -21"><span class='ocrx_word' id='word_1_88' title='bbox 169 1349 365 1416; x_wconf 81' lang='grc' dir='ltr'>κάριοι</span> <span class='ocrx_word' id='word_1_89' title='bbox 401 1349 451 1399; x_wconf 83' lang='grc' dir='ltr'><strong>οἱ</strong></span> <span class='ocrx_word' id='word_1_90' title='bbox 483 1350 690 1416; x_wconf 75' lang='grc' dir='ltr'>πτωχοὶ</span> <span class='ocrx_word' id='word_1_91' title='bbox 723 1350 801 1417; x_wconf 84' lang='grc' dir='ltr'><strong>τῷ</strong></span> <span class='ocrx_word' id='word_1_92' title='bbox 833 1349 1128 1416; x_wconf 84' lang='grc' dir='ltr'>πνεύματι,</span> <span class='ocrx_word' id='word_1_93' title='bbox 1155 1350 1402 1418; x_wconf 54' lang='grc' dir='ltr'><strong>»ψυχικῇ</strong></span> <span class='ocrx_word' id='word_1_94' title='bbox 1426 1352 1596 1419; x_wconf 84' lang='grc' dir='ltr'>ἀρετῇ</span> <span class='ocrx_word' id='word_1_95' title='bbox 1631 1351 1764 1403; x_wconf 91' lang='grc' dir='ltr'>καθ-</span> 
     </span>
    </p>
   </div>
   <div class='ocr_carea' id='block_1_15' title="bbox 168 1439 1757 1510">
    <p class='ocr_par' dir='ltr' id='par_1_15' title="bbox 168 1439 1757 1510">
     <span class='ocr_line' id='line_1_15' title="bbox 168 1439 1757 1510; baseline 0.002 -19"><span class='ocrx_word' id='word_1_96' title='bbox 168 1439 440 1508; x_wconf 70' lang='grc' dir='ltr'>έστηκεν·</span> <span class='ocrx_word' id='word_1_97' title='bbox 468 1440 670 1508; x_wconf 75' lang='grc' dir='ltr'>ὁμοίιος</span> <span class='ocrx_word' id='word_1_98' title='bbox 691 1441 886 1504; x_wconf 78' lang='grc' dir='ltr'>καὶτὸ,</span> <span class='ocrx_word' id='word_1_99' title='bbox 920 1459 938 1491; x_wconf 74' lang='grc' dir='ltr'>ι</span> <span class='ocrx_word' id='word_1_100' title='bbox 974 1442 1252 1510; x_wconf 82' lang='grc' dir='ltr'>Μακάριοι</span> <span class='ocrx_word' id='word_1_101' title='bbox 1280 1445 1328 1494; x_wconf 85' lang='grc' dir='ltr'><strong>οἱ</strong></span> <span class='ocrx_word' id='word_1_102' title='bbox 1353 1442 1702 1505; x_wconf 81' lang='grc' dir='ltr'><strong>πενθοῦντες,</strong></span> <span class='ocrx_word' id='word_1_103' title='bbox 1737 1461 1757 1494; x_wconf 71' lang='grc' dir='ltr'>ι</span> 
     </span>
    </p>
   </div>
   <div class='ocr_carea' id='block_1_16' title="bbox 167 1530 1762 1603">
    <p class='ocr_par' dir='ltr' id='par_1_16' title="bbox 167 1530 1762 1603">
     <span class='ocr_line' id='line_1_16' title="bbox 167 1530 1762 1603; baseline 0.001 -22"><span class='ocrx_word' id='word_1_104' title='bbox 167 1531 235 1581; x_wconf 82' lang='grc' dir='ltr'><strong>ἐκ</strong></span> <span class='ocrx_word' id='word_1_105' title='bbox 287 1530 536 1598; x_wconf 68' lang='grc' dir='ltr'>ψυχικῆς</span> <span class='ocrx_word' id='word_1_106' title='bbox 574 1531 1098 1603; x_wconf 89' lang='grc' dir='ltr'>συνανθρωπότητος</span> <span class='ocrx_word' id='word_1_107' title='bbox 1152 1531 1245 1583; x_wconf 77' lang='grc' dir='ltr'>καὶ</span> <span class='ocrx_word' id='word_1_108' title='bbox 1288 1531 1561 1602; x_wconf 83' lang='grc' dir='ltr'>θελήσεως</span> <span class='ocrx_word' id='word_1_109' title='bbox 1607 1534 1762 1600; x_wconf 74' lang='grc' dir='ltr'>ἐνερο</span> 
     </span>
    </p>
   </div>
   <div class='ocr_carea' id='block_1_17' title="bbox 165 1621 1758 1692">
    <p class='ocr_par' dir='ltr' id='par_1_17' title="bbox 165 1621 1758 1692">
     <span class='ocr_line' id='line_1_17' title="bbox 165 1621 1758 1692; baseline 0.002 -20"><span class='ocrx_word' id='word_1_110' title='bbox 165 1623 376 1688; x_wconf 87' lang='grc' dir='ltr'>γεῖται·</span> <span class='ocrx_word' id='word_1_111' title='bbox 399 1621 548 1674; x_wconf 81' lang='grc' dir='ltr'>καθά</span> <span class='ocrx_word' id='word_1_112' title='bbox 578 1623 672 1674; x_wconf 70' lang='grc' dir='ltr'>καὶ</span> <span class='ocrx_word' id='word_1_113' title='bbox 688 1623 770 1686; x_wconf 84' lang='grc' dir='ltr'><strong>τὸ,</strong></span> <span class='ocrx_word' id='word_1_114' title='bbox 807 1640 824 1672; x_wconf 79' lang='grc' dir='ltr'>ι</span> <span class='ocrx_word' id='word_1_115' title='bbox 853 1623 1128 1691; x_wconf 75' lang='grc' dir='ltr'><strong>Μακάριοι</strong></span> <span class='ocrx_word' id='word_1_116' title='bbox 1180 1625 1228 1675; x_wconf 88' lang='grc' dir='ltr'>οί</span> <span class='ocrx_word' id='word_1_117' title='bbox 1259 1626 1476 1692; x_wconf 81' lang='grc' dir='ltr'>πραεῖς,</span> <span class='ocrx_word' id='word_1_118' title='bbox 1502 1642 1520 1674; x_wconf 75' lang='grc' dir='ltr'>ι</span> <span class='ocrx_word' id='word_1_119' title='bbox 1550 1624 1644 1677; x_wconf 81' lang='grc' dir='ltr'><strong>καὶ</strong></span> <span class='ocrx_word' id='word_1_120' title='bbox 1677 1623 1758 1688; x_wconf 83' lang='grc' dir='ltr'>τὸ,</span> 
     </span>
    </p>
   </div>
   <div class='ocr_carea' id='block_1_18' title="bbox 171 1713 1763 1786">
    <p class='ocr_par' dir='ltr' id='par_1_18' title="bbox 171 1713 1763 1786">
     <span class='ocr_line' id='line_1_18' title="bbox 171 1713 1763 1786; baseline 0.003 -22"><span class='ocrx_word' id='word_1_121' title='bbox 171 1732 190 1764; x_wconf 78' lang='grc' dir='ltr'>ι</span> <span class='ocrx_word' id='word_1_122' title='bbox 232 1713 521 1784; x_wconf 85' lang='grc' dir='ltr'>Μακάριοι</span> <span class='ocrx_word' id='word_1_123' title='bbox 573 1714 625 1766; x_wconf 87' lang='grc' dir='ltr'><strong>οἱ</strong></span> <span class='ocrx_word' id='word_1_124' title='bbox 656 1715 891 1784; x_wconf 80' lang='grc' dir='ltr'>καθαροὶ</span> <span class='ocrx_word' id='word_1_125' title='bbox 923 1719 988 1785; x_wconf 82' lang='grc' dir='ltr'><strong>τῇ</strong></span> <span class='ocrx_word' id='word_1_126' title='bbox 1021 1716 1244 1786; x_wconf 70' lang='grc' dir='ltr'>καρδίᾳ,</span> <span class='ocrx_word' id='word_1_127' title='bbox 1285 1735 1303 1767; x_wconf 73' lang='grc' dir='ltr'>ι</span> <span class='ocrx_word' id='word_1_128' title='bbox 1342 1717 1549 1781; x_wconf 81' lang='grc' dir='ltr'>καὶτὸ,</span> <span class='ocrx_word' id='word_1_129' title='bbox 1589 1736 1608 1768; x_wconf 82' lang='grc' dir='ltr'>ι</span> <span class='ocrx_word' id='word_1_130' title='bbox 1642 1719 1763 1771; x_wconf 83' lang='grc' dir='ltr'><strong>Μα-</strong></span> 
     </span>
    </p>
   </div>
   <div class='ocr_carea' id='block_1_19' title="bbox 165 1807 1758 1877">
    <p class='ocr_par' dir='ltr' id='par_1_19' title="bbox 165 1807 1758 1877">
     <span class='ocr_line' id='line_1_19' title="bbox 165 1807 1758 1877; baseline 0.001 -19"><span class='ocrx_word' id='word_1_131' title='bbox 165 1808 360 1875; x_wconf 86' lang='grc' dir='ltr'>κάριοι</span> <span class='ocrx_word' id='word_1_132' title='bbox 379 1809 428 1859; x_wconf 90' lang='grc' dir='ltr'><strong>οί</strong></span> <span class='ocrx_word' id='word_1_133' title='bbox 452 1809 811 1877; x_wconf 88' lang='grc' dir='ltr'>εἰρηνοποιοί.</span> <span class='ocrx_word' id='word_1_134' title='bbox 845 1827 863 1858; x_wconf 74' lang='grc' dir='ltr'>ι</span> <span class='ocrx_word' id='word_1_135' title='bbox 888 1809 964 1861; x_wconf 84' lang='grc' dir='ltr'><strong>υὺ</strong></span> <span class='ocrx_word' id='word_1_136' title='bbox 994 1810 1155 1877; x_wconf 88' lang='grc' dir='ltr'>μόνον</span> <span class='ocrx_word' id='word_1_137' title='bbox 1171 1808 1250 1869; x_wconf 85' lang='grc' dir='ltr'><strong>δέ,</strong></span> <span class='ocrx_word' id='word_1_138' title='bbox 1278 1807 1416 1860; x_wconf 83' lang='grc' dir='ltr'>ἀλλά</span> <span class='ocrx_word' id='word_1_139' title='bbox 1442 1808 1536 1861; x_wconf 75' lang='grc' dir='ltr'>καὶ</span> <span class='ocrx_word' id='word_1_140' title='bbox 1554 1809 1758 1873; x_wconf 80' lang='grc' dir='ltr'>πίστις,</span> 
     </span>
    </p>
   </div>
   <div class='ocr_carea' id='block_1_20' title="bbox 1867 622 3434 692">
    <p class='ocr_par' dir='ltr' id='par_1_20' title="bbox 1867 622 3434 692">
     <span class='ocr_line' id='line_1_20' title="bbox 1867 622 3434 692; baseline 0.003 -15"><span class='ocrx_word' id='word_1_141' title='bbox 1867 632 1974 687; x_wconf 90' lang='lat' dir='ltr'><strong>cet,</strong></span> <span class='ocrx_word' id='word_1_142' title='bbox 2015 640 2033 673; x_wconf 80' lang='grc' dir='ltr'>ι</span> <span class='ocrx_word' id='word_1_143' title='bbox 2069 622 2269 692; x_wconf 77' lang='lat' dir='ltr'><strong>Diliges</strong></span> <span class='ocrx_word' id='word_1_144' title='bbox 2302 622 2588 676; x_wconf 88' lang='lat' dir='ltr'><strong>Dominum</strong></span> <span class='ocrx_word' id='word_1_145' title='bbox 2627 624 2792 678; x_wconf 92' lang='lat' dir='ltr'><strong>Deum</strong></span> <span class='ocrx_word' id='word_1_146' title='bbox 2849 634 3000 679; x_wconf 91' lang='lat' dir='ltr'><strong>tuum</strong></span> <span class='ocrx_word' id='word_1_147' title='bbox 3032 642 3098 681; x_wconf 79' lang='lat' dir='ltr'><strong>ex</strong></span> <span class='ocrx_word' id='word_1_148' title='bbox 3127 637 3239 681; x_wconf 92' lang='lat' dir='ltr'><strong>toto</strong></span> <span class='ocrx_word' id='word_1_149' title='bbox 3269 629 3434 682; x_wconf 91' lang='lat' dir='ltr'><strong>corde</strong></span> 
     </span>
    </p>
   </div>
   <div class='ocr_carea' id='block_1_21' title="bbox 1867 716 3441 787">
    <p class='ocr_par' dir='ltr' id='par_1_21' title="bbox 1867 716 3441 787">
     <span class='ocr_line' id='line_1_21' title="bbox 1867 716 3441 787; baseline 0.004 -20"><span class='ocrx_word' id='word_1_150' title='bbox 1867 722 1978 777; x_wconf 90' lang='lat' dir='ltr'><strong>tuo,</strong></span> <span class='ocrx_word' id='word_1_151' title='bbox 2009 723 2144 768; x_wconf 80' lang='lat' dir='ltr'><strong>etex</strong></span> <span class='ocrx_word' id='word_1_152' title='bbox 2167 723 2277 767; x_wconf 92' lang='lat' dir='ltr'><strong>tota</strong></span> <span class='ocrx_word' id='word_1_153' title='bbox 2308 716 2489 768; x_wconf 89' lang='lat' dir='ltr'><strong>anima</strong></span> <span class='ocrx_word' id='word_1_154' title='bbox 2510 727 2620 777; x_wconf 90' lang='lat' dir='ltr'><strong>tua,</strong></span> <span class='ocrx_word' id='word_1_155' title='bbox 2641 726 2694 770; x_wconf 92' lang='lat' dir='ltr'><strong>et</strong></span> <span class='ocrx_word' id='word_1_156' title='bbox 2723 718 2912 785; x_wconf 77' lang='lat' dir='ltr'><strong>diliges</strong></span> <span class='ocrx_word' id='word_1_157' title='bbox 2937 720 3245 787; x_wconf 77' lang='lat' dir='ltr'><strong>proximum</strong></span> <span class='ocrx_word' id='word_1_158' title='bbox 3269 730 3441 784; x_wconf 89' lang='lat' dir='ltr'><strong>tuum,</strong></span> 
     </span>
    </p>
   </div>
   <div class='ocr_carea' id='block_1_22' title="bbox 1865 807 3444 882">
    <p class='ocr_par' dir='ltr' id='par_1_22' title="bbox 1865 807 3444 882">
     <span class='ocr_line' id='line_1_22' title="bbox 1865 807 3444 882; baseline 0.004 -22"><span class='ocrx_word' id='word_1_159' title='bbox 1865 808 2007 861; x_wconf 87' lang='lat' dir='ltr'><strong>sicut</strong></span> <span class='ocrx_word' id='word_1_160' title='bbox 2037 807 2264 873; x_wconf 88' lang='lat' dir='ltr'><strong>teipsutn</strong></span> <span class='ocrx_word' id='word_1_161' title='bbox 2293 808 2338 839; x_wconf 83' lang='grc'>²⁶</span> <span class='ocrx_word' id='word_1_162' title='bbox 2372 825 2386 861; x_wconf 89' lang='lat'><strong>:</strong></span> <span class='ocrx_word' id='word_1_163' title='bbox 2423 825 2442 858; x_wconf 75' lang='grc' dir='ltr'><strong>ι</strong></span> <span class='ocrx_word' id='word_1_164' title='bbox 2481 811 2704 878; x_wconf 74' lang='lat' dir='ltr'><strong>hzecque</strong></span> <span class='ocrx_word' id='word_1_165' title='bbox 2729 813 2835 863; x_wconf 92' lang='lat' dir='ltr'><strong>duo</strong></span> <span class='ocrx_word' id='word_1_166' title='bbox 2869 815 2982 880; x_wconf 88' lang='lat' dir='ltr'><strong>ipsa</strong></span> <span class='ocrx_word' id='word_1_167' title='bbox 3002 814 3444 882; x_wconf 71' lang='lat' dir='ltr'><strong>prmceptajuxta</strong></span> 
     </span>
    </p>
   </div>
   <div class='ocr_carea' id='block_1_23' title="bbox 1864 899 3444 968">
    <p class='ocr_par' dir='ltr' id='par_1_23' title="bbox 1864 899 3444 968">
     <span class='ocr_line' id='line_1_23' title="bbox 1864 899 3444 968; baseline 0.004 -17"><span class='ocrx_word' id='word_1_168' title='bbox 1864 899 2030 951; x_wconf 91' lang='lat' dir='ltr'><strong>animi</strong></span> <span class='ocrx_word' id='word_1_169' title='bbox 2064 899 2376 952; x_wconf 80' lang='lat' dir='ltr'><strong>facultatem</strong></span> <span class='ocrx_word' id='word_1_170' title='bbox 2398 903 2648 968; x_wconf 78' lang='lat' dir='ltr'><strong>proponi,</strong></span> <span class='ocrx_word' id='word_1_171' title='bbox 2691 913 2746 958; x_wconf 91' lang='lat' dir='ltr'><strong>et</strong></span> <span class='ocrx_word' id='word_1_172' title='bbox 2782 907 3052 958; x_wconf 80' lang='lat' dir='ltr'><strong>exerceri.</strong></span> <span class='ocrx_word' id='word_1_173' title='bbox 3080 907 3251 958; x_wconf 86' lang='lat' dir='ltr'><strong>Amor</strong></span> <span class='ocrx_word' id='word_1_174' title='bbox 3285 921 3444 958; x_wconf 85' lang='lat' dir='ltr'><strong>nam-</strong></span> 
     </span>
    </p>
   </div>
   <div class='ocr_carea' id='block_1_24' title="bbox 1864 991 3438 1064">
    <p class='ocr_par' dir='ltr' id='par_1_24' title="bbox 1864 991 3438 1064">
     <span class='ocr_line' id='line_1_24' title="bbox 1864 991 3438 1064; baseline 0.005 -23"><span class='ocrx_word' id='word_1_175' title='bbox 1864 1005 1990 1058; x_wconf 92' lang='lat' dir='ltr'><strong>qne,</strong></span> <span class='ocrx_word' id='word_1_176' title='bbox 2021 1001 2078 1042; x_wconf 93' lang='lat' dir='ltr'><strong>ut</strong></span> <span class='ocrx_word' id='word_1_177' title='bbox 2103 991 2392 1060; x_wconf 88' lang='lat' dir='ltr'><strong>Dionysius</strong></span> <span class='ocrx_word' id='word_1_178' title='bbox 2430 993 2609 1058; x_wconf 75' lang='lat' dir='ltr'><strong>docet,</strong></span> <span class='ocrx_word' id='word_1_179' title='bbox 2639 997 2844 1048; x_wconf 90' lang='lat' dir='ltr'><strong>unitiva</strong></span> <span class='ocrx_word' id='word_1_180' title='bbox 2873 1006 2977 1058; x_wconf 91' lang='lat' dir='ltr'><strong>est,</strong></span> <span class='ocrx_word' id='word_1_181' title='bbox 3009 1006 3065 1049; x_wconf 89' lang='lat' dir='ltr'><strong>et</strong></span> <span class='ocrx_word' id='word_1_182' title='bbox 3094 998 3438 1064; x_wconf 69' lang='lat' dir='ltr'><strong>coniunctiva</strong></span> 
     </span>
    </p>
   </div>
   <div class='ocr_carea' id='block_1_25' title="bbox 1864 1081 3448 1155">
    <p class='ocr_par' dir='ltr' id='par_1_25' title="bbox 1864 1081 3448 1155">
     <span class='ocr_line' id='line_1_25' title="bbox 1864 1081 3448 1155; baseline 0.006 -23"><span class='ocrx_word' id='word_1_183' title='bbox 1864 1082 2030 1134; x_wconf 89' lang='lat' dir='ltr'><strong>animi</strong></span> <span class='ocrx_word' id='word_1_184' title='bbox 2085 1081 2370 1150; x_wconf 74' lang='lat' dir='ltr'><strong>dispositio</strong></span> <span class='ocrx_word' id='word_1_185' title='bbox 2415 1085 2482 1138; x_wconf 91' lang='lat' dir='ltr'><strong>ad</strong></span> <span class='ocrx_word' id='word_1_186' title='bbox 2523 1087 2890 1140; x_wconf 89' lang='lat' dir='ltr'><strong>desideratum</strong></span> <span class='ocrx_word' id='word_1_187' title='bbox 2935 1089 3232 1155; x_wconf 79' lang='lat' dir='ltr'><strong>olijectnm.</strong></span> <span class='ocrx_word' id='word_1_188' title='bbox 3290 1089 3448 1142; x_wconf 84' lang='lat' dir='ltr'><strong>Sicut</strong></span> 
     </span>
    </p>
   </div>
   <div class='ocr_carea' id='block_1_26' title="bbox 1864 1174 3444 1244">
    <p class='ocr_par' dir='ltr' id='par_1_26' title="bbox 1864 1174 3444 1244">
     <span class='ocr_line' id='line_1_26' title="bbox 1864 1174 3444 1244; baseline 0.004 -18"><span class='ocrx_word' id='word_1_189' title='bbox 1864 1174 2028 1226; x_wconf 89' lang='lat' dir='ltr'><strong>etiam</strong></span> <span class='ocrx_word' id='word_1_190' title='bbox 2049 1175 2411 1229; x_wconf 88' lang='lat' dir='ltr'><strong>beatitudines</strong></span> <span class='ocrx_word' id='word_1_191' title='bbox 2435 1175 2730 1232; x_wconf 77' lang='lat' dir='ltr'><strong>Dominica:</strong></span> <span class='ocrx_word' id='word_1_192' title='bbox 2763 1179 3114 1232; x_wconf 89' lang='lat' dir='ltr'><strong>intellectuali</strong></span> <span class='ocrx_word' id='word_1_193' title='bbox 3142 1180 3444 1244; x_wconf 75' lang='lat' dir='ltr'><strong>voluntate,</strong></span> 
     </span>
    </p>
   </div>
   <div class='ocr_carea' id='block_1_27' title="bbox 1864 1266 3440 1337">
    <p class='ocr_par' dir='ltr' id='par_1_27' title="bbox 1864 1266 3440 1337">
     <span class='ocr_line' id='line_1_27' title="bbox 1864 1266 3440 1337; baseline 0.005 -21"><span class='ocrx_word' id='word_1_194' title='bbox 1864 1266 2142 1332; x_wconf 81' lang='lat' dir='ltr'><strong>animique</strong></span> <span class='ocrx_word' id='word_1_195' title='bbox 2160 1266 2421 1322; x_wconf 92' lang='lat' dir='ltr'><strong>facultate</strong></span> <span class='ocrx_word' id='word_1_196' title='bbox 2443 1269 2802 1336; x_wconf 83' lang='lat' dir='ltr'><strong>perficiuntur</strong></span> <span class='ocrx_word' id='word_1_197' title='bbox 2830 1287 2844 1324; x_wconf 89' lang='lat'><strong>:</strong></span> <span class='ocrx_word' id='word_1_198' title='bbox 2869 1273 3011 1337; x_wconf 88' lang='lat' dir='ltr'><strong>quod</strong></span> <span class='ocrx_word' id='word_1_199' title='bbox 3029 1273 3174 1324; x_wconf 88' lang='lat' dir='ltr'><strong>enim</strong></span> <span class='ocrx_word' id='word_1_200' title='bbox 3197 1273 3395 1324; x_wconf 91' lang='lat' dir='ltr'><strong>dicitur</strong></span> <span class='ocrx_word' id='word_1_201' title='bbox 3426 1289 3440 1324; x_wconf 92' lang='lat'><strong>:</strong></span> 
     </span>
    </p>
   </div>
   <div class='ocr_carea' id='block_1_28' title="bbox 1869 1358 3442 1428">
    <p class='ocr_par' dir='ltr' id='par_1_28' title="bbox 1869 1358 3442 1428">
     <span class='ocr_line' id='line_1_28' title="bbox 1869 1358 3442 1428; baseline 0.006 -22"><span class='ocrx_word' id='word_1_202' title='bbox 1869 1373 1889 1406; x_wconf 78' lang='grc' dir='ltr'>ι</span> <span class='ocrx_word' id='word_1_203' title='bbox 1928 1358 2077 1411; x_wconf 81' lang='lat' dir='ltr'><strong>Beati</strong></span> <span class='ocrx_word' id='word_1_204' title='bbox 2131 1375 2394 1427; x_wconf 86' lang='lat' dir='ltr'><strong>pauperes</strong></span> <span class='ocrx_word' id='word_1_205' title='bbox 2444 1362 2638 1428; x_wconf 88' lang='lat' dir='ltr'><strong>spiritu</strong></span> <span class='ocrx_word' id='word_1_206' title='bbox 2665 1363 2731 1426; x_wconf 75' lang='lat'><strong>‘7,</strong></span> <span class='ocrx_word' id='word_1_207' title='bbox 2781 1379 2800 1412; x_wconf 73' lang='grc' dir='ltr'>ι</span> <span class='ocrx_word' id='word_1_208' title='bbox 2839 1362 2906 1414; x_wconf 90' lang='lat' dir='ltr'><strong>ad</strong></span> <span class='ocrx_word' id='word_1_209' title='bbox 2963 1362 3134 1415; x_wconf 87' lang='lat' dir='ltr'><strong>animi</strong></span> <span class='ocrx_word' id='word_1_210' title='bbox 3189 1364 3442 1416; x_wconf 88' lang='lat' dir='ltr'><strong>virtutem</strong></span> 
     </span>
    </p>
   </div>
   <div class='ocr_carea' id='block_1_29' title="bbox 1864 1451 3442 1520">
    <p class='ocr_par' dir='ltr' id='par_1_29' title="bbox 1864 1451 3442 1520">
     <span class='ocr_line' id='line_1_29' title="bbox 1864 1451 3442 1520; baseline 0.003 -18"><span class='ocrx_word' id='word_1_211' title='bbox 1864 1451 2098 1515; x_wconf 85' lang='lat' dir='ltr'><strong>pertinet</strong></span> <span class='ocrx_word' id='word_1_212' title='bbox 2129 1468 2142 1503; x_wconf 90' lang='lat'><strong>:</strong></span> <span class='ocrx_word' id='word_1_213' title='bbox 2180 1452 2320 1504; x_wconf 83' lang='lat' dir='ltr'><strong>haud</strong></span> <span class='ocrx_word' id='word_1_214' title='bbox 2356 1467 2512 1504; x_wconf 86' lang='lat' dir='ltr'><strong>secus</strong></span> <span class='ocrx_word' id='word_1_215' title='bbox 2570 1454 2778 1518; x_wconf 90' lang='lat' dir='ltr'><strong>pariter</strong></span> <span class='ocrx_word' id='word_1_216' title='bbox 2823 1465 2986 1520; x_wconf 89' lang='lat' dir='ltr'><strong>atque</strong></span> <span class='ocrx_word' id='word_1_217' title='bbox 3017 1453 3147 1506; x_wconf 91' lang='lat' dir='ltr'><strong>illud</strong></span> <span class='ocrx_word' id='word_1_218' title='bbox 3188 1471 3202 1507; x_wconf 93' lang='lat'>:</span> <span class='ocrx_word' id='word_1_219' title='bbox 3236 1469 3255 1504; x_wconf 79' lang='grc' dir='ltr'>ι</span> <span class='ocrx_word' id='word_1_220' title='bbox 3294 1453 3442 1508; x_wconf 83' lang='lat' dir='ltr'><strong>Beati</strong></span> 
     </span>
    </p>
   </div>
   <div class='ocr_carea' id='block_1_30' title="bbox 1862 1539 3446 1612">
    <p class='ocr_par' dir='ltr' id='par_1_30' title="bbox 1862 1539 3446 1612">
     <span class='ocr_line' id='line_1_30' title="bbox 1862 1539 3446 1612; baseline 0.004 -23"><span class='ocrx_word' id='word_1_221' title='bbox 1862 1540 1954 1606; x_wconf 87' lang='lat' dir='ltr'><strong>qui</strong></span> <span class='ocrx_word' id='word_1_222' title='bbox 1998 1540 2181 1609; x_wconf 79' lang='lat' dir='ltr'><strong>lugent</strong></span> <span class='ocrx_word' id='word_1_223' title='bbox 2202 1539 2270 1605; x_wconf 80' lang='lat'><strong>&quot;,</strong></span> <span class='ocrx_word' id='word_1_224' title='bbox 2303 1561 2320 1591; x_wconf 76' lang='grc' dir='ltr'>ι</span> <span class='ocrx_word' id='word_1_225' title='bbox 2349 1557 2415 1594; x_wconf 77' lang='lat' dir='ltr'><strong>ex</strong></span> <span class='ocrx_word' id='word_1_226' title='bbox 2445 1541 2716 1611; x_wconf 89' lang='lat' dir='ltr'><strong>spirituali</strong></span> <span class='ocrx_word' id='word_1_227' title='bbox 2761 1544 2995 1596; x_wconf 84' lang='lat' dir='ltr'><strong>hominis</strong></span> <span class='ocrx_word' id='word_1_228' title='bbox 3022 1553 3176 1612; x_wconf 90' lang='lat' dir='ltr'><strong>parte</strong></span> <span class='ocrx_word' id='word_1_229' title='bbox 3200 1544 3446 1597; x_wconf 88' lang='lat' dir='ltr'><strong>volunta-</strong></span> 
     </span>
    </p>
   </div>
   <div class='ocr_carea' id='block_1_31' title="bbox 1867 1633 3442 1702">
    <p class='ocr_par' dir='ltr' id='par_1_31' title="bbox 1867 1633 3442 1702">
     <span class='ocr_line' id='line_1_31' title="bbox 1867 1633 3442 1702; baseline 0.001 -18"><span class='ocrx_word' id='word_1_230' title='bbox 1867 1641 2024 1699; x_wconf 89' lang='lat' dir='ltr'><strong>teqne</strong></span> <span class='ocrx_word' id='word_1_231' title='bbox 2066 1633 2396 1701; x_wconf 87' lang='lat' dir='ltr'><strong>adimplctnr</strong></span> <span class='ocrx_word' id='word_1_232' title='bbox 2427 1651 2439 1686; x_wconf 91' lang='lat'>:</span> <span class='ocrx_word' id='word_1_233' title='bbox 2467 1636 2926 1702; x_wconf 79' lang='lat' dir='ltr'><strong>quemadmodum</strong></span> <span class='ocrx_word' id='word_1_234' title='bbox 2950 1645 3003 1688; x_wconf 91' lang='lat' dir='ltr'><strong>et</strong></span> <span class='ocrx_word' id='word_1_235' title='bbox 3033 1651 3152 1702; x_wconf 70' lang='lat' dir='ltr'><strong>qua:</strong></span> <span class='ocrx_word' id='word_1_236' title='bbox 3199 1635 3442 1688; x_wconf 86' lang='lat' dir='ltr'><strong>subdun-</strong></span> 
     </span>
    </p>
   </div>
   <div class='ocr_carea' id='block_1_32' title="bbox 1865 1723 3442 1788">
    <p class='ocr_par' dir='ltr' id='par_1_32' title="bbox 1865 1723 3442 1788">
     <span class='ocr_line' id='line_1_32' title="bbox 1865 1723 3442 1788; baseline 0.003 -15"><span class='ocrx_word' id='word_1_237' title='bbox 1865 1733 1972 1786; x_wconf 83' lang='lat' dir='ltr'><strong>tnr,</strong></span> <span class='ocrx_word' id='word_1_238' title='bbox 2001 1742 2018 1775; x_wconf 82' lang='grc' dir='ltr'>ι</span> <span class='ocrx_word' id='word_1_239' title='bbox 2051 1723 2196 1777; x_wconf 84' lang='lat' dir='ltr'><strong>Beati</strong></span> <span class='ocrx_word' id='word_1_240' title='bbox 2222 1724 2506 1782; x_wconf 83' lang='lat' dir='ltr'><strong>mansueti,</strong></span> <span class='ocrx_word' id='word_1_241' title='bbox 2539 1744 2558 1775; x_wconf 66' lang='grc' dir='ltr'>ι</span> <span class='ocrx_word' id='word_1_242' title='bbox 2587 1736 2642 1777; x_wconf 88' lang='lat' dir='ltr'><strong>et</strong></span> <span class='ocrx_word' id='word_1_243' title='bbox 2673 1743 2690 1774; x_wconf 73' lang='grc' dir='ltr'><strong>ι</strong></span> <span class='ocrx_word' id='word_1_244' title='bbox 2724 1723 2874 1778; x_wconf 82' lang='lat' dir='ltr'><strong>Beati</strong></span> <span class='ocrx_word' id='word_1_245' title='bbox 2903 1728 3102 1778; x_wconf 91' lang='lat' dir='ltr'><strong>mundo</strong></span> <span class='ocrx_word' id='word_1_246' title='bbox 3126 1725 3314 1788; x_wconf 90' lang='lat' dir='ltr'><strong>corde,</strong></span> <span class='ocrx_word' id='word_1_247' title='bbox 3342 1743 3359 1776; x_wconf 73' lang='grc' dir='ltr'>ι</span> <span class='ocrx_word' id='word_1_248' title='bbox 3386 1734 3442 1778; x_wconf 91' lang='lat' dir='ltr'><strong>et</strong></span> 
     </span>
    </p>
   </div>
   <div class='ocr_carea' id='block_1_33' title="bbox 1867 1807 3442 1880">
    <p class='ocr_par' dir='ltr' id='par_1_33' title="bbox 1867 1807 3442 1880">
     <span class='ocr_line' id='line_1_33' title="bbox 1867 1807 3442 1880; baseline 0.005 -21"><span class='ocrx_word' id='word_1_249' title='bbox 1867 1824 1886 1859; x_wconf 77' lang='grc' dir='ltr'>ι</span> <span class='ocrx_word' id='word_1_250' title='bbox 1923 1807 2072 1862; x_wconf 77' lang='lat' dir='ltr'><strong>Beati</strong></span> <span class='ocrx_word' id='word_1_251' title='bbox 2105 1811 2316 1878; x_wconf 83' lang='lat' dir='ltr'><strong>pacifici</strong></span> <span class='ocrx_word' id='word_1_252' title='bbox 2341 1813 2440 1865; x_wconf 70' lang='grc'><strong>⁸³³.»</strong></span> <span class='ocrx_word' id='word_1_253' title='bbox 2477 1810 2664 1880; x_wconf 84' lang='lat' dir='ltr'><strong>Neque</strong></span> <span class='ocrx_word' id='word_1_254' title='bbox 2703 1814 2818 1867; x_wconf 63' lang='lat' dir='ltr'><strong>haec</strong></span> <span class='ocrx_word' id='word_1_255' title='bbox 2843 1815 2955 1867; x_wconf 89' lang='lat' dir='ltr'><strong>sola</strong></span> <span class='ocrx_word' id='word_1_256' title='bbox 2983 1823 3215 1878; x_wconf 91' lang='lat' dir='ltr'><strong>tantum,</strong></span> <span class='ocrx_word' id='word_1_257' title='bbox 3254 1829 3442 1867; x_wconf 89' lang='lat' dir='ltr'><strong>verum</strong></span> 
     </span>
    </p>
   </div>
   <div class='ocr_carea' id='block_1_34' title="bbox 167 1885 1755 1971">
    <p class='ocr_par' dir='ltr' id='par_1_34' title="bbox 167 1900 1755 1971">
     <span class='ocr_line' id='line_1_34' title="bbox 167 1900 1755 1971; baseline -0.001 -19"><span class='ocrx_word' id='word_1_258' title='bbox 167 1900 354 1964; x_wconf 79' lang='grc' dir='ltr'>ἐλπὶς,</span> <span class='ocrx_word' id='word_1_259' title='bbox 403 1901 616 1971; x_wconf 81' lang='grc' dir='ltr'>ἀγάπη,</span> <span class='ocrx_word' id='word_1_260' title='bbox 670 1901 904 1969; x_wconf 76' lang='grc' dir='ltr'>ψυχικαὶ</span> <span class='ocrx_word' id='word_1_261' title='bbox 949 1902 1169 1970; x_wconf 74' lang='grc' dir='ltr'>ἀρεταὶ,</span> <span class='ocrx_word' id='word_1_262' title='bbox 1204 1900 1391 1953; x_wconf 83' lang='grc' dir='ltr'><strong>καὶού</strong></span> <span class='ocrx_word' id='word_1_263' title='bbox 1449 1901 1755 1969; x_wconf 65' lang='grc' dir='ltr'>σωματικαὶ</span> 
     </span>
    </p>
   </div>
   <div class='ocr_carea' id='block_1_35' title="bbox 1858 1885 3444 1971">
    <p class='ocr_par' dir='ltr' id='par_1_35' title="bbox 1863 1898 3444 1970">
     <span class='ocr_line' id='line_1_35' title="bbox 1863 1898 3444 1970; baseline 0.003 -19"><span class='ocrx_word' id='word_1_264' title='bbox 1863 1898 2032 1952; x_wconf 87' lang='lat' dir='ltr'><strong>etiam</strong></span> <span class='ocrx_word' id='word_1_265' title='bbox 2076 1901 2232 1964; x_wconf 83' lang='lat' dir='ltr'><strong>fides,</strong></span> <span class='ocrx_word' id='word_1_266' title='bbox 2256 1915 2402 1969; x_wconf 84' lang='lat' dir='ltr'><strong>spes,</strong></span> <span class='ocrx_word' id='word_1_267' title='bbox 2431 1902 2694 1966; x_wconf 87' lang='lat' dir='ltr'><strong>cbaritas,</strong></span> <span class='ocrx_word' id='word_1_268' title='bbox 2724 1903 3034 1970; x_wconf 90' lang='lat' dir='ltr'><strong>spirituales</strong></span> <span class='ocrx_word' id='word_1_269' title='bbox 3063 1906 3315 1969; x_wconf 79' lang='lat' dir='ltr'><strong>virtutes,</strong></span> <span class='ocrx_word' id='word_1_270' title='bbox 3343 1905 3444 1957; x_wconf 88' lang='lat' dir='ltr'><strong>mi-</strong></span> 
     </span>
    </p>
   </div>
   <div class='ocr_carea' id='block_1_36' title="bbox 162 1990 1755 2061">
    <p class='ocr_par' dir='ltr' id='par_1_36' title="bbox 162 1991 1755 2060">
     <span class='ocr_line' id='line_1_36' title="bbox 162 1991 1755 2060; baseline 0 -18"><span class='ocrx_word' id='word_1_271' title='bbox 162 1991 546 2058; x_wconf 81' lang='grc' dir='ltr'>τυγχάνουσι’</span> <span class='ocrx_word' id='word_1_272' title='bbox 597 1992 854 2060; x_wconf 81' lang='grc' dir='ltr'>καθάπερ</span> <span class='ocrx_word' id='word_1_273' title='bbox 905 1992 1070 2044; x_wconf 86' lang='grc' dir='ltr'>πάλιν</span> <span class='ocrx_word' id='word_1_274' title='bbox 1122 1993 1396 2055; x_wconf 84' lang='grc' dir='ltr'>κάκεῖναι,</span> <span class='ocrx_word' id='word_1_275' title='bbox 1430 1991 1496 2052; x_wconf 74' lang='grc' dir='ltr'>ἃς</span> <span class='ocrx_word' id='word_1_276' title='bbox 1541 1993 1570 2042; x_wconf 98' lang='lat'><strong>6</strong></span> <span class='ocrx_word' id='word_1_277' title='bbox 1600 1992 1755 2053; x_wconf 82' lang='grc' dir='ltr'>αὐτὸς</span> 
     </span>
    </p>
   </div>
   <div class='ocr_carea' id='block_1_37' title="bbox 1858 1990 3439 2061">
    <p class='ocr_par' dir='ltr' id='par_1_37' title="bbox 1867 1990 3439 2061">
     <span class='ocr_line' id='line_1_37' title="bbox 1867 1990 3439 2061; baseline 0.003 -18"><span class='ocrx_word' id='word_1_278' title='bbox 1867 1990 2014 2044; x_wconf 89' lang='lat' dir='ltr'><strong>nime</strong></span> <span class='ocrx_word' id='word_1_279' title='bbox 2050 2005 2179 2045; x_wconf 91' lang='lat' dir='ltr'><strong>vero</strong></span> <span class='ocrx_word' id='word_1_280' title='bbox 2211 2006 2488 2058; x_wconf 74' lang='lat' dir='ltr'><strong>corporea:</strong></span> <span class='ocrx_word' id='word_1_281' title='bbox 2536 2008 2658 2047; x_wconf 89' lang='lat' dir='ltr'><strong>esse</strong></span> <span class='ocrx_word' id='word_1_282' title='bbox 2704 1993 3066 2061; x_wconf 88' lang='lat' dir='ltr'><strong>proculdubio</strong></span> <span class='ocrx_word' id='word_1_283' title='bbox 3101 1992 3439 2060; x_wconf 88' lang='lat' dir='ltr'><strong>judicantur.</strong></span> 
     </span>
    </p>
   </div>
   <div class='ocr_carea' id='block_1_38' title="bbox 176 2079 1755 2153">
    <p class='ocr_par' dir='ltr' id='par_1_38' title="bbox 176 2081 1755 2152">
     <span class='ocr_line' id='line_1_38' title="bbox 176 2081 1755 2152; baseline 0.001 -19"><span class='ocrx_word' id='word_1_284' title='bbox 176 2083 514 2145; x_wconf 80' lang='grc' dir='ltr'>’Λπὸστολος</span> <span class='ocrx_word' id='word_1_285' title='bbox 534 2083 936 2152; x_wconf 85' lang='grc' dir='ltr'>άπαριθμεῖται</span> <span class='ocrx_word' id='word_1_286' title='bbox 963 2083 1164 2150; x_wconf 81' lang='grc' dir='ltr'>λέγων,</span> <span class='ocrx_word' id='word_1_287' title='bbox 1184 2086 1267 2136; x_wconf 75' lang='grc' dir='ltr'>ὅτι</span> <span class='ocrx_word' id='word_1_288' title='bbox 1294 2102 1313 2134; x_wconf 79' lang='grc' dir='ltr'>ι</span> <span class='ocrx_word' id='word_1_289' title='bbox 1344 2083 1406 2135; x_wconf 88' lang='grc' dir='ltr'><strong>Οἱ</strong></span> <span class='ocrx_word' id='word_1_290' title='bbox 1434 2084 1641 2152; x_wconf 80' lang='grc' dir='ltr'>καρποὶ</span> <span class='ocrx_word' id='word_1_291' title='bbox 1665 2081 1755 2134; x_wconf 88' lang='grc' dir='ltr'>τοῦ</span> 
     </span>
    </p>
   </div>
   <div class='ocr_carea' id='block_1_39' title="bbox 1858 2079 3441 2153">
    <p class='ocr_par' dir='ltr' id='par_1_39' title="bbox 1863 2079 3441 2153">
     <span class='ocr_line' id='line_1_39' title="bbox 1863 2079 3441 2153; baseline 0.003 -20"><span class='ocrx_word' id='word_1_292' title='bbox 1863 2079 2036 2148; x_wconf 82' lang='lat' dir='ltr'><strong>Cujus</strong></span> <span class='ocrx_word' id='word_1_293' title='bbox 2067 2095 2202 2136; x_wconf 89' lang='lat' dir='ltr'><strong>sane</strong></span> <span class='ocrx_word' id='word_1_294' title='bbox 2235 2083 2452 2151; x_wconf 83' lang='lat' dir='ltr'><strong>generis</strong></span> <span class='ocrx_word' id='word_1_295' title='bbox 2474 2085 2638 2137; x_wconf 91' lang='lat' dir='ltr'><strong>etiam</strong></span> <span class='ocrx_word' id='word_1_296' title='bbox 2666 2099 2744 2138; x_wconf 70' lang='lat' dir='ltr'><strong>eae</strong></span> <span class='ocrx_word' id='word_1_297' title='bbox 2775 2093 2924 2148; x_wconf 92' lang='lat' dir='ltr'><strong>sunt,</strong></span> <span class='ocrx_word' id='word_1_298' title='bbox 2957 2100 3094 2152; x_wconf 89' lang='lat' dir='ltr'><strong>quas</strong></span> <span class='ocrx_word' id='word_1_299' title='bbox 3149 2084 3441 2153; x_wconf 80' lang='lat' dir='ltr'><strong>Apostolus</strong></span> 
     </span>
    </p>
   </div>
   <div class='ocr_carea' id='block_1_40' title="bbox 165 2172 1755 2246">
    <p class='ocr_par' dir='ltr' id='par_1_40' title="bbox 165 2174 1755 2246">
     <span class='ocr_line' id='line_1_40' title="bbox 165 2174 1755 2246; baseline 0.001 -21"><span class='ocrx_word' id='word_1_300' title='bbox 165 2174 499 2244; x_wconf 83' lang='grc' dir='ltr'>ῐινεύματός</span> <span class='ocrx_word' id='word_1_301' title='bbox 532 2177 671 2228; x_wconf 72' lang='grc' dir='ltr'>εἰσιν</span> <span class='ocrx_word' id='word_1_302' title='bbox 697 2176 911 2246; x_wconf 82' lang='grc' dir='ltr'>ἀγάπη,</span> <span class='ocrx_word' id='word_1_303' title='bbox 950 2176 1117 2244; x_wconf 82' lang='grc' dir='ltr'>χαρὰ,</span> <span class='ocrx_word' id='word_1_304' title='bbox 1146 2177 1359 2244; x_wconf 78' lang='grc' dir='ltr'>εἰρήνη,</span> <span class='ocrx_word' id='word_1_305' title='bbox 1385 2174 1755 2244; x_wconf 81' lang='grc' dir='ltr'>μακροθυμία,</span> 
     </span>
    </p>
   </div>
   <div class='ocr_carea' id='block_1_41' title="bbox 1858 2172 3441 2246">
    <p class='ocr_par' dir='ltr' id='par_1_41' title="bbox 1863 2172 3441 2244">
     <span class='ocr_line' id='line_1_41' title="bbox 1863 2172 3441 2244; baseline 0.002 -19"><span class='ocrx_word' id='word_1_306' title='bbox 1863 2172 1981 2241; x_wconf 85' lang='lat' dir='ltr'><strong>ipse</strong></span> <span class='ocrx_word' id='word_1_307' title='bbox 2001 2174 2242 2241; x_wconf 77' lang='lat' dir='ltr'><strong>gentium</strong></span> <span class='ocrx_word' id='word_1_308' title='bbox 2269 2184 2578 2237; x_wconf 83' lang='lat' dir='ltr'><strong>enumerat,</strong></span> <span class='ocrx_word' id='word_1_309' title='bbox 2606 2176 2882 2243; x_wconf 88' lang='lat' dir='ltr'><strong>inquiens,</strong></span> <span class='ocrx_word' id='word_1_310' title='bbox 2941 2194 2960 2226; x_wconf 82' lang='grc' dir='ltr'>ι</span> <span class='ocrx_word' id='word_1_311' title='bbox 3002 2175 3236 2228; x_wconf 85' lang='lat' dir='ltr'><strong>Fructus</strong></span> <span class='ocrx_word' id='word_1_312' title='bbox 3266 2174 3441 2244; x_wconf 86' lang='lat' dir='ltr'><strong>Spiri-</strong></span> 
     </span>
    </p>
   </div>
   <div class='ocr_carea' id='block_1_42' title="bbox 163 2267 1755 2338">
    <p class='ocr_par' dir='ltr' id='par_1_42' title="bbox 163 2267 1755 2338">
     <span class='ocr_line' id='line_1_42' title="bbox 163 2267 1755 2338; baseline -0.003 -16"><span class='ocrx_word' id='word_1_313' title='bbox 163 2268 507 2338; x_wconf 79' lang='grc' dir='ltr'>χρηστότης,</span> <span class='ocrx_word' id='word_1_314' title='bbox 539 2269 870 2338; x_wconf 83' lang='grc' dir='ltr'>άγαθοσύνη,</span> <span class='ocrx_word' id='word_1_315' title='bbox 921 2287 942 2321; x_wconf 74' lang='grc' dir='ltr'><strong><em>ο</em></strong></span> <span class='ocrx_word' id='word_1_316' title='bbox 977 2269 1072 2320; x_wconf 81' lang='grc' dir='ltr'><strong>καὶ</strong></span> <span class='ocrx_word' id='word_1_317' title='bbox 1108 2267 1178 2321; x_wconf 80' lang='grc' dir='ltr'>τὰ</span> <span class='ocrx_word' id='word_1_318' title='bbox 1199 2267 1348 2336; x_wconf 81' lang='grc' dir='ltr'>ἐξῆς.</span> <span class='ocrx_word' id='word_1_319' title='bbox 1383 2268 1540 2320; x_wconf 85' lang='grc' dir='ltr'>Κατὰ</span> <span class='ocrx_word' id='word_1_320' title='bbox 1566 2267 1755 2336; x_wconf 78' lang='grc' dir='ltr'>νοερὰν</span> 
     </span>
    </p>
   </div>
   <div class='ocr_carea' id='block_1_43' title="bbox 1858 2267 3444 2338">
    <p class='ocr_par' dir='ltr' id='par_1_43' title="bbox 1865 2267 3444 2337">
     <span class='ocr_line' id='line_1_43' title="bbox 1865 2267 3444 2337; baseline 0.001 -19"><span class='ocrx_word' id='word_1_321' title='bbox 1865 2274 1955 2319; x_wconf 89' lang='lat' dir='ltr'><strong>tus</strong></span> <span class='ocrx_word' id='word_1_322' title='bbox 1984 2281 2106 2320; x_wconf 91' lang='lat' dir='ltr'><strong>esse</strong></span> <span class='ocrx_word' id='word_1_323' title='bbox 2128 2267 2478 2328; x_wconf 87' lang='lat' dir='ltr'><strong>cbaritatem,</strong></span> <span class='ocrx_word' id='word_1_324' title='bbox 2517 2269 2796 2335; x_wconf 75' lang='lat' dir='ltr'><strong>gaudium,</strong></span> <span class='ocrx_word' id='word_1_325' title='bbox 2818 2281 3031 2336; x_wconf 88' lang='lat' dir='ltr'><strong>pacem,</strong></span> <span class='ocrx_word' id='word_1_326' title='bbox 3059 2267 3444 2337; x_wconf 82' lang='lat' dir='ltr'><strong>longanimita-</strong></span> 
     </span>
    </p>
   </div>
   <div class='ocr_carea' id='block_1_44' title="bbox 164 2355 1755 2428">
    <p class='ocr_par' dir='ltr' id='par_1_44' title="bbox 164 2355 1724 2428">
     <span class='ocr_line' id='line_1_44' title="bbox 164 2355 1724 2428; baseline 0.001 -20"><span class='ocrx_word' id='word_1_327' title='bbox 164 2357 400 2428; x_wconf 84' lang='grc' dir='ltr'>θέλησίν</span> <span class='ocrx_word' id='word_1_328' title='bbox 435 2371 498 2409; x_wconf 88' lang='grc' dir='ltr'>τε</span> <span class='ocrx_word' id='word_1_329' title='bbox 525 2357 620 2411; x_wconf 81' lang='grc' dir='ltr'>καὶ</span> <span class='ocrx_word' id='word_1_330' title='bbox 649 2359 934 2425; x_wconf 71' lang='grc' dir='ltr'>ἐνέργειαν</span> <span class='ocrx_word' id='word_1_331' title='bbox 959 2357 1023 2408; x_wconf 90' lang='grc' dir='ltr'><strong>ἐν</strong></span> <span class='ocrx_word' id='word_1_332' title='bbox 1046 2359 1108 2427; x_wconf 80' lang='grc' dir='ltr'><strong>τῇ</strong></span> <span class='ocrx_word' id='word_1_333' title='bbox 1141 2355 1287 2426; x_wconf 75' lang='grc' dir='ltr'>ψυχῇ</span> <span class='ocrx_word' id='word_1_334' title='bbox 1314 2356 1724 2426; x_wconf 84' lang='grc' dir='ltr'>προσγίνονται.</span> 
     </span>
    </p>
   </div>
   <div class='ocr_carea' id='block_1_45' title="bbox 1858 2355 3444 2428">
    <p class='ocr_par' dir='ltr' id='par_1_45' title="bbox 1863 2358 3444 2426">
     <span class='ocr_line' id='line_1_45' title="bbox 1863 2358 3444 2426; baseline 0.001 -15"><span class='ocrx_word' id='word_1_335' title='bbox 1863 2366 1994 2421; x_wconf 92' lang='lat' dir='ltr'><strong>tem,</strong></span> <span class='ocrx_word' id='word_1_336' title='bbox 2023 2359 2341 2422; x_wconf 88' lang='lat' dir='ltr'><strong>bonitatem,</strong></span> <span class='ocrx_word' id='word_1_337' title='bbox 2375 2359 2770 2426; x_wconf 80' lang='lat' dir='ltr'><strong>benignitatem</strong></span> <span class='ocrx_word' id='word_1_338' title='bbox 2812 2359 2884 2422; x_wconf 81' lang='lat'><strong>”,</strong></span> <span class='ocrx_word' id='word_1_339' title='bbox 2937 2377 2956 2410; x_wconf 73' lang='grc' dir='ltr'>ι</span> <span class='ocrx_word' id='word_1_340' title='bbox 2986 2369 3042 2412; x_wconf 91' lang='lat' dir='ltr'><strong>et</strong></span> <span class='ocrx_word' id='word_1_341' title='bbox 3092 2369 3310 2412; x_wconf 68' lang='lat' dir='ltr'><strong>caetera.</strong></span> <span class='ocrx_word' id='word_1_342' title='bbox 3338 2358 3444 2412; x_wconf 87' lang='lat' dir='ltr'><strong>Per</strong></span> 
     </span>
    </p>
   </div>
   <div class='ocr_carea' id='block_1_46' title="bbox 1860 2449 3440 2518">
    <p class='ocr_par' dir='ltr' id='par_1_46' title="bbox 1860 2449 3440 2518">
     <span class='ocr_line' id='line_1_46' title="bbox 1860 2449 3440 2518; baseline 0.001 -15"><span class='ocrx_word' id='word_1_343' title='bbox 1860 2449 2284 2503; x_wconf 89' lang='lat' dir='ltr'><strong>intellectualem</strong></span> <span class='ocrx_word' id='word_1_344' title='bbox 2338 2450 2538 2518; x_wconf 81' lang='lat' dir='ltr'><strong>quippe</strong></span> <span class='ocrx_word' id='word_1_345' title='bbox 2567 2449 2928 2514; x_wconf 81' lang='lat' dir='ltr'><strong>voluntatem,</strong></span> <span class='ocrx_word' id='word_1_346' title='bbox 2975 2460 3030 2504; x_wconf 90' lang='lat' dir='ltr'><strong>et</strong></span> <span class='ocrx_word' id='word_1_347' title='bbox 3063 2450 3440 2518; x_wconf 87' lang='lat' dir='ltr'><strong>operationem</strong></span> 
     </span>
    </p>
   </div>
   <div class='ocr_carea' id='block_1_47' title="bbox 234 2618 1758 2690">
    <p class='ocr_par' dir='ltr' id='par_1_47' title="bbox 234 2618 1758 2690">
     <span class='ocr_line' id='line_1_47' title="bbox 234 2618 1758 2690; baseline 0.001 -18"><span class='ocrx_word' id='word_1_348' title='bbox 234 2618 350 2672; x_wconf 74' lang='grc' dir='ltr'>Καὶ</span> <span class='ocrx_word' id='word_1_349' title='bbox 400 2619 592 2689; x_wconf 79' lang='grc' dir='ltr'>ἐπειδὴ</span> <span class='ocrx_word' id='word_1_350' title='bbox 638 2620 794 2690; x_wconf 88' lang='grc' dir='ltr'>δίκην</span> <span class='ocrx_word' id='word_1_351' title='bbox 823 2621 1006 2673; x_wconf 82' lang='grc' dir='ltr'>ἵππων</span> <span class='ocrx_word' id='word_1_352' title='bbox 1040 2621 1136 2675; x_wconf 73' lang='grc' dir='ltr'><strong>καὶ</strong></span> <span class='ocrx_word' id='word_1_353' title='bbox 1192 2622 1435 2690; x_wconf 78' lang='grc' dir='ltr'><strong>ἡμιόνων</strong></span> <span class='ocrx_word' id='word_1_354' title='bbox 1482 2622 1758 2675; x_wconf 83' lang='grc' dir='ltr'>ἀσυνέτων</span> 
     </span>
    </p>
   </div>
   <div class='ocr_carea' id='block_1_48' title="bbox 162 2712 1758 2785">
    <p class='ocr_par' dir='ltr' id='par_1_48' title="bbox 162 2712 1758 2785">
     <span class='ocr_line' id='line_1_48' title="bbox 162 2712 1758 2785; baseline 0.002 -20"><span class='ocrx_word' id='word_1_355' title='bbox 162 2712 487 2781; x_wconf 79' lang='grc' dir='ltr'>πτύρωνται</span> <span class='ocrx_word' id='word_1_356' title='bbox 518 2713 568 2764; x_wconf 81' lang='grc' dir='ltr'><strong>οι</strong></span> <span class='ocrx_word' id='word_1_357' title='bbox 604 2714 703 2776; x_wconf 73' lang='grc' dir='ltr'>τὰς</span> <span class='ocrx_word' id='word_1_358' title='bbox 733 2714 828 2766; x_wconf 89' lang='grc' dir='ltr'>τοῦ</span> <span class='ocrx_word' id='word_1_359' title='bbox 875 2715 1081 2785; x_wconf 80' lang='grc' dir='ltr'>Κυρίου</span> <span class='ocrx_word' id='word_1_360' title='bbox 1113 2714 1523 2784; x_wconf 81' lang='grc' dir='ltr'>ἀπαρνούμενοι</span> <span class='ocrx_word' id='word_1_361' title='bbox 1558 2731 1758 2768; x_wconf 85' lang='grc' dir='ltr'>συστα-</span> 
     </span>
    </p>
   </div>
   <div class='ocr_carea' id='block_1_49' title="bbox 158 2805 1756 2877">
    <p class='ocr_par' dir='ltr' id='par_1_49' title="bbox 158 2805 1756 2877">
     <span class='ocr_line' id='line_1_49' title="bbox 158 2805 1756 2877; baseline 0.003 -23"><span class='ocrx_word' id='word_1_362' title='bbox 158 2805 328 2866; x_wconf 71' lang='grc' dir='ltr'>τικὰς</span> <span class='ocrx_word' id='word_1_363' title='bbox 356 2805 458 2873; x_wconf 90' lang='grc' dir='ltr'><strong>τῆς</strong></span> <span class='ocrx_word' id='word_1_364' title='bbox 488 2805 770 2875; x_wconf 82' lang='grc' dir='ltr'>ἡμετέρας</span> <span class='ocrx_word' id='word_1_365' title='bbox 794 2805 1013 2874; x_wconf 78' lang='grc' dir='ltr'>φύσεως</span> <span class='ocrx_word' id='word_1_366' title='bbox 1055 2806 1348 2876; x_wconf 75' lang='grc' dir='ltr'>ἰδιότητας,</span> <span class='ocrx_word' id='word_1_367' title='bbox 1379 2807 1525 2874; x_wconf 89' lang='grc' dir='ltr'>λέγω</span> <span class='ocrx_word' id='word_1_368' title='bbox 1552 2807 1616 2877; x_wconf 83' lang='grc' dir='ltr'>δὴ</span> <span class='ocrx_word' id='word_1_369' title='bbox 1655 2805 1756 2877; x_wconf 83' lang='grc' dir='ltr'><strong>τὴν</strong></span> 
     </span>
    </p>
   </div>
   <div class='ocr_carea' id='block_1_50' title="bbox 160 2895 1752 2969">
    <p class='ocr_par' dir='ltr' id='par_1_50' title="bbox 160 2895 1752 2969">
     <span class='ocr_line' id='line_1_50' title="bbox 160 2895 1752 2969; baseline 0.003 -21"><span class='ocrx_word' id='word_1_370' title='bbox 160 2895 410 2966; x_wconf 80' lang='grc' dir='ltr'>οὑσιὼδη</span> <span class='ocrx_word' id='word_1_371' title='bbox 430 2896 532 2964; x_wconf 88' lang='grc' dir='ltr'><strong>τῆς</strong></span> <span class='ocrx_word' id='word_1_372' title='bbox 549 2895 726 2966; x_wconf 80' lang='grc' dir='ltr'>ψυχῆς</span> <span class='ocrx_word' id='word_1_373' title='bbox 750 2897 972 2965; x_wconf 86' lang='grc' dir='ltr'>θέλησιν</span> <span class='ocrx_word' id='word_1_374' title='bbox 991 2898 1285 2962; x_wconf 83' lang='grc' dir='ltr'>ἀκούοντες</span> <span class='ocrx_word' id='word_1_375' title='bbox 1313 2900 1413 2952; x_wconf 77' lang='grc' dir='ltr'>καὶ</span> <span class='ocrx_word' id='word_1_376' title='bbox 1445 2899 1752 2969; x_wconf 85' lang='grc' dir='ltr'>ἐνέργειαν,</span> 
     </span>
    </p>
   </div>
   <div class='ocr_carea' id='block_1_51' title="bbox 159 2989 1755 3060">
    <p class='ocr_par' dir='ltr' id='par_1_51' title="bbox 159 2989 1755 3060">
     <span class='ocr_line' id='line_1_51' title="bbox 159 2989 1755 3060; baseline 0.001 -20"><span class='ocrx_word' id='word_1_377' title='bbox 159 2989 290 3058; x_wconf 87' lang='grc' dir='ltr'>ἐροῦ</span> <span class='ocrx_word' id='word_1_378' title='bbox 300 3006 404 3058; x_wconf 89' lang='grc' dir='ltr'><strong>μεν</strong></span> <span class='ocrx_word' id='word_1_379' title='bbox 427 2990 787 3058; x_wconf 82' lang='grc' dir='ltr'>σαφέστερον,</span> <span class='ocrx_word' id='word_1_380' title='bbox 812 2991 913 3058; x_wconf 85' lang='grc' dir='ltr'>τὴν</span> <span class='ocrx_word' id='word_1_381' title='bbox 933 2991 1140 3043; x_wconf 82' lang='grc' dir='ltr'>τούτων</span> <span class='ocrx_word' id='word_1_382' title='bbox 1163 2991 1353 3060; x_wconf 83' lang='grc' dir='ltr'>ὥσπερ</span> <span class='ocrx_word' id='word_1_383' title='bbox 1369 2991 1446 3041; x_wconf 89' lang='grc' dir='ltr'><strong>διε</strong></span> <span class='ocrx_word' id='word_1_384' title='bbox 1458 3008 1485 3056; x_wconf 90' lang='grc' dir='ltr'><strong>ρ</strong></span> <span class='ocrx_word' id='word_1_385' title='bbox 1494 2990 1755 3059; x_wconf 82' lang='grc' dir='ltr'>μηνεύον-</span> 
     </span>
    </p>
   </div>
   <div class='ocr_carea' id='block_1_52' title="bbox 159 3081 1756 3152">
    <p class='ocr_par' dir='ltr' id='par_1_52' title="bbox 159 3081 1756 3152">
     <span class='ocr_line' id='line_1_52' title="bbox 159 3081 1756 3152; baseline 0.001 -20"><span class='ocrx_word' id='word_1_386' title='bbox 159 3098 252 3143; x_wconf 87' lang='grc' dir='ltr'><strong>τες</strong></span> <span class='ocrx_word' id='word_1_387' title='bbox 286 3082 384 3134; x_wconf 74' lang='grc' dir='ltr'><strong>καὶ</strong></span> <span class='ocrx_word' id='word_1_388' title='bbox 417 3081 809 3149; x_wconf 76' lang='grc' dir='ltr'>σαφηνίζοντες</span> <span class='ocrx_word' id='word_1_389' title='bbox 832 3082 1065 3152; x_wconf 80' lang='grc' dir='ltr'>δύναμιν</span> <span class='ocrx_word' id='word_1_390' title='bbox 1085 3099 1099 3113; x_wconf 72' lang='grc' dir='ltr'>ο</span> <span class='ocrx_word' id='word_1_391' title='bbox 1135 3083 1356 3152; x_wconf 86' lang='grc' dir='ltr'>θέλησις</span> <span class='ocrx_word' id='word_1_392' title='bbox 1399 3082 1582 3152; x_wconf 86' lang='grc' dir='ltr'>ψυχῆς</span> <span class='ocrx_word' id='word_1_393' title='bbox 1604 3082 1756 3150; x_wconf 89' lang='grc' dir='ltr'>λογι-</span> 
     </span>
    </p>
   </div>
   <div class='ocr_carea' id='block_1_53' title="bbox 159 3172 1752 3245">
    <p class='ocr_par' dir='ltr' id='par_1_53' title="bbox 159 3172 1752 3245">
     <span class='ocr_line' id='line_1_53' title="bbox 159 3172 1752 3245; baseline 0.001 -21"><span class='ocrx_word' id='word_1_394' title='bbox 159 3177 266 3242; x_wconf 73' lang='grc' dir='ltr'><strong>κῆς</strong></span> <span class='ocrx_word' id='word_1_395' title='bbox 295 3175 470 3236; x_wconf 75' lang='grc' dir='ltr'>ἐστιν,</span> <span class='ocrx_word' id='word_1_396' title='bbox 513 3172 590 3235; x_wconf 85' lang='grc' dir='ltr'>ὡς</span> <span class='ocrx_word' id='word_1_397' title='bbox 631 3175 739 3244; x_wconf 78' lang='grc' dir='ltr'><strong>πρὸ</strong></span> <span class='ocrx_word' id='word_1_398' title='bbox 763 3173 1012 3244; x_wconf 88' lang='grc' dir='ltr'>βραχέως</span> <span class='ocrx_word' id='word_1_399' title='bbox 1051 3175 1148 3228; x_wconf 80' lang='grc' dir='ltr'>καὶ</span> <span class='ocrx_word' id='word_1_400' title='bbox 1175 3177 1204 3228; x_wconf 82' lang='lat'><strong>6</strong></span> <span class='ocrx_word' id='word_1_401' title='bbox 1252 3175 1428 3245; x_wconf 81' lang='grc' dir='ltr'>μέγας</span> <span class='ocrx_word' id='word_1_402' title='bbox 1476 3175 1752 3237; x_wconf 84' lang='grc' dir='ltr'>Διονύσιος</span> 
     </span>
    </p>
   </div>
   <div class='ocr_carea' id='block_1_54' title="bbox 1860 2541 2613 2608">
    <p class='ocr_par' dir='ltr' id='par_1_54' title="bbox 1860 2541 2613 2608">
     <span class='ocr_line' id='line_1_54' title="bbox 1860 2541 2613 2608; baseline 0 -14"><span class='ocrx_word' id='word_1_403' title='bbox 1860 2541 2058 2594; x_wconf 87' lang='lat' dir='ltr'><strong>adsunt</strong></span> <span class='ocrx_word' id='word_1_404' title='bbox 2080 2550 2378 2608; x_wconf 65' lang='lat' dir='ltr'><strong>prtesentes</strong></span> <span class='ocrx_word' id='word_1_405' title='bbox 2410 2541 2613 2594; x_wconf 90' lang='lat' dir='ltr'><strong>animo.</strong></span> 
     </span>
    </p>
   </div>
   <div class='ocr_carea' id='block_1_55' title="bbox 1928 2630 3444 2699">
    <p class='ocr_par' dir='ltr' id='par_1_55' title="bbox 1928 2630 3444 2699">
     <span class='ocr_line' id='line_1_55' title="bbox 1928 2630 3444 2699; baseline 0 -16"><span class='ocrx_word' id='word_1_406' title='bbox 1928 2631 2198 2696; x_wconf 82' lang='lat' dir='ltr'><strong>Quoniam</strong></span> <span class='ocrx_word' id='word_1_407' title='bbox 2229 2647 2360 2684; x_wconf 91' lang='lat' dir='ltr'><strong>vero</strong></span> <span class='ocrx_word' id='word_1_408' title='bbox 2409 2645 2694 2699; x_wconf 90' lang='lat' dir='ltr'><strong>equorum,</strong></span> <span class='ocrx_word' id='word_1_409' title='bbox 2727 2639 2820 2684; x_wconf 90' lang='lat' dir='ltr'><strong>aut</strong></span> <span class='ocrx_word' id='word_1_410' title='bbox 2869 2631 3136 2685; x_wconf 91' lang='lat' dir='ltr'><strong>mulornm</strong></span> <span class='ocrx_word' id='word_1_411' title='bbox 3179 2630 3444 2699; x_wconf 78' lang='lat' dir='ltr'><strong>insipien-</strong></span> 
     </span>
    </p>
   </div>
   <div class='ocr_carea' id='block_1_56' title="bbox 1860 2723 3440 2790">
    <p class='ocr_par' dir='ltr' id='par_1_56' title="bbox 1860 2723 3440 2790">
     <span class='ocr_line' id='line_1_56' title="bbox 1860 2723 3440 2790; baseline 0.001 -16"><span class='ocrx_word' id='word_1_412' title='bbox 1860 2724 1992 2776; x_wconf 88' lang='lat' dir='ltr'><strong>tiutn</strong></span> <span class='ocrx_word' id='word_1_413' title='bbox 2031 2724 2206 2777; x_wconf 91' lang='lat' dir='ltr'><strong>instar</strong></span> <span class='ocrx_word' id='word_1_414' title='bbox 2230 2733 2677 2786; x_wconf 89' lang='lat' dir='ltr'><strong>consternantur,</strong></span> <span class='ocrx_word' id='word_1_415' title='bbox 2712 2727 2802 2790; x_wconf 84' lang='lat' dir='ltr'><strong>qui</strong></span> <span class='ocrx_word' id='word_1_416' title='bbox 2836 2723 3200 2776; x_wconf 88' lang='lat' dir='ltr'><strong>subsistentes</strong></span> <span class='ocrx_word' id='word_1_417' title='bbox 3233 2732 3440 2775; x_wconf 69' lang='lat' dir='ltr'><strong>natura:</strong></span> 
     </span>
    </p>
   </div>
   <div class='ocr_carea' id='block_1_57' title="bbox 1857 2811 3441 2880">
    <p class='ocr_par' dir='ltr' id='par_1_57' title="bbox 1857 2811 3441 2880">
     <span class='ocr_line' id='line_1_57' title="bbox 1857 2811 3441 2880; baseline -0.003 -14"><span class='ocrx_word' id='word_1_418' title='bbox 1857 2823 2060 2866; x_wconf 65' lang='lat' dir='ltr'><strong>nostra:</strong></span> <span class='ocrx_word' id='word_1_419' title='bbox 2117 2813 2478 2880; x_wconf 84' lang='lat' dir='ltr'><strong>proprietates</strong></span> <span class='ocrx_word' id='word_1_420' title='bbox 2531 2821 2734 2878; x_wconf 80' lang='lat' dir='ltr'><strong>negant</strong></span> <span class='ocrx_word' id='word_1_421' title='bbox 2767 2811 2818 2864; x_wconf 95' lang='lat' dir='ltr'><strong>in</strong></span> <span class='ocrx_word' id='word_1_422' title='bbox 2853 2811 3080 2864; x_wconf 91' lang='lat' dir='ltr'><strong>Domino</strong></span> <span class='ocrx_word' id='word_1_423' title='bbox 3112 2825 3233 2864; x_wconf 89' lang='lat' dir='ltr'><strong>esse</strong></span> <span class='ocrx_word' id='word_1_424' title='bbox 3263 2828 3278 2863; x_wconf 91' lang='lat'><strong>:</strong></span> <span class='ocrx_word' id='word_1_425' title='bbox 3309 2826 3441 2877; x_wconf 88' lang='lat' dir='ltr'><strong>qua-</strong></span> 
     </span>
    </p>
   </div>
   <div class='ocr_carea' id='block_1_58' title="bbox 1857 2902 3442 2969">
    <p class='ocr_par' dir='ltr' id='par_1_58' title="bbox 1857 2902 3442 2969">
     <span class='ocr_line' id='line_1_58' title="bbox 1857 2902 3442 2969; baseline 0 -14"><span class='ocrx_word' id='word_1_426' title='bbox 1857 2918 1975 2956; x_wconf 90' lang='lat' dir='ltr'><strong>rum</strong></span> <span class='ocrx_word' id='word_1_427' title='bbox 2046 2918 2178 2957; x_wconf 88' lang='lat' dir='ltr'><strong>sane</strong></span> <span class='ocrx_word' id='word_1_428' title='bbox 2242 2904 2461 2958; x_wconf 90' lang='lat' dir='ltr'><strong>nomine</strong></span> <span class='ocrx_word' id='word_1_429' title='bbox 2533 2903 2892 2965; x_wconf 84' lang='lat' dir='ltr'><strong>voluntatem,</strong></span> <span class='ocrx_word' id='word_1_430' title='bbox 2962 2902 3442 2969; x_wconf 86' lang='lat' dir='ltr'><strong>operationemque</strong></span> 
     </span>
    </p>
   </div>
   <div class='ocr_carea' id='block_1_59' title="bbox 1856 2992 3440 3062">
    <p class='ocr_par' dir='ltr' id='par_1_59' title="bbox 1856 2992 3440 3062">
     <span class='ocr_line' id='line_1_59' title="bbox 1856 2992 3440 3062; baseline -0.001 -16"><span class='ocrx_word' id='word_1_431' title='bbox 1856 2994 2038 3048; x_wconf 88' lang='lat' dir='ltr'><strong>anitno</strong></span> <span class='ocrx_word' id='word_1_432' title='bbox 2094 2995 2440 3048; x_wconf 89' lang='lat' dir='ltr'><strong>essentialem</strong></span> <span class='ocrx_word' id='word_1_433' title='bbox 2498 2994 2784 3062; x_wconf 76' lang='lat' dir='ltr'><strong>designant</strong></span> <span class='ocrx_word' id='word_1_434' title='bbox 2836 3011 2851 3047; x_wconf 94' lang='lat'><strong>:</strong></span> <span class='ocrx_word' id='word_1_435' title='bbox 2897 2993 3100 3047; x_wconf 90' lang='lat' dir='ltr'><strong>clarius</strong></span> <span class='ocrx_word' id='word_1_436' title='bbox 3161 2993 3274 3046; x_wconf 76' lang='lat' dir='ltr'><strong>hzrc</strong></span> <span class='ocrx_word' id='word_1_437' title='bbox 3325 2992 3440 3060; x_wconf 87' lang='lat' dir='ltr'><strong>ipsa</strong></span> 
     </span>
    </p>
   </div>
   <div class='ocr_carea' id='block_1_60' title="bbox 1855 3084 3441 3155">
    <p class='ocr_par' dir='ltr' id='par_1_60' title="bbox 1855 3084 3441 3155">
     <span class='ocr_line' id='line_1_60' title="bbox 1855 3084 3441 3155; baseline -0.001 -16"><span class='ocrx_word' id='word_1_438' title='bbox 1855 3099 2212 3155; x_wconf 77' lang='lat' dir='ltr'><strong>exponemus,</strong></span> <span class='ocrx_word' id='word_1_439' title='bbox 2263 3102 2451 3140; x_wconf 88' lang='lat' dir='ltr'><strong>earum</strong></span> <span class='ocrx_word' id='word_1_440' title='bbox 2533 3084 2950 3154; x_wconf 90' lang='lat' dir='ltr'><strong>interpretando</strong></span> <span class='ocrx_word' id='word_1_441' title='bbox 3031 3085 3221 3147; x_wconf 85' lang='lat' dir='ltr'><strong>veluti,</strong></span> <span class='ocrx_word' id='word_1_442' title='bbox 3279 3094 3441 3152; x_wconf 78' lang='lat' dir='ltr'><strong>atque</strong></span> 
     </span>
    </p>
   </div>
   <div class='ocr_carea' id='block_1_61' title="bbox 1855 3173 3442 3244">
    <p class='ocr_par' dir='ltr' id='par_1_61' title="bbox 1855 3173 3442 3244">
     <span class='ocr_line' id='line_1_61' title="bbox 1855 3173 3442 3244; baseline -0.004 -12"><span class='ocrx_word' id='word_1_443' title='bbox 1855 3179 2206 3244; x_wconf 81' lang='lat' dir='ltr'><strong>expendendo</strong></span> <span class='ocrx_word' id='word_1_444' title='bbox 2224 3178 2355 3242; x_wconf 81' lang='lat' dir='ltr'><strong>vim,</strong></span> <span class='ocrx_word' id='word_1_445' title='bbox 2389 3191 2453 3231; x_wconf 89' lang='lat' dir='ltr'><strong>ac</strong></span> <span class='ocrx_word' id='word_1_446' title='bbox 2489 3175 2822 3230; x_wconf 81' lang='lat' dir='ltr'><strong>facultatem.</strong></span> <span class='ocrx_word' id='word_1_447' title='bbox 2866 3173 2961 3228; x_wconf 86' lang='lat' dir='ltr'><strong>Est</strong></span> <span class='ocrx_word' id='word_1_448' title='bbox 2986 3175 3166 3242; x_wconf 88' lang='lat' dir='ltr'><strong>itaque</strong></span> <span class='ocrx_word' id='word_1_449' title='bbox 3197 3176 3442 3228; x_wconf 87' lang='lat' dir='ltr'><strong>rationa-</strong></span> 
     </span>
    </p>
   </div>
   <div class='ocr_carea' id='block_1_62' title="bbox 159 3235 1755 3336">
    <p class='ocr_par' dir='ltr' id='par_1_62' title="bbox 159 3235 1749 3336">
     <span class='ocr_line' id='line_1_62' title="bbox 159 3235 1749 3336; baseline 0.001 -21"><span class='ocrx_word' id='word_1_450' title='bbox 159 3235 358 3332; x_wconf 78' lang='grc' dir='ltr'>εἴρηκε</span> <span class='ocrx_word' id='word_1_451' title='bbox 379 3303 394 3326; x_wconf 94' lang='grc'><strong>,</strong></span> <span class='ocrx_word' id='word_1_452' title='bbox 439 3235 463 3314; x_wconf 44' lang='grc'><strong>«⁷</strong></span> <span class='ocrx_word' id='word_1_453' title='bbox 494 3235 722 3333; x_wconf 76' lang='grc' dir='ltr'>δύναμίς</span> <span class='ocrx_word' id='word_1_454' title='bbox 1096 3268 1191 3319; x_wconf 81' lang='grc' dir='ltr'><strong>καὶ</strong></span> <span class='ocrx_word' id='word_1_455' title='bbox 1216 3235 1590 3334; x_wconf 26' lang='grc' dir='ltr'>ἐπιθῑυμητικὴ</span> <span class='ocrx_word' id='word_1_456' title='bbox 1615 3235 1749 3333; x_wconf 82' lang='grc' dir='ltr'>πρὸς</span> 
     </span>
    </p>
   </div>
   <div class='ocr_carea' id='block_1_63' title="bbox 1858 3235 3443 3336">
    <p class='ocr_par' dir='ltr' id='par_1_63' title="bbox 1858 3264 3443 3336">
     <span class='ocr_line' id='line_1_63' title="bbox 1858 3264 3443 3336; baseline -0.003 -14"><span class='ocrx_word' id='word_1_457' title='bbox 1858 3269 1925 3322; x_wconf 89' lang='lat' dir='ltr'><strong>lis</strong></span> <span class='ocrx_word' id='word_1_458' title='bbox 1955 3269 2152 3321; x_wconf 71' lang='lat' dir='ltr'><strong>animae</strong></span> <span class='ocrx_word' id='word_1_459' title='bbox 2181 3267 2452 3329; x_wconf 86' lang='lat' dir='ltr'><strong>voluntas,</strong></span> <span class='ocrx_word' id='word_1_460' title='bbox 2473 3276 2533 3320; x_wconf 94' lang='lat' dir='ltr'><strong>ut</strong></span> <span class='ocrx_word' id='word_1_461' title='bbox 2564 3267 2848 3336; x_wconf 89' lang='lat' dir='ltr'><strong>perpaucis</strong></span> <span class='ocrx_word' id='word_1_462' title='bbox 2873 3267 3033 3319; x_wconf 86' lang='lat' dir='ltr'><strong>etiam</strong></span> <span class='ocrx_word' id='word_1_463' title='bbox 3064 3281 3289 3334; x_wconf 76' lang='lat' dir='ltr'><strong>magnus</strong></span> <span class='ocrx_word' id='word_1_464' title='bbox 3317 3264 3443 3318; x_wconf 85' lang='lat' dir='ltr'><strong>Dio-</strong></span> 
     </span>
    </p>
   </div>
   <div class='ocr_carea' id='block_1_64' title="bbox 157 3352 1750 3425">
    <p class='ocr_par' dir='ltr' id='par_1_64' title="bbox 157 3352 1750 3425">
     <span class='ocr_line' id='line_1_64' title="bbox 157 3352 1750 3425; baseline 0 -20"><span class='ocrx_word' id='word_1_465' title='bbox 157 3355 222 3405; x_wconf 87' lang='grc' dir='ltr'>τὸ</span> <span class='ocrx_word' id='word_1_466' title='bbox 259 3352 635 3406; x_wconf 78' lang='grc' dir='ltr'>συνάπτεσθαι</span> <span class='ocrx_word' id='word_1_467' title='bbox 662 3355 739 3422; x_wconf 81' lang='grc' dir='ltr'>τῷ</span> <span class='ocrx_word' id='word_1_468' title='bbox 762 3354 884 3424; x_wconf 86' lang='grc' dir='ltr'><strong>Θεῷ</strong></span> <span class='ocrx_word' id='word_1_469' title='bbox 916 3355 1016 3425; x_wconf 85' lang='grc' dir='ltr'><strong>τὴν</strong></span> <span class='ocrx_word' id='word_1_470' title='bbox 1039 3355 1240 3424; x_wconf 78' lang='grc' dir='ltr'>ψυχὴν,</span> <span class='ocrx_word' id='word_1_471' title='bbox 1266 3355 1370 3408; x_wconf 83' lang='grc' dir='ltr'><strong>ὑπὸ</strong></span> <span class='ocrx_word' id='word_1_472' title='bbox 1392 3354 1529 3407; x_wconf 90' lang='grc' dir='ltr'>Θεοῦ</span> <span class='ocrx_word' id='word_1_473' title='bbox 1551 3355 1750 3407; x_wconf 88' lang='grc' dir='ltr'>οὑσιω-</span> 
     </span>
    </p>
   </div>
   <div class='ocr_carea' id='block_1_65' title="bbox 159 3443 1752 3519">
    <p class='ocr_par' dir='ltr' id='par_1_65' title="bbox 159 3443 1752 3519">
     <span class='ocr_line' id='line_1_65' title="bbox 159 3443 1752 3519; baseline 0.001 -23"><span class='ocrx_word' id='word_1_474' title='bbox 159 3445 270 3506; x_wconf 85' lang='grc' dir='ltr'>δὼς</span> <span class='ocrx_word' id='word_1_475' title='bbox 308 3446 452 3514; x_wconf 81' lang='grc' dir='ltr'>αὐτῇ</span> <span class='ocrx_word' id='word_1_476' title='bbox 489 3445 868 3516; x_wconf 84' lang='grc' dir='ltr'>δεδωρημένη,</span> <span class='ocrx_word' id='word_1_477' title='bbox 909 3447 978 3500; x_wconf 76' lang='grc' dir='ltr'>δι’</span> <span class='ocrx_word' id='word_1_478' title='bbox 1011 3443 1077 3519; x_wconf 79' lang='grc' dir='ltr'>ἧς</span> <span class='ocrx_word' id='word_1_479' title='bbox 1123 3447 1435 3516; x_wconf 75' lang='grc' dir='ltr'>εἰργάζετο,</span> <span class='ocrx_word' id='word_1_480' title='bbox 1490 3447 1583 3499; x_wconf 75' lang='grc' dir='ltr'><strong>καὶ</strong></span> <span class='ocrx_word' id='word_1_481' title='bbox 1627 3445 1752 3512; x_wconf 82' lang='grc' dir='ltr'><strong>ἐφύ-</strong></span> 
     </span>
    </p>
   </div>
   <div class='ocr_carea' id='block_1_66' title="bbox 159 3537 1747 3608">
    <p class='ocr_par' dir='ltr' id='par_1_66' title="bbox 159 3537 1747 3608">
     <span class='ocr_line' id='line_1_66' title="bbox 159 3537 1747 3608; baseline 0.001 -21"><span class='ocrx_word' id='word_1_482' title='bbox 159 3537 363 3588; x_wconf 88' lang='grc' dir='ltr'>λαττεν</span> <span class='ocrx_word' id='word_1_483' title='bbox 399 3539 428 3589; x_wconf 88' lang='grc' dir='ltr'>ὁ</span> <span class='ocrx_word' id='word_1_484' title='bbox 460 3537 678 3605; x_wconf 82' lang='grc' dir='ltr'>πρῶτος</span> <span class='ocrx_word' id='word_1_485' title='bbox 725 3539 1016 3607; x_wconf 76' lang='grc' dir='ltr'>ἄνθρωπος</span> <span class='ocrx_word' id='word_1_486' title='bbox 1047 3539 1116 3590; x_wconf 79' lang='grc' dir='ltr'>τά</span> <span class='ocrx_word' id='word_1_487' title='bbox 1150 3538 1270 3590; x_wconf 87' lang='grc' dir='ltr'>θεῖα</span> <span class='ocrx_word' id='word_1_488' title='bbox 1316 3539 1747 3608; x_wconf 80' lang='grc' dir='ltr'>προστάγματα,</span> 
     </span>
    </p>
   </div>
   <div class='ocr_carea' id='block_1_67' title="bbox 161 3626 1749 3698">
    <p class='ocr_par' dir='ltr' id='par_1_67' title="bbox 161 3626 1749 3698">
     <span class='ocr_line' id='line_1_67' title="bbox 161 3626 1749 3698; baseline -0.003 -15"><span class='ocrx_word' id='word_1_489' title='bbox 161 3633 228 3683; x_wconf 83' lang='grc' dir='ltr'><strong>ἐκ</strong></span> <span class='ocrx_word' id='word_1_490' title='bbox 261 3629 542 3698; x_wconf 84' lang='grc' dir='ltr'>θελήσεως</span> <span class='ocrx_word' id='word_1_491' title='bbox 567 3629 807 3698; x_wconf 74' lang='grc' dir='ltr'>ψυχικῆς</span> <span class='ocrx_word' id='word_1_492' title='bbox 830 3631 912 3690; x_wconf 86' lang='grc' dir='ltr'><strong>είς</strong></span> <span class='ocrx_word' id='word_1_493' title='bbox 939 3629 1226 3698; x_wconf 83' lang='grc' dir='ltr'>ἐνέργειαν</span> <span class='ocrx_word' id='word_1_494' title='bbox 1251 3629 1359 3681; x_wconf 79' lang='grc' dir='ltr'>τῶν</span> <span class='ocrx_word' id='word_1_495' title='bbox 1394 3628 1624 3680; x_wconf 84' lang='grc' dir='ltr'>ἐντολῶν</span> <span class='ocrx_word' id='word_1_496' title='bbox 1653 3626 1749 3678; x_wconf 88' lang='grc' dir='ltr'>τοῦ</span> 
     </span>
    </p>
   </div>
   <div class='ocr_carea' id='block_1_68' title="bbox 160 3720 1745 3790">
    <p class='ocr_par' dir='ltr' id='par_1_68' title="bbox 160 3720 1745 3790">
     <span class='ocr_line' id='line_1_68' title="bbox 160 3720 1745 3790; baseline -0.002 -16"><span class='ocrx_word' id='word_1_497' title='bbox 160 3721 300 3774; x_wconf 88' lang='grc' dir='ltr'>Θεοῦ</span> <span class='ocrx_word' id='word_1_498' title='bbox 329 3722 646 3790; x_wconf 82' lang='grc' dir='ltr'>ἐρχόμενος.</span> <span class='ocrx_word' id='word_1_499' title='bbox 680 3741 698 3772; x_wconf 75' lang='grc' dir='ltr'>ι</span> <span class='ocrx_word' id='word_1_500' title='bbox 737 3721 900 3773; x_wconf 80' lang='grc' dir='ltr'>Ἀλλὰ</span> <span class='ocrx_word' id='word_1_501' title='bbox 929 3721 1106 3774; x_wconf 85' lang='grc' dir='ltr'>ταῦτα</span> <span class='ocrx_word' id='word_1_502' title='bbox 1136 3723 1236 3788; x_wconf 83' lang='grc' dir='ltr'>μὲν</span> <span class='ocrx_word' id='word_1_503' title='bbox 1267 3722 1361 3772; x_wconf 78' lang='grc' dir='ltr'>ἐπὶ</span> <span class='ocrx_word' id='word_1_504' title='bbox 1391 3720 1484 3771; x_wconf 93' lang='grc' dir='ltr'>τοῦ</span> <span class='ocrx_word' id='word_1_505' title='bbox 1533 3720 1706 3788; x_wconf 85' lang='grc' dir='ltr'>Ἀδάμ</span> <span class='ocrx_word' id='word_1_506' title='bbox 1732 3736 1745 3749; x_wconf 90' lang='grc'><strong>·</strong></span> 
     </span>
    </p>
   </div>
   <div class='ocr_carea' id='block_1_69' title="bbox 161 3810 1750 3883">
    <p class='ocr_par' dir='ltr' id='par_1_69' title="bbox 161 3810 1750 3883">
     <span class='ocr_line' id='line_1_69' title="bbox 161 3810 1750 3883; baseline -0.001 -19"><span class='ocrx_word' id='word_1_507' title='bbox 161 3816 384 3883; x_wconf 78' lang='grc' dir='ltr'>εἴρηται</span> <span class='ocrx_word' id='word_1_508' title='bbox 427 3813 483 3864; x_wconf 87' lang='grc' dir='ltr'>δὲ</span> <span class='ocrx_word' id='word_1_509' title='bbox 523 3814 616 3864; x_wconf 76' lang='grc' dir='ltr'>ἐπὶ</span> <span class='ocrx_word' id='word_1_510' title='bbox 653 3812 894 3881; x_wconf 80' lang='grc' dir='ltr'>Χριστοῦ</span> <span class='ocrx_word' id='word_1_511' title='bbox 947 3810 1044 3862; x_wconf 79' lang='grc' dir='ltr'>τοῦ</span> <span class='ocrx_word' id='word_1_512' title='bbox 1089 3810 1245 3872; x_wconf 87' lang='grc' dir='ltr'>Υίοῦ,</span> <span class='ocrx_word' id='word_1_513' title='bbox 1281 3812 1378 3863; x_wconf 70' lang='grc' dir='ltr'>καὶ</span> <span class='ocrx_word' id='word_1_514' title='bbox 1406 3811 1490 3863; x_wconf 81' lang='grc' dir='ltr'><strong>ὅτι</strong></span> <span class='ocrx_word' id='word_1_515' title='bbox 1535 3811 1750 3880; x_wconf 78' lang='grc' dir='ltr'>μορφὴν</span> 
     </span>
    </p>
   </div>
   <div class='ocr_carea' id='block_1_70' title="bbox 160 3901 1750 3972">
    <p class='ocr_par' dir='ltr' id='par_1_70' title="bbox 160 3901 1750 3972">
     <span class='ocr_line' id='line_1_70' title="bbox 160 3901 1750 3972; baseline -0.003 -17"><span class='ocrx_word' id='word_1_516' title='bbox 160 3903 564 3972; x_wconf 80' lang='grc' dir='ltr'>δούλου,ῆγουν</span> <span class='ocrx_word' id='word_1_517' title='bbox 589 3902 778 3953; x_wconf 83' lang='grc' dir='ltr'>οὐσίαν</span> <span class='ocrx_word' id='word_1_518' title='bbox 800 3901 1016 3965; x_wconf 77' lang='grc' dir='ltr'>δούλου,</span> <span class='ocrx_word' id='word_1_519' title='bbox 1049 3902 1321 3962; x_wconf 78' lang='grc' dir='ltr'>ἑκουσίως</span> <span class='ocrx_word' id='word_1_520' title='bbox 1349 3901 1562 3954; x_wconf 71' lang='grc' dir='ltr'>ἐλαϐεν.</span> <span class='ocrx_word' id='word_1_521' title='bbox 1600 3901 1750 3970; x_wconf 82' lang='grc' dir='ltr'>Λῦτη</span> 
     </span>
    </p>
   </div>
   <div class='ocr_carea' id='block_1_71' title="bbox 160 3992 1749 4062">
    <p class='ocr_par' dir='ltr' id='par_1_71' title="bbox 160 3992 1749 4062">
     <span class='ocr_line' id='line_1_71' title="bbox 160 3992 1749 4062; baseline -0.001 -16"><span class='ocrx_word' id='word_1_522' title='bbox 160 3993 349 4046; x_wconf 85' lang='grc' dir='ltr'>τοίνυν</span> <span class='ocrx_word' id='word_1_523' title='bbox 379 3995 412 4062; x_wconf 86' lang='grc' dir='ltr'>ἡ</span> <span class='ocrx_word' id='word_1_524' title='bbox 452 3993 596 4045; x_wconf 70' lang='grc' dir='ltr'>κατὰ</span> <span class='ocrx_word' id='word_1_525' title='bbox 647 3993 740 4044; x_wconf 83' lang='grc' dir='ltr'>τὸν</span> <span class='ocrx_word' id='word_1_526' title='bbox 775 3992 1010 4061; x_wconf 85' lang='grc' dir='ltr'>Χριστὸν</span> <span class='ocrx_word' id='word_1_527' title='bbox 1065 3993 1273 4061; x_wconf 79' lang='grc' dir='ltr'>μορφὴ,</span> <span class='ocrx_word' id='word_1_528' title='bbox 1305 3994 1400 4044; x_wconf 74' lang='grc' dir='ltr'>καὶ</span> <span class='ocrx_word' id='word_1_529' title='bbox 1451 3993 1611 4046; x_wconf 82' lang='grc' dir='ltr'>οὐσία</span> <span class='ocrx_word' id='word_1_530' title='bbox 1654 3994 1749 4045; x_wconf 88' lang='grc' dir='ltr'><strong>τοῦ</strong></span> 
     </span>
    </p>
   </div>
   <div class='ocr_carea' id='block_1_72' title="bbox 159 4083 1750 4153">
    <p class='ocr_par' dir='ltr' id='par_1_72' title="bbox 159 4083 1750 4153">
     <span class='ocr_line' id='line_1_72' title="bbox 159 4083 1750 4153; baseline 0 -17"><span class='ocrx_word' id='word_1_531' title='bbox 159 4084 381 4147; x_wconf 81' lang='grc' dir='ltr'>δούλου,</span> <span class='ocrx_word' id='word_1_532' title='bbox 418 4083 561 4136; x_wconf 79' lang='grc' dir='ltr'>κατὰ</span> <span class='ocrx_word' id='word_1_533' title='bbox 592 4083 646 4135; x_wconf 86' lang='grc' dir='ltr'>τί</span> <span class='ocrx_word' id='word_1_534' title='bbox 675 4083 869 4135; x_wconf 81' lang='grc' dir='ltr'>ἀκούει</span> <span class='ocrx_word' id='word_1_535' title='bbox 909 4083 1095 4153; x_wconf 80' lang='grc' dir='ltr'>μορφὴ</span> <span class='ocrx_word' id='word_1_536' title='bbox 1137 4083 1348 4148; x_wconf 87' lang='grc' dir='ltr'>δούλου,</span> <span class='ocrx_word' id='word_1_537' title='bbox 1394 4086 1535 4136; x_wconf 71' lang='grc' dir='ltr'>κατὰ</span> <span class='ocrx_word' id='word_1_538' title='bbox 1590 4085 1750 4139; x_wconf 91' lang='grc' dir='ltr'>ποίαν</span> 
     </span>
    </p>
   </div>
   <div class='ocr_carea' id='block_1_73' title="bbox 159 4173 1750 4246">
    <p class='ocr_par' dir='ltr' id='par_1_73' title="bbox 159 4173 1750 4246">
     <span class='ocr_line' id='line_1_73' title="bbox 159 4173 1750 4246; baseline 0.001 -19"><span class='ocrx_word' id='word_1_539' title='bbox 159 4174 436 4239; x_wconf 85' lang='grc' dir='ltr'>δουλείαν,</span> <span class='ocrx_word' id='word_1_540' title='bbox 469 4179 563 4229; x_wconf 77' lang='grc' dir='ltr'><strong>καὶ</strong></span> <span class='ocrx_word' id='word_1_541' title='bbox 604 4177 932 4245; x_wconf 87' lang='grc' dir='ltr'>ὑπουργίαν,</span> <span class='ocrx_word' id='word_1_542' title='bbox 969 4177 1062 4226; x_wconf 79' lang='grc' dir='ltr'><strong>καὶ</strong></span> <span class='ocrx_word' id='word_1_543' title='bbox 1095 4177 1412 4246; x_wconf 81' lang='grc' dir='ltr'>ὑποταγήν;</span> <span class='ocrx_word' id='word_1_544' title='bbox 1470 4173 1580 4246; x_wconf 81' lang='grc' dir='ltr'>ἆρα</span> <span class='ocrx_word' id='word_1_545' title='bbox 1609 4178 1750 4229; x_wconf 79' lang='grc' dir='ltr'>κατὰ</span> 
     </span>
    </p>
   </div>
   <div class='ocr_carea' id='block_1_74' title="bbox 159 4268 1747 4342">
    <p class='ocr_par' dir='ltr' id='par_1_74' title="bbox 159 4268 1747 4342">
     <span class='ocr_line' id='line_1_74' title="bbox 159 4268 1747 4342; baseline 0.004 -23"><span class='ocrx_word' id='word_1_546' title='bbox 159 4269 261 4337; x_wconf 74' lang='grc' dir='ltr'>τὴν</span> <span class='ocrx_word' id='word_1_547' title='bbox 293 4268 638 4337; x_wconf 80' lang='grc' dir='ltr'>Δεσποτικὴν</span> <span class='ocrx_word' id='word_1_548' title='bbox 669 4268 917 4337; x_wconf 86' lang='grc' dir='ltr'>θέλησιν,</span> <span class='ocrx_word' id='word_1_549' title='bbox 952 4270 1050 4321; x_wconf 76' lang='grc' dir='ltr'>καὶ</span> <span class='ocrx_word' id='word_1_550' title='bbox 1074 4269 1380 4339; x_wconf 82' lang='grc' dir='ltr'>ἐνέργειαν,</span> <span class='ocrx_word' id='word_1_551' title='bbox 1409 4270 1503 4322; x_wconf 82' lang='grc' dir='ltr'>καὶ</span> <span class='ocrx_word' id='word_1_552' title='bbox 1531 4270 1747 4342; x_wconf 68' lang='grc' dir='ltr'>μορφὴν</span> 
     </span>
    </p>
   </div>
   <div class='ocr_carea' id='block_1_75' title="bbox 158 4358 1526 4431">
    <p class='ocr_par' dir='ltr' id='par_1_75' title="bbox 158 4358 1526 4431">
     <span class='ocr_line' id='line_1_75' title="bbox 158 4358 1526 4431; baseline 0.003 -21"><span class='ocrx_word' id='word_1_553' title='bbox 158 4358 255 4412; x_wconf 90' lang='grc' dir='ltr'>τοῦ</span> <span class='ocrx_word' id='word_1_554' title='bbox 291 4358 430 4411; x_wconf 90' lang='grc' dir='ltr'>Θεοῦ</span> <span class='ocrx_word' id='word_1_555' title='bbox 458 4359 658 4427; x_wconf 87' lang='grc' dir='ltr'>Λόγου,</span> <span class='ocrx_word' id='word_1_556' title='bbox 687 4358 793 4411; x_wconf 84' lang='grc' dir='ltr'><strong>ἀπό</strong></span> <span class='ocrx_word' id='word_1_557' title='bbox 827 4375 889 4426; x_wconf 90' lang='grc' dir='ltr'><strong>γε</strong></span> <span class='ocrx_word' id='word_1_558' title='bbox 916 4361 1017 4429; x_wconf 86' lang='grc' dir='ltr'><strong>τῆς</strong></span> <span class='ocrx_word' id='word_1_559' title='bbox 1055 4359 1268 4430; x_wconf 82' lang='grc' dir='ltr'>’Λρείου</span> <span class='ocrx_word' id='word_1_560' title='bbox 1293 4360 1526 4431; x_wconf 81' lang='grc' dir='ltr'>μανία;;</span> 
     </span>
    </p>
   </div>
   <div class='ocr_carea' id='block_1_76' title="bbox 241 4620 1750 4699">
    <p class='ocr_par' dir='ltr' id='par_1_76' title="bbox 241 4620 1750 4699">
     <span class='ocr_line' id='line_1_76' title="bbox 241 4620 1750 4699; baseline 0.005 -25"><span class='ocrx_word' id='word_1_561' title='bbox 241 4620 392 4674; x_wconf 84' lang='grc' dir='ltr'>Ἀλλ’</span> <span class='ocrx_word' id='word_1_562' title='bbox 422 4622 611 4695; x_wconf 83' lang='grc' dir='ltr'>ἐπειδὴ</span> <span class='ocrx_word' id='word_1_563' title='bbox 636 4623 725 4677; x_wconf 80' lang='grc' dir='ltr'>διὰ</span> <span class='ocrx_word' id='word_1_564' title='bbox 749 4626 850 4694; x_wconf 84' lang='grc' dir='ltr'><strong>τῆς</strong></span> <span class='ocrx_word' id='word_1_565' title='bbox 874 4625 1162 4696; x_wconf 77' lang='grc' dir='ltr'>παρακοῆς</span> <span class='ocrx_word' id='word_1_566' title='bbox 1178 4625 1274 4679; x_wconf 90' lang='grc' dir='ltr'>τοῦ</span> <span class='ocrx_word' id='word_1_567' title='bbox 1300 4625 1516 4696; x_wconf 79' lang='grc' dir='ltr'>πρώτου</span> <span class='ocrx_word' id='word_1_568' title='bbox 1538 4627 1750 4699; x_wconf 61' lang='grc' dir='ltr'>ἀνθρώ-</span> 
     </span>
    </p>
   </div>
   <div class='ocr_carea' id='block_1_77' title="bbox 160 4714 1747 4789">
    <p class='ocr_par' dir='ltr' id='par_1_77' title="bbox 160 4714 1747 4789">
     <span class='ocr_line' id='line_1_77' title="bbox 160 4714 1747 4789; baseline 0.005 -24"><span class='ocrx_word' id='word_1_569' title='bbox 160 4732 291 4778; x_wconf 86' lang='grc' dir='ltr'>που,</span> <span class='ocrx_word' id='word_1_570' title='bbox 357 4714 684 4783; x_wconf 76' lang='grc' dir='ltr'>ἁμαρτωλοὶ</span> <span class='ocrx_word' id='word_1_571' title='bbox 739 4717 1088 4785; x_wconf 84' lang='grc' dir='ltr'>κατέστημεν</span> <span class='ocrx_word' id='word_1_572' title='bbox 1125 4719 1175 4770; x_wconf 78' lang='grc' dir='ltr'><strong>οἱ</strong></span> <span class='ocrx_word' id='word_1_573' title='bbox 1234 4718 1536 4789; x_wconf 82' lang='grc' dir='ltr'>ἄνθρωποι,</span> <span class='ocrx_word' id='word_1_574' title='bbox 1598 4738 1747 4789; x_wconf 85' lang='grc' dir='ltr'>παρ-</span> 
     </span>
    </p>
   </div>
   <div class='ocr_carea' id='block_1_78' title="bbox 158 4805 1749 4875">
    <p class='ocr_par' dir='ltr' id='par_1_78' title="bbox 158 4805 1749 4875">
     <span class='ocr_line' id='line_1_78' title="bbox 158 4805 1749 4875; baseline 0.003 -18"><span class='ocrx_word' id='word_1_575' title='bbox 158 4805 298 4858; x_wconf 84' lang='grc' dir='ltr'>ακού</span> <span class='ocrx_word' id='word_1_576' title='bbox 309 4822 501 4869; x_wconf 78' lang='grc' dir='ltr'>σαντος</span> <span class='ocrx_word' id='word_1_577' title='bbox 526 4807 623 4859; x_wconf 90' lang='grc' dir='ltr'>τοῦ</span> <span class='ocrx_word' id='word_1_578' title='bbox 661 4807 834 4875; x_wconf 78' lang='grc' dir='ltr'>Ἀδάμ</span> <span class='ocrx_word' id='word_1_579' title='bbox 852 4808 960 4860; x_wconf 83' lang='grc' dir='ltr'><strong>τῶν</strong></span> <span class='ocrx_word' id='word_1_580' title='bbox 985 4809 1218 4862; x_wconf 82' lang='grc' dir='ltr'>ἐντολῶν</span> <span class='ocrx_word' id='word_1_581' title='bbox 1247 4809 1340 4862; x_wconf 89' lang='grc' dir='ltr'>τοῦ</span> <span class='ocrx_word' id='word_1_582' title='bbox 1365 4809 1524 4872; x_wconf 89' lang='grc' dir='ltr'>Θεοῦ,</span> <span class='ocrx_word' id='word_1_583' title='bbox 1556 4810 1749 4863; x_wconf 84' lang='grc' dir='ltr'>τούτου</span> 
     </span>
    </p>
   </div>
   <div class='ocr_carea' id='block_1_79' title="bbox 161 4898 1752 4972">
    <p class='ocr_par' dir='ltr' id='par_1_79' title="bbox 161 4898 1752 4972">
     <span class='ocr_line' id='line_1_79' title="bbox 161 4898 1752 4972; baseline 0.003 -20"><span class='ocrx_word' id='word_1_584' title='bbox 161 4900 325 4970; x_wconf 78' lang='grc' dir='ltr'>χάριν</span> <span class='ocrx_word' id='word_1_585' title='bbox 353 4898 444 4951; x_wconf 72' lang='grc' dir='ltr'><strong>διὰ</strong></span> <span class='ocrx_word' id='word_1_586' title='bbox 490 4900 591 4969; x_wconf 89' lang='grc' dir='ltr'><strong>τῆς</strong></span> <span class='ocrx_word' id='word_1_587' title='bbox 620 4901 831 4963; x_wconf 80' lang='grc' dir='ltr'>οἰκείας</span> <span class='ocrx_word' id='word_1_588' title='bbox 856 4902 1027 4955; x_wconf 85' lang='grc' dir='ltr'>αὑτοῦ</span> <span class='ocrx_word' id='word_1_589' title='bbox 1058 4904 1086 4954; x_wconf 88' lang='lat'><strong>6</strong></span> <span class='ocrx_word' id='word_1_590' title='bbox 1116 4903 1352 4972; x_wconf 81' lang='grc' dir='ltr'>Χριστὸς</span> <span class='ocrx_word' id='word_1_591' title='bbox 1390 4905 1642 4972; x_wconf 83' lang='grc' dir='ltr'>ὑπακοῆς</span> <span class='ocrx_word' id='word_1_592' title='bbox 1672 4906 1752 4957; x_wconf 85' lang='grc' dir='ltr'>δι-</span> 
     </span>
    </p>
   </div>
   <div class='ocr_carea' id='block_1_80' title="bbox 160 4990 1750 5063">
    <p class='ocr_par' dir='ltr' id='par_1_80' title="bbox 160 4990 1750 5063">
     <span class='ocr_line' id='line_1_80' title="bbox 160 4990 1750 5063; baseline 0.003 -21"><span class='ocrx_word' id='word_1_593' title='bbox 160 4991 355 5053; x_wconf 78' lang='grc' dir='ltr'>καίους</span> <span class='ocrx_word' id='word_1_594' title='bbox 385 4991 536 5058; x_wconf 81' lang='grc' dir='ltr'>ἡμᾶς</span> <span class='ocrx_word' id='word_1_595' title='bbox 587 4990 948 5060; x_wconf 87' lang='grc' dir='ltr'>κατέστησεν,</span> <span class='ocrx_word' id='word_1_596' title='bbox 985 4992 1046 5044; x_wconf 92' lang='grc' dir='ltr'><strong>ἐν</strong></span> <span class='ocrx_word' id='word_1_597' title='bbox 1083 4995 1149 5062; x_wconf 80' lang='grc' dir='ltr'><strong>τῇ</strong></span> <span class='ocrx_word' id='word_1_598' title='bbox 1201 4995 1384 5063; x_wconf 82' lang='grc' dir='ltr'>μορφῇ</span> <span class='ocrx_word' id='word_1_599' title='bbox 1435 4993 1532 5046; x_wconf 91' lang='grc' dir='ltr'>τοῦ</span> <span class='ocrx_word' id='word_1_600' title='bbox 1560 4995 1750 5048; x_wconf 80' lang='grc' dir='ltr'>δούλου</span> 
     </span>
    </p>
   </div>
   <div class='ocr_carea' id='block_1_81' title="bbox 160 5082 1750 5153">
    <p class='ocr_par' dir='ltr' id='par_1_81' title="bbox 160 5082 1750 5153">
     <span class='ocr_line' id='line_1_81' title="bbox 160 5082 1750 5153; baseline 0.004 -19"><span class='ocrx_word' id='word_1_601' title='bbox 160 5082 396 5144; x_wconf 87' lang='grc' dir='ltr'>τελέσας</span> <span class='ocrx_word' id='word_1_602' title='bbox 444 5083 513 5135; x_wconf 83' lang='grc' dir='ltr'>τὰ</span> <span class='ocrx_word' id='word_1_603' title='bbox 579 5085 985 5153; x_wconf 81' lang='grc' dir='ltr'>προστάγματα</span> <span class='ocrx_word' id='word_1_604' title='bbox 1039 5086 1138 5138; x_wconf 87' lang='grc' dir='ltr'>τοῦ</span> <span class='ocrx_word' id='word_1_605' title='bbox 1198 5089 1494 5152; x_wconf 81' lang='grc' dir='ltr'>Δεσπότου,</span> <span class='ocrx_word' id='word_1_606' title='bbox 1555 5087 1591 5140; x_wconf 74' lang='grc' dir='ltr'>ἃ</span> <span class='ocrx_word' id='word_1_607' title='bbox 1648 5089 1750 5141; x_wconf 75' lang='grc' dir='ltr'><strong>οὐκ</strong></span> 
     </span>
    </p>
   </div>
   <div class='ocr_carea' id='block_1_82' title="bbox 162 5169 1752 5245">
    <p class='ocr_par' dir='ltr' id='par_1_82' title="bbox 162 5169 1752 5245">
     <span class='ocr_line' id='line_1_82' title="bbox 162 5169 1752 5245; baseline 0.004 -24"><span class='ocrx_word' id='word_1_608' title='bbox 162 5169 434 5238; x_wconf 79' lang='grc' dir='ltr'>ἐφύλαξεν</span> <span class='ocrx_word' id='word_1_609' title='bbox 487 5172 749 5240; x_wconf 83' lang='grc' dir='ltr'>ἁπαρχῆς</span> <span class='ocrx_word' id='word_1_610' title='bbox 778 5175 806 5224; x_wconf 95' lang='lat'><strong>6</strong></span> <span class='ocrx_word' id='word_1_611' title='bbox 838 5172 1044 5236; x_wconf 80' lang='grc' dir='ltr'>δοῦλος.</span> <span class='ocrx_word' id='word_1_612' title='bbox 1083 5175 1294 5245; x_wconf 83' lang='grc' dir='ltr'>Ὠσπερ</span> <span class='ocrx_word' id='word_1_613' title='bbox 1333 5178 1442 5244; x_wconf 71' lang='grc' dir='ltr'>γὰρ</span> <span class='ocrx_word' id='word_1_614' title='bbox 1465 5179 1556 5227; x_wconf 74' lang='grc' dir='ltr'><strong>τὸν</strong></span> <span class='ocrx_word' id='word_1_615' title='bbox 1585 5175 1752 5229; x_wconf 90' lang='grc' dir='ltr'>θάνα-</span> 
     </span>
    </p>
   </div>
   <div class='ocr_carea' id='block_1_83' title="bbox 161 5262 1753 5339">
    <p class='ocr_par' dir='ltr' id='par_1_83' title="bbox 161 5262 1753 5339">
     <span class='ocr_line' id='line_1_83' title="bbox 161 5262 1753 5339; baseline 0.005 -25"><span class='ocrx_word' id='word_1_616' title='bbox 161 5279 277 5326; x_wconf 89' lang='grc' dir='ltr'>τον,</span> <span class='ocrx_word' id='word_1_617' title='bbox 311 5262 373 5315; x_wconf 83' lang='grc' dir='ltr'><strong>ὃν</strong></span> <span class='ocrx_word' id='word_1_618' title='bbox 427 5263 727 5332; x_wconf 85' lang='grc' dir='ltr'>ἐχρεώστει</span> <span class='ocrx_word' id='word_1_619' title='bbox 779 5268 808 5318; x_wconf 91' lang='lat'><strong>6</strong></span> <span class='ocrx_word' id='word_1_620' title='bbox 857 5265 1079 5331; x_wconf 90' lang='grc' dir='ltr'>δοῦλος,</span> <span class='ocrx_word' id='word_1_621' title='bbox 1111 5267 1202 5320; x_wconf 83' lang='grc' dir='ltr'><strong>διὰ</strong></span> <span class='ocrx_word' id='word_1_622' title='bbox 1251 5269 1354 5338; x_wconf 89' lang='grc' dir='ltr'><strong>τῆς</strong></span> <span class='ocrx_word' id='word_1_623' title='bbox 1395 5271 1612 5339; x_wconf 81' lang='grc' dir='ltr'>μορφῆς</span> <span class='ocrx_word' id='word_1_624' title='bbox 1657 5270 1753 5323; x_wconf 92' lang='grc' dir='ltr'><strong>τοῦ</strong></span> 
     </span>
    </p>
   </div>
   <div class='ocr_carea' id='block_1_84' title="bbox 163 5355 1758 5432">
    <p class='ocr_par' dir='ltr' id='par_1_84' title="bbox 163 5355 1758 5432">
     <span class='ocr_line' id='line_1_84' title="bbox 163 5355 1758 5432; baseline 0.004 -24"><span class='ocrx_word' id='word_1_625' title='bbox 163 5355 354 5408; x_wconf 81' lang='grc' dir='ltr'>δούλου</span> <span class='ocrx_word' id='word_1_626' title='bbox 393 5355 493 5425; x_wconf 88' lang='grc' dir='ltr'><strong>τῆς</strong></span> <span class='ocrx_word' id='word_1_627' title='bbox 521 5355 726 5426; x_wconf 87' lang='grc' dir='ltr'>θνητῆς</span> <span class='ocrx_word' id='word_1_628' title='bbox 755 5358 1082 5429; x_wconf 84' lang='grc' dir='ltr'>ἐπλήρωσεν</span> <span class='ocrx_word' id='word_1_629' title='bbox 1115 5361 1143 5411; x_wconf 91' lang='lat'><strong>6</strong></span> <span class='ocrx_word' id='word_1_630' title='bbox 1176 5362 1481 5430; x_wconf 82' lang='grc' dir='ltr'>Δεσπότης,</span> <span class='ocrx_word' id='word_1_631' title='bbox 1515 5363 1758 5432; x_wconf 78' lang='grc' dir='ltr'>ὑπήκοος</span> 
     </span>
    </p>
   </div>
   <div class='ocr_carea' id='block_1_85' title="bbox 163 5446 1759 5523">
    <p class='ocr_par' dir='ltr' id='par_1_85' title="bbox 163 5446 1759 5523">
     <span class='ocr_line' id='line_1_85' title="bbox 163 5446 1759 5523; baseline 0.005 -25"><span class='ocrx_word' id='word_1_632' title='bbox 163 5446 466 5515; x_wconf 86' lang='grc' dir='ltr'>γενόμενος</span> <span class='ocrx_word' id='word_1_633' title='bbox 523 5447 687 5517; x_wconf 84' lang='grc' dir='ltr'>μέχρι</span> <span class='ocrx_word' id='word_1_634' title='bbox 732 5449 970 5504; x_wconf 87' lang='grc' dir='ltr'>θανάτου</span> <span class='ocrx_word' id='word_1_635' title='bbox 1020 5451 1289 5520; x_wconf 73' lang='grc' dir='ltr'>σταυροῦσ</span> <span class='ocrx_word' id='word_1_636' title='bbox 1330 5452 1475 5506; x_wconf 81' lang='grc' dir='ltr'>οὓτω</span> <span class='ocrx_word' id='word_1_637' title='bbox 1507 5454 1604 5506; x_wconf 80' lang='grc' dir='ltr'>καὶ</span> <span class='ocrx_word' id='word_1_638' title='bbox 1659 5454 1759 5523; x_wconf 82' lang='grc' dir='ltr'><strong>τὴν</strong></span> 
     </span>
    </p>
   </div>
   <div class='ocr_carea' id='block_1_86' title="bbox 167 5540 1756 5614">
    <p class='ocr_par' dir='ltr' id='par_1_86' title="bbox 167 5540 1756 5614">
     <span class='ocr_line' id='line_1_86' title="bbox 167 5540 1756 5614; baseline 0.005 -24"><span class='ocrx_word' id='word_1_639' title='bbox 167 5541 458 5610; x_wconf 76' lang='grc' dir='ltr'>παρακοήν</span> <span class='ocrx_word' id='word_1_640' title='bbox 506 5540 602 5594; x_wconf 90' lang='grc' dir='ltr'>τοῦ</span> <span class='ocrx_word' id='word_1_641' title='bbox 634 5543 825 5612; x_wconf 88' lang='grc' dir='ltr'>νόμου,</span> <span class='ocrx_word' id='word_1_642' title='bbox 868 5542 965 5595; x_wconf 73' lang='grc' dir='ltr'><strong>καὶ</strong></span> <span class='ocrx_word' id='word_1_643' title='bbox 1002 5542 1093 5597; x_wconf 86' lang='grc' dir='ltr'><strong>τοῦ</strong></span> <span class='ocrx_word' id='word_1_644' title='bbox 1135 5544 1441 5614; x_wconf 82' lang='grc' dir='ltr'>θελήματος</span> <span class='ocrx_word' id='word_1_645' title='bbox 1471 5547 1567 5597; x_wconf 91' lang='grc' dir='ltr'><strong>τοῦ</strong></span> <span class='ocrx_word' id='word_1_646' title='bbox 1597 5545 1756 5610; x_wconf 87' lang='grc' dir='ltr'>Θεοῦ,</span> 
     </span>
    </p>
   </div>
   <div class='ocr_carea' id='block_1_87' title="bbox 266 5741 1764 5813">
    <p class='ocr_par' dir='ltr' id='par_1_87' title="bbox 266 5741 1764 5813">
     <span class='ocr_line' id='line_1_87' title="bbox 266 5741 1764 5813; baseline 0.007 -23"><span class='ocrx_word' id='word_1_647' title='bbox 266 5742 313 5813; x_wconf 55' lang='lat' dir='ltr'><strong>‘f</strong></span> <span class='ocrx_word' id='word_1_648' title='bbox 347 5741 504 5813; x_wconf 85' lang='lat' dir='ltr'><strong>Dent.</strong></span> <span class='ocrx_word' id='word_1_649' title='bbox 533 5757 602 5802; x_wconf 71' lang='grc' dir='ltr'><strong>τι,</strong></span> <span class='ocrx_word' id='word_1_650' title='bbox 629 5741 696 5813; x_wconf 56' lang='grc' dir='ltr'>ὃς</span> <span class='ocrx_word' id='word_1_651' title='bbox 735 5741 919 5800; x_wconf 73' lang='lat' dir='ltr'><strong>Matth.</strong></span> <span class='ocrx_word' id='word_1_652' title='bbox 951 5761 1086 5813; x_wconf 73' lang='lat' dir='ltr'><strong>un,</strong></span> <span class='ocrx_word' id='word_1_653' title='bbox 1116 5747 1205 5812; x_wconf 77' lang='lat'><strong>37,</strong></span> <span class='ocrx_word' id='word_1_654' title='bbox 1241 5749 1330 5803; x_wconf 72' lang='lat'><strong>5&#39;).</strong></span> <span class='ocrx_word' id='word_1_655' title='bbox 1409 5749 1452 5779; x_wconf 83' lang='grc'><strong>³⁷</strong></span> <span class='ocrx_word' id='word_1_656' title='bbox 1481 5747 1669 5802; x_wconf 72' lang='lat' dir='ltr'><strong>Matth.</strong></span> <span class='ocrx_word' id='word_1_657' title='bbox 1710 5765 1764 5811; x_wconf 87' lang='grc' dir='ltr'><strong>ν,</strong></span> 
     </span>
    </p>
   </div>
   <div class='ocr_carea' id='block_1_88' title="bbox 181 5808 798 5882">
    <p class='ocr_par' dir='ltr' id='par_1_88' title="bbox 181 5808 798 5882">
     <span class='ocr_line' id='line_1_88' title="bbox 181 5808 798 5882; baseline 0.005 -20"><span class='ocrx_word' id='word_1_658' title='bbox 181 5808 218 5839; x_wconf 83' lang='grc'><strong>⁸¹</strong></span> <span class='ocrx_word' id='word_1_659' title='bbox 295 5810 532 5882; x_wconf 75' lang='lat' dir='ltr'><strong>Philipp.</strong></span> <span class='ocrx_word' id='word_1_660' title='bbox 561 5827 624 5877; x_wconf 83' lang='grc' dir='ltr'><strong>ιι,</strong></span> <span class='ocrx_word' id='word_1_661' title='bbox 663 5811 713 5867; x_wconf 89' lang='lat'><strong>7.</strong></span> <span class='ocrx_word' id='word_1_662' title='bbox 747 5813 798 5866; x_wconf 82' lang='lat'><strong>8.</strong></span> 
     </span>
    </p>
   </div>
   <div class='ocr_carea' id='block_1_89' title="bbox 1809 5749 1860 5803">
    <p class='ocr_par' dir='ltr' id='par_1_89' title="bbox 1809 5749 1860 5803">
     <span class='ocr_line' id='line_1_89' title="bbox 1809 5749 1860 5803; baseline -0.02 0"><span class='ocrx_word' id='word_1_663' title='bbox 1809 5749 1860 5803; x_wconf 80' lang='lat'><strong>3.</strong></span> 
     </span>
    </p>
   </div>
   <div class='ocr_carea' id='block_1_90' title="bbox 1855 3355 3441 3427">
    <p class='ocr_par' dir='ltr' id='par_1_90' title="bbox 1855 3355 3441 3427">
     <span class='ocr_line' id='line_1_90' title="bbox 1855 3355 3441 3427; baseline -0.003 -16"><span class='ocrx_word' id='word_1_664' title='bbox 1855 3358 2041 3427; x_wconf 85' lang='lat' dir='ltr'><strong>nysins</strong></span> <span class='ocrx_word' id='word_1_665' title='bbox 2083 3357 2356 3419; x_wconf 84' lang='lat' dir='ltr'><strong>diflinivit,</strong></span> <span class='ocrx_word' id='word_1_666' title='bbox 2389 3375 2407 3406; x_wconf 82' lang='grc' dir='ltr'><strong>ι</strong></span> <span class='ocrx_word' id='word_1_667' title='bbox 2441 3357 2672 3410; x_wconf 83' lang='lat' dir='ltr'><strong>facultas</strong></span> <span class='ocrx_word' id='word_1_668' title='bbox 2702 3356 3001 3419; x_wconf 78' lang='lat' dir='ltr'><strong>rationalis,</strong></span> <span class='ocrx_word' id='word_1_669' title='bbox 3029 3370 3136 3422; x_wconf 89' lang='lat' dir='ltr'><strong>qua</strong></span> <span class='ocrx_word' id='word_1_670' title='bbox 3167 3355 3441 3408; x_wconf 87' lang='lat' dir='ltr'><strong>desiderio</strong></span> 
     </span>
    </p>
   </div>
   <div class='ocr_carea' id='block_1_91' title="bbox 1853 3445 3440 3515">
    <p class='ocr_par' dir='ltr' id='par_1_91' title="bbox 1853 3445 3440 3515">
     <span class='ocr_line' id='line_1_91' title="bbox 1853 3445 3440 3515; baseline -0.003 -15"><span class='ocrx_word' id='word_1_671' title='bbox 1853 3449 2210 3514; x_wconf 83' lang='lat' dir='ltr'><strong>conjungendi</strong></span> <span class='ocrx_word' id='word_1_672' title='bbox 2233 3447 2595 3515; x_wconf 89' lang='lat' dir='ltr'><strong>nosmetipsos</strong></span> <span class='ocrx_word' id='word_1_673' title='bbox 2620 3445 2731 3500; x_wconf 90' lang='lat' dir='ltr'><strong>Deo</strong></span> <span class='ocrx_word' id='word_1_674' title='bbox 2753 3445 2997 3509; x_wconf 83' lang='lat' dir='ltr'><strong>ferimur,</strong></span> <span class='ocrx_word' id='word_1_675' title='bbox 3031 3461 3060 3497; x_wconf 87' lang='lat' dir='ltr'><strong>a</strong></span> <span class='ocrx_word' id='word_1_676' title='bbox 3097 3445 3207 3498; x_wconf 91' lang='lat' dir='ltr'><strong>Deo</strong></span> <span class='ocrx_word' id='word_1_677' title='bbox 3251 3460 3440 3499; x_wconf 83' lang='lat' dir='ltr'><strong>essen-</strong></span> 
     </span>
    </p>
   </div>
   <div class='ocr_carea' id='block_1_92' title="bbox 1855 3537 3434 3606">
    <p class='ocr_par' dir='ltr' id='par_1_92' title="bbox 1855 3537 3434 3606">
     <span class='ocr_line' id='line_1_92' title="bbox 1855 3537 3434 3606; baseline -0.001 -15"><span class='ocrx_word' id='word_1_678' title='bbox 1855 3537 2059 3591; x_wconf 88' lang='lat' dir='ltr'><strong>tialiter</strong></span> <span class='ocrx_word' id='word_1_679' title='bbox 2080 3539 2276 3590; x_wconf 68' lang='lat' dir='ltr'><strong>anima:</strong></span> <span class='ocrx_word' id='word_1_680' title='bbox 2319 3538 2416 3606; x_wconf 82' lang='lat' dir='ltr'><strong>ipsi</strong></span> <span class='ocrx_word' id='word_1_681' title='bbox 2449 3539 2669 3601; x_wconf 91' lang='lat' dir='ltr'><strong>donata,</strong></span> <span class='ocrx_word' id='word_1_682' title='bbox 2707 3553 2800 3606; x_wconf 92' lang='lat' dir='ltr'><strong>per</strong></span> <span class='ocrx_word' id='word_1_683' title='bbox 2823 3553 2985 3605; x_wconf 88' lang='lat' dir='ltr'><strong>quem</strong></span> <span class='ocrx_word' id='word_1_684' title='bbox 3018 3546 3279 3605; x_wconf 80' lang='lat' dir='ltr'><strong>operatus</strong></span> <span class='ocrx_word' id='word_1_685' title='bbox 3329 3545 3434 3598; x_wconf 91' lang='lat' dir='ltr'><strong>est,</strong></span> 
     </span>
    </p>
   </div>
   <div class='ocr_carea' id='block_1_93' title="bbox 1853 3629 3434 3697">
    <p class='ocr_par' dir='ltr' id='par_1_93' title="bbox 1853 3629 3434 3697">
     <span class='ocr_line' id='line_1_93' title="bbox 1853 3629 3434 3697; baseline -0.004 -14"><span class='ocrx_word' id='word_1_686' title='bbox 1853 3630 2204 3697; x_wconf 83' lang='lat' dir='ltr'><strong>servavitque</strong></span> <span class='ocrx_word' id='word_1_687' title='bbox 2234 3630 2443 3696; x_wconf 85' lang='lat' dir='ltr'><strong>primus</strong></span> <span class='ocrx_word' id='word_1_688' title='bbox 2475 3631 2636 3680; x_wconf 90' lang='lat' dir='ltr'><strong>homo</strong></span> <span class='ocrx_word' id='word_1_689' title='bbox 2666 3629 2847 3681; x_wconf 88' lang='lat' dir='ltr'><strong>divina</strong></span> <span class='ocrx_word' id='word_1_690' title='bbox 2889 3639 3177 3694; x_wconf 74' lang='lat' dir='ltr'><strong>praecepta,</strong></span> <span class='ocrx_word' id='word_1_691' title='bbox 3209 3641 3273 3680; x_wconf 79' lang='lat' dir='ltr'><strong>ex</strong></span> <span class='ocrx_word' id='word_1_692' title='bbox 3308 3629 3434 3678; x_wconf 86' lang='lat' dir='ltr'><strong>ani-</strong></span> 
     </span>
    </p>
   </div>
   <div class='ocr_carea' id='block_1_94' title="bbox 1853 3717 3438 3788">
    <p class='ocr_par' dir='ltr' id='par_1_94' title="bbox 1853 3717 3438 3788">
     <span class='ocr_line' id='line_1_94' title="bbox 1853 3717 3438 3788; baseline -0.003 -14"><span class='ocrx_word' id='word_1_693' title='bbox 1853 3720 1982 3775; x_wconf 89' lang='lat' dir='ltr'><strong>mali</strong></span> <span class='ocrx_word' id='word_1_694' title='bbox 2034 3720 2314 3772; x_wconf 85' lang='lat' dir='ltr'><strong>voluntate</strong></span> <span class='ocrx_word' id='word_1_695' title='bbox 2359 3734 2684 3788; x_wconf 80' lang='lat' dir='ltr'><strong>progressus</strong></span> <span class='ocrx_word' id='word_1_696' title='bbox 2720 3720 2771 3770; x_wconf 93' lang='lat' dir='ltr'><strong>in</strong></span> <span class='ocrx_word' id='word_1_697' title='bbox 2826 3717 3196 3784; x_wconf 83' lang='lat' dir='ltr'><strong>operationem</strong></span> <span class='ocrx_word' id='word_1_698' title='bbox 3231 3717 3438 3770; x_wconf 88' lang='lat' dir='ltr'><strong>divino-</strong></span> 
     </span>
    </p>
   </div>
   <div class='ocr_carea' id='block_1_95' title="bbox 1855 3807 3435 3872">
    <p class='ocr_par' dir='ltr' id='par_1_95' title="bbox 1855 3807 3435 3872">
     <span class='ocr_line' id='line_1_95' title="bbox 1855 3807 3435 3872; baseline -0.004 -8"><span class='ocrx_word' id='word_1_699' title='bbox 1855 3826 1972 3864; x_wconf 91' lang='lat' dir='ltr'><strong>rum</strong></span> <span class='ocrx_word' id='word_1_700' title='bbox 2008 3811 2409 3862; x_wconf 87' lang='lat' dir='ltr'><strong>mandatorum.</strong></span> <span class='ocrx_word' id='word_1_701' title='bbox 2447 3827 2465 3858; x_wconf 74' lang='grc' dir='ltr'>ι</span> <span class='ocrx_word' id='word_1_702' title='bbox 2503 3807 2615 3860; x_wconf 85' lang='lat' dir='ltr'><strong>Hoc</strong></span> <span class='ocrx_word' id='word_1_703' title='bbox 2637 3822 2763 3861; x_wconf 90' lang='lat' dir='ltr'><strong>vero</strong></span> <span class='ocrx_word' id='word_1_704' title='bbox 2802 3809 2868 3859; x_wconf 91' lang='lat' dir='ltr'><strong>ad</strong></span> <span class='ocrx_word' id='word_1_705' title='bbox 2901 3808 3163 3858; x_wconf 81' lang='lat' dir='ltr'><strong>Adamutn</strong></span> <span class='ocrx_word' id='word_1_706' title='bbox 3208 3815 3435 3872; x_wconf 85' lang='lat' dir='ltr'><strong>spectat.</strong></span> 
     </span>
    </p>
   </div>
   <div class='ocr_carea' id='block_1_96' title="bbox 1854 3895 3434 3964">
    <p class='ocr_par' dir='ltr' id='par_1_96' title="bbox 1854 3895 3434 3964">
     <span class='ocr_line' id='line_1_96' title="bbox 1854 3895 3434 3964; baseline -0.003 -12"><span class='ocrx_word' id='word_1_707' title='bbox 1854 3899 1929 3954; x_wconf 92' lang='lat' dir='ltr'><strong>De</strong></span> <span class='ocrx_word' id='word_1_708' title='bbox 1961 3901 2182 3954; x_wconf 87' lang='lat' dir='ltr'><strong>Christo</strong></span> <span class='ocrx_word' id='word_1_709' title='bbox 2244 3909 2425 3954; x_wconf 89' lang='lat' dir='ltr'><strong>autem</strong></span> <span class='ocrx_word' id='word_1_710' title='bbox 2463 3899 2552 3951; x_wconf 91' lang='lat' dir='ltr'><strong>Dei</strong></span> <span class='ocrx_word' id='word_1_711' title='bbox 2586 3898 2723 3950; x_wconf 86' lang='lat' dir='ltr'><strong>Filio</strong></span> <span class='ocrx_word' id='word_1_712' title='bbox 2775 3897 3008 3958; x_wconf 89' lang='lat' dir='ltr'><strong>dicetur,</strong></span> <span class='ocrx_word' id='word_1_713' title='bbox 3032 3897 3176 3964; x_wconf 88' lang='lat' dir='ltr'><strong>quod</strong></span> <span class='ocrx_word' id='word_1_714' title='bbox 3204 3895 3434 3948; x_wconf 88' lang='lat' dir='ltr'><strong>formam</strong></span> 
     </span>
    </p>
   </div>
   <div class='ocr_carea' id='block_1_97' title="bbox 1853 3987 3436 4058">
    <p class='ocr_par' dir='ltr' id='par_1_97' title="bbox 1853 3987 3436 4058">
     <span class='ocr_line' id='line_1_97' title="bbox 1853 3987 3436 4058; baseline -0.004 -11"><span class='ocrx_word' id='word_1_715' title='bbox 1853 3993 2018 4054; x_wconf 90' lang='lat' dir='ltr'><strong>servi,</strong></span> <span class='ocrx_word' id='word_1_716' title='bbox 2054 4008 2152 4046; x_wconf 87' lang='lat' dir='ltr'><strong>seu</strong></span> <span class='ocrx_word' id='word_1_717' title='bbox 2187 3994 2332 4047; x_wconf 90' lang='lat' dir='ltr'><strong>servi</strong></span> <span class='ocrx_word' id='word_1_718' title='bbox 2359 3992 2727 4046; x_wconf 88' lang='lat' dir='ltr'><strong>substantiam</strong></span> <span class='ocrx_word' id='word_1_719' title='bbox 2785 3999 2976 4058; x_wconf 91' lang='lat' dir='ltr'><strong>sponte</strong></span> <span class='ocrx_word' id='word_1_720' title='bbox 3008 3991 3330 4058; x_wconf 89' lang='lat' dir='ltr'><strong>susceperit.</strong></span> <span class='ocrx_word' id='word_1_721' title='bbox 3364 3987 3436 4041; x_wconf 79' lang='lat' dir='ltr'><strong>Ea</strong></span> 
     </span>
    </p>
   </div>
   <div class='ocr_carea' id='block_1_98' title="bbox 1855 4081 3435 4154">
    <p class='ocr_par' dir='ltr' id='par_1_98' title="bbox 1855 4081 3435 4154">
     <span class='ocr_line' id='line_1_98' title="bbox 1855 4081 3435 4154; baseline -0.004 -16"><span class='ocrx_word' id='word_1_722' title='bbox 1855 4086 2018 4154; x_wconf 77' lang='lat' dir='ltr'><strong>igitur</strong></span> <span class='ocrx_word' id='word_1_723' title='bbox 2044 4100 2164 4153; x_wconf 85' lang='lat' dir='ltr'><strong>quae</strong></span> <span class='ocrx_word' id='word_1_724' title='bbox 2195 4085 2248 4139; x_wconf 93' lang='lat' dir='ltr'><strong>in</strong></span> <span class='ocrx_word' id='word_1_725' title='bbox 2290 4085 2511 4138; x_wconf 79' lang='lat' dir='ltr'><strong>Christo</strong></span> <span class='ocrx_word' id='word_1_726' title='bbox 2555 4084 2658 4136; x_wconf 90' lang='lat' dir='ltr'><strong>fuit</strong></span> <span class='ocrx_word' id='word_1_727' title='bbox 2697 4083 2891 4145; x_wconf 89' lang='lat' dir='ltr'><strong>forma,</strong></span> <span class='ocrx_word' id='word_1_728' title='bbox 2939 4082 3055 4136; x_wconf 85' lang='lat' dir='ltr'><strong>sive</strong></span> <span class='ocrx_word' id='word_1_729' title='bbox 3120 4081 3435 4136; x_wconf 86' lang='lat' dir='ltr'><strong>substantia</strong></span> 
     </span>
    </p>
   </div>
   <div class='ocr_carea' id='block_1_99' title="bbox 1853 4173 3435 4244">
    <p class='ocr_par' dir='ltr' id='par_1_99' title="bbox 1853 4173 3435 4244">
     <span class='ocr_line' id='line_1_99' title="bbox 1853 4173 3435 4244; baseline -0.005 -12"><span class='ocrx_word' id='word_1_730' title='bbox 1853 4178 1995 4232; x_wconf 89' lang='lat' dir='ltr'><strong>servi</strong></span> <span class='ocrx_word' id='word_1_731' title='bbox 2051 4177 2324 4244; x_wconf 89' lang='lat' dir='ltr'><strong>quodnam</strong></span> <span class='ocrx_word' id='word_1_732' title='bbox 2381 4176 2573 4228; x_wconf 88' lang='lat' dir='ltr'><strong>habuit</strong></span> <span class='ocrx_word' id='word_1_733' title='bbox 2641 4175 2922 4228; x_wconf 88' lang='lat' dir='ltr'><strong>servitutis</strong></span> <span class='ocrx_word' id='word_1_734' title='bbox 2961 4173 3276 4240; x_wconf 84' lang='lat' dir='ltr'><strong>specimen,</strong></span> <span class='ocrx_word' id='word_1_735' title='bbox 3338 4187 3435 4224; x_wconf 83' lang='lat' dir='ltr'><strong>seu</strong></span> 
     </span>
    </p>
   </div>
   <div class='ocr_carea' id='block_1_100' title="bbox 1851 4262 3436 4338">
    <p class='ocr_par' dir='ltr' id='par_1_100' title="bbox 1851 4262 3436 4338">
     <span class='ocr_line' id='line_1_100' title="bbox 1851 4262 3436 4338; baseline -0.004 -16"><span class='ocrx_word' id='word_1_736' title='bbox 1851 4284 1958 4338; x_wconf 92' lang='lat' dir='ltr'><strong>qua</strong></span> <span class='ocrx_word' id='word_1_737' title='bbox 2013 4269 2272 4322; x_wconf 90' lang='lat' dir='ltr'><strong>servitute</strong></span> <span class='ocrx_word' id='word_1_738' title='bbox 2302 4308 2317 4332; x_wconf 93' lang='lat'><strong>,</strong></span> <span class='ocrx_word' id='word_1_739' title='bbox 2367 4266 2747 4336; x_wconf 73' lang='lat' dir='ltr'><strong>subiectione,</strong></span> <span class='ocrx_word' id='word_1_740' title='bbox 2794 4263 3133 4330; x_wconf 87' lang='lat' dir='ltr'><strong>actionisque</strong></span> <span class='ocrx_word' id='word_1_741' title='bbox 3178 4262 3436 4315; x_wconf 84' lang='lat' dir='ltr'><strong>famulatu</strong></span> 
     </span>
    </p>
   </div>
   <div class='ocr_carea' id='block_1_101' title="bbox 1852 4354 3441 4424">
    <p class='ocr_par' dir='ltr' id='par_1_101' title="bbox 1852 4354 3441 4424">
     <span class='ocr_line' id='line_1_101' title="bbox 1852 4354 3441 4424; baseline -0.008 -8"><span class='ocrx_word' id='word_1_742' title='bbox 1852 4363 2145 4416; x_wconf 87' lang='lat' dir='ltr'><strong>constituta</strong></span> <span class='ocrx_word' id='word_1_743' title='bbox 2192 4375 2314 4416; x_wconf 89' lang='lat' dir='ltr'><strong>esse</strong></span> <span class='ocrx_word' id='word_1_744' title='bbox 2365 4367 2638 4424; x_wconf 88' lang='lat' dir='ltr'><strong>censetur,</strong></span> <span class='ocrx_word' id='word_1_745' title='bbox 2683 4357 2786 4412; x_wconf 89' lang='lat' dir='ltr'><strong>nisi</strong></span> <span class='ocrx_word' id='word_1_746' title='bbox 2848 4357 2948 4410; x_wconf 91' lang='lat' dir='ltr'><strong>sub</strong></span> <span class='ocrx_word' id='word_1_747' title='bbox 3009 4354 3290 4407; x_wconf 89' lang='lat' dir='ltr'><strong>Dominica</strong></span> <span class='ocrx_word' id='word_1_748' title='bbox 3347 4368 3441 4405; x_wconf 87' lang='lat' dir='ltr'><strong>vo-</strong></span> 
     </span>
    </p>
   </div>
   <div class='ocr_carea' id='block_1_102' title="bbox 1851 4445 3437 4522">
    <p class='ocr_par' dir='ltr' id='par_1_102' title="bbox 1851 4445 3437 4522">
     <span class='ocr_line' id='line_1_102' title="bbox 1851 4445 3437 4522; baseline -0.006 -15"><span class='ocrx_word' id='word_1_749' title='bbox 1851 4455 2078 4518; x_wconf 85' lang='lat' dir='ltr'><strong>luntate,</strong></span> <span class='ocrx_word' id='word_1_750' title='bbox 2097 4463 2152 4506; x_wconf 91' lang='lat' dir='ltr'><strong>et</strong></span> <span class='ocrx_word' id='word_1_751' title='bbox 2179 4453 2567 4522; x_wconf 89' lang='lat' dir='ltr'><strong>operationeet</strong></span> <span class='ocrx_word' id='word_1_752' title='bbox 2595 4448 2771 4502; x_wconf 87' lang='lat' dir='ltr'><strong>forma</strong></span> <span class='ocrx_word' id='word_1_753' title='bbox 2793 4447 2889 4502; x_wconf 89' lang='lat' dir='ltr'><strong>Dei</strong></span> <span class='ocrx_word' id='word_1_754' title='bbox 2923 4446 3104 4510; x_wconf 85' lang='lat' dir='ltr'><strong>Verbi,</strong></span> <span class='ocrx_word' id='word_1_755' title='bbox 3128 4455 3187 4498; x_wconf 92' lang='lat' dir='ltr'><strong>ut</strong></span> <span class='ocrx_word' id='word_1_756' title='bbox 3221 4447 3290 4498; x_wconf 92' lang='lat' dir='ltr'><strong>ab</strong></span> <span class='ocrx_word' id='word_1_757' title='bbox 3321 4445 3437 4498; x_wconf 87' lang='lat' dir='ltr'><strong>Arii</strong></span> 
     </span>
    </p>
   </div>
   <div class='ocr_carea' id='block_1_103' title="bbox 1782 4545 2475 4620">
    <p class='ocr_par' dir='ltr' id='par_1_103' title="bbox 1782 4545 2475 4620">
     <span class='ocr_line' id='line_1_103' title="bbox 1782 4545 2475 4620; baseline -0.009 -19"><span class='ocrx_word' id='word_1_758' title='bbox 1782 4567 1825 4620; x_wconf 80' lang='grc' dir='ltr'>ι)</span> <span class='ocrx_word' id='word_1_759' title='bbox 1855 4547 2092 4600; x_wconf 86' lang='lat' dir='ltr'><strong>amentia</strong></span> <span class='ocrx_word' id='word_1_760' title='bbox 2120 4545 2475 4599; x_wconf 87' lang='lat' dir='ltr'><strong>recedamus?</strong></span> 
     </span>
    </p>
   </div>
   <div class='ocr_carea' id='block_1_104' title="bbox 1925 4629 3436 4706">
    <p class='ocr_par' dir='ltr' id='par_1_104' title="bbox 1925 4629 3436 4706">
     <span class='ocr_line' id='line_1_104' title="bbox 1925 4629 3436 4706; baseline -0.007 -14"><span class='ocrx_word' id='word_1_761' title='bbox 1925 4638 2126 4692; x_wconf 86' lang='lat' dir='ltr'><strong>Verum</strong></span> <span class='ocrx_word' id='word_1_762' title='bbox 2151 4638 2408 4706; x_wconf 87' lang='lat' dir='ltr'><strong>quoniam</strong></span> <span class='ocrx_word' id='word_1_763' title='bbox 2431 4651 2528 4703; x_wconf 94' lang='lat' dir='ltr'><strong>per</strong></span> <span class='ocrx_word' id='word_1_764' title='bbox 2547 4636 2706 4705; x_wconf 90' lang='lat' dir='ltr'><strong>primi</strong></span> <span class='ocrx_word' id='word_1_765' title='bbox 2724 4633 2962 4687; x_wconf 88' lang='lat' dir='ltr'><strong>hominis</strong></span> <span class='ocrx_word' id='word_1_766' title='bbox 3012 4629 3436 4685; x_wconf 89' lang='lat' dir='ltr'><strong>inobedientiam</strong></span> 
     </span>
    </p>
   </div>
   <div class='ocr_carea' id='block_1_105' title="bbox 1851 4721 3435 4796">
    <p class='ocr_par' dir='ltr' id='par_1_105' title="bbox 1851 4721 3435 4796">
     <span class='ocr_line' id='line_1_105' title="bbox 1851 4721 3435 4796; baseline -0.009 -12"><span class='ocrx_word' id='word_1_767' title='bbox 1851 4738 1904 4784; x_wconf 89' lang='lat' dir='ltr'><strong>et</strong></span> <span class='ocrx_word' id='word_1_768' title='bbox 1936 4744 2149 4792; x_wconf 90' lang='lat' dir='ltr'><strong>casum,</strong></span> <span class='ocrx_word' id='word_1_769' title='bbox 2182 4739 2494 4796; x_wconf 87' lang='lat' dir='ltr'><strong>peccatores</strong></span> <span class='ocrx_word' id='word_1_770' title='bbox 2548 4725 2828 4779; x_wconf 90' lang='lat' dir='ltr'><strong>constituti</strong></span> <span class='ocrx_word' id='word_1_771' title='bbox 2887 4724 3134 4778; x_wconf 88' lang='lat' dir='ltr'><strong>homines</strong></span> <span class='ocrx_word' id='word_1_772' title='bbox 3195 4721 3435 4785; x_wconf 90' lang='lat' dir='ltr'><strong>fuerant,</strong></span> 
     </span>
    </p>
   </div>
   <div class='ocr_carea' id='block_1_106' title="bbox 1855 4809 3430 4887">
    <p class='ocr_par' dir='ltr' id='par_1_106' title="bbox 1855 4809 3430 4887">
     <span class='ocr_line' id='line_1_106' title="bbox 1855 4809 3430 4887; baseline -0.009 -15"><span class='ocrx_word' id='word_1_773' title='bbox 1855 4830 2194 4887; x_wconf 80' lang='lat' dir='ltr'><strong>transgresso</strong></span> <span class='ocrx_word' id='word_1_774' title='bbox 2222 4818 2396 4870; x_wconf 86' lang='lat' dir='ltr'><strong>Adam</strong></span> <span class='ocrx_word' id='word_1_775' title='bbox 2463 4815 2553 4868; x_wconf 90' lang='lat' dir='ltr'><strong>Dei</strong></span> <span class='ocrx_word' id='word_1_776' title='bbox 2604 4822 2866 4881; x_wconf 68' lang='lat' dir='ltr'><strong>praecepta</strong></span> <span class='ocrx_word' id='word_1_777' title='bbox 2889 4852 2902 4876; x_wconf 90' lang='lat'><strong>,</strong></span> <span class='ocrx_word' id='word_1_778' title='bbox 2936 4812 3096 4876; x_wconf 83' lang='lat' dir='ltr'><strong>hujus</strong></span> <span class='ocrx_word' id='word_1_779' title='bbox 3133 4809 3208 4862; x_wconf 93' lang='lat' dir='ltr'><strong>rei</strong></span> <span class='ocrx_word' id='word_1_780' title='bbox 3241 4823 3430 4872; x_wconf 88' lang='lat' dir='ltr'><strong>causa,</strong></span> 
     </span>
    </p>
   </div>
   <div class='ocr_carea' id='block_1_107' title="bbox 1853 4899 3431 4981">
    <p class='ocr_par' dir='ltr' id='par_1_107' title="bbox 1853 4899 3431 4981">
     <span class='ocr_line' id='line_1_107' title="bbox 1853 4899 3431 4981; baseline -0.01 -16"><span class='ocrx_word' id='word_1_781' title='bbox 1853 4911 2066 4981; x_wconf 88' lang='lat' dir='ltr'><strong>propria</strong></span> <span class='ocrx_word' id='word_1_782' title='bbox 2099 4909 2354 4962; x_wconf 84' lang='lat' dir='ltr'><strong>Christus</strong></span> <span class='ocrx_word' id='word_1_783' title='bbox 2407 4907 2521 4975; x_wconf 87' lang='lat' dir='ltr'><strong>ipse</strong></span> <span class='ocrx_word' id='word_1_784' title='bbox 2548 4904 2858 4958; x_wconf 87' lang='lat' dir='ltr'><strong>ohedientia</strong></span> <span class='ocrx_word' id='word_1_785' title='bbox 2913 4917 3012 4955; x_wconf 90' lang='lat' dir='ltr'><strong>nos</strong></span> <span class='ocrx_word' id='word_1_786' title='bbox 3059 4902 3110 4953; x_wconf 93' lang='lat' dir='ltr'><strong>in</strong></span> <span class='ocrx_word' id='word_1_787' title='bbox 3164 4899 3431 4967; x_wconf 86' lang='lat' dir='ltr'><strong>justitiam</strong></span> 
     </span>
    </p>
   </div>
   <div class='ocr_carea' id='block_1_108' title="bbox 1856 4997 3436 5064">
    <p class='ocr_par' dir='ltr' id='par_1_108' title="bbox 1856 4997 3436 5064">
     <span class='ocr_line' id='line_1_108' title="bbox 1856 4997 3436 5064; baseline -0.01 -7"><span class='ocrx_word' id='word_1_788' title='bbox 1856 5003 2117 5064; x_wconf 89' lang='lat' dir='ltr'><strong>restituit,</strong></span> <span class='ocrx_word' id='word_1_789' title='bbox 2147 5003 2198 5053; x_wconf 91' lang='lat' dir='ltr'><strong>in</strong></span> <span class='ocrx_word' id='word_1_790' title='bbox 2229 5001 2401 5054; x_wconf 85' lang='lat' dir='ltr'><strong>forma</strong></span> <span class='ocrx_word' id='word_1_791' title='bbox 2439 4999 2580 5053; x_wconf 84' lang='lat' dir='ltr'><strong>servi</strong></span> <span class='ocrx_word' id='word_1_792' title='bbox 2609 4997 2887 5050; x_wconf 79' lang='lat' dir='ltr'><strong>Dominiea</strong></span> <span class='ocrx_word' id='word_1_793' title='bbox 2932 5002 3225 5048; x_wconf 81' lang='lat' dir='ltr'><strong>exsecutus</strong></span> <span class='ocrx_word' id='word_1_794' title='bbox 3280 5006 3436 5044; x_wconf 86' lang='lat' dir='ltr'><strong>man-</strong></span> 
     </span>
    </p>
   </div>
   <div class='ocr_carea' id='block_1_109' title="bbox 1857 5081 3432 5158">
    <p class='ocr_par' dir='ltr' id='par_1_109' title="bbox 1857 5081 3432 5158">
     <span class='ocr_line' id='line_1_109' title="bbox 1857 5081 3432 5158; baseline -0.008 -13"><span class='ocrx_word' id='word_1_795' title='bbox 1857 5093 2000 5152; x_wconf 91' lang='lat' dir='ltr'><strong>data,</strong></span> <span class='ocrx_word' id='word_1_796' title='bbox 2030 5106 2150 5158; x_wconf 65' lang='lat' dir='ltr'><strong>qua:</strong></span> <span class='ocrx_word' id='word_1_797' title='bbox 2207 5090 2336 5142; x_wconf 92' lang='lat' dir='ltr'><strong>olim</strong></span> <span class='ocrx_word' id='word_1_798' title='bbox 2395 5103 2585 5140; x_wconf 82' lang='lat' dir='ltr'><strong>servus</strong></span> <span class='ocrx_word' id='word_1_799' title='bbox 2635 5087 2703 5138; x_wconf 88' lang='lat' dir='ltr'><strong>ab</strong></span> <span class='ocrx_word' id='word_1_800' title='bbox 2751 5086 2907 5139; x_wconf 91' lang='lat' dir='ltr'><strong>initio</strong></span> <span class='ocrx_word' id='word_1_801' title='bbox 2938 5099 3043 5137; x_wconf 94' lang='lat' dir='ltr'><strong>non</strong></span> <span class='ocrx_word' id='word_1_802' title='bbox 3079 5081 3432 5136; x_wconf 84' lang='lat' dir='ltr'><strong>custodierat.</strong></span> 
     </span>
    </p>
   </div>
   <div class='ocr_carea' id='block_1_110' title="bbox 1857 5173 3428 5249">
    <p class='ocr_par' dir='ltr' id='par_1_110' title="bbox 1857 5173 3428 5249">
     <span class='ocr_line' id='line_1_110' title="bbox 1857 5173 3428 5249; baseline -0.01 -13"><span class='ocrx_word' id='word_1_803' title='bbox 1857 5184 2318 5249; x_wconf 82' lang='lat' dir='ltr'><strong>Quemadmodum</strong></span> <span class='ocrx_word' id='word_1_804' title='bbox 2352 5193 2582 5246; x_wconf 87' lang='lat' dir='ltr'><strong>namque</strong></span> <span class='ocrx_word' id='word_1_805' title='bbox 2616 5187 2868 5238; x_wconf 87' lang='lat' dir='ltr'><strong>mortem,</strong></span> <span class='ocrx_word' id='word_1_806' title='bbox 2909 5174 2997 5227; x_wconf 91' lang='lat' dir='ltr'><strong>cui</strong></span> <span class='ocrx_word' id='word_1_807' title='bbox 3048 5173 3318 5226; x_wconf 81' lang='lat' dir='ltr'><strong>obnoxius</strong></span> <span class='ocrx_word' id='word_1_808' title='bbox 3349 5173 3428 5222; x_wconf 90' lang='lat' dir='ltr'><strong>fa-</strong></span> 
     </span>
    </p>
   </div>
   <div class='ocr_carea' id='block_1_111' title="bbox 1855 5265 3432 5337">
    <p class='ocr_par' dir='ltr' id='par_1_111' title="bbox 1855 5265 3432 5337">
     <span class='ocr_line' id='line_1_111' title="bbox 1855 5265 3432 5337; baseline -0.008 -10"><span class='ocrx_word' id='word_1_809' title='bbox 1855 5287 1971 5327; x_wconf 76' lang='lat' dir='ltr'><strong>etns</strong></span> <span class='ocrx_word' id='word_1_810' title='bbox 1997 5273 2174 5326; x_wconf 83' lang='lat' dir='ltr'><strong>fuerat</strong></span> <span class='ocrx_word' id='word_1_811' title='bbox 2207 5287 2420 5331; x_wconf 83' lang='lat' dir='ltr'><strong>servus,</strong></span> <span class='ocrx_word' id='word_1_812' title='bbox 2456 5285 2553 5337; x_wconf 89' lang='lat' dir='ltr'><strong>per</strong></span> <span class='ocrx_word' id='word_1_813' title='bbox 2583 5268 2865 5322; x_wconf 88' lang='lat' dir='ltr'><strong>mortalem</strong></span> <span class='ocrx_word' id='word_1_814' title='bbox 2886 5265 3027 5319; x_wconf 84' lang='lat' dir='ltr'><strong>servi</strong></span> <span class='ocrx_word' id='word_1_815' title='bbox 3061 5265 3288 5315; x_wconf 90' lang='lat' dir='ltr'><strong>formam</strong></span> <span class='ocrx_word' id='word_1_816' title='bbox 3307 5278 3432 5316; x_wconf 91' lang='lat' dir='ltr'><strong>sus-</strong></span> 
     </span>
    </p>
   </div>
   <div class='ocr_carea' id='block_1_112' title="bbox 1857 5355 3427 5424">
    <p class='ocr_par' dir='ltr' id='par_1_112' title="bbox 1857 5355 3427 5424">
     <span class='ocr_line' id='line_1_112' title="bbox 1857 5355 3427 5424; baseline -0.006 -8"><span class='ocrx_word' id='word_1_817' title='bbox 1857 5365 2016 5416; x_wconf 88' lang='lat' dir='ltr'><strong>tinuit</strong></span> <span class='ocrx_word' id='word_1_818' title='bbox 2056 5362 2334 5424; x_wconf 86' lang='lat' dir='ltr'><strong>Dominus,</strong></span> <span class='ocrx_word' id='word_1_819' title='bbox 2368 5362 2547 5413; x_wconf 88' lang='lat' dir='ltr'><strong>factus</strong></span> <span class='ocrx_word' id='word_1_820' title='bbox 2574 5359 2836 5412; x_wconf 88' lang='lat' dir='ltr'><strong>ohediens</strong></span> <span class='ocrx_word' id='word_1_821' title='bbox 2871 5367 3046 5422; x_wconf 82' lang='lat' dir='ltr'><strong>usque</strong></span> <span class='ocrx_word' id='word_1_822' title='bbox 3077 5355 3143 5408; x_wconf 92' lang='lat' dir='ltr'><strong>ad</strong></span> <span class='ocrx_word' id='word_1_823' title='bbox 3194 5363 3427 5407; x_wconf 87' lang='lat' dir='ltr'><strong>mortem</strong></span> 
     </span>
    </p>
   </div>
   <div class='ocr_carea' id='block_1_113' title="bbox 1855 5448 3432 5521">
    <p class='ocr_par' dir='ltr' id='par_1_113' title="bbox 1855 5448 3432 5521">
     <span class='ocr_line' id='line_1_113' title="bbox 1855 5448 3432 5521; baseline -0.005 -14"><span class='ocrx_word' id='word_1_824' title='bbox 1855 5454 2034 5507; x_wconf 83' lang='lat' dir='ltr'><strong>crucis</strong></span> <span class='ocrx_word' id='word_1_825' title='bbox 2066 5453 2108 5482; x_wconf 76' lang='grc'>³⁸</span> <span class='ocrx_word' id='word_1_826' title='bbox 2149 5470 2162 5506; x_wconf 93' lang='lat'>:</span> <span class='ocrx_word' id='word_1_827' title='bbox 2194 5454 2267 5505; x_wconf 88' lang='lat' dir='ltr'><strong>ita</strong></span> <span class='ocrx_word' id='word_1_828' title='bbox 2335 5452 2468 5521; x_wconf 82' lang='lat' dir='ltr'><strong>legis</strong></span> <span class='ocrx_word' id='word_1_829' title='bbox 2512 5465 2751 5520; x_wconf 85' lang='lat' dir='ltr'><strong>quoque,</strong></span> <span class='ocrx_word' id='word_1_830' title='bbox 2784 5449 3194 5515; x_wconf 88' lang='lat' dir='ltr'><strong>volnntatisque</strong></span> <span class='ocrx_word' id='word_1_831' title='bbox 3228 5448 3432 5499; x_wconf 73' lang='lat' dir='ltr'><strong>divina:</strong></span> 
     </span>
    </p>
   </div>
   <div class='ocr_carea' id='block_1_114' title="bbox 1859 5537 3430 5615">
    <p class='ocr_par' dir='ltr' id='par_1_114' title="bbox 1859 5537 3430 5615">
     <span class='ocr_line' id='line_1_114' title="bbox 1859 5537 3430 5615; baseline -0.007 -17"><span class='ocrx_word' id='word_1_832' title='bbox 1859 5546 2372 5615; x_wconf 81' lang='lat' dir='ltr'><strong>transgressionem,</strong></span> <span class='ocrx_word' id='word_1_833' title='bbox 2402 5558 2561 5612; x_wconf 83' lang='lat' dir='ltr'><strong>quam</strong></span> <span class='ocrx_word' id='word_1_834' title='bbox 2597 5550 2939 5611; x_wconf 75' lang='lat' dir='ltr'><strong>perpetraret</strong></span> <span class='ocrx_word' id='word_1_835' title='bbox 2977 5551 3192 5602; x_wconf 89' lang='lat' dir='ltr'><strong>servus,</strong></span> <span class='ocrx_word' id='word_1_836' title='bbox 3220 5537 3334 5606; x_wconf 91' lang='lat' dir='ltr'><strong>ipse</strong></span> <span class='ocrx_word' id='word_1_837' title='bbox 3380 5538 3430 5588; x_wconf 90' lang='lat' dir='ltr'><strong>in</strong></span> 
     </span>
    </p>
   </div>
   <div class='ocr_carea' id='block_1_115' title="bbox 1975 5748 2273 5803">
    <p class='ocr_par' dir='ltr' id='par_1_115' title="bbox 1975 5748 2273 5803">
     <span class='ocr_line' id='line_1_115' title="bbox 1975 5748 2273 5803; baseline -0.003 -1"><span class='ocrx_word' id='word_1_838' title='bbox 1975 5748 2019 5778; x_wconf 80' lang='lat'><strong>&quot;</strong></span> <span class='ocrx_word' id='word_1_839' title='bbox 2054 5748 2184 5803; x_wconf 82' lang='lat' dir='ltr'><strong>ibid.</strong></span> <span class='ocrx_word' id='word_1_840' title='bbox 2220 5749 2273 5802; x_wconf 80' lang='lat'><strong>5.</strong></span> 
     </span>
    </p>
   </div>
   <div class='ocr_carea' id='block_1_116' title="bbox 2381 5744 3419 5813">
    <p class='ocr_par' dir='ltr' id='par_1_116' title="bbox 2381 5744 3419 5813">
     <span class='ocr_line' id='line_1_116' title="bbox 2381 5744 3419 5813; baseline -0.005 -11"><span class='ocrx_word' id='word_1_841' title='bbox 2381 5748 2427 5781; x_wconf 83' lang='lat'><strong>&quot;</strong></span> <span class='ocrx_word' id='word_1_842' title='bbox 2477 5745 2606 5802; x_wconf 87' lang='lat' dir='ltr'><strong>ibid.</strong></span> <span class='ocrx_word' id='word_1_843' title='bbox 2641 5749 2693 5813; x_wconf 83' lang='lat'><strong>7,</strong></span> <span class='ocrx_word' id='word_1_844' title='bbox 2742 5748 2792 5802; x_wconf 87' lang='lat'><strong>8.</strong></span> <span class='ocrx_word' id='word_1_845' title='bbox 2899 5749 2942 5779; x_wconf 81' lang='grc'><strong>³⁸</strong></span> <span class='ocrx_word' id='word_1_846' title='bbox 2973 5747 3010 5802; x_wconf 91' lang='lat' dir='ltr'><strong>ll</strong></span> <span class='ocrx_word' id='word_1_847' title='bbox 3044 5746 3187 5800; x_wconf 90' lang='lat' dir='ltr'><strong>Tim.</strong></span> <span class='ocrx_word' id='word_1_848' title='bbox 3220 5759 3303 5810; x_wconf 85' lang='grc' dir='ltr'>ιιι,</span> <span class='ocrx_word' id='word_1_849' title='bbox 3337 5744 3419 5798; x_wconf 74' lang='lat' dir='ltr'><strong>lt).</strong></span> 
     </span>
    </p>
   </div>
  </div>
