4190 6438
154 426 292 490 1181

1328 436 1621 499 CONTRA
1661 439 2253 509 MONOPHYSITAS.

3264 451 3400 515 1182

149 543 210 595 ὲν
257 543 436 611 ἑτέρῳ
477 542 626 613 τόπῳ
661 546 1080 616 καταμέμφεται
1105 548 1307 616 λέγων·
1348 550 1420 601 Τὸ
1449 552 1557 619 γὰρ
1584 552 1726 618 φρό-

1845 560 2045 620 .uperat
2072 552 2300 608 dicens:
2335 554 2594 624 Cogitatio
2637 558 2776 611 enim
2832 561 3004 611 carnis
3033 577 3192 627 mors,
3231 573 3281 614 et
3314 582 3403 617 vo-

149 651 317 700 νημα
354 635 467 701 τῆς
504 639 726 702 σαρκὸς
755 637 1028 705 θάνατος,
1064 640 1162 693 καί
1189 643 1254 693 τὸ
1283 642 1510 708 θέλημα
1541 640 1729 709 αὐτῆς

149 727 321 790 νόμῳ
352 727 500 780 Θεοῦ
544 731 655 794 οὐχ
682 731 1089 783 ὑποτάσσεται
1108 747 1122 762 ο
1152 733 1292 785 οὔτε
1318 734 1426 803 γὰρ
1458 734 1726 798 δύναται,

152 817 342 885 ἔχθρα
390 820 464 871 ὃν
505 823 593 885 εἰς
633 824 799 875 Θεόν.
850 823 935 884 Ὠς
975 818 1072 874 οὖν
1133 824 1331 893 σαρκὸς
1375 824 1473 877 καὶ
1503 824 1730 889 αἵματος

152 912 498 977 κοινωνήσας
527 913 554 962 6
580 912 805 976 Ἰησοῦς,
839 913 935 964 καὶ
963 913 1275 981 σπέρματος
1306 916 1407 966 καὶ
1426 915 1730 981 θελήματος

166 1000 425 1067 ’Δσραὰμ
458 1002 851 1070 ἐπιλαϐόμενος
872 1044 888 1065 ,
943 1011 1290 1074 παραιτεῖται
1319 1006 1381 1057 16
1408 1006 1607 1058 οἰκεῖον
1638 1006 1728 1058 θέ-

152 1087 327 1154 λημα,
362 1088 536 1156 λέγων
556 1108 570 1121 ’
608 1092 783 1157 Πλὴν
811 1094 894 1159 μὴ
924 1097 991 1146 τὸ
1018 1097 1165 1163 ἐμὸν
1189 1097 1417 1162 θέλημα
1444 1097 1727 1163 γενέσθω.

152 1207 224 1215 -
249 1179 361 1231 Καὶ
392 1183 523 1245 μεθ’
552 1182 743 1249 ἕτερα.
781 1186 928 1237 Μίαν
953 1187 1132 1236 τοίνυν
1164 1186 1294 1238 Υἱοῦ
1319 1188 1543 1254 κτιστὴν
1570 1187 1729 1254 φύσιν

152 1268 210 1318 αἰ
260 1268 407 1321 θεῖαι
456 1273 603 1339 ἡμᾶς
648 1274 1034 1327 ἐκπαιδεύουσι
1077 1276 1328 1343 Γραφαὶ,
1387 1278 1508 1330 καθ’
1549 1276 1586 1330 δ.
1635 1277 1731 1329 καὶ

156 1358 215 1408 ὲν
256 1361 453 1424 αὐταῖς
500 1362 561 1415 16
604 1363 815 1435 θέλημα
855 1367 1220 1436 ἐπιστάμεθα,
1257 1367 1447 1439 ὥσπερ
1493 1370 1590 1422 καὶ
1632 1368 1731 1438 τὴν

156 1449 469 1519 ἐνέργειαν.

167 1560 403 1615 Ἀετίου
448 1565 641 1618 αἰτίου
684 1566 887 1638 πάσης
921 1570 1217 1635 ’Λινειανῆς
1247 1568 1544 1638 θεομάχου
1573 1568 1730 1637 αἰρέ-

501 1649 653 1698 σεως
684 1637 750 1688 ὲκ
781 1637 886 1688 τοῦ
915 1640 1043 1705 περὶ
1068 1641 1197 1690 Υἰοῦ
1222 1641 1429 1707 λόγου.

228 1720 444 1774 Οὔκουν
502 1725 714 1795 διθελὴξ
750 1730 778 1779 6
805 1729 903 1796 τῆς
932 1729 1149 1797 Μαρίας
1172 1729 1300 1791 Υἱὸς
1319 1770 1333 1790 ,
1374 1729 1460 1782 ἵνα
1491 1728 1565 1799 μὴ
1592 1729 1732 1782 κατὰ

155 1813 284 1874 τοὺς
342 1816 666 1883 Μανιχαίων
714 1820 911 1882 νόμους
966 1819 1215 1889 σαρκικῴ
1269 1820 1532 1890 θελήματι
1582 1822 1733 1873 ἀντι-

159 1908 533 1976 στρατεύηται
562 1911 623 1961 16
649 1911 860 1979 θέλημα
891 1910 981 1962 τοῦ
1008 1910 1164 1964 Θεοῦ.

450 2021 560 2074 Τοῦ
588 2022 796 2087 αὑτοῦ,
830 2024 898 2076 ἐκ
928 2023 1032 2076 τοῦ
1056 2022 1243 2076 αὐτοῦ
1267 2022 1472 2091 λόγου.

228 2129 410 2191 Αὐτὸς
437 2132 547 2199 γὰρ
577 2133 754 2203 ἑαυτῷ
778 2134 1073 2202 ὲρμηνεύει
1096 2135 1125 2185 6
1147 2134 1272 2196 Υἰδς
1294 2135 1394 2201 τὴν
1414 2134 1513 2201 τῆς
1533 2133 1739 2194 οἰκείας

159 2217 385 2284 φύσεως
415 2222 715 2275 ὑπόστασιν
742 2226 837 2275 καὶ
861 2223 1223 2290 ἀνομοιότητα
1241 2263 1256 2287 ,
1303 2224 1737 2290 παραιτούμενος

156 2309 258 2378 τὴν
286 2310 489 2377 πρᾶξιν
518 2312 609 2364 τοῦ
635 2312 837 2363 οἰκείου
878 2311 1199 2381 θελήματος.
1231 2313 1293 2365 Εἰ
1320 2308 1414 2364 οὖν
1443 2314 1504 2364 16
1530 2313 1739 2381 θέλημα

158 2402 555 2468 παραιτητέον,
586 2403 793 2471 τρεπτὴ
825 2402 1039 2464 πάντως
1068 2405 1163 2454 καὶ
1190 2404 1223 2471 ἡ
1248 2403 1410 2471 φύσις
1430 2422 1444 2433 ·
1478 2405 1597 2457 ὅθεν
1619 2404 1737 2456 οὐδὲ

158 2490 387 2551 ἀπαξιοῖ
426 2492 455 2542 6
497 2492 623 2552 Υἱὸς
667 2492 797 2543 Θεὸν
830 2491 1024 2544 ἑαυτοῦ
1063 2493 1157 2544 καὶ⁸
1188 2495 1419 2561 ποιητὴν
1452 2494 1739 2562 ὁμολογεῖν

158 2578 253 2629 τὸν
279 2578 498 2647 Πατέρα
513 2596 526 2608 ο
560 2580 717 2647 μόνον
738 2579 845 2648 γὰρ
864 2580 1067 2645 ἀγαθὸν
1084 2580 1146 2631 16
1165 2581 1376 2649 θέλημα
1390 2582 1483 2633 τοῦ
1503 2583 1737 2650 Πατρός·

158 2667 415 2737 διάφοροι
453 2668 584 2734 γοῦν
631 2670 687 2719 αἱ
729 2669 921 2735 φύσεις
959 2668 1091 2721 Υἱοῦ
1122 2670 1215 2722 καί
1244 2670 1480 2741 Πατρὺς,
1517 2673 1614 2724 καὶ
1645 2672 1739 2724 δύο

160 2760 400 2827 ἀνόμοια
426 2759 607 2812 αὐτῶν
635 2761 703 2812 τὰ
736 2760 1038 2830 θελήματα.

161 2873 470 2943 εὐνομίου
522 2873 947 2943 πρωτοστᾴτου
1004 2873 1115 2943 τῆς
1154 2875 1375 2940 Ἀρείου
1410 2872 1740 2942 θυμελικῆς

235 2942 583 3076 ἓιέξήίζζρας
631 2944 699 2996 ἐκ
752 2942 861 3010 τῆς
907 2945 1041 3011 περὶ
1092 2944 1230 2999 Υἰοῦ
1280 2944 1483 3011 τρίτου
1529 2943 1739 3011 λόγου,

236 3102 627 3166 Καταϐἐϐηκα
664 3102 809 3173 γὰρ,’
834 3105 1020 3173 φησὶν,
1062 3104 1132 3157 ἐκ
1166 3103 1277 3157 τοῦ
1302 3101 1585 3169 οὐρανοῦ,
1625 3102 1740 3169 οὐχ

1836 645 2013 697 luntas
2062 647 2173 714 ejus
2222 647 2322 716 legi
2347 648 2441 700 Dei
2491 666 2594 700 non
2642 657 2715 701 est
2742 650 3016 717 subjecta;
3049 662 3214 720 neque
3263 656 3403 707 enim

1834 744 2021 803 potest,
2053 752 2171 788 cum
2207 736 2312 790 Deo
2336 741 2401 791 sit
2441 741 2653 792 inimica
2684 740 2723 791 ³.
2756 738 2913 792 Sicut
2946 740 3093 793 enim
3124 743 3314 795 carnis
3346 753 3400 797 ct

1834 827 2115 894 sanguinis
2141 828 2319 882 factus
2347 832 2620 898 particeps
2649 833 2827 891 Jcsus,
2858 847 3074 885 necnon
3131 847 3320 884 semen
3348 842 3402 885 et

1834 916 2171 971 voluntatem
2201 918 2493 971 Abrahami
2536 922 2856 989 assumpsit,
2891 920 3174 988 propriam
3206 922 3406 989 deprc-

1836 1019 1991 1061 catnr
2027 1009 2364 1063 voluntatem
2386 1011 2616 1064 dicens:
2660 1010 3029 1064 Verumtamen
3067 1027 3132 1062 ne
3184 1011 3279 1077 ﬁat
3312 1028 3405 1063 vo-

1838 1096 2015 1150 luntas
2064 1116 2203 1151 mea.
2238 1127 2308 1137 —
2352 1099 2419 1152 Et
2471 1107 2585 1168 post
2639 1099 2751 1153 alia
2789 1116 2806 1153 :
2840 1099 3014 1153 Unam
3066 1100 3231 1169 igitur
3282 1098 3405 1153 Filii

1838 1198 2075 1241 creatam
2120 1199 2372 1242 naturam
2418 1190 2618 1242 divinm
2665 1204 2768 1241 nos
2818 1188 3053 1241 edocent
3085 1188 3404 1255 Scriptura),

1832 1277 1986 1345 juxta
2016 1294 2139 1346 quzc
2164 1289 2221 1334 et
2247 1279 2301 1333 in
2331 1279 2465 1349 ipsis
2494 1279 2838 1333 voluntatem
2879 1277 3135 1331 novimus
3176 1276 3319 1330 sicut
3350 1282 3409 1327 ct

1838 1368 2239 1424 ellicacitatem.

1907 1561 2044 1614 Aetii
2081 1563 2308 1615 auctoris
2336 1565 2504 1616 omnis
2542 1562 2757 1618 Ariana:
2794 1562 3045 1617 adversus
3074 1562 3409 1616 divinitatem

1838 1632 2112 1692 ltwreseos.
2146 1650 2209 1685 ca;
2235 1635 2475 1685 oratione
2498 1634 2560 1685 de
2595 1633 2749 1686 Filio.

1907 1722 2027 1777 Non
2062 1722 2229 1791 igitur
2261 1723 2496 1789 duplicis
2528 1722 2827 1776 voluntatis
2867 1732 2954 1777 est
2986 1721 3168 1775 Maria:
3210 1718 3404 1778 Filius.

1844 1828 1912 1866 ne
1940 1814 2244 1867 secundum
2275 1814 2698 1866 Manichaeorum
2734 1814 2885 1881 leges
2909 1824 3099 1868 contra
3133 1813 3408 1867 carnalem

1767 1899 1810 1955 Β
1840 1904 2175 1959 voluntatem
2195 1905 2511 1958 obluctetur
2541 1903 2638 1958 Dei
2668 1904 2946 1957 voluntas.

2190 2016 2466 2084 Ejusdem,
2499 2032 2563 2071 ea:
2583 2017 2765 2071 eadem
2797 2017 3052 2069 oratione.

1914 2128 2033 2198 Ipse
2061 2128 2210 2183 enim
2259 2128 2593 2197 sibimetipsi
2645 2128 3043 2193 interpretatur
3070 2125 3243 2178 Filius
3277 2138 3407 2193 pro—

1835 2224 1971 2293 pria:
2013 2232 2225 2275 natura:
2268 2219 2586 2289 hypostasin
2623 2227 2681 2272 ct
2723 2215 3250 2277 dissimilitudinem,
3281 2229 3409 2267 eum

1838 2316 2167 2383 deprecatur
2220 2312 2464 2381 prepria:
2514 2309 2817 2363 voluntatis
2872 2306 3304 2361 exsecutionem.
3352 2305 3408 2359 Si

1840 2407 2007 2475 igitur
2056 2404 2407 2473 deprecanda
2454 2410 2539 2456 est
2571 2402 2848 2462 voluntas,
2897 2396 3152 2451 ﬂexibilis
3184 2396 3411 2449 omnino

1838 2506 1895 2552 et
1919 2506 2135 2550 natura.
2170 2494 2326 2549 Unde
2382 2493 2558 2546 Filius
2600 2492 2775 2544 Deum
2823 2504 2985 2543 suum
3028 2496 3085 2541 et
3129 2495 3411 2539 auctorem

1841 2586 2093 2641 conﬁteri
2146 2585 2365 2638 Patrem
2397 2598 2507 2636 non
2566 2589 2811 2635 veretur.
2843 2579 3030 2633 Solum
3074 2578 3221 2630 enim
3269 2576 3415 2629 bona

1841 2678 2100 2730 voluntas
2132 2675 2332 2730 Patris.
2374 2673 2706 2728 Diﬂ‘ercntcs
2753 2671 2920 2740 igitur
2952 2677 3161 2722 natura:
3203 2667 3324 2720 Filii
3357 2675 3416 2720 et

1843 2769 2039 2833 Patris,
2075 2778 2131 2824 et
2158 2769 2268 2822 duo
2304 2766 2605 2820 dissimiles
2641 2780 2834 2819 eorum
2870 2763 3203 2815 voluntates.

1842 2881 2094 2936 Eunomii
2148 2880 2408 2951 prtesidis.
2453 2877 2817 2951 Arii_s_ceneei
2876 2875 3103 2951 theatri,
3140 2887 3203 2923 ea:
3259 2871 3417 2923 tertia

2224 2951 2462 3002 oratione
2488 2948 2551 2999 de
2572 2946 2728 3009 Filio,
2762 2960 2881 3013 cap.
2924 2944 3008 2996 l9.

1917 3103 2354 3165 Descendienim,
2382 3103 2480 3166 ait,
2502 3118 2529 3155 e
2553 3100 2702 3163 caelo,
2728 3116 2833 3152 non
2860 3107 2916 3151 ut
2947 3098 3141 3166 faciam
3175 3093 3420 3148 volunta-

163 3193 269 3245 ἳνα
312 3192 465 3245 ποιῶ
510 3195 578 3246 τὸ
622 3196 853 3262 θέλημα
900 3196 967 3248 τὸ
1006 3196 1183 3263 ἐμὸν,
1232 3195 1394 3248 ἀλλὰ
1421 3194 1488 3247 τὸ
1513 3194 1741 3261 θέλημα

1846 3205 1949 3249 tem
1980 3212 2171 3258 meam,
2216 3195 2307 3248 sed
2350 3193 2675 3245 voluntatem
2706 3190 2885 3243 Patris
2918 3188 2960 3240 δ.
3002 3188 3142 3240 Ecce
3178 3184 3419 3239 Verbum

166 3283 276 3335 τοῦ
328 3286 577 3350 Πατρός.
615 3286 759 3353 Ὅρα
806 3286 897 3339 τὸν
939 3285 1273 3338 κατελθόντα
1323 3284 1531 3335 ἄνωθεν
1572 3284 1745 3349 Λόγον

168 3371 486 3440 ἁκυροῦντα
542 3373 606 3425 τὸ
664 3374 793 3426 ἴδιον
866 3374 1081 3445 θέλημα
1130 3376 1205 3436 ὡς
1280 3375 1353 3444 μὴ
1421 3372 1746 3442 συμφωνοῦν

167 3461 249 3528 τῷ
295 3462 538 3531 ἀκτίστῳ
581 3464 848 3535 θελήματι
893 3465 988 3518 τοῦ
1036 3466 1275 3534 Πατρὸς,
1312 3464 1401 3516 διὰ
1430 3464 1491 3515 τὸ
1520 3463 1747 3531 κτιστὴν

167 3551 319 3620 ἔχειν
348 3558 440 3604 τὸν
468 3554 638 3621 Λόγον
668 3556 919 3627 καθάπερ
978 3557 1077 3625 τὴν
1129 3554 1312 3625 φύσιν,
1344 3554 1488 3607 οὕτω
1542 3555 1638 3607 καὶ
1686 3554 1746 3606 τὸ

170 3642 406 3711 θέλημα.

176 3751 290 3805 Τοῦ
319 3751 495 3818 ἁγίου
525 3754 863 3807 Εὐσταθίου
891 3754 1228 3807 ἐπισκόπου
1262 3755 1618 3821 Ἀντιοχείας
1646 3753 1741 3805 καί

237 3821 547 3901 μάρτυρος
567 3822 884 3901 dra-mam)
920 3822 1029 3875 τοῦ
1057 3826 1295 3901 Κέλσου
1330 3828 1399 3877 ἐκ
1424 3824 1533 3878 τοῦ
1561 3827 1747 3892 λόγου

242 3892 353 3944 τοῦ
386 3892 538 3943 κατὰ
567 3892 853 3959 Ἰωάννην
882 3908 1007 3961 κεφ.
1035 3892 1150 3956 κς’.

250 4001 583 4054 ’Υποτὰττει
640 4003 734 4056 καὶ
784 4003 984 4072 μᾶλλον
1034 4005 1195 4071 κυροῖ
1248 4003 1391 4074 ὑπὲρ
1441 4003 1503 4057 16
1548 4003 1746 4057 ἑαυτοῦ

171 4091 200 4143 ὁ
218 4091 460 4160 Χριστὸς
489 4090 549 4143 16
577 4091 667 4144 τοῦ
691 4093 906 4163 Πατρὸς
931 4094 1144 4163 θέλημα
1169 4096 1227 4147 ἐν
1242 4094 1520 4163 διαφόροις
1536 4095 1745 4157 τόποις,

170 4183 271 4251 οὐχ
319 4183 403 4234 ὅτι
449 4182 665 4252 θέλημα
703 4179 772 4253 ἦν
819 4186 878 4237 ὲν
909 4186 1058 4253 αὑτῷ
1089 4186 1344 4255 δεόμενον
1375 4186 1746 4248 καταλύσεως,

171 4273 299 4325 οὔτε
336 4273 553 4338 θεῖκδν,
589 4273 714 4326 οὔτε
751 4276 860 4345 μὴν
892 4275 952 4327 16
980 4279 1081 4346 τῆς
1124 4277 1287 4330 αὑτοῦ
1339 4278 1751 4347 ἀνθρωπήσεως

175 4362 460 4432 (καθάπερ
491 4362 559 4415 ἂν
586 4364 696 4432 γὰρ
715 4365 814 4432 τὴν
847 4364 1009 4431 φύσιν
1043 4367 1137 4418 καὶ
1168 4368 1237 4419 τὰ
1266 4367 1368 4436 τῆς
1397 4368 1611 4436 φύσεως
1641 4368 1751 4420 ἀπ-

174 4454 501 4523 ειργάσατο)
525 4469 540 4483 ο
579 4453 715 4506 ἀλλὰ
743 4454 882 4524 πρὸς
919 4456 1204 4519 Ἰουδαίους
1235 4457 1414 4510 λαλῶν
1442 4459 1569 4520 τοὺς
1592 4458 1749 4527 νομί-ο

1846 3287 1988 3342 εωίο
2013 3284 2353 3339 descendens
2390 3290 2555 3351 atque
2593 3280 2918 3335 rcnuntians
2962 3276 3199 3345 propria:
3229 3273 3422 3327 volun-

1848 3376 1967 3439 tati,
1998 3386 2057 3429 ut
2088 3390 2210 3443 qua:
2245 3374 2503 3427 iucreatze
2530 3371 2708 3425 Patris
2742 3368 3015 3422 voluntati
3046 3366 3190 3418 haud
3221 3379 3423 3417 convc-

1846 3467 1982 3531 niat,
2031 3474 2318 3534 prepterea
2372 3462 2519 3531 quod
2569 3461 2807 3514 Verbum
2836 3465 2897 3512 ut
2938 3466 3219 3519 naturam,
3255 3454 3338 3508 sic
3364 3460 3424 3506 et

1847 3554 2182 3609 voluntatem
2209 3552 2411 3605 habeat
2437 3558 2700 3604 creatam.

1917 3764 2099 3818 Sancti
2132 3764 2391 3818 Eustathii
2414 3764 2639 3831 episcopi
2659 3761 2966 3816 Antiochcni
2991 3768 3148 3831 atque
3171 3760 3425 3831 martyris

1848 3836 2136 3902 confutatio
2194 3833 2330 3887 Celsi
2355 3828 2877 3887 ex'Commentario
2943 3832 2998 3883 in
3064 3828 3425 3898 'Evaugelium

1845 3904 2069 3958 Joannis
2103 3920 2225 3972 cap.
2258 3918 2404 3956 xxvi.

1918 4014 1979 4067 In
2020 4014 2255 4069 diversis
2289 4015 2590 4084 Scriptura).
2635 4013 2775 4067 locis
2822 4012 3083 4066 Christus
3125 4010 3424 4074 submittit,

1846 4104 1933 4157 vel
1961 4104 2142 4171 potius
2171 4104 2348 4157 Patris
2371 4102 2643 4157 voluntati
2696 4102 3115 4155 subordinatam
3138 4114 3261 4153 esse
3292 4100 3429 4165 dicit

1848 4209 2002 4248 suam
2031 4196 2400 4259 voluntatem,
2436 4209 2544 4247 non
2580 4193 2728 4262 quod
2760 4193 3018 4246 voluntas
3046 4191 3099 4243 in
3139 4190 3259 4258 ipso
3282 4197 3431 4244 esset

1849 4285 2139 4349 abolenda,
2171 4295 2267 4339 aut
2290 4302 2400 4339 non
2426 4286 2679 4339 humana:
2706 4299 3019 4351 congruens
3042 4293 3256 4336 natura:
3285 4287 3431 4351 (age-

1849 4376 1945 4430 bat
1989 4377 2137 4431 euim
2193 4388 2404 4431 natura:
2453 4391 2566 4430 suae
2617 4374 3065 4439 convenienter),
3118 4373 3214 4427 sed
3264 4372 3428 4424 verba

1854 4466 2059 4521 faciens
2081 4466 2148 4520 ad
2174 4466 2392 4520 Judzeos
2414 4465 2509 4533 qui
2547 4480 2672 4518 eum
2708 4464 2803 4518 Dei
2836 4464 3016 4517 Patris
3050 4462 3429 4538 adversarium

176 4543 371 4606 ζοντας
393 4543 555 4596 αὑτὸν
579 4545 825 4597 ἀντίθεον
852 4546 947 4598 τοῦ
977 4547 1188 4615 lla-:96;
1208 4543 1369 4610 εἶναι,
1390 4548 1742 4617 οἰκονομικῶς

1855 4554 2144 4617 haberent,
2172 4570 2239 4607 ex
2264 4552 2676 4620 dispensatione
2704 4551 2842 4605 dixit
2868 4570 2880 4603 :
2914 4550 3033 4602 Non
3057 4564 3237 4618 qurere
3260 4564 3433 4600 meum

174 4634 353 4687 ταῦτα
400 4634 608 4699 ἔφασκε
651 4635 856 4704 λέγων,
916 4639 1000 4690 ὅτι
1049 4641 1130 4692 Οὐ
1158 4635 1306 4705 ζητῶ
1333 4639 1401 4691 τὸ
1427 4638 1657 4707 θέλημα
1686 4640 1754 4694 τὸ

174 4724 348 4794 ἐμόν,
380 4724 542 4777 ἀλλὰ
566 4724 631 4778 τὸ
655 4725 887 4795 θέλημα
909 4727 1015 4781 τοῦ
1039 4727 1393 4796 πέμψαντός
1405 4746 1482 4797 με
1499 4730 1750 4796 Πατρός.

188 4836 247 4891 ’Δ
255 4835 619 4904 πολιναρίου
642 4836 749 4891 τοῦ
765 4836 1107 4903 δυσσεϐοῦς
1124 4838 1192 4892 ἐκ
1208 4837 1316 4893 τοῦ
1332 4839 1470 4907 περί
1484 4839 1756 4907 ἐνώσεως

729 4909 916 4974 λόγου
948 4908 1203 4973 πρώτου.

261 4994 423 5047 Ἐπεὶ
448 4994 558 5065 γὰρ
586 4995 784 5065 ἄριστα
815 4998 1025 5059 Παῦλος
1053 4998 1172 5068 βοᾷ,
1190 4997 1288 5052 Ἑν
1315 4998 1397 5064 τῷ
1425 4999 1760 5067 παντοκρά-

177 5102 310 5152 τορι
357 5084 482 5148 Θεῷ
532 5073 631 5138 καί
671 5086 840 5153 μόνῳ
896 5084 1080 5155 ζῶμεν
1131 5090 1231 5142 καί
1281 5092 1603 5158 κινούμεθα
1660 5089 1759 5142 καὶ

178 5176 410 5244 ἐσμὲν,
462 5178 625 5246 ἤρκει
674 5179 768 5230 καὶ
812 5179 973 5247 μόνον
1012 5180 1073 5232 16
1104 5181 1269 5233 αὑτοῦ
1304 5181 1515 5252 θέλημα
1547 5182 1635 5235 διὰ
1660 5182 1756 5234 τοῦ

180 5271 239 5320 ὲν
291 5271 363 5337 τῇ
420 5270 585 5337 σαρκὶ
636 5269 1021 5339 σκηνώσαντος
1064 5272 1241 5340 Λόγου
1279 5273 1416 5342 πρὸς
1450 5274 1512 5326 τὸ
1552 5274 1759 5341 ταύτην

183 5361 474 5423 ζωοποιεῖν
519 5361 613 5413 καὶ
657 5364 824 5415 κινεῖν
844 5402 859 5425 ,
909 5364 1333 5434 ἀναπληρούσης
1366 5365 1465 5432 τῆς
1493 5365 1641 5427 θείας
1668 5367 1758 5416 ὲν-

184 5451 411 5520 εργείας
451 5452 543 5504 τὸν
576 5454 677 5522 τῆς
714 5452 894 5522 ψυχῆς
938 5456 1104 5507 τόπον
1150 5457 1246 5508 καὶ
1288 5457 1382 5507 τοῦ
1414 5456 1757 5525 ἀνθρωπίνου

188 5539 307 5601 νοός
329 5554 345 5567 ⁸
399 5538 522 5591 ὅθεν
565 5539 662 5591 καὶ
702 5542 976 5610 σκήνωσιν
1003 5545 1032 5595 6
1064 5544 1316 5614 Ἰωάννης
1347 5544 1445 5613 τὴν
1470 5545 1763 5614 ἐπιδημίαν

192 5626 358 5681 αὑτοῦ
410 5629 510 5699 τὴν
560 5626 622 5692 ἐξ
665 5628 909 5699 οὐρανῶν
952 5630 1233 5701 ὀνομάζει.
1284 5632 1470 5685 Εἰπὼν
1503 5635 1631 5705 γὰρ,
1682 5634 1763 5685 ὅτι

267 5783 287 5811 ³
313 5781 741 5848 llom.vm,6,7.
818 5783 838 5815 ⁸
871 5782 1029 5838 Joau.
1068 5801 1141 5848 v1,
1172 5785 1259 5839 53.
1337 5788 1356 5819 ³
1390 5786 1548 5841 Joau.
1573 5802 1627 5847 ν,
1655 5783 1742 5838 50.

1868 5784 1989 5838 Act.
2022 5800 2149 5847 xvu,
2182 5784 2271 5838 33.

1859 4645 2207 4702 uoluntatem.
2241 4645 2332 4697 sed
2358 4643 2536 4697 Patris
2566 4644 2655 4712 qui
2686 4659 2767 4695 me
2797 4642 2939 4693 misit
2964 4643 3005 4694 ⁵.

2011 4838 2096 4893 Ea:
2123 4838 2273 4907 impii
2306 4835 2605 4905 Apolinarii
2632 4836 2801 4896 primo
2830 4832 2963 4884 libro
2985 4831 3048 4882 de
3077 4831 3292 4881 unione.

1930 4992 2066 5047 Cum
2116 4993 2318 5047 Paulus
2367 4993 2573 5061 Optime
2614 4991 2760 5045 dicat
2803 5007 2815 5043 :
2855 4989 2920 5043 In
2970 4990 3331 5059 omnipotente
3372 5004 3436 5039 ac

1860 5083 1972 5139 solo
1997 5084 2105 5137 Deo
2132 5086 2369 5144 vivimus,
2393 5092 2442 5135 et
2468 5098 2753 5143 movemur,
2782 5089 2829 5132 et
2851 5097 3033 5133 sumus
3057 5081 3097 5142 ‘,
3123 5079 3432 5132 sulliciebat

1863 5175 2031 5230 etiam
2057 5177 2171 5229 sola
2195 5176 2315 5243 ejus
2336 5174 2592 5227 voluntas
2612 5173 2681 5227 ad
2706 5189 2948 5234 carnem,
2969 5173 3022 5225 in
3054 5187 3160 5241 qua
3191 5170 3433 5224 Verbum

1866 5268 2180 5330 habitabat,
2227 5266 2607 5319 viviﬁcandam
2661 5274 2715 5318 et
2761 5266 3108 5325 movendam,
3161 5263 3435 5330 siquidem

1865 5359 2050 5413 divina
2073 5358 2314 5411 ellicacia
2352 5357 2551 5410 anima:
2593 5355 2905 5423 mentisque
2957 5355 3210 5408 humana:
3249 5354 3433 5406 locum

1864 5447 2168 5501 obtinebat.
2231 5446 2579 5514 Quapropter
2630 5446 2752 5512 ejus
2806 5444 3131 5496 descensum
3188 5457 3219 5495 e
3278 5442 3436 5494 cmlis

1863 5544 2100 5598 Joannes
2126 5548 2285 5594 vocat
2319 5538 2801 5592 inhabitationcm.
2836 5538 3127 5604 Postquam
3158 5535 3306 5589 enim
3347 5534 3434 5585 di-

1870 5632 1999 5685 xit:
2052 5630 2272 5683 Verbum
2318 5645 2443 5682 caro
2490 5629 2690 5697 factum
2727 5636 2804 5681 est
2846 5628 2888 5695 ⁷,
2930 5642 3041 5682 non
3090 5624 3321 5689 addidit,
3378 5632 3437 5678 et

2384 5784 2401 5811 ⁷
2427 5782 2582 5837 Joan.
2623 5799 2659 5842 ι,
2696 5781 2778 5835 Η.
