4190 6438
796 416 931 479 1183

1996 409 2059 471 S.
2097 406 2493 469 ANASTASII
2533 403 2858 466 SlNAIT/E

3884 398 4023 460 118i

781 530 966 584 anima
999 542 1012 576 :
1047 519 1168 576 ﬁeri
1200 518 1348 575 enim
1384 515 1601 586 nequit,
1648 523 1712 573 ut
1738 517 1860 571 dua:
1889 524 2103 572 mentes
2134 526 2192 571 et
2223 516 2345 570 dua:

2457 516 2520 567 'o
2548 515 2735 580 Λόγος
2762 510 2921 578 σὰρξ
2947 508 3217 577 ἐγένετο,
3251 505 3314 560 οὗ
3343 504 3669 574 προσέθηκεν
3703 505 3813 557 Καὶ
3836 504 4011 575 Ψθκίν

779 620 1096 673 voluntates
1134 612 1297 666 simul
1333 610 1389 663 in
1434 610 1621 678 aliquo
1673 608 1947 673 habitent,
1992 624 2063 662 ne
2115 611 2350 662 alterum

781 716 978 762 contra
1010 706 1242 758 alterum
1276 701 1500 769 propria
1547 700 1827 752 voluntate
1873 707 1929 752 et
1974 697 2215 752 ellicacia
2248 714 2353 767 pu-

785 808 937 868 gnet.
972 798 1158 863 Itaque
1200 792 1440 847 Verbum
1483 806 1592 846 non
1630 790 1929 859 assumpsit
1974 791 2211 844 animam
2246 791 2353 843 hu-

786 904 1027 951 manam,
1059 885 1156 939 sed
1199 882 1553 938 solummodo
1605 898 1791 936 semen
1844 882 2159 936 Ahrahami.
2190 882 2353 935 Tem-

785 983 938 1051 plum
992 979 1139 1033 enim
1184 976 1432 1044 corporis
1487 974 1615 1028 .lesu
1661 976 2061 1043 prailiguratuni
2112 973 2217 1026 fuit
2258 988 2356 1041 per

784 1075 1051 1140 templum
1083 1069 1413 1132 Salomonis,
1459 1067 1604 1135 quod
1653 1082 1831 1134 neque
1880 1064 2141 1127 animam,
2175 1078 2355 1131 neque

784 1170 1046 1225 mentem,
1078 1174 1258 1226 neque
1282 1159 1619 1209 voluntatem
1646 1155 1902 1208 habebat.

856 1258 883 1308 Ἰ
903 1256 1017 1307 ales
1058 1252 1327 1307 nefandus
1378 1248 1751 1317 Apollinarius
1799 1245 2046 1299 evomuit
2097 1244 2356 1312 blasphe-

787 1348 965 1404 inias,
1009 1358 1342 1409 carnemque
1387 1338 1603 1393 Domini
1652 1347 1708 1391 et
1750 1337 1929 1390 anima
1976 1345 2031 1390 et
2075 1337 2357 1389 voluntate

786 1438 1031 1489 caruisse
1082 1433 1367 1487 asseruit:
1403 1440 1569 1497 atque
1615 1430 1805 1481 eadem
1858 1430 2106 1481 sentiunt
2153 1428 2357 1494 impius

790 1526 1093 1579 Eunomius
1122 1534 1180 1577 et
1212 1523 1307 1590 qui
1343 1536 1468 1576 cuni
1511 1538 1578 1573 eo
1622 1521 1691 1573 ab
1739 1520 1853 1572 Arii
1897 1527 2047 1572 stant
2091 1519 2356 1584 partibus,

789 1619 916 1671 novi
946 1618 1024 1670 illi
1056 1616 1318 1683 sophista:
1347 1613 1463 1681 qui.
1494 1611 1755 1679 inspectis
1780 1610 2108 1663 scurrilibus
2138 1610 2354 1660 illorum

793 1709 955 1762 libris
989 1709 1293 1772 haustaque
1330 1720 1396 1757 ex
1448 1702 1518 1755 iis
1567 1702 1865 1769 voluptate,
1908 1701 2201 1752 adversum
2255 1711 2356 1749 nos

789 1800 1071 1852 dimicant.
1106 1798 1248 1849 Ideni
1275 1809 1439 1861 porro
1467 1792 1839 1860 Apolliiiai'ius
1867 1790 1932 1842 ad
1966 1792 2113 1841 illum
2141 1790 2317 1840 lui-uin
2340 1804 2353 1838 :

2453 602 2714 654 ἀδύνατον
2754 599 2865 667 γὰρ
2912 599 3005 651 δύο
3050 595 3212 665 νοερὰ
3263 596 3359 647 καὶ
3401 593 3665 661 θελητικά
3703 595 3761 646 ἐν
3791 595 3870 661 τῷ
3907 596 4023 662 ap:

2453 692 2730 745 κατοικεῖν
2753 730 2769 755 ,
2822 690 2911 741 ἵνα
2948 688 3022 758 μὴ
3050 687 3111 740 τὸ
3137 686 3326 755 ἕτερον
3356 686 3500 737 κατα
3526 684 3621 735 τοῦ
3650 685 3839 751 ἐτέρου
3870 687 4024 737 ἀντιο

2453 782 2818 852 στρατεύηται
2841 779 2927 831 διὰ
2950 779 3050 848 τῆς
3071 778 3279 839 οἰκείας
3301 777 3572 846 θελήσεως
3599 778 3691 828 καὶ
3714 777 4019 843 ενεργείας.

2460 872 2673 925 υύκοῦν
2702 873 2765 925 ού
2812 870 2991 940 ψυχῆς
3038 871 3388 940 ἀνθρωπίνης
3436 868 3731 921 ἐπελάϐετο
3763 871 3791 919 6
3824 866 4022 934 Λόγος,

2450 962 2589 1017 ἀλλὰ
2639 963 2807 1032 μόνου
2864 960 3179 1030 σπέρματος
3211 960 3492 1028 Ἀϐρααμ*
3531 958 3622 1011 τὸν
3652 960 3760 1028 γὰρ
3788 959 3885 1011 τοῦ
3916 958 4025 1011 σώ-

2458 1070 2626 1124 ματος
2662 1053 2837 1122 Ἰησοῦ
2868 1052 2993 1105 ναὸν
3027 1051 3425 1121 προδιέγραψεν
3453 1052 3480 1103 6
3508 1050 3711 1119 ἄψυχος
3742 1053 3837 1103 καί
3864 1050 4028 1111 ἄνους

2456 1148 2546 1199 καὶ
2578 1145 2776 1214 ἀθελὴς
2807 1145 2902 1197 τοῦ
2935 1143 3280 1211 Σολομῶντος
3308 1143 3455 1204 ναός.

2526 1232 2713 1284 Ταῦτα
2767 1231 2863 1282 τοῦ
2920 1228 3246 1296 θεοστυγοῦς
3295 1228 3675 1295 ’Λπολιναρίου
3731 1226 4028 1293 δυσφημή-

2458 1340 2671 1386 σαντος,
2702 1322 2799 1375 καὶ
2826 1323 3028 1389 ἄψυχον
3056 1323 3148 1373 καὶ
3174 1320 3341 1389 αθελῆ
3371 1322 3469 1389 τὴν
3496 1319 3589 1372 τοῦ
3620 1318 3823 1387 Κυρίου
3848 1319 4029 1386 σάρκα

2458 1412 2739 1477 λέγοντος*
2801 1409 2924 1461 καθ’
2954 1409 2989 1461 ἃ.
3022 1409 3116 1460 καὶ
3147 1408 3408 1475 Εὑνόμιος
3437 1409 3466 1459 6
3490 1409 3689 1474 ἄνομος
3720 1408 3813 1456 καὶ
3843 1406 3894 1456 οἱ
3931 1407 4030 1455 σὺν

2462 1499 2611 1567 αύτῷ
2650 1498 3074 1569 Ἀρειανίζοντες
3107 1498 3389 1564 φαίνονται
3427 1500 3474 1550 οἱ
3508 1499 3622 1550 νὲοι
3659 1496 3912 1562 σοφισταὶ
3947 1494 4031 1546 ὅτι

2457 1592 2576 1651 ταῖς
2604 1590 2808 1641 τούτων
2837 1587 3159 1655 θυμελικοῖς
3186 1587 3521 1653 ἐγκύψαντες
3551 1587 3774 1653 βίϐλοις,
3804 1588 3901 1637 καὶ
3927 1584 4032 1635 ὦσ-

2461 1695 2567 1747 περ
2599 1679 2921 1746 ἀρεσθέντες
2961 1678 3055 1730 καὶ
3085 1694 3224 1730 κατα
3242 1677 3561 1747 τερφθέντες
3592 1678 3651 1740 ἐξ
3676 1677 3856 1729 αὐτῶν
3899 1680 4035 1745 ἡμῖν

2460 1773 2922 1841 παρατάττονται.
2940 1771 3101 1836 Λέγει
3122 1769 3229 1838 γὰρ
3248 1770 3409 1823 πάλιν
3425 1772 3452 1822 6
3478 1769 3636 1828 αὐτὸς
3652 1769 4032 1837 ’Λπολινὰριος

790 1888 989 1949 Pater,
1036 1894 1275 1937 transeat
1316 1900 1348 1934 a
1397 1899 1480 1934 me
1524 1882 1665 1934 calix
1694 1882 1825 1941 ista;
1858 1890 2218 1931 uerumtamen
2250 1892 2353 1928 non

2460 1865 2539 1922 εἰς
2564 1862 2647 1926 τὸ,
2682 1862 2872 1927 Πάτερ
2893 1902 2909 1925 ,
2935 1862 3275 1927 παρελθέτω
3307 1861 3407 1914 ἀπ’
3444 1860 3591 1928 ἐμοῦ
3623 1860 3687 1912 τὸ
3737 1862 4033 1925 ποτήριον

789 1994 903 2030 mea
926 1976 1043 2040 ﬁat,
1071 1981 1163 2027 sed
1195 1984 1287 2025 tua
1317 1974 1561 2024 voluntas
1598 1973 1641 2029 ⁸.
1665 1971 1743 2023 sic
1772 1971 1908 2022 dicit
1935 1987 1948 2021 :
1990 1988 2008 2019 ι
2044 1969 2099 2022 Si
2138 1970 2354 2029 cadi-iii,

787 2081 892 2132 qua
928 2064 1110 2124 l’atcr,
1145 2070 1385 2129 potentia
1420 2070 1475 2112 cl
1508 2068 1751 2127 paterna:
1779 2058 2032 2110 essentia:
2082 2056 2357 2123 particeps

786 2163 906 2208 erat
938 2154 1033 2223 qui
1066 2154 1132 2207 ad
1168 2153 1477 2220 passionem
1523 2161 1579 2203 et
1612 2165 1834 2202 crucem
1870 2148 2185 2207 accedebat,
2218 2160 2357 2214 quo-

790 2247 975 2304 modo,
1022 2246 1075 2296 in
1121 2256 1295 2307 agone
1334 2241 1692 2298 constitutus.
1741 2238 1933 2291 orabat
1984 2247 2042 2289 ut
2075 2236 2213 2290 calix
2254 2236 2356 2287 istc

791 2334 1069 2394 transiret,
1090 2341 1146 2385 ct
1173 2340 1233 2383 ut
1262 2347 1368 2382 non
1399 2345 1520 2391 sua,
1548 2328 1641 2381 sed
1678 2327 1855 2379 Patris
1885 2326 2138 2377 voluntas
2164 2322 2359 2377 fieret?

787 2426 927 2488 Quid
962 2426 1125 2477 etiam
1162 2437 1301 2490 opus
1344 2428 1463 2473 erat
1506 2418 1656 2485 loqui
1703 2419 1771 2471 de
1818 2418 2030 2470 orantis
2052 2419 2353 2477 voluntate,

790 2518 897 2570 nisi
926 2533 1030 2584 qua
1054 2516 1122 2568 ab
1148 2516 1260 2567 Deo
1290 2513 1623 2566 abhorrebat
1657 2511 1820 2579 eique
1851 2510 2126 2563 contraria
2156 2506 2297 2560 fuit?
2330 2523 2348 2556 ι

858 2692 937 2745 Ad
984 2692 1080 2744 has
1145 2690 1341 2757 impias
1395 2686 1717 2756 Apolliiiarii
1771 2701 1944 2754 nugas
1996 2686 2358 2741 confutandas

788 2782 1087 2849 Gregorius
1111 2780 1388 2846 bissenus
1422 2779 1474 2831 in
1507 2778 1664 2831 libris
1689 2787 1879 2831 contra
1914 2778 2065 2829 illiiiii
2110 2777 2358 2829 conseri-

790 2873 923 2941 ptis,
958 2873 1061 2924 hoc
1090 2871 1400 2937 syllogismo
1428 2870 1642 2922 utitur:
1677 2887 1695 2918 ι
1727 2870 1782 2921 Si
1819 2872 1880 2920 lit
1918 2870 2171 2921 voluntas
2192 2884 2357 2920 oran-

790 2964 882 3024 tis,
936 2962 987 3013 id
1037 2969 1118 3014 est
1150 2961 1386 3013 hominis
1426 2959 1518 3026 qui
1557 2959 1609 3011 in
1663 2959 1955 3012 Servatore
2008 2958 2355 3028 intelligitur,

790 3063 1017 3122 apparet
1048 3053 1319 3120 propriam
1365 3052 1622 3104 habuisse
1653 3052 1991 3103 voluntatem
2021 3051 2117 3118 qui
2153 3065 2354 3103 secun-

788 3146 921 3200 dum
991 3143 1457 3211 dispensationem
1522 3143 1848 3210 deprecatus
1915 3149 2001 3193 est
2062 3151 2350 3195 mortem:

790 3247 981 3290 contra
1007 3235 1051 3287 si
1079 3251 1184 3286 non
1221 3234 1277 3285 lit
1302 3234 1422 3300 ejus
1447 3232 1721 3293 voluntas,
1751 3233 1835 3284 vel
1859 3233 1939 3285 sic
1961 3233 2213 3285 voluntas
2235 3234 2355 3299 ejus

793 3327 932 3377 facta
979 3332 1083 3376 est.
1132 3322 1247 3376 lloe
1280 3323 1425 3375 enim
1460 3322 1694 3384 volebat,
1744 3333 1804 3373 ut
1853 3338 1923 3375 ne
1972 3324 2130 3376 lieret
2183 3322 2355 3392 ipsius

791 3415 1062 3466 voluntas.
1098 3413 1261 3480 Ergo,
1294 3421 1350 3465 et
1376 3412 1631 3463 exaudita
1657 3413 1907 3464 oratione
1944 3422 2001 3464 et
2042 3429 2149 3465 non
2184 3428 2353 3465 exau-

791 3502 902 3553 dita
930 3502 1165 3552 humana
1188 3499 1391 3553 Christi
1420 3500 1673 3551 voluntas
1694 3498 2067 3553 demonstrata
2086 3508 2171 3554 est
2189 3507 2355 3567 atque

791 3591 1033 3658 impleta.
1077 3606 1094 3638 ι

1060 3760 1110 3815 Ε
1137 3759 1194 3815 S.
1227 3760 1415 3815 Basilii
1444 3765 1577 3815 libro
1620 3771 1806 3817 contra
1836 3764 2083 3819 Ariditas.

857 3955 993 4010 Cum
1033 3956 1199 4023 igitur
1227 3971 1390 4009 unaui
1432 3956 1773 4011 voluntatem
1820 3958 2047 4023 habens,
2098 3972 2351 4029 respectu

792 4047 987 4108 l‘atris,
1016 4047 1179 4097 etiam
1214 4046 1506 4099 humanam
1533 4049 1912 4116 assunipserit,
1941 4050 2065 4103 ideo
2092 4053 2215 4120 jure
2242 4069 2352 4109 nie-

791 4138 1009 4206 ritoque
1036 4136 1172 4189 dicit
1200 4154 1213 4188 :
1243 4137 1363 4189 Non
1386 4154 1521 4202 mea,
1542 4139 1634 4191 sed
1665 4147 1759 4193 tua
1789 4139 1887 4207 ﬁat
1915 4142 2182 4197 voluntas.

1200 4337 1282 4391 Ea:
1320 4340 1556 4410 ejusdem
1588 4341 1767 4394 eodem
1796 4341 1948 4396 libro.

2461 1951 2837 2017 moramini-
2876 1952 2963 2020 μὴ
3009 1952 3075 2003 τὸ
3110 1953 3258 2017 ἐμὸν
3292 1951 3519 2018 θέλημα
3553 1950 3836 2019 feremur),
3873 1951 4032 2004 ἀλλὰ

2458 2043 2525 2093 τὸ
2552 2042 2691 2106 (τὸν,
2726 2042 2895 2105 οὕτως
2917 2058 2931 2073 ο
2988 2060 3006 2093 ι
3034 2042 3097 2094 El
3123 2042 3177 2093 δὲ
3215 2041 3495 2110 ίσοσθενὴς
3524 2043 3618 2093 καὶ
3646 2041 3905 2102 κοινωνὸς
3934 2041 4033 2108 τῆς

2461 2133 2741 2200 ιΙατρικῆς
2781 2132 2967 2193 οὐσίας
3011 2133 3041 2183 6
3086 2131 3179 2182 ἐπὶ
3222 2130 3285 2182 τὸ
3325 2131 3496 2191 πάθος
3543 2130 3638 2181 καὶ
3671 2130 3763 2180 τὸν
3798 2130 4034 2198 σταυρὸν

2457 2223 2753 2291 ἐρχόμενος
2780 2218 2869 2291 ἦν,
2902 2222 3021 2283 πῶς
3051 2223 3108 2274 ὲν
3134 2222 3343 2291 ἀγωνίᾳ
3368 2222 3659 2288 γενόμενος
3684 2219 4037 2291 προσηύχετο

2457 2310 2750 2380 παρελθεῖν
2803 2311 2967 2363 αὐτὸν
3013 2312 3075 2363 τὸ
3124 2312 3419 2380 ποτήριον,
3486 2311 3583 2363 καὶ
3642 2311 3716 2379 μὴ
3771 2311 4035 2375 γενέσθαι

2458 2404 2623 2455 αὑτοῦ
2656 2402 2718 2454 τὸ
2746 2402 2982 2470 θέλημα,
3019 2401 3155 2454 ἀλλὰ
3185 2402 3385 2470 μᾶλλον
3416 2401 3479 2454 τδ
3506 2400 3601 2453 τοῦ
3624 2401 3874 2470 Ιιατρόςς
3904 2401 3958 2452 τί
3981 2401 4037 2453 δὲ

2458 2494 2553 2546 καὶ
2587 2493 2982 2562 προαγορεύειν
3012 2493 3181 2563 ἐχρῆν
3228 2492 3290 2544 τὸ
3330 2491 3427 2545 τοῦ
3458 2492 3755 2562 εὐχομένου
3796 2490 4034 2562 θέλημα,

2456 2585 2574 2637 ἀλλ’
2602 2584 2635 2652 ἦ
2668 2584 3000 2652 ἀσύμφωνον
3026 2583 3162 2636 Θεοῦ
3194 2584 3289 2637 καὶ
3315 2583 3593 2647 ὲναντίονς
3625 2603 3646 2635 ι

2531 2674 2747 2736 Ταύτας
2804 2676 2905 2736 τὰς
2959 2674 3267 2737 παναθέους
3323 2675 3705 2745 ’Δπολιναρίου
3757 2675 4034 2745 ληρῳδίας

2458 2764 2782 2829 ἀνατρέπων
2831 2763 2889 2814 ὲν
2932 2764 3046 2824 τοῖς
3089 2761 3489 2831 συγγράμμασι
3541 2766 3655 2824 τοῖς
3701 2764 3824 2815 κατ’
3865 2762 4032 2815 αὑτοῦ

2456 2852 2484 2903 6
2530 2852 2628 2920 τῆς
2668 2852 2967 2904 Νυσσαέων
3012 2853 3246 2920 ἄγγελος
3276 2854 3610 2924 Γρηγόριος,
3662 2854 3897 2922 τοιούτῳ
3927 2856 4034 2906 τινὶ

2459 2943 2799 3012 συλλογισμῷ
2826 2945 3087 3011 κέκρηται
3115 2944 3234 2996 κατ’
3260 2943 3459 3008 αὐτοῦ,
3493 2946 3575 2997 ὅτι
3607 2964 3625 2996 ι
3662 2946 3781 2998 Κᾶν
3806 2948 4032 3014 γένηται

2455 3036 2519 3087 τὸ
2551 3036 2762 3105 θέλημα
2806 3035 2900 3088 τοῦ
2939 3037 3412 3105 προσευχομένου,
3464 3039 3711 3089 τουτέστι
3760 3037 3855 3090 τοῦ
3890 3040 4032 3091 κατὰ

2456 3126 2548 3178 τὸν
2579 3126 2805 3195 Σωτῆρα
2832 3127 3121 3193 νοουμένου
3150 3126 3462 3196 ἀνθρώπου,
3502 3126 3611 3178 ἰδοὺ
3638 3127 3856 3196 ἐδείχθη
3891 3127 4033 3195 ἒχων

2455 3216 2650 3267 οἰκεῖον
2695 3214 2906 3283 θέλημα
2948 3214 3304 3281 οἰκονομικῶς
3348 3215 3783 3284 παραιτούμενον
3811 3217 3907 3267 τὸν
3935 3216 4034 3269 0d-

2458 3320 2647 3357 νατονο
2689 3304 2792 3356 κᾶν
2838 3305 2897 3357 δὲ
2941 3304 3100 3357 πάλιν
3150 3304 3225 3374 μὴ
3256 3304 3482 3374 γένηται
3512 3304 3676 3357 αὐτοῦ
3706 3306 3768 3356 τὸ
3793 3304 4030 3373 θέλημα,

2457 3397 2552 3449 καὶ
2580 3395 2750 3457 οὕτως
2794 3394 3005 3463 θέλημα
3035 3394 3200 3447 αὐτοῦ
3228 3395 3419 3462 γέγονε
3444 3411 3460 3426 ο
3512 3396 3670 3447 τοῦτο
3697 3398 3805 3465 γὰρ
3836 3397 4034 3466 ἤθελεν

2458 3485 2545 3538 ἶνα
2563 3485 2639 3554 μὴ
2668 3487 2889 3554 γένηται
2907 3483 3069 3536 αὐτοῦ
3097 3484 3157 3537 τὸ
3180 3485 3409 3553 θέλημα.
3432 3485 3595 3537 Ὥστε
3626 3487 3720 3538 καὶ
3747 3488 4034 3540 είσακουο-

2461 3576 2632 3643 μένης
2676 3575 2773 3642 τῆς
2801 3575 3110 3643 προσευχῆς
3140 3575 3236 3627 καὶ
3264 3575 3338 3645 μὴ
3362 3577 3809 3647 είσακουομένης,
3838 3579 3900 3630 τὸ
3934 3579 4031 3631 ἁν-

2457 3662 2725 3731 θρὼπινον
2749 3661 2982 3731 Χριστοῦ
3003 3662 3274 3715 ἐδείκνυτο
3295 3666 3389 3716 καὶ
3422 3664 3726 3735 ἐπληροῦτο
3759 3667 4027 3737 θέλημα.»

2462 3774 2574 3827 Τοῦ
2622 3775 2795 3842 ἁγίου
2844 3774 3219 3898 Βασιλείουικ
3253 3777 3321 3828 ἐκ
3371 3774 3478 3830 τοῦ
3522 3781 3672 3834 κατὰ
3722 3781 4033 3848 Ἀρειανῶν

3142 3884 3156 3898 .
3187 3865 3349 3898 ογυυ.

3142 3865 3349 3914 .wrou.

2538 3958 2690 4010 Ἐπεὶ
2728 3955 2821 4011 οὖν
2869 3960 2927 4011 ἓν
2963 3959 3180 4027 θέλημα
3209 3960 3348 4029 ἔχων
3387 3960 3524 4029 πρὸς
3552 3961 3642 4013 τὸν
3667 3962 3915 4033 Πατέρα,
3951 3962 4030 4015 εἴ-

2454 4049 2593 4117 ληφε
2644 4052 2736 4103 καὶ
2778 4052 2839 4103 τὸ
2880 4051 3222 4121 ἀνθρώπινον
3246 4093 3261 4115 ,
3313 4052 3503 4104 τούτου
3534 4054 3693 4122 χάριν
3728 4054 3797 4106 ὲκ
3829 4056 4033 4122 πολλῆς

2455 4141 2766 4209 περιουσίας
2800 4142 2946 4210 λέγει
2969 4158 2984 4172 ο
3040 4142 3138 4211 Μὴ
3186 4142 3255 4196 τὸ
3288 4142 3435 4212 ἐμὸν
3468 4143 3693 4212 θέλημα
3743 4144 4031 4215 γενέσθω,

2454 4232 2612 4285 ἀλλὰ
2640 4232 2705 4285 τὸ
2732 4233 2869 4285 σόν.

2736 4342 2846 4396 Τοῦ
2869 4342 3077 4405 αὐτοῦ,
3108 4342 3179 4397 ἐκ
3206 4341 3315 4398 τοῦ
3339 4342 3527 4398 αὐτοῦ
3551 4344 3764 4413 λόγου.

862 4451 1208 4506 Voluptatem
1239 4454 1363 4506 vitm
1384 4464 1656 4508 amantem
1685 4455 1924 4509 habebat
1954 4469 2085 4510 caro
2111 4456 2348 4517 Domini.

2528 4449 2603 4502 Τὸ
2645 4449 2909 4519 φιλόζωον
2953 4451 3164 4521 θέλημα
3208 4448 3353 4523 εἶχεν
3402 4455 3436 4525 ἠ
3481 4454 3617 4523 σὰρξ
3660 4454 3758 4508 τοῦ
3790 4457 4025 4528 Κυρίου,

793 4550 985 4610 utpote
1028 4559 1149 4609 qua:
1207 4546 1480 4611 particeps
1532 4553 1650 4598 erat
1693 4555 1857 4611 atque
1899 4560 2125 4599 consors
2157 4547 2352 4601 anima:

793 4632 1118 4685 immortalis
1162 4648 1225 4686 ac
1264 4634 1360 4686 Dei
1405 4634 1565 4688 Verbi
1608 4635 1958 4700 vivitieantis,
1992 4645 2049 4689 ct
2079 4636 2207 4693 inde
2254 4640 2352 4692 iiii-

792 4723 1143 4775 inortalitatis
1179 4723 1516 4776 desiderium
1548 4724 1858 4779 hauriebat.

866 4836 943 4905 lilr
981 4836 1237 4888 Ambrosii
1276 4840 1501 4905 episcopi
1535 4839 1936 4893 Mcdioluneusis
1976 4845 2352 4897 rommculario

792 4906 845 4956 in
882 4904 1050 4956 locum
1076 4921 1145 4957 :‘r
1185 4907 1367 4971 l‘atcr,
1401 4904 1636 4961 transeat
1669 4926 1703 4961 a
1747 4926 1827 4961 me
1848 4911 1989 4963 calix
2015 4914 2130 4965 iste.
2155 4931 2174 4963 ι

862 5059 1084 5115 Etiamsi
1141 5062 1421 5125 Servatur,
1478 5064 1782 5118 secundum
1827 5064 2122 5120 humanam
2175 5066 2350 5136 ipsius

788 5152 1145 5216 voluntatem,
1166 5154 1490 5221 deprecatur
1515 5166 1762 5217 mortem,
1782 5171 1849 5209 ne
1872 5156 2188 5211 oll‘cndaris.
2211 5159 2345 5213 Cum

788 5242 935 5293 enini
967 5256 1096 5293 caro
1120 5244 1424 5296 naturalem
1462 5244 1585 5297 vita:
1633 5245 1837 5299 fontem
1872 5245 2348 5315 iiuinortaleinque

792 5329 961 5383 Deuin
999 5331 1237 5385 Verbum
1266 5332 1320 5384 in
1350 5348 1470 5387 sese
1504 5333 1731 5387 haberet
1772 5335 2000 5404 ejusque
2030 5337 2349 5392 immortali-

794 5422 919 5474 tatis
950 5424 1097 5475 velut
1130 5424 1405 5490 particeps
1434 5434 1600 5486 esset,
1640 5426 1755 5494 jure
1790 5428 1985 5480 merito
2010 5428 2349 5484 detrectabat

792 5519 1044 5571 mortem,
1070 5526 1233 5578 quam
1262 5528 1369 5565 non
1406 5514 1703 5577 metuebat,
1740 5516 1833 5568 sed
1876 5517 2252 5580 aversabatur,
2291 5528 2346 5573 ct

787 5600 899 5661 cui,
929 5602 1056 5669 quia
1072 5612 1186 5656 erat
1206 5603 1325 5657 sine
1356 5615 1600 5672 peccato,
1634 5604 1778 5660 haud
1808 5613 1927 5660 erat
1949 5606 2236 5662 obnoxius.

861 5756 882 5779 "
911 5754 1042 5809 Luc.
1082 5771 1212 5819 λιιι,
1241 5757 1325 5809 42.

2458 4544 2534 4604 ὡς
2577 4545 2833 4606 κοινωνὸς
2867 4540 3003 4596 οὖσα
3044 4546 3138 4597 καὶ
3163 4546 3391 4615 σύμϐιος
3416 4546 3597 4617 ψυχῆς
3625 4548 3903 4603 ἀθανάτου
3937 4552 4026 4602 καὶ

2457 4634 2591 4685 Θεοῦ
2626 4637 2800 4703 Λογου
2846 4636 3111 4697 ζωοποιοῦ
3161 4639 3539 4692 παναθανάτου
3560 4681 3579 4706 ,
3631 4642 3727 4695 καὶ
3758 4642 3821 4708 ἐξ
3850 4643 4024 4696 αὐτῶν

2456 4724 2645 4794 ὥσπερ
2676 4726 3054 4794 μεταλαϐοῦσα
3078 4728 3170 4780 τὸν
3194 4728 3295 4797 τῆς
3320 4728 3622 4793 ἀθανασίας
3654 4731 3845 4787 πόθον.

2470 4836 2812 4915 Ἄμϐροᾳίου
2839 4837 3175 4915 ἐπισκόπου
3202 4842 3585 4915 Μεόίιολάγωγ
3614 4844 3816 4915 ἐκλτοῦ
3839 4846 4020 4915 λόγου

2523 4911 2607 4969 εἰς
2638 4910 2731 4958 τό·
2768 4928 2799 4985 ἰ
2834 4910 3044 4974 Πάτερ,
3076 4910 3412 4978 παρελθέτω
3438 4914 3539 4968 ἀπ’
3566 4913 3714 4982 ἐμοῦ
3742 4916 3811 4967 τὸ
3842 4910 4017 4981 xviii-

2513 4992 2649 5040 ριον
2688 4993 2886 5029 τουτο.
2910 4997 2929 5028 ι

2520 5063 2583 5114 Εἰ
2611 5063 2669 5115 δὲ
2697 5066 2788 5116 καὶ
2817 5068 3157 5133 παραιτεῖται
3182 5068 3276 5121 τὸν
3301 5069 3529 5123 θάνατον
3558 5073 3699 5124 κατᾶ
3726 5073 3787 5123 τὸ
3810 5072 4016 5144 ἀνθρώο

2454 5168 2606 5204 πινον
2660 5154 2823 5207 αὐτοῦ
2871 5155 3084 5226 θέλημα
3133 5161 3162 5211 6
3224 5159 3452 5230 Σωτὴρ,
3515 5162 3590 5232 μὴ
3638 5163 4010 5227 σκανδαλίζου.

2454 5248 2616 5300 Φύσει
2661 5249 2769 5319 γὰρ
2820 5251 2918 5322 τὴν
2960 5253 3142 5322 πηγὴν
3195 5257 3295 5325 τῆς
3341 5255 3489 5326 ζωῆς
3540 5259 3599 5311 ὲν
3644 5259 3780 5329 αὐτῇ
3827 5261 4014 5329 ἔχουσα

2453 5341 2487 5407 ἡ
2514 5340 2652 5409 σὰρξ
2677 5344 2771 5394 καὶ
2795 5343 2897 5411 τῆς
2922 5345 3220 5408 ἀθανασίας
3243 5348 3336 5401 τὸν
3358 5349 3490 5402 Θεὸν
3511 5350 3707 5418 Λόγον,
3731 5354 3833 5421 τῆς
3856 5351 4011 5406 αὑτοῦ

2457 5429 2645 5500 ὥσπερ
2688 5432 2985 5497 ἀθανασίας
3031 5436 3445 5506 μεταλαϐοῦσα,
3494 5440 3720 5503 δικαίως
3749 5444 4011 5514 ἀπεστρέ-

2454 5537 2583 5588 φετο
2615 5522 2705 5574 τὸν
2736 5524 2963 5577 θάνατον
2982 5564 2998 5590 ,
3052 5527 3113 5579 ού
3157 5528 3440 5596 δειλιιῖωα,
3466 5530 3602 5584 ἀλλὰ
3632 5532 3869 5601 μισοῦσα
3902 5535 4008 5599 καὶ,

2451 5611 2526 5674 ὡς
2557 5613 2942 5684 ἀναμάρτητος
2971 5615 3183 5687 θανάτῳ
3214 5620 3290 5689 μὴ
3318 5620 3678 5694 ὑποκειμένη.
