4190 6438
176 403 199 464 ι
218 404 323 466 185
1352 405 1650 465 CONTRA
1688 403 2284 466 MONOPHYSITAS.
3281 408 3423 475 1186

469 513 581 567 Τοῦ
605 513 813 578 αὑτοῦ,
846 513 914 567 ἐκ
943 512 1050 567 τοῦ
1080 514 1267 568 αὐτοῦ
1293 514 1500 581 λόγου.
1786 514 1839 574 Λ

1490 555 1500 569 .
1786 514 1839 574 Λ
2159 514 2435 584 Ejusdem,
2452 532 2515 569 ex
2542 517 2719 570 eodem
2746 520 3145 572 commentario.

257 606 320 658 ὐ
349 607 460 673 γὰρ
491 607 558 674 τῇ
587 605 763 674 οἰκείᾳ
791 606 940 674 φωνῇ
986 605 1167 655 πᾶσαν
1195 604 1294 672 τὴν
1318 603 1425 655 τῶν
1451 601 1754 673 ἀνθρώπων

1929 605 2032 669 Qui
2071 621 2206 661 voce
2244 622 2342 661 sua
2379 610 2696 663 universum
2744 609 3031 663 hominum
3083 626 3255 680 genus
3282 628 3313 666 ο
3342 629 3431 670 sc-

166 696 342 764 φύσιν
375 697 441 747 ὲκ
465 697 574 748 τῶν
599 697 787 762 τάφων
815 695 1121 761 ἀναστῆσαι
1153 693 1383 763 μέλλων,
1421 694 1539 755 πῶς
1564 692 1758 745 ἐδεδοί-

1857 697 2064 764 pulcris
2097 699 2528 753 resuscitaturus
2556 709 2660 763 est,
2691 701 2971 768 quomodo
3006 701 3256 755 timuerit
3284 721 3432 756 mor-

165 803 257 838 κει
311 787 586 850 Θάνατονς
643 786 855 839 Οὐκοῦν
904 786 1261 854 πιστούμενος
1312 786 1371 838 τὸ
1417 784 1757 853 ἀνθρώπινον

1856 789 2008 840 tem?
2061 788 2131 843 Ut
2182 789 2370 856 igitur,
2417 790 2487 842 ob
2532 791 2917 844 limroticormn
2965 792 3429 851 incredulitatem.

164 878 374 931 ἑαυτοῦ
426 878 525 940 τὰς
569 876 679 929 τῶν
724 877 990 945 αἱρέσεων
1031 876 1326 939 ἀπιστίας,
1371 876 1564 929 τούτου
1598 877 1756 945 χάριν

1860 877 2109 932 humana:
2149 879 2325 948 ipsius
2363 880 2767 948 naturteJidem
2801 890 3096 945 astrueret,
3127 884 3271 947 ideo,
3306 900 3431 938 cum

166 970 267 1021 xui
301 922 594 1037 πράγμασι
628 970 722 1021 xui
754 922 995 1037 ριίιμασιν
1032 968 1127 1020 ἐπὶ
1156 968 1216 1019 τὸ
1240 922 1413 1029 πάνθος
1441 922 1752 1034 ὲρχὸμῖενιος,

1860 922 2109 932 ...πη-...υ
2151 922 2325 948 .,.......,
2606 922 2767 934 ηπ...
2801 922 3096 945 ..υνυυυη
3127 922 3271 947 ww,

1857 970 1923 1023 ad
1964 971 2271 1038 passionem
2314 988 2373 1023 se
2406 922 2743 1041 accingeret,
2782 974 3020 1028 humano
3054 990 3206 1029 more
3234 986 3291 1029 et
3320 978 3435 1045 egit

163 1061 539 1129 ἀνθρωπίνοις
588 1060 876 1128 κέχρηται.
926 1058 1017 1110 Διὸ
1079 1059 1175 1110 xui
1221 1057 1613 1125 προσεύχεται,
1661 1056 1756 1108 xui

1856 1066 1914 1110 et
1946 1058 2163 1110 locutus
2186 1066 2288 1110 est.
2324 1057 2670 1127 Quapropter
2700 1060 2866 1112 etiam
2899 1070 3038 1123 orat,
3063 1071 3119 1115 et
3149 1064 3433 1130 sanguinis

167 1151 316 1219 ἱδροῖ
348 1152 475 1212 τοὺς
506 1149 849 1219 αίματώόους
885 1149 1156 1219 θρόμϐους
1179 1189 1195 1213 ,
1244 1152 1339 1202 xui
1390 1148 1496 1200 ὑπὸ
1521 1148 1754 1214 ἀγγέλου

1859 1157 2041 1217 guttas
2072 1149 2323 1210 desudat,
2370 1159 2425 1201 et
2466 1151 2535 1203 ab
2562 1151 2777 1219 angelo,
2819 1152 3141 1220 angelorum
3173 1154 3428 1217 Creator,

162 1244 193 1294 ὁ
237 1243 353 1295 τῶν
387 1243 639 1309 ἀγγέλων
674 1243 906 1312 Ποιητής
947 1243 1260 1311 ἐνισχύεται
1292 1241 1385 1294 xui
1410 1240 1753 1308 θρασοποιεί-

1860 1240 2058 1294 robore
2106 1256 2170 1294 ac
2219 1240 2419 1294 ﬁducia
2457 1242 2749 1305 imbuitur,
2791 1254 2847 1296 et
2898 1253 2957 1297 ut
3006 1244 3145 1297 calix
3193 1254 3434 1299 transeat

161 1352 295 1395 ται,
334 1336 431 1386 καὶ
468 1333 760 1403 παρελθεῖν
791 1335 955 1385 αὑτὸν
984 1334 1047 1385 τὸ
1079 1335 1338 1401 ποτήριον
1365 1334 1535 1392 αἰτεῖ,
1572 1332 1665 1382 xui
1695 1330 1756 1382 τὸ

1857 1342 2136 1399 precatur,
2162 1341 2219 1385 et
2259 1333 2554 1386 humanam
2588 1334 2763 1401 ipsius
2788 1337 3125 1390 voluntatem
3157 1339 3434 1392 submittit

162 1424 523 1492 ἀνθρώπινον
574 1423 739 1475 αὑτοῦ
784 1423 998 1492 θέλημα
1048 1421 1329 1475 ὑποκλίνει
1364 1416 1459 1490 τῷ
1504 1416 1756 1488 πατρικῷ

1857 1431 2101 1491 paterna:
2120 1424 2432 1494 divinaeque
2465 1427 2740 1479 voluntati
2766 1428 2994 1482 dicens:
3032 1430 3292 1484 Cancrum
3328 1448 3431 1483 non

164 1516 266 1567 xui
295 1515 429 1583 θείῳ
456 1514 621 1566 αὑτοῦ
654 1515 920 1583 θελήματι
950 1513 1151 1580 λέγων·
1190 1514 1365 1577 Πλὴν
1386 1512 1470 1578 μὴ
1500 1511 1565 1563 τὸ
1597 1511 1747 1574 ἐμὸν

1858 1530 1973 1566 mea
1995 1514 2115 1579 ﬁat,
2140 1516 2231 1566 sed
2257 1526 2349 1568 tua
2378 1514 2642 1580 voluntas,
2686 1518 2765 1571 sic
2794 1520 3093 1574 ostendens
3136 1536 3245 1573 non
3290 1520 3431 1573 divi-

163 1608 405 1671 Οὲληιια
447 1604 744 1672 γενέσθω,
780 1602 945 1657 ἀλλὰ
976 1605 1041 1656 τὸ
1071 1602 1188 1657 σόν
1209 1619 1223 1633 ο
1275 1603 1337 1655 οὑ
1368 1602 1633 1670 διαίρεσιν
1663 1600 1756 1652 xui

1856 1606 2071 1659 sionem
2127 1616 2228 1659 aut
2273 1610 2721 1663 contrarietatem
2762 1613 3130 1675 voluntatum,
3178 1611 3272 1665 sed
3312 1628 3436 1680 per-

163 1700 532 1766 ὲναντιότητα
579 1697 902 1765 θελημάτων
947 1696 1200 1758 δεικνὺς,
1255 1696 1393 1747 ἀλλὰ.
1443 1696 1504 1747 τὸ
1551 1682 1756 1745 τέλειον

1858 1698 2057 1751 lectam
2089 1697 2511 1752 humanitatem.
2528 1700 2631 1764 Qui
2650 1702 2797 1754 enim
2825 1710 3076 1755 naturam
3092 1703 3431 1771 (humanam)

163 1793 226 1842 ἐν
254 1789 664 1857 ἀνθρωπότητι.
716 1787 775 1838 '0
812 1786 920 1854 γὰρ
964 1788 1065 1853 τὴν
1103 1786 1264 1853 φύσιν
1301 1785 1753 1853 καταδεξάμενος,
1788 1844 1818 1859 η

1788 1844 1827 1859 η
1862 1788 2141 1850 induerat,
2185 1789 2414 1841 omnino
2459 1790 2626 1843 etiam
2675 1806 2798 1859 qua:
2831 1801 3043 1846 natura:
3084 1802 3290 1857 essent,
3328 1795 3432 1848 sibi

166 1881 398 1939 παντως
432 1879 527 1928 xui
552 1876 621 1928 τα
644 1875 746 1943 τῆς
771 1874 986 1942 φύσεως
1016 1873 1360 1926 οἱκειώσατο.
1786 1844 1821 1899 Β

593 1876 621 1927 'u
644 1875 746 1943 τῆς
771 1844 986 1942 φόσεως
1016 1844 1360 1926 οἰκειώσατο.
1515 1844 1528 1847 ﬁ
1574 1844 1587 1853 υ
1714 1844 1722 1845 7
1786 1844 1827 1899 Β
1855 1844 2248 1948 appropriavit.

170 1989 287 2042 Τοῦ
334 1988 510 2052 ἁγίου
556 1986 913 2056 Ἀηανασιόυ
940 1982 1009 2034 ἐκ
1044 1981 1151 2056 τοῦ
1183 1982 1369 2056 λόγου
1403 1980 1507 2032 τοῦ
1540 1982 1627 2056 είς
1660 1981 1746 2032 τό·

1852 1991 1919 2045 Ε.
1954 1991 2012 2045 S.
2048 1992 2329 2046 Athanasii
2369 1995 2745 2046 conmentario
2786 1996 2840 2046 in
2880 1995 3015 2047 illud
3051 2014 3071 2049 :
3114 2014 3132 2046 ι
3177 1995 3432 2049 Dominus

292 2078 311 2107 ι
345 2060 559 2123 Κύριος
574 2054 775 2106 ἑκτισέ
806 2070 905 2121 με,
946 2071 965 2103 ι
998 2053 1095 2103 καί
1124 2054 1273 2104 κατὰ
1312 2053 1638 2116 ’Λμίιανὼφκ

1461 2053 1638 2101 ανὼν.
2152 2066 2345 2114 creavit
2378 2082 2477 2125 me,
2515 2083 2531 2113 ι
2570 2073 2618 2115 et
2651 2074 2831 2117 contra
2864 2068 2901 2117 Α
2914 2068 3112 2117 rianos.

245 2147 363 2198 Καὶ
412 2144 545 2212 γοῦν
598 2144 693 2195 ἐπὶ
746 2143 839 2194 τὸν
883 2143 1114 2211 σταυρὸν
1168 2142 1485 2210 ἐρχόμενος,
1519 2136 1751 2197 ἐκτενῶς

1920 2150 2054 2205 Cum
2088 2152 2140 2204 in
2172 2168 2239 2204 eo
2268 2162 2353 2205 est
2387 2162 2445 2205 ut
2474 2154 2655 2207 crucis
2688 2164 2918 2206 mortem
2950 2156 3144 2207 subeat
3166 2197 3180 2217 ,
3215 2155 3429 2209 intense

166 2234 545 2305 προσεύχεται
610 2234 704 2286 xui
762 2233 822 2285 τὸ
870 2234 1000 2300 γόνυ
1030 2233 1199 2284 κλίνει
1234 2274 1249 2296 ,
1283 2232 1457 2296 λέγων
1487 2246 1502 2259 ’
1538 2229 1748 2294 Πάτερ,

1850 2259 1914 2295 ac
1936 2245 2169 2311 genibus
2195 2242 2347 2296 ﬂexis
2370 2252 2491 2296 orat
2518 2245 2664 2296 hunc
2691 2245 2743 2296 in
2772 2245 2993 2297 modum
3019 2264 3030 2298 :
3059 2245 3237 2307 Pater,
3258 2256 3433 2300 trans-

164 2323 517 2389 παρελθέτω
565 2321 668 2375 ἀπ’
699 2320 852 2388 ἐμοῦ
886 2322 954 2374 τὸ
993 2320 1281 2386 ποτήριον
1346 2317 1552 2370 τοῦτο·
1582 2317 1751 2382 πλὴν

1849 2345 1933 2385 eat
1968 2353 1999 2385 α
2034 2352 2113 2386 me
2148 2336 2289 2385 calix
2323 2337 2447 2395 iste;
2479 2344 2841 2388 verumtamen
2877 2354 2980 2388 non
3015 2354 3130 2389 mea
3166 2339 3428 2398 voluntas,

160 2413 249 2480 μὴ
290 2412 360 2463 τὸ
398 2412 546 2479 ἐμὸν
577 2411 803 2476 θέλημα
829 2409 1114 2477 γενέσθω,
1146 2408 1304 2459 ἀλλὰ
1338 2406 1403 2458 τὸ
1431 2407 1547 2458 σόν
1575 2421 1588 2434 ·
1623 2405 1749 2457 ἴδιον

1847 2427 1937 2478 sed
1970 2436 2059 2476 tua
2088 2424 2218 2487 βαι,
2244 2440 2398 2476 suam
2431 2425 2622 2479 dicens
2648 2428 2987 2480 voluntatem
3019 2428 3231 2492 carnis,
3260 2426 3431 2498 siqui-

166 2504 338 2556 αὺτοῦ
401 2503 616 2571 θέλημα
666 2502 841 2567 λέγων
888 2501 950 2551 τὸ
989 2499 1088 2567 τῆς
1125 2498 1361 2567 σαργόςο
1424 2498 1615 2565 ὅτιπερ
1656 2499 1749 2548 xui

1306 2516 1325 2559 ἱ
1346 2512 1361 2526 ⁸
1424 2498 1615 2565 ὅτιπερ
1656 2499 1749 2548 καὶ
1849 2518 1973 2569 dem
2010 2515 2183 2583 ipsam
2219 2526 2462 2568 nostram
2500 2532 2724 2570 carnem
2762 2518 2961 2573 induit.

166 2596 347 2665 αὐτὴν
373 2593 473 2663 τὴν
511 2592 788 2660 ἡμετέραν
824 2591 1005 2657 σάρκα
1034 2591 1091 2641 ὲν
1121 2588 1299 2657 ἐαυτῷ
1330 2588 1671 2640 οίκειώσατο.

180 2704 567 2780 Ἀντιπάτρου
612 2702 953 2780 ἐπισκόπου
1006 2704 1285 2780 ιῆόστρων
1340 2701 1437 2780 (lt).
1502 2699 1598 2751 Ἐκ
1640 2696 1749 2750 τοῦ

1848 2707 2119 2775 Antipatri
2172 2706 2469 2761 Bostrensis
2523 2710 2788 2777 episcopi,
2838 2726 2904 2763 ea:
2954 2712 3322 2766 dissertatione
3371 2715 3426 2769 in

490 2775 679 2839 λόγου
729 2770 834 2823 τοῦ
876 2773 962 2835 είς
994 2770 1100 2822 τὸν
1152 2772 1436 2834 σταυρόν.
1974 2770 1985 2775 ’

1094 2786 1100 2799 ν
1152 2772 1436 2834 σταυρόν.
1974 2770 1985 2775 ’
2520 2770 2611 2830 ci'u
2619 2770 2749 2831 cem.

240 2861 357 2915 Τοῦ
395 2860 505 2928 γὰρ
532 2859 876 2928 ἀνθρωπίνου
912 2858 1011 2938 τῆς
1046 2857 1323 2926 ἡμετέρας
1352 2855 1567 2924 φύσεως
1598 2853 1750 2923 Θελή-

1918 2864 2233 2919 Secundum
2279 2867 2575 2922 humanam
2616 2870 2952 2923 voluntatem
2988 2887 3096 2938 qua
3141 2873 3285 2927 sicut
3326 2889 3426 2929 nos

168 2968 345 3021 ματος
392 2950 452 3001 ὲν
477 2945 717 3017 Χριστῷ,
737 2947 863 3015 περὶ
886 2937 947 2997 οὗ
980 2944 1243 3013 φησνΜίρ
1266 2943 1332 2996 τὸ
1360 2943 1505 3012 ἐμὸν
1524 2944 1751 3011 θέλημα

1850 2951 2112 3021 praeditus
2145 2962 2265 3006 erat
2296 2953 2547 3007 Christus
2567 2996 2581 3018 ,
2615 2955 2759 3008 unde
2793 2956 2927 3009 dicit
2956 2973 2969 3009 :
3000 2937 3117 3009 Non
3156 2976 3271 3013 mea
3292 3000 3308 3024 ,
3335 2962 3424 3013 sed

166 3040 439 3110 γενέσθω
466 3078 483 3103 ,
513 3038 673 3091 ἀλλὰ
714 3036 781 3088 τὸ
815 3035 932 3087 σὺν
954 3074 969 3098 ,
1015 3035 1146 3086 ἴδιον
1184 3030 1251 3103 ἦν
1296 3034 1330 3104 ἡ
1387 3034 1479 3086 τοῦ
1517 3034 1748 3086 θανάτου

1850 3050 1943 3095 tua
1995 3042 2091 3109 ﬁat
2141 3044 2416 3109 voluntas,
2469 3055 2700 3099 mortem
2753 3046 3120 3115 detrectavit;
3177 3052 3421 3116 etenim,

167 3129 512 3198 παραίτησις
534 3143 548 3156 ο
567 3125 882 3195 προεμήνυε
923 3125 1030 3193 γὰρ
1058 3123 1132 3186 ὡς
1162 3126 1293 3185 Θεὸς
1320 3124 1742 3192 ὃτιπαρέρχεται
1772 3159 1816 3217 C

1772 3159 1816 3217 ο
1850 3144 1956 3195 qua
1996 3129 2139 3181 Deus
2175 3130 2426 3197 prmdixit
2464 3131 2691 3185 calicem
2736 3133 2911 3201 ipsum
2952 3150 3073 3189 esse
3116 3140 3425 3206 prmteritu-

166 3219 339 3270 αὐτὸν
365 3217 428 3268 τδ
456 3218 734 3285 ποτήριον.
780 3214 1003 3283 Ἀνέστη
1039 3215 1145 3281 γὰρ
1172 3215 1475 3284 τριήμερος
1497 3254 1511 3277 ,
1547 3214 1745 3264 ἀθανα-
1785 3214 1802 3217 ’

1785 3214 1802 3217 ’
1853 3235 1995 3272 rum.
2020 3217 2290 3272 Nimirum
2324 3229 2448 3288 post
2482 3229 2591 3274 tres
2622 3221 2740 3275 dies
2772 3225 3102 3288 resurrexit,
3136 3236 3420 3294 postquam

165 3308 327 3371 τίσας
390 3309 491 3377 τὴν
539 3308 758 3377 σάρκα,
791 3307 887 3359 καὶ
932 3305 1230 3375 συντρίψας
1283 3307 1342 3356 τὸ
1386 3302 1479 3358 τοῦ
1520 3304 1752 3357 θανάτου

1851 3322 2071 3361 carnem
2106 3307 2516 3364 immortalitate
2547 3310 2850 3366 donaverat
2881 3322 2939 3367 et
2971 3316 3165 3368 mortis
3197 3315 3420 3368 calicem

167 3402 315 3469 ποτή
326 3415 458 3467 ριον.

1851 3397 2216 3467 conlregerat.

174 3513 290 3569 Τοῦ
328 3513 541 3575 αὐτοῦ,
572 3511 642 3564 ἐκ
674 3509 780 3565 τοῦ
809 3508 995 3592 αὐτοῦ
1040 3508 1226 3575 λόγου
1265 3507 1414 3559 κατὰ
1451 3506 1753 3561 Ἀπολινα-

1652 3524 1753 3559 να·
1961 3508 2238 3573 Ejusdem,
2270 3524 2333 3561 ea:
2361 3516 2590 3562 tractatu
2621 3509 2871 3565 adversus
2899 3512 3307 3583 Apollinarium.

928 3595 1044 3630 ιου.

928 3596 1044 3630 ιου.

254 3672 320 3725 '0
348 3670 481 3739 γοῦν
521 3670 659 3739 ὑπὲρ
705 3669 863 3738 ἡμῶν
882 3596 1101 3719 ρπαθὼν
1146 3666 1205 3717 οὐ
1261 3665 1420 3735 μόνον
1480 3664 1755 3734 ἁμαρτίαν

1922 3665 2026 3731 Qui
2056 3665 2219 3736 igitur
2243 3680 2347 3734 pro
2371 3664 2531 3719 nobis
2558 3681 2752 3735 passus
2779 3677 2883 3731 est,
2911 3685 3019 3722 non
3049 3678 3262 3724 tantum
3294 3684 3423 3738 pee-

169 3764 277 3815 οὑκ
308 3763 594 3829 ἐποίησεν,
628 3759 764 3812 ἀλλὰ
790 3760 884 3810 καὶ
916 3757 1015 3818 τὰς
1062 3756 1216 3826 ῥίζας
1258 3756 1357 3824 τῆς
1389 3757 1661 3823 ἁμαρτίας
1691 3758 1754 3809 ὲκ

1853 3769 2034 3810 catum
2068 3774 2175 3810 non
2210 3757 2360 3821 fecit,
2390 3772 2581 3810 verum
2616 3760 2780 3812 etiam
2816 3761 3023 3828 peccati
3062 3762 3270 3814 radices
3302 3760 3425 3814 fun-

172 3851 448 3921 θεμελίων
494 3849 804 3919 ἀνέτρεψεν.
835 3847 1047 3900 Οὐκοῦν
1097 3847 1197 3916 οὐχ
1250 3846 1325 3907 ὡς
1358 3848 1598 3907 ἐναντίος
1624 3847 1746 3915 Θεῷ

1853 3847 2002 3901 ditus
2033 3847 2250 3901 evulsit.
2278 3848 2461 3914 Quare
2499 3848 2643 3902 haud
2678 3851 2827 3904 velut
2860 3852 2969 3903 Deo
3002 3860 3307 3905 retractans
3338 3850 3426 3905 di-

170 3943 250 3996 ὥν
278 3942 452 4008 λέγει,
482 3940 579 4007 Μὴ
614 3940 681 3992 τὸ
707 3939 853 4007 ἐμὸν
874 3938 1103 4006 θέλημα
1130 3936 1410 4006 γενέσθω,
1434 3936 1545 3989 ἀλλ’
1564 3937 1753 3988 ὑποτυ-

1853 3938 1952 4001 cit,
1990 3938 2103 3991 Non
2144 3952 2260 3990 mea
2292 3936 2391 4003 βαι
2424 3937 2707 4003 voluntas;
2740 3941 2834 3993 sed
2873 3952 2929 3995 ut
2964 3942 3124 3995 nobis
3158 3943 3423 3995 rationem

449 4034 584 4101 ἡμῖν
636 4031 896 4100 παρέχων
955 4030 1071 4091 πῶς
1145 4031 1203 4081 ἐν
1260 4031 1371 4090 τοῖς
1427 4030 1753 4095 πειρασμοῖς

1856 4027 2109 4080 ostendat
2138 4026 2415 4095 quomodo
2449 4028 2502 4079 in
2541 4028 2940 4081 tentationibus
2975 4031 3184 4096 precari
3222 4030 3423 4081 debea-

172 4122 583 4194 προσεύχεσθαι
612 4121 752 4191 ego.
798 4122 860 4173 El
886 4120 942 4172 δὲ
970 4120 1059 4171 διὰ
1086 4120 1147 4173 τὸ
1170 4120 1367 4186 λέγειν,
1405 4120 1499 4185 Μὴ
1520 4120 1585 4171 τὸ
1609 4120 1755 4186 ἐμὸν

1856 4132 1996 4170 mus.
2029 4116 2086 4169 Si
2114 4132 2244 4170 vero
2268 4116 2641 4184 Apollinarius
2670 4125 2966 4186 propterea
2995 4118 3140 4186 quod
3171 4117 3424 4172 Christus

172 4216 409 4281 θέλημα
436 4211 719 4280 γενέσθω,
753 4213 966 4280 ἀναιρεῖ
994 4212 1159 4263 αὑτοῦ
1190 4213 1251 4263 τὸ
1291 4212 1472 4282 νοερὸν
1511 4211 1606 4277 τῆς
1654 4211 1754 4279 ψυ-

1853 4214 2011 4277 dixit,
2036 4212 2151 4266 Non
2177 4228 2293 4265 mea
2316 4212 2413 4279 ﬁat
2439 4212 2705 4276 voluntas,
2732 4213 3060 4267 rationabile
3085 4214 3205 4282 ejus
3232 4213 3426 4266 animae

174 4309 281 4375 χῆς
301 4304 739 4373 όἎπολινάριος,
766 4303 970 4372 ἄψυχον
994 4303 1157 4355 αὑτοῦ
1183 4305 1273 4355 xui
1290 4304 1451 4356 ἄνουν
1472 4302 1754 4371 κηρύττων

1856 4306 2017 4368 ῑοΙΙὶι,
2047 4313 2123 4364 et,
2152 4312 2334 4356 mente
2364 4302 2509 4371 capti
2545 4303 2737 4362 instar,
2769 4302 3277 4355 inhumanatiunem
3307 4303 3426 4371 ejus

174 4398 277 4467 τὴν
309 4396 606 4464 σάρκωσιν,
636 4396 817 4465 πολλῷ
838 4397 1021 4447 πλεῖον
1045 4395 1136 4447 τοῦ
1162 4392 1427 4462 φιλοζὼω
1453 4394 1753 4461 θελήματος

1855 4395 1973 4448 sine
2004 4394 2184 4447 anima
2213 4403 2270 4447 et
2298 4400 2481 4446 mente
2512 4393 2679 4446 fuisse
2711 4393 3020 4455 contendit,
3055 4394 3226 4446 multo
3258 4394 3427 4461 magis

176 4488 511 4558 ἐφύϐριστόν
551 4489 667 4540 ἔστι
714 4487 894 4549 λέγειν
926 4489 1016 4541 τὸν
1047 4486 1283 4557 Χριστόν
1322 4487 1614 4554 γενόμενον
1653 4501 1752 4537 κα·-
1791 4485 1828 4536 ι)

1791 4485 1828 4536 ι)
1853 4500 2015 4554 quam
2042 4484 2188 4553 quod
2214 4483 2283 4537 de
2304 4484 2589 4536 voluntate
2614 4483 2740 4535 vita:
2769 4492 2985 4535 amante
3019 4482 3271 4543 habetur,
3299 4497 3427 4534 con-

175 4582 357 4649 τάραν
387 4578 483 4631 xui
513 4579 814 4648 ἁμαρτίαν,
851 4580 946 4631 xui
977 4577 1342 4647 πειρασθὲντα
1370 4578 1474 4629 ὑπὸ
1501 4574 1596 4627 τοῦ
1646 4577 1750 4627 Σα-

1860 4577 2208 4630 tumeliosum
2239 4574 2346 4629 erit
2372 4574 2580 4637 dicere,
2603 4573 2883 4627 Christum
2911 4573 3114 4625 factum
3147 4588 3267 4625 esse
3298 4574 3428 4625 abo-

174 4670 319 4723 τανᾶ
352 4668 758 4738 τεσσαράκοντα
785 4670 1019 4738 ἡμέρας,
1051 4669 1145 4720 xui
1175 4668 1412 4735 φυγόντα
1443 4668 1548 4720 ἀπὸ
1583 4665 1750 4737 Ἥρὼ·

1857 4666 2214 4722 minationem
2244 4674 2302 4719 et
2331 4674 2639 4734 peccatum,
2666 4673 2721 4717 et
2750 4670 3018 4716 tentatum
3048 4679 3076 4716 a
3107 4662 3304 4716 Satana
3331 4679 3428 4730 per

174 4758 271 4810 ὅου
297 4759 356 4809 ὲν
386 4756 671 4826 Αἰγύπτῳ,
712 4760 807 4809 xui
836 4758 1267 4823 ὑποταττόμενον
1308 4757 1504 4825 Ἰωσὴφ
1553 4755 1628 4823 τῷ
1660 4755 1756 4828 τέο,

1857 4758 2213 4827 quadraginta
2237 4756 2378 4820 dies,
2404 4765 2460 4809 ct
2482 4756 2550 4808 ab
2576 4756 2789 4809 Herode
2813 4756 3015 4823 fugisse
3037 4754 3090 4807 in
3112 4753 3422 4824 Aigyptum,

182 4865 359 4911 κτονι,
399 4847 497 4899 xui
526 4848 905 4918 ἔνισχυόμενον
940 4847 1044 4900 ὑπὸ
1091 4846 1323 4914 ἀγγέλου
1354 4848 1429 4909 ως
1473 4846 1750 4899 δειλιῶντα

1857 4859 1913 4904 et
1941 4848 2249 4918 subjectum
2281 4846 2452 4901 fuisse
2479 4847 2719 4915 Josepho
2748 4846 2906 4899 fabro
2933 4846 3193 4913 lignario,
3221 4855 3278 4897 et
3306 4861 3426 4898 cor-

177 4942 271 4993 τὸν
298 4940 551 4995 θάνατον.
1516 4942 1519 4945 ⁷

1857 4940 2170 4993 roboratum
2216 4938 2286 4993 ab
2334 4940 2527 5008 angelo
2576 4947 2637 4991 ut
2681 4938 2776 5006 qui
2825 4947 3061 4990 mortem
3108 4936 3428 4989 reformida-

1858 5033 2019 5086 verit.

190 5140 442 5214 Ἐφραίμ
484 5138 610 5214 τοῦΔ
627 5136 959 5214 (tritanii-ou
994 5137 1329 5214 ἐπισκόπου
1353 5210 1367 5214 Α
1385 5137 1750 5214 ’ᾼντιοχείας

1858 5143 1925 5198 Ε.
1949 5142 2005 5197 S.
2032 5142 2300 5212 Ephremi
2327 5144 2552 5214 episcopi
2576 5142 2883 5195 Antiocheni
2911 5141 3059 5193 tertio
3086 5139 3215 5192 libro
3243 5148 3424 5193 contra

395 5212 465 5261 ἐκ
508 5208 615 5262 τοῦ
638 5212 786 5259 κατὰ
813 5208 1074 5275 Σεὸήρου
1108 5209 1308 5273 τρίτου
1331 5208 1537 5274 λόγου.

1120 5209 1197 5273 τρί
1204 5224 1308 5259 του
1331 5208 1537 5274 λόγου.
2081 5208 2090 5212 ⁷
2357 5208 2368 5214 ⁷
2500 5208 2775 5265 Severum.

254 5302 433 5369 Ὠπερ
458 5296 554 5353 οὗν
582 5300 641 5351 ὲν
665 5301 732 5367 τῇ
762 5297 885 5367 θεία
914 5299 1075 5366 φύσει
1112 5297 1347 5365 διάφορα
1395 5296 1624 5365 λέγομεν
1650 5293 1749 5364 φύ-

1927 5299 2399 5366 Quemadmodum
2444 5301 2497 5353 in
2540 5300 2724 5353 divina
2768 5308 2961 5351 natura
3003 5298 3247 5352 diversas
3286 5298 3424 5351 dici-

181 5410 321 5455 σεως
382 5392 793 5456 [δια,τοὺτέστι
848 5390 910 5443 τὸ
971 5391 1243 5449 ἄκτιστον,
1293 5388 1353 5439 τὸ
1401 5390 1655 5456 ἄναρχον,
1688 5386 1750 5440 τὸ

1859 5406 1980 5445 mus
2017 5400 2228 5443 natura:
2269 5392 2652 5459 preprietates,
2696 5389 2852 5442 verbi
2894 5389 3090 5457 gratia,
3132 5387 3276 5454 quod
3318 5405 3423 5441 non

180 5482 563 5544 ἀναλλοίωτον,
590 5482 650 5534 τὸ
694 5482 1131 5551 ἀπερίγραπτον,
1172 5480 1232 5531 τὸ
1266 5479 1533 5550 ἄτρεπτον
1566 5480 1751 5531 καὶτὰ

1856 5490 2039 5536 creata
2066 5482 2156 5543 sit,
2181 5481 2326 5548 quod
2360 5480 2514 5532 initio
2539 5488 2745 5543 careat,
2772 5478 2916 5546 quod
2947 5494 3052 5529 non
3083 5476 3423 5534 immutetur.

179 5577 389 5639 τούτοις
447 5576 657 5645 ἀδελφά
692 5593 753 5629 τε
800 5577 896 5629 xui
939 5574 1205 5645 σύμφωνα
1229 5577 1323 5629 xui
1346 5577 1412 5645 τῇ
1447 5574 1565 5643 θείᾳ
1592 5573 1751 5642 οὐσίᾳ

1857 5571 2001 5641 quod
2031 5570 2501 5638 incircumscripta
2529 5579 2585 5624 et
2613 5570 2909 5622 immobilis
2937 5569 3026 5621 sit.
3054 5577 3219 5636 atque
3248 5567 3332 5618 his
3357 5566 3428 5619 si-

184 5667 321 5738 μόνῃ
361 5664 854 5736 ἀγψόζοντωοῦτω
887 5666 983 5717 καὶ
1007 5666 1065 5717 ὲν
1097 5668 1163 5735 τῇ
1199 5663 1456 5734 θελητικῇ
1488 5664 1582 5715 τοῦ
1615 5662 1749 5715 Θεοῦ

1857 5662 2006 5714 milia
2028 5675 2147 5728 qua:
2165 5661 2265 5713 soli
2289 5660 2488 5714 divina:
2510 5660 2765 5714 essentne
2786 5658 3142 5717 conveniunt,
3169 5658 3240 5708 ita
3262 5655 3426 5707 ctiam

183 5758 406 5828 δυνάμει
434 5756 607 5810 πολλὰ
639 5755 772 5812 Θεοῦ
812 5758 873 5811 ὲν
900 5757 1017 5819 ταῖς
1054 5756 1222 5819 θείαις
1269 5757 1509 5825 Γραφαῖς
1565 5754 1748 5821 λέγον-

1859 5752 1915 5807 in
1949 5751 2135 5804 divina
2166 5752 2385 5805 volcndi
2422 5751 2681 5805 facultate
2717 5751 2899 5803 nmllre
2932 5749 2985 5801 in
3022 5747 3303 5814 Scriptura
3339 5761 3425 5800 sa-
