4190 6438
803 395 937 458 118Ἱ

2040 393 2103 453 S.
2145 391 2542 451 ANASTASII
2580 390 2909 452 SINAITE

3930 392 4068 455 1183

798 528 892 565 cra
922 511 1016 564 Dei
1043 507 1356 563 voluntates
1384 522 1506 561 csse
1537 506 1820 560 dicuntur.
1849 505 2055 559 Eodem
2088 505 2251 557 modo
2280 519 2375 557 co-

2489 520 2565 554 ται
2620 499 2758 555 εἶναι
2811 504 3115 572 θελήματα.
3170 501 3277 555 Τὸν
3307 502 3471 555 αὐτὸν
3502 502 3561 555 δὲ
3604 504 3808 573 τρόπον
3846 509 3947 558 καὶ
3983 511 4074 561 ἐπὶ

800 605 911 669 gita
943 602 1112 656 etiam
1148 601 1217 654 de
1250 601 1429 653 anima
1461 600 1527 652 ad
1563 600 1851 665 imaginem
1884 596 1978 648 llci
2011 596 2171 649 facta.
2208 595 2378 647 llnam

801 691 952 745 enim
980 692 1341 757 eamdemque
1373 690 1796 742 intellectualem
1829 702 1893 740 ac
1926 686 2249 739 rationalem
2283 685 2379 737 ha-

805 784 902 837 bet
938 782 1309 836 essentialitcr
1345 780 1562 833 volendi
1605 779 1919 833 facultatem
1963 795 2125 846 quam
2170 776 2383 845 accepit

804 878 871 929 ad
921 875 1298 943 amplectenda
1348 883 1403 926 et
1452 873 1804 940 exsequenda
1852 871 2037 925 divina
2084 879 2381 940 prmccpta.

804 966 930 1019 llaec
956 966 1207 1026 facultas,
1233 972 1507 1031 quatenus
1534 962 1836 1015 secundum
1867 972 2121 1015 naturam
2146 960 2381 1024 exsistit,

804 1074 985 1125 neque
1024 1065 1308 1125 peccatum
1345 1070 1526 1123 neque
1556 1055 1767 1123 justitia
1802 1054 2029 1117 dicitur,
2061 1052 2155 1104 sed
2188 1051 2385 1105 anima:

805 1148 1030 1201 habitus
1058 1146 1125 1198 ad
1156 1148 1451 1199 volendum
1487 1156 1666 1214 aptus.
1699 1146 1817 1198 .lam
1852 1160 1917 1196 cx
1954 1143 2056 1196 hac
2085 1143 2281 1195 anima:
2311 1142 2388 1195 fa-

804 1239 1029 1298 cultatc,
1055 1253 1179 1305 qua:
1209 1238 1385 1290 libero
1416 1238 1619 1305 gaudet
1648 1236 1902 1296 arbitrio,
1931 1234 2054 1288 dua:
2086 1235 2387 1287 voluntatis

801 1337 1139 1380 enascuntur
1171 1328 1411 1395 species,
1446 1327 1631 1379 divina
1665 1326 1927 1378 nimirum
1956 1335 2012 1378 et
2042 1326 2203 1378 mala.
2230 1323 2386 1387 Quod

803 1418 847 1470 si
882 1423 948 1470 ad
983 1420 1076 1472 llci
1111 1430 1441 1486 prmi-cptum
1476 1418 1836 1479 inclinantus,
1866 1417 2051 1471 divina
2082 1418 2389 1485 appellatur

801 1509 1085 1572 voluntas,
1116 1526 1225 1561 non
1259 1509 1563 1563 secundum
1597 1510 1924 1569 essentiam,
1958 1508 2051 1561 sed
2086 1507 2387 1559 secundum

805 1611 989 1653 aetum
1029 1617 1041 1652 :
1080 1602 1175 1653 ubi
1214 1616 1347 1651 vero
1386 1600 1452 1651 ad
1497 1600 1870 1651 obedientiam
1916 1599 2045 1651 mali
2091 1601 2388 1668 abripitur,

807 1696 923 1742 tum
979 1690 1217 1741 carnalis
1273 1689 1469 1740 merito
1523 1697 1754 1741 vocatur
1811 1690 2086 1741 voluntas.
2142 1690 2387 1758 Exempli

803 1796 989 1841 causa,
1022 1789 1234 1832 natura!
1261 1790 1465 1833 nostra:
1496 1780 1888 1833 intellectualis
1914 1781 2167 1833 voluntas
2197 1780 2301 1834 fert
2331 1788 2392 1833 ut

2481 595 2582 662 τῆς
2644 596 2766 646 κατ’
2792 596 2982 646 είκόνα
3009 593 3145 646 Θεοῦ
3190 596 3570 663 γεγενημένης
3612 598 3811 663 νόησον
3833 600 4028 669 ψυχῆς
4051 617 4065 632 ⁵

2487 685 2617 753 μίαν
2669 685 2779 752 γὰρ
2825 686 2919 737 καὶ
2977 687 3147 755 αὐτὴν
3210 686 3404 755 νοερὰν
3434 690 3529 739 καὶ
3573 689 3798 755 λογικὴν
3830 693 3949 759 ἔχει
3976 692 4073 762 τὴν

2483 775 2885 844 ὲπιθυμητικὴν
2914 776 3189 838 οὑσιωδῶς
3220 778 3477 847 δύναμιν,
3506 781 3574 849 ῆν
3604 782 3797 851 εἴληφε
3835 784 3979 854 πρὸς
4012 787 4071 837 τὸ

2483 870 2791 937 ἐμφύεσθαί
2819 889 2879 923 τε
2917 871 3011 923 καὶ
3055 873 3321 939 πράττειν
3360 876 3429 926 τὰ
3456 873 3577 927 θεῖα
3616 878 4030 946 προστάγματα
4055 894 4068 908 ·

2483 963 2607 1030 ἥτις
2668 964 2897 1032 δύναμις
2942 962 3086 1016 κατὰ
3136 964 3353 1032 φύσεως
3393 967 3629 1026 ἑστῶσα.
3665 968 3789 1021 οὔτε
3820 970 4071 1041 ἁμαρτία

2486 1051 2702 1119 λέγεται
2726 1054 2848 1107 οὕτε
2880 1056 3215 1125 δικαιοσύνη,
3247 1058 3362 1109 ἀλλ’
3398 1058 3510 1122 ἕξις
3558 1060 3740 1129 ψυχῆς
3783 1062 4068 1131 Θελητική.

2486 1142 2708 1213 Ταύτης
2766 1147 2947 1198 τοίνυν
2985 1150 3052 1216 τῇ
3102 1148 3436 1218 αὐτεξουσίῳ
3476 1151 3574 1219 τῆς
3613 1152 3793 1219 ψυχῆς
3818 1152 4069 1220 δυνάμει,

2490 1233 2813 1304 θελημάτων
2842 1238 3108 1304 προϐολαὶ
3158 1238 3402 1305 γίνονται
3440 1240 3554 1301 δύο,
3592 1241 3735 1309 λέγω
3764 1242 3845 1303 δέ,
3883 1243 4072 1295 Θεῖκοῦ

2489 1340 2547 1375 τε
2588 1325 2681 1376 καὶ
2710 1330 2949 1394 πονηροῦ
2974 1340 2989 1356 '
3013 1330 3107 1380 καὶ
3135 1330 3224 1380 ὅτε
3259 1330 3359 1397 μὲν
3383 1329 3483 1400 τὴν
3518 1332 3690 1398 ῥοπὴν
3717 1333 3906 1399 δῶμεν
3937 1334 4072 1403 πρὸς

2489 1416 2588 1482 τὴν
2624 1416 2842 1485 ἐντολὴν
2883 1417 2976 1469 τοῦ
3039 1420 3198 1481 Θεοῦ,
3224 1422 3406 1473 θεῖκὸν
3451 1422 3775 1489 ὀνομάζεται
3822 1424 3987 1491 ἡμῶν
4016 1426 4073 1476 τὸ

2492 1506 2725 1574 θέλημα.
2747 1508 2807 1561 οὺ
2836 1509 2957 1562 κατ’
2981 1510 3193 1571 οὐσίαν,
3217 1513 3353 1564 ἀλλὰ
3377 1513 3520 1565 κατὰ
3548 1514 3646 1583 τὴν
3675 1514 3879 1582 πρᾶξιν
3909 1533 3923 1545 -
3947 1516 4073 1569 ὅταν

2492 1593 2549 1646 δὲ
2586 1595 2752 1649 πάλιν
2778 1598 2918 1667 πρὸς
2946 1600 3046 1669 τὴν
3089 1600 3341 1670 ὑπακοὴν
3401 1603 3499 1655 τοῦ
3546 1605 3786 1672 πονηροῦ
3830 1607 4071 1658 κατασύ-

2497 1701 2681 1753 ρηται,
2740 1691 2861 1740 τότε
2916 1692 3179 1762 σαρκικον
3226 1693 3451 1755 εἰκότως
3484 1696 3958 1762 προσαγορεύεται
3988 1697 4073 1749 θέο

2494 1775 2645 1846 λημα
2674 1793 2689 1808 ·
2726 1774 2839 1832 οἷον
2887 1783 3022 1851 φέρε
3087 1787 3284 1848 εἰπεῖν,
3312 1788 3410 1853 τῆς
3453 1785 3670 1853 φύσεως
3700 1788 3800 1856 τῆς
3851 1787 4073 1859 λογικῆς

803 1874 971 1926 vitam
1008 1874 1301 1939 diligamus
1324 1890 1339 1934 ;
1365 1875 1602 1927 carnalis
1644 1882 1825 1925 autem
1860 1874 2136 1935 voluntas,
2170 1882 2231 1926 ut
2264 1888 2386 1925 cum

2496 1867 2652 1935 ἡμῶν
2708 1870 2824 1922 ἐστι
2857 1872 3074 1942 θέλησις
3119 1875 3180 1926 τὸ
3212 1877 3434 1945 ἀγαπᾷν
3462 1877 3562 1947 τὴν
3602 1878 3747 1947 ζωήν
3773 1895 3789 1908 ⁸
3830 1884 4073 1948 σαρκικὴ

805 1967 1003 2019 all'cctu
1030 1966 1354 2031 diligamus;
1379 1965 1561 2017 divina
1585 1965 1823 2032 denique
1846 1964 2197 2027 voluntas,ut
2216 1964 2386 2019 vitam

805 2068 1225 2110 contemnamus
1254 2056 1416 2125 eique
1446 2056 1847 2109 renuntiemus.

807 2184 1083 2247 Eiusdem,
1109 2184 1173 2235 de
1193 2186 1434 2236 oratione
1451 2186 1508 2236 in
1534 2186 1628 2236 hoc
1656 2182 1891 2251 Apostoli
1923 2184 2174 2237 verbum:
2212 2203 2229 2234 ι
2259 2183 2387 2239 0m-

1060 2257 1149 2307 m'a
1185 2265 1430 2323 expertus
1462 2255 1654 2322 absque
1687 2254 1799 2306 solo
1830 2264 2039 2323 peccato
2063 2256 2104 2306 ⁸.
2142 2273 2160 2304 ι

880 2408 1090 2461 Exinde
1124 2409 1312 2461 l’atres
1357 2407 1604 2460 unanimi
1636 2423 1772 2460 voce
1826 2416 2165 2460 venerantur
2202 2408 2389 2477 perfe-

805 2508 954 2551 ctum
978 2498 1261 2551 Christum
1281 2499 1426 2551 sicut
1458 2498 1511 2551 in
1533 2499 1847 2559 divinitate,
1880 2498 1960 2552 sic
1983 2507 2041 2552 et
2064 2500 2116 2551 in
2139 2500 2392 2553 humani-

807 2599 938 2651 tate;
957 2590 1705 2656 quippcﬁconsuhstantialem
1725 2590 1886 2643 nobis
1897 2590 2047 2642 omni
2071 2590 2235 2642 modo
2254 2606 2391 2658 pra:-

807 2691 890 2734 tor
922 2683 1098 2733 solum
1127 2690 1431 2747 peccatum.
1450 2679 1677 2733 Etsicut
1708 2696 1815 2734 una
1833 2690 1955 2733 erat
1971 2690 2027 2733 et
2053 2680 2286 2733 indivisa
2305 2679 2391 2733 Si-

808 2772 1033 2824 naitiilis
1060 2772 1183 2824 rubi
1210 2772 1519 2825 substantia
1542 2772 1691 2824 omni
1719 2788 1785 2827 ex
1809 2782 1961 2840 parte
2001 2773 2124 2839 igne
2151 2774 2391 2826 innocuo

805 2862 1355 2930 circunnlata,neque
1386 2863 1600 2916 arbusti
1632 2864 1841 2932 cespite
1854 2865 2393 2928 virtusignisohscu-

806 2962 1041 3015 raretur,
1075 2968 1253 3020 neque
1281 2954 1396 3022 ipsa
1437 2954 1520 3007 vis
1551 2955 1780 3009 flannua:
1820 2956 2117 3025 quidquam
2164 2958 2393 3011 arbusto

808 3053 1055 3110 noceret,
1108 3044 1182 3097 ita
1220 3045 1389 3113 igitur
1417 3045 1472 3098 in
1505 3047 1667 3100 unica
1698 3064 1935 3115 persona
1957 3048 2161 3103 Christi
2211 3050 2393 3103 mani-

809 3143 951 3193 feste
984 3136 1226 3190 divinam
1260 3138 2089 3209 humanamqueproprietatem
2122 3144 2389 3216 intelligo.

2489 1958 2546 2010 δὲ
2580 1960 2744 2012 πάλιν
2800 1962 3056 2033 βούλησις
3100 1966 3162 2018 τὸ
3207 1968 3472 2034 ἐμπαθῶς
3501 1970 3635 2039 ζῇν·
3673 1971 3859 2023 θεῖκὸν
3891 1972 3950 2025 δὲ
3985 1973 4071 2025 θε-

2489 2048 2662 2118 λημα,
2686 2061 2747 2104 το
2777 2058 3145 2123 καταφρονεῖν
3170 2057 3267 2110 καὶ
3295 2058 3580 2127 ἀρνεῖσθαι
3602 2062 3702 2129 τὴν
3732 2061 3911 2131 ζωήν.

2495 2184 2636 2263 Τοᾷ.
2665 2187 2879 2263 αὐτοῦ,
2912 2189 2979 2263 ἐκ
3016 2190 3123 2243 τοῦ
3179 2196 3267 2257 είς
3322 2193 3388 2244 τὸ
3433 2195 3850 2247 ἀποόντολαόν
3885 2198 4076 2263 ρητι¹ν

2559 2255 2747 2330 λόγου
2793 2259 2859 2330 eo
2894 2258 3158 2324 gu'ovrr‘r'
3203 2282 3219 2311 ι
3243 2255 3766 2330 νιιεπειινιισμένον
3812 2255 3904 2316 δὲ*
3928 2255 4073 2318 κατὰ

2563 2324 2761 2376 πάντα
2794 2326 2942 2393 δίχα
2972 2333 3173 2396 μόνης
3201 2331 3313 2398 τῆς
3337 2324 3645 2400 ἁμαρτιας.
3691 2351 3712 2386 ι

2576 2414 2858 2468 Ἐντεῦθεν
2887 2418 2943 2469 δὲ
2979 2418 3260 2488 ὁρώμενος
3324 2422 3353 2472 ὁ
3405 2423 3516 2474 τῶν
3579 2424 3840 2494 Πατέρων
3894 2426 4071 2496 χορὸς.

2489 2503 2696 2557 τέλειον
2747 2508 2839 2559 τὸν
2869 2510 3101 2577 Χριστὸν
3153 2511 3447 2582 πρεσϐεύει
3499 2513 3689 2584 ῶσπερ
3742 2518 3804 2567 ἐν
3832 2516 4070 2585 θεότητι,

2491 2594 2632 2647 οὕτω
2693 2598 2788 2650 καὶ
2844 2600 2903 2651 ἐν
2952 2601 3333 2672 ἀνθρωπότητι
3372 2623 3384 2635 ·
3420 2605 3707 2674 ὁμοούσιον
3755 2609 3897 2676 ἡμῖν
3949 2609 4073 2661 ὄντα

2494 2686 2635 2737 κατὰ
2688 2689 2869 2742 πάντα
2895 2693 3100 2760 τρόπον
3136 2694 3262 2762 δίχα
3300 2696 3468 2768 μόνης
3496 2697 3597 2765 τῆς
3631 2700 3935 2768 ἁμαρτίας.
3970 2701 4072 2752 Καὶ

2491 2773 2683 2844 ὥσπερ
2713 2778 2811 2847 μία
2848 2775 2919 2850 ἦν
2960 2783 3055 2834 καὶ
3077 2783 3382 2854 ἀδιαίρετος
3407 2788 3440 2855 ἠ
3487 2788 3583 2856 τῆς
3618 2790 3936 2853 Συναῖτιδος
3977 2791 4071 2859 βά-

2492 2883 2587 2918 του
2618 2868 2915 2931 ὑπόστασις
2947 2874 3211 2927 πάντοθεν
3237 2876 3491 2939 ἀϐλαϐῶς
3523 2881 3971 2951 περιειλημμένη
4000 2882 4073 2942 τῶ

2494 2963 2651 3032 πυρὶ,
2695 2965 2833 3035 μήτε
2880 2967 2978 3036 τῆς
3029 2968 3123 3021 τοῦ
3176 2970 3348 3037 φυτοῦ
3380 2972 3520 3035 πόας
3566 2975 3936 3044 ἀμαυρούσης
3979 2979 4074 3047 τήν

2494 3054 2778 3122 ἐνέργειαν
2828 3057 2926 3111 τοῦ
2986 3060 3181 3130 πυρὸς,
3237 3062 3361 3132 μηδ’
3395 3065 3568 3134 αὐτῆς
3630 3069 3917 3136 ἐνεργείας
3979 3070 4072 3137 τῆς

2499 3142 2695 3212 φλογὸς
2723 3145 3126 3218 λυμαινομένης
3151 3151 3227 3220 τῷ
3258 3153 3429 3222 φυτῷ·
3459 3154 3601 3207 οῦτω
3625 3156 3689 3222 δὴ
3720 3159 3777 3209 ἐν
3806 3159 3887 3227 τῷ
3915 3160 4077 3228 ἐνικῷ

809 3227 877 3280 Et
912 3236 1030 3295 post
1063 3227 1241 3281 alia...
1274 3228 1624 3298 Quapropter
1646 3230 1955 3286 similitudo
1985 3245 2041 3287 et
2064 3209 2386 3307 prototypus

2514 3209 2517 3210 ν
2612 3209 2622 3212 ν
2795 3209 2807 3215 -
2960 3209 2970 3217 υ
3084 3209 3121 3218 -ν
3199 3209 3210 3220 ι
3270 3209 3282 3220 σ
3380 3209 3392 3222 ι
3680 3209 3689 3222 1
3824 3209 3827 3210 ⁷
3857 3209 3869 3227 δ
3920 3209 3936 3211 “
3982 3209 3992 3211 ἡ
4022 3209 4027 3210 ⁷
4050 3209 4068 3228 ί

2501 3234 2780 3305 προσώπῳ
2812 3239 3051 3309 Χριστοῦ
3099 3244 3302 3312 ἀμαχεί
3352 3263 3442 3315 μοι
3492 3248 3596 3299 νόει
3653 3248 3751 3320 τὴν
3790 3249 3945 3304 θείαν
3985 3253 4077 3305 καὶ

808 3318 930 3370 Filii
984 3318 1078 3370 Dei
1134 3319 1190 3371 in
1227 3334 1524 3386 puerorum
1558 3321 1776 3374 camino
1834 3322 2181 3392 pncfigurata
2231 3339 2384 3382 sunt.

805 3405 1282 3469 Quemadmodum
1345 3409 1493 3461 enim
1552 3410 1794 3463 humana
1843 3414 2040 3465 horum
2089 3431 2386 3483 puerorum

809 3505 1006 3548 natura
1052 3512 1221 3565 prope
1252 3506 1361 3552 tota
1388 3502 1682 3569 conjuncta
1708 3517 1832 3556 cum
1871 3504 2077 3559 virtute
2102 3514 2157 3557 et
2190 3518 2387 3563 natura

810 3576 1065 3648 llammm,
1103 3589 1356 3655 corporis
1398 3590 1599 3645 robore
1634 3608 1757 3645 cum
1788 3602 1941 3647 motu
1980 3604 2037 3649 et
2069 3596 2390 3653 deambula-

810 3672 959 3726 tione
987 3688 1108 3727 sese
1144 3675 1404 3740 habebat,
1429 3686 1486 3731 et
1513 3679 1747 3747 spiritali
1789 3683 2072 3737 voluntate
2097 3686 2384 3753 psallebat,

812 3776 988 3829 neque
1022 3764 1148 3817 ullis
1183 3768 1419 3820 nocebat
1453 3769 1594 3836 ignis
1624 3772 1876 3840 corporis
1910 3781 2005 3826 aut
2033 3774 2230 3828 animat
2255 3792 2384 3844 pro-

810 3851 1160 3919 prietatibus,
1196 3856 1292 3909 sed
1334 3858 1613 3927 perfectus
1643 3870 1763 3915 erat
1809 3861 2034 3917 Azarias
2085 3864 2139 3917 in
2172 3866 2294 3935 igne
2328 3875 2386 3920 et

811 3941 867 3993 in
894 3941 1258 4009 humanitate,
1300 3946 1375 4001 ita
1429 3948 1590 4003 nobis
1638 3950 1708 4004 de
1758 3951 2081 4008 Emmanuel
2116 3966 2383 4024 reputan-

808 4030 941 4086 dum
995 4044 1081 4089 est
1138 4036 1445 4094 divinitatis
1494 4043 1615 4112 ejus
1665 4044 1846 4113 ignem
1897 4045 2043 4099 sicut
2090 4048 2383 4114 quemdam

809 4122 936 4175 vita:
960 4125 1218 4191 spiritum
1254 4144 1379 4181 cum
1403 4130 1584 4184 anima
1608 4142 1664 4185 ct
1697 4148 1929 4203 corpore
1956 4137 2273 4206 conjuncto,
2319 4153 2383 4193 ea

808 4212 1031 4281 quidem
1084 4217 1468 4283 sanctificavit,
1499 4236 1609 4275 non
1641 4232 1825 4277 autem
1855 4225 2155 4295 quidquam
2203 4228 2384 4283 inuni-

808 4304 933 4358 nuit
959 4309 1265 4363 secundum
1299 4313 1597 4367 essentiam
1624 4317 1821 4371 animae
1848 4328 1904 4371 et
1937 4319 2203 4389 corporis.

2493 3326 2841 3397 ἀνθρωπίνην
2901 3332 3293 3401 ίδιὸτητα.Καί
3343 3340 3475 3404 μεθ’
3508 3339 3704 3406 ἑτεραο
3768 3342 3871 3394 Διὰ
3920 3346 4077 3397 τοῦτο

2494 3417 2750 3488 ὁμοίωμα
2811 3423 2908 3475 καὶ
2954 3426 3299 3496 προτύπωμα
3336 3431 3432 3483 τοῦ
3480 3433 3606 3485 ma
3659 3433 3754 3487 τοῦ
3809 3437 3955 3490 θεοῦ
4022 3441 4077 3491 ἐν

2495 3511 2560 3577 τῇ
2587 3512 2803 3580 καμίνῳ
2830 3513 2939 3566 τῶν
2968 3517 3177 3570 παίδων
3207 3521 3680 3593 προεξεικονίσθη.
3719 3526 3940 3599 Ὠσπερ
3970 3531 4077 3599 γὰρ

2492 3601 2603 3653 τῶν
2636 3604 2846 3657 παίδων
2867 3606 3094 3659 ἐκείνων
3119 3610 3434 3683 ἀνθρωπίνη
3477 3615 3637 3681 φύσις
3667 3618 3853 3686 σχεδὸν
3878 3637 4076 3689 συγκε-

2498 3694 2748 3765 κραμένη
2799 3695 2895 3765 ὅλη
2950 3700 3017 3768 τῇ
3057 3700 3314 3772 ἐνεργείᾳ
3378 3706 3473 3758 καὶ
3524 3708 3683 3775 φύσει
3726 3711 3826 3777 τῆς
3882 3714 4078 3780 φλογὸς

2490 3787 2557 3855 τῇ
2611 3785 2708 3839 τοῦ
2792 3789 3043 3858 σώματος
3112 3794 3411 3863 κινητικῶς
3474 3798 3589 3850 καὶ
3662 3805 4077 3868 μεταστατικῶς

2492 3877 2813 3944 περιεπάτει
2869 3881 3125 3952 ἐνεργείᾳ
3158 3921 3173 3946 ,
3229 3885 3323 3937 καὶ
3374 3889 3439 3956 τῇ
3517 3887 3731 3958 θελήσει
3800 3894 3867 3961 τῇ
3918 3896 4077 3964 νοερᾷ

2488 3967 2722 4033 ἐξετέλει
2745 3970 2847 4038 τὴν
2892 3972 3188 4042 ὑμνῳδίαν,
3250 3976 3343 4030 καὶ
3402 3978 3555 4032 οὐδὲν
3610 3983 3802 4050 ἐμίανε
3846 3984 3913 4037 τὸ
3971 3987 4078 4056 πῦρ

2488 4057 2599 4110 τῶν
2667 4062 2996 4129 σωματικῶν
3048 4064 3082 4132 ἢ
3139 4065 3389 4136 ψυχικῶν
3454 4070 3635 4123 αὐτῶν
3716 4074 4028 4144 ἰδιωμάτων
4057 4116 4074 4139 .

2489 4146 2626 4238 ἀλλὰ
2648 4148 2853 4213 τέλειος
2875 4147 2944 4222 ἦν
2999 4152 3259 4226 Ἀζαρίας
3282 4160 3340 4209 ἐν
3367 4161 3633 4228 πυρότητι
3662 4163 3757 4215 καὶ
3776 4164 3835 4215 ἐν
3868 4166 4071 4238 ἀνθρω-

2490 4237 2704 4307 πότητι·
2739 4240 2996 4297 οὕτωκαὶ
3024 4245 3118 4297 ἐπὶ
3136 4247 3231 4300 τοῦ
3264 4250 3607 4323 Ἐμμανουὴλ
3638 4255 3859 4322 νοητέον
3895 4259 3958 4312 τὺ
3982 4261 4077 4326 τῆς

2491 4327 2745 4399 θεότητος
2780 4336 2946 4388 αὐτοῦ
2984 4337 3098 4407 πῦρ
3128 4339 3316 4412 ὥσπερ
3334 4346 3458 4396 τινα
3488 4346 3656 4416 πνοὴν
3686 4346 3838 4418 ζωῆς
3875 4368 4071 4420 συγκε-

808 4402 1081 4516 κραμένον
1099 4408 1166 4476 τῇ
1198 4406 1348 4478 ψυχῇ
1378 4408 1471 4461 καὶ
1490 4409 1567 4480 τῷ
1595 4409 1826 4480 σώματι,
1848 4414 2043 4483 ήγίασε
2072 4416 2173 4486 μὲν
2194 4416 2386 4483 ταῦτα,
2407 4423 2469 4474 οὐ
2500 4422 2606 4495 μὴν
2621 4425 2855 4495 ἐμείωσέ
2870 4446 2923 4483 τι
2943 4431 3051 4485 τῶν
3067 4402 3195 4486 κατ’
3217 4402 3404 4490 οὐσίαν
3426 4438 3523 4508 τῆς
3544 4402 3721 4512 ψυχῆς
3755 4402 3851 4499 τοῦ
3884 4402 4071 4516 σῶμα-

808 4514 923 4558 τος.

810 4589 987 4644 Procli
1016 4591 1394 4716 archicpisczpi
1426 4592 1932 4665 Constantiiwpolis,
1966 4613 2033 4653 ex
2062 4602 2303 4655 oratione
2336 4602 2386 4656 in

1348 4665 1500 4716 [tristi
1531 4666 1900 4716 eruditionem.

2497 4607 2791 4716 11113.10.)-
2832 4610 3313 4716 ἀςέιεπισκόεεου

2687 4695 2794 4716 τω.
2946 4700 3054 4716 νη..
3127 4702 3236 4716 -M.
3284 4706 3309 4716 η

1348 4665 1500 4717 [tristi
1530 4666 1900 4735 proditionem.

881 4824 1079 4893 Capit,
1113 4827 1211 4889 ait,
1238 4828 1560 4883 contristari
1591 4839 1648 4885 et
1687 4842 1916 4889 mmstus
1957 4850 2099 4893 esse.
2142 4839 2391 4898 Tristitia

812 4924 1019 4975 autem,
1053 4924 1110 4969 et
1143 4931 1368 4979 maeror,
1418 4927 1476 4973 et
1517 4930 1730 4990 stupor,
1770 4925 1990 4993 propria
2023 4937 2154 4982 sunt
2195 4932 2391 4987 anima:

810 5007 1078 5075 spiritalis
1114 5010 1465 5075 naturaliter,
1502 5011 1556 5066 ei
1611 5012 1968 5070 adltmrcntia.
2014 5015 2203 5073 Solius
2229 5020 2378 5075 enim

813 5100 1022 5166 peccati
1074 5100 1337 5156 immunis
1377 5110 1499 5157 erat
1535 5104 1802 5173 spiritalis
1836 5103 2142 5164 Salvatoris
2171 5111 2376 5167 anima.

812 5191 880 5243 Et
916 5204 1027 5261 pou
1060 5194 1194 5247 alia.
1234 5194 1481 5265 Namque
1512 5211 1641 5251 cum
1670 5197 1810 5253 dixit
1837 5199 1894 5253 in
1923 5200 2175 5257 oratione
2216 5219 2231 5255 :
2260 5203 2380 5258 Non

813 5300 929 5335 mm
957 5286 1200 5338 voluntas
1226 5287 1343 5354 ﬁat,
1370 5287 1517 5342 sicut
1539 5289 1705 5343 homo
1738 5305 1867 5345 vere
1909 5292 2153 5359 locutus,
2186 5294 2382 5351 huma-

815 5387 939 5424 nam
973 5389 1105 5429 voce
1139 5376 1384 5430 ostendit
1421 5379 1765 5434 voluntatem
1797 5396 1976 5436 suam.
2023 5383 2212 5453 Neque
2243 5401 2377 5440 con-

813 5465 1055 5519 turbcris
1080 5468 1275 5522 videns
1318 5485 1447 5523 eum
1495 5472 1938 5528 consentientem
1963 5476 2187 5544 prapria
2217 5492 2382 5533 carne

812 5555 1007 5608 mortis
1035 5558 1286 5625 agoniam
1317 5559 1526 5615 subire.
1558 5560 1767 5630 Agonia
1807 5562 1955 5617 enim
1988 5564 2251 5621 humilius
2296 5578 2384 5623 est

812 5641 1040 5710 aliquid,
1072 5645 1284 5700 scilicet
1333 5659 1459 5719 post
1497 5650 1959 5706 resurrectionem
1989 5665 2144 5706 suam
2164 5690 2181 5712 .
2209 5652 2384 5709 mani-

884 5778 903 5808 ⁰
940 5776 1103 5834 llcbr.
1136 5796 1209 5845 iv,
1239 5782 1323 5837 15.

3375 4623 3815 4697 Κωνσταντίνοι
3825 4630 4070 4697 πόλεως

2565 4677 2635 4759 ea
2687 4679 2821 4759 τοῦ-
2864 4677 3054 4750 λόγου
3127 4685 3236 4739 τοῦ
3280 4690 3367 4755 είς
3414 4691 3528 4757 τὴν
3575 4677 4071 4759 προδοὸίᾶἶῖοῦ

2564 4748 2843 4813 Χριστοῦ,

2566 4837 2833 4907 Ἤρξατο,
2856 4840 3016 4910 φησὶ,
3046 4842 3334 4901 λυπεῖσθαι
3349 4848 3445 4900 καὶ
3469 4849 3786 4919 ἀδημονεῖν.
3820 4856 3985 4927 Λύπη
4016 4858 4069 4911 δὲ

2492 4927 2590 4980 καὶ
2623 4929 2895 5000 ἁδημονία
2925 4933 3019 4985 καὶ
3066 4934 3300 5005 θάμϐος,
3331 4941 3442 4993 [διά
3484 4944 3593 4994 είσι
3622 4942 3804 5014 ψυχῆς
3845 4946 4069 5019 λογικῆς

2486 5021 2733 5114 φυσικῶς
2776 5025 3055 5114 προσόντα
3107 5028 3283 5099 αὐτῇο
3318 5032 3487 5101 μόνης
3532 5034 3642 5104 γὰρ
3690 5038 3972 5106 ἁμαρτίας
4002 5040 4066 5114 ἦν

2485 5109 2883 5183 ἀπηλλαγμένη
2917 5117 2951 5186 ἡ
2985 5117 3149 5189 νοερὰ
3199 5121 3294 5172 τοῦ
3336 5122 3588 5191 Σωτῆρος
3606 5125 3774 5195 ψυχήο
3806 5130 3917 5183 Καὶ
3938 5109 4066 5199 μεθ

2483 5200 2676 5269 ἓτερα’
2702 5203 2887 5257 Εἰπὼν
2914 5205 2971 5258 δὲ
2999 5207 3059 5260 ἐν
3094 5211 3161 5279 τῇ
3192 5216 3494 5282 προσευχῇ,
3544 5215 3642 5282 Μὴ
3693 5218 3759 5270 τὸ
3796 5219 3947 5287 ἐμὸν
3974 5223 4062 5276 θέ-

2486 5296 2649 5363 λημα
2674 5296 3045 5366 γενέσθω,ὡς
3065 5301 3352 5372 ἄνθρωπος
3378 5305 3596 5373 ἀληθῶς
3618 5312 3989 5378 χρηματίσας,
4008 5316 4065 5367 τδ

2486 5384 2829 5456 ἀνθρώπινον
2858 5388 3023 5441 αὐτοῦ
3059 5389 3148 5443 διὰ
3184 5394 3282 5462 τῆς
3307 5397 3489 5464 φωνῆς
3525 5396 3771 5466 ἐσήμανε
3825 5400 4056 5472 θέλημα.

2482 5476 2592 5527 Καὶ
2624 5477 2699 5546 μὴ
2733 5476 3023 5548 θαμόηθῇς
3050 5480 3194 5550 ὀρῶν
3221 5483 3386 5537 αὑτὸν
3436 5489 3825 5558 συγχωροῦντα
3853 5497 3920 5563 τῇ
3958 5496 4059 5565 ἰδία

2484 5566 2650 5637 σαρκὶ
2686 5569 2927 5640 ἀγωνιᾷν
2958 5571 3049 5623 τὸν
3082 5572 3341 5628 θάνατον·
3372 5577 3471 5645 τῆς
3504 5578 3612 5649 γὰρ
3638 5580 3883 5647 ἀγωνίας
3910 5600 4054 5637 πτω-

2485 5655 2745 5729 χέστερόν
2774 5659 2829 5713 τί
2850 5660 2969 5715 ἐστι
2996 5660 3061 5716 τό
3088 5663 3229 5733 μετὰ
3252 5664 3354 5737 τὴν
3377 5666 3676 5724 ἀνάστασιν
3703 5672 3874 5729 αὐτοῦ
3894 5690 4050 5746 τραυ·
