4190 6438
130 413 271 475 1189

1317 397 1618 459 CONTRA
1657 393 2262 455 MONOPIIYSlTAS.

3260 392 3398 458 1190

129 524 339 595 ματιᾷν
365 519 465 580 τὰς
497 516 689 584 χεῖρας
730 511 829 565 καὶ
865 509 967 580 τὴν
998 506 1279 577 πλευράν,
1308 507 1404 557 καὶ
1446 500 1717 569 τεσσαρά-

1844 518 1928 555 ius
1960 511 2018 554 et
2066 502 2236 553 latere
2266 501 2497 554 vulnera
2546 516 2739 568 gerere
2781 510 2837 555 et
2867 502 3230 571 quadraginta
3282 508 3402 558 dies

126 592 303 668 κοντα
328 609 549 678 ἡμέρας
592 602 917 673 σωματικῆς
953 600 1047 653 καὶ
1085 597 1333 667 φθαρτῆς
1365 592 1721 666 μεταλαμϐά-

128 722 245 757 νειν
271 700 511 770 τροφῆς.

142 809 571 882 ’Λμφιλοχίοω
595 804 930 882 ἐπισκόπου
971 799 1248 882 Ἰκονίου,
1279 796 1348 849 ἐκ
1391 793 1499 847 τοῦ
1530 792 1618 856 είς
1654 790 1726 844 τὰ

673 879 699 927 Ι
710 874 962 924 ἐνέθλια
990 874 1134 937 λόγω
1146 888 1197 921 ι’.

206 975 443 1026 Πάντων
478 969 576 1039 μὲν
602 967 711 1035 γὰρ
735 966 843 1017 τῶν
872 965 937 1015 ἐκ
984 960 1273 1031 παρακοῆς
1312 960 1448 1027 ἡμῖν
1494 972 1725 1026 προσγι-

134 1066 388 1134 νομένων
446 1059 751 1127 άπήλλαξε,
784 1057 881 1108 καὶ⁵
936 1054 1243 1120 ἀνεκάῢηρε
1299 1050 1397 1117 τὴν
1449 1048 1727 1117 ἡμετέραν

136 1160 305 1229 φύσιν
338 1158 370 1207 ὁ
423 1154 594 1220 Λόγος
614 1166 628 1181 ο
660 1150 805 1217 ἅπερ
833 1148 889 1200 δὲ
933 1147 1097 1207 αὐτὸς
1142 1145 1262 1196 κατ’
1291 1141 1477 1192 εἰκόνα
1518 1140 1617 1209 τὴν
1645 1138 1726 1190 οί-

135 1252 294 1303 κείαν
325 1244 578 1311 ἐποίησε,
607 1241 783 1293 ταῦτα
809 1236 1166 1307 παραλλαγῆς
1205 1234 1304 1285 οὐκ
1329 1232 1577 1303 ἔχρῃζεν,
1610 1231 1729 1281 οἷαν

134 1343 199 1394 τὸ
225 1337 443 1407 φθαρὲν
475 1336 635 1403 σῶμα
663 1333 752 1384 διὰ
777 1332 838 1382 τὸ
864 1330 938 1398 μὴ
970 1327 1378 1398 συμφθαρῆναι,
1398 1326 1535 1377 ἀλλα
1555 1323 1729 1392 φθαρ-

135 1434 232 1485 τὸν
271 1430 582 1498 διαμεῖναι,
623 1425 699 1486 ὡς
732 1424 917 1474 εἰκόνα
947 1420 1084 1471 Θεοῦ
1115 1419 1213 1489 τὴν
1245 1418 1447 1487 ψυχήν.

152 1538 646 1610 Ὀλυμπιοδώρου
667 1539 773 1591 τοῦ
794 1534 1064 1610 μεγάλου
1087 1532 1427 1610 ςριλοσ-όρου
1444 1526 1731 1610 διακόνου

223 1596 696 1677 Ἀλεξανδρείας·ἐ
711 1610 777 1660 ἐκ
794 1596 910 1658 τοῦ
936 1596 1431 1677 δευτέρου-λόγου
1441 1598 1561 1677 ξοῠ
1578 1596 1730 1675 κατά

210 1665 523 1748 Σεθύλωυξ
558 1682 629 1732 ἐν
758 1665 1121 1748 amiciqui-dir;
1179 1672 1293 1734 τὴν
1330 1665 1575 1748 ’χρῆσιν
1620 1665 1728 1748 τοῦ

210 1739 393 1818 ario};
441 1739 803 1803 Ἀθανασιόυ
838 1739 955 1818 τῂν
983 1744 1294 1818 λέγουσαν
1335 1742 1406 1818 si}
1473 1739 1590 1818 δυο
1635 1742 1729 1788 θε-

217 1810 452 1899 ζὶᾗματα
480 1821 579 1872 ἐπὶ
640 1814 898 1886 Χριστοῦ
923 1850 937 1876 ,
977 1812 1130 1864 οὓτω
1181 1826 1305 1876 πως
1369 1810 1729 1874 διεξέρχεται
1756 1840 1804 1899 Β

208 1894 411 1945 λέγων
436 1906 449 1919 ·

212 1912 285 1945 ,ιε
311 1912 411 1941 ’ων-
436 1912 449 1919 -

212 1912 327 2036 Keil.
380 1980 515 2049 γοῦν
564 1979 665 2031 οὐκ
718 1973 991 2037 οἷδ’ὃπως
1043 1974 1143 2026 οὐκ
1172 1969 1545 2037 ὲξειθισμένος
1584 1965 1730 2019 κατὰ

1829 592 2137 661 corporalis
2161 600 2219 645 et
2255 592 2637 661 corruptibilis
2662 593 2771 646 cibi
2796 610 2917 647 esse
2948 596 3294 662 participem.

1828 796 2203 865 Amphilochii,
2254 797 2478 866 episcopi
2529 797 2803 859 Icouii,c.r.
2847 801 3084 851 oratione
3113 799 3166 851 in
3209 799 3401 850 uatici-

2537 878 2714 921 (ult'm.

1899 959 2170 1014 Omnibus
2203 960 2351 1013 enim
2377 976 2499 1027 qua:
2533 960 2693 1012 nobis
2720 976 2786 1013 ex
2810 959 3191 1014 inobedientia
3219 972 3404 1015 nostra

1830 1053 2153 1105 acciderunt
2184 1051 2462 1110 liberavit,
2486 1060 2848 1117 naturamque
2874 1061 3116 1104 nostram
3150 1052 3403 1118 puriﬁca-

1831 1141 1910 1193 vit
1943 1142 2204 1195 Verbum.
2240 1142 2371 1204 ρυλε
2392 1140 2616 1208 quidem
2648 1140 2764 1207 ipse
2794 1140 2860 1191 ad
2894 1140 3175 1208 propriam
3214 1141 3406 1209 imagi-

1832 1250 1955 1287 ncm
2001 1233 2150 1293 fecit.
2202 1233 2269 1286 iis
2297 1249 2407 1286 non
2438 1233 2745 1285 mutatione
2779 1248 2915 1300 opus
2942 1234 3065 1295 fuit,
3104 1234 3176 1285 ita
3204 1242 3263 1287 ut
3290 1248 3411 1284 cor-

1832 1336 2053 1392 ruptum
2086 1325 2297 1377 scilicet
2341 1340 2542 1393 corpus
2578 1341 2689 1377 non
2721 1324 2892 1378 fuerit
2925 1335 3270 1392 corruptum,
3311 1324 3407 1377 scd

1832 1418 2196 1486 corruptibile
2236 1418 2618 1485 permanserit,
2640 1432 2765 1469 eum
2785 1417 2856 1470 sit
2876 1418 3057 1487 imago
3086 1418 3181 1470 Dei
3205 1416 3409 1470 anima.

1831 1528 2194 1597 Olympiodori
2233 1527 2415 1594 magni
2444 1526 2757 1593 philosOphi,
2810 1528 3019 1579 diaconi
3048 1527 3410 1587 Alexandria;

1904 1615 1969 1651 ea:
1998 1599 2228 1650 secunda
2285 1597 2535 1649 adversus
2563 1597 2810 1650 Severum
2867 1600 3140 1657 oratione,
3201 1599 3257 1649 iu
3307 1614 3411 1665 qua

1903 1670 2223 1721 sententiam
2257 1667 2428 1718 sancti
2457 1667 2739 1719 Athanasii
2771 1668 3039 1734 proferens
3066 1667 3200 1719 duas
3229 1666 3415 1719 volun-

1905 1747 2038 1793 tates
2066 1739 2122 1790 in
2169 1738 2376 1792 Christo
2413 1737 2795 1800 ostendentem,
2826 1738 2903 1789 ita
2948 1738 3156 1789 disserit
3195 1737 3368 1789 dicens
3394 1752 3413 1789 :

1900 1972 2083 2038 Atque
2129 1969 2297 2037 igitur
2348 1966 2537 2021 nescio
2569 1966 2851 2035 quomodo
2899 1982 3009 2019 non
3075 1964 3416 2019 assuefactus

147 2071 350 2125 σαυτὸν
400 2068 674 2137 εὐθύτητα
734 2064 1077 2135 διαρυομίζει
1132 2060 1324 2114 κανόσι
1349 2060 1461 2120 τοῖς
1493 2057 1673 2118 ἄλλοις
1700 2055 1730 2107 ό

1844 2073 1983 2123 iuxta
2014 2072 2065 2114 te
2096 2062 2276 2128 ipsum
2305 2068 2514 2113 rectam
2546 2058 2703 2126 sequi
2730 2058 2899 2121 viam,
2941 2059 3063 2111 aliis
3092 2074 3219 2110 cum
3246 2074 3416 2109 cano-

146 2160 409 2229 Σεϐἧρος,
439 2160 501 2210 τὸ
530 2157 702 2225 παρὸν
731 2157 831 2208 οὐκ
864 2154 1092 2214 ἀπεικὸς
1122 2151 1218 2204 τοῦ
1265 2149 1593 2202 διδασκάλου
1644 2146 1730 2198 δι-

146 2251 465 2320 απηύθυνεν
493 2250 593 2301 οὐκ
631 2248 912 2315 ἐθελοντὴς
936 2244 1198 2315 Θεώρημα
1230 2243 1456 2310 φάσκων
1500 2239 1641 2293 κατά
1663 2239 1733 2291 τὰ

150 2344 536 2414 προλεγόμενα
564 2341 660 2391 καὶ
689 2337 1028 2405 ὲφεπόμενα,
1053 2333 1388 2401 εὐαγγελικὰ
1422 2333 1663 2400 ῥήματα,
1697 2328 1735 2381 ἃ.

147 2436 445 2501 ταυτότητι
486 2431 709 2492 κανόνος
756 2430 784 2481 ὁ
845 2427 1165 2490 ’ΔΘανάσιος
1214 2424 1610 2484 ταλαντεύσας,
1657 2422 1736 2492 τῷ

148 2526 487 2597 ἀνθρωπίνῳ
524 2522 619 2576 τοῦ
657 2522 910 2589 Σωτῆρος
940 2519 1009 2571 τὰ
1056 2518 1132 2587 μὴ
1182 2516 1318 2584 πρὸς
1345 2516 1477 2582 ὕψος
1521 2513 1737 2582 ὁρῶντα.

151 2619 531 2688 προσήρμοσε,
568 2613 726 2682 δῆλός
765 2613 884 2663 ἐστι
930 2612 1023 2662 καί
1050 2610 1111 2662 τὸ
1144 2608 1217 2679 μὴ
1247 2608 1415 2660 θέλων
1444 2606 1736 2659 ἀποθανεῖν

152 2712 368 2779 θέλημα
388 2708 484 2760 ἐπὶ
509 2707 601 2759 τὸν
628 2707 685 2758 ὲν
721 2706 903 2775 μορφῇ
927 2702 1216 2773 ἀνθρώπου
1238 2701 1575 2770 τυγχάνοντα
1594 2700 1739 2769 Ιάνα-

154 2800 535 2871 πεμπόμενος.

570 2884 885 2954 Ἔρμηνεία
915 2881 1027 2951 τῆς
1054 2884 1350 2952 χρήσεως.

237 2982 329 3033 Ἐν
352 2978 430 3048 τῷ
449 2979 595 3046 λόγῳ
616 2977 695 3045 τῷ
720 2976 863 3028 κατά
896 2975 1189 3044 ’Δρειανῶν
1225 2968 1340 3040 ὲνῷ
1360 2973 1428 3025 τὰ
1458 2972 1551 3026 δύο
1583 2971 1741 3043 θελή-

162 3087 312 3142 ματα
365 3070 393 3119 ὁ
451 3067 605 3133 ἀγιος
663 3066 980 3127 ἈΟανάσιος
1046 3060 1202 3127 εἷπε,
1258 3064 1459 3126 πολλάς
1517 3066 1741 3134 χρήσεις

1833 2158 1998 2211 nibus
2047 2153 2363 2208 consentire
2397 2152 2573 2222 possit
2619 2152 2888 2213 Severus;
2935 2158 3262 2218 prmsentem
3308 2164 3415 2201 non

1834 2247 2133 2302 absurdam
2177 2246 2396 2299 domini
2439 2244 2683 2298 correxit
2742 2244 2952 2297 invitus
2977 2242 3414 2310 prepositionem

1836 2342 2028 2395 dicens
2054 2342 2208 2410 juxta
2263 2338 2524 2408 praedicta
2558 2347 2612 2392 et
2664 2338 2720 2390 in
2755 2338 3044 2405 sequentia
3102 2335 3417 2404 evangelica

1836 2432 2025 2492 verba,
2061 2446 2184 2498 qua:
2230 2430 2456 2484 canonis
2492 2430 2781 2483 identitate
2816 2428 3149 2480 Athanasius
3190 2442 3422 2496 perpen-

1836 2526 1995 2588 dens,
2034 2522 2368 2578 bumanitati
2409 2521 2717 2575 Salvatoris
2740 2537 2861 2589 qua:
2898 2530 3124 2589 promer
3170 2520 3422 2573 sublimi-

1840 2625 2009 2669 tatem
2043 2630 2152 2668 non
2188 2614 2483 2677 videntur,
2536 2612 3009 2676 accommodavit;
3070 2612 3419 2665 manifestum

1837 2719 1925 2763 est
1947 2717 2004 2761 et
2036 2723 2161 2762 cum
2196 2706 2435 2760 noluerit
2482 2707 2622 2759 mori
2665 2707 2799 2760 illud
2843 2719 2965 2760 esse
2994 2706 3330 2758 voluntatem
3366 2704 3420 2755 in

1840 2799 1936 2854 illo
1970 2800 2065 2868 qui
2107 2798 2367 2853 informa
2406 2798 2649 2851 hominis
2669 2805 2810 2851 erat.

2270 2891 2647 2958 Interpretatio
2676 2891 2837 2960 hujus
2879 2889 2998 2942 loci.

1910 2982 1971 3036 In
2002 2981 2255 3037 oratione
2293 2981 2562 3034 adversus
2604 2980 2837 3033 Arianos
2860 3018 2875 3041 ,
2928 2978 3115 3046 inqua
3154 2975 3292 3028 duas
3328 2988 3425 3026 vo-

1843 3072 2089 3126 luntates
2141 3080 2368 3125 sanctus
2396 3070 2731 3124 Athanasius
2776 3069 2937 3130 dixit,
2962 3069 3164 3121 multas
3206 3065 3427 3119 citatio-

159 3159 526 3227 εὐαγγελικὰς
577 3156 992 3223 πτωχοπρεπεῖς
1044 3155 1124 3216 είς
1188 3153 1289 3223 τὴν
1344 3154 1739 3222 ἀνθρωπότητα

1845 3179 1946 3217 nes
1970 3163 2316 3230 evangelieas
2352 3161 2692 3215 humillimas
2720 3161 2775 3214 in
2839 3159 3045 3215 Christi
3115 3156 3428 3211 humanita-

158 3252 255 3305 τοῦ
316 3248 555 3319 Χριστοῦ
600 3244 945 3315 ἁρμοζούσας
998 3247 1365 3315 παρήγαγεν,
1397 3238 1513 3297 οἷον
1542 3244 1623 3305 τὸ,
1679 3245 1741 3297 '0

162 3340 369 3408 Πατήρ
386 3356 507 3407 μου
526 3337 737 3406 μείζων
753 3336 870 3403 μού
902 3336 1033 3387 ἐστι
1062 3350 1079 3365 ο
1100 3336 1217 3395 καὶ,
1244 3334 1517 3397 Δοξασόν
1530 3352 1605 3403 με
1626 3334 1746 3388 Πά-

161 3448 299 3501 τερ·
389 3430 521 3494 καὶ,
590 3427 920 3493 Ἐλήλυθεν
995 3426 1033 3491 ἠ
1102 3424 1224 3493 ὥρα
1301 3426 1403 3477 ἵνά
1470 3424 1744 3494 δοξασθῇ

163 3528 197 3579 ό
227 3522 363 3587 Υιὸς
384 3521 492 3574 τοῦ
513 3518 825 3586 ἀνθρώπου
845 3532 857 3545 ’
894 3516 989 3568 καὶ
1006 3554 1021 3579 ,
1047 3515 1423 3582 Προέκοπτεν
1444 3518 1477 3570 ό
1518 3516 1747 3583 Ἰησοῦς

164 3614 355 3681 σοφίᾳ
372 3610 470 3663 καί
494 3608 719 3675 ἡλικίᾳ·
741 3606 835 3659 καὶ
859 3605 1036 3657 πάντα
1051 3606 1117 3657 τά
1132 3603 1356 3657 τοιαῦτα
1371 3605 1710 3674 παραγαγὼν
1727 3646 1744 3672 ,

165 3706 246 3767 είς
275 3703 380 3771 τὴν
408 3702 590 3769 σάρκα
618 3698 712 3751 τοῦ
742 3698 952 3766 Κυρίου
980 3696 1154 3750 ταῦτα
1180 3697 1403 3760 ὲξέλαὸε
1429 3700 1523 3751 καὶ
1558 3701 1746 3768 ἡρμή-

165 3813 362 3851 νευσεν
393 3811 409 3826 ο
445 3794 505 3858 ὲξ
538 3787 612 3845 ὧν
641 3794 757 3844 ἐστι
791 3793 887 3844 καὶ
914 3791 974 3843 τὸ
994 3830 1008 3855 ,
1029 3790 1243 3857 Πάτερ,
1274 3790 1616 3858 παρελθέτω
1647 3792 1750 3845 ἀπ’

165 3887 320 3957 ἐμοῦ
365 3885 434 3939 τὸ
470 3883 756 3951 ποτήριον
784 3882 961 3936 τοῦτο
1000 3896 1017 3913 ·
1048 3881 1216 3949 πλὴν
1242 3882 1329 3951 μὴ
1372 3883 1440 3936 τὸ
1472 3883 1620 3951 ἐμὸν
1654 3884 1750 3940 οέ-

164 3984 336 4048 λημα
350 3977 631 4047 Ιγενέσθω,
648 3975 808 4028 ἀλλὰ
828 3974 893 4026 τὸ
916 3974 1276 4044 σόν.Ἐπειὸὴ
1306 3973 1399 4027 οῦν
1416 3976 1559 4036 τινές
1590 3992 1753 4043 φασιν

168 4073 252 4124 ὅτι
310 4068 440 4139 περὶ
473 4067 603 4119 ἰδίου
651 4065 961 4135 Θελήματος
982 4066 1132 4132 λέγει
1184 4066 1213 4116 ό
1252 4066 1511 4133 Χριστὸς.
1546 4066 1641 4132 Μὴ
1682 4067 1752 4121 τὸ

169 4162 341 4230 ἐμὸν,
372 4157 507 4210 ἀλλὰ
543 4158 674 4225 περὶ
730 4155 828 4208 τοῦ
866 4156 1169 4224 Θελήματος
1196 4155 1293 4207 τοῦ
1336 4156 1626 4222 ἀνθρώπου
1655 4156 1751 4210 τοῦ

172 4249 497 4322 ὲμπαθοῦς,
544 4248 780 4317 ἠθέλησε
835 4248 1188 4317 παραστῆσαι
1218 4249 1247 4299 ὁ
1314 4248 1753 4319 Ὀλυμπιόδωρος

172 4346 256 4398 ὅτι
288 4346 354 4396 ὲκ
380 4342 489 4395 τῶν
519 4340 953 4412 προηγουμένων
984 4341 1237 4408 φαίνεται
1286 4341 1607 4403 Ἀθανάσιος
1658 4343 1755 4395 καὶ

176 4439 243 4489 ὲκ
263 4435 378 4487 τῶν
405 4432 782 4501 ὲφεπομένων,
812 4434 895 4485 ὅτι
934 4434 1014 4494 είς
1041 4432 1104 4484 τὸ
1131 4430 1470 4501 ἀνθρώπινον
1496 4432 1590 4486 τοῦ
1617 4434 1755 4504 Χρι-

1850 3265 1960 3309 tem
2008 3254 2423 3307 consentientes
2458 3252 2725 3321 protulit,
2771 3268 2802 3306 e
2847 3252 3051 3319 quibus
3078 3250 3194 3304 haec
3223 3266 3235 3302 :
3267 3249 3429 3301 Pater

1850 3359 1995 3397 meus
2027 3343 2204 3410 major
2246 3358 2330 3395 me
2358 3350 2435 3394 est
2464 3342 2507 3372 ³ο
2540 3359 2555 3407 ;
2591 3349 2648 3395 ει
2679 3358 2691 3392 =
2727 3339 2978 3406 Cloriﬁca
3010 3356 3110 3401 me,
3162 3337 3324 3391 pm
3348 3339 3426 3401 n;

1850 3446 1927 3499 et,
1956 3437 2103 3489 Venit
2130 3438 2262 3489 hora
2291 3444 2348 3489 ut
2391 3434 2717 3505 gloriﬁcatur
2741 3433 2905 3487 Filius
2937 3434 3161 3486 hominis
3186 3432 3227 3462 "
3253 3448 3268 3495 ;
3318 3439 3375 3483 et
3412 3447 3426 3479 :

1852 3528 2125 3584 Crescebat
2164 3526 2317 3579 Jesus
2371 3527 2635 3594 sapientia
2688 3533 2737 3576 et
2794 3533 2953 3577 artata
2980 3524 3023 3554 ”
3050 3540 3065 3585 ;
3095 3532 3260 3591 atque
3313 3521 3431 3573 haec

1852 3618 2035 3673 omnia
2078 3616 2403 3687 proferens,
2464 3616 2520 3668 in
2566 3629 2790 3669 carnem
2844 3614 3061 3667 Domini
3124 3611 3431 3679 accipiebat

1853 3719 2019 3775 atque
2060 3707 2551 3775 interpretabatur.
2605 3706 2684 3759 Ex
2718 3705 2923 3773 quibus
2962 3713 3017 3756 et
3051 3703 3207 3763 illud,
3250 3701 3427 3759 Pater.

1855 3803 2065 3857 recedat
2092 3820 2125 3855 a
2150 3816 2233 3854 me
2252 3799 2395 3852 ralia:
2415 3800 2544 3861 iste;
2572 3806 2936 3849 verumtamen
2964 3811 3069 3847 non
3108 3810 3225 3846 mea
3256 3792 3433 3843 voluti-

1858 3904 1939 3950 tas
1987 3894 2110 3962 ﬁat,
2151 3894 2243 3946 sed
2275 3900 2367 3944 tua
2408 3891 2474 3943 ιδ.
2519 3889 2659 3945 Cum
2714 3888 2884 3957 igitur
2936 3888 3186 3941 nonnulli
3239 3887 3433 3939 dicunt

1856 3985 2003 4054 quod
2033 3985 2101 4039 de
2134 3983 2354 4052 propria
2386 3982 2667 4035 voluntate
2705 3981 2841 4035 dicit
2868 3980 3125 4033 Christus
3146 3997 3249 4032 non
3283 3996 3433 4044 mea,

1857 4087 2098 4131 attamen
2133 4076 2202 4129 de
2223 4076 2506 4127 voluntate
2536 4073 2824 4125 hominum
2852 4073 3126 4133 allectiva.
3157 4073 3433 4125 deducere

1857 4168 2035 4222 voluit
2062 4166 2489 4234 Olympiodorus
2509 4164 2655 4232 quod
2678 4178 2745 4217 ex
2772 4164 3058 4231 principiis
3100 4163 3433 4217 Athanasius

1858 4263 2025 4323 atque
2081 4270 2148 4308 ex
2199 4253 2612 4320 consequentiis
2655 4253 2895 4318 videtur,
2944 4254 3073 4321 quia
3126 4254 3180 4306 in
3227 4254 3431 4307 Christi

1861 4346 2260 4400 humanitatem
2296 4344 2569 4397 intellexit
2619 4360 2722 4396 non
2749 4360 2865 4396 mea
2900 4344 3166 4397 voluntas.
3198 4344 3433 4412 Ideoque

1861 4437 2040 4506 pergit
2087 4436 2277 4489 dicens
2313 4434 2462 4503 quod
2496 4436 2713 4503 spiritus
2748 4445 3044 4503 promptus,
3077 4451 3203 4487 caro
3256 4444 3433 4487 autem

176 4525 309 4579 στοῦ
334 4524 524 4593 ἐνόησε
558 4528 640 4585 τὸ,
675 4521 771 4586 Μὴ
801 4523 867 4575 τὸ
894 4522 1043 4590 ἐμὸν
1066 4520 1314 4589 θέλημαο
1332 4522 1414 4575 διὸ
1441 4522 1638 4590 ἐπάγει
1666 4523 1744 4575 λέ-

1858 4527 2073 4594 inﬁrma
2102 4527 2164 4579 ".
2207 4525 2681 4590 Quemadmodum
2714 4525 2882 4593 igitur
2925 4508 3433 4594 Christi-Spiritum

174 4628 315 4681 γων,
344 4611 428 4663 ὃτι
461 4610 537 4663 Τὸ
573 4610 808 4677 πνεῦμα
848 4611 1188 4678 πρόθυμον,
1218 4611 1257 4676 ἡ
1297 4608 1365 4662 δὲ
1391 4612 1546 4678 σὰρξ
1575 4613 1755 4665 ἀσθε-

174 4702 313 4769 νής.
350 4701 561 4771 Ὠσπερ
599 4696 695 4753 οὖν
728 4700 789 4752 τὸ
819 4700 1043 4769 Πνεῦμα
1089 4701 1184 4752 τοῦ
1227 4701 1464 4771 Χριστοῦ
1504 4700 1753 4771 νοοῦμεν,

175 4793 324 4847 οὕτω
364 4792 460 4845 καὶ
511 4794 611 4861 τὴν
644 4793 822 4862 σάρκα
857 4792 937 4855 είς
988 4791 1050 4844 τὸ
1102 4793 1445 4863 προφητικὸν
1485 4794 1646 4863 ῥητὸν
1694 4794 1756 4848 τὸ

179 4883 314 4953 περὶ
344 4881 441 4933 τοῦ
460 4881 751 4951 ἀνθρώπου
777 4881 915 4949 πρὸς
946 4881 1079 4934 Θεὸν
1110 4884 1340 4950 φάσκον,
1376 4884 1758 4951 Ἥλάττωσας

178 4975 374 5029 αὐτὸν
399 4973 601 5041 βραχύ
638 4988 693 5025 τι
720 4974 855 5040 παρ’
883 4974 1178 5042 ἀγγέλους
1213 4991 1228 5005 ·
1255 4976 1394 5045 ὅπερ
1414 4978 1442 5028 ὁ
1496 4977 1759 5030 ’Δπόστο-

1861 4619 2239 4688 intelligimus,
2268 4617 2342 4670 ita
2370 4626 2427 4671 et
2451 4632 2671 4671 carnem
2706 4617 2759 4669 in
2784 4619 3170 4685 propheticum
3203 4620 3431 4673 verlmm

1860 4707 1930 4763 de
1962 4707 2184 4759 homine
2210 4705 2279 4759 ad
2311 4706 2483 4759 Deum
2510 4704 2701 4759 dicens
2737 4722 2751 4759 :
2784 4706 3041 4759 Minorem
3078 4708 3269 4775 {aciem
3312 4726 3429 4761 cum

1863 4798 2067 4869 angelis
2120 4798 2199 4863 “;
2249 4797 2398 4866 quod
2429 4796 2727 4865 Apostolus
2758 4798 2811 4851 in
2842 4798 3127 4851 Christum
3188 4800 3434 4854 referens

1864 4891 1940 4942 ait
1972 4906 1985 4941 :
2021 4885 2193 4941 Paulo
2231 4889 2489 4939 minorem
2526 4886 2715 4955 angelo
2755 4887 2954 4956 factum
2993 4890 3225 4942 videmus
3257 4889 3435 4943 Iesum

1866 4988 2079 5051 propter
2106 4980 2289 5033 mortis
2318 4980 2614 5047 passionem
2633 4980 2697 5032 ".

181 5068 275 5129 λος
314 5067 395 5128 είς
428 5063 662 5134 Χριστὸν
711 5063 999 5132 ἀναφέρων
1044 5064 1199 5135 φησὶ,
1258 5066 1370 5119 Τὸν
1402 5065 1471 5118 δὲ
1517 5068 1721 5139 ,βραχύ
1768 5090 1825 5127 τι
1861 5072 1997 5140 παρ’
2037 5071 2334 5141 ἀγγέλους
2380 5069 2801 5139 ἠλαττωμένον
2843 5070 3155 5140 βλέπομεν
3190 5070 3437 5139 Ἰησοῦν

181 5157 286 5212 διὰ
314 5155 382 5210 τὸ
408 5155 650 5222 πάθημα
680 5154 787 5208 τοῦ
814 5154 1092 5210 θανάτου.

257 5296 587 5363 Sequuntur
638 5290 720 5363 in_
747 5289 945 5363 codice
972 5289 1222 5363 prolixa
1251 5289 1464 5363 aliquot
1488 5293 1689 5361 capita,
1726 5309 1962 5363 quorum
1988 5288 2914 5363 nuncexscribendorumtnedum
2947 5289 3433 5363 divulgandormu,

187 5360 366 5420 Otium
402 5378 514 5416 non
539 5369 645 5425 est,
672 5360 932 5415 videlicet
967 5360 1016 5415 l.
1053 5360 1364 5427 Κεφάλαιον
1402 5360 1652 5430 πέμπτον
1677 5366 1744 5416 diu

1848 5363 2059 5416 ικτικδν
2080 5361 2167 5413 διά
2194 5361 2538 5430 πραγμάτων
2568 5360 2649 5410 ὅτι
2679 5360 2810 5411 ἀλλο
2842 5360 2907 5411 τὺ
2937 5362 3186 5427 φυσικὸν,
3219 5363 3345 5415 ἄλλο
3376 5364 3436 5415 τὸ

192 5434 485 5517 σαρκικὸν,
518 5423 842 5517 ἤαὶέτερον
870 5430 1041 5517 Ludit“:
1072 5423 1351 5517 ἱὸξεξκδν
1376 5423 1619 5517 ’θέλῂμι
1754 5435 2065 5517 Κεφάλαιον
2083 5423 2246 5517 ἕκτον
2272 5430 2329 5480 ὲν
2431 5430 2489 5517 μί
2514 5429 2814 5511 ἀντιθέσεις
2841 5423 2959 5513 τῶν
2989 5433 3247 5515 ἐναντίων
3277 5433 3432 5485 εὐσε-

191 5498 301 5566 ϐῶς
328 5498 833 5571 σαφηνίζονταιίύᾄ
1082 5499 1136 5553 3.
1157 5498 1262 5552 Τοῦ
1296 5500 1451 5568 ἀγίου
1479 5498 1756 5554 Διονυσίου
1794 5498 1887 5555 τοῦ
1926 5500 2319 5571 Ἀρεοπαγίτου
2346 5500 2572 5571 χρήσεις
2608 5498 2886 5571 δεικνῦσαι
2905 5500 2996 5571 ⁸ὅτι
3026 5502 3119 5551 καὶ
3150 5504 3318 5570 χωρὶς
3341 5504 3436 5569 τῆς

192 5567 612 5645 ἀνθρωπότητος
644 5571 673 5621 ὀ
695 5567 931 5639 Χριστὸς
956 5570 1248 5640 διαφόρους
1278 5567 1558 5640 ἐνεργείας
1585 5571 1699 5640 ἔχει
1730 5590 1744 5624 ι

1844 5573 1873 5624 ὰ
1895 5567 2006 5641 τὴν
2028 5570 2122 5624 τοῦ
2160 5569 2333 5637 Λόγου
2364 5567 2615 5637 θεότητα.
2645 5567 3016 5638 Subsequitur
3039 5567 3313 5624 AnaSta'sii
3346 5567 3435 5624 co-

264 5709 309 5740 ¹⁶
333 5707 494 5762 Joan.
527 5720 641 5769 τιν,
690 5703 783 5775 28.
806 5704 1058 5775 __"V.loan.
1099 5709 1284 5774 xvn,l.
1344 5709 1387 5742 ¹¹
1423 5707 1582 5766 Joan.
1608 5709 1744 5775 sini

1860 5708 1907 5742 "
1931 5706 2063 5763 Luc.
2089 5721 2147 5773 ιι,
2187 5706 2274 5759 52.
2331 5703 2376 5735 ιδ
2403 5703 2537 5759 Luc.
2580 5705 2818 5769 sunt?"
2874 5705 2917 5737 ι’
2954 5705 3144 5761 Matth.
3178 5706 3434 5769 Χιν1,41.

202 5776 243 5805 “
268 5777 414 5835 l’sal.
464 5791 575 5841 νιιι,
606 5775 658 5830 5.
742 5772 971 5830 "llebr.
1006 5790 1063 5839 ιι,
1089 5775 1143 5829 9.
