4190 6438
783 404 921 469 11υῦ
1996 414 2056 473 S.

773 614 891 670 nict
945 615 1219 684 profecto,
1260 633 1359 671 nec
1408 619 1751 687 praeteribit;
1798 621 2021 690 quando
2078 622 2356 690 relinquet

774 710 939 763 homo
972 721 1192 775 cuneta,
1232 712 1516 782 abibitque
1554 715 1729 779 solus,
1780 714 2053 779 desertus,
2088 716 2352 769 humilia-

777 812 887 866 tus,
924 805 1128 870 nudus,
1177 806 1358 874 inops,
1402 808 1520 861 sine
1558 809 1669 861 ullo
1720 808 1821 861 via:
1848 808 1932 862 vel
1967 808 2107 863 duce
2131 809 2216 863 vel
2256 826 2353 863 co-

776 897 931 960 mite,
963 898 1281 965 imparatus,
1310 899 1584 962 diflidens,
1616 901 1731 955 sive
1763 900 1817 954 in
1848 901 2174 972 negligentia
2199 901 2353 957 vixe-

776 994 880 1057 rit;
928 995 981 1045 in
1036 994 1126 1047 die
1178 1010 1343 1063 quam
1387 998 1583 1059 nescit,
1629 1006 1685 1051 et
1736 998 1791 1052 in
1847 998 1981 1052 bora
2031 1014 2193 1068 quam
2244 1014 2353 1054 non

772 1096 1074 1154 ('Xsptxflul,
1136 1087 1269 1141 dum
1344 1090 1607 1155 luxuriat,
1666 1090 1805 1143 dum
1866 1091 2067 1145 dillluit
2111 1092 2353 1158 deliciis,

772 1179 905 1231 dum
962 1180 1201 1234 feliciter
1233 1181 1387 1244 vivit,
1420 1181 1550 1234 dum
1589 1183 1757 1236 nullis
1791 1184 2029 1253 agitatur
2056 1184 2226 1247 curis,
2258 1200 2355 1238 ve-

774 1273 891 1324 niet
919 1274 1101 1325 subito
1126 1290 1231 1326 una
1262 1273 1421 1337 hora,
1456 1282 1513 1328 et
1546 1276 1731 1328 omnia
1758 1290 2116 1330 cessaverunt
2142 1294 2156 1342 ;
2188 1291 2353 1344 parva

775 1364 967 1423 febris.
1025 1375 1080 1419 et
1129 1366 1314 1420 onmia
1383 1367 1437 1421 in
1483 1367 1755 1433 nihilum;
1806 1384 2009 1438 parvus
2065 1370 2242 1434 labor,
2298 1378 2354 1424 et

774 1454 956 1507 munia
1013 1456 1066 1508 in
1121 1472 1259 1510 vana
1314 1466 1369 1510 et
1422 1458 1635 1521 inania;
1674 1476 1781 1513 una
1835 1475 1939 1513 nox
1975 1461 2355 1529 ptolunda.et

774 1549 1088 1613 tenebrosa,
1120 1558 1176 1601 et
1220 1549 1436 1609 flebilis,
1470 1560 1525 1605 et
1552 1551 1865 1615 abducitur,
1901 1561 2160 1623 tanquam
2203 1554 2355 1607 dam-

775 1648 957 1701 natus,
990 1655 1100 1707 quo
1128 1639 1408 1692 abducunt
1438 1640 1798 1696 abducentes.
1830 1643 2012 1698 Multis
2049 1644 2147 1697 tibi
2199 1653 2349 1709 tunc,

774 1748 808 1783 υ
847 1732 1029 1794 homo,
1079 1731 1411 1788 ductoribus
1450 1749 1590 1802 opus
1638 1743 1757 1798 est;
1815 1736 2003 1789 multis
2039 1736 2137 1789 tibi
2194 1738 2353 1790 auxi-

776 1822 1071 1886 liantibus,
1132 1822 1322 1877 multis
1391 1824 1674 1892 precibus,
1731 1826 1925 1881 multis
1979 1826 2347 1897 adjutoribus,

775 1912 831 1967 in
860 1914 993 1966 lmra
1042 1915 1409 1983 separationis
1447 1916 1665 1970 animm.
1702 1917 1926 1987 Magnus
1980 1928 2110 1974 tunc
2161 1922 2348 1986 timor,

773 2018 1004 2072 magnus
1058 2013 1186 2058 tunc
1216 2016 1442 2068 tremor,
1482 2022 1742 2076 magnum
1776 2010 2120 2079 mysterium,
2158 2027 2350 2081 magna

773 2098 1030 2159 inntatio,
1061 2112 1185 2149 cum
1231 2096 1483 2152 subimus
1532 2113 1619 2161 eo,
1682 2098 1829 2153 unde
1885 2116 2050 2154 nemo
2097 2117 2352 2156 reversus

773 2198 877 2240 est.
916 2188 1041 2242 Sola
1094 2189 1253 2250 liora,
1296 2199 1351 2242 et
1403 2205 1509 2243 non
1547 2190 1652 2242 alia
1701 2190 1877 2244 liora:
1913 2192 2094 2245 solum
2143 2192 2249 2246 iter
2296 2200 2354 2247 et

774 2295 883 2333 non
924 2278 1073 2331 aliud
1134 2280 1274 2344 iter;
1337 2280 1488 2333 solus
1536 2295 1695 2349 pons,
1729 2282 1886 2351 cujus
1936 2298 2046 2337 non
2079 2293 2162 2337 est
2204 2293 2351 2337 tran-

775 2371 948 2434 situs;
1021 2371 1268 2423 omnium
1355 2370 1521 2435 linis,
1610 2373 1970 2442 omniumque
2042 2374 2349 2442 tributum;

774 2464 1042 2517 molestus
1088 2465 1377 2534 trajectus,
1406 2464 1502 2518 sed
1549 2480 1713 2533 quem
1766 2480 1959 2520 omnes
2006 2467 2348 2537 trajicimus;

774 2555 1012 2609 acerbus
1043 2564 1227 2623 potus,
1266 2556 1361 2609 sed
1394 2571 1583 2624 quem,
1616 2573 1725 2610 non
1774 2567 1957 2611 autem
1988 2559 2177 2625 alium,
2208 2560 2352 2614 bibi-

776 2658 900 2696 mus
928 2660 1123 2696 omnes
1148 2661 1162 2708 ;
1196 2660 1455 2713 magnum
1488 2645 1898 2714 obscurumque
1928 2648 2121 2701 mortis
2149 2658 2353 2718 myste-

778 2734 941 2796 rium,
978 2734 1125 2802 quod
1162 2750 1324 2788 nemo
1354 2751 1594 2803 unquam
1634 2751 1909 2804 exponere
1954 2739 2175 2806 poterit.
2224 2739 2355 2805 Qua:

778 2824 1053 2877 horrenda
1082 2833 1249 2893 atque
1279 2825 1621 2880 formidanda
1657 2836 1790 2881 tunc
1824 2828 2005 2882 anima
2041 2831 2348 2884 existimat!

777 2915 873 2970 sed
927 2932 1090 2969 nemo
1126 2931 1193 2969 ex
1224 2918 1387 2970 nobis
1439 2919 1533 2972 illa
1581 2919 1755 2983 novit,
1794 2919 1899 2972 nisi
1948 2920 2049 2974 soli
2079 2922 2172 2988 qui
2224 2922 2354 2976 illuc

779 3007 1142 3071 transierunt,
1178 3008 1271 3076 qui
1317 3009 1448 3062 illuc
1483 3012 1845 3079 trajecerunt,
1876 3013 1972 3081 qui
2002 3013 2352 3082 experimen-

778 3106 893 3151 tum
926 3100 1196 3152 feeerunt.
1237 3100 1431 3154 Nonne
1474 3102 1650 3164 vides,
1685 3103 1775 3157 die
1798 3104 1956 3167 mihi,
1985 3120 2110 3159 cum
2143 3106 2211 3159 ad
2243 3106 2352 3159 fra-

777 3196 892 3241 tres
931 3188 1224 3243 defunctos
1277 3198 1371 3244 aut
1443 3193 1808 3247 moribundos
1855 3196 2183 3261 assidemus,
2230 3213 2422 3284 (μιωο

776 3278 1126 3332 formidanda
1200 3287 1332 3333 tune
1399 3281 1691 3334 videmus?
1745 3284 2024 3351 quomodo
2099 3285 2355 3339 manibus

775 3371 1071 3424 astantium
1118 3371 1542 3437 contineantur;
1594 3374 1872 3442 quomodo
1918 3377 2350 3441 eonturbentur;

775 3465 1056 3532 quomodo
1094 3465 1433 3534 gemiseant;
1486 3465 1764 3533 quomodo
1804 3466 2063 3537 frigidum
2100 3478 2157 3523 et
2203 3484 2358 3523 acero

778 3556 908 3609 bum
964 3555 1357 3619 transsudent,
1423 3563 1682 3625 tanquam
1746 3573 2022 3613 messores
2082 3560 2137 3613 in
2187 3576 2351 3630 agro;

775 3648 1053 3716 quomodo
1084 3646 1176 3699 alii
1207 3646 1431 3715 quidem
1463 3646 1726 3703 dentibus
1757 3649 2056 3714 strideant,
2092 3651 2186 3705 alii
2224 3668 2355 3705 vero

777 3742 1104 3795 horrescant
1144 3750 1199 3795 et
1246 3741 1678 3806 eonturbentur,
1711 3742 1994 3811 quomodo
2044 3744 2190 3798 lecto
2212 3744 2355 3798 exsi-

776 3835 933 3899 lianl,
984 3836 1174 3904 fugere
1223 3834 1351 3887 dum
1400 3834 1596 3888 volunt
1653 3844 1709 3889 et
1759 3837 2355 3904 nequennt.Videntcs

777 3944 899 3995 qua:
942 3942 1224 3995 nunquam
1251 3926 1534 3990 viderunt,
1564 3934 1621 3981 et
1668 3927 1962 3981 audientes
1994 3944 2025 3981 e
2062 3930 2354 3997 potestati-

777 4016 883 4070 bus
942 4033 1061 4086 qua:
1107 4030 1389 4085 nunquam
1446 4014 1767 4078 audierunt,
1820 4024 1876 4069 et
1927 4015 2203 4084 patientes
2234 4032 2357 4084 qua:

779 4124 1059 4177 nunquam
1111 4107 1252 4176 passi
1315 4117 1464 4161 sunt.
1517 4108 1784 4172 anrunt
1840 4108 2247 4176 redemptorem
2303 4117 2359 4160 et

778 4202 1208 4262 consolatorem,
1244 4209 1301 4253 et
1328 4215 1492 4253 nemo
1518 4198 1703 4253 audet.

848 4294 997 4358 Quos
1037 4291 1292 4346 videntes
1321 4307 1422 4344 nos
1459 4301 1591 4344 tunc
1628 4290 2024 4352 tremiscimus,
2057 4297 2112 4343 et
2141 4290 2357 4354 ﬂemus,

780 4393 837 4438 ct
872 4384 1223 4436 continentes
1244 4397 1437 4437 eorum
1472 4397 1667 4436 manus
1693 4390 1855 4450 atque
1905 4383 2358 4450 coniplectcutes,

783 4478 841 4531 ’a
873 4476 1133 4548 lacrymis
1166 4476 1576 4545 perfundimus,
1602 4477 1899 4545 vultusque
1946 4492 2139 4530 eorum
2186 4476 2358 4529 sudo-

781 4584 899 4623 rem
930 4568 1229 4621 ablnimns.
1261 4567 1642 4637 Abstergimus
1674 4584 1869 4623 eorum
1909 4569 2123 4632 oculos,
2154 4568 2354 4622 arden-

786 4672 896 4715 tem
924 4662 1165 4729 linguam
1200 4660 1445 4729 rigamus
1472 4674 1635 4728 aqua,
1667 4675 1856 4713 aurem
1886 4672 2132 4714 nostram
2165 4658 2357 4712 admo-

780 4768 976 4809 vemus
1024 4762 1083 4805 ut
1124 4751 1423 4805 verborum
1465 4767 1658 4805 eorum
1722 4752 2012 4805 audiamus
2055 4751 2356 4805 lliBSllallO-

783 4858 932 4898 nem.
988 4840 1194 4896 Deinde
1255 4842 1660 4912 interrogamus
1700 4842 1953 4897 dicentes
2005 4860 2018 4895 :
2069 4842 2358 4907 Quomodo

786 4945 899 4989 tete
956 4950 1104 4989 nunc
1133 4931 1340 4999 babes;
1374 4950 1441 4989 ne
1475 4935 1691 5002 timeas,
1724 4934 2023 4988 auxiliatur
2046 4934 2226 4999 Deus;
2257 4934 2358 4987 bo-

796 5160 819 5171 "
859 5088 974 5157 (ll)
1019 5090 1377 5171 'H_1);¢snf.pa
1409 5088 1547 5171 ὥρη.
1593 5089 1681 5143 Sic
1739 5088 1889 5153 dedi,
1932 5103 2033 5158 pro
2091 5089 2125 5157 ἡ
2174 5088 2361 5159 ἡμέρα

786 5160 921 5229 ὥρα.
959 5160 1103 5229 qttod
1131 5172 1249 5214 erat
1280 5162 1333 5214 in
1366 5161 1487 5212 eod.

860 5228 983 5299 (15)
1012 5231 1537 5295 Ἀπροιπάτευτυᾳ
1590 5229 1680 5283 Sic
1739 5228 2050 5283 Antoninus
2104 5228 2355 5298 philoso-

790 5301 951 5369 plms,
988 5317 1082 5363 χιι,
1128 5300 1207 5352 15.
1236 5301 1385 5352 Adde
1413 5302 1699 5370 Chrysost.
1736 5300 1805 5355 de
1844 5300 2142 5353 sacerdot..
2170 5314 2221 5369 p.
2254 5301 2355 5353 l52

792 5371 1105 5448 (volpdltlzl),
1136 5370 1262 5448 298:
1293 5371 1425 5422 edit.
1453 5371 1713 5448 Ιῑςιιιίξυιίί.
1749 5441 1770 5448 _
2040 5440 2062 5448 _
2198 5438 2221 5448 ~

863 5441 975 5509 (lli)
1014 5441 1453 5502 Ἀσιηοιὶδτιιτος.
1494 5441 1549 5493 Id
1594 5449 1698 5502 est,
1742 5441 1871 5493 ἄνευ
1907 5440 2246 5492 συνοδευτοῦ.
2286 5440 2352 5493 Et

793 5511 896 5563 hoe
924 5511 1248 5563 vocabulum
1290 5526 1493 5561 rarum.

862 5581 1184 5646 (HM-12115;)
1231 5581 1298 5631 ἐν
1342 5582 1587 5648 ἀμελείᾳ
1640 5580 1878 5647 φθάσει.
1929 5580 2149 5643 Nescio,
2177 5578 2355 5634 adhuc

799 5650 1110 5703 adde-mlum
1142 5652 1211 5703 sit
1240 5651 1536 5717 βεϐιωκὼξ,
1569 5660 1661 5701 aut
1695 5651 1843 5703 aliud
1875 5652 2076 5704 simile.

898 5724 975 5786 lt)
1012 5724 1342 5787 Ἴιργησιιν.
1378 5722 1605 5773 (lessare
1636 5722 1835 5773 solent.

896 5792 976 5857 l9)
1004 5790 1243 5858 Μεγάλη
1274 5791 1313 5853 ἡ
1344 5792 1713 5855 περίστιισις.
1754 5791 1939 5858 Magna
1976 5789 2225 5843 mutatio.

891 5862 980 5920 20)
1012 5861 1379 5925 Ὕφίσταται.
1404 5860 1633 5917 Lusitiu
1654 5859 2017 5917 similitudine
2040 5862 2352 5928 ὑφίσταται,

2102 413 2498 475 ANAS’I‘ASII
2540 416 2864 477 SlNAsz’E

858 522 1050 577 Veniet
1096 522 1247 578 enim
1296 524 1433 580 bora
1469 525 1700 595 diesque
1748 537 1960 594 nostra,
1994 528 2211 585 fratres.
2245 530 2351 585 Ve-
2381 536 2431 595 Α

3906 420 4045 487 1196

2538 533 2847 588 Ἐλεύσεται
2882 535 2988 606 γάρ
3033 536 3125 589 καὶ
3155 536 3187 607 ἡ
3213 536 3325 607 (Η)
3360 537 3605 608 ἡμετέρα
3636 534 3754 611 ὥρα
3780 538 3877 590 καὶ
3902 541 4044 606 mi:-

2462 642 2546 693 ρα,
2580 627 2815 694 ἀδελφοί.
2851 627 3160 682 Ἐλεύσεται
3220 631 3437 691 πάντως
3484 631 3580 684 κα).
3608 632 3668 683 οὐ
3699 632 4044 701 παρελεύσε-

2455 734 2567 782 ται,
2609 720 2695 771 ὃτε
2745 720 3062 790 καταλείψει
3111 722 3396 792 ἄνθρωπος
3449 725 3646 786 πάντα,
3684 725 3775 776 καὶ
3806 724 4044 776 ἀπελεύ-

2460 826 2611 861 σεται
2673 813 2872 881 μόνος,
2918 813 3331 881 μεμονωμένος,
3386 819 3889 883 τεταπεινωμένος,
3944 832 4042 881 γυα

2461 901 2613 969 μνὸς,
2639 902 2939 973 ἀϐοήθητος
2961 905 3097 974 (15),
3127 906 3561 974 ἁπροστάτευτος
3594 906 3729 977 (l0),
3750 906 4044 958 ἁευνόὸευ-

2438 1008 2571 1054 τος,
2612 995 2918 1064 ἁνέτοιμος,
2968 996 3443 1067 ἀπαρρησίαστος,
3480 1000 3637 1067 εἴπερ
3662 1000 3719 1048 ὲν
3744 1000 3855 1066 (ιτ)
3898 1000 4041 1066 άμε-

2457 1084 2576 1154 λεία
2611 1084 2804 1152 φθάσει
2832 1089 2891 1139 ὲν
2929 1084 3174 1163 ἡμέραῇ
3212 1090 3273 1141 οὐ
3309 1090 3590 1155 γινώσκει,
3627 1092 3719 1141 καὶ
3751 1091 3809 1142 ἐν
3842 1090 3966 1159 ὥρα

2457 1177 2516 1228 οὐ
2548 1177 2842 1248 προσδοκᾷ,
2873 1181 2930 1232 ὲν
2983 1181 3092 1249 ὅσῳ
3146 1183 3350 1251 τρυφᾷ,
3397 1182 3455 1233 ὲν
3506 1183 3615 1251 ὅσῳ
3676 1182 3950 1250 σπαταλᾷ,
3982 1184 4042 1231 ἐν

2456 1270 2565 1339 ὅσῳ
2594 1270 2878 1341 εὑημερεῖ,
2903 1274 2960 1324 ὲν
2988 1273 3097 1341 ὅσῳ
3118 1273 3433 1343 άμεριμνεῖ,
3471 1273 3749 1326 ἐλεύσεται
3772 1273 4041 1341 ἐξαίφνης

2459 1362 2556 1432 μία
2594 1361 2732 1431 ὥρα,
2765 1365 2857 1415 καὶ
2888 1365 3065 1417 πάντα
3102 1366 3355 1435 ἦργησαν
3385 1366 3523 1434 (18),
3553 1368 3749 1437 μικρὸς
3777 1366 4038 1436 πυρετὸς,

2456 1453 2550 1505 καὶ
2578 1453 2753 1506 πάντα
2793 1455 2872 1516 είς
2901 1455 3073 1507 οὐδέν.
3096 1456 3303 1525 Μικρὸς
3334 1457 3514 1520 πόνος,
3555 1459 3648 1509 καὶ
3671 1457 3765 1510 ὅλα
3795 1460 3873 1520 εἱς
3907 1457 4041 1509 κενὰ

2455 1548 2550 1600 καὶ
2579 1546 2806 1616 μάταια.
2844 1547 2958 1600 Μία
2990 1549 3084 1614 νὺξ
3115 1549 3303 1618 βαθεῖα
3325 1550 3421 1602 καὶ
3452 1550 3698 1621 σκοτεινὴ
3722 1552 3815 1602 καὶ
3846 1550 4041 1618 ὀδυνη-

2457 1637 2545 1708 ρά,
2579 1639 2673 1690 κα)⁸
2706 1638 2999 1705 ἀπάγεται,
3029 1642 3103 1704 ὡς
3135 1640 3443 1704 κατάδικος,
3485 1642 3618 1693 ὅπου
3642 1643 3954 1709 ἀπάγουσιν
3990 1642 4040 1692 οἱ

2454 1731 2784 1796 ἀπάγοντες.
2813 1730 3171 1785 Πολλῶν⁸σοι
3226 1733 3371 1796 τότε,
3404 1726 3449 1785 ὦ
3498 1732 3770 1802 ἄνθρωπε,
3825 1733 4040 1802 ὁδηγῶν

2456 1823 2636 1892 χρεία.
2669 1823 2887 1875 Πολλῶν
2929 1840 3013 1875 σοι
3056 1825 3163 1876 τῶν
3198 1824 3433 1894 βοηθῶν,
3463 1826 3671 1879 πολλῶν
3694 1827 3802 1877 τῶν
3833 1827 4035 1894 εὑιῶν,

2457 1912 2669 1964 πολλῶν
2695 1913 2803 1966 τῶν
2831 1913 3131 1983 συνεργῶν,
3163 1915 3219 1965 ὲν
3249 1916 3312 1984 τῇ
3347 1915 3465 1985 ῶρᾳ
3495 1914 3589 1967 τοῦ
3617 1916 3904 1984 χωρισμοῦ
3934 1916 4034 1982 τῆς

2453 2003 2652 2074 ψυχῆς.
2690 2004 2881 2071 Μέγας
2931 2007 2960 2057 ό
3003 2006 3126 2057 τότε
3168 2006 3353 2073 φόϐος,
3392 2006 3567 2075 μέγας
3603 2010 3630 2059 ὁ
3659 2009 3778 2059 τότε
3811 2007 4036 2076 τρόμος,

2458 2094 2603 2163 μέγα
2635 2093 2696 2146 τί,
2730 2095 3048 2164 μυστήριον,
3091 2096 3301 2166 μεγάλη
3342 2098 3374 2165 ἠ
3410 2097 3733 2167 περίστασις
3766 2099 3903 2165 (l9),
3948 2098 4037 2148 ὅτε

2454 2185 2779 2254 ὑπάγωμεν,
2817 2184 2938 2237 ὅθεν
2976 2185 3153 2248 οὐδεὶς
3213 2188 3563 2240 ὲπανέλυσεν.
3606 2189 3667 2239 Ἦ
3708 2189 3843 2257 μόνη
3894 2188 4036 2258 ῶρα,

2454 2277 2549 2330 καὶ
2577 2278 2676 2329 οὒκ
2705 2276 2843 2346 ἄλλη
2869 2277 3017 2348 ὥρα·
3060 2280 3093 2348 ἠ
3130 2278 3266 2349 μόνη
3296 2280 3435 2344 ὁδὸς,
3470 2281 3565 2333 καὶ
3604 2282 3702 2334 οὐκ
3730 2282 3864 2351 ἄλλη
3895 2283 4037 2343 ξοδ-δέ,

2453 2370 2487 2439 ἡ
2520 2368 2655 2439 μόνη
2686 2369 2924 2437 γέφυρα,
2959 2371 3052 2422 καὶ
3078 2370 3312 2441 πάροδον
3342 2372 3441 2423 οῦκ
3466 2373 3684 2440 ἔχουσα.
3710 2374 3782 2425 Τὸ
3818 2374 4038 2425 πάντων

2453 2461 2625 2527 τέλος,
2651 2462 2745 2515 καὶ
2775 2463 2993 2515 πάντων
3022 2463 3209 2533 φόρος.
3243 2464 3492 2517 Χαλεπὸν
3523 2466 3582 2518 τὸ
3616 2466 3866 2535 πέραμα,
3902 2466 4039 2518 ἀλλὰ

2457 2553 2661 2616 πάντες
2694 2552 2762 2606 δι’
2802 2553 2968 2607 αὑτοῦ
3001 2556 3398 2625 περαιούμεθα.
3434 2557 3637 2626 Πικρὸν
3660 2557 3719 2609 τὸ
3754 2562 4036 2626 ποτήριον,

2454 2645 2589 2698 ἀλλὰ
2622 2646 2821 2708 πάντες
2848 2646 3001 2711 αὐτὸ,
3038 2647 3134 2699 καὶ
3159 2647 3259 2699 οὐκ
3286 2648 3415 2701 ἄλλο
3455 2648 3708 2717 πίνομεν.
3741 2650 3903 2716 Μέγα
3946 2652 4038 2700 καὶ

2455 2734 2648 2805 ἄδηλον
2690 2734 2750 2787 τὸ
2783 2734 2875 2786 τοῦ
2907 2735 3139 2788 Θανάτου
3185 2736 3505 2806 μυστήριον,
3542 2738 3638 2788 κα)⁵
3687 2738 3862 2800 οὐδεὶς
3905 2738 4039 2789 αξιτό

2456 2825 2585 2893 ἡμῖν
2619 2824 2982 2893 διηγήσασθαι
3006 2825 3252 2879 δύναται.
3283 2825 3494 2896 Φρικτὰ
3530 2828 3623 2878 καὶ
3654 2828 3863 2897 φοϐερά
3896 2829 4037 2895 άπερ

2453 2916 2576 2967 τότε
2612 2918 2644 2985 ἡ
2674 2916 2819 2986 ψυχὴ
2848 2917 2960 2985 ('20)
2996 2916 3309 2986 ὑφίσταται,
3361 2917 3478 2971 ἀλλ’
3549 2918 3721 2981 οὐδεὶς
3768 2918 3845 2982 ἐξ
3883 2919 4038 2989 ἡμῶν

2454 3005 2629 3060 ταῦτα
2689 3007 2997 3065 ἐπίσταται,
3034 3007 3083 3059 εί
3140 3008 3216 3078 μὴ
3259 3010 3409 3078 μόνοι
3465 3010 3514 3060 οἱ
3564 3012 3679 3062 ἐκεῖ
3745 3010 4040 3080 προλαβόν-

2457 3115 2548 3161 τες
2584 3099 2721 3167 (21),
2754 3101 2805 3151 οἱ
2840 3100 2955 3151 ἐκεῖ
2998 3100 3360 3169 περάσαντες,
3402 3102 3450 3152 οἱ
3480 3101 3579 3169 τὴν
3614 3106 3808 3171 πεῖραν
3850 3102 4040 3154 λαελόν-

2455 3206 2566 3250 τες.
2604 3191 2716 3259 Οὐχ
2740 3190 2893 3260 ὁρᾷς,
2925 3191 3045 3243 εἰπέ
3086 3208 3200 3261 μοι,
3234 3192 3397 3261 ἡνίκα
3428 3192 3561 3261 πρὸς
3594 3194 3719 3254 τοὺς
3772 3192 4039 3260 ἀδελφοὺς

2456 3282 2581 3343 τοὺς
2613 3281 2977 3343 τελευτῶντας
3004 3281 3036 3351 ἣ
3063 3282 3545 3353 ψυχορραγοῦντας
3576 3282 4037 3352 παρακαθήμεθα,

2456 3372 2516 3423 οὐ
2551 3371 2759 3441 φοϐερά
2787 3373 2907 3425 τότε
2941 3373 3190 3443 ὁρῶμεν;
3226 3373 3341 3435 πῶς
3385 3374 3499 3443 (‘29.)
3548 3375 3857 3442 ἀνέχονται,
3927 3375 4040 3436 πιῖλς

2454 3461 2812 3531 ταράττονται
2840 3501 2854 3525 ,
2880 3462 2995 3526 πῶς
3024 3463 3370 3527 στενάζουσιν
3392 3506 3407 3529 ,
3462 3464 3577 3527 πῶς
3611 3464 3799 3535 ἱδρῶσι
3834 3466 4040 3536 ψυχρὸν

2456 3554 2550 3603 καὶ
2576 3551 2790 3621 πικρὸν,
2822 3552 2897 3615 ὡς
2924 3555 2974 3605 οἱ
2995 3554 3054 3605 ὲν
3082 3554 3193 3622 (ἳῦ)
3226 3554 3380 3625 ἀγρῷ
3414 3554 3693 3623 θερισταί;
3736 3556 3856 3618 πῶς
3876 3559 3927 3608 oi
3948 3557 4044 3626 μὲν

2456 3645 2583 3706 τοὺς
2612 3644 2830 3707 ὀδόντας
2856 3644 3150 3715 τρίζουσιν,
3182 3648 3230 3697 οἱ
3261 3646 3318 3698 δὲ
3354 3646 3689 3712 θαμϐοῦνται
3712 3648 3811 3700 καὶ
3837 3651 4035 3716 ταράτ-

2455 3753 2656 3802 τονται;
2687 3735 2805 3799 πῶς
2827 3736 2927 3805 τῆς
2959 3736 3148 3806 κλίνης
3189 3740 3559 3806 ἀναπηδῶσιν,
3586 3740 3815 3808 φεύγειν
3846 3741 4042 3809 βουλό-

2459 3848 2630 3901 μενοι,
2700 3830 2779 3901 μὴ
2806 3831 3093 3901 δυνάμενοι
3138 3833 3217 3898 δές
3257 3832 3551 3904 Ὁρῶντες,
3593 3835 3737 3905 ἅπερ
3782 3837 4040 3889 οὐδέποτε

2457 3923 2756 3992 ἑωράκασι,
2794 3922 2891 3975 καὶ
2936 3922 3234 3986 ἀκούοντες
3288 3925 3394 3976 ὑπὸ
3437 3925 3545 3978 τῶν
3594 3925 3705 3996 (ει)
3759 3926 4039 3989 ἐξουσιῶν,

2457 4016 2602 4083 ἆπερ
2651 4012 2905 4065 οὐδέποτε
2943 4014 3208 4085 ἤκουσαν,
3235 4017 3329 4068 καὶ
3370 4017 3636 4086 πάχοντες
3668 4014 4040 4088 [πάσχοντεςί.

2458 4106 2599 4173 ειπερ
2647 4105 2767 4157 οὑδὲ
2837 4121 2967 4156 ποτε
3016 4103 3239 4157 ἔπαθον.
3278 4106 3575 4176 Ζητοῦντες
3606 4109 3695 4159 τὸν
3745 4108 4041 4177 ῥυόμενον,

2458 4195 2747 4267 ζητοῦντες
2768 4196 2859 4250 τὸν
2886 4196 3331 4267 παρακαλοῦντα,
3370 4199 3464 4249 καὶ
3487 4198 3659 4260 οὐδεὶς
3682 4200 3709 4251 ὁ
3734 4198 3975 4270 τολμῶν.

2530 4288 2638 4353 Οὓς
2681 4289 3017 4359 θεωροῦντες
3048 4292 3209 4360 ἡμεῖς
3257 4291 3377 4343 τότε
3410 4292 3707 4361 τρέμομεν,
3739 4291 3838 4344 καὶ
3867 4290 4043 4345 κλαίο-

2462 4400 2582 4453 μεν,
2610 4383 2705 4435 καὶ
2742 4383 3073 4453 κρατοῦντες
3106 4383 3284 4435 αὐτῶν
3342 4384 3439 4446 τὰς
3476 4387 3663 4454 χεῖρας
3696 4383 3816 4455 (9.5)
3863 4385 4045 4437 ἀσπα-

2462 4475 2699 4539 ζόμενοι,
2751 4477 2868 4537 τοῖς
2911 4475 3140 4543 δάκρυσι
3177 4476 3471 4545 βρέχομεν,
3522 4476 3908 4543 άπαλείφομεν
3956 4475 4044 4526 τὸν

2466 4564 2663 4634 ἱδρῶτα
2692 4564 2785 4617 τοῦ
2819 4565 3113 4636 προσώπου
3145 4566 3345 4629 αὐτῶν,
3376 4568 3729 4636 ἐκμάσσομεν
3758 4566 3889 4630 τοὺς
3922 4566 4043 4618 τού-

2464 4672 2574 4708 των
2606 4656 2919 4726 ὀφοαλμοὺς
2966 4658 3065 4728 τὴν
3112 4657 3366 4726 γλῶσσαν
3413 4658 3756 4728 φλεγομένην
3796 4658 4044 4729 δροσίζο-

2469 4763 2569 4815 μεν
2602 4746 2714 4816 (‘36)
2748 4745 2932 4811 ὕδατι,
2954 4746 3017 4798 τὸ
3044 4742 3139 4809 οὖς
3184 4746 3340 4817 ἡμῶν
3395 4747 3805 4817 προστιθέντες,
3839 4749 3928 4801 ἶνα
3956 4748 4043 4800 τόν

2465 4839 2731 4909 ψελισμὸν
2750 4838 2860 4909 (27)
2888 4838 2996 4891 τῶν
3026 4838 3205 4891 αὐτῶν
3230 4838 3559 4909 ἀκούσωμεν
3590 4841 3881 4909 ῥημάτων.
3918 4834 4043 4893 Εἶτα

2467 4932 2839 5004 ὲπερωτῶμεν
2875 4931 3124 5001 λέγοντες
3145 4973 3160 4999 ,
3190 4931 3314 4996 Πῶς
3343 4931 3560 5002 βλέπεις
3588 4933 3816 4985 σεαυτὸν
3863 4933 3987 5006 ἄρτι
4014 4948 4031 4999 ;

2465 5087 2771 5140 ἐπίσταται.

2534 5159 2644 5227 (2|)
2675 5157 3103 5225 ΙΙρολαόόντες.
3136 5157 3194 5213 Id
3232 5166 3337 5221 est,
3376 5156 3703 5225 φθάσαντες.

2534 5229 2645 5297 (2:!)
2690 5228 3056 5295 'Arézortac.
3091 5229 3340 5281 Manibus
3381 5229 3703 5281 astantium.

2532 5300 2642 5368 (‘25)
2693 5297 2788 5364 Ὧς
2818 5301 2872 5350 οι
2900 5297 2969 5349 ἐν
3002 5298 3161 5368 (lg-pq.)
3194 5299 3479 5365 θερισταί.
3504 5297 3801 5367 Aptissima
3852 5297 4042 5351 simili-

2460 5368 2612 5421 tudo.

2529 5439 2640 5505 (24)
2670 5436 3010 5502 Ἐεουσιῶν.
3036 5437 3266 5491 Easdem
3300 5454 3446 5501 mox,
3472 5439 3529 5492 ni
3553 5438 3734 5502 fallor,
3764 5438 4026 5507 δυνάμεις

2461 5509 2807 5571 δεσποτικὰς,
2841 5516 2897 5560 et
2928 5508 3164 5577 φοϐερὰς
3200 5510 3460 5577 appellat.

2555 5580 2644 5647 9.5)
2692 5578 3131 5645 ἈΟ-πιεζόμενοι.
3158 5577 3341 5639 Forte,
3375 5580 3467 5629 καὶ
3506 5578 3906 5647 ἀσπαζόμενοι.

2559 5650 2648 5717 26)
2686 5647 3057 5720 Apocié‘qysr.
3105 5648 3474 5720 SieGrcgor.
3519 5648 3778 5704 Nazianz.
3830 5665 3887 5720 p.
3938 5647 4027 5714 96,

2461 5720 2597 5781 310;
2625 5729 2677 5772 et
2720 5720 2872 5788 Diog.
2902 5718 3082 5788 Laert.
3111 5733 3164 5785 p.
3202 5718 3325 5788 189.

2536 5790 2647 5857 (‘27)
2687 5787 3014 5857 Ψελισμόν.
3049 5787 3183 5853 lato,
3217 5787 3534 5858 ψελλισμόν.
