  <div class='ocr_page' id='page_1' title='image "/cluster/home/n/w/nwhite01/storage/ocr_20150623/89/nnc1.0046980172/624.png"; bbox 0 0 4190 6438; ppageno 0'>
   <div class='ocr_carea' id='block_1_1' title="bbox 218 428 358 496">
    <p class='ocr_par' dir='ltr' id='par_1_1' title="bbox 218 428 358 496">
     <span class='ocr_line' id='line_1_1' title="bbox 218 428 358 496; baseline 0.007 -1"><span class='ocrx_word' id='word_1_1' title='bbox 218 428 358 496; x_wconf 73' lang='grc'><strong>1157</strong></span> 
     </span>
    </p>
   </div>
   <div class='ocr_carea' id='block_1_2' title="bbox 1432 436 2313 505">
    <p class='ocr_par' dir='ltr' id='par_1_2' title="bbox 1432 436 2313 505">
     <span class='ocr_line' id='line_1_2' title="bbox 1432 436 2313 505; baseline 0.01 -9"><span class='ocrx_word' id='word_1_2' title='bbox 1432 437 1688 496; x_wconf 80' lang='lat' dir='ltr'><strong>SERMO</strong></span> <span class='ocrx_word' id='word_1_3' title='bbox 1730 436 1807 496; x_wconf 77' lang='grc' dir='ltr'><strong>ΙΝ</strong></span> <span class='ocrx_word' id='word_1_4' title='bbox 1855 437 2313 505; x_wconf 62' lang='lat' dir='ltr'><strong>DEFUNCTOS.</strong></span> 
     </span>
    </p>
   </div>
   <div class='ocr_carea' id='block_1_3' title="bbox 3348 441 3483 504">
    <p class='ocr_par' dir='ltr' id='par_1_3' title="bbox 3348 441 3483 504">
     <span class='ocr_line' id='line_1_3' title="bbox 3348 441 3483 504; baseline -0.067 0"><span class='ocrx_word' id='word_1_5' title='bbox 3348 441 3483 504; x_wconf 63' lang='lat'><strong>“98</strong></span> 
     </span>
    </p>
   </div>
   <div class='ocr_carea' id='block_1_4' title="bbox 216 550 1807 625">
    <p class='ocr_par' dir='ltr' id='par_1_4' title="bbox 216 550 1805 621">
     <span class='ocr_line' id='line_1_4' title="bbox 216 550 1805 621; baseline 0.001 -19"><span class='ocrx_word' id='word_1_6' title='bbox 216 555 299 621; x_wconf 79' lang='grc' dir='ltr'><strong>μη</strong></span> <span class='ocrx_word' id='word_1_7' title='bbox 352 550 546 618; x_wconf 68' lang='grc' dir='ltr'>φοϐοῦ,</span> <span class='ocrx_word' id='word_1_8' title='bbox 581 550 772 620; x_wconf 76' lang='grc' dir='ltr'>βοηΰεῖ</span> <span class='ocrx_word' id='word_1_9' title='bbox 809 553 836 606; x_wconf 84' lang='grc' dir='ltr'>ὁ</span> <span class='ocrx_word' id='word_1_10' title='bbox 863 550 1014 614; x_wconf 81' lang='grc' dir='ltr'>Θεός.</span> <span class='ocrx_word' id='word_1_11' title='bbox 1064 550 1453 618; x_wconf 76' lang='grc' dir='ltr'>Φιλάνορωπος</span> <span class='ocrx_word' id='word_1_12' title='bbox 1486 551 1595 618; x_wconf 72' lang='grc' dir='ltr'><strong>γάρ</strong></span> <span class='ocrx_word' id='word_1_13' title='bbox 1636 552 1805 604; x_wconf 80' lang='grc' dir='ltr'>ἐστιν.</span> 
     </span>
    </p>
   </div>
   <div class='ocr_carea' id='block_1_5' title="bbox 1911 550 3482 625">
    <p class='ocr_par' dir='ltr' id='par_1_5' title="bbox 1912 554 3482 625">
     <span class='ocr_line' id='line_1_5' title="bbox 1912 554 3482 625; baseline 0.001 -19"><span class='ocrx_word' id='word_1_14' title='bbox 1912 554 2089 610; x_wconf 88' lang='lat' dir='ltr'><strong>mines</strong></span> <span class='ocrx_word' id='word_1_15' title='bbox 2120 556 2271 609; x_wconf 89' lang='lat' dir='ltr'><strong>enim</strong></span> <span class='ocrx_word' id='word_1_16' title='bbox 2301 564 2466 611; x_wconf 86' lang='lat' dir='ltr'><strong>amat.</strong></span> <span class='ocrx_word' id='word_1_17' title='bbox 2502 556 2627 611; x_wconf 61' lang='lat' dir='ltr'><strong>llaec</strong></span> <span class='ocrx_word' id='word_1_18' title='bbox 2647 555 2715 610; x_wconf 89' lang='lat' dir='ltr'><strong>ad</strong></span> <span class='ocrx_word' id='word_1_19' title='bbox 2745 570 2873 610; x_wconf 90' lang='lat' dir='ltr'><strong>cum</strong></span> <span class='ocrx_word' id='word_1_20' title='bbox 2903 555 3162 620; x_wconf 85' lang='lat' dir='ltr'><strong>dicimus,</strong></span> <span class='ocrx_word' id='word_1_21' title='bbox 3201 565 3259 609; x_wconf 90' lang='lat' dir='ltr'><strong>et</strong></span> <span class='ocrx_word' id='word_1_22' title='bbox 3289 567 3482 625; x_wconf 74' lang='lat' dir='ltr'><strong>peetus</strong></span> 
     </span>
    </p>
   </div>
   <div class='ocr_carea' id='block_1_6' title="bbox 212 641 1807 713">
    <p class='ocr_par' dir='ltr' id='par_1_6' title="bbox 212 641 1807 713">
     <span class='ocr_line' id='line_1_6' title="bbox 212 641 1807 713; baseline -0.001 -18"><span class='ocrx_word' id='word_1_23' title='bbox 212 642 404 696; x_wconf 75' lang='grc' dir='ltr'>Ταῦτα</span> <span class='ocrx_word' id='word_1_24' title='bbox 441 643 575 710; x_wconf 77' lang='grc' dir='ltr'>πρὸς</span> <span class='ocrx_word' id='word_1_25' title='bbox 624 644 789 696; x_wconf 76' lang='grc' dir='ltr'>αὐτὸν</span> <span class='ocrx_word' id='word_1_26' title='bbox 818 643 1073 713; x_wconf 80' lang='grc' dir='ltr'>λέγομεν,</span> <span class='ocrx_word' id='word_1_27' title='bbox 1115 644 1212 697; x_wconf 76' lang='grc' dir='ltr'>καὶ</span> <span class='ocrx_word' id='word_1_28' title='bbox 1251 644 1319 696; x_wconf 75' lang='grc' dir='ltr'>τὰ</span> <span class='ocrx_word' id='word_1_29' title='bbox 1352 643 1524 710; x_wconf 75' lang='grc' dir='ltr'>στήθη</span> <span class='ocrx_word' id='word_1_30' title='bbox 1555 644 1671 702; x_wconf 85' lang='grc' dir='ltr'>τοῖς</span> <span class='ocrx_word' id='word_1_31' title='bbox 1716 641 1807 694; x_wconf 76' lang='grc' dir='ltr'><strong>δά-</strong></span> 
     </span>
    </p>
   </div>
   <div class='ocr_carea' id='block_1_7' title="bbox 214 732 1803 805">
    <p class='ocr_par' dir='ltr' id='par_1_7' title="bbox 214 732 1803 805">
     <span class='ocr_line' id='line_1_7' title="bbox 214 732 1803 805; baseline -0.001 -20"><span class='ocrx_word' id='word_1_32' title='bbox 214 752 386 802; x_wconf 76' lang='grc' dir='ltr'>κρυσι</span> <span class='ocrx_word' id='word_1_33' title='bbox 442 735 730 803; x_wconf 77' lang='grc' dir='ltr'>βρέχομεν,</span> <span class='ocrx_word' id='word_1_34' title='bbox 787 737 880 788; x_wconf 79' lang='grc' dir='ltr'>καὶ</span> <span class='ocrx_word' id='word_1_35' title='bbox 933 736 1034 805; x_wconf 84' lang='grc' dir='ltr'>τὴν</span> <span class='ocrx_word' id='word_1_36' title='bbox 1085 734 1313 803; x_wconf 82' lang='grc' dir='ltr'><strong>καρδίαν</strong></span> <span class='ocrx_word' id='word_1_37' title='bbox 1353 732 1803 799; x_wconf 83' lang='grc' dir='ltr'>κατακαιόμεοα,</span> 
     </span>
    </p>
   </div>
   <div class='ocr_carea' id='block_1_8' title="bbox 213 823 1807 896">
    <p class='ocr_par' dir='ltr' id='par_1_8' title="bbox 213 823 1807 896">
     <span class='ocr_line' id='line_1_8' title="bbox 213 823 1807 896; baseline -0.003 -18"><span class='ocrx_word' id='word_1_38' title='bbox 213 827 311 878; x_wconf 73' lang='grc' dir='ltr'>καὶ</span> <span class='ocrx_word' id='word_1_39' title='bbox 363 827 461 877; x_wconf 84' lang='grc' dir='ltr'>οὐκ</span> <span class='ocrx_word' id='word_1_40' title='bbox 492 826 607 877; x_wconf 77' lang='grc' dir='ltr'>ἔστι</span> <span class='ocrx_word' id='word_1_41' title='bbox 639 826 773 895; x_wconf 78' lang='grc' dir='ltr'>παρ’</span> <span class='ocrx_word' id='word_1_42' title='bbox 808 825 967 896; x_wconf 75' lang='grc' dir='ltr'>ἡμῶν</span> <span class='ocrx_word' id='word_1_43' title='bbox 1014 826 1140 879; x_wconf 82' lang='grc' dir='ltr'>τότε</span> <span class='ocrx_word' id='word_1_44' title='bbox 1195 825 1334 891; x_wconf 77' lang='grc' dir='ltr'>ἔρως</span> <span class='ocrx_word' id='word_1_45' title='bbox 1370 825 1610 891; x_wconf 78' lang='grc' dir='ltr'>πονηρὸς</span> <span class='ocrx_word' id='word_1_46' title='bbox 1639 862 1654 885; x_wconf 94' lang='grc'><strong>,</strong></span> <span class='ocrx_word' id='word_1_47' title='bbox 1686 823 1807 875; x_wconf 78' lang='grc' dir='ltr'>οὐδὲ</span> 
     </span>
    </p>
   </div>
   <div class='ocr_carea' id='block_1_9' title="bbox 214 912 1807 986">
    <p class='ocr_par' dir='ltr' id='par_1_9' title="bbox 214 912 1807 986">
     <span class='ocr_line' id='line_1_9' title="bbox 214 912 1807 986; baseline -0.004 -16"><span class='ocrx_word' id='word_1_48' title='bbox 214 919 519 985; x_wconf 72' lang='grc' dir='ltr'>χρημάτων</span> <span class='ocrx_word' id='word_1_49' title='bbox 554 918 776 984; x_wconf 74' lang='grc' dir='ltr'>φροντὶς</span> <span class='ocrx_word' id='word_1_50' title='bbox 800 955 815 979; x_wconf 91' lang='grc'><strong>,</strong></span> <span class='ocrx_word' id='word_1_51' title='bbox 868 917 989 969; x_wconf 77' lang='grc' dir='ltr'>οὐδὲ</span> <span class='ocrx_word' id='word_1_52' title='bbox 1036 916 1344 986; x_wconf 77' lang='grc' dir='ltr'><strong>βρωμάτων</strong></span> <span class='ocrx_word' id='word_1_53' title='bbox 1397 915 1657 984; x_wconf 78' lang='grc' dir='ltr'>μέριμνα.</span> <span class='ocrx_word' id='word_1_54' title='bbox 1691 912 1807 965; x_wconf 82' lang='grc' dir='ltr'>ἀλλ’</span> 
     </span>
    </p>
   </div>
   <div class='ocr_carea' id='block_1_10' title="bbox 213 1006 1804 1078">
    <p class='ocr_par' dir='ltr' id='par_1_10' title="bbox 213 1006 1804 1078">
     <span class='ocr_line' id='line_1_10' title="bbox 213 1006 1804 1078; baseline -0.003 -19"><span class='ocrx_word' id='word_1_55' title='bbox 213 1008 441 1075; x_wconf 72' lang='grc' dir='ltr'>ὁρῶμεν</span> <span class='ocrx_word' id='word_1_56' title='bbox 470 1007 531 1059; x_wconf 76' lang='grc' dir='ltr'><strong>τὺ</strong></span> <span class='ocrx_word' id='word_1_57' title='bbox 560 1009 706 1075; x_wconf 80' lang='grc' dir='ltr'><strong>μέγα</strong></span> <span class='ocrx_word' id='word_1_58' title='bbox 728 1009 822 1059; x_wconf 81' lang='grc' dir='ltr'>καὶ</span> <span class='ocrx_word' id='word_1_59' title='bbox 852 1007 1085 1078; x_wconf 74' lang='grc' dir='ltr'>φοϐερὸν</span> <span class='ocrx_word' id='word_1_60' title='bbox 1104 1007 1198 1059; x_wconf 83' lang='grc' dir='ltr'>τοῦ</span> <span class='ocrx_word' id='word_1_61' title='bbox 1223 1006 1458 1060; x_wconf 80' lang='grc' dir='ltr'>οανὰτου</span> <span class='ocrx_word' id='word_1_62' title='bbox 1487 1006 1804 1074; x_wconf 79' lang='grc' dir='ltr'>μυστήριον,</span> 
     </span>
    </p>
   </div>
   <div class='ocr_carea' id='block_1_11' title="bbox 215 1096 1809 1166">
    <p class='ocr_par' dir='ltr' id='par_1_11' title="bbox 215 1096 1809 1166">
     <span class='ocr_line' id='line_1_11' title="bbox 215 1096 1809 1166; baseline 0.001 -17"><span class='ocrx_word' id='word_1_63' title='bbox 215 1098 317 1150; x_wconf 78' lang='grc' dir='ltr'>καὶ</span> <span class='ocrx_word' id='word_1_64' title='bbox 340 1096 641 1166; x_wconf 77' lang='grc' dir='ltr'>τρέμομεν.</span> <span class='ocrx_word' id='word_1_65' title='bbox 679 1099 789 1150; x_wconf 76' lang='grc' dir='ltr'><strong>Καὶ</strong></span> <span class='ocrx_word' id='word_1_66' title='bbox 819 1099 919 1161; x_wconf 76' lang='grc' dir='ltr'>τὰς</span> <span class='ocrx_word' id='word_1_67' title='bbox 964 1098 1210 1164; x_wconf 74' lang='grc' dir='ltr'>κεφαλὰς</span> <span class='ocrx_word' id='word_1_68' title='bbox 1241 1097 1541 1158; x_wconf 74' lang='grc' dir='ltr'>κινοῦντες,</span> <span class='ocrx_word' id='word_1_69' title='bbox 1578 1098 1809 1152; x_wconf 76' lang='grc' dir='ltr'>ἑαυτοὺς</span> 
     </span>
    </p>
   </div>
   <div class='ocr_carea' id='block_1_12' title="bbox 215 1188 1808 1259">
    <p class='ocr_par' dir='ltr' id='par_1_12' title="bbox 215 1188 1808 1259">
     <span class='ocr_line' id='line_1_12' title="bbox 215 1188 1808 1259; baseline -0.001 -18"><span class='ocrx_word' id='word_1_70' title='bbox 215 1189 589 1258; x_wconf 73' lang='grc' dir='ltr'>ταλανίζομεν</span> <span class='ocrx_word' id='word_1_71' title='bbox 614 1204 627 1216; x_wconf 90' lang='grc'><strong>·</strong></span> <span class='ocrx_word' id='word_1_72' title='bbox 658 1190 794 1241; x_wconf 72' lang='grc' dir='ltr'>υύαὶ</span> <span class='ocrx_word' id='word_1_73' title='bbox 824 1191 959 1259; x_wconf 86' lang='grc' dir='ltr'><strong>ἡμῖν</strong></span> <span class='ocrx_word' id='word_1_74' title='bbox 991 1190 1209 1255; x_wconf 78' lang='grc' dir='ltr'>γέγονε,</span> <span class='ocrx_word' id='word_1_75' title='bbox 1238 1191 1318 1251; x_wconf 87' lang='grc' dir='ltr'><strong>εἰς</strong></span> <span class='ocrx_word' id='word_1_76' title='bbox 1363 1191 1496 1241; x_wconf 82' lang='grc' dir='ltr'>ποῖα</span> <span class='ocrx_word' id='word_1_77' title='bbox 1545 1189 1688 1241; x_wconf 72' lang='grc' dir='ltr'>κακὰ</span> <span class='ocrx_word' id='word_1_78' title='bbox 1720 1188 1808 1239; x_wconf 78' lang='grc' dir='ltr'><strong>διὰ</strong></span> 
     </span>
    </p>
   </div>
   <div class='ocr_carea' id='block_1_13' title="bbox 214 1279 1802 1350">
    <p class='ocr_par' dir='ltr' id='par_1_13' title="bbox 214 1279 1802 1350">
     <span class='ocr_line' id='line_1_13' title="bbox 214 1279 1802 1350; baseline -0.001 -17"><span class='ocrx_word' id='word_1_79' title='bbox 214 1282 320 1345; x_wconf 83' lang='grc' dir='ltr'><strong>τὴν</strong></span> <span class='ocrx_word' id='word_1_80' title='bbox 353 1280 640 1349; x_wconf 77' lang='grc' dir='ltr'>παρακοὴν</span> <span class='ocrx_word' id='word_1_81' title='bbox 673 1282 831 1350; x_wconf 82' lang='grc' dir='ltr'>ἡμῶν</span> <span class='ocrx_word' id='word_1_82' title='bbox 857 1281 1225 1348; x_wconf 74' lang='grc' dir='ltr'>ἐνεπέσαμενι</span> <span class='ocrx_word' id='word_1_83' title='bbox 1258 1283 1339 1341; x_wconf 84' lang='grc' dir='ltr'><strong>είς</strong></span> <span class='ocrx_word' id='word_1_84' title='bbox 1369 1280 1532 1331; x_wconf 69' lang='grc' dir='ltr'>ποίας</span> <span class='ocrx_word' id='word_1_85' title='bbox 1565 1279 1802 1348; x_wconf 64' lang='grc' dir='ltr'>θλίψειςξι</span> 
     </span>
    </p>
   </div>
   <div class='ocr_carea' id='block_1_14' title="bbox 215 1367 1806 1440">
    <p class='ocr_par' dir='ltr' id='par_1_14' title="bbox 215 1367 1806 1440">
     <span class='ocr_line' id='line_1_14' title="bbox 215 1367 1806 1440; baseline -0.003 -17"><span class='ocrx_word' id='word_1_86' title='bbox 215 1371 266 1423; x_wconf 82' lang='grc' dir='ltr'><strong>ὣ</strong></span> <span class='ocrx_word' id='word_1_87' title='bbox 302 1371 418 1439; x_wconf 84' lang='grc' dir='ltr'>βίος</span> <span class='ocrx_word' id='word_1_88' title='bbox 452 1371 794 1440; x_wconf 86' lang='grc' dir='ltr'>ταλαίπωρος</span> <span class='ocrx_word' id='word_1_89' title='bbox 823 1371 835 1423; x_wconf 89' lang='grc' dir='ltr'><strong>ι</strong></span> <span class='ocrx_word' id='word_1_90' title='bbox 864 1370 941 1438; x_wconf 82' lang='grc' dir='ltr'><strong>Γῆ</strong></span> <span class='ocrx_word' id='word_1_91' title='bbox 987 1367 1057 1432; x_wconf 77' lang='grc' dir='ltr'>εἷ,</span> <span class='ocrx_word' id='word_1_92' title='bbox 1102 1372 1196 1423; x_wconf 71' lang='grc' dir='ltr'>καὶ</span> <span class='ocrx_word' id='word_1_93' title='bbox 1238 1371 1319 1432; x_wconf 88' lang='grc' dir='ltr'><strong>εἰς</strong></span> <span class='ocrx_word' id='word_1_94' title='bbox 1352 1368 1458 1437; x_wconf 81' lang='grc' dir='ltr'><strong>γῆν</strong></span> <span class='ocrx_word' id='word_1_95' title='bbox 1490 1369 1806 1421; x_wconf 83' lang='grc' dir='ltr'>ἁπελεύσει.</span> 
     </span>
    </p>
   </div>
   <div class='ocr_carea' id='block_1_15' title="bbox 220 1461 1810 1532">
    <p class='ocr_par' dir='ltr' id='par_1_15' title="bbox 220 1461 1810 1532">
     <span class='ocr_line' id='line_1_15' title="bbox 220 1461 1810 1532; baseline 0 -19"><span class='ocrx_word' id='word_1_96' title='bbox 220 1463 290 1513; x_wconf 81' lang='grc' dir='ltr'><em>Ὃ</em></span> <span class='ocrx_word' id='word_1_97' title='bbox 316 1461 626 1531; x_wconf 80' lang='grc' dir='ltr'>πικροτάτη</span> <span class='ocrx_word' id='word_1_98' title='bbox 670 1464 969 1531; x_wconf 80' lang='grc' dir='ltr'>ἀπόφασις,</span> <span class='ocrx_word' id='word_1_99' title='bbox 1003 1466 1069 1531; x_wconf 74' lang='grc' dir='ltr'>ἣν</span> <span class='ocrx_word' id='word_1_100' title='bbox 1108 1464 1283 1526; x_wconf 73' lang='grc' dir='ltr'>οὐδεὶς</span> <span class='ocrx_word' id='word_1_101' title='bbox 1316 1462 1540 1515; x_wconf 89' lang='grc' dir='ltr'>δύναται</span> <span class='ocrx_word' id='word_1_102' title='bbox 1572 1461 1810 1532; x_wconf 81' lang='grc' dir='ltr'>διαδρᾶ-</span> 
     </span>
    </p>
   </div>
   <div class='ocr_carea' id='block_1_16' title="bbox 221 1556 1808 1626">
    <p class='ocr_par' dir='ltr' id='par_1_16' title="bbox 221 1556 1808 1626">
     <span class='ocr_line' id='line_1_16' title="bbox 221 1556 1808 1626; baseline 0 -18"><span class='ocrx_word' id='word_1_103' title='bbox 221 1574 340 1612; x_wconf 90' lang='grc' dir='ltr'>ναι.</span> <span class='ocrx_word' id='word_1_104' title='bbox 375 1557 510 1608; x_wconf 69' lang='lat' dir='ltr'><strong>Tm</strong></span> <span class='ocrx_word' id='word_1_105' title='bbox 546 1556 574 1607; x_wconf 77' lang='grc'>6</span> <span class='ocrx_word' id='word_1_106' title='bbox 625 1556 1105 1626; x_wconf 83' lang='grc' dir='ltr'>προπορευόμενος</span> <span class='ocrx_word' id='word_1_107' title='bbox 1140 1559 1310 1610; x_wconf 79' lang='grc' dir='ltr'>πᾶσιν</span> <span class='ocrx_word' id='word_1_108' title='bbox 1351 1558 1490 1626; x_wconf 77' lang='grc' dir='ltr'><strong>ἡμῖν</strong></span> <span class='ocrx_word' id='word_1_109' title='bbox 1522 1572 1808 1608; x_wconf 85' lang='grc' dir='ltr'>κατασπα-</span> 
     </span>
    </p>
   </div>
   <div class='ocr_carea' id='block_1_17' title="bbox 219 1645 1808 1717">
    <p class='ocr_par' dir='ltr' id='par_1_17' title="bbox 219 1645 1808 1717">
     <span class='ocr_line' id='line_1_17' title="bbox 219 1645 1808 1717; baseline -0.001 -19"><span class='ocrx_word' id='word_1_110' title='bbox 219 1647 453 1715; x_wconf 72' lang='grc' dir='ltr'>ζᾶμενος</span> <span class='ocrx_word' id='word_1_111' title='bbox 481 1646 629 1712; x_wconf 76' lang='grc' dir='ltr'>λέγει</span> <span class='ocrx_word' id='word_1_112' title='bbox 651 1664 664 1678; x_wconf 79' lang='grc' dir='ltr'><strong>ο</strong></span> <span class='ocrx_word' id='word_1_113' title='bbox 707 1647 1013 1717; x_wconf 70' lang='grc' dir='ltr'>Ἔρρωσθε,</span> <span class='ocrx_word' id='word_1_114' title='bbox 1039 1646 1260 1714; x_wconf 73' lang='grc' dir='ltr'>ἀδελφοί</span> <span class='ocrx_word' id='word_1_115' title='bbox 1292 1664 1394 1716; x_wconf 91' lang='grc' dir='ltr'><strong>μου</strong></span> <span class='ocrx_word' id='word_1_116' title='bbox 1424 1646 1602 1708; x_wconf 76' lang='grc' dir='ltr'>καλοὶ,</span> <span class='ocrx_word' id='word_1_117' title='bbox 1633 1645 1808 1716; x_wconf 70' lang='grc' dir='ltr'><strong>ἒρρωο</strong></span> 
     </span>
    </p>
   </div>
   <div class='ocr_carea' id='block_1_18' title="bbox 220 1736 1807 1810">
    <p class='ocr_par' dir='ltr' id='par_1_18' title="bbox 220 1736 1807 1810">
     <span class='ocr_line' id='line_1_18' title="bbox 220 1736 1807 1810; baseline 0.001 -22"><span class='ocrx_word' id='word_1_118' title='bbox 220 1738 340 1797; x_wconf 77' lang='grc' dir='ltr'>σοε,</span> <span class='ocrx_word' id='word_1_119' title='bbox 377 1738 471 1789; x_wconf 75' lang='grc' dir='ltr'>καὶ</span> <span class='ocrx_word' id='word_1_120' title='bbox 501 1738 641 1807; x_wconf 80' lang='grc' dir='ltr'>ὑπὲρ</span> <span class='ocrx_word' id='word_1_121' title='bbox 670 1738 806 1807; x_wconf 75' lang='grc' dir='ltr'>ἐμοῦ</span> <span class='ocrx_word' id='word_1_122' title='bbox 840 1742 904 1808; x_wconf 86' lang='grc' dir='ltr'>τῇ</span> <span class='ocrx_word' id='word_1_123' title='bbox 938 1738 1059 1809; x_wconf 74' lang='grc' dir='ltr'>ὥρα</span> <span class='ocrx_word' id='word_1_124' title='bbox 1093 1738 1276 1810; x_wconf 83' lang='grc' dir='ltr'>ταύτῃ</span> <span class='ocrx_word' id='word_1_125' title='bbox 1306 1737 1541 1800; x_wconf 73' lang='grc' dir='ltr'>ἐκτενῶς</span> <span class='ocrx_word' id='word_1_126' title='bbox 1568 1736 1807 1808; x_wconf 85' lang='grc' dir='ltr'>προσεύ-</span> 
     </span>
    </p>
   </div>
   <div class='ocr_carea' id='block_1_19' title="bbox 218 1825 1807 1899">
    <p class='ocr_par' dir='ltr' id='par_1_19' title="bbox 218 1825 1807 1899">
     <span class='ocr_line' id='line_1_19' title="bbox 218 1825 1807 1899; baseline 0.001 -21"><span class='ocrx_word' id='word_1_127' title='bbox 218 1825 377 1890; x_wconf 83' lang='grc' dir='ltr'>ξαοε.</span> <span class='ocrx_word' id='word_1_128' title='bbox 418 1828 511 1889; x_wconf 80' lang='grc' dir='ltr'>Εἰς</span> <span class='ocrx_word' id='word_1_129' title='bbox 543 1827 662 1879; x_wconf 75' lang='grc' dir='ltr'>ὁδὸν</span> <span class='ocrx_word' id='word_1_130' title='bbox 694 1827 790 1881; x_wconf 76' lang='grc' dir='ltr'>νῦν</span> <span class='ocrx_word' id='word_1_131' title='bbox 841 1830 1062 1899; x_wconf 69' lang='grc' dir='ltr'>μακρὰν</span> <span class='ocrx_word' id='word_1_132' title='bbox 1093 1828 1421 1898; x_wconf 87' lang='grc' dir='ltr'>πορεύομαι,</span> <span class='ocrx_word' id='word_1_133' title='bbox 1453 1830 1521 1898; x_wconf 83' lang='grc' dir='ltr'>ἢν</span> <span class='ocrx_word' id='word_1_134' title='bbox 1550 1828 1807 1881; x_wconf 82' lang='grc' dir='ltr'>οὐδέποτε</span> 
     </span>
    </p>
   </div>
   <div class='ocr_carea' id='block_1_20' title="bbox 216 1917 1809 1990">
    <p class='ocr_par' dir='ltr' id='par_1_20' title="bbox 216 1917 1809 1990">
     <span class='ocr_line' id='line_1_20' title="bbox 216 1917 1809 1990; baseline 0.001 -22"><span class='ocrx_word' id='word_1_135' title='bbox 216 1917 392 1980; x_wconf 74' lang='grc' dir='ltr'>ὖντως</span> <span class='ocrx_word' id='word_1_136' title='bbox 422 1919 672 1983; x_wconf 75' lang='grc' dir='ltr'>ὲϐἀδισα,</span> <span class='ocrx_word' id='word_1_137' title='bbox 704 1920 799 1972; x_wconf 78' lang='grc' dir='ltr'>καὶ</span> <span class='ocrx_word' id='word_1_138' title='bbox 829 1922 909 1983; x_wconf 81' lang='grc' dir='ltr'><strong>εἰς</strong></span> <span class='ocrx_word' id='word_1_139' title='bbox 947 1919 1134 1989; x_wconf 85' lang='grc' dir='ltr'>χώραν</span> <span class='ocrx_word' id='word_1_140' title='bbox 1166 1921 1347 1990; x_wconf 77' lang='grc' dir='ltr'>ξένην,</span> <span class='ocrx_word' id='word_1_141' title='bbox 1392 1922 1528 1973; x_wconf 84' lang='grc' dir='ltr'>ὅπου</span> <span class='ocrx_word' id='word_1_142' title='bbox 1576 1919 1752 1982; x_wconf 73' lang='grc' dir='ltr'>οὐδεὶς</span> <span class='ocrx_word' id='word_1_143' title='bbox 1780 1920 1809 1970; x_wconf 85' lang='grc' dir='ltr'>ὁ</span> 
     </span>
    </p>
   </div>
   <div class='ocr_carea' id='block_1_21' title="bbox 216 2010 1810 2082">
    <p class='ocr_par' dir='ltr' id='par_1_21' title="bbox 216 2010 1810 2082">
     <span class='ocr_line' id='line_1_21' title="bbox 216 2010 1810 2082; baseline 0.001 -21"><span class='ocrx_word' id='word_1_144' title='bbox 216 2010 511 2079; x_wconf 73' lang='grc' dir='ltr'><strong>γνωρίζων</strong></span> <span class='ocrx_word' id='word_1_145' title='bbox 544 2028 611 2082; x_wconf 88' lang='grc' dir='ltr'><strong>με</strong></span> <span class='ocrx_word' id='word_1_146' title='bbox 648 2028 660 2041; x_wconf 82' lang='grc'><em>’</em></span> <span class='ocrx_word' id='word_1_147' title='bbox 697 2012 792 2064; x_wconf 77' lang='grc' dir='ltr'><strong>καὶ</strong></span> <span class='ocrx_word' id='word_1_148' title='bbox 830 2013 909 2074; x_wconf 88' lang='grc' dir='ltr'>εἱς</span> <span class='ocrx_word' id='word_1_149' title='bbox 939 2012 1146 2082; x_wconf 84' lang='grc' dir='ltr'>κόσμον</span> <span class='ocrx_word' id='word_1_150' title='bbox 1192 2012 1445 2081; x_wconf 80' lang='grc' dir='ltr'>φοϐερὸν,</span> <span class='ocrx_word' id='word_1_151' title='bbox 1477 2011 1601 2064; x_wconf 78' lang='grc' dir='ltr'>ὅθεν</span> <span class='ocrx_word' id='word_1_152' title='bbox 1636 2012 1810 2074; x_wconf 78' lang='grc' dir='ltr'>οὐδεὶς</span> 
     </span>
    </p>
   </div>
   <div class='ocr_carea' id='block_1_22' title="bbox 215 2100 1808 2171">
    <p class='ocr_par' dir='ltr' id='par_1_22' title="bbox 215 2100 1808 2171">
     <span class='ocr_line' id='line_1_22' title="bbox 215 2100 1808 2171; baseline -0.001 -18"><span class='ocrx_word' id='word_1_153' title='bbox 215 2100 557 2155; x_wconf 78' lang='grc' dir='ltr'>ὲπανέλυσεν</span> <span class='ocrx_word' id='word_1_154' title='bbox 594 2117 609 2131; x_wconf 74' lang='grc' dir='ltr'><strong>ο</strong></span> <span class='ocrx_word' id='word_1_155' title='bbox 647 2104 744 2155; x_wconf 81' lang='grc' dir='ltr'>καὶ</span> <span class='ocrx_word' id='word_1_156' title='bbox 793 2102 873 2164; x_wconf 81' lang='grc' dir='ltr'><strong>είς</strong></span> <span class='ocrx_word' id='word_1_157' title='bbox 907 2102 1008 2171; x_wconf 81' lang='grc' dir='ltr'>τὴν</span> <span class='ocrx_word' id='word_1_158' title='bbox 1044 2104 1328 2169; x_wconf 83' lang='grc' dir='ltr'>σκοτεινὴν</span> <span class='ocrx_word' id='word_1_159' title='bbox 1360 2101 1497 2169; x_wconf 74' lang='lat'><strong>(9.8),</strong></span> <span class='ocrx_word' id='word_1_160' title='bbox 1525 2102 1659 2153; x_wconf 86' lang='grc' dir='ltr'>ὅπου</span> <span class='ocrx_word' id='word_1_161' title='bbox 1705 2102 1808 2153; x_wconf 74' lang='grc' dir='ltr'><strong>οὐκ</strong></span> 
     </span>
    </p>
   </div>
   <div class='ocr_carea' id='block_1_23' title="bbox 213 2184 1809 2263">
    <p class='ocr_par' dir='ltr' id='par_1_23' title="bbox 213 2184 1809 2263">
     <span class='ocr_line' id='line_1_23' title="bbox 213 2184 1809 2263; baseline -0.001 -19"><span class='ocrx_word' id='word_1_162' title='bbox 213 2184 360 2255; x_wconf 74' lang='grc' dir='ltr'>οἶδα,</span> <span class='ocrx_word' id='word_1_163' title='bbox 403 2192 458 2245; x_wconf 88' lang='grc' dir='ltr'><strong>τί</strong></span> <span class='ocrx_word' id='word_1_164' title='bbox 500 2191 809 2263; x_wconf 74' lang='grc' dir='ltr'><strong>ἀπαντήσει</strong></span> <span class='ocrx_word' id='word_1_165' title='bbox 847 2208 974 2263; x_wconf 86' lang='grc' dir='ltr'>μοι·</span> <span class='ocrx_word' id='word_1_166' title='bbox 1034 2195 1130 2247; x_wconf 76' lang='grc' dir='ltr'>καὶ</span> <span class='ocrx_word' id='word_1_167' title='bbox 1168 2193 1252 2255; x_wconf 86' lang='grc' dir='ltr'><strong>είς</strong></span> <span class='ocrx_word' id='word_1_168' title='bbox 1282 2191 1419 2261; x_wconf 80' lang='grc' dir='ltr'>ᾇδην</span> <span class='ocrx_word' id='word_1_169' title='bbox 1446 2191 1649 2262; x_wconf 77' lang='grc' dir='ltr'>βαθὺν,</span> <span class='ocrx_word' id='word_1_170' title='bbox 1683 2191 1809 2244; x_wconf 79' lang='grc' dir='ltr'>ὅθεν</span> 
     </span>
    </p>
   </div>
   <div class='ocr_carea' id='block_1_24' title="bbox 214 2283 810 2354">
    <p class='ocr_par' dir='ltr' id='par_1_24' title="bbox 214 2283 810 2354">
     <span class='ocr_line' id='line_1_24' title="bbox 214 2283 810 2354; baseline 0.005 -18"><span class='ocrx_word' id='word_1_171' title='bbox 214 2284 397 2347; x_wconf 77' lang='grc' dir='ltr'>ούδεὶς</span> <span class='ocrx_word' id='word_1_172' title='bbox 454 2283 810 2354; x_wconf 79' lang='grc' dir='ltr'>ἀνελήλυοεν.</span> 
     </span>
    </p>
   </div>
   <div class='ocr_carea' id='block_1_25' title="bbox 287 2375 1809 2447">
    <p class='ocr_par' dir='ltr' id='par_1_25' title="bbox 287 2375 1809 2447">
     <span class='ocr_line' id='line_1_25' title="bbox 287 2375 1809 2447; baseline 0.001 -20"><span class='ocrx_word' id='word_1_173' title='bbox 287 2375 498 2427; x_wconf 69' lang='grc' dir='ltr'>Λοιπὸν</span> <span class='ocrx_word' id='word_1_174' title='bbox 555 2376 838 2439; x_wconf 74' lang='grc' dir='ltr'>σώζεσθε,</span> <span class='ocrx_word' id='word_1_175' title='bbox 898 2376 1121 2444; x_wconf 72' lang='grc' dir='ltr'>ἀδελφοί</span> <span class='ocrx_word' id='word_1_176' title='bbox 1187 2394 1287 2447; x_wconf 88' lang='grc' dir='ltr'><strong>μου</strong></span> <span class='ocrx_word' id='word_1_177' title='bbox 1356 2377 1657 2446; x_wconf 70' lang='grc' dir='ltr'>αγαπητοὶ,</span> <span class='ocrx_word' id='word_1_178' title='bbox 1708 2375 1809 2429; x_wconf 78' lang='grc' dir='ltr'><strong>σώο</strong></span> 
     </span>
    </p>
   </div>
   <div class='ocr_carea' id='block_1_26' title="bbox 214 2460 1804 2537">
    <p class='ocr_par' dir='ltr' id='par_1_26' title="bbox 214 2460 1804 2537">
     <span class='ocr_line' id='line_1_26' title="bbox 214 2460 1804 2537; baseline 0.001 -17"><span class='ocrx_word' id='word_1_179' title='bbox 214 2460 404 2530; x_wconf 75' lang='grc' dir='ltr'>ζεσοε.</span> <span class='ocrx_word' id='word_1_180' title='bbox 457 2467 625 2537; x_wconf 78' lang='grc' dir='ltr'><strong>Ἐμοῦ</strong></span> <span class='ocrx_word' id='word_1_181' title='bbox 656 2468 763 2537; x_wconf 81' lang='grc' dir='ltr'><strong>γὰρ</strong></span> <span class='ocrx_word' id='word_1_182' title='bbox 799 2466 891 2519; x_wconf 83' lang='grc' dir='ltr'>τοῦ</span> <span class='ocrx_word' id='word_1_183' title='bbox 922 2467 1109 2520; x_wconf 90' lang='grc' dir='ltr'>λοιποῦ</span> <span class='ocrx_word' id='word_1_184' title='bbox 1144 2469 1331 2522; x_wconf 80' lang='grc' dir='ltr'>οὐκέτι</span> <span class='ocrx_word' id='word_1_185' title='bbox 1363 2469 1514 2522; x_wconf 77' lang='grc' dir='ltr'>ἐστὶν</span> <span class='ocrx_word' id='word_1_186' title='bbox 1554 2468 1804 2534; x_wconf 73' lang='grc' dir='ltr'>ἁδελφός.</span> 
     </span>
    </p>
   </div>
   <div class='ocr_carea' id='block_1_27' title="bbox 213 2556 1805 2628">
    <p class='ocr_par' dir='ltr' id='par_1_27' title="bbox 213 2556 1805 2628">
     <span class='ocr_line' id='line_1_27' title="bbox 213 2556 1805 2628; baseline 0.001 -17"><span class='ocrx_word' id='word_1_187' title='bbox 213 2558 493 2621; x_wconf 78' lang='grc' dir='ltr'>ΣώζεσΟε,</span> <span class='ocrx_word' id='word_1_188' title='bbox 534 2558 699 2625; x_wconf 81' lang='grc' dir='ltr'>φίλοι·</span> <span class='ocrx_word' id='word_1_189' title='bbox 747 2559 860 2627; x_wconf 78' lang='grc' dir='ltr'><strong>ἐγὼ</strong></span> <span class='ocrx_word' id='word_1_190' title='bbox 883 2559 990 2628; x_wconf 71' lang='grc' dir='ltr'><strong>γὰρ</strong></span> <span class='ocrx_word' id='word_1_191' title='bbox 1025 2559 1210 2611; x_wconf 80' lang='grc' dir='ltr'>οὐκέτι</span> <span class='ocrx_word' id='word_1_192' title='bbox 1244 2558 1422 2625; x_wconf 83' lang='grc' dir='ltr'>φίλος,</span> <span class='ocrx_word' id='word_1_193' title='bbox 1462 2558 1597 2611; x_wconf 70' lang='grc' dir='ltr'>ἀλλὰ</span> <span class='ocrx_word' id='word_1_194' title='bbox 1633 2556 1805 2622; x_wconf 71' lang='grc' dir='ltr'>ξένος.</span> 
     </span>
    </p>
   </div>
   <div class='ocr_carea' id='block_1_28' title="bbox 213 2647 1808 2719">
    <p class='ocr_par' dir='ltr' id='par_1_28' title="bbox 213 2647 1808 2719">
     <span class='ocr_line' id='line_1_28' title="bbox 213 2647 1808 2719; baseline 0.001 -19"><span class='ocrx_word' id='word_1_195' title='bbox 213 2647 405 2711; x_wconf 76' lang='grc' dir='ltr'>Σώζου</span> <span class='ocrx_word' id='word_1_196' title='bbox 454 2651 487 2719; x_wconf 85' lang='grc' dir='ltr'>ἡ</span> <span class='ocrx_word' id='word_1_197' title='bbox 535 2648 673 2719; x_wconf 81' lang='grc' dir='ltr'>καλὴ</span> <span class='ocrx_word' id='word_1_198' title='bbox 707 2650 943 2718; x_wconf 79' lang='grc' dir='ltr'>συνῳδία</span> <span class='ocrx_word' id='word_1_199' title='bbox 974 2650 1109 2719; x_wconf 75' lang='lat'><strong>(9.9),</strong></span> <span class='ocrx_word' id='word_1_200' title='bbox 1157 2649 1276 2703; x_wconf 83' lang='grc' dir='ltr'>ἀλλ’</span> <span class='ocrx_word' id='word_1_201' title='bbox 1324 2650 1509 2702; x_wconf 83' lang='grc' dir='ltr'>οὐκέτι</span> <span class='ocrx_word' id='word_1_202' title='bbox 1553 2650 1808 2719; x_wconf 80' lang='grc' dir='ltr'>συνῳδία,</span> 
     </span>
    </p>
   </div>
   <div class='ocr_carea' id='block_1_29' title="bbox 211 2740 1808 2810">
    <p class='ocr_par' dir='ltr' id='par_1_29' title="bbox 211 2740 1808 2810">
     <span class='ocr_line' id='line_1_29' title="bbox 211 2740 1808 2810; baseline -0.001 -17"><span class='ocrx_word' id='word_1_203' title='bbox 211 2740 358 2793; x_wconf 68' lang='grc' dir='ltr'>ἀλλὰ</span> <span class='ocrx_word' id='word_1_204' title='bbox 416 2740 716 2810; x_wconf 72' lang='grc' dir='ltr'><strong>θρηνῳδία.</strong></span> <span class='ocrx_word' id='word_1_205' title='bbox 773 2740 1041 2805; x_wconf 65' lang='grc' dir='ltr'>Σώςεσοε,</span> <span class='ocrx_word' id='word_1_206' title='bbox 1094 2740 1145 2792; x_wconf 80' lang='grc' dir='ltr'>οἱ</span> <span class='ocrx_word' id='word_1_207' title='bbox 1202 2744 1524 2809; x_wconf 80' lang='grc' dir='ltr'>συγγενεῖς,</span> <span class='ocrx_word' id='word_1_208' title='bbox 1567 2741 1663 2793; x_wconf 82' lang='grc' dir='ltr'>νῦν</span> <span class='ocrx_word' id='word_1_209' title='bbox 1711 2741 1808 2794; x_wconf 80' lang='grc' dir='ltr'><strong>ἀλ-</strong></span> 
     </span>
    </p>
   </div>
   <div class='ocr_carea' id='block_1_30' title="bbox 212 2832 1809 2903">
    <p class='ocr_par' dir='ltr' id='par_1_30' title="bbox 212 2832 1809 2903">
     <span class='ocr_line' id='line_1_30' title="bbox 212 2832 1809 2903; baseline 0.003 -20"><span class='ocrx_word' id='word_1_210' title='bbox 212 2832 481 2898; x_wconf 78' lang='grc' dir='ltr'>λογενεῖς.</span> <span class='ocrx_word' id='word_1_211' title='bbox 545 2832 851 2903; x_wconf 75' lang='grc' dir='ltr'>Ἔρρωσθε·</span> <span class='ocrx_word' id='word_1_212' title='bbox 916 2832 1135 2903; x_wconf 71' lang='grc' dir='ltr'>μικρὸν,</span> <span class='ocrx_word' id='word_1_213' title='bbox 1210 2834 1303 2885; x_wconf 83' lang='grc' dir='ltr'>καὶ</span> <span class='ocrx_word' id='word_1_214' title='bbox 1364 2833 1517 2885; x_wconf 82' lang='grc' dir='ltr'>δεῦτε</span> <span class='ocrx_word' id='word_1_215' title='bbox 1570 2834 1809 2887; x_wconf 73' lang='grc' dir='ltr'>καταλάσ</span> 
     </span>
    </p>
   </div>
   <div class='ocr_carea' id='block_1_31' title="bbox 214 2924 1810 2994">
    <p class='ocr_par' dir='ltr' id='par_1_31' title="bbox 214 2924 1810 2994">
     <span class='ocr_line' id='line_1_31' title="bbox 214 2924 1810 2994; baseline 0.002 -20"><span class='ocrx_word' id='word_1_216' title='bbox 214 2925 343 2975; x_wconf 74' lang='grc' dir='ltr'>εετε</span> <span class='ocrx_word' id='word_1_217' title='bbox 416 2924 550 2987; x_wconf 76' lang='grc'>(50).</span> <span class='ocrx_word' id='word_1_218' title='bbox 618 2924 989 2993; x_wconf 82' lang='grc' dir='ltr'>’Λναμὲνομεν</span> <span class='ocrx_word' id='word_1_219' title='bbox 1033 2924 1218 2993; x_wconf 81' lang='grc' dir='ltr'>ὑμᾶς,</span> <span class='ocrx_word' id='word_1_220' title='bbox 1288 2925 1375 2977; x_wconf 77' lang='grc' dir='ltr'>ἵνα</span> <span class='ocrx_word' id='word_1_221' title='bbox 1432 2925 1623 2992; x_wconf 80' lang='grc' dir='ltr'>ἒλοητε</span> <span class='ocrx_word' id='word_1_222' title='bbox 1672 2924 1810 2994; x_wconf 67' lang='grc' dir='ltr'>πρὸς</span> 
     </span>
    </p>
   </div>
   <div class='ocr_carea' id='block_1_32' title="bbox 212 3013 1813 3084">
    <p class='ocr_par' dir='ltr' id='par_1_32' title="bbox 212 3013 1813 3084">
     <span class='ocr_line' id='line_1_32' title="bbox 212 3013 1813 3084; baseline 0 -19"><span class='ocrx_word' id='word_1_223' title='bbox 212 3016 390 3083; x_wconf 72' lang='grc' dir='ltr'>ἡμᾶς.</span> <span class='ocrx_word' id='word_1_224' title='bbox 453 3013 643 3082; x_wconf 80' lang='grc' dir='ltr'><strong>Ἡμεῖς</strong></span> <span class='ocrx_word' id='word_1_225' title='bbox 690 3014 796 3083; x_wconf 75' lang='grc' dir='ltr'><strong>γὰρ</strong></span> <span class='ocrx_word' id='word_1_226' title='bbox 827 3013 1010 3066; x_wconf 82' lang='grc' dir='ltr'>ούκὲτι</span> <span class='ocrx_word' id='word_1_227' title='bbox 1056 3014 1335 3084; x_wconf 81' lang='grc' dir='ltr'>ἐρχόμεοα</span> <span class='ocrx_word' id='word_1_228' title='bbox 1382 3015 1520 3083; x_wconf 88' lang='grc' dir='ltr'>πρὸς</span> <span class='ocrx_word' id='word_1_229' title='bbox 1560 3013 1725 3083; x_wconf 80' lang='grc' dir='ltr'>ὑμᾶς,</span> <span class='ocrx_word' id='word_1_230' title='bbox 1757 3014 1813 3067; x_wconf 82' lang='grc' dir='ltr'><strong>εἰ</strong></span> 
     </span>
    </p>
   </div>
   <div class='ocr_carea' id='block_1_33' title="bbox 212 3104 1807 3176">
    <p class='ocr_par' dir='ltr' id='par_1_33' title="bbox 212 3104 1807 3176">
     <span class='ocr_line' id='line_1_33' title="bbox 212 3104 1807 3176; baseline 0.001 -22"><span class='ocrx_word' id='word_1_231' title='bbox 212 3120 269 3156; x_wconf 91' lang='grc' dir='ltr'><strong>τι</strong></span> <span class='ocrx_word' id='word_1_232' title='bbox 307 3104 676 3173; x_wconf 72' lang='grc' dir='ltr'><strong>ἑωράκαμεν,</strong></span> <span class='ocrx_word' id='word_1_233' title='bbox 714 3104 1077 3173; x_wconf 76' lang='grc' dir='ltr'><strong>ἑωράκαμεν,</strong></span> <span class='ocrx_word' id='word_1_234' title='bbox 1125 3105 1220 3156; x_wconf 66' lang='grc' dir='ltr'><strong>κα)⁵</strong></span> <span class='ocrx_word' id='word_1_235' title='bbox 1268 3105 1321 3157; x_wconf 83' lang='grc' dir='ltr'>εῐ</span> <span class='ocrx_word' id='word_1_236' title='bbox 1352 3120 1405 3156; x_wconf 87' lang='grc' dir='ltr'><strong>τι</strong></span> <span class='ocrx_word' id='word_1_237' title='bbox 1452 3104 1768 3176; x_wconf 68' lang='grc' dir='ltr'>ἐπράξαμεν</span> <span class='ocrx_word' id='word_1_238' title='bbox 1792 3144 1807 3166; x_wconf 91' lang='grc'><strong>,</strong></span> 
     </span>
    </p>
   </div>
   <div class='ocr_carea' id='block_1_34' title="bbox 1909 646 3481 715">
    <p class='ocr_par' dir='ltr' id='par_1_34' title="bbox 1909 646 3481 715">
     <span class='ocr_line' id='line_1_34' title="bbox 1909 646 3481 715; baseline 0.001 -17"><span class='ocrx_word' id='word_1_239' title='bbox 1909 646 2167 712; x_wconf 80' lang='lat' dir='ltr'><strong>laerymis</strong></span> <span class='ocrx_word' id='word_1_240' title='bbox 2199 646 2682 710; x_wconf 79' lang='lat' dir='ltr'><strong>madefaeimus,et</strong></span> <span class='ocrx_word' id='word_1_241' title='bbox 2710 648 2869 703; x_wconf 98' lang='lat' dir='ltr'><strong>ardet</strong></span> <span class='ocrx_word' id='word_1_242' title='bbox 2888 662 2985 702; x_wconf 93' lang='lat' dir='ltr'><strong>cor</strong></span> <span class='ocrx_word' id='word_1_243' title='bbox 3004 659 3277 702; x_wconf 89' lang='lat' dir='ltr'><strong>nostrum.</strong></span> <span class='ocrx_word' id='word_1_244' title='bbox 3302 663 3481 715; x_wconf 68' lang='lat' dir='ltr'><strong>neque</strong></span> 
     </span>
    </p>
   </div>
   <div class='ocr_carea' id='block_1_35' title="bbox 1913 737 3480 807">
    <p class='ocr_par' dir='ltr' id='par_1_35' title="bbox 1913 737 3480 807">
     <span class='ocr_line' id='line_1_35' title="bbox 1913 737 3480 807; baseline 0.001 -18"><span class='ocrx_word' id='word_1_245' title='bbox 1913 745 2049 789; x_wconf 88' lang='lat' dir='ltr'><strong>tunc</strong></span> <span class='ocrx_word' id='word_1_246' title='bbox 2090 747 2175 792; x_wconf 84' lang='lat' dir='ltr'><strong>est</strong></span> <span class='ocrx_word' id='word_1_247' title='bbox 2209 737 2354 807; x_wconf 86' lang='lat' dir='ltr'><strong>apud</strong></span> <span class='ocrx_word' id='word_1_248' title='bbox 2387 754 2487 793; x_wconf 84' lang='lat' dir='ltr'><strong>nos</strong></span> <span class='ocrx_word' id='word_1_249' title='bbox 2518 755 2676 794; x_wconf 91' lang='lat' dir='ltr'><strong>amor</strong></span> <span class='ocrx_word' id='word_1_250' title='bbox 2716 742 2915 803; x_wconf 90' lang='lat' dir='ltr'><strong>malus,</strong></span> <span class='ocrx_word' id='word_1_251' title='bbox 2948 754 3130 807; x_wconf 88' lang='lat' dir='ltr'><strong>neque</strong></span> <span class='ocrx_word' id='word_1_252' title='bbox 3164 740 3480 793; x_wconf 73' lang='lat' dir='ltr'><strong>divitiarum</strong></span> 
     </span>
    </p>
   </div>
   <div class='ocr_carea' id='block_1_36' title="bbox 1908 827 3509 898">
    <p class='ocr_par' dir='ltr' id='par_1_36' title="bbox 1908 827 3509 898">
     <span class='ocr_line' id='line_1_36' title="bbox 1908 827 3509 898; baseline 0.001 -18"><span class='ocrx_word' id='word_1_253' title='bbox 1908 827 2246 894; x_wconf 78' lang='lat' dir='ltr'><strong>sollicitudo,</strong></span> <span class='ocrx_word' id='word_1_254' title='bbox 2279 844 2461 898; x_wconf 87' lang='lat' dir='ltr'><strong>neque</strong></span> <span class='ocrx_word' id='word_1_255' title='bbox 2491 831 2740 884; x_wconf 87' lang='lat' dir='ltr'><strong>ciborqu</strong></span> <span class='ocrx_word' id='word_1_256' title='bbox 2775 848 2929 889; x_wconf 83' lang='lat' dir='ltr'><strong>cura.</strong></span> <span class='ocrx_word' id='word_1_257' title='bbox 2961 832 3057 885; x_wconf 85' lang='lat' dir='ltr'><strong>sed</strong></span> <span class='ocrx_word' id='word_1_258' title='bbox 3091 831 3341 884; x_wconf 77' lang='lat' dir='ltr'><strong>videmus</strong></span> <span class='ocrx_word' id='word_1_259' title='bbox 3367 847 3509 882; x_wconf 61' lang='lat' dir='ltr'><strong>Illa”</strong></span> 
     </span>
    </p>
   </div>
   <div class='ocr_carea' id='block_1_37' title="bbox 1908 920 3481 993">
    <p class='ocr_par' dir='ltr' id='par_1_37' title="bbox 1908 920 3481 993">
     <span class='ocr_line' id='line_1_37' title="bbox 1908 920 3481 993; baseline 0.001 -22"><span class='ocrx_word' id='word_1_260' title='bbox 1908 934 2075 984; x_wconf 69' lang='lat' dir='ltr'><strong>gnum</strong></span> <span class='ocrx_word' id='word_1_261' title='bbox 2121 929 2176 973; x_wconf 92' lang='lat' dir='ltr'><strong>et</strong></span> <span class='ocrx_word' id='word_1_262' title='bbox 2218 920 2630 974; x_wconf 84' lang='lat' dir='ltr'><strong>formidandum</strong></span> <span class='ocrx_word' id='word_1_263' title='bbox 2658 924 2848 977; x_wconf 82' lang='lat' dir='ltr'><strong>mortis</strong></span> <span class='ocrx_word' id='word_1_264' title='bbox 2891 924 3233 993; x_wconf 64' lang='lat' dir='ltr'><strong>mysterium.</strong></span> <span class='ocrx_word' id='word_1_265' title='bbox 3260 934 3316 977; x_wconf 83' lang='lat' dir='ltr'><strong>et</strong></span> <span class='ocrx_word' id='word_1_266' title='bbox 3346 939 3481 974; x_wconf 77' lang='lat' dir='ltr'><strong>ron--</strong></span> 
     </span>
    </p>
   </div>
   <div class='ocr_carea' id='block_1_38' title="bbox 1910 1007 3480 1079">
    <p class='ocr_par' dir='ltr' id='par_1_38' title="bbox 1910 1007 3480 1079">
     <span class='ocr_line' id='line_1_38' title="bbox 1910 1007 3480 1079; baseline 0.001 -19"><span class='ocrx_word' id='word_1_267' title='bbox 1910 1007 2277 1061; x_wconf 83' lang='lat' dir='ltr'><strong>trcmiscimns</strong></span> <span class='ocrx_word' id='word_1_268' title='bbox 2300 1028 2314 1069; x_wconf 81' lang='lat'><strong>;</strong></span> <span class='ocrx_word' id='word_1_269' title='bbox 2339 1012 2691 1077; x_wconf 87' lang='lat' dir='ltr'><strong>etqnatimus</strong></span> <span class='ocrx_word' id='word_1_270' title='bbox 2710 1023 2894 1079; x_wconf 84' lang='lat' dir='ltr'><strong>caput;</strong></span> <span class='ocrx_word' id='word_1_271' title='bbox 2928 1012 3207 1065; x_wconf 80' lang='lat' dir='ltr'><strong>miseriam</strong></span> <span class='ocrx_word' id='word_1_272' title='bbox 3239 1020 3480 1064; x_wconf 86' lang='lat' dir='ltr'><strong>nostram</strong></span> 
     </span>
    </p>
   </div>
   <div class='ocr_carea' id='block_1_39' title="bbox 1908 1096 3484 1171">
    <p class='ocr_par' dir='ltr' id='par_1_39' title="bbox 1908 1096 3484 1171">
     <span class='ocr_line' id='line_1_39' title="bbox 1908 1096 3484 1171; baseline 0.002 -21"><span class='ocrx_word' id='word_1_273' title='bbox 1908 1096 2203 1151; x_wconf 82' lang='lat' dir='ltr'><strong>dolemus:</strong></span> <span class='ocrx_word' id='word_1_274' title='bbox 2242 1097 2330 1153; x_wconf 71' lang='lat' dir='ltr'><strong>Vze</strong></span> <span class='ocrx_word' id='word_1_275' title='bbox 2382 1099 2575 1153; x_wconf 83' lang='lat' dir='ltr'><strong>nobis!</strong></span> <span class='ocrx_word' id='word_1_276' title='bbox 2625 1100 2681 1153; x_wconf 92' lang='lat' dir='ltr'><strong>In</strong></span> <span class='ocrx_word' id='word_1_277' title='bbox 2734 1102 2919 1168; x_wconf 85' lang='lat' dir='ltr'><strong>qualia</strong></span> <span class='ocrx_word' id='word_1_278' title='bbox 2958 1103 3095 1155; x_wconf 88' lang='lat' dir='ltr'><strong>mala</strong></span> <span class='ocrx_word' id='word_1_279' title='bbox 3142 1118 3238 1171; x_wconf 82' lang='lat' dir='ltr'><strong>per</strong></span> <span class='ocrx_word' id='word_1_280' title='bbox 3283 1113 3484 1155; x_wconf 85' lang='lat' dir='ltr'><strong>contn-</strong></span> 
     </span>
    </p>
   </div>
   <div class='ocr_carea' id='block_1_40' title="bbox 1908 1188 3487 1259">
    <p class='ocr_par' dir='ltr' id='par_1_40' title="bbox 1908 1188 3487 1259">
     <span class='ocr_line' id='line_1_40' title="bbox 1908 1188 3487 1259; baseline 0.002 -19"><span class='ocrx_word' id='word_1_281' title='bbox 1908 1188 2143 1241; x_wconf 87' lang='lat' dir='ltr'><strong>maciam</strong></span> <span class='ocrx_word' id='word_1_282' title='bbox 2175 1197 2417 1242; x_wconf 88' lang='lat' dir='ltr'><strong>nostram</strong></span> <span class='ocrx_word' id='word_1_283' title='bbox 2450 1189 2776 1243; x_wconf 82' lang='lat' dir='ltr'><strong>incidimus!</strong></span> <span class='ocrx_word' id='word_1_284' title='bbox 2806 1191 2864 1242; x_wconf 92' lang='lat' dir='ltr'><strong>In</strong></span> <span class='ocrx_word' id='word_1_285' title='bbox 2890 1201 3128 1259; x_wconf 84' lang='lat' dir='ltr'><strong>quantas</strong></span> <span class='ocrx_word' id='word_1_286' title='bbox 3175 1192 3487 1246; x_wconf 86' lang='lat' dir='ltr'><strong>tribulatio-</strong></span> 
     </span>
    </p>
   </div>
   <div class='ocr_carea' id='block_1_41' title="bbox 1908 1276 3483 1353">
    <p class='ocr_par' dir='ltr' id='par_1_41' title="bbox 1908 1276 3483 1353">
     <span class='ocr_line' id='line_1_41' title="bbox 1908 1276 3483 1353; baseline 0.002 -21"><span class='ocrx_word' id='word_1_287' title='bbox 1908 1280 2039 1332; x_wconf 85' lang='lat' dir='ltr'><strong>nesl</strong></span> <span class='ocrx_word' id='word_1_288' title='bbox 2073 1276 2117 1332; x_wconf 90' lang='grc' dir='ltr'><strong>Ο</strong></span> <span class='ocrx_word' id='word_1_289' title='bbox 2148 1279 2313 1332; x_wconf 84' lang='lat' dir='ltr'><strong>vitam</strong></span> <span class='ocrx_word' id='word_1_290' title='bbox 2360 1281 2637 1336; x_wconf 88' lang='lat' dir='ltr'><strong>infelicem</strong></span> <span class='ocrx_word' id='word_1_291' title='bbox 2668 1282 2680 1334; x_wconf 92' lang='lat' dir='ltr'><strong>l</strong></span> <span class='ocrx_word' id='word_1_292' title='bbox 2720 1300 2736 1332; x_wconf 73' lang='grc' dir='ltr'><strong>ι</strong></span> <span class='ocrx_word' id='word_1_293' title='bbox 2768 1282 2956 1335; x_wconf 81' lang='lat' dir='ltr'><strong>Pulvis</strong></span> <span class='ocrx_word' id='word_1_294' title='bbox 2992 1298 3072 1343; x_wconf 90' lang='lat' dir='ltr'><strong>es,</strong></span> <span class='ocrx_word' id='word_1_295' title='bbox 3105 1294 3159 1335; x_wconf 89' lang='lat' dir='ltr'><strong>ct</strong></span> <span class='ocrx_word' id='word_1_296' title='bbox 3196 1286 3249 1335; x_wconf 91' lang='lat' dir='ltr'><strong>in</strong></span> <span class='ocrx_word' id='word_1_297' title='bbox 3288 1286 3483 1353; x_wconf 81' lang='lat' dir='ltr'><strong>pulve-</strong></span> 
     </span>
    </p>
   </div>
   <div class='ocr_carea' id='block_1_42' title="bbox 1909 1371 3480 1431">
    <p class='ocr_par' dir='ltr' id='par_1_42' title="bbox 1909 1371 3480 1431">
     <span class='ocr_line' id='line_1_42' title="bbox 1909 1371 3480 1431; baseline 0.001 -9"><span class='ocrx_word' id='word_1_298' title='bbox 1909 1384 2026 1423; x_wconf 90' lang='lat' dir='ltr'><strong>rem</strong></span> <span class='ocrx_word' id='word_1_299' title='bbox 2079 1371 2443 1427; x_wconf 83' lang='lat' dir='ltr'><strong>rcvertcris&#39;.</strong></span> <span class='ocrx_word' id='word_1_300' title='bbox 2477 1391 2495 1421; x_wconf 74' lang='grc' dir='ltr'><strong>ι</strong></span> <span class='ocrx_word' id='word_1_301' title='bbox 2558 1373 2602 1426; x_wconf 86' lang='grc'>0</span> <span class='ocrx_word' id='word_1_302' title='bbox 2656 1373 3074 1426; x_wconf 84' lang='lat' dir='ltr'><strong>acerbissimam</strong></span> <span class='ocrx_word' id='word_1_303' title='bbox 3124 1375 3480 1431; x_wconf 83' lang='lat' dir='ltr'><strong>sententiam.</strong></span> 
     </span>
    </p>
   </div>
   <div class='ocr_carea' id='block_1_43' title="bbox 1908 1462 3487 1531">
    <p class='ocr_par' dir='ltr' id='par_1_43' title="bbox 1908 1462 3487 1531">
     <span class='ocr_line' id='line_1_43' title="bbox 1908 1462 3487 1531; baseline 0 -18"><span class='ocrx_word' id='word_1_304' title='bbox 1908 1476 2073 1527; x_wconf 90' lang='lat' dir='ltr'><strong>quam</strong></span> <span class='ocrx_word' id='word_1_305' title='bbox 2111 1477 2275 1515; x_wconf 89' lang='lat' dir='ltr'><strong>nemo</strong></span> <span class='ocrx_word' id='word_1_306' title='bbox 2306 1471 2486 1531; x_wconf 84' lang='lat' dir='ltr'><strong>potest</strong></span> <span class='ocrx_word' id='word_1_307' title='bbox 2529 1462 2802 1531; x_wconf 77' lang='lat' dir='ltr'><strong>effugere!</strong></span> <span class='ocrx_word' id='word_1_308' title='bbox 2844 1463 2999 1517; x_wconf 87' lang='lat' dir='ltr'><strong>Tunc</strong></span> <span class='ocrx_word' id='word_1_309' title='bbox 3029 1464 3120 1531; x_wconf 87' lang='lat' dir='ltr'><strong>qui</strong></span> <span class='ocrx_word' id='word_1_310' title='bbox 3173 1463 3333 1516; x_wconf 84' lang='lat' dir='ltr'><strong>nobis</strong></span> <span class='ocrx_word' id='word_1_311' title='bbox 3369 1478 3487 1514; x_wconf 81' lang='lat' dir='ltr'><strong>oni-</strong></span> 
     </span>
    </p>
   </div>
   <div class='ocr_carea' id='block_1_44' title="bbox 1910 1554 3488 1623">
    <p class='ocr_par' dir='ltr' id='par_1_44' title="bbox 1910 1554 3488 1623">
     <span class='ocr_line' id='line_1_44' title="bbox 1910 1554 3488 1623; baseline 0.001 -15"><span class='ocrx_word' id='word_1_312' title='bbox 1910 1554 2075 1609; x_wconf 87' lang='lat' dir='ltr'><strong>nibus</strong></span> <span class='ocrx_word' id='word_1_313' title='bbox 2104 1555 2411 1623; x_wconf 77' lang='lat' dir='ltr'><strong>pnecessit,</strong></span> <span class='ocrx_word' id='word_1_314' title='bbox 2460 1556 2788 1623; x_wconf 75' lang='lat' dir='ltr'><strong>complexus</strong></span> <span class='ocrx_word' id='word_1_315' title='bbox 2831 1556 3007 1608; x_wconf 88' lang='lat' dir='ltr'><strong>dicit:</strong></span> <span class='ocrx_word' id='word_1_316' title='bbox 3041 1557 3253 1617; x_wconf 76' lang='lat' dir='ltr'><strong>Valete,</strong></span> <span class='ocrx_word' id='word_1_317' title='bbox 3287 1558 3488 1609; x_wconf 55' lang='lat' dir='ltr'><strong>fratre;</strong></span> 
     </span>
    </p>
   </div>
   <div class='ocr_carea' id='block_1_45' title="bbox 1910 1644 3485 1715">
    <p class='ocr_par' dir='ltr' id='par_1_45' title="bbox 1910 1644 3485 1715">
     <span class='ocr_line' id='line_1_45' title="bbox 1910 1644 3485 1715; baseline 0.001 -17"><span class='ocrx_word' id='word_1_318' title='bbox 1910 1645 2017 1698; x_wconf 88' lang='lat' dir='ltr'><strong>mei</strong></span> <span class='ocrx_word' id='word_1_319' title='bbox 2052 1644 2264 1708; x_wconf 84' lang='lat' dir='ltr'><strong>dilecti,</strong></span> <span class='ocrx_word' id='word_1_320' title='bbox 2313 1646 2513 1708; x_wconf 80' lang='lat' dir='ltr'><strong>valete,</strong></span> <span class='ocrx_word' id='word_1_321' title='bbox 2558 1653 2616 1698; x_wconf 92' lang='lat' dir='ltr'><strong>ct</strong></span> <span class='ocrx_word' id='word_1_322' title='bbox 2662 1661 2765 1715; x_wconf 89' lang='lat' dir='ltr'><strong>pro</strong></span> <span class='ocrx_word' id='word_1_323' title='bbox 2820 1661 2906 1699; x_wconf 91' lang='lat' dir='ltr'><strong>me</strong></span> <span class='ocrx_word' id='word_1_324' title='bbox 2962 1646 3186 1700; x_wconf 88' lang='lat' dir='ltr'><strong>assiduo</strong></span> <span class='ocrx_word' id='word_1_325' title='bbox 3219 1648 3319 1699; x_wconf 86' lang='lat' dir='ltr'><strong>liae</strong></span> <span class='ocrx_word' id='word_1_326' title='bbox 3350 1646 3485 1700; x_wconf 82' lang='lat' dir='ltr'><strong>llOl’t</strong></span> 
     </span>
    </p>
   </div>
   <div class='ocr_carea' id='block_1_46' title="bbox 1909 1738 3485 1806">
    <p class='ocr_par' dir='ltr' id='par_1_46' title="bbox 1909 1738 3485 1806">
     <span class='ocr_line' id='line_1_46' title="bbox 1909 1738 3485 1806; baseline -0.003 -15"><span class='ocrx_word' id='word_1_327' title='bbox 1909 1738 2233 1806; x_wconf 87' lang='lat' dir='ltr'><strong>precainini.</strong></span> <span class='ocrx_word' id='word_1_328' title='bbox 2268 1738 2420 1791; x_wconf 76' lang='lat' dir='ltr'><strong>V‘iam</strong></span> <span class='ocrx_word' id='word_1_329' title='bbox 2472 1753 2622 1791; x_wconf 87' lang='lat' dir='ltr'><strong>nunc</strong></span> <span class='ocrx_word' id='word_1_330' title='bbox 2672 1753 2924 1803; x_wconf 74' lang='lat' dir='ltr'><strong>magnam</strong></span> <span class='ocrx_word' id='word_1_331' title='bbox 2966 1738 3184 1796; x_wconf 89' lang='lat' dir='ltr'><strong>incedo,</strong></span> <span class='ocrx_word' id='word_1_332' title='bbox 3225 1739 3277 1792; x_wconf 91' lang='lat' dir='ltr'><strong>in</strong></span> <span class='ocrx_word' id='word_1_333' title='bbox 3321 1754 3485 1806; x_wconf 86' lang='lat' dir='ltr'><strong>quam</strong></span> 
     </span>
    </p>
   </div>
   <div class='ocr_carea' id='block_1_47' title="bbox 1913 1829 3488 1898">
    <p class='ocr_par' dir='ltr' id='par_1_47' title="bbox 1913 1829 3488 1898">
     <span class='ocr_line' id='line_1_47' title="bbox 1913 1829 3488 1898; baseline -0.003 -15"><span class='ocrx_word' id='word_1_334' title='bbox 1913 1829 2093 1898; x_wconf 89' lang='lat' dir='ltr'><strong>reipsa</strong></span> <span class='ocrx_word' id='word_1_335' title='bbox 2141 1844 2423 1898; x_wconf 90' lang='lat' dir='ltr'><strong>nunquam</strong></span> <span class='ocrx_word' id='word_1_336' title='bbox 2477 1830 2778 1891; x_wconf 75' lang='lat' dir='ltr'><strong>ambulavi,</strong></span> <span class='ocrx_word' id='word_1_337' title='bbox 2811 1839 2868 1883; x_wconf 90' lang='lat' dir='ltr'><strong>et</strong></span> <span class='ocrx_word' id='word_1_338' title='bbox 2903 1830 2957 1883; x_wconf 94' lang='lat' dir='ltr'><strong>in</strong></span> <span class='ocrx_word' id='word_1_339' title='bbox 3004 1830 3287 1898; x_wconf 81' lang='lat' dir='ltr'><strong>regionem</strong></span> <span class='ocrx_word' id='word_1_340' title='bbox 3338 1839 3488 1881; x_wconf 74' lang='lat' dir='ltr'><strong>exte-</strong></span> 
     </span>
    </p>
   </div>
   <div class='ocr_carea' id='block_1_48' title="bbox 1913 1920 3485 1989">
    <p class='ocr_par' dir='ltr' id='par_1_48' title="bbox 1913 1920 3485 1989">
     <span class='ocr_line' id='line_1_48' title="bbox 1913 1920 3485 1989; baseline -0.003 -14"><span class='ocrx_word' id='word_1_341' title='bbox 1913 1938 2050 1986; x_wconf 86' lang='lat' dir='ltr'><strong>ram,</strong></span> <span class='ocrx_word' id='word_1_342' title='bbox 2088 1921 2182 1975; x_wconf 88' lang='lat' dir='ltr'><strong>ubi</strong></span> <span class='ocrx_word' id='word_1_343' title='bbox 2242 1936 2406 1975; x_wconf 90' lang='lat' dir='ltr'><strong>nemo</strong></span> <span class='ocrx_word' id='word_1_344' title='bbox 2458 1921 2553 1988; x_wconf 90' lang='lat' dir='ltr'><strong>qui</strong></span> <span class='ocrx_word' id='word_1_345' title='bbox 2606 1937 2692 1974; x_wconf 91' lang='lat' dir='ltr'><strong>me</strong></span> <span class='ocrx_word' id='word_1_346' title='bbox 2741 1931 3076 1989; x_wconf 81' lang='lat' dir='ltr'><strong>cognoscat;</strong></span> <span class='ocrx_word' id='word_1_347' title='bbox 3108 1931 3164 1975; x_wconf 90' lang='lat' dir='ltr'><strong>ct</strong></span> <span class='ocrx_word' id='word_1_348' title='bbox 3200 1921 3253 1974; x_wconf 90' lang='lat' dir='ltr'><strong>in</strong></span> <span class='ocrx_word' id='word_1_349' title='bbox 3289 1920 3485 1973; x_wconf 85' lang='lat' dir='ltr'><strong>formi-</strong></span> 
     </span>
    </p>
   </div>
   <div class='ocr_carea' id='block_1_49' title="bbox 1911 2010 3483 2075">
    <p class='ocr_par' dir='ltr' id='par_1_49' title="bbox 1911 2010 3483 2075">
     <span class='ocr_line' id='line_1_49' title="bbox 1911 2010 3483 2075; baseline -0.003 -8"><span class='ocrx_word' id='word_1_350' title='bbox 1911 2012 2152 2067; x_wconf 86' lang='lat' dir='ltr'><strong>dandum</strong></span> <span class='ocrx_word' id='word_1_351' title='bbox 2180 2011 2468 2075; x_wconf 89' lang='lat' dir='ltr'><strong>mundum,</strong></span> <span class='ocrx_word' id='word_1_352' title='bbox 2496 2010 2642 2065; x_wconf 92' lang='lat' dir='ltr'><strong>unde</strong></span> <span class='ocrx_word' id='word_1_353' title='bbox 2684 2027 2848 2065; x_wconf 89' lang='lat' dir='ltr'><strong>nemo</strong></span> <span class='ocrx_word' id='word_1_354' title='bbox 2885 2027 3143 2066; x_wconf 84' lang='lat' dir='ltr'><strong>reversus</strong></span> <span class='ocrx_word' id='word_1_355' title='bbox 3170 2022 3292 2073; x_wconf 81' lang='lat' dir='ltr'><strong>cst;</strong></span> <span class='ocrx_word' id='word_1_356' title='bbox 3327 2020 3383 2063; x_wconf 83' lang='lat' dir='ltr'><strong>et</strong></span> <span class='ocrx_word' id='word_1_357' title='bbox 3431 2012 3483 2063; x_wconf 84' lang='lat' dir='ltr'><strong>in</strong></span> 
     </span>
    </p>
   </div>
   <div class='ocr_carea' id='block_1_50' title="bbox 1911 2102 3489 2172">
    <p class='ocr_par' dir='ltr' id='par_1_50' title="bbox 1911 2102 3489 2172">
     <span class='ocr_line' id='line_1_50' title="bbox 1911 2102 3489 2172; baseline -0.003 -15"><span class='ocrx_word' id='word_1_358' title='bbox 1911 2103 2262 2157; x_wconf 78' lang='lat' dir='ltr'><strong>tenebrosam</strong></span> <span class='ocrx_word' id='word_1_359' title='bbox 2318 2114 2560 2167; x_wconf 90' lang='lat' dir='ltr'><strong>noctem,</strong></span> <span class='ocrx_word' id='word_1_360' title='bbox 2588 2102 2681 2155; x_wconf 87' lang='lat' dir='ltr'><strong>ubi</strong></span> <span class='ocrx_word' id='word_1_361' title='bbox 2729 2103 2860 2172; x_wconf 82' lang='lat' dir='ltr'><strong>quid</strong></span> <span class='ocrx_word' id='word_1_362' title='bbox 2924 2104 3057 2156; x_wconf 88' lang='lat' dir='ltr'><strong>mihi</strong></span> <span class='ocrx_word' id='word_1_363' title='bbox 3107 2103 3327 2158; x_wconf 80' lang='lat' dir='ltr'><strong>obviam</strong></span> <span class='ocrx_word' id='word_1_364' title='bbox 3379 2113 3489 2153; x_wconf 71' lang='lat' dir='ltr'><strong>erit</strong></span> 
     </span>
    </p>
   </div>
   <div class='ocr_carea' id='block_1_51' title="bbox 1911 2191 3489 2262">
    <p class='ocr_par' dir='ltr' id='par_1_51' title="bbox 1911 2191 3489 2262">
     <span class='ocr_line' id='line_1_51' title="bbox 1911 2191 3489 2262; baseline -0.003 -15"><span class='ocrx_word' id='word_1_365' title='bbox 1911 2194 2123 2257; x_wconf 87' lang='lat' dir='ltr'><strong>nescio;</strong></span> <span class='ocrx_word' id='word_1_366' title='bbox 2156 2204 2213 2247; x_wconf 88' lang='lat' dir='ltr'><strong>ct</strong></span> <span class='ocrx_word' id='word_1_367' title='bbox 2264 2192 2319 2247; x_wconf 90' lang='lat' dir='ltr'><strong>in</strong></span> <span class='ocrx_word' id='word_1_368' title='bbox 2378 2192 2713 2262; x_wconf 85' lang='lat' dir='ltr'><strong>profundum</strong></span> <span class='ocrx_word' id='word_1_369' title='bbox 2775 2192 3076 2257; x_wconf 86' lang='lat' dir='ltr'><strong>infernum,</strong></span> <span class='ocrx_word' id='word_1_370' title='bbox 3126 2191 3273 2246; x_wconf 85' lang='lat' dir='ltr'><strong>unde</strong></span> <span class='ocrx_word' id='word_1_371' title='bbox 3325 2207 3489 2245; x_wconf 89' lang='lat' dir='ltr'><strong>nemo</strong></span> 
     </span>
    </p>
   </div>
   <div class='ocr_carea' id='block_1_52' title="bbox 1908 2284 2064 2337">
    <p class='ocr_par' dir='ltr' id='par_1_52' title="bbox 1908 2284 2064 2337">
     <span class='ocr_line' id='line_1_52' title="bbox 1908 2284 2064 2337; baseline -0.013 0"><span class='ocrx_word' id='word_1_372' title='bbox 1908 2284 2064 2337; x_wconf 71' lang='lat' dir='ltr'><strong>exiit.</strong></span> 
     </span>
    </p>
   </div>
   <div class='ocr_carea' id='block_1_53' title="bbox 1981 2371 3490 2443">
    <p class='ocr_par' dir='ltr' id='par_1_53' title="bbox 1981 2371 3490 2443">
     <span class='ocr_line' id='line_1_53' title="bbox 1981 2371 3490 2443; baseline -0.001 -16"><span class='ocrx_word' id='word_1_373' title='bbox 1981 2373 2279 2443; x_wconf 80' lang='lat' dir='ltr'><strong>Reliquum</strong></span> <span class='ocrx_word' id='word_1_374' title='bbox 2316 2372 2627 2437; x_wconf 85' lang='lat' dir='ltr'><strong>salvamini,</strong></span> <span class='ocrx_word' id='word_1_375' title='bbox 2665 2372 2871 2427; x_wconf 79' lang='lat' dir='ltr'><strong>fratres</strong></span> <span class='ocrx_word' id='word_1_376' title='bbox 2920 2372 3025 2427; x_wconf 90' lang='lat' dir='ltr'><strong>mei</strong></span> <span class='ocrx_word' id='word_1_377' title='bbox 3057 2371 3267 2427; x_wconf 84' lang='lat' dir='ltr'><strong>dilecti.</strong></span> <span class='ocrx_word' id='word_1_378' title='bbox 3311 2371 3490 2425; x_wconf 83' lang='lat' dir='ltr'><strong>salva-</strong></span> 
     </span>
    </p>
   </div>
   <div class='ocr_carea' id='block_1_54' title="bbox 1910 2466 3488 2535">
    <p class='ocr_par' dir='ltr' id='par_1_54' title="bbox 1910 2466 3488 2535">
     <span class='ocr_line' id='line_1_54' title="bbox 1910 2466 3488 2535; baseline -0.001 -16"><span class='ocrx_word' id='word_1_379' title='bbox 1910 2467 2068 2520; x_wconf 92' lang='lat' dir='ltr'><strong>miui.</strong></span> <span class='ocrx_word' id='word_1_380' title='bbox 2110 2466 2210 2519; x_wconf 86' lang='lat' dir='ltr'><strong>Mei</strong></span> <span class='ocrx_word' id='word_1_381' title='bbox 2250 2466 2398 2519; x_wconf 92' lang='lat' dir='ltr'><strong>enim</strong></span> <span class='ocrx_word' id='word_1_382' title='bbox 2432 2466 2633 2535; x_wconf 87' lang='lat' dir='ltr'><strong>reliqui</strong></span> <span class='ocrx_word' id='word_1_383' title='bbox 2668 2482 2776 2520; x_wconf 92' lang='lat' dir='ltr'><strong>non</strong></span> <span class='ocrx_word' id='word_1_384' title='bbox 2818 2468 2931 2535; x_wconf 86' lang='lat' dir='ltr'><strong>jam</strong></span> <span class='ocrx_word' id='word_1_385' title='bbox 2962 2474 3045 2519; x_wconf 86' lang='lat' dir='ltr'><strong>est</strong></span> <span class='ocrx_word' id='word_1_386' title='bbox 3072 2466 3281 2525; x_wconf 72' lang='lat' dir='ltr'><strong>frater;</strong></span> <span class='ocrx_word' id='word_1_387' title='bbox 3310 2466 3488 2518; x_wconf 81' lang='lat' dir='ltr'><strong>salva-</strong></span> 
     </span>
    </p>
   </div>
   <div class='ocr_carea' id='block_1_55' title="bbox 1912 2556 3485 2628">
    <p class='ocr_par' dir='ltr' id='par_1_55' title="bbox 1912 2556 3485 2628">
     <span class='ocr_line' id='line_1_55' title="bbox 1912 2556 3485 2628; baseline -0.001 -16"><span class='ocrx_word' id='word_1_388' title='bbox 1912 2559 2071 2623; x_wconf 88' lang='lat' dir='ltr'><strong>mini,</strong></span> <span class='ocrx_word' id='word_1_389' title='bbox 2100 2559 2281 2622; x_wconf 88' lang='lat' dir='ltr'><strong>amici,</strong></span> <span class='ocrx_word' id='word_1_390' title='bbox 2299 2574 2401 2628; x_wconf 83' lang='lat' dir='ltr'><strong>ego</strong></span> <span class='ocrx_word' id='word_1_391' title='bbox 2429 2558 2581 2612; x_wconf 90' lang='lat' dir='ltr'><strong>enim</strong></span> <span class='ocrx_word' id='word_1_392' title='bbox 2607 2574 2717 2611; x_wconf 91' lang='lat' dir='ltr'><strong>non</strong></span> <span class='ocrx_word' id='word_1_393' title='bbox 2738 2558 2849 2627; x_wconf 89' lang='lat' dir='ltr'><strong>jatn</strong></span> <span class='ocrx_word' id='word_1_394' title='bbox 2874 2558 3107 2619; x_wconf 81' lang='lat' dir='ltr'><strong>amicus,</strong></span> <span class='ocrx_word' id='word_1_395' title='bbox 3133 2556 3227 2611; x_wconf 86' lang='lat' dir='ltr'><strong>sed</strong></span> <span class='ocrx_word' id='word_1_396' title='bbox 3262 2556 3485 2626; x_wconf 79' lang='lat' dir='ltr'><strong>hospes;</strong></span> 
     </span>
    </p>
   </div>
   <div class='ocr_carea' id='block_1_56' title="bbox 1911 2650 3487 2720">
    <p class='ocr_par' dir='ltr' id='par_1_56' title="bbox 1911 2650 3487 2720">
     <span class='ocr_line' id='line_1_56' title="bbox 1911 2650 3487 2720; baseline -0.002 -13"><span class='ocrx_word' id='word_1_397' title='bbox 1911 2653 2155 2707; x_wconf 87' lang='lat' dir='ltr'><strong>salvetur</strong></span> <span class='ocrx_word' id='word_1_398' title='bbox 2176 2653 2421 2720; x_wconf 89' lang='lat' dir='ltr'><strong>optimus</strong></span> <span class='ocrx_word' id='word_1_399' title='bbox 2447 2660 2773 2713; x_wconf 87' lang='lat' dir='ltr'><strong>concentus,</strong></span> <span class='ocrx_word' id='word_1_400' title='bbox 2792 2658 2849 2703; x_wconf 92' lang='lat' dir='ltr'><strong>at</strong></span> <span class='ocrx_word' id='word_1_401' title='bbox 2879 2665 2989 2703; x_wconf 93' lang='lat' dir='ltr'><strong>non</strong></span> <span class='ocrx_word' id='word_1_402' title='bbox 3019 2650 3130 2718; x_wconf 85' lang='lat' dir='ltr'><strong>jam</strong></span> <span class='ocrx_word' id='word_1_403' title='bbox 3162 2657 3487 2705; x_wconf 87' lang='lat' dir='ltr'><strong>concentus.</strong></span> 
     </span>
    </p>
   </div>
   <div class='ocr_carea' id='block_1_57' title="bbox 1911 2740 3491 2813">
    <p class='ocr_par' dir='ltr' id='par_1_57' title="bbox 1911 2740 3491 2813">
     <span class='ocr_line' id='line_1_57' title="bbox 1911 2740 3491 2813; baseline -0.006 -14"><span class='ocrx_word' id='word_1_404' title='bbox 1911 2746 2006 2800; x_wconf 84' lang='lat' dir='ltr'><strong>sed</strong></span> <span class='ocrx_word' id='word_1_405' title='bbox 2050 2744 2435 2813; x_wconf 89' lang='lat' dir='ltr'><strong>comploratio.</strong></span> <span class='ocrx_word' id='word_1_406' title='bbox 2502 2742 2830 2805; x_wconf 85' lang='lat' dir='ltr'><strong>Salvamini,</strong></span> <span class='ocrx_word' id='word_1_407' title='bbox 2868 2740 3292 2809; x_wconf 79' lang='lat' dir='ltr'><strong>consanguinei,</strong></span> <span class='ocrx_word' id='word_1_408' title='bbox 3330 2756 3491 2793; x_wconf 77' lang='lat' dir='ltr'><strong>~nune</strong></span> 
     </span>
    </p>
   </div>
   <div class='ocr_carea' id='block_1_58' title="bbox 1912 2831 3489 2905">
    <p class='ocr_par' dir='ltr' id='par_1_58' title="bbox 1912 2831 3489 2905">
     <span class='ocr_line' id='line_1_58' title="bbox 1912 2831 3489 2905; baseline -0.004 -14"><span class='ocrx_word' id='word_1_409' title='bbox 1912 2838 2260 2905; x_wconf 71' lang='lat' dir='ltr'><strong>alienigenm.</strong></span> <span class='ocrx_word' id='word_1_410' title='bbox 2315 2834 2528 2896; x_wconf 80' lang='lat' dir='ltr'><strong>Valete,</strong></span> <span class='ocrx_word' id='word_1_411' title='bbox 2586 2834 2788 2895; x_wconf 85' lang='lat' dir='ltr'><strong>valete,</strong></span> <span class='ocrx_word' id='word_1_412' title='bbox 2843 2834 3123 2885; x_wconf 88' lang='lat' dir='ltr'><strong>modicmn</strong></span> <span class='ocrx_word' id='word_1_413' title='bbox 3181 2840 3236 2884; x_wconf 92' lang='lat' dir='ltr'><strong>et</strong></span> <span class='ocrx_word' id='word_1_414' title='bbox 3281 2831 3489 2892; x_wconf 82' lang='lat' dir='ltr'><strong>venite,</strong></span> 
     </span>
    </p>
   </div>
   <div class='ocr_carea' id='block_1_59' title="bbox 1910 2920 3488 2993">
    <p class='ocr_par' dir='ltr' id='par_1_59' title="bbox 1910 2920 3488 2993">
     <span class='ocr_line' id='line_1_59' title="bbox 1910 2920 3488 2993; baseline -0.005 -14"><span class='ocrx_word' id='word_1_415' title='bbox 1910 2924 2321 2993; x_wconf 84' lang='lat' dir='ltr'><strong>consequimini</strong></span> <span class='ocrx_word' id='word_1_416' title='bbox 2370 2922 2421 2977; x_wconf 89' lang='lat' dir='ltr'><strong>id</strong></span> <span class='ocrx_word' id='word_1_417' title='bbox 2468 2922 2613 2992; x_wconf 90' lang='lat' dir='ltr'><strong>quod</strong></span> <span class='ocrx_word' id='word_1_418' title='bbox 2658 2939 2757 2975; x_wconf 77' lang='lat' dir='ltr'><strong>vos</strong></span> <span class='ocrx_word' id='word_1_419' title='bbox 2805 2932 3010 2983; x_wconf 78' lang='lat' dir='ltr'><strong>manet,</strong></span> <span class='ocrx_word' id='word_1_420' title='bbox 3045 2931 3105 2974; x_wconf 93' lang='lat' dir='ltr'><strong>ut</strong></span> <span class='ocrx_word' id='word_1_421' title='bbox 3142 2920 3380 2975; x_wconf 87' lang='lat' dir='ltr'><strong>veniatis</strong></span> <span class='ocrx_word' id='word_1_422' title='bbox 3421 2920 3488 2973; x_wconf 88' lang='lat' dir='ltr'><strong>ad</strong></span> 
     </span>
    </p>
   </div>
   <div class='ocr_carea' id='block_1_60' title="bbox 1909 3007 3491 3083">
    <p class='ocr_par' dir='ltr' id='par_1_60' title="bbox 1909 3007 3491 3083">
     <span class='ocr_line' id='line_1_60' title="bbox 1909 3007 3491 3083; baseline -0.006 -14"><span class='ocrx_word' id='word_1_423' title='bbox 1909 3030 2033 3069; x_wconf 88' lang='lat' dir='ltr'><strong>nos.</strong></span> <span class='ocrx_word' id='word_1_424' title='bbox 2082 3015 2195 3068; x_wconf 79' lang='lat' dir='ltr'><strong>Nos</strong></span> <span class='ocrx_word' id='word_1_425' title='bbox 2240 3014 2389 3069; x_wconf 91' lang='lat' dir='ltr'><strong>enim</strong></span> <span class='ocrx_word' id='word_1_426' title='bbox 2426 3027 2543 3066; x_wconf 90' lang='lat' dir='ltr'><strong>non</strong></span> <span class='ocrx_word' id='word_1_427' title='bbox 2587 3012 2699 3083; x_wconf 87' lang='lat' dir='ltr'><strong>jam</strong></span> <span class='ocrx_word' id='word_1_428' title='bbox 2736 3011 2991 3065; x_wconf 92' lang='lat' dir='ltr'><strong>venimus</strong></span> <span class='ocrx_word' id='word_1_429' title='bbox 3030 3008 3096 3063; x_wconf 89' lang='lat' dir='ltr'><strong>ad</strong></span> <span class='ocrx_word' id='word_1_430' title='bbox 3124 3025 3243 3073; x_wconf 89' lang='lat' dir='ltr'><strong>vos,</strong></span> <span class='ocrx_word' id='word_1_431' title='bbox 3278 3009 3322 3062; x_wconf 87' lang='lat' dir='ltr'><strong>si</strong></span> <span class='ocrx_word' id='word_1_432' title='bbox 3356 3007 3491 3076; x_wconf 87' lang='lat' dir='ltr'><strong>quid</strong></span> 
     </span>
    </p>
   </div>
   <div class='ocr_carea' id='block_1_61' title="bbox 1911 3101 3495 3172">
    <p class='ocr_par' dir='ltr' id='par_1_61' title="bbox 1911 3101 3495 3172">
     <span class='ocr_line' id='line_1_61' title="bbox 1911 3101 3495 3172; baseline -0.005 -11"><span class='ocrx_word' id='word_1_433' title='bbox 1911 3107 2173 3169; x_wconf 86' lang='lat' dir='ltr'><strong>vidimus,</strong></span> <span class='ocrx_word' id='word_1_434' title='bbox 2204 3106 2467 3166; x_wconf 84' lang='lat' dir='ltr'><strong>vidimus,</strong></span> <span class='ocrx_word' id='word_1_435' title='bbox 2501 3113 2557 3160; x_wconf 91' lang='lat' dir='ltr'><strong>et</strong></span> <span class='ocrx_word' id='word_1_436' title='bbox 2612 3104 2657 3158; x_wconf 87' lang='lat' dir='ltr'><strong>si</strong></span> <span class='ocrx_word' id='word_1_437' title='bbox 2699 3102 2833 3172; x_wconf 90' lang='lat' dir='ltr'><strong>quid</strong></span> <span class='ocrx_word' id='word_1_438' title='bbox 2892 3102 3249 3171; x_wconf 81' lang='lat' dir='ltr'><strong>perfecimus,</strong></span> <span class='ocrx_word' id='word_1_439' title='bbox 3296 3101 3495 3170; x_wconf 88' lang='lat' dir='ltr'><strong>recipi-</strong></span> 
     </span>
    </p>
   </div>
   <div class='ocr_carea' id='block_1_62' title="bbox 215 3194 1807 3277">
    <p class='ocr_par' dir='ltr' id='par_1_62' title="bbox 215 3194 1807 3267">
     <span class='ocr_line' id='line_1_62' title="bbox 215 3194 1807 3267; baseline -0.001 -18"><span class='ocrx_word' id='word_1_440' title='bbox 215 3196 715 3265; x_wconf 75' lang='grc' dir='ltr'>ἀπολαμϐἁνομεν.</span> <span class='ocrx_word' id='word_1_441' title='bbox 757 3196 871 3249; x_wconf 79' lang='grc' dir='ltr'><strong>Νῦν</strong></span> <span class='ocrx_word' id='word_1_442' title='bbox 901 3197 1028 3249; x_wconf 85' lang='grc' dir='ltr'>εἴτι</span> <span class='ocrx_word' id='word_1_443' title='bbox 1058 3194 1265 3263; x_wconf 80' lang='grc' dir='ltr'>ἀγαθὸν</span> <span class='ocrx_word' id='word_1_444' title='bbox 1288 3196 1526 3267; x_wconf 79' lang='grc' dir='ltr'>ἔπραξα,</span> <span class='ocrx_word' id='word_1_445' title='bbox 1553 3196 1684 3250; x_wconf 78' lang='grc' dir='ltr'>αὐτὸ</span> <span class='ocrx_word' id='word_1_446' title='bbox 1713 3197 1807 3249; x_wconf 80' lang='grc' dir='ltr'>καὶ</span> 
     </span>
    </p>
   </div>
   <div class='ocr_carea' id='block_1_63' title="bbox 1911 3194 3494 3277">
    <p class='ocr_par' dir='ltr' id='par_1_63' title="bbox 1915 3195 3494 3266">
     <span class='ocr_line' id='line_1_63' title="bbox 1915 3195 3494 3266; baseline -0.005 -13"><span class='ocrx_word' id='word_1_447' title='bbox 1915 3215 2055 3254; x_wconf 92' lang='lat' dir='ltr'><strong>mus.</strong></span> <span class='ocrx_word' id='word_1_448' title='bbox 2086 3200 2243 3254; x_wconf 80' lang='lat' dir='ltr'><strong>Nunc</strong></span> <span class='ocrx_word' id='word_1_449' title='bbox 2268 3199 2314 3253; x_wconf 85' lang='lat' dir='ltr'><strong>si</strong></span> <span class='ocrx_word' id='word_1_450' title='bbox 2342 3197 2475 3266; x_wconf 88' lang='lat' dir='ltr'><strong>quid</strong></span> <span class='ocrx_word' id='word_1_451' title='bbox 2521 3196 2650 3251; x_wconf 92' lang='lat' dir='ltr'><strong>boni</strong></span> <span class='ocrx_word' id='word_1_452' title='bbox 2683 3196 2810 3257; x_wconf 90' lang='lat' dir='ltr'><strong>feci,</strong></span> <span class='ocrx_word' id='word_1_453' title='bbox 2844 3195 2947 3249; x_wconf 83' lang='lat' dir='ltr'><strong>hoc</strong></span> <span class='ocrx_word' id='word_1_454' title='bbox 2976 3204 3033 3249; x_wconf 89' lang='lat' dir='ltr'><strong>et</strong></span> <span class='ocrx_word' id='word_1_455' title='bbox 3061 3196 3309 3247; x_wconf 88' lang='lat' dir='ltr'><strong>lucratus</strong></span> <span class='ocrx_word' id='word_1_456' title='bbox 3336 3209 3494 3252; x_wconf 79' lang='lat' dir='ltr'><strong>sunt;</strong></span> 
     </span>
    </p>
   </div>
   <div class='ocr_carea' id='block_1_64' title="bbox 215 3287 1809 3358">
    <p class='ocr_par' dir='ltr' id='par_1_64' title="bbox 215 3287 1809 3358">
     <span class='ocr_line' id='line_1_64' title="bbox 215 3287 1809 3358; baseline 0.001 -19"><span class='ocrx_word' id='word_1_457' title='bbox 215 3287 498 3356; x_wconf 72' lang='grc' dir='ltr'>ἐκέρδησα</span> <span class='ocrx_word' id='word_1_458' title='bbox 521 3303 535 3315; x_wconf 89' lang='grc'><strong>·</strong></span> <span class='ocrx_word' id='word_1_459' title='bbox 567 3287 660 3338; x_wconf 72' lang='grc' dir='ltr'>καὶ</span> <span class='ocrx_word' id='word_1_460' title='bbox 691 3288 808 3339; x_wconf 78' lang='grc' dir='ltr'>εἴτι</span> <span class='ocrx_word' id='word_1_461' title='bbox 838 3287 1192 3358; x_wconf 72' lang='grc' dir='ltr'>προέπεμψα,</span> <span class='ocrx_word' id='word_1_462' title='bbox 1222 3288 1355 3340; x_wconf 77' lang='grc' dir='ltr'>αὐτὸ</span> <span class='ocrx_word' id='word_1_463' title='bbox 1380 3288 1473 3340; x_wconf 76' lang='grc' dir='ltr'>καὶ</span> <span class='ocrx_word' id='word_1_464' title='bbox 1500 3289 1809 3358; x_wconf 80' lang='grc' dir='ltr'>ἀπαντήσει</span> 
     </span>
    </p>
   </div>
   <div class='ocr_carea' id='block_1_65' title="bbox 222 3377 1809 3449">
    <p class='ocr_par' dir='ltr' id='par_1_65' title="bbox 222 3377 1809 3449">
     <span class='ocr_line' id='line_1_65' title="bbox 222 3377 1809 3449; baseline 0.002 -21"><span class='ocrx_word' id='word_1_465' title='bbox 222 3395 341 3445; x_wconf 87' lang='grc' dir='ltr'>μοι.</span> <span class='ocrx_word' id='word_1_466' title='bbox 390 3377 517 3429; x_wconf 78' lang='grc' dir='ltr'><strong>Ἐάν</strong></span> <span class='ocrx_word' id='word_1_467' title='bbox 546 3395 667 3429; x_wconf 81' lang='grc' dir='ltr'>τινα</span> <span class='ocrx_word' id='word_1_468' title='bbox 691 3378 919 3445; x_wconf 67' lang='grc' dir='ltr'>ἠλέησα,</span> <span class='ocrx_word' id='word_1_469' title='bbox 957 3380 1023 3449; x_wconf 79' lang='grc' dir='ltr'>τῇ</span> <span class='ocrx_word' id='word_1_470' title='bbox 1052 3378 1172 3449; x_wconf 81' lang='grc' dir='ltr'>ὥρᾳ</span> <span class='ocrx_word' id='word_1_471' title='bbox 1202 3379 1375 3447; x_wconf 83' lang='grc' dir='ltr'>ταύτῃ</span> <span class='ocrx_word' id='word_1_472' title='bbox 1410 3378 1669 3449; x_wconf 73' lang='grc' dir='ltr'><strong>βοηθήσει</strong></span> <span class='ocrx_word' id='word_1_473' title='bbox 1697 3398 1809 3449; x_wconf 87' lang='grc' dir='ltr'>μοι,</span> 
     </span>
    </p>
   </div>
   <div class='ocr_carea' id='block_1_66' title="bbox 215 3469 1812 3541">
    <p class='ocr_par' dir='ltr' id='par_1_66' title="bbox 215 3469 1812 3541">
     <span class='ocr_line' id='line_1_66' title="bbox 215 3469 1812 3541; baseline 0.001 -22"><span class='ocrx_word' id='word_1_474' title='bbox 215 3469 301 3520; x_wconf 84' lang='grc' dir='ltr'>ὃτι</span> <span class='ocrx_word' id='word_1_475' title='bbox 337 3469 499 3535; x_wconf 88' lang='grc' dir='ltr'>στενή</span> <span class='ocrx_word' id='word_1_476' title='bbox 541 3486 631 3535; x_wconf 80' lang='grc' dir='ltr'><strong>μοι</strong></span> <span class='ocrx_word' id='word_1_477' title='bbox 660 3471 753 3520; x_wconf 73' lang='grc' dir='ltr'>καὶ</span> <span class='ocrx_word' id='word_1_478' title='bbox 793 3470 1046 3539; x_wconf 80' lang='grc' dir='ltr'>βαρεῖαή</span> <span class='ocrx_word' id='word_1_479' title='bbox 1078 3470 1329 3539; x_wconf 81' lang='grc' dir='ltr'>παροῦσα</span> <span class='ocrx_word' id='word_1_480' title='bbox 1360 3470 1480 3541; x_wconf 83' lang='grc' dir='ltr'>ὥρα</span> <span class='ocrx_word' id='word_1_481' title='bbox 1504 3470 1603 3538; x_wconf 75' lang='grc' dir='ltr'>τῆς</span> <span class='ocrx_word' id='word_1_482' title='bbox 1633 3469 1812 3540; x_wconf 70' lang='grc' dir='ltr'>ψυχῆς</span> 
     </span>
    </p>
   </div>
   <div class='ocr_carea' id='block_1_67' title="bbox 216 3558 1813 3631">
    <p class='ocr_par' dir='ltr' id='par_1_67' title="bbox 216 3558 1813 3631">
     <span class='ocr_line' id='line_1_67' title="bbox 216 3558 1813 3631; baseline 0 -19"><span class='ocrx_word' id='word_1_483' title='bbox 216 3559 364 3631; x_wconf 79' lang='grc' dir='ltr'>ὑπὲρ</span> <span class='ocrx_word' id='word_1_484' title='bbox 395 3560 577 3611; x_wconf 75' lang='grc' dir='ltr'>πᾶσαν</span> <span class='ocrx_word' id='word_1_485' title='bbox 594 3558 766 3627; x_wconf 84' lang='grc' dir='ltr'>ὥραν.</span> <span class='ocrx_word' id='word_1_486' title='bbox 790 3561 875 3623; x_wconf 81' lang='grc' dir='ltr'>Ὢ,</span> <span class='ocrx_word' id='word_1_487' title='bbox 904 3560 954 3612; x_wconf 86' lang='grc' dir='ltr'><strong>τί</strong></span> <span class='ocrx_word' id='word_1_488' title='bbox 991 3563 1204 3628; x_wconf 80' lang='grc' dir='ltr'>ποιήσω</span> <span class='ocrx_word' id='word_1_489' title='bbox 1228 3562 1256 3613; x_wconf 87' lang='grc' dir='ltr'>ὁ</span> <span class='ocrx_word' id='word_1_490' title='bbox 1280 3561 1449 3623; x_wconf 80' lang='grc' dir='ltr'><strong>τάλας</strong></span> <span class='ocrx_word' id='word_1_491' title='bbox 1471 3579 1485 3628; x_wconf 85' lang='lat'><strong>;</strong></span> <span class='ocrx_word' id='word_1_492' title='bbox 1504 3561 1813 3630; x_wconf 75' lang='grc' dir='ltr'>’Δνέτοιμος</span> 
     </span>
    </p>
   </div>
   <div class='ocr_carea' id='block_1_68' title="bbox 215 3651 1812 3723">
    <p class='ocr_par' dir='ltr' id='par_1_68' title="bbox 215 3651 1812 3723">
     <span class='ocr_line' id='line_1_68' title="bbox 215 3651 1812 3723; baseline 0.003 -21"><span class='ocrx_word' id='word_1_493' title='bbox 215 3651 329 3718; x_wconf 77' lang='grc' dir='ltr'><strong>γὰρ</strong></span> <span class='ocrx_word' id='word_1_494' title='bbox 364 3651 477 3718; x_wconf 78' lang='lat'><strong>(3|)</strong></span> <span class='ocrx_word' id='word_1_495' title='bbox 512 3652 1005 3721; x_wconf 71' lang='grc' dir='ltr'>προκατελείφοην.</span> <span class='ocrx_word' id='word_1_496' title='bbox 1062 3652 1324 3722; x_wconf 85' lang='grc' dir='ltr'>Σκοτεινή</span> <span class='ocrx_word' id='word_1_497' title='bbox 1362 3672 1452 3723; x_wconf 87' lang='grc' dir='ltr'><strong>μοι</strong></span> <span class='ocrx_word' id='word_1_498' title='bbox 1498 3656 1531 3717; x_wconf 83' lang='grc' dir='ltr'><strong>ἡ</strong></span> <span class='ocrx_word' id='word_1_499' title='bbox 1561 3653 1812 3723; x_wconf 78' lang='grc' dir='ltr'>παροῦσα</span> 
     </span>
    </p>
   </div>
   <div class='ocr_carea' id='block_1_69' title="bbox 215 3738 1811 3813">
    <p class='ocr_par' dir='ltr' id='par_1_69' title="bbox 215 3738 1811 3813">
     <span class='ocr_line' id='line_1_69' title="bbox 215 3738 1811 3813; baseline 0.003 -21"><span class='ocrx_word' id='word_1_500' title='bbox 215 3738 338 3803; x_wconf 80' lang='grc' dir='ltr'>νύξ.</span> <span class='ocrx_word' id='word_1_501' title='bbox 371 3742 654 3809; x_wconf 82' lang='grc' dir='ltr'>’Δκαρπος</span> <span class='ocrx_word' id='word_1_502' title='bbox 698 3741 808 3808; x_wconf 75' lang='grc' dir='ltr'><strong>γαρ</strong></span> <span class='ocrx_word' id='word_1_503' title='bbox 852 3742 1142 3812; x_wconf 72' lang='grc' dir='ltr'>ἐξεκόπην.</span> <span class='ocrx_word' id='word_1_504' title='bbox 1185 3742 1347 3795; x_wconf 73' lang='grc' dir='ltr'>Ἀλλὰ</span> <span class='ocrx_word' id='word_1_505' title='bbox 1375 3743 1682 3813; x_wconf 84' lang='grc' dir='ltr'>δακρύσατὲ</span> <span class='ocrx_word' id='word_1_506' title='bbox 1721 3761 1811 3812; x_wconf 90' lang='grc' dir='ltr'><strong>μοι</strong></span> 
     </span>
    </p>
   </div>
   <div class='ocr_carea' id='block_1_70' title="bbox 216 3828 1803 3904">
    <p class='ocr_par' dir='ltr' id='par_1_70' title="bbox 216 3828 1803 3904">
     <span class='ocr_line' id='line_1_70' title="bbox 216 3828 1803 3904; baseline 0.003 -21"><span class='ocrx_word' id='word_1_507' title='bbox 216 3830 439 3900; x_wconf 78' lang='grc' dir='ltr'>πικρῶς</span> <span class='ocrx_word' id='word_1_508' title='bbox 475 3832 572 3884; x_wconf 77' lang='grc' dir='ltr'>καὶ</span> <span class='ocrx_word' id='word_1_509' title='bbox 610 3831 941 3903; x_wconf 79' lang='grc' dir='ltr'>Ορηνήσατε.</span> <span class='ocrx_word' id='word_1_510' title='bbox 1008 3828 1323 3904; x_wconf 80' lang='grc' dir='ltr'>Ἐλεήσατε,</span> <span class='ocrx_word' id='word_1_511' title='bbox 1353 3833 1399 3887; x_wconf 82' lang='grc' dir='ltr'>ὢ</span> <span class='ocrx_word' id='word_1_512' title='bbox 1447 3836 1611 3903; x_wconf 83' lang='grc' dir='ltr'>φίλοι,</span> <span class='ocrx_word' id='word_1_513' title='bbox 1645 3837 1803 3904; x_wconf 83' lang='grc' dir='ltr'>ἐλεή-</span> 
     </span>
    </p>
   </div>
   <div class='ocr_carea' id='block_1_71' title="bbox 218 3921 1811 3997">
    <p class='ocr_par' dir='ltr' id='par_1_71' title="bbox 218 3921 1811 3997">
     <span class='ocr_line' id='line_1_71' title="bbox 218 3921 1811 3997; baseline 0.001 -22"><span class='ocrx_word' id='word_1_514' title='bbox 218 3935 357 3975; x_wconf 80' lang='grc' dir='ltr'>σατε</span> <span class='ocrx_word' id='word_1_515' title='bbox 397 3921 495 3975; x_wconf 76' lang='grc' dir='ltr'>καὶ</span> <span class='ocrx_word' id='word_1_516' title='bbox 526 3922 857 3992; x_wconf 76' lang='grc' dir='ltr'>βοηθήσατε.</span> <span class='ocrx_word' id='word_1_517' title='bbox 886 3924 1293 3996; x_wconf 80' lang='grc' dir='ltr'>Συμπαοήσατέ</span> <span class='ocrx_word' id='word_1_518' title='bbox 1329 3942 1418 3995; x_wconf 89' lang='grc' dir='ltr'><strong>μοι</strong></span> <span class='ocrx_word' id='word_1_519' title='bbox 1453 3926 1548 3980; x_wconf 79' lang='grc' dir='ltr'>καὶ</span> <span class='ocrx_word' id='word_1_520' title='bbox 1575 3926 1811 3997; x_wconf 72' lang='grc' dir='ltr'>προσεύσ</span> 
     </span>
    </p>
   </div>
   <div class='ocr_carea' id='block_1_72' title="bbox 218 4014 1812 4089">
    <p class='ocr_par' dir='ltr' id='par_1_72' title="bbox 218 4014 1812 4089">
     <span class='ocr_line' id='line_1_72' title="bbox 218 4014 1812 4089; baseline 0.002 -22"><span class='ocrx_word' id='word_1_521' title='bbox 218 4014 372 4077; x_wconf 85' lang='grc' dir='ltr'>ξαοε,</span> <span class='ocrx_word' id='word_1_522' title='bbox 399 4016 488 4067; x_wconf 82' lang='grc' dir='ltr'>ἵνα</span> <span class='ocrx_word' id='word_1_523' title='bbox 512 4014 660 4085; x_wconf 82' lang='grc' dir='ltr'>εὕρω</span> <span class='ocrx_word' id='word_1_524' title='bbox 689 4018 807 4070; x_wconf 76' lang='grc' dir='ltr'>ἐκεῖ</span> <span class='ocrx_word' id='word_1_525' title='bbox 830 4018 1034 4087; x_wconf 71' lang='grc' dir='ltr'>μικρὰν</span> <span class='ocrx_word' id='word_1_526' title='bbox 1053 4019 1268 4085; x_wconf 71' lang='grc' dir='ltr'>ἄφεσιν,</span> <span class='ocrx_word' id='word_1_527' title='bbox 1296 4018 1382 4070; x_wconf 82' lang='grc' dir='ltr'>ἵνα</span> <span class='ocrx_word' id='word_1_528' title='bbox 1406 4018 1557 4071; x_wconf 74' lang='grc' dir='ltr'>λάϐω</span> <span class='ocrx_word' id='word_1_529' title='bbox 1616 4019 1812 4089; x_wconf 79' lang='grc' dir='ltr'>μικρὸν</span> 
     </span>
    </p>
   </div>
   <div class='ocr_carea' id='block_1_73' title="bbox 217 4104 1812 4180">
    <p class='ocr_par' dir='ltr' id='par_1_73' title="bbox 217 4104 1812 4180">
     <span class='ocr_line' id='line_1_73' title="bbox 217 4104 1812 4180; baseline 0.004 -24"><span class='ocrx_word' id='word_1_530' title='bbox 217 4106 340 4157; x_wconf 74' lang='grc' dir='ltr'>ἐκεῖ</span> <span class='ocrx_word' id='word_1_531' title='bbox 380 4104 553 4167; x_wconf 71' lang='grc' dir='ltr'>ἔλεος.</span> <span class='ocrx_word' id='word_1_532' title='bbox 590 4106 666 4158; x_wconf 81' lang='grc' dir='ltr'>Ού</span> <span class='ocrx_word' id='word_1_533' title='bbox 714 4107 866 4177; x_wconf 80' lang='grc' dir='ltr'>ζητῶ</span> <span class='ocrx_word' id='word_1_534' title='bbox 899 4108 1034 4161; x_wconf 76' lang='grc' dir='ltr'>πολὺ</span> <span class='ocrx_word' id='word_1_535' title='bbox 1064 4110 1147 4161; x_wconf 83' lang='grc' dir='ltr'>ὅτι</span> <span class='ocrx_word' id='word_1_536' title='bbox 1176 4109 1427 4179; x_wconf 80' lang='grc' dir='ltr'>ἥμαρτον</span> <span class='ocrx_word' id='word_1_537' title='bbox 1458 4110 1616 4164; x_wconf 90' lang='grc' dir='ltr'>πολύ.</span> <span class='ocrx_word' id='word_1_538' title='bbox 1650 4109 1812 4180; x_wconf 82' lang='grc' dir='ltr'>Οἵμοι</span> 
     </span>
    </p>
   </div>
   <div class='ocr_carea' id='block_1_74' title="bbox 216 4196 1812 4271">
    <p class='ocr_par' dir='ltr' id='par_1_74' title="bbox 216 4196 1812 4271">
     <span class='ocr_line' id='line_1_74' title="bbox 216 4196 1812 4271; baseline 0.003 -23"><span class='ocrx_word' id='word_1_539' title='bbox 216 4196 343 4260; x_wconf 74' lang='grc' dir='ltr'><strong>πῶς</strong></span> <span class='ocrx_word' id='word_1_540' title='bbox 376 4198 616 4265; x_wconf 73' lang='grc' dir='ltr'>ἐμαυτὸν</span> <span class='ocrx_word' id='word_1_541' title='bbox 644 4199 905 4269; x_wconf 78' lang='grc' dir='ltr'>ἠπάτησα</span> <span class='ocrx_word' id='word_1_542' title='bbox 933 4202 945 4251; x_wconf 82' lang='grc' dir='ltr'><strong>ι</strong></span> <span class='ocrx_word' id='word_1_543' title='bbox 997 4200 1122 4262; x_wconf 81' lang='grc' dir='ltr'>Πῶς</span> <span class='ocrx_word' id='word_1_544' title='bbox 1151 4202 1389 4271; x_wconf 73' lang='grc' dir='ltr'>ἐμαυτὸν</span> <span class='ocrx_word' id='word_1_545' title='bbox 1432 4201 1693 4268; x_wconf 78' lang='grc' dir='ltr'>ὲνὲπαιξα</span> <span class='ocrx_word' id='word_1_546' title='bbox 1725 4202 1812 4253; x_wconf 85' lang='grc' dir='ltr'><strong>λέ-</strong></span> 
     </span>
    </p>
   </div>
   <div class='ocr_carea' id='block_1_75' title="bbox 218 4285 1806 4357">
    <p class='ocr_par' dir='ltr' id='par_1_75' title="bbox 218 4285 1806 4357">
     <span class='ocr_line' id='line_1_75' title="bbox 218 4285 1806 4357; baseline 0.002 -19"><span class='ocrx_word' id='word_1_547' title='bbox 218 4304 361 4352; x_wconf 85' lang='grc' dir='ltr'>γων,</span> <span class='ocrx_word' id='word_1_548' title='bbox 392 4286 533 4348; x_wconf 80' lang='grc' dir='ltr'>Νέος</span> <span class='ocrx_word' id='word_1_549' title='bbox 563 4285 681 4355; x_wconf 75' lang='grc' dir='ltr'>εἰμὶ</span> <span class='ocrx_word' id='word_1_550' title='bbox 702 4288 803 4351; x_wconf 80' lang='grc' dir='ltr'>ἔτι,</span> <span class='ocrx_word' id='word_1_551' title='bbox 854 4289 995 4351; x_wconf 78' lang='grc' dir='ltr'>τέως</span> <span class='ocrx_word' id='word_1_552' title='bbox 1042 4289 1337 4342; x_wconf 77' lang='grc' dir='ltr'>ἀπολαύσω</span> <span class='ocrx_word' id='word_1_553' title='bbox 1381 4290 1491 4343; x_wconf 81' lang='grc' dir='ltr'>τῶν</span> <span class='ocrx_word' id='word_1_554' title='bbox 1535 4289 1628 4341; x_wconf 75' lang='grc' dir='ltr'>τοῦ</span> <span class='ocrx_word' id='word_1_555' title='bbox 1671 4289 1806 4357; x_wconf 86' lang='grc' dir='ltr'>βίου.</span> 
     </span>
    </p>
   </div>
   <div class='ocr_carea' id='block_1_76' title="bbox 229 4378 1806 4452">
    <p class='ocr_par' dir='ltr' id='par_1_76' title="bbox 229 4378 1806 4452">
     <span class='ocr_line' id='line_1_76' title="bbox 229 4378 1806 4452; baseline 0.001 -21"><span class='ocrx_word' id='word_1_556' title='bbox 229 4378 593 4447; x_wconf 77' lang='grc' dir='ltr'>Ἐντρυφήσω</span> <span class='ocrx_word' id='word_1_557' title='bbox 618 4378 698 4447; x_wconf 81' lang='grc' dir='ltr'>τῷ</span> <span class='ocrx_word' id='word_1_558' title='bbox 732 4381 950 4450; x_wconf 81' lang='grc' dir='ltr'>κόσμῳ.</span> <span class='ocrx_word' id='word_1_559' title='bbox 978 4381 1317 4451; x_wconf 85' lang='grc' dir='ltr'>Θεραπεύσω</span> <span class='ocrx_word' id='word_1_560' title='bbox 1354 4398 1456 4450; x_wconf 89' lang='grc' dir='ltr'><strong>μου</strong></span> <span class='ocrx_word' id='word_1_561' title='bbox 1478 4384 1577 4452; x_wconf 73' lang='grc' dir='ltr'>τὴν</span> <span class='ocrx_word' id='word_1_562' title='bbox 1606 4381 1806 4450; x_wconf 82' lang='grc' dir='ltr'>σάρκα.</span> 
     </span>
    </p>
   </div>
   <div class='ocr_carea' id='block_1_77' title="bbox 217 4472 1811 4543">
    <p class='ocr_par' dir='ltr' id='par_1_77' title="bbox 217 4472 1811 4543">
     <span class='ocr_line' id='line_1_77' title="bbox 217 4472 1811 4543; baseline -0.001 -18"><span class='ocrx_word' id='word_1_563' title='bbox 217 4472 318 4526; x_wconf 79' lang='grc' dir='ltr'>καὶ</span> <span class='ocrx_word' id='word_1_564' title='bbox 368 4472 430 4524; x_wconf 70' lang='grc' dir='ltr'>ἑν</span> <span class='ocrx_word' id='word_1_565' title='bbox 471 4472 686 4541; x_wconf 82' lang='grc' dir='ltr'>ὑστέρῳ</span> <span class='ocrx_word' id='word_1_566' title='bbox 728 4472 994 4540; x_wconf 81' lang='grc' dir='ltr'>μετανοῶ.</span> <span class='ocrx_word' id='word_1_567' title='bbox 1026 4472 1417 4543; x_wconf 78' lang='grc' dir='ltr'>Φιλάνθρωπος</span> <span class='ocrx_word' id='word_1_568' title='bbox 1448 4473 1557 4541; x_wconf 81' lang='grc' dir='ltr'><strong>γάρ</strong></span> <span class='ocrx_word' id='word_1_569' title='bbox 1591 4472 1741 4524; x_wconf 79' lang='grc' dir='ltr'>ἐστιν</span> <span class='ocrx_word' id='word_1_570' title='bbox 1780 4472 1811 4522; x_wconf 81' lang='grc' dir='ltr'><strong>ὁ</strong></span> 
     </span>
    </p>
   </div>
   <div class='ocr_carea' id='block_1_78' title="bbox 1913 3284 3493 3361">
    <p class='ocr_par' dir='ltr' id='par_1_78' title="bbox 1913 3284 3493 3361">
     <span class='ocr_line' id='line_1_78' title="bbox 1913 3284 3493 3361; baseline -0.005 -16"><span class='ocrx_word' id='word_1_571' title='bbox 1913 3302 1969 3346; x_wconf 87' lang='lat' dir='ltr'><strong>et</strong></span> <span class='ocrx_word' id='word_1_572' title='bbox 1991 3292 2035 3344; x_wconf 85' lang='lat' dir='ltr'><strong>si</strong></span> <span class='ocrx_word' id='word_1_573' title='bbox 2064 3290 2199 3360; x_wconf 92' lang='lat' dir='ltr'><strong>quid</strong></span> <span class='ocrx_word' id='word_1_574' title='bbox 2230 3288 2496 3361; x_wconf 77' lang='lat' dir='ltr'><strong>prannisi,</strong></span> <span class='ocrx_word' id='word_1_575' title='bbox 2530 3290 2635 3343; x_wconf 87' lang='lat' dir='ltr'><strong>hoc</strong></span> <span class='ocrx_word' id='word_1_576' title='bbox 2668 3297 2724 3341; x_wconf 90' lang='lat' dir='ltr'><strong>et</strong></span> <span class='ocrx_word' id='word_1_577' title='bbox 2758 3287 2893 3341; x_wconf 80' lang='lat' dir='ltr'><strong>milii</strong></span> <span class='ocrx_word' id='word_1_578' title='bbox 2917 3287 3025 3340; x_wconf 88' lang='lat' dir='ltr'><strong>erit</strong></span> <span class='ocrx_word' id='word_1_579' title='bbox 3058 3286 3307 3340; x_wconf 91' lang='lat' dir='ltr'><strong>obvium.</strong></span> <span class='ocrx_word' id='word_1_580' title='bbox 3351 3285 3418 3339; x_wconf 76' lang='lat' dir='ltr'><strong>Et</strong></span> <span class='ocrx_word' id='word_1_581' title='bbox 3447 3284 3493 3337; x_wconf 81' lang='lat' dir='ltr'><strong>si</strong></span> 
     </span>
    </p>
   </div>
   <div class='ocr_carea' id='block_1_79' title="bbox 1910 3376 3493 3451">
    <p class='ocr_par' dir='ltr' id='par_1_79' title="bbox 1910 3376 3493 3451">
     <span class='ocr_line' id='line_1_79' title="bbox 1910 3376 3493 3451; baseline -0.005 -16"><span class='ocrx_word' id='word_1_582' title='bbox 1910 3398 2076 3451; x_wconf 83' lang='lat' dir='ltr'><strong>quem</strong></span> <span class='ocrx_word' id='word_1_583' title='bbox 2110 3384 2406 3435; x_wconf 85' lang='lat' dir='ltr'><strong>miseratus</strong></span> <span class='ocrx_word' id='word_1_584' title='bbox 2423 3396 2567 3443; x_wconf 90' lang='lat' dir='ltr'><strong>sum,</strong></span> <span class='ocrx_word' id='word_1_585' title='bbox 2599 3379 2805 3433; x_wconf 84' lang='lat' dir='ltr'><strong>is&#39;liora</strong></span> <span class='ocrx_word' id='word_1_586' title='bbox 2830 3379 2920 3431; x_wconf 90' lang='lat' dir='ltr'><strong>illa</strong></span> <span class='ocrx_word' id='word_1_587' title='bbox 2952 3377 3313 3431; x_wconf 76' lang='lat' dir='ltr'><strong>auxiliabitnr</strong></span> <span class='ocrx_word' id='word_1_588' title='bbox 3336 3376 3493 3436; x_wconf 84' lang='lat' dir='ltr'><strong>milii,</strong></span> 
     </span>
    </p>
   </div>
   <div class='ocr_carea' id='block_1_80' title="bbox 1910 3466 3496 3543">
    <p class='ocr_par' dir='ltr' id='par_1_80' title="bbox 1910 3466 3496 3543">
     <span class='ocr_line' id='line_1_80' title="bbox 1910 3466 3496 3543; baseline -0.006 -17"><span class='ocrx_word' id='word_1_589' title='bbox 1910 3473 2038 3543; x_wconf 89' lang='lat' dir='ltr'><strong>quia</strong></span> <span class='ocrx_word' id='word_1_590' title='bbox 2071 3481 2304 3541; x_wconf 77' lang='lat' dir='ltr'><strong>angusta</strong></span> <span class='ocrx_word' id='word_1_591' title='bbox 2341 3472 2477 3525; x_wconf 82' lang='lat' dir='ltr'><strong>milii</strong></span> <span class='ocrx_word' id='word_1_592' title='bbox 2505 3481 2562 3527; x_wconf 92' lang='lat' dir='ltr'><strong>et</strong></span> <span class='ocrx_word' id='word_1_593' title='bbox 2609 3470 2792 3539; x_wconf 72' lang='lat' dir='ltr'><strong>gravis</strong></span> <span class='ocrx_word' id='word_1_594' title='bbox 2835 3483 3084 3538; x_wconf 62' lang='lat' dir='ltr'><strong>praesens</strong></span> <span class='ocrx_word' id='word_1_595' title='bbox 3119 3466 3254 3521; x_wconf 84' lang='lat' dir='ltr'><strong>liora</strong></span> <span class='ocrx_word' id='word_1_596' title='bbox 3296 3466 3496 3519; x_wconf 75' lang='lat' dir='ltr'><strong>anima:</strong></span> 
     </span>
    </p>
   </div>
   <div class='ocr_carea' id='block_1_81' title="bbox 1910 3556 3495 3633">
    <p class='ocr_par' dir='ltr' id='par_1_81' title="bbox 1910 3556 3495 3633">
     <span class='ocr_line' id='line_1_81' title="bbox 1910 3556 3495 3633; baseline -0.006 -17"><span class='ocrx_word' id='word_1_597' title='bbox 1910 3580 2077 3633; x_wconf 87' lang='lat' dir='ltr'><strong>super</strong></span> <span class='ocrx_word' id='word_1_598' title='bbox 2104 3578 2326 3616; x_wconf 86' lang='lat' dir='ltr'><strong>omnem</strong></span> <span class='ocrx_word' id='word_1_599' title='bbox 2357 3562 2571 3616; x_wconf 85' lang='lat' dir='ltr'><strong>horam.</strong></span> <span class='ocrx_word' id='word_1_600' title='bbox 2604 3559 2745 3626; x_wconf 82' lang='lat' dir='ltr'><strong>Quid</strong></span> <span class='ocrx_word' id='word_1_601' title='bbox 2772 3558 2968 3613; x_wconf 86' lang='lat' dir='ltr'><strong>faciam</strong></span> <span class='ocrx_word' id='word_1_602' title='bbox 3000 3557 3219 3611; x_wconf 77' lang='lat' dir='ltr'><strong>infelix!</strong></span> <span class='ocrx_word' id='word_1_603' title='bbox 3250 3556 3495 3624; x_wconf 84' lang='lat' dir='ltr'><strong>lmpara—</strong></span> 
     </span>
    </p>
   </div>
   <div class='ocr_carea' id='block_1_82' title="bbox 1912 3648 3497 3723">
    <p class='ocr_par' dir='ltr' id='par_1_82' title="bbox 1912 3648 3497 3723">
     <span class='ocr_line' id='line_1_82' title="bbox 1912 3648 3497 3723; baseline -0.006 -15"><span class='ocrx_word' id='word_1_604' title='bbox 1912 3664 2003 3709; x_wconf 87' lang='lat' dir='ltr'><strong>tus</strong></span> <span class='ocrx_word' id='word_1_605' title='bbox 2030 3654 2181 3709; x_wconf 90' lang='lat' dir='ltr'><strong>enim</strong></span> <span class='ocrx_word' id='word_1_606' title='bbox 2217 3668 2519 3723; x_wconf 87' lang='lat' dir='ltr'><strong>oppressus</strong></span> <span class='ocrx_word' id='word_1_607' title='bbox 2557 3668 2703 3706; x_wconf 74' lang='lat' dir='ltr'><strong>sum.</strong></span> <span class='ocrx_word' id='word_1_608' title='bbox 2730 3649 3051 3704; x_wconf 89' lang='lat' dir='ltr'><strong>Tcncbrosa</strong></span> <span class='ocrx_word' id='word_1_609' title='bbox 3082 3648 3216 3702; x_wconf 82' lang='lat' dir='ltr'><strong>milii</strong></span> <span class='ocrx_word' id='word_1_610' title='bbox 3252 3662 3497 3717; x_wconf 74' lang='lat' dir='ltr'><strong>pneseus</strong></span> 
     </span>
    </p>
   </div>
   <div class='ocr_carea' id='block_1_83' title="bbox 1913 3740 3495 3810">
    <p class='ocr_par' dir='ltr' id='par_1_83' title="bbox 1913 3740 3495 3810">
     <span class='ocr_line' id='line_1_83' title="bbox 1913 3740 3495 3810; baseline -0.006 -11"><span class='ocrx_word' id='word_1_611' title='bbox 1913 3763 2021 3799; x_wconf 80' lang='lat' dir='ltr'><strong>nox</strong></span> <span class='ocrx_word' id='word_1_612' title='bbox 2045 3764 2059 3810; x_wconf 92' lang='lat'><strong>;</strong></span> <span class='ocrx_word' id='word_1_613' title='bbox 2094 3749 2217 3800; x_wconf 88' lang='lat' dir='ltr'><strong>sine</strong></span> <span class='ocrx_word' id='word_1_614' title='bbox 2244 3747 2432 3799; x_wconf 92' lang='lat' dir='ltr'><strong>fructu</strong></span> <span class='ocrx_word' id='word_1_615' title='bbox 2461 3744 2611 3799; x_wconf 88' lang='lat' dir='ltr'><strong>enim</strong></span> <span class='ocrx_word' id='word_1_616' title='bbox 2641 3744 2867 3797; x_wconf 87' lang='lat' dir='ltr'><strong>avulsus</strong></span> <span class='ocrx_word' id='word_1_617' title='bbox 2887 3757 3029 3796; x_wconf 87' lang='lat' dir='ltr'><strong>sum.</strong></span> <span class='ocrx_word' id='word_1_618' title='bbox 3058 3740 3165 3795; x_wconf 88' lang='lat' dir='ltr'><strong>Sed</strong></span> <span class='ocrx_word' id='word_1_619' title='bbox 3198 3741 3495 3809; x_wconf 81' lang='lat' dir='ltr'><strong>lacrymatc</strong></span> 
     </span>
    </p>
   </div>
   <div class='ocr_carea' id='block_1_84' title="bbox 1912 3832 3498 3907">
    <p class='ocr_par' dir='ltr' id='par_1_84' title="bbox 1912 3832 3498 3907">
     <span class='ocr_line' id='line_1_84' title="bbox 1912 3832 3498 3907; baseline -0.004 -16"><span class='ocrx_word' id='word_1_620' title='bbox 1912 3854 2080 3907; x_wconf 87' lang='lat' dir='ltr'><strong>super</strong></span> <span class='ocrx_word' id='word_1_621' title='bbox 2114 3852 2201 3890; x_wconf 91' lang='lat' dir='ltr'><strong>me</strong></span> <span class='ocrx_word' id='word_1_622' title='bbox 2231 3851 2439 3897; x_wconf 87' lang='lat' dir='ltr'><strong>amare,</strong></span> <span class='ocrx_word' id='word_1_623' title='bbox 2472 3843 2528 3890; x_wconf 88' lang='lat' dir='ltr'><strong>et</strong></span> <span class='ocrx_word' id='word_1_624' title='bbox 2554 3835 2758 3904; x_wconf 78' lang='lat' dir='ltr'><strong>lugete.</strong></span> <span class='ocrx_word' id='word_1_625' title='bbox 2791 3832 3357 3898; x_wconf 80' lang='lat' dir='ltr'><strong>Miseremini,amici,</strong></span> <span class='ocrx_word' id='word_1_626' title='bbox 3396 3833 3498 3885; x_wconf 88' lang='lat' dir='ltr'><strong>mi-</strong></span> 
     </span>
    </p>
   </div>
   <div class='ocr_carea' id='block_1_85' title="bbox 1912 3924 3496 3995">
    <p class='ocr_par' dir='ltr' id='par_1_85' title="bbox 1912 3924 3496 3995">
     <span class='ocr_line' id='line_1_85' title="bbox 1912 3924 3496 3995; baseline -0.003 -13"><span class='ocrx_word' id='word_1_627' title='bbox 1912 3928 2173 3983; x_wconf 84' lang='lat' dir='ltr'><strong>seremini</strong></span> <span class='ocrx_word' id='word_1_628' title='bbox 2210 3936 2267 3982; x_wconf 88' lang='lat' dir='ltr'><strong>et</strong></span> <span class='ocrx_word' id='word_1_629' title='bbox 2294 3925 2667 3981; x_wconf 80' lang='lat' dir='ltr'><strong>auxiliamini.</strong></span> <span class='ocrx_word' id='word_1_630' title='bbox 2696 3924 3091 3995; x_wconf 85' lang='lat' dir='ltr'><strong>Compatimini</strong></span> <span class='ocrx_word' id='word_1_631' title='bbox 3124 3924 3259 3978; x_wconf 83' lang='lat' dir='ltr'><strong>milii</strong></span> <span class='ocrx_word' id='word_1_632' title='bbox 3287 3933 3343 3977; x_wconf 91' lang='lat' dir='ltr'><strong>et</strong></span> <span class='ocrx_word' id='word_1_633' title='bbox 3366 3938 3496 3992; x_wconf 88' lang='lat' dir='ltr'><strong>prc-</strong></span> 
     </span>
    </p>
   </div>
   <div class='ocr_carea' id='block_1_86' title="bbox 1912 4015 3498 4085">
    <p class='ocr_par' dir='ltr' id='par_1_86' title="bbox 1912 4015 3498 4085">
     <span class='ocr_line' id='line_1_86' title="bbox 1912 4015 3498 4085; baseline -0.004 -12"><span class='ocrx_word' id='word_1_634' title='bbox 1912 4018 2136 4081; x_wconf 82' lang='lat' dir='ltr'><strong>camini,</strong></span> <span class='ocrx_word' id='word_1_635' title='bbox 2164 4025 2225 4070; x_wconf 90' lang='lat' dir='ltr'><strong>ut</strong></span> <span class='ocrx_word' id='word_1_636' title='bbox 2255 4016 2330 4070; x_wconf 92' lang='lat' dir='ltr'><strong>ibi</strong></span> <span class='ocrx_word' id='word_1_637' title='bbox 2378 4015 2662 4071; x_wconf 87' lang='lat' dir='ltr'><strong>inveniam</strong></span> <span class='ocrx_word' id='word_1_638' title='bbox 2713 4031 2939 4085; x_wconf 87' lang='lat' dir='ltr'><strong>parvam</strong></span> <span class='ocrx_word' id='word_1_639' title='bbox 2979 4015 3408 4079; x_wconf 86' lang='lat' dir='ltr'><strong>absolutionem,</strong></span> <span class='ocrx_word' id='word_1_640' title='bbox 3436 4029 3498 4068; x_wconf 92' lang='lat' dir='ltr'><strong>ut</strong></span> 
     </span>
    </p>
   </div>
   <div class='ocr_carea' id='block_1_87' title="bbox 1911 4106 3497 4180">
    <p class='ocr_par' dir='ltr' id='par_1_87' title="bbox 1911 4106 3497 4180">
     <span class='ocr_line' id='line_1_87' title="bbox 1911 4106 3497 4180; baseline -0.003 -17"><span class='ocrx_word' id='word_1_641' title='bbox 1911 4109 2179 4180; x_wconf 82' lang='lat' dir='ltr'><strong>accipiam</strong></span> <span class='ocrx_word' id='word_1_642' title='bbox 2218 4107 2294 4163; x_wconf 93' lang='lat' dir='ltr'><strong>ibi</strong></span> <span class='ocrx_word' id='word_1_643' title='bbox 2345 4123 2573 4177; x_wconf 90' lang='lat' dir='ltr'><strong>parvam</strong></span> <span class='ocrx_word' id='word_1_644' title='bbox 2623 4106 3088 4161; x_wconf 88' lang='lat' dir='ltr'><strong>miscricordiam.</strong></span> <span class='ocrx_word' id='word_1_645' title='bbox 3140 4107 3259 4161; x_wconf 85' lang='lat' dir='ltr'><strong>Non</strong></span> <span class='ocrx_word' id='word_1_646' title='bbox 3309 4122 3497 4175; x_wconf 75' lang='lat' dir='ltr'><strong>quzem</strong></span> 
     </span>
    </p>
   </div>
   <div class='ocr_carea' id='block_1_88' title="bbox 1913 4197 3494 4269">
    <p class='ocr_par' dir='ltr' id='par_1_88' title="bbox 1913 4197 3494 4269">
     <span class='ocr_line' id='line_1_88' title="bbox 1913 4197 3494 4269; baseline -0.003 -16"><span class='ocrx_word' id='word_1_647' title='bbox 1913 4202 2145 4254; x_wconf 84' lang='lat' dir='ltr'><strong>inultum</strong></span> <span class='ocrx_word' id='word_1_648' title='bbox 2177 4200 2305 4269; x_wconf 88' lang='lat' dir='ltr'><strong>quia</strong></span> <span class='ocrx_word' id='word_1_649' title='bbox 2338 4198 2568 4251; x_wconf 91' lang='lat' dir='ltr'><strong>multum</strong></span> <span class='ocrx_word' id='word_1_650' title='bbox 2594 4198 2839 4267; x_wconf 88' lang='lat' dir='ltr'><strong>peccavi.</strong></span> <span class='ocrx_word' id='word_1_651' title='bbox 2868 4197 3019 4251; x_wconf 83' lang='lat' dir='ltr'><strong>Eheu</strong></span> <span class='ocrx_word' id='word_1_652' title='bbox 3047 4199 3494 4266; x_wconf 78' lang='lat' dir='ltr'><strong>quammeipsnm</strong></span> 
     </span>
    </p>
   </div>
   <div class='ocr_carea' id='block_1_89' title="bbox 1912 4285 3499 4360">
    <p class='ocr_par' dir='ltr' id='par_1_89' title="bbox 1912 4285 3499 4360">
     <span class='ocr_line' id='line_1_89' title="bbox 1912 4285 3499 4360; baseline -0.004 -18"><span class='ocrx_word' id='word_1_653' title='bbox 1912 4291 2137 4360; x_wconf 86' lang='lat' dir='ltr'><strong>decepi!</strong></span> <span class='ocrx_word' id='word_1_654' title='bbox 2175 4291 2346 4355; x_wconf 82' lang='lat' dir='ltr'><strong>Quam</strong></span> <span class='ocrx_word' id='word_1_655' title='bbox 2374 4302 2461 4341; x_wconf 94' lang='lat' dir='ltr'><strong>mc</strong></span> <span class='ocrx_word' id='word_1_656' title='bbox 2492 4288 2670 4356; x_wconf 87' lang='lat' dir='ltr'><strong>ipsum</strong></span> <span class='ocrx_word' id='word_1_657' title='bbox 2706 4286 2989 4341; x_wconf 85' lang='lat' dir='ltr'><strong>ludificavi</strong></span> <span class='ocrx_word' id='word_1_658' title='bbox 3035 4285 3227 4340; x_wconf 89' lang='lat' dir='ltr'><strong>dicens</strong></span> <span class='ocrx_word' id='word_1_659' title='bbox 3258 4303 3269 4335; x_wconf 90' lang='lat'><strong>:</strong></span> <span class='ocrx_word' id='word_1_660' title='bbox 3301 4285 3499 4338; x_wconf 84' lang='lat' dir='ltr'><strong>Junior</strong></span> 
     </span>
    </p>
   </div>
   <div class='ocr_carea' id='block_1_90' title="bbox 1912 4376 3496 4450">
    <p class='ocr_par' dir='ltr' id='par_1_90' title="bbox 1912 4376 3496 4450">
     <span class='ocr_line' id='line_1_90' title="bbox 1912 4376 3496 4450; baseline -0.004 -14"><span class='ocrx_word' id='word_1_661' title='bbox 1912 4398 2034 4436; x_wconf 91' lang='lat' dir='ltr'><strong>sum</strong></span> <span class='ocrx_word' id='word_1_662' title='bbox 2086 4382 2287 4442; x_wconf 87' lang='lat' dir='ltr'><strong>adlmc.</strong></span> <span class='ocrx_word' id='word_1_663' title='bbox 2342 4379 2658 4450; x_wconf 80' lang='lat' dir='ltr'><strong>usquedum</strong></span> <span class='ocrx_word' id='word_1_664' title='bbox 2699 4378 2826 4433; x_wconf 79' lang='lat' dir='ltr'><strong>vitm</strong></span> <span class='ocrx_word' id='word_1_665' title='bbox 2872 4376 3036 4433; x_wconf 87' lang='lat' dir='ltr'><strong>bonis</strong></span> <span class='ocrx_word' id='word_1_666' title='bbox 3082 4378 3255 4431; x_wconf 88' lang='lat' dir='ltr'><strong>fruar.</strong></span> <span class='ocrx_word' id='word_1_667' title='bbox 3308 4377 3496 4431; x_wconf 78' lang='lat' dir='ltr'><strong>Mundi</strong></span> 
     </span>
    </p>
   </div>
   <div class='ocr_carea' id='block_1_91' title="bbox 1911 4466 3494 4537">
    <p class='ocr_par' dir='ltr' id='par_1_91' title="bbox 1911 4466 3494 4537">
     <span class='ocr_line' id='line_1_91' title="bbox 1911 4466 3494 4537; baseline -0.003 -10"><span class='ocrx_word' id='word_1_668' title='bbox 1911 4473 2132 4528; x_wconf 88' lang='lat' dir='ltr'><strong>deliciis</strong></span> <span class='ocrx_word' id='word_1_669' title='bbox 2158 4466 2429 4537; x_wconf 86' lang='lat' dir='ltr'><strong>dimuam,</strong></span> <span class='ocrx_word' id='word_1_670' title='bbox 2457 4486 2683 4527; x_wconf 84' lang='lat' dir='ltr'><strong>carnem</strong></span> <span class='ocrx_word' id='word_1_671' title='bbox 2724 4485 2901 4525; x_wconf 90' lang='lat' dir='ltr'><strong>meam</strong></span> <span class='ocrx_word' id='word_1_672' title='bbox 2935 4468 3166 4534; x_wconf 90' lang='lat' dir='ltr'><strong>curabo,</strong></span> <span class='ocrx_word' id='word_1_673' title='bbox 3191 4469 3260 4522; x_wconf 87' lang='lat' dir='ltr'><strong>ad</strong></span> <span class='ocrx_word' id='word_1_674' title='bbox 3305 4478 3494 4537; x_wconf 83' lang='lat' dir='ltr'><strong>postc-</strong></span> 
     </span>
    </p>
   </div>
   <div class='ocr_carea' id='block_1_92' title="bbox 216 4560 1807 4635">
    <p class='ocr_par' dir='ltr' id='par_1_92' title="bbox 216 4562 1807 4635">
     <span class='ocr_line' id='line_1_92' title="bbox 216 4562 1807 4635; baseline -0.001 -19"><span class='ocrx_word' id='word_1_675' title='bbox 216 4565 390 4630; x_wconf 76' lang='grc' dir='ltr'>Θεὸς,</span> <span class='ocrx_word' id='word_1_676' title='bbox 437 4565 532 4616; x_wconf 76' lang='grc' dir='ltr'>καὶ</span> <span class='ocrx_word' id='word_1_677' title='bbox 574 4564 795 4627; x_wconf 77' lang='grc' dir='ltr'>παντως</span> <span class='ocrx_word' id='word_1_678' title='bbox 831 4566 1178 4635; x_wconf 73' lang='grc' dir='ltr'>συγχωρήσει</span> <span class='ocrx_word' id='word_1_679' title='bbox 1224 4582 1335 4634; x_wconf 84' lang='grc' dir='ltr'>μοι.</span> <span class='ocrx_word' id='word_1_680' title='bbox 1379 4563 1566 4615; x_wconf 82' lang='grc' dir='ltr'>Ταῦτα</span> <span class='ocrx_word' id='word_1_681' title='bbox 1612 4562 1807 4615; x_wconf 81' lang='grc' dir='ltr'>ἐννοῶν</span> 
     </span>
    </p>
   </div>
   <div class='ocr_carea' id='block_1_93' title="bbox 1911 4560 3494 4635">
    <p class='ocr_par' dir='ltr' id='par_1_93' title="bbox 1914 4560 3494 4635">
     <span class='ocr_line' id='line_1_93' title="bbox 1914 4560 3494 4635; baseline -0.003 -16"><span class='ocrx_word' id='word_1_682' title='bbox 1914 4568 2031 4620; x_wconf 92' lang='lat' dir='ltr'><strong>rius</strong></span> <span class='ocrx_word' id='word_1_683' title='bbox 2058 4563 2437 4635; x_wconf 77' lang='lat' dir='ltr'><strong>pmnitcntiam</strong></span> <span class='ocrx_word' id='word_1_684' title='bbox 2459 4579 2639 4633; x_wconf 78' lang='lat' dir='ltr'><strong>agam.</strong></span> <span class='ocrx_word' id='word_1_685' title='bbox 2669 4562 2960 4618; x_wconf 81' lang='lat' dir='ltr'><strong>Hominem</strong></span> <span class='ocrx_word' id='word_1_686' title='bbox 2988 4560 3136 4615; x_wconf 89' lang='lat' dir='ltr'><strong>enim</strong></span> <span class='ocrx_word' id='word_1_687' title='bbox 3155 4568 3304 4615; x_wconf 90' lang='lat' dir='ltr'><strong>amat</strong></span> <span class='ocrx_word' id='word_1_688' title='bbox 3328 4560 3494 4622; x_wconf 83' lang='lat' dir='ltr'><strong>llcus,</strong></span> 
     </span>
    </p>
   </div>
   <div class='ocr_carea' id='block_1_94' title="bbox 218 4654 1805 4726">
    <p class='ocr_par' dir='ltr' id='par_1_94' title="bbox 218 4654 1805 4726">
     <span class='ocr_line' id='line_1_94' title="bbox 218 4654 1805 4726; baseline 0.001 -20"><span class='ocrx_word' id='word_1_689' title='bbox 218 4655 550 4723; x_wconf 85' lang='grc' dir='ltr'>καθημέραν</span> <span class='ocrx_word' id='word_1_690' title='bbox 598 4655 695 4725; x_wconf 81' lang='grc' dir='ltr'>τὴν</span> <span class='ocrx_word' id='word_1_691' title='bbox 728 4656 969 4725; x_wconf 78' lang='grc' dir='ltr'>ἐμαυτοῦ</span> <span class='ocrx_word' id='word_1_692' title='bbox 1024 4656 1172 4726; x_wconf 72' lang='grc' dir='ltr'>ζωὴν</span> <span class='ocrx_word' id='word_1_693' title='bbox 1234 4654 1420 4717; x_wconf 83' lang='grc' dir='ltr'>κακῶς</span> <span class='ocrx_word' id='word_1_694' title='bbox 1464 4655 1805 4724; x_wconf 71' lang='grc' dir='ltr'>ὲδαπάνησα.</span> 
     </span>
    </p>
   </div>
   <div class='ocr_carea' id='block_1_95' title="bbox 229 4746 1808 4819">
    <p class='ocr_par' dir='ltr' id='par_1_95' title="bbox 229 4746 1808 4819">
     <span class='ocr_line' id='line_1_95' title="bbox 229 4746 1808 4819; baseline 0 -19"><span class='ocrx_word' id='word_1_695' title='bbox 229 4746 645 4818; x_wconf 73' lang='grc' dir='ltr'>Ἐδιδασκόμην,</span> <span class='ocrx_word' id='word_1_696' title='bbox 679 4748 773 4801; x_wconf 79' lang='grc' dir='ltr'><strong>καὶ</strong></span> <span class='ocrx_word' id='word_1_697' title='bbox 811 4749 872 4801; x_wconf 74' lang='grc' dir='ltr'>οὐ</span> <span class='ocrx_word' id='word_1_698' title='bbox 903 4751 1195 4819; x_wconf 84' lang='grc' dir='ltr'>προσεῖχον</span> <span class='ocrx_word' id='word_1_699' title='bbox 1229 4765 1244 4779; x_wconf 79' lang='lat'><strong><em>°</em></strong></span> <span class='ocrx_word' id='word_1_700' title='bbox 1273 4748 1689 4817; x_wconf 80' lang='grc' dir='ltr'>ὲνουοετούμην,</span> <span class='ocrx_word' id='word_1_701' title='bbox 1713 4748 1808 4801; x_wconf 78' lang='grc' dir='ltr'>καὶ</span> 
     </span>
    </p>
   </div>
   <div class='ocr_carea' id='block_1_96' title="bbox 217 4837 1803 4910">
    <p class='ocr_par' dir='ltr' id='par_1_96' title="bbox 217 4837 1803 4910">
     <span class='ocr_line' id='line_1_96' title="bbox 217 4837 1803 4910; baseline 0.001 -19"><span class='ocrx_word' id='word_1_702' title='bbox 217 4837 568 4905; x_wconf 77' lang='grc' dir='ltr'>κατεγέλων·</span> <span class='ocrx_word' id='word_1_703' title='bbox 609 4840 810 4908; x_wconf 68' lang='grc' dir='ltr'>ἢκουον</span> <span class='ocrx_word' id='word_1_704' title='bbox 851 4840 961 4893; x_wconf 83' lang='grc' dir='ltr'><strong>τῶν</strong></span> <span class='ocrx_word' id='word_1_705' title='bbox 1008 4840 1265 4910; x_wconf 82' lang='grc' dir='ltr'>Γραφῶν,</span> <span class='ocrx_word' id='word_1_706' title='bbox 1317 4840 1391 4903; x_wconf 80' lang='grc' dir='ltr'>ὡς</span> <span class='ocrx_word' id='word_1_707' title='bbox 1429 4839 1506 4910; x_wconf 85' lang='grc' dir='ltr'><strong>μὴ</strong></span> <span class='ocrx_word' id='word_1_708' title='bbox 1562 4838 1803 4892; x_wconf 57' lang='grc' dir='ltr'>ἁκούων</span> 
     </span>
    </p>
   </div>
   <div class='ocr_carea' id='block_1_97' title="bbox 216 4929 1808 5001">
    <p class='ocr_par' dir='ltr' id='par_1_97' title="bbox 216 4929 1808 5001">
     <span class='ocr_line' id='line_1_97' title="bbox 216 4929 1808 5001; baseline 0.002 -20"><span class='ocrx_word' id='word_1_709' title='bbox 216 4929 420 4998; x_wconf 73' lang='grc' dir='ltr'>ἢκουον</span> <span class='ocrx_word' id='word_1_710' title='bbox 473 4929 605 4997; x_wconf 67' lang='grc' dir='ltr'>περὶ</span> <span class='ocrx_word' id='word_1_711' title='bbox 661 4931 921 5001; x_wconf 83' lang='grc' dir='ltr'>κρίσεως,</span> <span class='ocrx_word' id='word_1_712' title='bbox 978 4933 1072 4985; x_wconf 77' lang='grc' dir='ltr'>καὶ</span> <span class='ocrx_word' id='word_1_713' title='bbox 1110 4931 1569 5001; x_wconf 72' lang='grc' dir='ltr'>ἐξεμυκτήριζονο</span> <span class='ocrx_word' id='word_1_714' title='bbox 1608 4932 1808 5001; x_wconf 72' lang='grc' dir='ltr'>ἤκουον</span> 
     </span>
    </p>
   </div>
   <div class='ocr_carea' id='block_1_98' title="bbox 218 5021 1807 5093">
    <p class='ocr_par' dir='ltr' id='par_1_98' title="bbox 218 5021 1807 5093">
     <span class='ocr_line' id='line_1_98' title="bbox 218 5021 1807 5093; baseline -0.001 -18"><span class='ocrx_word' id='word_1_715' title='bbox 218 5023 349 5092; x_wconf 74' lang='grc' dir='ltr'>περὶ</span> <span class='ocrx_word' id='word_1_716' title='bbox 382 5021 641 5085; x_wconf 78' lang='grc' dir='ltr'>θανάτου,</span> <span class='ocrx_word' id='word_1_717' title='bbox 675 5023 773 5077; x_wconf 76' lang='grc' dir='ltr'>καὶ</span> <span class='ocrx_word' id='word_1_718' title='bbox 797 5022 872 5086; x_wconf 82' lang='grc' dir='ltr'>ὡς</span> <span class='ocrx_word' id='word_1_719' title='bbox 924 5022 1197 5085; x_wconf 80' lang='grc' dir='ltr'>ἀθάνατος</span> <span class='ocrx_word' id='word_1_720' title='bbox 1243 5023 1549 5093; x_wconf 79' lang='grc' dir='ltr'>διεκείμην,</span> <span class='ocrx_word' id='word_1_721' title='bbox 1587 5023 1683 5074; x_wconf 72' lang='grc' dir='ltr'>καὶ</span> <span class='ocrx_word' id='word_1_722' title='bbox 1730 5022 1807 5084; x_wconf 83' lang='grc' dir='ltr'>ὡς</span> 
     </span>
    </p>
   </div>
   <div class='ocr_carea' id='block_1_99' title="bbox 220 5114 1809 5186">
    <p class='ocr_par' dir='ltr' id='par_1_99' title="bbox 220 5114 1809 5186">
     <span class='ocr_line' id='line_1_99' title="bbox 220 5114 1809 5186; baseline 0.001 -19"><span class='ocrx_word' id='word_1_723' title='bbox 220 5114 444 5178; x_wconf 76' lang='grc' dir='ltr'>αἰώνιος</span> <span class='ocrx_word' id='word_1_724' title='bbox 503 5116 895 5186; x_wconf 72' lang='grc' dir='ltr'>κατεφρόνουν.</span> <span class='ocrx_word' id='word_1_725' title='bbox 955 5117 1066 5170; x_wconf 80' lang='grc' dir='ltr'><strong>Καὶ</strong></span> <span class='ocrx_word' id='word_1_726' title='bbox 1119 5116 1270 5180; x_wconf 64' lang='grc' dir='ltr'>ἰδοὺ,</span> <span class='ocrx_word' id='word_1_727' title='bbox 1315 5115 1392 5177; x_wconf 85' lang='grc' dir='ltr'>ὡς</span> <span class='ocrx_word' id='word_1_728' title='bbox 1437 5116 1809 5186; x_wconf 81' lang='grc' dir='ltr'>ἀμετανόητος</span> 
     </span>
    </p>
   </div>
   <div class='ocr_carea' id='block_1_100' title="bbox 219 5205 1810 5278">
    <p class='ocr_par' dir='ltr' id='par_1_100' title="bbox 219 5205 1810 5278">
     <span class='ocr_line' id='line_1_100' title="bbox 219 5205 1810 5278; baseline -0.001 -19"><span class='ocrx_word' id='word_1_729' title='bbox 219 5205 469 5275; x_wconf 59' lang='grc' dir='ltr'><strong>ὲψθάθην</strong></span> <span class='ocrx_word' id='word_1_730' title='bbox 518 5206 657 5277; x_wconf 71' lang='grc'><strong>(52),</strong></span> <span class='ocrx_word' id='word_1_731' title='bbox 687 5207 785 5260; x_wconf 76' lang='grc' dir='ltr'>καὶ</span> <span class='ocrx_word' id='word_1_732' title='bbox 803 5207 981 5271; x_wconf 75' lang='grc' dir='ltr'>οὐδεὶς</span> <span class='ocrx_word' id='word_1_733' title='bbox 1026 5210 1055 5260; x_wconf 81' lang='grc' dir='ltr'><strong>ὁ</strong></span> <span class='ocrx_word' id='word_1_734' title='bbox 1084 5207 1471 5278; x_wconf 80' lang='grc' dir='ltr'>λυτρούμενος.</span> <span class='ocrx_word' id='word_1_735' title='bbox 1521 5208 1651 5260; x_wconf 72' lang='grc' dir='ltr'>Ἰδοὺ</span> <span class='ocrx_word' id='word_1_736' title='bbox 1692 5207 1810 5259; x_wconf 67' lang='grc' dir='ltr'>δέοι</span> 
     </span>
    </p>
   </div>
   <div class='ocr_carea' id='block_1_101' title="bbox 297 5362 724 5429">
    <p class='ocr_par' dir='ltr' id='par_1_101' title="bbox 297 5362 724 5429">
     <span class='ocr_line' id='line_1_101' title="bbox 297 5362 724 5429; baseline 0.002 -11"><span class='ocrx_word' id='word_1_737' title='bbox 297 5364 319 5394; x_wconf 84' lang='lat'><strong>’</strong></span> <span class='ocrx_word' id='word_1_738' title='bbox 343 5362 487 5418; x_wconf 81' lang='lat' dir='ltr'><strong>Gen.</strong></span> <span class='ocrx_word' id='word_1_739' title='bbox 520 5377 599 5429; x_wconf 83' lang='lat' dir='ltr'><strong>In,</strong></span> <span class='ocrx_word' id='word_1_740' title='bbox 635 5363 724 5419; x_wconf 71' lang='lat' dir='ltr'><strong>ﬁ.</strong></span> 
     </span>
    </p>
   </div>
   <div class='ocr_carea' id='block_1_102' title="bbox 290 5497 1789 5569">
    <p class='ocr_par' dir='ltr' id='par_1_102' title="bbox 290 5497 1789 5569">
     <span class='ocr_line' id='line_1_102' title="bbox 290 5497 1789 5569; baseline 0.001 -16"><span class='ocrx_word' id='word_1_741' title='bbox 290 5497 417 5569; x_wconf 69' lang='lat'><strong>(&#39;28)</strong></span> <span class='ocrx_word' id='word_1_742' title='bbox 464 5498 564 5563; x_wconf 78' lang='grc' dir='ltr'><strong>Εις</strong></span> <span class='ocrx_word' id='word_1_743' title='bbox 606 5498 723 5564; x_wconf 79' lang='grc' dir='ltr'><strong>τὴν</strong></span> <span class='ocrx_word' id='word_1_744' title='bbox 771 5499 1116 5566; x_wconf 83' lang='grc' dir='ltr'>σκοτεινήν.</span> <span class='ocrx_word' id='word_1_745' title='bbox 1166 5500 1329 5555; x_wconf 86' lang='lat' dir='ltr'><strong>Forte</strong></span> <span class='ocrx_word' id='word_1_746' title='bbox 1362 5499 1566 5554; x_wconf 76' lang='lat' dir='ltr'><strong>excidit</strong></span> <span class='ocrx_word' id='word_1_747' title='bbox 1594 5500 1789 5564; x_wconf 88' lang='grc' dir='ltr'>νύκτα,</span> 
     </span>
    </p>
   </div>
   <div class='ocr_carea' id='block_1_103' title="bbox 222 5567 1795 5651">
    <p class='ocr_par' dir='ltr' id='par_1_103' title="bbox 222 5567 1795 5651">
     <span class='ocr_line' id='line_1_103' title="bbox 222 5567 1795 5651; baseline 0.001 -28"><span class='ocrx_word' id='word_1_748' title='bbox 222 5567 321 5651; x_wconf 55' lang='grc' dir='ltr'>διας</span> <span class='ocrx_word' id='word_1_749' title='bbox 349 5567 559 5638; x_wconf 83' lang='grc' dir='ltr'>χώραν,</span> <span class='ocrx_word' id='word_1_750' title='bbox 586 5578 648 5621; x_wconf 87' lang='lat' dir='ltr'><strong>ut</strong></span> <span class='ocrx_word' id='word_1_751' title='bbox 682 5570 845 5638; x_wconf 82' lang='lat' dir='ltr'><strong>paulo</strong></span> <span class='ocrx_word' id='word_1_752' title='bbox 878 5579 1021 5640; x_wconf 87' lang='lat' dir='ltr'><strong>post,</strong></span> <span class='ocrx_word' id='word_1_753' title='bbox 1058 5572 1311 5641; x_wconf 82' lang='grc' dir='ltr'>σκοτεινή</span> <span class='ocrx_word' id='word_1_754' title='bbox 1353 5586 1444 5639; x_wconf 85' lang='grc' dir='ltr'><strong>μοι</strong></span> <span class='ocrx_word' id='word_1_755' title='bbox 1474 5571 1509 5640; x_wconf 78' lang='grc' dir='ltr'><strong>ὴ</strong></span> <span class='ocrx_word' id='word_1_756' title='bbox 1538 5571 1795 5643; x_wconf 81' lang='grc' dir='ltr'>παροῦσα</span> 
     </span>
    </p>
   </div>
   <div class='ocr_carea' id='block_1_104' title="bbox 222 5638 1801 5782">
    <p class='ocr_par' dir='ltr' id='par_1_104' title="bbox 222 5638 1801 5782">
     <span class='ocr_line' id='line_1_104' title="bbox 222 5638 1801 5782; baseline 0.002 -21"><span class='ocrx_word' id='word_1_757' title='bbox 222 5638 414 5782; x_wconf 41' lang='lat' dir='ltr'><strong>nam</strong></span> <span class='ocrx_word' id='word_1_758' title='bbox 439 5706 717 5782; x_wconf 67' lang='grc' dir='ltr'><strong>Συνοᾷξα.</strong></span> <span class='ocrx_word' id='word_1_759' title='bbox 738 5708 824 5782; x_wconf 83' lang='lat' dir='ltr'><strong>_Ex</strong></span> <span class='ocrx_word' id='word_1_760' title='bbox 845 5710 1114 5782; x_wconf 76' lang='lat' dir='ltr'><strong>vocabulo</strong></span> <span class='ocrx_word' id='word_1_761' title='bbox 1144 5710 1447 5782; x_wconf 81' lang='grc' dir='ltr'>Θρηνῳδίας</span> <span class='ocrx_word' id='word_1_762' title='bbox 1472 5710 1649 5780; x_wconf 89' lang='lat' dir='ltr'><strong>possit</strong></span> <span class='ocrx_word' id='word_1_763' title='bbox 1674 5710 1801 5782; x_wconf 91' lang='lat' dir='ltr'><strong>quis</strong></span> 
     </span>
    </p>
   </div>
   <div class='ocr_carea' id='block_1_105' title="bbox 226 5777 1796 5850">
    <p class='ocr_par' dir='ltr' id='par_1_105' title="bbox 226 5777 1796 5850">
     <span class='ocr_line' id='line_1_105' title="bbox 226 5777 1796 5850; baseline 0.002 -20"><span class='ocrx_word' id='word_1_764' title='bbox 226 5777 569 5850; x_wconf 73' lang='lat' dir='ltr'><strong>conspicere,</strong></span> <span class='ocrx_word' id='word_1_765' title='bbox 604 5777 690 5829; x_wconf 91' lang='lat' dir='ltr'><strong>bis</strong></span> <span class='ocrx_word' id='word_1_766' title='bbox 738 5778 840 5832; x_wconf 84' lang='lat' dir='ltr'><strong>hoc</strong></span> <span class='ocrx_word' id='word_1_767' title='bbox 896 5780 1017 5850; x_wconf 82' lang='lat' dir='ltr'><strong>loco</strong></span> <span class='ocrx_word' id='word_1_768' title='bbox 1047 5777 1353 5850; x_wconf 73' lang='lat' dir='ltr'><strong>legendum</strong></span> <span class='ocrx_word' id='word_1_769' title='bbox 1386 5777 1507 5835; x_wconf 76' lang='lat' dir='ltr'><strong>esse</strong></span> <span class='ocrx_word' id='word_1_770' title='bbox 1541 5777 1796 5850; x_wconf 81' lang='grc' dir='ltr'>συνῳδία.</span> 
     </span>
    </p>
   </div>
   <div class='ocr_carea' id='block_1_106' title="bbox 228 5846 1489 5917">
    <p class='ocr_par' dir='ltr' id='par_1_106' title="bbox 228 5846 1489 5917">
     <span class='ocr_line' id='line_1_106' title="bbox 228 5846 1489 5917; baseline 0.003 -17"><span class='ocrx_word' id='word_1_771' title='bbox 228 5847 352 5901; x_wconf 75' lang='lat' dir='ltr'><strong>Non</strong></span> <span class='ocrx_word' id='word_1_772' title='bbox 386 5846 569 5900; x_wconf 85' lang='lat' dir='ltr'><strong>minus</strong></span> <span class='ocrx_word' id='word_1_773' title='bbox 603 5855 783 5901; x_wconf 84' lang='lat' dir='ltr'><strong>tamen</strong></span> <span class='ocrx_word' id='word_1_774' title='bbox 827 5846 1229 5917; x_wconf 57' lang='lat' dir='ltr'><strong>probabile&#39;cst</strong></span> <span class='ocrx_word' id='word_1_775' title='bbox 1257 5851 1489 5904; x_wconf 62' lang='lat' dir='ltr'><strong>ama-:1.</strong></span> 
     </span>
    </p>
   </div>
   <div class='ocr_carea' id='block_1_107' title="bbox 1911 4652 3493 4726">
    <p class='ocr_par' dir='ltr' id='par_1_107' title="bbox 1911 4652 3493 4726">
     <span class='ocr_line' id='line_1_107' title="bbox 1911 4652 3493 4726; baseline -0.005 -13"><span class='ocrx_word' id='word_1_776' title='bbox 1911 4668 1969 4713; x_wconf 92' lang='lat' dir='ltr'><strong>ct</strong></span> <span class='ocrx_word' id='word_1_777' title='bbox 2002 4658 2257 4726; x_wconf 89' lang='lat' dir='ltr'><strong>protinus</strong></span> <span class='ocrx_word' id='word_1_778' title='bbox 2304 4656 2618 4726; x_wconf 80' lang='lat' dir='ltr'><strong>indulgebit</strong></span> <span class='ocrx_word' id='word_1_779' title='bbox 2670 4655 2831 4709; x_wconf 81' lang='lat' dir='ltr'><strong>milii.</strong></span> <span class='ocrx_word' id='word_1_780' title='bbox 2866 4653 2991 4707; x_wconf 69' lang='grc' dir='ltr'><strong>ΙΙωο</strong></span> <span class='ocrx_word' id='word_1_781' title='bbox 3040 4652 3291 4722; x_wconf 91' lang='lat' dir='ltr'><strong>quotidie</strong></span> <span class='ocrx_word' id='word_1_782' title='bbox 3327 4668 3493 4721; x_wconf 88' lang='lat' dir='ltr'><strong>repu-</strong></span> 
     </span>
    </p>
   </div>
   <div class='ocr_carea' id='block_1_108' title="bbox 1915 4744 3495 4816">
    <p class='ocr_par' dir='ltr' id='par_1_108' title="bbox 1915 4744 3495 4816">
     <span class='ocr_line' id='line_1_108' title="bbox 1915 4744 3495 4816; baseline -0.004 -13"><span class='ocrx_word' id='word_1_783' title='bbox 1915 4758 2035 4803; x_wconf 84' lang='lat' dir='ltr'><strong>tans</strong></span> <span class='ocrx_word' id='word_1_784' title='bbox 2067 4747 2237 4802; x_wconf 86' lang='lat' dir='ltr'><strong>vitam</strong></span> <span class='ocrx_word' id='word_1_785' title='bbox 2291 4763 2470 4802; x_wconf 85' lang='lat' dir='ltr'><strong>meam</strong></span> <span class='ocrx_word' id='word_1_786' title='bbox 2515 4747 2754 4816; x_wconf 89' lang='lat' dir='ltr'><strong>pessime</strong></span> <span class='ocrx_word' id='word_1_787' title='bbox 2793 4746 2938 4815; x_wconf 74' lang='lat' dir='ltr'><strong>degi.</strong></span> <span class='ocrx_word' id='word_1_788' title='bbox 2992 4744 3268 4809; x_wconf 87' lang='lat' dir='ltr'><strong>Docebar,</strong></span> <span class='ocrx_word' id='word_1_789' title='bbox 3313 4759 3495 4811; x_wconf 86' lang='lat' dir='ltr'><strong>neque</strong></span> 
     </span>
    </p>
   </div>
   <div class='ocr_carea' id='block_1_109' title="bbox 1914 4837 3494 4904">
    <p class='ocr_par' dir='ltr' id='par_1_109' title="bbox 1914 4837 3494 4904">
     <span class='ocr_line' id='line_1_109' title="bbox 1914 4837 3494 4904; baseline -0.005 -9"><span class='ocrx_word' id='word_1_790' title='bbox 1914 4840 2298 4904; x_wconf 87' lang='lat' dir='ltr'><strong>attendcbam;</strong></span> <span class='ocrx_word' id='word_1_791' title='bbox 2338 4840 2683 4895; x_wconf 86' lang='lat' dir='ltr'><strong>admonchar</strong></span> <span class='ocrx_word' id='word_1_792' title='bbox 2734 4850 2792 4893; x_wconf 92' lang='lat' dir='ltr'><strong>et</strong></span> <span class='ocrx_word' id='word_1_793' title='bbox 2824 4839 3149 4893; x_wconf 88' lang='lat' dir='ltr'><strong>irridebam.</strong></span> <span class='ocrx_word' id='word_1_794' title='bbox 3185 4837 3494 4892; x_wconf 80' lang='lat' dir='ltr'><strong>Audiebam</strong></span> 
     </span>
    </p>
   </div>
   <div class='ocr_carea' id='block_1_110' title="bbox 1916 4927 3498 5001">
    <p class='ocr_par' dir='ltr' id='par_1_110' title="bbox 1916 4927 3498 5001">
     <span class='ocr_line' id='line_1_110' title="bbox 1916 4927 3498 5001; baseline -0.003 -16"><span class='ocrx_word' id='word_1_795' title='bbox 1916 4931 2249 5001; x_wconf 83' lang='lat' dir='ltr'><strong>Scripturas,</strong></span> <span class='ocrx_word' id='word_1_796' title='bbox 2275 4933 2431 5000; x_wconf 91' lang='lat' dir='ltr'><strong>quasi</strong></span> <span class='ocrx_word' id='word_1_797' title='bbox 2466 4946 2576 4985; x_wconf 91' lang='lat' dir='ltr'><strong>non</strong></span> <span class='ocrx_word' id='word_1_798' title='bbox 2622 4930 2891 4995; x_wconf 85' lang='lat' dir='ltr'><strong>audiens;</strong></span> <span class='ocrx_word' id='word_1_799' title='bbox 2928 4928 3226 4984; x_wconf 90' lang='lat' dir='ltr'><strong>audiebam</strong></span> <span class='ocrx_word' id='word_1_800' title='bbox 3255 4928 3324 4983; x_wconf 89' lang='lat' dir='ltr'><strong>de</strong></span> <span class='ocrx_word' id='word_1_801' title='bbox 3347 4927 3498 4997; x_wconf 82' lang='lat' dir='ltr'><strong>judi-</strong></span> 
     </span>
    </p>
   </div>
   <div class='ocr_carea' id='block_1_111' title="bbox 1914 5021 3493 5087">
    <p class='ocr_par' dir='ltr' id='par_1_111' title="bbox 1914 5021 3493 5087">
     <span class='ocr_line' id='line_1_111' title="bbox 1914 5021 3493 5087; baseline -0.003 -9"><span class='ocrx_word' id='word_1_802' title='bbox 1914 5024 2022 5087; x_wconf 90' lang='lat' dir='ltr'><strong>cio,</strong></span> <span class='ocrx_word' id='word_1_803' title='bbox 2050 5034 2106 5077; x_wconf 91' lang='lat' dir='ltr'><strong>ct</strong></span> <span class='ocrx_word' id='word_1_804' title='bbox 2142 5023 2195 5076; x_wconf 93' lang='lat' dir='ltr'><strong>in</strong></span> <span class='ocrx_word' id='word_1_805' title='bbox 2233 5023 2475 5078; x_wconf 87' lang='lat' dir='ltr'><strong>ludibria</strong></span> <span class='ocrx_word' id='word_1_806' title='bbox 2516 5023 2835 5087; x_wconf 89' lang='lat' dir='ltr'><strong>vertebam;</strong></span> <span class='ocrx_word' id='word_1_807' title='bbox 2868 5022 3163 5077; x_wconf 85' lang='lat' dir='ltr'><strong>audiebam</strong></span> <span class='ocrx_word' id='word_1_808' title='bbox 3188 5021 3257 5075; x_wconf 91' lang='lat' dir='ltr'><strong>de</strong></span> <span class='ocrx_word' id='word_1_809' title='bbox 3294 5029 3493 5085; x_wconf 85' lang='lat' dir='ltr'><strong>morte,</strong></span> 
     </span>
    </p>
   </div>
   <div class='ocr_carea' id='block_1_112' title="bbox 1913 5112 3494 5183">
    <p class='ocr_par' dir='ltr' id='par_1_112' title="bbox 1913 5112 3494 5183">
     <span class='ocr_line' id='line_1_112' title="bbox 1913 5112 3494 5183; baseline -0.004 -15"><span class='ocrx_word' id='word_1_810' title='bbox 1913 5125 1970 5169; x_wconf 88' lang='lat' dir='ltr'><strong>et</strong></span> <span class='ocrx_word' id='word_1_811' title='bbox 2000 5124 2259 5183; x_wconf 90' lang='lat' dir='ltr'><strong>tanquam</strong></span> <span class='ocrx_word' id='word_1_812' title='bbox 2296 5113 2626 5168; x_wconf 90' lang='lat' dir='ltr'><strong>immortalis</strong></span> <span class='ocrx_word' id='word_1_813' title='bbox 2660 5112 2935 5176; x_wconf 78' lang='lat' dir='ltr'><strong>vivebam,</strong></span> <span class='ocrx_word' id='word_1_814' title='bbox 2963 5122 3020 5167; x_wconf 93' lang='lat' dir='ltr'><strong>ct</strong></span> <span class='ocrx_word' id='word_1_815' title='bbox 3042 5122 3300 5181; x_wconf 87' lang='lat' dir='ltr'><strong>tanquam</strong></span> <span class='ocrx_word' id='word_1_816' title='bbox 3328 5120 3494 5164; x_wconf 82' lang='lat' dir='ltr'><strong>:eter-</strong></span> 
     </span>
    </p>
   </div>
   <div class='ocr_carea' id='block_1_113' title="bbox 1915 5204 3495 5275">
    <p class='ocr_par' dir='ltr' id='par_1_113' title="bbox 1915 5204 3495 5275">
     <span class='ocr_line' id='line_1_113' title="bbox 1915 5204 3495 5275; baseline -0.002 -17"><span class='ocrx_word' id='word_1_817' title='bbox 1915 5222 2019 5258; x_wconf 85' lang='lat' dir='ltr'><strong>nus</strong></span> <span class='ocrx_word' id='word_1_818' title='bbox 2066 5204 2393 5260; x_wconf 69' lang='lat' dir='ltr'><strong>meditabar.</strong></span> <span class='ocrx_word' id='word_1_819' title='bbox 2429 5205 2493 5258; x_wconf 68' lang='lat' dir='ltr'><strong>lit</strong></span> <span class='ocrx_word' id='word_1_820' title='bbox 2528 5220 2658 5260; x_wconf 85' lang='lat' dir='ltr'><strong>cccc</strong></span> <span class='ocrx_word' id='word_1_821' title='bbox 2694 5204 3049 5275; x_wconf 73' lang='lat' dir='ltr'><strong>impmnitcns</strong></span> <span class='ocrx_word' id='word_1_822' title='bbox 3078 5209 3495 5273; x_wconf 76' lang='lat' dir='ltr'><strong>pneoccupatns</strong></span> 
     </span>
    </p>
   </div>
   <div class='ocr_carea' id='block_1_114' title="bbox 1994 5492 3491 5566">
    <p class='ocr_par' dir='ltr' id='par_1_114' title="bbox 1994 5492 3491 5566">
     <span class='ocr_line' id='line_1_114' title="bbox 1994 5492 3491 5566; baseline -0.005 -13"><span class='ocrx_word' id='word_1_823' title='bbox 1994 5502 2082 5565; x_wconf 70' lang='lat'><strong>30)</strong></span> <span class='ocrx_word' id='word_1_824' title='bbox 2123 5498 2515 5555; x_wconf 61' lang='grc' dir='ltr'>Κατανῑιίϐετε.</span> <span class='ocrx_word' id='word_1_825' title='bbox 2565 5499 3027 5566; x_wconf 74' lang='grc' dir='ltr'>Καταλαμϐανειν</span> <span class='ocrx_word' id='word_1_826' title='bbox 3073 5496 3176 5548; x_wconf 85' lang='lat' dir='ltr'><strong>hoc</strong></span> <span class='ocrx_word' id='word_1_827' title='bbox 3221 5492 3343 5566; x_wconf 65' lang='lat' dir='ltr'><strong>loco</strong></span> <span class='ocrx_word' id='word_1_828' title='bbox 3406 5494 3491 5545; x_wconf 86' lang='lat' dir='ltr'><strong>vi-</strong></span> 
     </span>
    </p>
   </div>
   <div class='ocr_carea' id='block_1_115' title="bbox 1910 5562 3489 5686">
    <p class='ocr_par' dir='ltr' id='par_1_115' title="bbox 1910 5562 3489 5686">
     <span class='ocr_line' id='line_1_115' title="bbox 1910 5562 3489 5686; baseline -0.004 -62"><span class='ocrx_word' id='word_1_829' title='bbox 1910 5562 2074 5654; x_wconf 77' lang='lat' dir='ltr'><strong>detur</strong></span> <span class='ocrx_word' id='word_1_830' title='bbox 2105 5587 2225 5686; x_wconf 55' lang='lat' dir='ltr'><strong>c&#39;sse</strong></span> <span class='ocrx_word' id='word_1_831' title='bbox 2252 5572 2563 5640; x_wconf 91' lang='lat' dir='ltr'><strong>pervenire,-</strong></span> <span class='ocrx_word' id='word_1_832' title='bbox 2589 5587 2698 5641; x_wconf 89' lang='lat' dir='ltr'><strong>qno</strong></span> <span class='ocrx_word' id='word_1_833' title='bbox 2732 5562 2901 5623; x_wconf 82' lang='lat' dir='ltr'><strong>sensu</strong></span> <span class='ocrx_word' id='word_1_834' title='bbox 2937 5567 3143 5622; x_wconf 88' lang='lat' dir='ltr'><strong>dicitur</strong></span> <span class='ocrx_word' id='word_1_835' title='bbox 3172 5562 3335 5617; x_wconf 69' lang='grc' dir='ltr'>τοπόν</span> <span class='ocrx_word' id='word_1_836' title='bbox 3367 5576 3489 5618; x_wconf 74' lang='grc' dir='ltr'>τινα</span> 
     </span>
     <span class='ocr_line' id='line_1_116' title="bbox 1910 5658 2205 5686; baseline 0 0"><span class='ocrx_word' id='word_1_837' title='bbox 1910 5658 2119 5686; x_wconf 64' lang='grc' dir='ltr'>κατέκλα</span> <span class='ocrx_word' id='word_1_838' title='bbox 2138 5659 2205 5686; x_wconf 67' lang='grc' dir='ltr'><strong>ιε-</strong></span> 
     </span>
    </p>
   </div>
   <div class='ocr_carea' id='block_1_116' title="bbox 1910 5658 3484 5778">
    <p class='ocr_par' dir='ltr' id='par_1_116' title="bbox 1910 5658 3484 5778">
     <span class='ocr_line' id='line_1_117' title="bbox 1910 5658 3484 5778; baseline -0.003 -15"><span class='ocrx_word' id='word_1_839' title='bbox 1910 5658 2674 5778; x_wconf 48' lang='grc' dir='ltr'>καῖἕίῗῖῖροκατελείφοην.</span> <span class='ocrx_word' id='word_1_840' title='bbox 2717 5709 2986 5778; x_wconf 59' lang='lat' dir='ltr'><strong>Corrige,</strong></span> <span class='ocrx_word' id='word_1_841' title='bbox 3003 5703 3484 5777; x_wconf 74' lang='grc' dir='ltr'>προκατελήφθηνε</span> 
     </span>
    </p>
   </div>
   <div class='ocr_carea' id='block_1_117' title="bbox 1991 5776 3091 5851">
    <p class='ocr_par' dir='ltr' id='par_1_117' title="bbox 1991 5776 3091 5851">
     <span class='ocr_line' id='line_1_118' title="bbox 1991 5776 3091 5851; baseline -0.004 -17"><span class='ocrx_word' id='word_1_842' title='bbox 1991 5776 2104 5851; x_wconf 71' lang='lat'><strong>(52)</strong></span> <span class='ocrx_word' id='word_1_843' title='bbox 2150 5776 2463 5846; x_wconf 61' lang='lat' dir='ltr'><strong>‘Egodonr.</strong></span> <span class='ocrx_word' id='word_1_844' title='bbox 2498 5776 2554 5835; x_wconf 83' lang='lat' dir='ltr'><strong>Id</strong></span> <span class='ocrx_word' id='word_1_845' title='bbox 2581 5790 2687 5845; x_wconf 82' lang='lat' dir='ltr'><strong>est,</strong></span> <span class='ocrx_word' id='word_1_846' title='bbox 2726 5776 3091 5849; x_wconf 74' lang='grc' dir='ltr'>κατελήφοην.</span> 
     </span>
    </p>
   </div>
  </div>
