  <div class='ocr_page' id='page_1' title='image "/cluster/home/n/w/nwhite01/storage/ocr_20150623/89/nnc1.0046980172/625.png"; bbox 0 0 4190 6438; ppageno 0'>
   <div class='ocr_carea' id='block_1_1' title="bbox 697 428 833 492">
    <p class='ocr_par' dir='ltr' id='par_1_1' title="bbox 697 428 833 492">
     <span class='ocr_line' id='line_1_1' title="bbox 697 428 833 492; baseline -0.022 0"><span class='ocrx_word' id='word_1_1' title='bbox 697 428 833 492; x_wconf 74' lang='lat'><strong>1109</strong></span> 
     </span>
    </p>
   </div>
   <div class='ocr_carea' id='block_1_2' title="bbox 1919 420 2788 486">
    <p class='ocr_par' dir='ltr' id='par_1_2' title="bbox 1919 420 2788 486">
     <span class='ocr_line' id='line_1_2' title="bbox 1919 420 2788 486; baseline -0.002 -2"><span class='ocrx_word' id='word_1_2' title='bbox 1919 424 1983 486; x_wconf 89' lang='lat' dir='ltr'><strong>S.</strong></span> <span class='ocrx_word' id='word_1_3' title='bbox 2025 420 2422 483; x_wconf 83' lang='lat' dir='ltr'><strong>ANASTASII</strong></span> <span class='ocrx_word' id='word_1_4' title='bbox 2464 420 2788 484; x_wconf 64' lang='lat' dir='ltr'><strong>SINAITE</strong></span> 
     </span>
    </p>
   </div>
   <div class='ocr_carea' id='block_1_3' title="bbox 3821 423 3952 490">
    <p class='ocr_par' dir='ltr' id='par_1_3' title="bbox 3821 423 3952 490">
     <span class='ocr_line' id='line_1_3' title="bbox 3821 423 3952 490; baseline -0.046 0"><span class='ocrx_word' id='word_1_5' title='bbox 3821 423 3952 490; x_wconf 64' lang='lat' dir='ltr'><strong>120a</strong></span> 
     </span>
    </p>
   </div>
   <div class='ocr_carea' id='block_1_4' title="bbox 694 536 2298 614">
    <p class='ocr_par' dir='ltr' id='par_1_4' title="bbox 694 539 2273 614">
     <span class='ocr_line' id='line_1_4' title="bbox 694 539 2273 614; baseline -0.006 -12"><span class='ocrx_word' id='word_1_6' title='bbox 694 550 803 614; x_wconf 83' lang='lat' dir='ltr'><strong>fui;</strong></span> <span class='ocrx_word' id='word_1_7' title='bbox 829 557 885 600; x_wconf 89' lang='lat' dir='ltr'><strong>et</strong></span> <span class='ocrx_word' id='word_1_8' title='bbox 917 556 1077 599; x_wconf 90' lang='lat' dir='ltr'><strong>nemo</strong></span> <span class='ocrx_word' id='word_1_9' title='bbox 1103 550 1188 597; x_wconf 85' lang='lat' dir='ltr'><strong>est</strong></span> <span class='ocrx_word' id='word_1_10' title='bbox 1220 542 1318 614; x_wconf 91' lang='lat' dir='ltr'><strong>qui</strong></span> <span class='ocrx_word' id='word_1_11' title='bbox 1348 555 1437 596; x_wconf 87' lang='lat' dir='ltr'><strong>me</strong></span> <span class='ocrx_word' id='word_1_12' title='bbox 1466 540 1696 603; x_wconf 83' lang='lat' dir='ltr'><strong>liberet;</strong></span> <span class='ocrx_word' id='word_1_13' title='bbox 1729 553 1858 595; x_wconf 91' lang='lat' dir='ltr'><strong>ecce</strong></span> <span class='ocrx_word' id='word_1_14' title='bbox 1887 539 2119 609; x_wconf 82' lang='lat' dir='ltr'><strong>supplex</strong></span> <span class='ocrx_word' id='word_1_15' title='bbox 2147 554 2273 607; x_wconf 60' lang='lat' dir='ltr'><strong>pre.</strong></span> 
     </span>
    </p>
   </div>
   <div class='ocr_carea' id='block_1_5' title="bbox 2403 536 3958 614">
    <p class='ocr_par' dir='ltr' id='par_1_5' title="bbox 2403 536 3958 612">
     <span class='ocr_line' id='line_1_5' title="bbox 2403 536 3958 612; baseline 0.003 -22"><span class='ocrx_word' id='word_1_16' title='bbox 2403 555 2498 604; x_wconf 87' lang='grc' dir='ltr'>ιαι,</span> <span class='ocrx_word' id='word_1_17' title='bbox 2529 537 2624 590; x_wconf 77' lang='grc' dir='ltr'>καὶ</span> <span class='ocrx_word' id='word_1_18' title='bbox 2654 537 2829 601; x_wconf 71' lang='grc' dir='ltr'>οὐδεὶς</span> <span class='ocrx_word' id='word_1_19' title='bbox 2868 537 2896 590; x_wconf 87' lang='grc' dir='ltr'><strong>ό</strong></span> <span class='ocrx_word' id='word_1_20' title='bbox 2924 536 3250 596; x_wconf 72' lang='grc' dir='ltr'>εἰσακούων.</span> <span class='ocrx_word' id='word_1_21' title='bbox 3301 539 3540 612; x_wconf 83' lang='grc' dir='ltr'>Ἀληθῶς</span> <span class='ocrx_word' id='word_1_22' title='bbox 3561 540 3744 594; x_wconf 79' lang='grc' dir='ltr'>δικαία</span> <span class='ocrx_word' id='word_1_23' title='bbox 3779 543 3812 611; x_wconf 74' lang='grc' dir='ltr'>ἠ</span> <span class='ocrx_word' id='word_1_24' title='bbox 3837 543 3958 611; x_wconf 78' lang='grc' dir='ltr'>κρε-</span> 
     </span>
    </p>
   </div>
   <div class='ocr_carea' id='block_1_6' title="bbox 690 627 2274 701">
    <p class='ocr_par' dir='ltr' id='par_1_6' title="bbox 690 627 2274 701">
     <span class='ocr_line' id='line_1_6' title="bbox 690 627 2274 701; baseline -0.005 -12"><span class='ocrx_word' id='word_1_25' title='bbox 690 651 808 697; x_wconf 84' lang='lat' dir='ltr'><strong>cor,</strong></span> <span class='ocrx_word' id='word_1_26' title='bbox 837 643 894 686; x_wconf 88' lang='lat' dir='ltr'><strong>et</strong></span> <span class='ocrx_word' id='word_1_27' title='bbox 934 648 1098 686; x_wconf 92' lang='lat' dir='ltr'><strong>nemo</strong></span> <span class='ocrx_word' id='word_1_28' title='bbox 1133 641 1219 686; x_wconf 90' lang='lat' dir='ltr'><strong>est</strong></span> <span class='ocrx_word' id='word_1_29' title='bbox 1242 632 1337 701; x_wconf 90' lang='lat' dir='ltr'><strong>qui</strong></span> <span class='ocrx_word' id='word_1_30' title='bbox 1365 647 1450 685; x_wconf 92' lang='lat' dir='ltr'><strong>me</strong></span> <span class='ocrx_word' id='word_1_31' title='bbox 1475 629 1685 684; x_wconf 92' lang='lat' dir='ltr'><strong>audiat.</strong></span> <span class='ocrx_word' id='word_1_32' title='bbox 1723 629 1862 684; x_wconf 81' lang='lat' dir='ltr'><strong>Vere</strong></span> <span class='ocrx_word' id='word_1_33' title='bbox 1901 630 2106 699; x_wconf 83' lang='lat' dir='ltr'><strong>justum</strong></span> <span class='ocrx_word' id='word_1_34' title='bbox 2130 627 2274 699; x_wconf 82' lang='lat' dir='ltr'><strong>judi-</strong></span> 
     </span>
    </p>
   </div>
   <div class='ocr_carea' id='block_1_7' title="bbox 691 719 2272 791">
    <p class='ocr_par' dir='ltr' id='par_1_7' title="bbox 691 719 2272 791">
     <span class='ocr_line' id='line_1_7' title="bbox 691 719 2272 791; baseline -0.003 -13"><span class='ocrx_word' id='word_1_35' title='bbox 691 727 838 778; x_wconf 87' lang='lat' dir='ltr'><strong>cium</strong></span> <span class='ocrx_word' id='word_1_36' title='bbox 893 725 1013 778; x_wconf 82' lang='lat' dir='ltr'><strong>Dei.</strong></span> <span class='ocrx_word' id='word_1_37' title='bbox 1071 724 1304 790; x_wconf 82' lang='lat' dir='ltr'><strong>Quoties</strong></span> <span class='ocrx_word' id='word_1_38' title='bbox 1343 723 1490 776; x_wconf 90' lang='lat' dir='ltr'><strong>enim</strong></span> <span class='ocrx_word' id='word_1_39' title='bbox 1519 722 1570 776; x_wconf 89' lang='lat' dir='ltr'><strong>ei</strong></span> <span class='ocrx_word' id='word_1_40' title='bbox 1615 722 1998 791; x_wconf 76' lang='lat' dir='ltr'><strong>pmnitcntiam</strong></span> <span class='ocrx_word' id='word_1_41' title='bbox 2025 719 2272 791; x_wconf 85' lang='lat' dir='ltr'><strong>promisi,</strong></span> 
     </span>
    </p>
   </div>
   <div class='ocr_carea' id='block_1_8' title="bbox 690 813 2276 883">
    <p class='ocr_par' dir='ltr' id='par_1_8' title="bbox 690 813 2276 883">
     <span class='ocr_line' id='line_1_8' title="bbox 690 813 2276 883; baseline -0.001 -15"><span class='ocrx_word' id='word_1_42' title='bbox 690 828 746 869; x_wconf 84' lang='lat' dir='ltr'><strong>et</strong></span> <span class='ocrx_word' id='word_1_43' title='bbox 780 832 1002 870; x_wconf 82' lang='lat' dir='ltr'><strong>rursum</strong></span> <span class='ocrx_word' id='word_1_44' title='bbox 1049 816 1236 883; x_wconf 87' lang='lat' dir='ltr'><strong>pejora</strong></span> <span class='ocrx_word' id='word_1_45' title='bbox 1264 813 1557 868; x_wconf 88' lang='lat' dir='ltr'><strong>faciebaml</strong></span> <span class='ocrx_word' id='word_1_46' title='bbox 1621 815 1850 880; x_wconf 75' lang='lat' dir='ltr'><strong>Quoties</strong></span> <span class='ocrx_word' id='word_1_47' title='bbox 1875 813 1982 869; x_wconf 88' lang='lat' dir='ltr'><strong>mei</strong></span> <span class='ocrx_word' id='word_1_48' title='bbox 2015 813 2276 868; x_wconf 88' lang='lat' dir='ltr'><strong>misertus</strong></span> 
     </span>
    </p>
   </div>
   <div class='ocr_carea' id='block_1_9' title="bbox 691 906 1792 978">
    <p class='ocr_par' dir='ltr' id='par_1_9' title="bbox 691 906 1792 978">
     <span class='ocr_line' id='line_1_9' title="bbox 691 906 1792 978; baseline -0.002 -16"><span class='ocrx_word' id='word_1_49' title='bbox 691 918 797 970; x_wconf 86' lang='lat' dir='ltr'><strong>est,</strong></span> <span class='ocrx_word' id='word_1_50' title='bbox 833 918 888 961; x_wconf 88' lang='lat' dir='ltr'><strong>et</strong></span> <span class='ocrx_word' id='word_1_51' title='bbox 913 921 1132 962; x_wconf 84' lang='lat' dir='ltr'><strong>rursum</strong></span> <span class='ocrx_word' id='word_1_52' title='bbox 1165 906 1301 960; x_wconf 89' lang='lat' dir='ltr'><strong>iram</strong></span> <span class='ocrx_word' id='word_1_53' title='bbox 1335 909 1457 978; x_wconf 87' lang='lat' dir='ltr'><strong>ejus</strong></span> <span class='ocrx_word' id='word_1_54' title='bbox 1485 907 1792 960; x_wconf 83' lang='lat' dir='ltr'><strong>concitavit</strong></span> 
     </span>
    </p>
   </div>
   <div class='ocr_carea' id='block_1_10' title="bbox 767 999 2280 1068">
    <p class='ocr_par' dir='ltr' id='par_1_10' title="bbox 767 999 2280 1068">
     <span class='ocr_line' id='line_1_10' title="bbox 767 999 2280 1068; baseline -0.001 -15"><span class='ocrx_word' id='word_1_55' title='bbox 767 1000 891 1053; x_wconf 65' lang='lat' dir='ltr'><strong>Ilaec</strong></span> <span class='ocrx_word' id='word_1_56' title='bbox 939 1000 1270 1068; x_wconf 82' lang='lat' dir='ltr'><strong>plerumque</strong></span> <span class='ocrx_word' id='word_1_57' title='bbox 1319 1000 1658 1052; x_wconf 89' lang='lat' dir='ltr'><strong>moribnmlo</strong></span> <span class='ocrx_word' id='word_1_58' title='bbox 1705 999 1772 1052; x_wconf 90' lang='lat' dir='ltr'><strong>ad</strong></span> <span class='ocrx_word' id='word_1_59' title='bbox 1834 1015 1935 1052; x_wconf 90' lang='lat' dir='ltr'><strong>nos</strong></span> <span class='ocrx_word' id='word_1_60' title='bbox 1977 1007 2280 1066; x_wconf 78' lang='lat' dir='ltr'><strong>przeseutes</strong></span> 
     </span>
    </p>
   </div>
   <div class='ocr_carea' id='block_1_11' title="bbox 695 1090 2280 1160">
    <p class='ocr_par' dir='ltr' id='par_1_11' title="bbox 695 1090 2280 1160">
     <span class='ocr_line' id='line_1_11' title="bbox 695 1090 2280 1160; baseline -0.002 -15"><span class='ocrx_word' id='word_1_61' title='bbox 695 1093 959 1153; x_wconf 90' lang='lat' dir='ltr'><strong>dicente,</strong></span> <span class='ocrx_word' id='word_1_62' title='bbox 1011 1092 1198 1146; x_wconf 87' lang='lat' dir='ltr'><strong>subito</strong></span> <span class='ocrx_word' id='word_1_63' title='bbox 1254 1093 1377 1160; x_wconf 81' lang='lat' dir='ltr'><strong>ejus</strong></span> <span class='ocrx_word' id='word_1_64' title='bbox 1429 1093 1672 1146; x_wconf 91' lang='lat' dir='ltr'><strong>vincitur</strong></span> <span class='ocrx_word' id='word_1_65' title='bbox 1728 1091 1954 1156; x_wconf 66' lang='lat' dir='ltr'><strong>lingua,</strong></span> <span class='ocrx_word' id='word_1_66' title='bbox 2012 1090 2280 1142; x_wconf 89' lang='lat' dir='ltr'><strong>avertitur</strong></span> 
     </span>
    </p>
   </div>
   <div class='ocr_carea' id='block_1_12' title="bbox 697 1185 2281 1252">
    <p class='ocr_par' dir='ltr' id='par_1_12' title="bbox 697 1185 2281 1252">
     <span class='ocr_line' id='line_1_12' title="bbox 697 1185 2281 1252; baseline -0.003 -13"><span class='ocrx_word' id='word_1_67' title='bbox 697 1201 874 1245; x_wconf 84' lang='lat' dir='ltr'><strong>mens.</strong></span> <span class='ocrx_word' id='word_1_68' title='bbox 923 1186 1222 1239; x_wconf 76' lang='lat' dir='ltr'><strong>turbantur</strong></span> <span class='ocrx_word' id='word_1_69' title='bbox 1265 1185 1438 1245; x_wconf 83' lang='lat' dir='ltr'><strong>oculi,</strong></span> <span class='ocrx_word' id='word_1_70' title='bbox 1488 1185 1664 1238; x_wconf 87' lang='lat' dir='ltr'><strong>donec</strong></span> <span class='ocrx_word' id='word_1_71' title='bbox 1699 1185 1930 1236; x_wconf 72' lang='lat' dir='ltr'><strong>infernae</strong></span> <span class='ocrx_word' id='word_1_72' title='bbox 1977 1191 2281 1252; x_wconf 48' lang='lat' dir='ltr'><strong>potestates</strong></span> 
     </span>
    </p>
   </div>
   <div class='ocr_carea' id='block_1_13' title="bbox 699 1275 2280 1346">
    <p class='ocr_par' dir='ltr' id='par_1_13' title="bbox 699 1275 2280 1346">
     <span class='ocr_line' id='line_1_13' title="bbox 699 1275 2280 1346; baseline -0.003 -15"><span class='ocrx_word' id='word_1_73' title='bbox 699 1279 966 1346; x_wconf 76' lang='lat' dir='ltr'><strong>deinreps</strong></span> <span class='ocrx_word' id='word_1_74' title='bbox 1019 1280 1498 1346; x_wconf 74' lang='lat' dir='ltr'><strong>sltpcrvenerint;</strong></span> <span class='ocrx_word' id='word_1_75' title='bbox 1549 1276 1810 1346; x_wconf 84' lang='lat' dir='ltr'><strong>quoniam</strong></span> <span class='ocrx_word' id='word_1_76' title='bbox 1869 1293 1978 1329; x_wconf 87' lang='lat' dir='ltr'><strong>non</strong></span> <span class='ocrx_word' id='word_1_77' title='bbox 2039 1275 2280 1328; x_wconf 79' lang='lat' dir='ltr'><strong>invocati</strong></span> 
     </span>
    </p>
   </div>
   <div class='ocr_carea' id='block_1_14' title="bbox 699 1368 2285 1436">
    <p class='ocr_par' dir='ltr' id='par_1_14' title="bbox 699 1368 2285 1436">
     <span class='ocr_line' id='line_1_14' title="bbox 699 1368 2285 1436; baseline -0.002 -13"><span class='ocrx_word' id='word_1_78' title='bbox 699 1385 993 1424; x_wconf 61' lang='lat' dir='ltr'><strong>exactores</strong></span> <span class='ocrx_word' id='word_1_79' title='bbox 1016 1371 1082 1423; x_wconf 84' lang='lat' dir='ltr'><strong>ad</strong></span> <span class='ocrx_word' id='word_1_80' title='bbox 1121 1370 1365 1424; x_wconf 91' lang='lat' dir='ltr'><strong>tribunal</strong></span> <span class='ocrx_word' id='word_1_81' title='bbox 1394 1384 1496 1422; x_wconf 89' lang='lat' dir='ltr'><strong>nos</strong></span> <span class='ocrx_word' id='word_1_82' title='bbox 1524 1370 1810 1422; x_wconf 85' lang='lat' dir='ltr'><strong>trahentes</strong></span> <span class='ocrx_word' id='word_1_83' title='bbox 1833 1368 2110 1432; x_wconf 81' lang='lat' dir='ltr'><strong>deferunt,</strong></span> <span class='ocrx_word' id='word_1_84' title='bbox 2143 1383 2285 1436; x_wconf 66' lang='lat' dir='ltr'><strong>quos</strong></span> 
     </span>
    </p>
   </div>
   <div class='ocr_carea' id='block_1_15' title="bbox 698 1450 2282 1531">
    <p class='ocr_par' dir='ltr' id='par_1_15' title="bbox 698 1450 2282 1531">
     <span class='ocr_line' id='line_1_15' title="bbox 698 1450 2282 1531; baseline 0 -18"><span class='ocrx_word' id='word_1_85' title='bbox 698 1463 1002 1516; x_wconf 82' lang='lat' dir='ltr'><strong>etintucns</strong></span> <span class='ocrx_word' id='word_1_86' title='bbox 1035 1463 1204 1515; x_wconf 84' lang='lat' dir='ltr'><strong>miser</strong></span> <span class='ocrx_word' id='word_1_87' title='bbox 1245 1463 1432 1523; x_wconf 91' lang='lat' dir='ltr'><strong>hotno,</strong></span> <span class='ocrx_word' id='word_1_88' title='bbox 1485 1462 1589 1514; x_wconf 87' lang='lat' dir='ltr'><strong>etsi</strong></span> <span class='ocrx_word' id='word_1_89' title='bbox 1649 1477 1744 1515; x_wconf 79' lang='lat' dir='ltr'><strong>rex</strong></span> <span class='ocrx_word' id='word_1_90' title='bbox 1780 1461 1884 1524; x_wconf 88' lang='lat' dir='ltr'><strong>sit,</strong></span> <span class='ocrx_word' id='word_1_91' title='bbox 1928 1462 2012 1514; x_wconf 60' lang='lat' dir='ltr'><strong>vel</strong></span> <span class='ocrx_word' id='word_1_92' title='bbox 2067 1450 2282 1531; x_wconf 77' lang='lat' dir='ltr'><strong>potens,</strong></span> 
     </span>
    </p>
   </div>
   <div class='ocr_carea' id='block_1_16' title="bbox 703 1554 2282 1624">
    <p class='ocr_par' dir='ltr' id='par_1_16' title="bbox 703 1554 2282 1624">
     <span class='ocr_line' id='line_1_16' title="bbox 703 1554 2282 1624; baseline 0.001 -19"><span class='ocrx_word' id='word_1_93' title='bbox 703 1555 787 1608; x_wconf 75' lang='lat' dir='ltr'><strong>vel</strong></span> <span class='ocrx_word' id='word_1_94' title='bbox 817 1564 1101 1623; x_wconf 67' lang='lat' dir='ltr'><strong>tyrannus.</strong></span> <span class='ocrx_word' id='word_1_95' title='bbox 1134 1562 1280 1608; x_wconf 90' lang='lat' dir='ltr'><strong>totus</strong></span> <span class='ocrx_word' id='word_1_96' title='bbox 1311 1555 1648 1617; x_wconf 76' lang='lat' dir='ltr'><strong>concutitur,</strong></span> <span class='ocrx_word' id='word_1_97' title='bbox 1677 1565 1733 1607; x_wconf 87' lang='lat' dir='ltr'><strong>et</strong></span> <span class='ocrx_word' id='word_1_98' title='bbox 1773 1554 1990 1614; x_wconf 85' lang='lat' dir='ltr'><strong>domus,</strong></span> <span class='ocrx_word' id='word_1_99' title='bbox 2024 1564 2282 1624; x_wconf 89' lang='lat' dir='ltr'><strong>tanquam</strong></span> 
     </span>
    </p>
   </div>
   <div class='ocr_carea' id='block_1_17' title="bbox 702 1646 2284 1714">
    <p class='ocr_par' dir='ltr' id='par_1_17' title="bbox 702 1646 2284 1714">
     <span class='ocr_line' id='line_1_17' title="bbox 702 1646 2284 1714; baseline 0.002 -16"><span class='ocrx_word' id='word_1_100' title='bbox 702 1664 733 1698; x_wconf 84' lang='lat' dir='ltr'><strong>c</strong></span> <span class='ocrx_word' id='word_1_101' title='bbox 785 1656 1056 1700; x_wconf 89' lang='lat' dir='ltr'><strong>terrarum</strong></span> <span class='ocrx_word' id='word_1_102' title='bbox 1109 1646 1489 1714; x_wconf 85' lang='lat' dir='ltr'><strong>quassatione,</strong></span> <span class='ocrx_word' id='word_1_103' title='bbox 1519 1656 1630 1700; x_wconf 88' lang='lat' dir='ltr'><strong>tota</strong></span> <span class='ocrx_word' id='word_1_104' title='bbox 1669 1647 1960 1709; x_wconf 84' lang='lat' dir='ltr'><strong>tremiscit,</strong></span> <span class='ocrx_word' id='word_1_105' title='bbox 1998 1657 2109 1701; x_wconf 91' lang='lat' dir='ltr'><strong>tota</strong></span> <span class='ocrx_word' id='word_1_106' title='bbox 2150 1665 2284 1702; x_wconf 88' lang='lat' dir='ltr'><strong>eon-</strong></span> 
     </span>
    </p>
   </div>
   <div class='ocr_carea' id='block_1_18' title="bbox 705 1738 2288 1806">
    <p class='ocr_par' dir='ltr' id='par_1_18' title="bbox 705 1738 2288 1806">
     <span class='ocr_line' id='line_1_18' title="bbox 705 1738 2288 1806; baseline 0.003 -16"><span class='ocrx_word' id='word_1_107' title='bbox 705 1738 967 1793; x_wconf 81' lang='lat' dir='ltr'><strong>turbatur</strong></span> <span class='ocrx_word' id='word_1_108' title='bbox 1005 1779 1018 1802; x_wconf 93' lang='lat'><strong>,</strong></span> <span class='ocrx_word' id='word_1_109' title='bbox 1074 1749 1188 1792; x_wconf 92' lang='lat' dir='ltr'><strong>tota</strong></span> <span class='ocrx_word' id='word_1_110' title='bbox 1251 1748 1480 1806; x_wconf 73' lang='lat' dir='ltr'><strong>stupet,</strong></span> <span class='ocrx_word' id='word_1_111' title='bbox 1549 1747 1605 1790; x_wconf 91' lang='lat' dir='ltr'><strong>ct</strong></span> <span class='ocrx_word' id='word_1_112' title='bbox 1665 1740 1939 1792; x_wconf 75' lang='lat' dir='ltr'><strong>excitatur</strong></span> <span class='ocrx_word' id='word_1_113' title='bbox 2020 1741 2288 1795; x_wconf 84' lang='lat' dir='ltr'><strong>formido-</strong></span> 
     </span>
    </p>
   </div>
   <div class='ocr_carea' id='block_1_19' title="bbox 705 1830 2289 1898">
    <p class='ocr_par' dir='ltr' id='par_1_19' title="bbox 705 1830 2289 1898">
     <span class='ocr_line' id='line_1_19' title="bbox 705 1830 2289 1898; baseline 0.004 -17"><span class='ocrx_word' id='word_1_114' title='bbox 705 1831 854 1883; x_wconf 80' lang='lat' dir='ltr'><strong>iosas</strong></span> <span class='ocrx_word' id='word_1_115' title='bbox 887 1831 1082 1883; x_wconf 88' lang='lat' dir='ltr'><strong>videns</strong></span> <span class='ocrx_word' id='word_1_116' title='bbox 1125 1839 1448 1898; x_wconf 86' lang='lat' dir='ltr'><strong>potestates.</strong></span> <span class='ocrx_word' id='word_1_117' title='bbox 1495 1830 1692 1883; x_wconf 88' lang='lat' dir='ltr'><strong>videns</strong></span> <span class='ocrx_word' id='word_1_118' title='bbox 1744 1832 1948 1886; x_wconf 82' lang='lat' dir='ltr'><strong>formas</strong></span> <span class='ocrx_word' id='word_1_119' title='bbox 1977 1843 2197 1886; x_wconf 79' lang='lat' dir='ltr'><strong>exteras</strong></span> <span class='ocrx_word' id='word_1_120' title='bbox 2235 1843 2289 1887; x_wconf 93' lang='lat' dir='ltr'><strong>ct</strong></span> 
     </span>
    </p>
   </div>
   <div class='ocr_carea' id='block_1_20' title="bbox 2379 629 3962 703">
    <p class='ocr_par' dir='ltr' id='par_1_20' title="bbox 2379 629 3962 703">
     <span class='ocr_line' id='line_1_20' title="bbox 2379 629 3962 703; baseline 0.002 -20"><span class='ocrx_word' id='word_1_121' title='bbox 2379 647 2464 694; x_wconf 87' lang='grc' dir='ltr'><strong>σις</strong></span> <span class='ocrx_word' id='word_1_122' title='bbox 2495 630 2593 683; x_wconf 74' lang='grc' dir='ltr'>τοῦ</span> <span class='ocrx_word' id='word_1_123' title='bbox 2619 629 2776 684; x_wconf 85' lang='grc' dir='ltr'>Θεοῦ.</span> <span class='ocrx_word' id='word_1_124' title='bbox 2807 631 3045 695; x_wconf 82' lang='grc' dir='ltr'>Ποσάκις</span> <span class='ocrx_word' id='word_1_125' title='bbox 3074 632 3182 702; x_wconf 73' lang='grc' dir='ltr'><strong>γὰρ</strong></span> <span class='ocrx_word' id='word_1_126' title='bbox 3211 633 3360 703; x_wconf 79' lang='grc' dir='ltr'><strong>αὒτῷ</strong></span> <span class='ocrx_word' id='word_1_127' title='bbox 3390 637 3669 703; x_wconf 72' lang='grc' dir='ltr'><strong>μετανοεῖν</strong></span> <span class='ocrx_word' id='word_1_128' title='bbox 3702 652 3962 687; x_wconf 77' lang='grc' dir='ltr'>συνετασ·</span> 
     </span>
    </p>
   </div>
   <div class='ocr_carea' id='block_1_21' title="bbox 2381 722 3966 794">
    <p class='ocr_par' dir='ltr' id='par_1_21' title="bbox 2381 722 3966 794">
     <span class='ocr_line' id='line_1_21' title="bbox 2381 722 3966 794; baseline 0.001 -21"><span class='ocrx_word' id='word_1_129' title='bbox 2381 723 2556 791; x_wconf 83' lang='grc' dir='ltr'>σόμην</span> <span class='ocrx_word' id='word_1_130' title='bbox 2589 723 2725 791; x_wconf 81' lang='grc'>(³55).</span> <span class='ocrx_word' id='word_1_131' title='bbox 2755 722 2848 774; x_wconf 73' lang='grc' dir='ltr'>καὶ</span> <span class='ocrx_word' id='word_1_132' title='bbox 2890 723 3052 776; x_wconf 83' lang='grc' dir='ltr'>πάλιν</span> <span class='ocrx_word' id='word_1_133' title='bbox 3078 723 3143 774; x_wconf 79' lang='grc' dir='ltr'><strong>τά</strong></span> <span class='ocrx_word' id='word_1_134' title='bbox 3170 723 3340 792; x_wconf 72' lang='grc' dir='ltr'>χείρω</span> <span class='ocrx_word' id='word_1_135' title='bbox 3384 723 3823 794; x_wconf 75' lang='grc' dir='ltr'>διεπραττόμηνῑ</span> <span class='ocrx_word' id='word_1_136' title='bbox 3861 727 3966 778; x_wconf 66' lang='lat' dir='ltr'><strong>llo.</strong></span> 
     </span>
    </p>
   </div>
   <div class='ocr_carea' id='block_1_22' title="bbox 2381 814 3596 887">
    <p class='ocr_par' dir='ltr' id='par_1_22' title="bbox 2381 814 3596 887">
     <span class='ocr_line' id='line_1_22' title="bbox 2381 814 3596 887; baseline 0.002 -21"><span class='ocrx_word' id='word_1_137' title='bbox 2381 814 2537 876; x_wconf 83' lang='grc' dir='ltr'>σάκις</span> <span class='ocrx_word' id='word_1_138' title='bbox 2569 831 2636 884; x_wconf 87' lang='grc' dir='ltr'><strong>με</strong></span> <span class='ocrx_word' id='word_1_139' title='bbox 2661 814 2883 885; x_wconf 73' lang='grc' dir='ltr'>ἠλέησε,</span> <span class='ocrx_word' id='word_1_140' title='bbox 2909 818 3003 868; x_wconf 71' lang='grc' dir='ltr'><strong>καὶ</strong></span> <span class='ocrx_word' id='word_1_141' title='bbox 3029 816 3188 868; x_wconf 80' lang='grc' dir='ltr'>πάλιν</span> <span class='ocrx_word' id='word_1_142' title='bbox 3215 815 3544 887; x_wconf 80' lang='grc' dir='ltr'>παρὼργισα</span> <span class='ocrx_word' id='word_1_143' title='bbox 3581 835 3596 883; x_wconf 90' lang='grc'>;</span> 
     </span>
    </p>
   </div>
   <div class='ocr_carea' id='block_1_23' title="bbox 2452 991 3965 1062">
    <p class='ocr_par' dir='ltr' id='par_1_23' title="bbox 2452 991 3965 1062">
     <span class='ocr_line' id='line_1_23' title="bbox 2452 991 3965 1062; baseline -0.001 -15"><span class='ocrx_word' id='word_1_144' title='bbox 2452 992 2641 1048; x_wconf 77' lang='grc' dir='ltr'>Ταῦτα</span> <span class='ocrx_word' id='word_1_145' title='bbox 2676 993 2940 1054; x_wconf 57' lang='grc' dir='ltr'>πολλάκς</span> <span class='ocrx_word' id='word_1_146' title='bbox 2966 991 3060 1045; x_wconf 77' lang='grc' dir='ltr'>τοῦ</span> <span class='ocrx_word' id='word_1_147' title='bbox 3089 992 3460 1055; x_wconf 77' lang='grc' dir='ltr'><strong>τελευτῶντος</strong></span> <span class='ocrx_word' id='word_1_148' title='bbox 3484 995 3620 1062; x_wconf 76' lang='grc' dir='ltr'>προς</span> <span class='ocrx_word' id='word_1_149' title='bbox 3653 994 3802 1062; x_wconf 72' lang='grc' dir='ltr'>ἡμᾶς</span> <span class='ocrx_word' id='word_1_150' title='bbox 3836 994 3965 1056; x_wconf 67' lang='grc' dir='ltr'>τοῦς</span> 
     </span>
    </p>
   </div>
   <div class='ocr_carea' id='block_1_24' title="bbox 2381 1085 3965 1158">
    <p class='ocr_par' dir='ltr' id='par_1_24' title="bbox 2381 1085 3965 1158">
     <span class='ocr_line' id='line_1_24' title="bbox 2381 1085 3965 1158; baseline -0.002 -18"><span class='ocrx_word' id='word_1_151' title='bbox 2381 1087 2659 1158; x_wconf 74' lang='grc' dir='ltr'><strong>παρόντας</strong></span> <span class='ocrx_word' id='word_1_152' title='bbox 2685 1087 3092 1156; x_wconf 82' lang='grc' dir='ltr'>διαλεγομένου,</span> <span class='ocrx_word' id='word_1_153' title='bbox 3127 1085 3389 1154; x_wconf 77' lang='grc' dir='ltr'>ἐξαίφνης</span> <span class='ocrx_word' id='word_1_154' title='bbox 3420 1087 3704 1155; x_wconf 82' lang='grc' dir='ltr'>δεσμεῖται</span> <span class='ocrx_word' id='word_1_155' title='bbox 3733 1090 3766 1156; x_wconf 79' lang='grc' dir='ltr'><strong>ἡ</strong></span> <span class='ocrx_word' id='word_1_156' title='bbox 3788 1087 3965 1154; x_wconf 76' lang='grc' dir='ltr'>γλῶτο</span> 
     </span>
    </p>
   </div>
   <div class='ocr_carea' id='block_1_25' title="bbox 2385 1177 3968 1246">
    <p class='ocr_par' dir='ltr' id='par_1_25' title="bbox 2385 1177 3968 1246">
     <span class='ocr_line' id='line_1_25' title="bbox 2385 1177 3968 1246; baseline -0.003 -15"><span class='ocrx_word' id='word_1_157' title='bbox 2385 1197 2472 1241; x_wconf 91' lang='grc' dir='ltr'><strong>σα,</strong></span> <span class='ocrx_word' id='word_1_158' title='bbox 2536 1177 2800 1232; x_wconf 87' lang='grc' dir='ltr'>ἀναπολεῖ</span> <span class='ocrx_word' id='word_1_159' title='bbox 2827 1180 2854 1230; x_wconf 85' lang='grc' dir='ltr'><strong>ό</strong></span> <span class='ocrx_word' id='word_1_160' title='bbox 2901 1177 3043 1240; x_wconf 75' lang='grc' dir='ltr'>νοῦς,</span> <span class='ocrx_word' id='word_1_161' title='bbox 3076 1177 3414 1232; x_wconf 75' lang='grc' dir='ltr'>ἀλλοιοῦνται</span> <span class='ocrx_word' id='word_1_162' title='bbox 3451 1179 3499 1230; x_wconf 73' lang='grc' dir='ltr'>οἱ</span> <span class='ocrx_word' id='word_1_163' title='bbox 3528 1179 3815 1246; x_wconf 45' lang='lat' dir='ltr'><strong>domum,</strong></span> <span class='ocrx_word' id='word_1_164' title='bbox 3853 1180 3968 1246; x_wconf 71' lang='grc' dir='ltr'><strong>ήνὶδ</strong></span> 
     </span>
    </p>
   </div>
   <div class='ocr_carea' id='block_1_26' title="bbox 2383 1269 3966 1339">
    <p class='ocr_par' dir='ltr' id='par_1_26' title="bbox 2383 1269 3966 1339">
     <span class='ocr_line' id='line_1_26' title="bbox 2383 1269 3966 1339; baseline 0.001 -17"><span class='ocrx_word' id='word_1_165' title='bbox 2383 1287 2456 1322; x_wconf 86' lang='grc' dir='ltr'><strong>κα</strong></span> <span class='ocrx_word' id='word_1_166' title='bbox 2508 1269 2564 1321; x_wconf 83' lang='lat' dir='ltr'><strong>at</strong></span> <span class='ocrx_word' id='word_1_167' title='bbox 2615 1269 2935 1322; x_wconf 70' lang='grc' dir='ltr'>δεσποτικαὶ</span> <span class='ocrx_word' id='word_1_168' title='bbox 2982 1270 3241 1339; x_wconf 80' lang='grc' dir='ltr'>δυνάμεις</span> <span class='ocrx_word' id='word_1_169' title='bbox 3281 1269 3468 1321; x_wconf 69' lang='grc' dir='ltr'>λοιπον</span> <span class='ocrx_word' id='word_1_170' title='bbox 3519 1271 3966 1339; x_wconf 69' lang='grc' dir='ltr'><strong>παραγένωνται.</strong></span> 
     </span>
    </p>
   </div>
   <div class='ocr_carea' id='block_1_27' title="bbox 2387 1359 3968 1430">
    <p class='ocr_par' dir='ltr' id='par_1_27' title="bbox 2387 1359 3968 1430">
     <span class='ocr_line' id='line_1_27' title="bbox 2387 1359 3968 1430; baseline -0.001 -17"><span class='ocrx_word' id='word_1_171' title='bbox 2387 1361 2512 1413; x_wconf 83' lang='grc' dir='ltr'>Ὀτι</span> <span class='ocrx_word' id='word_1_172' title='bbox 2546 1359 2595 1412; x_wconf 78' lang='grc' dir='ltr'>οἱ</span> <span class='ocrx_word' id='word_1_173' title='bbox 2641 1359 3024 1428; x_wconf 84' lang='grc' dir='ltr'>ἀπαράκλητοι</span> <span class='ocrx_word' id='word_1_174' title='bbox 3077 1361 3378 1428; x_wconf 79' lang='grc' dir='ltr'>ἀπαιτηταὶ</span> <span class='ocrx_word' id='word_1_175' title='bbox 3413 1361 3491 1423; x_wconf 73' lang='grc' dir='ltr'>εἰς</span> <span class='ocrx_word' id='word_1_176' title='bbox 3528 1361 3589 1413; x_wconf 76' lang='grc' dir='ltr'>τὸ</span> <span class='ocrx_word' id='word_1_177' title='bbox 3617 1361 3968 1430; x_wconf 65' lang='grc' dir='ltr'>δικαστήριον</span> 
     </span>
    </p>
   </div>
   <div class='ocr_carea' id='block_1_28' title="bbox 2385 1452 3970 1524">
    <p class='ocr_par' dir='ltr' id='par_1_28' title="bbox 2385 1452 3970 1524">
     <span class='ocr_line' id='line_1_28' title="bbox 2385 1452 3970 1524; baseline -0.001 -18"><span class='ocrx_word' id='word_1_178' title='bbox 2385 1454 2533 1521; x_wconf 76' lang='grc' dir='ltr'>ἡμᾶς</span> <span class='ocrx_word' id='word_1_179' title='bbox 2563 1452 2811 1512; x_wconf 79' lang='grc' dir='ltr'><strong>ἕλκοντες</strong></span> <span class='ocrx_word' id='word_1_180' title='bbox 2845 1453 3238 1524; x_wconf 67' lang='grc' dir='ltr'><strong>ἀποφέρουσιν,</strong></span> <span class='ocrx_word' id='word_1_181' title='bbox 3294 1454 3388 1515; x_wconf 75' lang='grc' dir='ltr'>οὖς</span> <span class='ocrx_word' id='word_1_182' title='bbox 3439 1455 3534 1506; x_wconf 82' lang='grc' dir='ltr'><strong>καί</strong></span> <span class='ocrx_word' id='word_1_183' title='bbox 3575 1455 3916 1520; x_wconf 65' lang='grc' dir='ltr'>θεασάμενος</span> <span class='ocrx_word' id='word_1_184' title='bbox 3943 1454 3970 1505; x_wconf 77' lang='grc' dir='ltr'><strong>ό</strong></span> 
     </span>
    </p>
   </div>
   <div class='ocr_carea' id='block_1_29' title="bbox 2386 1545 3971 1617">
    <p class='ocr_par' dir='ltr' id='par_1_29' title="bbox 2386 1545 3971 1617">
     <span class='ocr_line' id='line_1_29' title="bbox 2386 1545 3971 1617; baseline 0.001 -21"><span class='ocrx_word' id='word_1_185' title='bbox 2386 1545 2736 1616; x_wconf 77' lang='grc' dir='ltr'>ταλαίπωρος</span> <span class='ocrx_word' id='word_1_186' title='bbox 2762 1547 3071 1617; x_wconf 79' lang='grc' dir='ltr'>ἄνθρωπος,</span> <span class='ocrx_word' id='word_1_187' title='bbox 3099 1547 3201 1600; x_wconf 71' lang='grc' dir='ltr'><strong>κᾶν</strong></span> <span class='ocrx_word' id='word_1_188' title='bbox 3232 1546 3483 1616; x_wconf 71' lang='grc' dir='ltr'>βασιλεύς</span> <span class='ocrx_word' id='word_1_189' title='bbox 3515 1548 3650 1606; x_wconf 83' lang='grc' dir='ltr'>ἐστι,</span> <span class='ocrx_word' id='word_1_190' title='bbox 3688 1550 3792 1599; x_wconf 75' lang='grc' dir='ltr'>κζιν</span> <span class='ocrx_word' id='word_1_191' title='bbox 3817 1549 3971 1598; x_wconf 74' lang='grc' dir='ltr'>δυνα-</span> 
     </span>
    </p>
   </div>
   <div class='ocr_carea' id='block_1_30' title="bbox 2391 1634 3970 1707">
    <p class='ocr_par' dir='ltr' id='par_1_30' title="bbox 2391 1634 3970 1707">
     <span class='ocr_line' id='line_1_30' title="bbox 2391 1634 3970 1707; baseline -0.003 -17"><span class='ocrx_word' id='word_1_192' title='bbox 2391 1654 2544 1706; x_wconf 83' lang='grc' dir='ltr'>στης,</span> <span class='ocrx_word' id='word_1_193' title='bbox 2581 1637 2687 1692; x_wconf 82' lang='grc' dir='ltr'>κᾶν</span> <span class='ocrx_word' id='word_1_194' title='bbox 2725 1638 3026 1707; x_wconf 83' lang='grc' dir='ltr'>τύραννος,</span> <span class='ocrx_word' id='word_1_195' title='bbox 3060 1637 3183 1700; x_wconf 81' lang='grc' dir='ltr'>ὅλος</span> <span class='ocrx_word' id='word_1_196' title='bbox 3226 1638 3482 1702; x_wconf 84' lang='grc' dir='ltr'>δονεῖται,</span> <span class='ocrx_word' id='word_1_197' title='bbox 3505 1639 3598 1690; x_wconf 78' lang='grc' dir='ltr'>καὶ</span> <span class='ocrx_word' id='word_1_198' title='bbox 3634 1641 3660 1691; x_wconf 78' lang='grc' dir='ltr'><strong>ὁ</strong></span> <span class='ocrx_word' id='word_1_199' title='bbox 3689 1634 3858 1697; x_wconf 66' lang='grc' dir='ltr'>οἶκος,</span> <span class='ocrx_word' id='word_1_200' title='bbox 3899 1638 3970 1698; x_wconf 58' lang='grc' dir='ltr'>(ἒς</span> 
     </span>
    </p>
   </div>
   <div class='ocr_carea' id='block_1_31' title="bbox 2388 1729 3974 1800">
    <p class='ocr_par' dir='ltr' id='par_1_31' title="bbox 2388 1729 3974 1800">
     <span class='ocr_line' id='line_1_31' title="bbox 2388 1729 3974 1800; baseline -0.003 -16"><span class='ocrx_word' id='word_1_201' title='bbox 2388 1731 2498 1784; x_wconf 80' lang='grc' dir='ltr'><strong>ἀπὺ</strong></span> <span class='ocrx_word' id='word_1_202' title='bbox 2555 1731 2805 1799; x_wconf 78' lang='grc' dir='ltr'>σεισμοῦ,</span> <span class='ocrx_word' id='word_1_203' title='bbox 2861 1730 2981 1792; x_wconf 78' lang='grc' dir='ltr'>ὅλος</span> <span class='ocrx_word' id='word_1_204' title='bbox 3029 1731 3248 1800; x_wconf 77' lang='grc' dir='ltr'>τρέμει,</span> <span class='ocrx_word' id='word_1_205' title='bbox 3303 1729 3422 1791; x_wconf 77' lang='grc' dir='ltr'>ὅλος</span> <span class='ocrx_word' id='word_1_206' title='bbox 3465 1733 3814 1798; x_wconf 67' lang='grc' dir='ltr'>ταράττεται,</span> <span class='ocrx_word' id='word_1_207' title='bbox 3852 1729 3974 1790; x_wconf 51' lang='lat' dir='ltr'><strong>om;</strong></span> 
     </span>
    </p>
   </div>
   <div class='ocr_carea' id='block_1_32' title="bbox 2392 1821 3974 1894">
    <p class='ocr_par' dir='ltr' id='par_1_32' title="bbox 2392 1821 3974 1894">
     <span class='ocr_line' id='line_1_32' title="bbox 2392 1821 3974 1894; baseline 0.001 -20"><span class='ocrx_word' id='word_1_208' title='bbox 2392 1821 2685 1892; x_wconf 79' lang='grc' dir='ltr'>θαμϐεῖται</span> <span class='ocrx_word' id='word_1_209' title='bbox 2725 1824 2819 1876; x_wconf 71' lang='grc' dir='ltr'>καὶ</span> <span class='ocrx_word' id='word_1_210' title='bbox 2869 1824 3147 1889; x_wconf 79' lang='grc' dir='ltr'>ἐξίσταται</span> <span class='ocrx_word' id='word_1_211' title='bbox 3201 1823 3345 1894; x_wconf 82' lang='grc' dir='ltr'>ὁρῶν</span> <span class='ocrx_word' id='word_1_212' title='bbox 3397 1824 3660 1890; x_wconf 75' lang='grc' dir='ltr'>δυνάμεις</span> <span class='ocrx_word' id='word_1_213' title='bbox 3707 1824 3974 1890; x_wconf 65' lang='grc' dir='ltr'>φοϋερὲς.</span> 
     </span>
    </p>
   </div>
   <div class='ocr_carea' id='block_1_33' title="bbox 709 1885 2298 1991">
    <p class='ocr_par' dir='ltr' id='par_1_33' title="bbox 709 1922 2293 1991">
     <span class='ocr_line' id='line_1_33' title="bbox 709 1922 2293 1991; baseline 0.003 -17"><span class='ocrx_word' id='word_1_214' title='bbox 709 1922 996 1983; x_wconf 87' lang='lat' dir='ltr'><strong>violentas,</strong></span> <span class='ocrx_word' id='word_1_215' title='bbox 1027 1922 1221 1974; x_wconf 87' lang='lat' dir='ltr'><strong>videns</strong></span> <span class='ocrx_word' id='word_1_216' title='bbox 1253 1922 1535 1983; x_wconf 80' lang='lat' dir='ltr'><strong>eolmrtcs,</strong></span> <span class='ocrx_word' id='word_1_217' title='bbox 1561 1938 1699 1990; x_wconf 90' lang='lat' dir='ltr'><strong>quas</strong></span> <span class='ocrx_word' id='word_1_218' title='bbox 1733 1938 2014 1991; x_wconf 84' lang='lat' dir='ltr'><strong>tmnquam</strong></span> <span class='ocrx_word' id='word_1_219' title='bbox 2044 1935 2293 1978; x_wconf 84' lang='lat' dir='ltr'><strong>content-</strong></span> 
     </span>
    </p>
   </div>
   <div class='ocr_carea' id='block_1_34' title="bbox 2403 1885 3974 1991">
    <p class='ocr_par' dir='ltr' id='par_1_34' title="bbox 2403 1910 3974 1982">
     <span class='ocr_line' id='line_1_34' title="bbox 2403 1910 3974 1982; baseline 0 -19"><span class='ocrx_word' id='word_1_220' title='bbox 2403 1910 2535 1979; x_wconf 64' lang='grc' dir='ltr'>δρῶν</span> <span class='ocrx_word' id='word_1_221' title='bbox 2569 1911 2784 1980; x_wconf 72' lang='grc' dir='ltr'>μορφάς</span> <span class='ocrx_word' id='word_1_222' title='bbox 2835 1910 2989 1975; x_wconf 81' lang='grc' dir='ltr'>ξένας</span> <span class='ocrx_word' id='word_1_223' title='bbox 3028 1914 3122 1966; x_wconf 71' lang='grc' dir='ltr'>καὶ</span> <span class='ocrx_word' id='word_1_224' title='bbox 3163 1915 3447 1982; x_wconf 68' lang='grc' dir='ltr'>κραταιὰς,</span> <span class='ocrx_word' id='word_1_225' title='bbox 3479 1915 3618 1982; x_wconf 74' lang='grc' dir='ltr'>όριτιν</span> <span class='ocrx_word' id='word_1_226' title='bbox 3651 1911 3807 1968; x_wconf 73' lang='grc' dir='ltr'>τάξιν</span> <span class='ocrx_word' id='word_1_227' title='bbox 3837 1913 3974 1977; x_wconf 70' lang='lat' dir='ltr'><strong>(5h.</strong></span> 
     </span>
    </p>
   </div>
   <div class='ocr_carea' id='block_1_35' title="bbox 707 2015 2290 2087">
    <p class='ocr_par' dir='ltr' id='par_1_35' title="bbox 707 2015 2290 2087">
     <span class='ocr_line' id='line_1_35' title="bbox 707 2015 2290 2087; baseline 0.003 -20"><span class='ocrx_word' id='word_1_228' title='bbox 707 2015 891 2085; x_wconf 86' lang='lat' dir='ltr'><strong>platus</strong></span> <span class='ocrx_word' id='word_1_229' title='bbox 925 2024 1030 2068; x_wconf 88' lang='lat' dir='ltr'><strong>est.</strong></span> <span class='ocrx_word' id='word_1_230' title='bbox 1078 2015 1202 2068; x_wconf 90' lang='lat' dir='ltr'><strong>ll:cc</strong></span> <span class='ocrx_word' id='word_1_231' title='bbox 1239 2026 1370 2069; x_wconf 88' lang='lat' dir='ltr'><strong>tnnt:</strong></span> <span class='ocrx_word' id='word_1_232' title='bbox 1417 2015 1614 2070; x_wconf 90' lang='lat' dir='ltr'><strong>obiens</strong></span> <span class='ocrx_word' id='word_1_233' title='bbox 1654 2017 1840 2078; x_wconf 90' lang='lat' dir='ltr'><strong>videt,</strong></span> <span class='ocrx_word' id='word_1_234' title='bbox 1876 2032 1976 2070; x_wconf 87' lang='lat' dir='ltr'><strong>nos</strong></span> <span class='ocrx_word' id='word_1_235' title='bbox 2016 2034 2149 2071; x_wconf 89' lang='lat' dir='ltr'><strong>vero</strong></span> <span class='ocrx_word' id='word_1_236' title='bbox 2178 2019 2290 2087; x_wconf 88' lang='lat' dir='ltr'><strong>jam</strong></span> 
     </span>
    </p>
   </div>
   <div class='ocr_carea' id='block_1_36' title="bbox 709 2105 2294 2178">
    <p class='ocr_par' dir='ltr' id='par_1_36' title="bbox 709 2105 2294 2178">
     <span class='ocr_line' id='line_1_36' title="bbox 709 2105 2294 2178; baseline 0.004 -20"><span class='ocrx_word' id='word_1_237' title='bbox 709 2121 820 2158; x_wconf 86' lang='lat' dir='ltr'><strong>non</strong></span> <span class='ocrx_word' id='word_1_238' title='bbox 855 2105 1039 2168; x_wconf 89' lang='lat' dir='ltr'><strong>videt;</strong></span> <span class='ocrx_word' id='word_1_239' title='bbox 1083 2106 1176 2159; x_wconf 87' lang='lat' dir='ltr'><strong>sed</strong></span> <span class='ocrx_word' id='word_1_240' title='bbox 1201 2106 1266 2159; x_wconf 91' lang='lat' dir='ltr'><strong>ad</strong></span> <span class='ocrx_word' id='word_1_241' title='bbox 1299 2116 1565 2161; x_wconf 89' lang='lat' dir='ltr'><strong>vocantes</strong></span> <span class='ocrx_word' id='word_1_242' title='bbox 1605 2124 1731 2162; x_wconf 93' lang='lat' dir='ltr'><strong>cum</strong></span> <span class='ocrx_word' id='word_1_243' title='bbox 1765 2117 2070 2178; x_wconf 89' lang='lat' dir='ltr'><strong>potestates</strong></span> <span class='ocrx_word' id='word_1_244' title='bbox 2098 2126 2294 2164; x_wconf 72' lang='lat' dir='ltr'><strong>exsur-</strong></span> 
     </span>
    </p>
   </div>
   <div class='ocr_carea' id='block_1_37' title="bbox 708 2197 2293 2272">
    <p class='ocr_par' dir='ltr' id='par_1_37' title="bbox 708 2197 2293 2272">
     <span class='ocr_line' id='line_1_37' title="bbox 708 2197 2293 2272; baseline 0.007 -23"><span class='ocrx_word' id='word_1_245' title='bbox 708 2197 788 2263; x_wconf 65' lang='lat' dir='ltr'><strong>git</strong></span> <span class='ocrx_word' id='word_1_246' title='bbox 823 2198 1190 2264; x_wconf 80' lang='lat' dir='ltr'><strong>stupefactus.</strong></span> <span class='ocrx_word' id='word_1_247' title='bbox 1223 2198 1386 2254; x_wconf 76' lang='lat' dir='ltr'><strong>Forte</strong></span> <span class='ocrx_word' id='word_1_248' title='bbox 1423 2211 1479 2253; x_wconf 90' lang='lat' dir='ltr'><strong>et</strong></span> <span class='ocrx_word' id='word_1_249' title='bbox 1520 2203 1818 2256; x_wconf 89' lang='lat' dir='ltr'><strong>nonnullas</strong></span> <span class='ocrx_word' id='word_1_250' title='bbox 1863 2219 2056 2272; x_wconf 89' lang='lat' dir='ltr'><strong>preces</strong></span> <span class='ocrx_word' id='word_1_251' title='bbox 2097 2205 2162 2258; x_wconf 91' lang='lat' dir='ltr'><strong>ad</strong></span> <span class='ocrx_word' id='word_1_252' title='bbox 2200 2220 2293 2260; x_wconf 91' lang='lat' dir='ltr'><strong>cas</strong></span> 
     </span>
    </p>
   </div>
   <div class='ocr_carea' id='block_1_38' title="bbox 711 2289 2293 2363">
    <p class='ocr_par' dir='ltr' id='par_1_38' title="bbox 711 2289 2293 2363">
     <span class='ocr_line' id='line_1_38' title="bbox 711 2289 2293 2363; baseline 0.007 -23"><span class='ocrx_word' id='word_1_253' title='bbox 711 2289 895 2342; x_wconf 72' lang='lat' dir='ltr'><strong>l&#39;umlit</strong></span> <span class='ocrx_word' id='word_1_254' title='bbox 938 2292 1261 2351; x_wconf 73' lang='lat' dir='ltr'><strong>tltltssitaus,</strong></span> <span class='ocrx_word' id='word_1_255' title='bbox 1309 2301 1576 2359; x_wconf 90' lang='lat' dir='ltr'><strong>quantum</strong></span> <span class='ocrx_word' id='word_1_256' title='bbox 1620 2294 1805 2361; x_wconf 79' lang='lat' dir='ltr'><strong>lingua</strong></span> <span class='ocrx_word' id='word_1_257' title='bbox 1835 2295 1982 2363; x_wconf 92' lang='lat' dir='ltr'><strong>loqui</strong></span> <span class='ocrx_word' id='word_1_258' title='bbox 2014 2297 2181 2350; x_wconf 88' lang='lat' dir='ltr'><strong>valet.</strong></span> <span class='ocrx_word' id='word_1_259' title='bbox 2217 2297 2293 2350; x_wconf 73' lang='lat' dir='ltr'><strong>Ex</strong></span> 
     </span>
    </p>
   </div>
   <div class='ocr_carea' id='block_1_39' title="bbox 709 2381 2293 2458">
    <p class='ocr_par' dir='ltr' id='par_1_39' title="bbox 709 2381 2293 2458">
     <span class='ocr_line' id='line_1_39' title="bbox 709 2381 2293 2458; baseline 0.008 -27"><span class='ocrx_word' id='word_1_260' title='bbox 709 2381 919 2450; x_wconf 83' lang='lat' dir='ltr'><strong>quibus</strong></span> <span class='ocrx_word' id='word_1_261' title='bbox 950 2381 1135 2434; x_wconf 84' lang='lat' dir='ltr'><strong>verbis</strong></span> <span class='ocrx_word' id='word_1_262' title='bbox 1165 2389 1220 2434; x_wconf 91' lang='lat' dir='ltr'><strong>et</strong></span> <span class='ocrx_word' id='word_1_263' title='bbox 1253 2383 1420 2437; x_wconf 88' lang='lat' dir='ltr'><strong>rebus</strong></span> <span class='ocrx_word' id='word_1_264' title='bbox 1465 2395 1764 2452; x_wconf 70' lang='lat' dir='ltr'><strong>prmsentes</strong></span> <span class='ocrx_word' id='word_1_265' title='bbox 1795 2387 2122 2458; x_wconf 90' lang='lat' dir='ltr'><strong>plcrmuque</strong></span> <span class='ocrx_word' id='word_1_266' title='bbox 2157 2405 2293 2443; x_wconf 85' lang='lat' dir='ltr'><strong>cou-</strong></span> 
     </span>
    </p>
   </div>
   <div class='ocr_carea' id='block_1_40' title="bbox 705 2472 2295 2542">
    <p class='ocr_par' dir='ltr' id='par_1_40' title="bbox 705 2472 2295 2542">
     <span class='ocr_line' id='line_1_40' title="bbox 705 2472 2295 2542; baseline 0.004 -18"><span class='ocrx_word' id='word_1_267' title='bbox 705 2472 930 2539; x_wconf 87' lang='lat' dir='ltr'><strong>jicimus</strong></span> <span class='ocrx_word' id='word_1_268' title='bbox 962 2472 1107 2538; x_wconf 85' lang='lat' dir='ltr'><strong>quod</strong></span> <span class='ocrx_word' id='word_1_269' title='bbox 1146 2473 1471 2540; x_wconf 72' lang='lat' dir='ltr'><strong>tyrannicus</strong></span> <span class='ocrx_word' id='word_1_270' title='bbox 1499 2483 1805 2542; x_wconf 85' lang='lat' dir='ltr'><strong>potestates</strong></span> <span class='ocrx_word' id='word_1_271' title='bbox 1829 2475 1989 2541; x_wconf 91' lang='lat' dir='ltr'><strong>vidit,</strong></span> <span class='ocrx_word' id='word_1_272' title='bbox 2019 2486 2075 2530; x_wconf 92' lang='lat' dir='ltr'><strong>ct</strong></span> <span class='ocrx_word' id='word_1_273' title='bbox 2103 2493 2295 2531; x_wconf 86' lang='lat' dir='ltr'><strong>omnes</strong></span> 
     </span>
    </p>
   </div>
   <div class='ocr_carea' id='block_1_41' title="bbox 712 2563 2298 2628">
    <p class='ocr_par' dir='ltr' id='par_1_41' title="bbox 712 2563 2298 2628">
     <span class='ocr_line' id='line_1_41' title="bbox 712 2563 2298 2628; baseline 0.002 -12"><span class='ocrx_word' id='word_1_274' title='bbox 712 2573 956 2617; x_wconf 88' lang='lat' dir='ltr'><strong>tremore</strong></span> <span class='ocrx_word' id='word_1_275' title='bbox 1001 2567 1199 2617; x_wconf 81' lang='lat' dir='ltr'><strong>abortu</strong></span> <span class='ocrx_word' id='word_1_276' title='bbox 1247 2563 1662 2628; x_wconf 80' lang='lat' dir='ltr'><strong>horrescimus;</strong></span> <span class='ocrx_word' id='word_1_277' title='bbox 1701 2573 1758 2618; x_wconf 86' lang='lat' dir='ltr'><strong>et</strong></span> <span class='ocrx_word' id='word_1_278' title='bbox 1790 2565 1937 2620; x_wconf 89' lang='lat' dir='ltr'><strong>inter</strong></span> <span class='ocrx_word' id='word_1_279' title='bbox 1972 2581 2074 2620; x_wconf 92' lang='lat' dir='ltr'><strong>nos</strong></span> <span class='ocrx_word' id='word_1_280' title='bbox 2116 2566 2298 2620; x_wconf 90' lang='lat' dir='ltr'><strong>innui-</strong></span> 
     </span>
    </p>
   </div>
   <div class='ocr_carea' id='block_1_42' title="bbox 713 2653 2295 2727">
    <p class='ocr_par' dir='ltr' id='par_1_42' title="bbox 713 2653 2295 2727">
     <span class='ocr_line' id='line_1_42' title="bbox 713 2653 2295 2727; baseline 0.004 -21"><span class='ocrx_word' id='word_1_281' title='bbox 713 2669 837 2706; x_wconf 87' lang='lat' dir='ltr'><strong>mus</strong></span> <span class='ocrx_word' id='word_1_282' title='bbox 867 2653 1120 2706; x_wconf 87' lang='lat' dir='ltr'><strong>diceutes</strong></span> <span class='ocrx_word' id='word_1_283' title='bbox 1155 2669 1166 2704; x_wconf 94' lang='lat'><strong>:</strong></span> <span class='ocrx_word' id='word_1_284' title='bbox 1201 2653 1526 2714; x_wconf 81' lang='lat' dir='ltr'><strong>Precemur.</strong></span> <span class='ocrx_word' id='word_1_285' title='bbox 1569 2655 1790 2719; x_wconf 81' lang='lat' dir='ltr'><strong>fratres,</strong></span> <span class='ocrx_word' id='word_1_286' title='bbox 1826 2657 1879 2710; x_wconf 89' lang='lat' dir='ltr'><strong>in</strong></span> <span class='ocrx_word' id='word_1_287' title='bbox 1918 2673 2116 2727; x_wconf 72' lang='lat' dir='ltr'><strong>magno</strong></span> <span class='ocrx_word' id='word_1_288' title='bbox 2147 2660 2295 2712; x_wconf 91' lang='lat' dir='ltr'><strong>enim</strong></span> 
     </span>
    </p>
   </div>
   <div class='ocr_carea' id='block_1_43' title="bbox 713 2743 2298 2802">
    <p class='ocr_par' dir='ltr' id='par_1_43' title="bbox 713 2743 2298 2802">
     <span class='ocr_line' id='line_1_43' title="bbox 713 2743 2298 2802; baseline 0.001 -4"><span class='ocrx_word' id='word_1_289' title='bbox 713 2743 1020 2798; x_wconf 84' lang='lat' dir='ltr'><strong>certamine</strong></span> <span class='ocrx_word' id='word_1_290' title='bbox 1051 2755 1326 2799; x_wconf 90' lang='lat' dir='ltr'><strong>versatur.</strong></span> <span class='ocrx_word' id='word_1_291' title='bbox 1370 2744 1700 2799; x_wconf 80' lang='lat' dir='ltr'><strong>Mcditcmur</strong></span> <span class='ocrx_word' id='word_1_292' title='bbox 1732 2754 1789 2800; x_wconf 88' lang='lat' dir='ltr'><strong>et</strong></span> <span class='ocrx_word' id='word_1_293' title='bbox 1815 2747 1882 2801; x_wconf 88' lang='lat' dir='ltr'><strong>de</strong></span> <span class='ocrx_word' id='word_1_294' title='bbox 1915 2747 2003 2800; x_wconf 91' lang='lat' dir='ltr'><strong>illa</strong></span> <span class='ocrx_word' id='word_1_295' title='bbox 2036 2747 2171 2802; x_wconf 89' lang='lat' dir='ltr'><strong>hora</strong></span> <span class='ocrx_word' id='word_1_296' title='bbox 2200 2764 2298 2802; x_wconf 86' lang='lat' dir='ltr'><strong>co-</strong></span> 
     </span>
    </p>
   </div>
   <div class='ocr_carea' id='block_1_44' title="bbox 715 2837 2299 2906">
    <p class='ocr_par' dir='ltr' id='par_1_44' title="bbox 715 2837 2299 2906">
     <span class='ocr_line' id='line_1_44' title="bbox 715 2837 2299 2906; baseline 0.004 -19"><span class='ocrx_word' id='word_1_297' title='bbox 715 2838 974 2900; x_wconf 65' lang='lat' dir='ltr'><strong>gitemus.</strong></span> <span class='ocrx_word' id='word_1_298' title='bbox 1002 2837 1143 2899; x_wconf 74' lang='lat' dir='ltr'><strong>Quid</strong></span> <span class='ocrx_word' id='word_1_299' title='bbox 1182 2837 1332 2890; x_wconf 90' lang='lat' dir='ltr'><strong>enim</strong></span> <span class='ocrx_word' id='word_1_300' title='bbox 1361 2845 1447 2889; x_wconf 86' lang='lat' dir='ltr'><strong>est</strong></span> <span class='ocrx_word' id='word_1_301' title='bbox 1475 2837 1675 2891; x_wconf 90' lang='lat' dir='ltr'><strong>homo?</strong></span> <span class='ocrx_word' id='word_1_302' title='bbox 1701 2838 1874 2896; x_wconf 79' lang='lat' dir='ltr'><strong>Nihil.</strong></span> <span class='ocrx_word' id='word_1_303' title='bbox 1911 2840 2054 2906; x_wconf 85' lang='lat' dir='ltr'><strong>Quid</strong></span> <span class='ocrx_word' id='word_1_304' title='bbox 2090 2842 2299 2894; x_wconf 83' lang='lat' dir='ltr'><strong>homo?</strong></span> 
     </span>
    </p>
   </div>
   <div class='ocr_carea' id='block_1_45' title="bbox 716 2926 2296 2998">
    <p class='ocr_par' dir='ltr' id='par_1_45' title="bbox 716 2926 2296 2998">
     <span class='ocr_line' id='line_1_45' title="bbox 716 2926 2296 2998; baseline 0.005 -20"><span class='ocrx_word' id='word_1_305' title='bbox 716 2927 954 2988; x_wconf 80' lang='lat' dir='ltr'><strong>vermis,</strong></span> <span class='ocrx_word' id='word_1_306' title='bbox 987 2926 1149 2990; x_wconf 84' lang='lat' dir='ltr'><strong>cinis,</strong></span> <span class='ocrx_word' id='word_1_307' title='bbox 1201 2927 1434 2989; x_wconf 88' lang='lat' dir='ltr'><strong>umbra,</strong></span> <span class='ocrx_word' id='word_1_308' title='bbox 1500 2929 1802 2985; x_wconf 83' lang='lat' dir='ltr'><strong>somnium.</strong></span> <span class='ocrx_word' id='word_1_309' title='bbox 1843 2930 1987 2986; x_wconf 80' lang='lat' dir='ltr'><strong>Ecce</strong></span> <span class='ocrx_word' id='word_1_310' title='bbox 2045 2933 2296 2998; x_wconf 80' lang='lat' dir='ltr'><strong>transiit,</strong></span> 
     </span>
    </p>
   </div>
   <div class='ocr_carea' id='block_1_46' title="bbox 715 3015 2297 3087">
    <p class='ocr_par' dir='ltr' id='par_1_46' title="bbox 715 3015 2297 3087">
     <span class='ocr_line' id='line_1_46' title="bbox 715 3015 2297 3087; baseline 0.004 -17"><span class='ocrx_word' id='word_1_311' title='bbox 715 3032 846 3070; x_wconf 88' lang='lat' dir='ltr'><strong>ecce</strong></span> <span class='ocrx_word' id='word_1_312' title='bbox 877 3015 1036 3075; x_wconf 88' lang='lat' dir='ltr'><strong>abiit.</strong></span> <span class='ocrx_word' id='word_1_313' title='bbox 1067 3031 1198 3070; x_wconf 92' lang='lat' dir='ltr'><strong>ecce</strong></span> <span class='ocrx_word' id='word_1_314' title='bbox 1246 3017 1503 3081; x_wconf 90' lang='lat' dir='ltr'><strong>cessavit,</strong></span> <span class='ocrx_word' id='word_1_315' title='bbox 1530 3031 1660 3071; x_wconf 89' lang='lat' dir='ltr'><strong>cece</strong></span> <span class='ocrx_word' id='word_1_316' title='bbox 1698 3018 1996 3087; x_wconf 90' lang='lat' dir='ltr'><strong>requievit.</strong></span> <span class='ocrx_word' id='word_1_317' title='bbox 2050 3019 2150 3074; x_wconf 91' lang='lat' dir='ltr'><strong>llic</strong></span> <span class='ocrx_word' id='word_1_318' title='bbox 2185 3039 2297 3077; x_wconf 88' lang='lat' dir='ltr'><strong>ma-</strong></span> 
     </span>
    </p>
   </div>
   <div class='ocr_carea' id='block_1_47' title="bbox 717 3109 2294 3181">
    <p class='ocr_par' dir='ltr' id='par_1_47' title="bbox 717 3109 2294 3181">
     <span class='ocr_line' id='line_1_47' title="bbox 717 3109 2294 3181; baseline 0.004 -20"><span class='ocrx_word' id='word_1_319' title='bbox 717 3126 878 3176; x_wconf 71' lang='lat' dir='ltr'><strong>gnus.</strong></span> <span class='ocrx_word' id='word_1_320' title='bbox 912 3109 1181 3172; x_wconf 85' lang='lat' dir='ltr'><strong>invictus,</strong></span> <span class='ocrx_word' id='word_1_321' title='bbox 1216 3119 1434 3178; x_wconf 86' lang='lat' dir='ltr'><strong>potens,</strong></span> <span class='ocrx_word' id='word_1_322' title='bbox 1478 3111 1716 3174; x_wconf 86' lang='lat' dir='ltr'><strong>validus,</strong></span> <span class='ocrx_word' id='word_1_323' title='bbox 1745 3113 1892 3181; x_wconf 90' lang='lat' dir='ltr'><strong>jacet</strong></span> <span class='ocrx_word' id='word_1_324' title='bbox 1931 3113 2022 3167; x_wconf 92' lang='lat' dir='ltr'><strong>ovi</strong></span> <span class='ocrx_word' id='word_1_325' title='bbox 2072 3114 2294 3179; x_wconf 89' lang='lat' dir='ltr'><strong>mitior;</strong></span> 
     </span>
    </p>
   </div>
   <div class='ocr_carea' id='block_1_48' title="bbox 2394 2002 3978 2072">
    <p class='ocr_par' dir='ltr' id='par_1_48' title="bbox 2394 2002 3978 2072">
     <span class='ocr_line' id='line_1_48' title="bbox 2394 2002 3978 2072; baseline 0 -18"><span class='ocrx_word' id='word_1_326' title='bbox 2394 2004 2461 2071; x_wconf 83' lang='grc' dir='ltr'>ῆν</span> <span class='ocrx_word' id='word_1_327' title='bbox 2498 2002 2754 2056; x_wconf 82' lang='grc' dir='ltr'>οὐδέποτε</span> <span class='ocrx_word' id='word_1_328' title='bbox 2802 2003 3101 2057; x_wconf 86' lang='grc' dir='ltr'>ἐθεάσατο·</span> <span class='ocrx_word' id='word_1_329' title='bbox 3146 2005 3321 2058; x_wconf 80' lang='grc' dir='ltr'>ταῦτα</span> <span class='ocrx_word' id='word_1_330' title='bbox 3371 2007 3494 2058; x_wconf 85' lang='grc' dir='ltr'>τότε</span> <span class='ocrx_word' id='word_1_331' title='bbox 3541 2009 3569 2056; x_wconf 87' lang='grc' dir='ltr'><strong>ό</strong></span> <span class='ocrx_word' id='word_1_332' title='bbox 3627 2005 3978 2072; x_wconf 66' lang='grc' dir='ltr'>ἀπαγόμενος</span> 
     </span>
    </p>
   </div>
   <div class='ocr_carea' id='block_1_49' title="bbox 2393 2095 3977 2168">
    <p class='ocr_par' dir='ltr' id='par_1_49' title="bbox 2393 2095 3977 2168">
     <span class='ocr_line' id='line_1_49' title="bbox 2393 2095 3977 2168; baseline 0.008 -22"><span class='ocrx_word' id='word_1_333' title='bbox 2393 2096 2518 2164; x_wconf 75' lang='grc' dir='ltr'>ὁρᾷ,</span> <span class='ocrx_word' id='word_1_334' title='bbox 2553 2097 2701 2165; x_wconf 66' lang='grc' dir='ltr'>ἡμᾶς</span> <span class='ocrx_word' id='word_1_335' title='bbox 2733 2095 2790 2150; x_wconf 81' lang='grc' dir='ltr'><strong>δὲ</strong></span> <span class='ocrx_word' id='word_1_336' title='bbox 2849 2095 3034 2150; x_wconf 72' lang='grc' dir='ltr'>οὐκέτι</span> <span class='ocrx_word' id='word_1_337' title='bbox 3086 2095 3319 2168; x_wconf 78' lang='grc' dir='ltr'>καθορᾷ,</span> <span class='ocrx_word' id='word_1_338' title='bbox 3351 2097 3486 2151; x_wconf 86' lang='grc' dir='ltr'><strong>ἀλλά</strong></span> <span class='ocrx_word' id='word_1_339' title='bbox 3549 2097 3685 2166; x_wconf 58' lang='grc' dir='ltr'>πρὸς</span> <span class='ocrx_word' id='word_1_340' title='bbox 3728 2098 3828 2157; x_wconf 66' lang='grc' dir='ltr'><strong>τὰς</strong></span> <span class='ocrx_word' id='word_1_341' title='bbox 3878 2114 3977 2148; x_wconf 68' lang='grc' dir='ltr'><strong>κι-</strong></span> 
     </span>
    </p>
   </div>
   <div class='ocr_carea' id='block_1_50' title="bbox 2394 2185 3978 2258">
    <p class='ocr_par' dir='ltr' id='par_1_50' title="bbox 2394 2185 3978 2258">
     <span class='ocr_line' id='line_1_50' title="bbox 2394 2185 3978 2258; baseline 0.001 -21"><span class='ocrx_word' id='word_1_342' title='bbox 2394 2185 2593 2248; x_wconf 86' lang='grc' dir='ltr'>λούσας</span> <span class='ocrx_word' id='word_1_343' title='bbox 2627 2187 2889 2257; x_wconf 79' lang='grc' dir='ltr'>δύναμεις</span> <span class='ocrx_word' id='word_1_344' title='bbox 2925 2187 3227 2258; x_wconf 74' lang='grc' dir='ltr'>θαμϐηθεὶς</span> <span class='ocrx_word' id='word_1_345' title='bbox 3258 2189 3558 2252; x_wconf 77' lang='grc' dir='ltr'>ἐξίσταται.</span> <span class='ocrx_word' id='word_1_346' title='bbox 3599 2189 3754 2249; x_wconf 83' lang='grc' dir='ltr'>Ἴσως</span> <span class='ocrx_word' id='word_1_347' title='bbox 3787 2187 3843 2240; x_wconf 74' lang='lat'><strong>6!:</strong></span> <span class='ocrx_word' id='word_1_348' title='bbox 3885 2187 3978 2240; x_wconf 79' lang='grc' dir='ltr'><strong>καί</strong></span> 
     </span>
    </p>
   </div>
   <div class='ocr_carea' id='block_1_51' title="bbox 2394 2278 3979 2349">
    <p class='ocr_par' dir='ltr' id='par_1_51' title="bbox 2394 2278 3979 2349">
     <span class='ocr_line' id='line_1_51' title="bbox 2394 2278 3979 2349; baseline -0.001 -20"><span class='ocrx_word' id='word_1_349' title='bbox 2394 2294 2549 2340; x_wconf 87' lang='grc' dir='ltr'>τινας</span> <span class='ocrx_word' id='word_1_350' title='bbox 2576 2278 2790 2348; x_wconf 78' lang='grc' dir='ltr'>δεήσεις</span> <span class='ocrx_word' id='word_1_351' title='bbox 2822 2279 2959 2349; x_wconf 75' lang='grc' dir='ltr'>πρὸς</span> <span class='ocrx_word' id='word_1_352' title='bbox 2977 2280 3147 2342; x_wconf 76' lang='grc' dir='ltr'>αὐτὰς</span> <span class='ocrx_word' id='word_1_353' title='bbox 3180 2281 3413 2332; x_wconf 79' lang='grc' dir='ltr'>ποιεῖται</span> <span class='ocrx_word' id='word_1_354' title='bbox 3437 2278 3761 2348; x_wconf 72' lang='grc' dir='ltr'>ψιθυρίζων,</span> <span class='ocrx_word' id='word_1_355' title='bbox 3791 2279 3979 2340; x_wconf 73' lang='grc' dir='ltr'>καθὼς</span> 
     </span>
    </p>
   </div>
   <div class='ocr_carea' id='block_1_52' title="bbox 2396 2365 3981 2440">
    <p class='ocr_par' dir='ltr' id='par_1_52' title="bbox 2396 2365 3981 2440">
     <span class='ocr_line' id='line_1_52' title="bbox 2396 2365 3981 2440; baseline 0.001 -21"><span class='ocrx_word' id='word_1_356' title='bbox 2396 2369 2429 2438; x_wconf 85' lang='grc' dir='ltr'>ἡ</span> <span class='ocrx_word' id='word_1_357' title='bbox 2464 2369 2687 2436; x_wconf 86' lang='grc' dir='ltr'>γλῶσσα</span> <span class='ocrx_word' id='word_1_358' title='bbox 2707 2369 2887 2422; x_wconf 81' lang='grc' dir='ltr'>λαλεῖν</span> <span class='ocrx_word' id='word_1_359' title='bbox 2923 2369 3169 2423; x_wconf 77' lang='grc' dir='ltr'>δύναται.</span> <span class='ocrx_word' id='word_1_360' title='bbox 3202 2371 3290 2438; x_wconf 78' lang='grc' dir='ltr'><strong>Ἐξ</strong></span> <span class='ocrx_word' id='word_1_361' title='bbox 3317 2365 3392 2424; x_wconf 82' lang='grc' dir='ltr'>ὧν</span> <span class='ocrx_word' id='word_1_362' title='bbox 3425 2371 3684 2440; x_wconf 72' lang='grc' dir='ltr'>ῥημάτων</span> <span class='ocrx_word' id='word_1_363' title='bbox 3717 2371 3810 2421; x_wconf 82' lang='grc' dir='ltr'><strong>καί</strong></span> <span class='ocrx_word' id='word_1_364' title='bbox 3842 2387 3981 2438; x_wconf 61' lang='grc' dir='ltr'>χρη-</span> 
     </span>
    </p>
   </div>
   <div class='ocr_carea' id='block_1_53' title="bbox 2401 2461 3984 2533">
    <p class='ocr_par' dir='ltr' id='par_1_53' title="bbox 2401 2461 3984 2533">
     <span class='ocr_line' id='line_1_53' title="bbox 2401 2461 3984 2533; baseline 0.001 -19"><span class='ocrx_word' id='word_1_365' title='bbox 2401 2461 2588 2533; x_wconf 80' lang='grc' dir='ltr'>μάτων</span> <span class='ocrx_word' id='word_1_366' title='bbox 2621 2462 2670 2516; x_wconf 87' lang='grc' dir='ltr'>οῑ</span> <span class='ocrx_word' id='word_1_367' title='bbox 2702 2463 2967 2533; x_wconf 77' lang='grc' dir='ltr'>παρόντες</span> <span class='ocrx_word' id='word_1_368' title='bbox 3023 2463 3288 2525; x_wconf 84' lang='grc' dir='ltr'>πολλάκις</span> <span class='ocrx_word' id='word_1_369' title='bbox 3329 2463 3555 2532; x_wconf 77' lang='grc' dir='ltr'>νοοῦμεν</span> <span class='ocrx_word' id='word_1_370' title='bbox 3580 2502 3595 2526; x_wconf 88' lang='grc'><strong>,</strong></span> <span class='ocrx_word' id='word_1_371' title='bbox 3643 2465 3726 2516; x_wconf 86' lang='grc' dir='ltr'>ὃτι</span> <span class='ocrx_word' id='word_1_372' title='bbox 3761 2464 3862 2527; x_wconf 75' lang='grc' dir='ltr'>τὰς</span> <span class='ocrx_word' id='word_1_373' title='bbox 3898 2464 3984 2516; x_wconf 75' lang='grc' dir='ltr'>δε·</span> 
     </span>
    </p>
   </div>
   <div class='ocr_carea' id='block_1_54' title="bbox 2401 2555 3983 2624">
    <p class='ocr_par' dir='ltr' id='par_1_54' title="bbox 2401 2555 3983 2624">
     <span class='ocr_line' id='line_1_54' title="bbox 2401 2555 3983 2624; baseline -0.001 -17"><span class='ocrx_word' id='word_1_374' title='bbox 2401 2555 2668 2618; x_wconf 78' lang='grc' dir='ltr'>σποτικὰς</span> <span class='ocrx_word' id='word_1_375' title='bbox 2706 2555 2966 2624; x_wconf 79' lang='grc' dir='ltr'>δυνάμεις</span> <span class='ocrx_word' id='word_1_376' title='bbox 3014 2555 3300 2618; x_wconf 83' lang='grc' dir='ltr'>ἐθεάσατο,</span> <span class='ocrx_word' id='word_1_377' title='bbox 3340 2555 3433 2610; x_wconf 74' lang='grc' dir='ltr'>καὶ</span> <span class='ocrx_word' id='word_1_378' title='bbox 3487 2556 3690 2618; x_wconf 73' lang='grc' dir='ltr'>πάντες</span> <span class='ocrx_word' id='word_1_379' title='bbox 3750 2555 3983 2624; x_wconf 72' lang='grc' dir='ltr'>σύντρο-</span> 
     </span>
    </p>
   </div>
   <div class='ocr_carea' id='block_1_55' title="bbox 2404 2647 3988 2719">
    <p class='ocr_par' dir='ltr' id='par_1_55' title="bbox 2404 2647 3988 2719">
     <span class='ocr_line' id='line_1_55' title="bbox 2404 2647 3988 2719; baseline 0.001 -20"><span class='ocrx_word' id='word_1_380' title='bbox 2404 2664 2491 2716; x_wconf 86' lang='grc' dir='ltr'><strong>μοι</strong></span> <span class='ocrx_word' id='word_1_381' title='bbox 2526 2647 2637 2713; x_wconf 78' lang='grc'>(55)</span> <span class='ocrx_word' id='word_1_382' title='bbox 2673 2648 2976 2716; x_wconf 86' lang='grc' dir='ltr'>γενόμενοι,</span> <span class='ocrx_word' id='word_1_383' title='bbox 3018 2649 3348 2719; x_wconf 78' lang='grc' dir='ltr'>φρῖττομεν,</span> <span class='ocrx_word' id='word_1_384' title='bbox 3391 2650 3485 2702; x_wconf 73' lang='grc' dir='ltr'>καὶ</span> <span class='ocrx_word' id='word_1_385' title='bbox 3522 2650 3657 2718; x_wconf 73' lang='grc' dir='ltr'>πρ&gt;ις</span> <span class='ocrx_word' id='word_1_386' title='bbox 3719 2649 3988 2719; x_wconf 72' lang='grc' dir='ltr'>ἀλλήλους</span> 
     </span>
    </p>
   </div>
   <div class='ocr_carea' id='block_1_56' title="bbox 2398 2736 3989 2808">
    <p class='ocr_par' dir='ltr' id='par_1_56' title="bbox 2398 2736 3989 2808">
     <span class='ocr_line' id='line_1_56' title="bbox 2398 2736 3989 2808; baseline 0.001 -18"><span class='ocrx_word' id='word_1_387' title='bbox 2398 2737 2721 2806; x_wconf 73' lang='grc' dir='ltr'>διανεύομεν</span> <span class='ocrx_word' id='word_1_388' title='bbox 2755 2736 3046 2804; x_wconf 76' lang='grc' dir='ltr'>λέγοντεςο</span> <span class='ocrx_word' id='word_1_389' title='bbox 3097 2737 3556 2808; x_wconf 77' lang='grc' dir='ltr'>Προσευξώμεθα,</span> <span class='ocrx_word' id='word_1_390' title='bbox 3607 2739 3854 2806; x_wconf 66' lang='grc' dir='ltr'>ἀδελφοί·</span> <span class='ocrx_word' id='word_1_391' title='bbox 3908 2739 3989 2800; x_wconf 75' lang='grc' dir='ltr'>εἰς</span> 
     </span>
    </p>
   </div>
   <div class='ocr_carea' id='block_1_57' title="bbox 2398 2829 3990 2900">
    <p class='ocr_par' dir='ltr' id='par_1_57' title="bbox 2398 2829 3990 2900">
     <span class='ocr_line' id='line_1_57' title="bbox 2398 2829 3990 2900; baseline 0.001 -20"><span class='ocrx_word' id='word_1_392' title='bbox 2398 2829 2508 2899; x_wconf 82' lang='grc' dir='ltr'>γὰρ</span> <span class='ocrx_word' id='word_1_393' title='bbox 2547 2831 2737 2897; x_wconf 81' lang='grc' dir='ltr'>άγώνα</span> <span class='ocrx_word' id='word_1_394' title='bbox 2795 2831 2971 2899; x_wconf 79' lang='grc' dir='ltr'>μέγαν</span> <span class='ocrx_word' id='word_1_395' title='bbox 3031 2830 3386 2900; x_wconf 82' lang='grc' dir='ltr'>παρίσταται.</span> <span class='ocrx_word' id='word_1_396' title='bbox 3440 2831 3850 2900; x_wconf 81' lang='grc' dir='ltr'>Σκοπήσωμεν,</span> <span class='ocrx_word' id='word_1_397' title='bbox 3892 2833 3990 2884; x_wconf 77' lang='grc' dir='ltr'>καὶ</span> 
     </span>
    </p>
   </div>
   <div class='ocr_carea' id='block_1_58' title="bbox 2398 2920 3990 2993">
    <p class='ocr_par' dir='ltr' id='par_1_58' title="bbox 2398 2920 3990 2993">
     <span class='ocr_line' id='line_1_58' title="bbox 2398 2920 3990 2993; baseline 0.001 -19"><span class='ocrx_word' id='word_1_398' title='bbox 2398 2920 2497 2989; x_wconf 77' lang='grc' dir='ltr'>τῆς</span> <span class='ocrx_word' id='word_1_399' title='bbox 2522 2922 2672 2992; x_wconf 84' lang='grc' dir='ltr'>ὥρας</span> <span class='ocrx_word' id='word_1_400' title='bbox 2696 2922 2898 2990; x_wconf 74' lang='grc' dir='ltr'>ταύτης</span> <span class='ocrx_word' id='word_1_401' title='bbox 2927 2923 3322 2992; x_wconf 80' lang='grc' dir='ltr'>φροντίσωμεν.</span> <span class='ocrx_word' id='word_1_402' title='bbox 3354 2922 3419 2974; x_wconf 82' lang='grc' dir='ltr'><strong>Τί</strong></span> <span class='ocrx_word' id='word_1_403' title='bbox 3451 2923 3559 2992; x_wconf 87' lang='grc' dir='ltr'><strong>γάρ</strong></span> <span class='ocrx_word' id='word_1_404' title='bbox 3589 2924 3738 2976; x_wconf 82' lang='grc' dir='ltr'>ἐστιν</span> <span class='ocrx_word' id='word_1_405' title='bbox 3769 2924 3990 2993; x_wconf 81' lang='grc' dir='ltr'>ἄνθρω·</span> 
     </span>
    </p>
   </div>
   <div class='ocr_carea' id='block_1_59' title="bbox 2401 3015 3991 3085">
    <p class='ocr_par' dir='ltr' id='par_1_59' title="bbox 2401 3015 3991 3085">
     <span class='ocr_line' id='line_1_59' title="bbox 2401 3015 3991 3085; baseline 0 -17"><span class='ocrx_word' id='word_1_406' title='bbox 2401 3033 2531 3078; x_wconf 78' lang='grc' dir='ltr'>ποςς</span> <span class='ocrx_word' id='word_1_407' title='bbox 2584 3015 2840 3069; x_wconf 75' lang='grc' dir='ltr'>οὐδέν’τί</span> <span class='ocrx_word' id='word_1_408' title='bbox 2896 3016 3221 3085; x_wconf 78' lang='grc' dir='ltr'>ἄνθρωπος;</span> <span class='ocrx_word' id='word_1_409' title='bbox 3283 3015 3498 3084; x_wconf 75' lang='grc' dir='ltr'>σκώληξ</span> <span class='ocrx_word' id='word_1_410' title='bbox 3547 3016 3847 3084; x_wconf 73' lang='grc' dir='ltr'>κα“ιτέι,ςρα</span> <span class='ocrx_word' id='word_1_411' title='bbox 3896 3015 3991 3068; x_wconf 58' lang='grc' dir='ltr'>καὶ</span> 
     </span>
    </p>
   </div>
   <div class='ocr_carea' id='block_1_60' title="bbox 2403 3104 3992 3175">
    <p class='ocr_par' dir='ltr' id='par_1_60' title="bbox 2403 3104 3992 3175">
     <span class='ocr_line' id='line_1_60' title="bbox 2403 3104 3992 3175; baseline 0.001 -17"><span class='ocrx_word' id='word_1_412' title='bbox 2403 3108 2533 3160; x_wconf 87' lang='grc' dir='ltr'><strong>σκιά</strong></span> <span class='ocrx_word' id='word_1_413' title='bbox 2585 3107 2676 3159; x_wconf 76' lang='grc' dir='ltr'>καὶ</span> <span class='ocrx_word' id='word_1_414' title='bbox 2711 3107 2865 3175; x_wconf 77' lang='grc' dir='ltr'>ὄναρ.</span> <span class='ocrx_word' id='word_1_415' title='bbox 2942 3105 3041 3159; x_wconf 75' lang='grc' dir='ltr'><strong>Ἰὖὲ</strong></span> <span class='ocrx_word' id='word_1_416' title='bbox 3099 3105 3274 3172; x_wconf 77' lang='grc' dir='ltr'>διέϐη,</span> <span class='ocrx_word' id='word_1_417' title='bbox 3332 3105 3404 3158; x_wconf 76' lang='grc' dir='ltr'><strong>[δὲ</strong></span> <span class='ocrx_word' id='word_1_418' title='bbox 3441 3104 3686 3171; x_wconf 70' lang='grc' dir='ltr'>ἀπῆλθε,</span> <span class='ocrx_word' id='word_1_419' title='bbox 3732 3106 3806 3158; x_wconf 77' lang='grc' dir='ltr'><strong>ἰδὲ</strong></span> <span class='ocrx_word' id='word_1_420' title='bbox 3856 3124 3992 3159; x_wconf 87' lang='grc' dir='ltr'>κατ-</span> 
     </span>
    </p>
   </div>
   <div class='ocr_carea' id='block_1_61' title="bbox 717 3199 2298 3273">
    <p class='ocr_par' dir='ltr' id='par_1_61' title="bbox 717 3199 2298 3271">
     <span class='ocr_line' id='line_1_61' title="bbox 717 3199 2298 3271; baseline 0.004 -19"><span class='ocrx_word' id='word_1_421' title='bbox 717 3201 1077 3269; x_wconf 86' lang='lat' dir='ltr'><strong>conspicuus,</strong></span> <span class='ocrx_word' id='word_1_422' title='bbox 1109 3199 1268 3269; x_wconf 89' lang='lat' dir='ltr'><strong>quasi</strong></span> <span class='ocrx_word' id='word_1_423' title='bbox 1302 3215 1414 3254; x_wconf 88' lang='lat' dir='ltr'><strong>non</strong></span> <span class='ocrx_word' id='word_1_424' title='bbox 1453 3201 1811 3271; x_wconf 85' lang='lat' dir='ltr'><strong>conspicuus,</strong></span> <span class='ocrx_word' id='word_1_425' title='bbox 1843 3202 2022 3258; x_wconf 88' lang='lat' dir='ltr'><strong>factus</strong></span> <span class='ocrx_word' id='word_1_426' title='bbox 2048 3215 2132 3260; x_wconf 90' lang='lat' dir='ltr'><strong>est</strong></span> <span class='ocrx_word' id='word_1_427' title='bbox 2167 3205 2298 3259; x_wconf 91' lang='lat' dir='ltr'><strong>invi-</strong></span> 
     </span>
    </p>
   </div>
   <div class='ocr_carea' id='block_1_62' title="bbox 2403 3199 3992 3273">
    <p class='ocr_par' dir='ltr' id='par_1_62' title="bbox 2407 3200 3992 3270">
     <span class='ocr_line' id='line_1_62' title="bbox 2407 3200 3992 3270; baseline 0.001 -18"><span class='ocrx_word' id='word_1_428' title='bbox 2407 3200 2688 3263; x_wconf 81' lang='grc' dir='ltr'>ἐπαυσεν,</span> <span class='ocrx_word' id='word_1_429' title='bbox 2757 3201 2829 3252; x_wconf 75' lang='grc' dir='ltr'><strong>ἰδὲ</strong></span> <span class='ocrx_word' id='word_1_430' title='bbox 2873 3201 3166 3270; x_wconf 71' lang='grc' dir='ltr'>ἡσύχασεν.</span> <span class='ocrx_word' id='word_1_431' title='bbox 3213 3201 3449 3263; x_wconf 82' lang='grc' dir='ltr'>Ἐκεῖνος</span> <span class='ocrx_word' id='word_1_432' title='bbox 3496 3202 3523 3252; x_wconf 85' lang='grc' dir='ltr'><strong>ό</strong></span> <span class='ocrx_word' id='word_1_433' title='bbox 3572 3200 3736 3260; x_wconf 74' lang='grc' dir='ltr'>πολὺς</span> <span class='ocrx_word' id='word_1_434' title='bbox 3795 3201 3936 3269; x_wconf 77' lang='grc' dir='ltr'>(5(ἰ),</span> <span class='ocrx_word' id='word_1_435' title='bbox 3965 3201 3992 3254; x_wconf 84' lang='grc' dir='ltr'><strong>ό</strong></span> 
     </span>
    </p>
   </div>
   <div class='ocr_carea' id='block_1_63' title="bbox 719 3293 2304 3362">
    <p class='ocr_par' dir='ltr' id='par_1_63' title="bbox 719 3293 2304 3362">
     <span class='ocr_line' id='line_1_63' title="bbox 719 3293 2304 3362; baseline 0.003 -16"><span class='ocrx_word' id='word_1_436' title='bbox 719 3293 939 3355; x_wconf 83' lang='lat' dir='ltr'><strong>sibilis;</strong></span> <span class='ocrx_word' id='word_1_437' title='bbox 966 3303 1265 3361; x_wconf 85' lang='lat' dir='ltr'><strong>superatus</strong></span> <span class='ocrx_word' id='word_1_438' title='bbox 1293 3293 1490 3361; x_wconf 86' lang='lat' dir='ltr'><strong>estqui</strong></span> <span class='ocrx_word' id='word_1_439' title='bbox 1528 3293 1847 3362; x_wconf 86' lang='lat' dir='ltr'><strong>superabat,</strong></span> <span class='ocrx_word' id='word_1_440' title='bbox 1883 3303 1939 3348; x_wconf 91' lang='lat' dir='ltr'><strong>et</strong></span> <span class='ocrx_word' id='word_1_441' title='bbox 1963 3309 2092 3350; x_wconf 91' lang='lat' dir='ltr'><strong>ecce</strong></span> <span class='ocrx_word' id='word_1_442' title='bbox 2127 3297 2304 3350; x_wconf 89' lang='lat' dir='ltr'><strong>abdu-</strong></span> 
     </span>
    </p>
   </div>
   <div class='ocr_carea' id='block_1_64' title="bbox 720 3387 2304 3459">
    <p class='ocr_par' dir='ltr' id='par_1_64' title="bbox 720 3387 2304 3459">
     <span class='ocr_line' id='line_1_64' title="bbox 720 3387 2304 3459; baseline 0.003 -18"><span class='ocrx_word' id='word_1_443' title='bbox 720 3397 860 3441; x_wconf 88' lang='lat' dir='ltr'><strong>cunt</strong></span> <span class='ocrx_word' id='word_1_444' title='bbox 893 3402 1005 3455; x_wconf 89' lang='lat' dir='ltr'><strong>quo</strong></span> <span class='ocrx_word' id='word_1_445' title='bbox 1039 3387 1326 3440; x_wconf 87' lang='lat' dir='ltr'><strong>abducunt</strong></span> <span class='ocrx_word' id='word_1_446' title='bbox 1365 3387 1732 3450; x_wconf 87' lang='lat' dir='ltr'><strong>abducentes,</strong></span> <span class='ocrx_word' id='word_1_447' title='bbox 1775 3390 1832 3442; x_wconf 90' lang='lat' dir='ltr'><strong>in</strong></span> <span class='ocrx_word' id='word_1_448' title='bbox 1871 3406 1982 3459; x_wconf 92' lang='lat' dir='ltr'><strong>quo</strong></span> <span class='ocrx_word' id='word_1_449' title='bbox 2006 3391 2129 3445; x_wconf 90' lang='lat' dir='ltr'><strong>loco</strong></span> <span class='ocrx_word' id='word_1_450' title='bbox 2157 3400 2304 3446; x_wconf 88' lang='lat' dir='ltr'><strong>stant</strong></span> 
     </span>
    </p>
   </div>
   <div class='ocr_carea' id='block_1_65' title="bbox 724 3477 2306 3546">
    <p class='ocr_par' dir='ltr' id='par_1_65' title="bbox 724 3477 2306 3546">
     <span class='ocr_line' id='line_1_65' title="bbox 724 3477 2306 3546; baseline 0.005 -18"><span class='ocrx_word' id='word_1_451' title='bbox 724 3485 1030 3546; x_wconf 89' lang='lat' dir='ltr'><strong>potestates</strong></span> <span class='ocrx_word' id='word_1_452' title='bbox 1079 3487 1133 3532; x_wconf 90' lang='lat' dir='ltr'><strong>et</strong></span> <span class='ocrx_word' id='word_1_453' title='bbox 1173 3477 1606 3539; x_wconf 87' lang='lat' dir='ltr'><strong>dominationes.</strong></span> <span class='ocrx_word' id='word_1_454' title='bbox 1636 3479 1825 3534; x_wconf 87' lang='lat' dir='ltr'><strong>acerbi</strong></span> <span class='ocrx_word' id='word_1_455' title='bbox 1860 3491 2112 3535; x_wconf 92' lang='lat' dir='ltr'><strong>nostrum</strong></span> <span class='ocrx_word' id='word_1_456' title='bbox 2144 3499 2306 3536; x_wconf 85' lang='lat' dir='ltr'><strong>accu-</strong></span> 
     </span>
    </p>
   </div>
   <div class='ocr_carea' id='block_1_66' title="bbox 724 3569 2305 3640">
    <p class='ocr_par' dir='ltr' id='par_1_66' title="bbox 724 3569 2305 3640">
     <span class='ocr_line' id='line_1_66' title="bbox 724 3569 2305 3640; baseline 0.003 -18"><span class='ocrx_word' id='word_1_457' title='bbox 724 3578 940 3622; x_wconf 86' lang='lat' dir='ltr'><strong>satores</strong></span> <span class='ocrx_word' id='word_1_458' title='bbox 971 3569 1025 3622; x_wconf 93' lang='lat' dir='ltr'><strong>in</strong></span> <span class='ocrx_word' id='word_1_459' title='bbox 1056 3585 1182 3622; x_wconf 90' lang='lat' dir='ltr'><strong>aere</strong></span> <span class='ocrx_word' id='word_1_460' title='bbox 1209 3586 1223 3629; x_wconf 84' lang='lat'><strong>;</strong></span> <span class='ocrx_word' id='word_1_461' title='bbox 1261 3570 1314 3622; x_wconf 91' lang='lat' dir='ltr'><strong>iu</strong></span> <span class='ocrx_word' id='word_1_462' title='bbox 1350 3586 1462 3636; x_wconf 89' lang='lat' dir='ltr'><strong>quo</strong></span> <span class='ocrx_word' id='word_1_463' title='bbox 1490 3571 1769 3625; x_wconf 85' lang='lat' dir='ltr'><strong>terribiles</strong></span> <span class='ocrx_word' id='word_1_464' title='bbox 1793 3572 2102 3640; x_wconf 84' lang='lat' dir='ltr'><strong>publicani.</strong></span> <span class='ocrx_word' id='word_1_465' title='bbox 2129 3582 2186 3627; x_wconf 93' lang='lat' dir='ltr'><strong>et</strong></span> <span class='ocrx_word' id='word_1_466' title='bbox 2219 3573 2305 3626; x_wconf 89' lang='lat' dir='ltr'><strong>in-</strong></span> 
     </span>
    </p>
   </div>
   <div class='ocr_carea' id='block_1_67' title="bbox 724 3659 2308 3732">
    <p class='ocr_par' dir='ltr' id='par_1_67' title="bbox 724 3659 2308 3732">
     <span class='ocr_line' id='line_1_67' title="bbox 724 3659 2308 3732; baseline 0.006 -22"><span class='ocrx_word' id='word_1_467' title='bbox 724 3659 1048 3726; x_wconf 86' lang='lat' dir='ltr'><strong>quisitores.</strong></span> <span class='ocrx_word' id='word_1_468' title='bbox 1075 3668 1128 3711; x_wconf 92' lang='lat' dir='ltr'><strong>et</strong></span> <span class='ocrx_word' id='word_1_469' title='bbox 1152 3660 1480 3713; x_wconf 86' lang='lat' dir='ltr'><strong>eollcetorcs</strong></span> <span class='ocrx_word' id='word_1_470' title='bbox 1506 3670 1634 3715; x_wconf 92' lang='lat' dir='ltr'><strong>sunt</strong></span> <span class='ocrx_word' id='word_1_471' title='bbox 1659 3661 1830 3726; x_wconf 91' lang='lat' dir='ltr'><strong>obvii,</strong></span> <span class='ocrx_word' id='word_1_472' title='bbox 1861 3663 1954 3732; x_wconf 86' lang='lat' dir='ltr'><strong>qui</strong></span> <span class='ocrx_word' id='word_1_473' title='bbox 1981 3675 2308 3719; x_wconf 88' lang='lat' dir='ltr'><strong>scrutantur</strong></span> 
     </span>
    </p>
   </div>
   <div class='ocr_carea' id='block_1_68' title="bbox 729 3749 2305 3835">
    <p class='ocr_par' dir='ltr' id='par_1_68' title="bbox 729 3749 2305 3835">
     <span class='ocr_line' id='line_1_68' title="bbox 729 3749 2305 3835; baseline 0.007 -36"><span class='ocrx_word' id='word_1_474' title='bbox 729 3749 1038 3815; x_wconf 89' lang='lat' dir='ltr'><strong>inquirunt.</strong></span> <span class='ocrx_word' id='word_1_475' title='bbox 1085 3750 1429 3813; x_wconf 81' lang='lat' dir='ltr'><strong>insimulant.</strong></span> <span class='ocrx_word' id='word_1_476' title='bbox 1459 3753 1755 3821; x_wconf 85' lang='lat' dir='ltr'><strong>proferunt</strong></span> <span class='ocrx_word' id='word_1_477' title='bbox 1782 3754 2027 3835; x_wconf 73' lang='lat' dir='ltr'><strong>hominis</strong></span> <span class='ocrx_word' id='word_1_478' title='bbox 2060 3766 2305 3825; x_wconf 89' lang='lat' dir='ltr'><strong>peccata,</strong></span> 
     </span>
    </p>
   </div>
   <div class='ocr_carea' id='block_1_69' title="bbox 727 3841 2308 3911">
    <p class='ocr_par' dir='ltr' id='par_1_69' title="bbox 727 3841 2308 3911">
     <span class='ocr_line' id='line_1_69' title="bbox 727 3841 2308 3911; baseline 0.004 -17"><span class='ocrx_word' id='word_1_479' title='bbox 727 3841 1194 3908; x_wconf 71' lang='lat' dir='ltr'><strong>etchirographa.</strong></span> <span class='ocrx_word' id='word_1_480' title='bbox 1223 3843 1338 3896; x_wconf 84' lang='lat' dir='ltr'><strong>sive</strong></span> <span class='ocrx_word' id='word_1_481' title='bbox 1371 3844 1423 3896; x_wconf 91' lang='lat' dir='ltr'><strong>in</strong></span> <span class='ocrx_word' id='word_1_482' title='bbox 1455 3845 1773 3911; x_wconf 86' lang='lat' dir='ltr'><strong>juvenlute,</strong></span> <span class='ocrx_word' id='word_1_483' title='bbox 1801 3846 1918 3900; x_wconf 87' lang='lat' dir='ltr'><strong>sive</strong></span> <span class='ocrx_word' id='word_1_484' title='bbox 1957 3847 2010 3900; x_wconf 93' lang='lat' dir='ltr'><strong>iu</strong></span> <span class='ocrx_word' id='word_1_485' title='bbox 2048 3858 2308 3902; x_wconf 84' lang='lat' dir='ltr'><strong>senectu-</strong></span> 
     </span>
    </p>
   </div>
   <div class='ocr_carea' id='block_1_70' title="bbox 732 3936 2309 3999">
    <p class='ocr_par' dir='ltr' id='par_1_70' title="bbox 732 3936 2309 3999">
     <span class='ocr_line' id='line_1_70' title="bbox 732 3936 2309 3999; baseline 0.006 -15"><span class='ocrx_word' id='word_1_486' title='bbox 732 3946 805 3988; x_wconf 88' lang='lat' dir='ltr'><strong>te.</strong></span> <span class='ocrx_word' id='word_1_487' title='bbox 845 3936 959 3987; x_wconf 83' lang='lat' dir='ltr'><strong>sive</strong></span> <span class='ocrx_word' id='word_1_488' title='bbox 996 3936 1250 3996; x_wconf 74' lang='lat' dir='ltr'><strong>lubenter.</strong></span> <span class='ocrx_word' id='word_1_489' title='bbox 1282 3937 1398 3988; x_wconf 85' lang='lat' dir='ltr'><strong>sive</strong></span> <span class='ocrx_word' id='word_1_490' title='bbox 1427 3937 1598 3990; x_wconf 87' lang='lat' dir='ltr'><strong>invite</strong></span> <span class='ocrx_word' id='word_1_491' title='bbox 1628 3936 1789 3997; x_wconf 89' lang='lat' dir='ltr'><strong>facta.</strong></span> <span class='ocrx_word' id='word_1_492' title='bbox 1823 3937 1938 3992; x_wconf 91' lang='lat' dir='ltr'><strong>sive</strong></span> <span class='ocrx_word' id='word_1_493' title='bbox 1972 3938 2166 3999; x_wconf 89' lang='lat' dir='ltr'><strong>verbo.</strong></span> <span class='ocrx_word' id='word_1_494' title='bbox 2193 3941 2309 3994; x_wconf 90' lang='lat' dir='ltr'><strong>sive</strong></span> 
     </span>
    </p>
   </div>
   <div class='ocr_carea' id='block_1_71' title="bbox 731 4025 2310 4093">
    <p class='ocr_par' dir='ltr' id='par_1_71' title="bbox 731 4025 2310 4093">
     <span class='ocr_line' id='line_1_71' title="bbox 731 4025 2310 4093; baseline 0.004 -16"><span class='ocrx_word' id='word_1_495' title='bbox 731 4039 919 4091; x_wconf 85' lang='lat' dir='ltr'><strong>opere.</strong></span> <span class='ocrx_word' id='word_1_496' title='bbox 967 4026 1081 4078; x_wconf 84' lang='lat' dir='ltr'><strong>sive</strong></span> <span class='ocrx_word' id='word_1_497' title='bbox 1113 4025 1473 4093; x_wconf 68' lang='lat' dir='ltr'><strong>cogitatione.</strong></span> <span class='ocrx_word' id='word_1_498' title='bbox 1519 4025 1724 4080; x_wconf 84' lang='lat' dir='ltr'><strong>Mullus</strong></span> <span class='ocrx_word' id='word_1_499' title='bbox 1757 4028 1924 4081; x_wconf 88' lang='lat' dir='ltr'><strong>timor</strong></span> <span class='ocrx_word' id='word_1_500' title='bbox 1957 4028 2053 4092; x_wconf 88' lang='lat' dir='ltr'><strong>ibi,</strong></span> <span class='ocrx_word' id='word_1_501' title='bbox 2102 4030 2310 4084; x_wconf 86' lang='lat' dir='ltr'><strong>multus</strong></span> 
     </span>
    </p>
   </div>
   <div class='ocr_carea' id='block_1_72' title="bbox 732 4115 2310 4188">
    <p class='ocr_par' dir='ltr' id='par_1_72' title="bbox 732 4115 2310 4188">
     <span class='ocr_line' id='line_1_72' title="bbox 732 4115 2310 4188; baseline 0.001 -20"><span class='ocrx_word' id='word_1_502' title='bbox 732 4116 948 4169; x_wconf 71' lang='lat' dir='ltr'><strong>misera:</strong></span> <span class='ocrx_word' id='word_1_503' title='bbox 967 4117 1163 4169; x_wconf 76' lang='lat' dir='ltr'><strong>anima-</strong></span> <span class='ocrx_word' id='word_1_504' title='bbox 1186 4127 1414 4170; x_wconf 89' lang='lat' dir='ltr'><strong>tremor.</strong></span> <span class='ocrx_word' id='word_1_505' title='bbox 1446 4115 1672 4169; x_wconf 85' lang='lat' dir='ltr'><strong>lnfanda</strong></span> <span class='ocrx_word' id='word_1_506' title='bbox 1698 4119 2025 4180; x_wconf 83' lang='lat' dir='ltr'><strong>necessitas,</strong></span> <span class='ocrx_word' id='word_1_507' title='bbox 2056 4135 2218 4188; x_wconf 92' lang='lat' dir='ltr'><strong>quam</strong></span> <span class='ocrx_word' id='word_1_508' title='bbox 2242 4121 2310 4173; x_wconf 89' lang='lat' dir='ltr'><strong>ab</strong></span> 
     </span>
    </p>
   </div>
   <div class='ocr_carea' id='block_1_73' title="bbox 735 4206 2308 4280">
    <p class='ocr_par' dir='ltr' id='par_1_73' title="bbox 735 4206 2308 4280">
     <span class='ocr_line' id='line_1_73' title="bbox 735 4206 2308 4280; baseline 0.002 -20"><span class='ocrx_word' id='word_1_509' title='bbox 735 4207 978 4261; x_wconf 90' lang='lat' dir='ltr'><strong>inimicis</strong></span> <span class='ocrx_word' id='word_1_510' title='bbox 1031 4208 1293 4270; x_wconf 81' lang='lat' dir='ltr'><strong>sustinet,</strong></span> <span class='ocrx_word' id='word_1_511' title='bbox 1338 4206 1772 4276; x_wconf 88' lang='lat' dir='ltr'><strong>impedientibus</strong></span> <span class='ocrx_word' id='word_1_512' title='bbox 1819 4209 2308 4280; x_wconf 86' lang='lat' dir='ltr'><strong>obstantilmsque,</strong></span> 
     </span>
    </p>
   </div>
   <div class='ocr_carea' id='block_1_74' title="bbox 733 4299 2310 4371">
    <p class='ocr_par' dir='ltr' id='par_1_74' title="bbox 733 4299 2310 4371">
     <span class='ocr_line' id='line_1_74' title="bbox 733 4299 2310 4371; baseline 0.001 -17"><span class='ocrx_word' id='word_1_513' title='bbox 733 4313 804 4354; x_wconf 87' lang='lat' dir='ltr'><strong>nc</strong></span> <span class='ocrx_word' id='word_1_514' title='bbox 837 4299 1098 4352; x_wconf 86' lang='lat' dir='ltr'><strong>ascendat</strong></span> <span class='ocrx_word' id='word_1_515' title='bbox 1150 4300 1203 4352; x_wconf 92' lang='lat' dir='ltr'><strong>in</strong></span> <span class='ocrx_word' id='word_1_516' title='bbox 1245 4300 1469 4359; x_wconf 78' lang='lat' dir='ltr'><strong>emlum.</strong></span> <span class='ocrx_word' id='word_1_517' title='bbox 1504 4315 1571 4353; x_wconf 93' lang='lat' dir='ltr'><strong>ne</strong></span> <span class='ocrx_word' id='word_1_518' title='bbox 1610 4300 1663 4353; x_wconf 92' lang='lat' dir='ltr'><strong>in</strong></span> <span class='ocrx_word' id='word_1_519' title='bbox 1699 4301 2007 4355; x_wconf 83' lang='lat' dir='ltr'><strong>viventium</strong></span> <span class='ocrx_word' id='word_1_520' title='bbox 2032 4303 2310 4371; x_wconf 80' lang='lat' dir='ltr'><strong>regionem</strong></span> 
     </span>
    </p>
   </div>
   <div class='ocr_carea' id='block_1_75' title="bbox 736 4388 2312 4459">
    <p class='ocr_par' dir='ltr' id='par_1_75' title="bbox 736 4388 2312 4459">
     <span class='ocr_line' id='line_1_75' title="bbox 736 4388 2312 4459; baseline 0.001 -15"><span class='ocrx_word' id='word_1_521' title='bbox 736 4388 1108 4458; x_wconf 79' lang='lat' dir='ltr'><strong>ingrediatur.</strong></span> <span class='ocrx_word' id='word_1_522' title='bbox 1161 4390 1364 4444; x_wconf 76' lang='lat' dir='ltr'><strong>Verum</strong></span> <span class='ocrx_word' id='word_1_523' title='bbox 1410 4393 1591 4444; x_wconf 80' lang='lat' dir='ltr'><strong>sancti</strong></span> <span class='ocrx_word' id='word_1_524' title='bbox 1635 4391 1840 4459; x_wconf 76' lang='lat' dir='ltr'><strong>angeli,</strong></span> <span class='ocrx_word' id='word_1_525' title='bbox 1889 4391 2128 4446; x_wconf 89' lang='lat' dir='ltr'><strong>animam</strong></span> <span class='ocrx_word' id='word_1_526' title='bbox 2162 4394 2312 4448; x_wconf 73' lang='lat' dir='ltr'><strong>exci-</strong></span> 
     </span>
    </p>
   </div>
   <div class='ocr_carea' id='block_1_76' title="bbox 738 4483 2312 4555">
    <p class='ocr_par' dir='ltr' id='par_1_76' title="bbox 738 4483 2312 4555">
     <span class='ocr_line' id='line_1_76' title="bbox 738 4483 2312 4555; baseline 0.003 -20"><span class='ocrx_word' id='word_1_527' title='bbox 738 4483 980 4551; x_wconf 88' lang='lat' dir='ltr'><strong>pientes.</strong></span> <span class='ocrx_word' id='word_1_528' title='bbox 1015 4494 1147 4538; x_wconf 90' lang='lat' dir='ltr'><strong>tunc</strong></span> <span class='ocrx_word' id='word_1_529' title='bbox 1183 4483 1490 4538; x_wconf 89' lang='lat' dir='ltr'><strong>abducunt.</strong></span> <span class='ocrx_word' id='word_1_530' title='bbox 1523 4485 1636 4538; x_wconf 68' lang='lat' dir='ltr'><strong>Nos</strong></span> <span class='ocrx_word' id='word_1_531' title='bbox 1660 4493 1866 4547; x_wconf 89' lang='lat' dir='ltr'><strong>autem,</strong></span> <span class='ocrx_word' id='word_1_532' title='bbox 1893 4485 2061 4555; x_wconf 85' lang='lat' dir='ltr'><strong>justis</strong></span> <span class='ocrx_word' id='word_1_533' title='bbox 2091 4494 2312 4539; x_wconf 92' lang='lat' dir='ltr'><strong>mortuo</strong></span> 
     </span>
    </p>
   </div>
   <div class='ocr_carea' id='block_1_77' title="bbox 2405 3291 3993 3361">
    <p class='ocr_par' dir='ltr' id='par_1_77' title="bbox 2405 3291 3993 3361">
     <span class='ocr_line' id='line_1_77' title="bbox 2405 3291 3993 3361; baseline 0 -18"><span class='ocrx_word' id='word_1_534' title='bbox 2405 3292 2697 3360; x_wconf 76' lang='grc' dir='ltr'>ἀήττητος,</span> <span class='ocrx_word' id='word_1_535' title='bbox 2729 3293 2757 3343; x_wconf 83' lang='grc' dir='ltr'><strong>ό</strong></span> <span class='ocrx_word' id='word_1_536' title='bbox 2801 3291 3093 3360; x_wconf 82' lang='grc' dir='ltr'>δυνάστης,</span> <span class='ocrx_word' id='word_1_537' title='bbox 3127 3293 3156 3344; x_wconf 89' lang='grc' dir='ltr'><strong>ό</strong></span> <span class='ocrx_word' id='word_1_538' title='bbox 3187 3292 3446 3361; x_wconf 74' lang='grc' dir='ltr'>κραταιὸς</span> <span class='ocrx_word' id='word_1_539' title='bbox 3494 3295 3666 3343; x_wconf 78' lang='grc' dir='ltr'>κεῖται</span> <span class='ocrx_word' id='word_1_540' title='bbox 3707 3294 3993 3359; x_wconf 72' lang='grc' dir='ltr'>προῦατου</span> 
     </span>
    </p>
   </div>
   <div class='ocr_carea' id='block_1_78' title="bbox 2405 3383 3996 3454">
    <p class='ocr_par' dir='ltr' id='par_1_78' title="bbox 2405 3383 3996 3454">
     <span class='ocr_line' id='line_1_78' title="bbox 2405 3383 3996 3454; baseline 0 -19"><span class='ocrx_word' id='word_1_541' title='bbox 2405 3385 2735 3452; x_wconf 82' lang='grc' dir='ltr'>πραΰτερος.</span> <span class='ocrx_word' id='word_1_542' title='bbox 2776 3383 2836 3437; x_wconf 90' lang='lat'><strong>&#39;0</strong></span> <span class='ocrx_word' id='word_1_543' title='bbox 2875 3385 3094 3452; x_wconf 76' lang='grc' dir='ltr'>φαινὴς,</span> <span class='ocrx_word' id='word_1_544' title='bbox 3132 3385 3203 3446; x_wconf 85' lang='grc' dir='ltr'>ὠς</span> <span class='ocrx_word' id='word_1_545' title='bbox 3244 3385 3318 3454; x_wconf 83' lang='grc' dir='ltr'>μὴ</span> <span class='ocrx_word' id='word_1_546' title='bbox 3352 3385 3566 3453; x_wconf 73' lang='grc' dir='ltr'>φαινὴς,</span> <span class='ocrx_word' id='word_1_547' title='bbox 3591 3384 3818 3451; x_wconf 82' lang='grc' dir='ltr'>γέγονεν</span> <span class='ocrx_word' id='word_1_548' title='bbox 3850 3384 3996 3448; x_wconf 53' lang='lat' dir='ltr'><strong>dge-</strong></span> 
     </span>
    </p>
   </div>
   <div class='ocr_carea' id='block_1_79' title="bbox 2406 3474 3996 3546">
    <p class='ocr_par' dir='ltr' id='par_1_79' title="bbox 2406 3474 3996 3546">
     <span class='ocr_line' id='line_1_79' title="bbox 2406 3474 3996 3546; baseline -0.001 -18"><span class='ocrx_word' id='word_1_549' title='bbox 2406 3477 2522 3544; x_wconf 81' lang='grc' dir='ltr'>νής.</span> <span class='ocrx_word' id='word_1_550' title='bbox 2569 3474 2627 3526; x_wconf 89' lang='lat'><strong>&#39;0</strong></span> <span class='ocrx_word' id='word_1_551' title='bbox 2677 3475 2895 3544; x_wconf 87' lang='grc' dir='ltr'>κρατῶν</span> <span class='ocrx_word' id='word_1_552' title='bbox 2945 3476 3312 3546; x_wconf 82' lang='grc' dir='ltr'>κεκράτηται,</span> <span class='ocrx_word' id='word_1_553' title='bbox 3360 3475 3453 3528; x_wconf 76' lang='grc' dir='ltr'>καὶ</span> <span class='ocrx_word' id='word_1_554' title='bbox 3501 3475 3607 3528; x_wconf 71' lang='grc' dir='ltr'>ἰδοὺ</span> <span class='ocrx_word' id='word_1_555' title='bbox 3657 3475 3996 3542; x_wconf 83' lang='grc' dir='ltr'>ἀπάγουσιν,</span> 
     </span>
    </p>
   </div>
   <div class='ocr_carea' id='block_1_80' title="bbox 2406 3559 3998 3636">
    <p class='ocr_par' dir='ltr' id='par_1_80' title="bbox 2406 3559 3998 3636">
     <span class='ocr_line' id='line_1_80' title="bbox 2406 3559 3998 3636; baseline -0.001 -16"><span class='ocrx_word' id='word_1_556' title='bbox 2406 3567 2541 3620; x_wconf 82' lang='grc' dir='ltr'>ὅπου</span> <span class='ocrx_word' id='word_1_557' title='bbox 2576 3567 2884 3634; x_wconf 73' lang='grc' dir='ltr'>ἀπάγουσιν</span> <span class='ocrx_word' id='word_1_558' title='bbox 2911 3567 2959 3618; x_wconf 87' lang='lat' dir='ltr'><strong>ot</strong></span> <span class='ocrx_word' id='word_1_559' title='bbox 2985 3567 3313 3634; x_wconf 72' lang='grc' dir='ltr'>ἀπάγοντες,</span> <span class='ocrx_word' id='word_1_560' title='bbox 3344 3568 3400 3620; x_wconf 89' lang='grc' dir='ltr'><strong>ἐν</strong></span> <span class='ocrx_word' id='word_1_561' title='bbox 3434 3567 3543 3636; x_wconf 82' lang='grc'>(57)</span> <span class='ocrx_word' id='word_1_562' title='bbox 3577 3559 3621 3634; x_wconf 84' lang='grc' dir='ltr'>ᾧ</span> <span class='ocrx_word' id='word_1_563' title='bbox 3645 3567 3904 3620; x_wconf 83' lang='grc' dir='ltr'>ἵστανται</span> <span class='ocrx_word' id='word_1_564' title='bbox 3941 3568 3998 3620; x_wconf 77' lang='grc' dir='ltr'>αἱ</span> 
     </span>
    </p>
   </div>
   <div class='ocr_carea' id='block_1_81' title="bbox 2409 3657 4001 3730">
    <p class='ocr_par' dir='ltr' id='par_1_81' title="bbox 2409 3657 4001 3730">
     <span class='ocr_line' id='line_1_81' title="bbox 2409 3657 4001 3730; baseline 0.001 -18"><span class='ocrx_word' id='word_1_565' title='bbox 2409 3658 2576 3728; x_wconf 76' lang='grc' dir='ltr'>ἀρχαὶ</span> <span class='ocrx_word' id='word_1_566' title='bbox 2603 3659 2697 3710; x_wconf 67' lang='grc' dir='ltr'>καὶ</span> <span class='ocrx_word' id='word_1_567' title='bbox 2725 3657 2984 3723; x_wconf 75' lang='grc' dir='ltr'>ἐξουσίαι,</span> <span class='ocrx_word' id='word_1_568' title='bbox 3017 3659 3064 3711; x_wconf 79' lang='grc' dir='ltr'><strong>οῖ</strong></span> <span class='ocrx_word' id='word_1_569' title='bbox 3091 3661 3278 3729; x_wconf 76' lang='grc' dir='ltr'>πικροὶ</span> <span class='ocrx_word' id='word_1_570' title='bbox 3308 3658 3468 3728; x_wconf 81' lang='grc' dir='ltr'>ἡμῶν</span> <span class='ocrx_word' id='word_1_571' title='bbox 3497 3661 3794 3730; x_wconf 83' lang='grc' dir='ltr'>κατήγοροι</span> <span class='ocrx_word' id='word_1_572' title='bbox 3827 3662 3889 3713; x_wconf 84' lang='grc' dir='ltr'><strong>ἐν</strong></span> <span class='ocrx_word' id='word_1_573' title='bbox 3919 3661 4001 3730; x_wconf 79' lang='grc' dir='ltr'><strong>τῷ</strong></span> 
     </span>
    </p>
   </div>
   <div class='ocr_carea' id='block_1_82' title="bbox 2408 3743 4001 3821">
    <p class='ocr_par' dir='ltr' id='par_1_82' title="bbox 2408 3743 4001 3821">
     <span class='ocr_line' id='line_1_82' title="bbox 2408 3743 4001 3821; baseline 0.001 -16"><span class='ocrx_word' id='word_1_574' title='bbox 2408 3751 2553 3821; x_wconf 79' lang='grc' dir='ltr'>ἀέρι.</span> <span class='ocrx_word' id='word_1_575' title='bbox 2594 3751 2682 3803; x_wconf 87' lang='grc' dir='ltr'>Ἐν</span> <span class='ocrx_word' id='word_1_576' title='bbox 2711 3743 2754 3817; x_wconf 83' lang='grc' dir='ltr'><strong>ᾧ</strong></span> <span class='ocrx_word' id='word_1_577' title='bbox 2780 3751 2829 3803; x_wconf 85' lang='grc' dir='ltr'>οἱ</span> <span class='ocrx_word' id='word_1_578' title='bbox 2867 3749 3032 3803; x_wconf 78' lang='grc' dir='ltr'>δεινοὶ</span> <span class='ocrx_word' id='word_1_579' title='bbox 3065 3750 3294 3803; x_wconf 81' lang='grc' dir='ltr'>τελῶναι</span> <span class='ocrx_word' id='word_1_580' title='bbox 3331 3751 3422 3804; x_wconf 78' lang='grc' dir='ltr'>καὶ</span> <span class='ocrx_word' id='word_1_581' title='bbox 3459 3750 3740 3820; x_wconf 82' lang='grc' dir='ltr'>λογοθέται</span> <span class='ocrx_word' id='word_1_582' title='bbox 3769 3753 3868 3806; x_wconf 75' lang='grc' dir='ltr'>καὶ</span> <span class='ocrx_word' id='word_1_583' title='bbox 3901 3771 4001 3820; x_wconf 61' lang='grc' dir='ltr'>φοι</span> 
     </span>
    </p>
   </div>
   <div class='ocr_carea' id='block_1_83' title="bbox 2414 3843 4001 3916">
    <p class='ocr_par' dir='ltr' id='par_1_83' title="bbox 2414 3843 4001 3916">
     <span class='ocr_line' id='line_1_83' title="bbox 2414 3843 4001 3916; baseline 0.003 -21"><span class='ocrx_word' id='word_1_584' title='bbox 2414 3843 2622 3914; x_wconf 80' lang='grc' dir='ltr'>ρολόγοι</span> <span class='ocrx_word' id='word_1_585' title='bbox 2675 3843 3044 3906; x_wconf 85' lang='grc' dir='ltr'>συναντῶντες</span> <span class='ocrx_word' id='word_1_586' title='bbox 3067 3882 3082 3906; x_wconf 90' lang='grc'><strong>,</strong></span> <span class='ocrx_word' id='word_1_587' title='bbox 3129 3843 3541 3910; x_wconf 82' lang='grc' dir='ltr'>λογοθετοῦντες</span> <span class='ocrx_word' id='word_1_588' title='bbox 3569 3882 3584 3905; x_wconf 87' lang='grc'><strong>.</strong></span> <span class='ocrx_word' id='word_1_589' title='bbox 3619 3845 3963 3916; x_wconf 75' lang='grc' dir='ltr'>κρατοῦντες</span> <span class='ocrx_word' id='word_1_590' title='bbox 3984 3887 4001 3913; x_wconf 86' lang='grc'><strong>,</strong></span> 
     </span>
    </p>
   </div>
   <div class='ocr_carea' id='block_1_84' title="bbox 2412 3935 4004 4010">
    <p class='ocr_par' dir='ltr' id='par_1_84' title="bbox 2412 3935 4004 4010">
     <span class='ocr_line' id='line_1_84' title="bbox 2412 3935 4004 4010; baseline 0.001 -19"><span class='ocrx_word' id='word_1_591' title='bbox 2412 3935 2870 4006; x_wconf 75' lang='grc' dir='ltr'>κατηγοροῦντες,</span> <span class='ocrx_word' id='word_1_592' title='bbox 2896 3937 3266 4007; x_wconf 57' lang='grc' dir='ltr'>προςοέροντες</span> <span class='ocrx_word' id='word_1_593' title='bbox 3288 3936 3357 3990; x_wconf 75' lang='grc' dir='ltr'><strong>τὰ</strong></span> <span class='ocrx_word' id='word_1_594' title='bbox 3378 3937 3470 3991; x_wconf 74' lang='grc' dir='ltr'>τοῦ</span> <span class='ocrx_word' id='word_1_595' title='bbox 3495 3937 3788 4008; x_wconf 83' lang='grc' dir='ltr'>ἀνθρώπου</span> <span class='ocrx_word' id='word_1_596' title='bbox 3812 3939 4004 4010; x_wconf 80' lang='grc' dir='ltr'><strong>ἁμαρ⁶</strong></span> 
     </span>
    </p>
   </div>
   <div class='ocr_carea' id='block_1_85' title="bbox 2412 4027 4002 4102">
    <p class='ocr_par' dir='ltr' id='par_1_85' title="bbox 2412 4027 4002 4102">
     <span class='ocr_line' id='line_1_85' title="bbox 2412 4027 4002 4102; baseline 0.003 -22"><span class='ocrx_word' id='word_1_597' title='bbox 2412 4029 2631 4096; x_wconf 83' lang='grc' dir='ltr'>τήματα</span> <span class='ocrx_word' id='word_1_598' title='bbox 2681 4027 2774 4080; x_wconf 84' lang='grc' dir='ltr'><strong>καί</strong></span> <span class='ocrx_word' id='word_1_599' title='bbox 2821 4028 3182 4098; x_wconf 77' lang='grc' dir='ltr'>χειρόγραφα,</span> <span class='ocrx_word' id='word_1_600' title='bbox 3227 4028 3292 4081; x_wconf 75' lang='grc' dir='ltr'><strong>τὰ</strong></span> <span class='ocrx_word' id='word_1_601' title='bbox 3333 4031 3391 4081; x_wconf 80' lang='grc' dir='ltr'><strong>ἐν</strong></span> <span class='ocrx_word' id='word_1_602' title='bbox 3423 4031 3656 4100; x_wconf 87' lang='grc' dir='ltr'>νεότητι.</span> <span class='ocrx_word' id='word_1_603' title='bbox 3691 4031 3762 4084; x_wconf 86' lang='grc' dir='ltr'><strong>τά</strong></span> <span class='ocrx_word' id='word_1_604' title='bbox 3795 4034 3856 4084; x_wconf 83' lang='grc' dir='ltr'><strong>ἐν</strong></span> <span class='ocrx_word' id='word_1_605' title='bbox 3893 4033 4002 4102; x_wconf 78' lang='grc' dir='ltr'><strong>γή-</strong></span> 
     </span>
    </p>
   </div>
   <div class='ocr_carea' id='block_1_86' title="bbox 2415 4117 4005 4192">
    <p class='ocr_par' dir='ltr' id='par_1_86' title="bbox 2415 4117 4005 4192">
     <span class='ocr_line' id='line_1_86' title="bbox 2415 4117 4005 4192; baseline 0.004 -21"><span class='ocrx_word' id='word_1_606' title='bbox 2415 4136 2499 4189; x_wconf 87' lang='grc' dir='ltr'><strong>ρει</strong></span> <span class='ocrx_word' id='word_1_607' title='bbox 2537 4119 2668 4188; x_wconf 83' lang='grc'>(58),</span> <span class='ocrx_word' id='word_1_608' title='bbox 2709 4117 2777 4172; x_wconf 67' lang='grc' dir='ltr'><strong>τὰ</strong></span> <span class='ocrx_word' id='word_1_609' title='bbox 2817 4118 3060 4181; x_wconf 78' lang='grc' dir='ltr'>ἑκούσια,</span> <span class='ocrx_word' id='word_1_610' title='bbox 3093 4120 3162 4172; x_wconf 85' lang='grc' dir='ltr'><strong>τά</strong></span> <span class='ocrx_word' id='word_1_611' title='bbox 3191 4119 3444 4182; x_wconf 76' lang='grc' dir='ltr'>ἀκούσια,</span> <span class='ocrx_word' id='word_1_612' title='bbox 3479 4121 3545 4174; x_wconf 74' lang='grc' dir='ltr'>τὰ</span> <span class='ocrx_word' id='word_1_613' title='bbox 3589 4121 3654 4173; x_wconf 82' lang='grc' dir='ltr'><strong>δι’</strong></span> <span class='ocrx_word' id='word_1_614' title='bbox 3687 4122 3894 4192; x_wconf 73' lang='grc' dir='ltr'>ἔργων,</span> <span class='ocrx_word' id='word_1_615' title='bbox 3931 4123 4005 4177; x_wconf 71' lang='grc' dir='ltr'><strong>τά</strong></span> 
     </span>
    </p>
   </div>
   <div class='ocr_carea' id='block_1_87' title="bbox 2413 4207 4004 4279">
    <p class='ocr_par' dir='ltr' id='par_1_87' title="bbox 2413 4207 4004 4279">
     <span class='ocr_line' id='line_1_87' title="bbox 2413 4207 4004 4279; baseline 0.003 -19"><span class='ocrx_word' id='word_1_616' title='bbox 2413 4207 2502 4260; x_wconf 79' lang='grc' dir='ltr'><strong>διὰ</strong></span> <span class='ocrx_word' id='word_1_617' title='bbox 2531 4207 2723 4274; x_wconf 80' lang='grc' dir='ltr'>λόγων,</span> <span class='ocrx_word' id='word_1_618' title='bbox 2759 4208 2827 4260; x_wconf 76' lang='grc' dir='ltr'><strong>τά</strong></span> <span class='ocrx_word' id='word_1_619' title='bbox 2855 4207 2920 4260; x_wconf 79' lang='grc' dir='ltr'>δι’</span> <span class='ocrx_word' id='word_1_620' title='bbox 2951 4208 3319 4278; x_wconf 72' lang='grc' dir='ltr'>ἐνθυμήσεων.</span> <span class='ocrx_word' id='word_1_621' title='bbox 3370 4209 3542 4274; x_wconf 69' lang='grc' dir='ltr'>Πολὺς</span> <span class='ocrx_word' id='word_1_622' title='bbox 3588 4212 3616 4263; x_wconf 89' lang='grc' dir='ltr'><strong>ό</strong></span> <span class='ocrx_word' id='word_1_623' title='bbox 3660 4211 3824 4277; x_wconf 73' lang='grc' dir='ltr'>φόϐος</span> <span class='ocrx_word' id='word_1_624' title='bbox 3862 4215 4004 4279; x_wconf 83' lang='grc' dir='ltr'>ἐκεῖ,</span> 
     </span>
    </p>
   </div>
   <div class='ocr_carea' id='block_1_88' title="bbox 2415 4297 4004 4374">
    <p class='ocr_par' dir='ltr' id='par_1_88' title="bbox 2415 4297 4004 4374">
     <span class='ocr_line' id='line_1_88' title="bbox 2415 4297 4004 4374; baseline 0.004 -23"><span class='ocrx_word' id='word_1_625' title='bbox 2415 4299 2583 4362; x_wconf 79' lang='grc' dir='ltr'>πολὺς</span> <span class='ocrx_word' id='word_1_626' title='bbox 2623 4298 2724 4365; x_wconf 81' lang='grc' dir='ltr'>τῆς</span> <span class='ocrx_word' id='word_1_627' title='bbox 2775 4297 2968 4362; x_wconf 78' lang='grc' dir='ltr'>ἀθλίας</span> <span class='ocrx_word' id='word_1_628' title='bbox 3018 4297 3199 4368; x_wconf 69' lang='grc' dir='ltr'>ψυχῆς</span> <span class='ocrx_word' id='word_1_629' title='bbox 3246 4301 3274 4352; x_wconf 87' lang='grc' dir='ltr'><strong>ό</strong></span> <span class='ocrx_word' id='word_1_630' title='bbox 3320 4300 3544 4371; x_wconf 79' lang='grc' dir='ltr'>τρόμος.</span> <span class='ocrx_word' id='word_1_631' title='bbox 3593 4302 3917 4372; x_wconf 77' lang='grc' dir='ltr'>Ἀδιήγητος</span> <span class='ocrx_word' id='word_1_632' title='bbox 3968 4306 4004 4374; x_wconf 75' lang='grc' dir='ltr'>ἡ</span> 
     </span>
    </p>
   </div>
   <div class='ocr_carea' id='block_1_89' title="bbox 2416 4389 4007 4462">
    <p class='ocr_par' dir='ltr' id='par_1_89' title="bbox 2416 4389 4007 4462">
     <span class='ocr_line' id='line_1_89' title="bbox 2416 4389 4007 4462; baseline 0.003 -18"><span class='ocrx_word' id='word_1_633' title='bbox 2416 4390 2653 4458; x_wconf 75' lang='grc' dir='ltr'>ἀνάγκη,</span> <span class='ocrx_word' id='word_1_634' title='bbox 2685 4389 2752 4459; x_wconf 72' lang='grc' dir='ltr'>ἢν</span> <span class='ocrx_word' id='word_1_635' title='bbox 2784 4389 2888 4442; x_wconf 81' lang='grc' dir='ltr'><strong>ὑπὸ</strong></span> <span class='ocrx_word' id='word_1_636' title='bbox 2918 4390 3024 4442; x_wconf 89' lang='grc' dir='ltr'><strong>τῶν</strong></span> <span class='ocrx_word' id='word_1_637' title='bbox 3065 4389 3275 4462; x_wconf 87' lang='grc' dir='ltr'>ἐχθρῶν</span> <span class='ocrx_word' id='word_1_638' title='bbox 3308 4392 3624 4459; x_wconf 66' lang='grc' dir='ltr'>ὑφίσταται,</span> <span class='ocrx_word' id='word_1_639' title='bbox 3651 4394 4007 4459; x_wconf 82' lang='grc' dir='ltr'>κωλυόντων,</span> 
     </span>
    </p>
   </div>
   <div class='ocr_carea' id='block_1_90' title="bbox 2418 4482 4008 4557">
    <p class='ocr_par' dir='ltr' id='par_1_90' title="bbox 2418 4482 4008 4557">
     <span class='ocr_line' id='line_1_90' title="bbox 2418 4482 4008 4557; baseline 0.003 -22"><span class='ocrx_word' id='word_1_640' title='bbox 2418 4483 2948 4553; x_wconf 80' lang='grc' dir='ltr'>ἐμποδιζόντων,ῖνα</span> <span class='ocrx_word' id='word_1_641' title='bbox 2989 4482 3064 4552; x_wconf 84' lang='grc' dir='ltr'>μὴ</span> <span class='ocrx_word' id='word_1_642' title='bbox 3100 4485 3157 4536; x_wconf 85' lang='grc' dir='ltr'><strong>ἐν</strong></span> <span class='ocrx_word' id='word_1_643' title='bbox 3188 4482 3265 4553; x_wconf 84' lang='grc' dir='ltr'>τῷ</span> <span class='ocrx_word' id='word_1_644' title='bbox 3283 4484 3499 4555; x_wconf 82' lang='grc' dir='ltr'>οὐρανῷ</span> <span class='ocrx_word' id='word_1_645' title='bbox 3527 4485 3636 4554; x_wconf 82' lang='grc'>(59)</span> <span class='ocrx_word' id='word_1_646' title='bbox 3664 4485 3892 4557; x_wconf 76' lang='grc' dir='ltr'>ἀνέλθῃ,</span> <span class='ocrx_word' id='word_1_647' title='bbox 3917 4489 4008 4540; x_wconf 80' lang='grc' dir='ltr'>ἵνα</span> 
     </span>
    </p>
   </div>
   <div class='ocr_carea' id='block_1_91' title="bbox 738 4552 2298 4648">
    <p class='ocr_par' dir='ltr' id='par_1_91' title="bbox 738 4552 2298 4648">
     <span class='ocr_line' id='line_1_91' title="bbox 738 4552 2298 4648; baseline 0.003 -20"><span class='ocrx_word' id='word_1_648' title='bbox 738 4575 960 4641; x_wconf 85' lang='lat' dir='ltr'><strong>corpori</strong></span> <span class='ocrx_word' id='word_1_649' title='bbox 999 4575 1326 4642; x_wconf 87' lang='lat' dir='ltr'><strong>persolutis,</strong></span> <span class='ocrx_word' id='word_1_650' title='bbox 1359 4574 1426 4628; x_wconf 91' lang='lat' dir='ltr'><strong>ad</strong></span> <span class='ocrx_word' id='word_1_651' title='bbox 1468 4565 1742 4630; x_wconf 82' lang='lat' dir='ltr'><strong>tumulum</strong></span> <span class='ocrx_word' id='word_1_652' title='bbox 1784 4552 2080 4648; x_wconf 43' lang='lat' dir='ltr'><strong>diligenter</strong></span> <span class='ocrx_word' id='word_1_653' title='bbox 2113 4577 2298 4632; x_wconf 86' lang='lat' dir='ltr'><strong>defun-</strong></span> 
     </span>
    </p>
   </div>
   <div class='ocr_carea' id='block_1_92' title="bbox 2403 4552 4010 4648">
    <p class='ocr_par' dir='ltr' id='par_1_92' title="bbox 2420 4552 4010 4647">
     <span class='ocr_line' id='line_1_92' title="bbox 2420 4552 4010 4647; baseline 0.004 -24"><span class='ocrx_word' id='word_1_654' title='bbox 2536 4575 2593 4624; x_wconf 92' lang='grc' dir='ltr'><strong>ἐν</strong></span> <span class='ocrx_word' id='word_1_655' title='bbox 2623 4575 2688 4644; x_wconf 76' lang='grc' dir='ltr'>τῇ</span> <span class='ocrx_word' id='word_1_656' title='bbox 2727 4572 2880 4644; x_wconf 68' lang='grc' dir='ltr'>χώρᾳ.</span> <span class='ocrx_word' id='word_1_657' title='bbox 2922 4573 3034 4626; x_wconf 90' lang='grc' dir='ltr'><strong>τῶν</strong></span> <span class='ocrx_word' id='word_1_658' title='bbox 3087 4552 3308 4638; x_wconf 75' lang='grc' dir='ltr'>ζώντων</span> <span class='ocrx_word' id='word_1_659' title='bbox 3351 4552 3591 4646; x_wconf 75' lang='grc' dir='ltr'>εἰσέλθῃ.</span> <span class='ocrx_word' id='word_1_660' title='bbox 3620 4552 3768 4628; x_wconf 26' lang='grc' dir='ltr'>’Ἀλλ’</span> <span class='ocrx_word' id='word_1_661' title='bbox 3804 4552 3867 4629; x_wconf 38' lang='grc' dir='ltr'>οῖ’</span> <span class='ocrx_word' id='word_1_662' title='bbox 3907 4579 4010 4647; x_wconf 74' lang='grc' dir='ltr'>μὲν</span> 
     </span>
    </p>
   </div>
   <div class='ocr_carea' id='block_1_93' title="bbox 739 4666 2317 4738">
    <p class='ocr_par' dir='ltr' id='par_1_93' title="bbox 739 4666 2317 4738">
     <span class='ocr_line' id='line_1_93' title="bbox 739 4666 2317 4738; baseline 0.001 -18"><span class='ocrx_word' id='word_1_663' title='bbox 739 4674 886 4720; x_wconf 90' lang='lat' dir='ltr'><strong>ctum</strong></span> <span class='ocrx_word' id='word_1_664' title='bbox 943 4666 1258 4732; x_wconf 82' lang='lat' dir='ltr'><strong>ellerimus;</strong></span> <span class='ocrx_word' id='word_1_665' title='bbox 1318 4682 1482 4736; x_wconf 87' lang='lat' dir='ltr'><strong>quem</strong></span> <span class='ocrx_word' id='word_1_666' title='bbox 1535 4667 1610 4722; x_wconf 90' lang='lat' dir='ltr'><strong>ibi</strong></span> <span class='ocrx_word' id='word_1_667' title='bbox 1655 4667 2055 4738; x_wconf 90' lang='lat' dir='ltr'><strong>relinquentes,</strong></span> <span class='ocrx_word' id='word_1_668' title='bbox 2094 4667 2317 4722; x_wconf 89' lang='lat' dir='ltr'><strong>domum</strong></span> 
     </span>
    </p>
   </div>
   <div class='ocr_carea' id='block_1_94' title="bbox 739 4758 2318 4830">
    <p class='ocr_par' dir='ltr' id='par_1_94' title="bbox 739 4758 2318 4830">
     <span class='ocr_line' id='line_1_94' title="bbox 739 4758 2318 4830; baseline 0.004 -22"><span class='ocrx_word' id='word_1_669' title='bbox 739 4758 1077 4812; x_wconf 89' lang='lat' dir='ltr'><strong>revertimur</strong></span> <span class='ocrx_word' id='word_1_670' title='bbox 1127 4759 1314 4814; x_wconf 75' lang='lat' dir='ltr'><strong>mmsti</strong></span> <span class='ocrx_word' id='word_1_671' title='bbox 1369 4768 1423 4812; x_wconf 91' lang='lat' dir='ltr'><strong>et</strong></span> <span class='ocrx_word' id='word_1_672' title='bbox 1472 4758 1696 4828; x_wconf 75' lang='lat' dir='ltr'><strong>objecti,</strong></span> <span class='ocrx_word' id='word_1_673' title='bbox 1737 4759 2082 4829; x_wconf 78' lang='lat' dir='ltr'><strong>excipientes</strong></span> <span class='ocrx_word' id='word_1_674' title='bbox 2119 4770 2174 4815; x_wconf 89' lang='lat' dir='ltr'><strong>et</strong></span> <span class='ocrx_word' id='word_1_675' title='bbox 2214 4760 2318 4830; x_wconf 87' lang='lat' dir='ltr'><strong>ipsi</strong></span> 
     </span>
    </p>
   </div>
   <div class='ocr_carea' id='block_1_95' title="bbox 741 4849 2322 4922">
    <p class='ocr_par' dir='ltr' id='par_1_95' title="bbox 741 4849 2322 4922">
     <span class='ocr_line' id='line_1_95' title="bbox 741 4849 2322 4922; baseline 0.003 -21"><span class='ocrx_word' id='word_1_676' title='bbox 741 4849 1156 4903; x_wconf 83' lang='lat' dir='ltr'><strong>ineluctabilem</strong></span> <span class='ocrx_word' id='word_1_677' title='bbox 1183 4850 1381 4904; x_wconf 85' lang='lat' dir='ltr'><strong>mortis</strong></span> <span class='ocrx_word' id='word_1_678' title='bbox 1412 4851 1640 4915; x_wconf 89' lang='lat' dir='ltr'><strong>horam;</strong></span> <span class='ocrx_word' id='word_1_679' title='bbox 1671 4850 1749 4905; x_wconf 87' lang='lat' dir='ltr'><strong>Ne</strong></span> <span class='ocrx_word' id='word_1_680' title='bbox 1785 4851 1953 4921; x_wconf 82' lang='lat' dir='ltr'><strong>igitur</strong></span> <span class='ocrx_word' id='word_1_681' title='bbox 1981 4867 2081 4907; x_wconf 90' lang='lat' dir='ltr'><strong>nos</strong></span> <span class='ocrx_word' id='word_1_682' title='bbox 2103 4867 2322 4922; x_wconf 90' lang='lat' dir='ltr'><strong>quoque</strong></span> 
     </span>
    </p>
   </div>
   <div class='ocr_carea' id='block_1_96' title="bbox 741 4938 2320 5008">
    <p class='ocr_par' dir='ltr' id='par_1_96' title="bbox 741 4938 2320 5008">
     <span class='ocr_line' id='line_1_96' title="bbox 741 4938 2320 5008; baseline 0.003 -17"><span class='ocrx_word' id='word_1_683' title='bbox 741 4938 1094 4992; x_wconf 88' lang='lat' dir='ltr'><strong>inveniamur</strong></span> <span class='ocrx_word' id='word_1_684' title='bbox 1145 4938 1428 5008; x_wconf 90' lang='lat' dir='ltr'><strong>imparati,</strong></span> <span class='ocrx_word' id='word_1_685' title='bbox 1461 4941 1682 5004; x_wconf 88' lang='lat' dir='ltr'><strong>fratres,</strong></span> <span class='ocrx_word' id='word_1_686' title='bbox 1721 4939 1777 4994; x_wconf 91' lang='lat' dir='ltr'><strong>in</strong></span> <span class='ocrx_word' id='word_1_687' title='bbox 1833 4941 1936 4996; x_wconf 86' lang='lat' dir='ltr'><strong>hac</strong></span> <span class='ocrx_word' id='word_1_688' title='bbox 1965 4942 2320 5006; x_wconf 87' lang='lat' dir='ltr'><strong>necessitate,</strong></span> 
     </span>
    </p>
   </div>
   <div class='ocr_carea' id='block_1_97' title="bbox 741 5035 2315 5103">
    <p class='ocr_par' dir='ltr' id='par_1_97' title="bbox 741 5035 2315 5103">
     <span class='ocr_line' id='line_1_97' title="bbox 741 5035 2315 5103; baseline 0.003 -21"><span class='ocrx_word' id='word_1_689' title='bbox 741 5046 1053 5085; x_wconf 69' lang='lat' dir='ltr'><strong>t&#39;lll‘l‘ﬂlllllS.</strong></span> <span class='ocrx_word' id='word_1_690' title='bbox 1082 5046 1448 5100; x_wconf 71' lang='lat' dir='ltr'><strong>properamus</strong></span> <span class='ocrx_word' id='word_1_691' title='bbox 1469 5075 1482 5097; x_wconf 81' lang='lat'><strong>,</strong></span> <span class='ocrx_word' id='word_1_692' title='bbox 1536 5048 1967 5103; x_wconf 67' lang='lat' dir='ltr'><strong>praecavcamns,</strong></span> <span class='ocrx_word' id='word_1_693' title='bbox 2000 5050 2071 5088; x_wconf 91' lang='lat' dir='ltr'><strong>ne</strong></span> <span class='ocrx_word' id='word_1_694' title='bbox 2103 5050 2168 5088; x_wconf 66' lang='lat' dir='ltr'><strong>CX</strong></span> <span class='ocrx_word' id='word_1_695' title='bbox 2210 5035 2315 5087; x_wconf 76' lang='grc' dir='ltr'>ἱιιιο</span> 
     </span>
    </p>
   </div>
   <div class='ocr_carea' id='block_1_98' title="bbox 743 5123 2321 5194">
    <p class='ocr_par' dir='ltr' id='par_1_98' title="bbox 743 5123 2321 5194">
     <span class='ocr_line' id='line_1_98' title="bbox 743 5123 2321 5194; baseline 0.004 -20"><span class='ocrx_word' id='word_1_696' title='bbox 743 5125 973 5191; x_wconf 80' lang='lat' dir='ltr'><strong>proviso</strong></span> <span class='ocrx_word' id='word_1_697' title='bbox 997 5123 1366 5191; x_wconf 88' lang='lat' dir='ltr'><strong>abripiamur.</strong></span> <span class='ocrx_word' id='word_1_698' title='bbox 1401 5125 1809 5194; x_wconf 74' lang='lat' dir='ltr'><strong>lngrediamur,</strong></span> <span class='ocrx_word' id='word_1_699' title='bbox 1841 5140 1910 5179; x_wconf 91' lang='lat' dir='ltr'><strong>ne</strong></span> <span class='ocrx_word' id='word_1_700' title='bbox 1935 5124 2069 5180; x_wconf 89' lang='lat' dir='ltr'><strong>foris</strong></span> <span class='ocrx_word' id='word_1_701' title='bbox 2099 5141 2321 5179; x_wconf 87' lang='lat' dir='ltr'><strong>manea-</strong></span> 
     </span>
    </p>
   </div>
   <div class='ocr_carea' id='block_1_99' title="bbox 745 5216 2319 5288">
    <p class='ocr_par' dir='ltr' id='par_1_99' title="bbox 745 5216 2319 5288">
     <span class='ocr_line' id='line_1_99' title="bbox 745 5216 2319 5288; baseline 0.003 -21"><span class='ocrx_word' id='word_1_702' title='bbox 745 5230 902 5274; x_wconf 85' lang='lat' dir='ltr'><strong>mus:</strong></span> <span class='ocrx_word' id='word_1_703' title='bbox 941 5216 1270 5284; x_wconf 83' lang='lat' dir='ltr'><strong>abjieiantns</strong></span> <span class='ocrx_word' id='word_1_704' title='bbox 1313 5234 1510 5272; x_wconf 88' lang='lat' dir='ltr'><strong>vanam</strong></span> <span class='ocrx_word' id='word_1_705' title='bbox 1556 5220 1715 5273; x_wconf 84' lang='lat' dir='ltr'><strong>istam</strong></span> <span class='ocrx_word' id='word_1_706' title='bbox 1758 5217 2319 5288; x_wconf 79' lang='lat' dir='ltr'><strong>ignavialu;abjicia-</strong></span> 
     </span>
    </p>
   </div>
   <div class='ocr_carea' id='block_1_100' title="bbox 749 5308 2320 5381">
    <p class='ocr_par' dir='ltr' id='par_1_100' title="bbox 749 5308 2320 5381">
     <span class='ocr_line' id='line_1_100' title="bbox 749 5308 2320 5381; baseline 0.004 -23"><span class='ocrx_word' id='word_1_707' title='bbox 749 5322 871 5360; x_wconf 88' lang='lat' dir='ltr'><strong>mus</strong></span> <span class='ocrx_word' id='word_1_708' title='bbox 888 5308 1199 5363; x_wconf 82' lang='lat' dir='ltr'><strong>socordiam</strong></span> <span class='ocrx_word' id='word_1_709' title='bbox 1227 5319 1494 5373; x_wconf 84' lang='lat' dir='ltr'><strong>nostram,</strong></span> <span class='ocrx_word' id='word_1_710' title='bbox 1529 5312 1582 5366; x_wconf 92' lang='lat' dir='ltr'><strong>in</strong></span> <span class='ocrx_word' id='word_1_711' title='bbox 1618 5327 1725 5381; x_wconf 91' lang='lat' dir='ltr'><strong>qua</strong></span> <span class='ocrx_word' id='word_1_712' title='bbox 1750 5326 1924 5380; x_wconf 88' lang='lat' dir='ltr'><strong>usque</strong></span> <span class='ocrx_word' id='word_1_713' title='bbox 1959 5309 2025 5364; x_wconf 90' lang='lat' dir='ltr'><strong>ad</strong></span> <span class='ocrx_word' id='word_1_714' title='bbox 2053 5311 2158 5365; x_wconf 86' lang='lat' dir='ltr'><strong>huc</strong></span> <span class='ocrx_word' id='word_1_715' title='bbox 2181 5322 2320 5366; x_wconf 83' lang='lat' dir='ltr'><strong>tetu-</strong></span> 
     </span>
    </p>
   </div>
   <div class='ocr_carea' id='block_1_101' title="bbox 823 5508 1747 5578">
    <p class='ocr_par' dir='ltr' id='par_1_101' title="bbox 823 5508 1747 5578">
     <span class='ocr_line' id='line_1_101' title="bbox 823 5508 1747 5578; baseline 0.003 -19"><span class='ocrx_word' id='word_1_716' title='bbox 823 5508 933 5572; x_wconf 74' lang='grc'>(55)</span> <span class='ocrx_word' id='word_1_717' title='bbox 967 5510 1460 5578; x_wconf 73' lang='grc' dir='ltr'>Συνετασσόμην.</span> <span class='ocrx_word' id='word_1_718' title='bbox 1491 5508 1747 5564; x_wconf 82' lang='lat' dir='ltr'><strong>Promisi.</strong></span> 
     </span>
    </p>
   </div>
   <div class='ocr_carea' id='block_1_102' title="bbox 824 5578 1957 5650">
    <p class='ocr_par' dir='ltr' id='par_1_102' title="bbox 824 5578 1957 5650">
     <span class='ocr_line' id='line_1_102' title="bbox 824 5578 1957 5650; baseline 0.008 -26"><span class='ocrx_word' id='word_1_719' title='bbox 824 5578 935 5650; x_wconf 54' lang='lat' dir='ltr'><strong>(ﬁt)</strong></span> <span class='ocrx_word' id='word_1_720' title='bbox 982 5578 1160 5642; x_wconf 75' lang='grc' dir='ltr'>Ὡρῶν</span> <span class='ocrx_word' id='word_1_721' title='bbox 1187 5578 1378 5650; x_wconf 65' lang='grc' dir='ltr'>τάειιξ.</span> <span class='ocrx_word' id='word_1_722' title='bbox 1417 5580 1650 5646; x_wconf 80' lang='grc' dir='ltr'>Ἰιγουν,</span> <span class='ocrx_word' id='word_1_723' title='bbox 1682 5579 1957 5650; x_wconf 79' lang='grc' dir='ltr'>τάγματα.</span> 
     </span>
    </p>
   </div>
   <div class='ocr_carea' id='block_1_103' title="bbox 825 5648 1782 5719">
    <p class='ocr_par' dir='ltr' id='par_1_103' title="bbox 825 5648 1782 5719">
     <span class='ocr_line' id='line_1_103' title="bbox 825 5648 1782 5719; baseline 0.003 -21"><span class='ocrx_word' id='word_1_724' title='bbox 825 5648 940 5712; x_wconf 70' lang='grc'>(55)</span> <span class='ocrx_word' id='word_1_725' title='bbox 973 5651 1314 5719; x_wconf 58' lang='grc' dir='ltr'>Σσλιτρομοι.</span> <span class='ocrx_word' id='word_1_726' title='bbox 1353 5648 1388 5702; x_wconf 93' lang='lat' dir='ltr'><strong>i.</strong></span> <span class='ocrx_word' id='word_1_727' title='bbox 1421 5665 1471 5702; x_wconf 92' lang='lat' dir='ltr'><strong>c.</strong></span> <span class='ocrx_word' id='word_1_728' title='bbox 1513 5653 1782 5719; x_wconf 76' lang='grc' dir='ltr'>ἔντρομοι.</span> 
     </span>
    </p>
   </div>
   <div class='ocr_carea' id='block_1_104' title="bbox 826 5718 2318 5840">
    <p class='ocr_par' dir='ltr' id='par_1_104' title="bbox 826 5718 2318 5840">
     <span class='ocr_line' id='line_1_104' title="bbox 826 5718 2318 5840; baseline 0.008 -74"><span class='ocrx_word' id='word_1_729' title='bbox 826 5719 938 5840; x_wconf 41' lang='lat' dir='ltr'><strong>(ait</strong></span> <span class='ocrx_word' id='word_1_730' title='bbox 1063 5718 1274 5840; x_wconf 51' lang='grc' dir='ltr'>εἶῗλύς.</span> <span class='ocrx_word' id='word_1_731' title='bbox 1305 5719 1455 5773; x_wconf 79' lang='grc' dir='ltr'>Πάνυ</span> <span class='ocrx_word' id='word_1_732' title='bbox 1492 5718 1833 5791; x_wconf 71' lang='grc' dir='ltr'>περιϐόητος.</span> <span class='ocrx_word' id='word_1_733' title='bbox 1855 5719 1917 5774; x_wconf 70' lang='grc' dir='ltr'>γ.</span> <span class='ocrx_word' id='word_1_734' title='bbox 1949 5718 2140 5791; x_wconf 69' lang='grc' dir='ltr'>8ξή08.</span> <span class='ocrx_word' id='word_1_735' title='bbox 2185 5728 2222 5773; x_wconf 90' lang='grc' dir='ltr'><strong>ι.</strong></span> <span class='ocrx_word' id='word_1_736' title='bbox 2255 5721 2318 5780; x_wconf 84' lang='lat' dir='ltr'><strong>ll.</strong></span> 
     </span>
     <span class='ocr_line' id='line_1_105' title="bbox 913 5809 1163 5840; baseline 0 0"><span class='ocrx_word' id='word_1_737' title='bbox 913 5828 925 5840; x_wconf 78' lang='grc' dir='ltr'>ι</span> <span class='ocrx_word' id='word_1_738' title='bbox 980 5811 994 5839; x_wconf 78' lang='grc'><strong>)</strong></span> <span class='ocrx_word' id='word_1_739' title='bbox 1037 5829 1049 5840; x_wconf 79' lang='grc' dir='ltr'><strong>ι</strong></span> <span class='ocrx_word' id='word_1_740' title='bbox 1099 5809 1110 5836; x_wconf 68' lang='grc' dir='ltr'><strong>ο</strong></span> <span class='ocrx_word' id='word_1_741' title='bbox 1152 5830 1163 5840; x_wconf 93' lang='grc'><strong>.</strong></span> 
     </span>
    </p>
   </div>
   <div class='ocr_carea' id='block_1_105' title="bbox 757 5791 1163 5858">
    <p class='ocr_par' dir='ltr' id='par_1_105' title="bbox 757 5791 1163 5858">
     <span class='ocr_line' id='line_1_106' title="bbox 757 5791 1163 5858; baseline 0.007 -19"><span class='ocrx_word' id='word_1_742' title='bbox 757 5805 810 5858; x_wconf 81' lang='lat' dir='ltr'><strong>p.</strong></span> <span class='ocrx_word' id='word_1_743' title='bbox 837 5791 925 5844; x_wconf 67' lang='lat' dir='ltr'><strong>tit.</strong></span> <span class='ocrx_word' id='word_1_744' title='bbox 963 5791 1049 5842; x_wconf 80' lang='lat' dir='ltr'><strong>tit).</strong></span> <span class='ocrx_word' id='word_1_745' title='bbox 1078 5791 1163 5842; x_wconf 77' lang='lat' dir='ltr'><strong>(il.</strong></span> 
     </span>
    </p>
   </div>
   <div class='ocr_carea' id='block_1_106' title="bbox 829 5853 1376 5928">
    <p class='ocr_par' dir='ltr' id='par_1_106' title="bbox 829 5853 1376 5928">
     <span class='ocr_line' id='line_1_107' title="bbox 829 5853 1376 5928; baseline 0.002 -19"><span class='ocrx_word' id='word_1_746' title='bbox 829 5858 936 5928; x_wconf 70' lang='grc' dir='ltr'>(στι</span> <span class='ocrx_word' id='word_1_747' title='bbox 966 5860 1143 5926; x_wconf 63' lang='grc' dir='ltr'>ϊιιπιει.</span> <span class='ocrx_word' id='word_1_748' title='bbox 1194 5861 1292 5912; x_wconf 63' lang='grc' dir='ltr'>ἐν</span> <span class='ocrx_word' id='word_1_749' title='bbox 1313 5853 1376 5926; x_wconf 73' lang='grc' dir='ltr'>ις..</span> 
     </span>
    </p>
   </div>
   <div class='ocr_carea' id='block_1_107' title="bbox 2419 4663 4009 4737">
    <p class='ocr_par' dir='ltr' id='par_1_107' title="bbox 2419 4663 4009 4737">
     <span class='ocr_line' id='line_1_108' title="bbox 2419 4663 4009 4737; baseline 0.003 -18"><span class='ocrx_word' id='word_1_750' title='bbox 2419 4667 2563 4733; x_wconf 73' lang='grc' dir='ltr'>ἅγιοι</span> <span class='ocrx_word' id='word_1_751' title='bbox 2625 4663 2846 4732; x_wconf 82' lang='grc' dir='ltr'>ἄγγελοι</span> <span class='ocrx_word' id='word_1_752' title='bbox 2892 4666 2990 4735; x_wconf 74' lang='grc' dir='ltr'>τὴν</span> <span class='ocrx_word' id='word_1_753' title='bbox 3028 4664 3206 4736; x_wconf 73' lang='grc' dir='ltr'>ψυχὴν</span> <span class='ocrx_word' id='word_1_754' title='bbox 3259 4666 3670 4736; x_wconf 72' lang='grc' dir='ltr'>παραλαϐόντες</span> <span class='ocrx_word' id='word_1_755' title='bbox 3717 4669 4009 4737; x_wconf 74' lang='grc' dir='ltr'>ἀπάγουσι</span> 
     </span>
    </p>
   </div>
   <div class='ocr_carea' id='block_1_108' title="bbox 2419 4756 4012 4832">
    <p class='ocr_par' dir='ltr' id='par_1_108' title="bbox 2419 4756 4012 4832">
     <span class='ocr_line' id='line_1_109' title="bbox 2419 4756 4012 4832; baseline 0.001 -22"><span class='ocrx_word' id='word_1_756' title='bbox 2419 4758 2562 4810; x_wconf 86' lang='grc' dir='ltr'>τότε.</span> <span class='ocrx_word' id='word_1_757' title='bbox 2609 4757 2801 4826; x_wconf 82' lang='grc' dir='ltr'>Ἡμεῖς</span> <span class='ocrx_word' id='word_1_758' title='bbox 2836 4756 2914 4820; x_wconf 78' lang='grc' dir='ltr'>δὲ,</span> <span class='ocrx_word' id='word_1_759' title='bbox 2941 4756 3002 4809; x_wconf 78' lang='grc' dir='ltr'>τὸ</span> <span class='ocrx_word' id='word_1_760' title='bbox 3031 4757 3224 4828; x_wconf 79' lang='grc' dir='ltr'>θνητὸν</span> <span class='ocrx_word' id='word_1_761' title='bbox 3263 4757 3424 4827; x_wconf 85' lang='grc' dir='ltr'>σῶμα</span> <span class='ocrx_word' id='word_1_762' title='bbox 3448 4759 3834 4826; x_wconf 78' lang='grc' dir='ltr'>κηδεύσαντες,</span> <span class='ocrx_word' id='word_1_763' title='bbox 3870 4763 4012 4832; x_wconf 64' lang='grc' dir='ltr'>πρὸς</span> 
     </span>
    </p>
   </div>
   <div class='ocr_carea' id='block_1_109' title="bbox 2420 4849 4007 4922">
    <p class='ocr_par' dir='ltr' id='par_1_109' title="bbox 2420 4849 4007 4922">
     <span class='ocr_line' id='line_1_110' title="bbox 2420 4849 4007 4922; baseline 0.004 -19"><span class='ocrx_word' id='word_1_764' title='bbox 2420 4850 2514 4903; x_wconf 81' lang='grc' dir='ltr'>τὸν</span> <span class='ocrx_word' id='word_1_765' title='bbox 2555 4850 2746 4920; x_wconf 85' lang='grc' dir='ltr'>καιρὸν</span> <span class='ocrx_word' id='word_1_766' title='bbox 2782 4850 3077 4919; x_wconf 72' lang='grc' dir='ltr'>κομίζομεν</span> <span class='ocrx_word' id='word_1_767' title='bbox 3122 4849 3262 4919; x_wconf 72' lang='grc' dir='ltr'>μετὰ</span> <span class='ocrx_word' id='word_1_768' title='bbox 3299 4851 3531 4922; x_wconf 78' lang='grc' dir='ltr'>σπουδῆς</span> <span class='ocrx_word' id='word_1_769' title='bbox 3577 4851 3670 4904; x_wconf 83' lang='grc' dir='ltr'>τὸν</span> <span class='ocrx_word' id='word_1_770' title='bbox 3700 4852 4007 4909; x_wconf 85' lang='grc' dir='ltr'>τεθνεῶτα.</span> 
     </span>
    </p>
   </div>
   <div class='ocr_carea' id='block_1_110' title="bbox 2423 4944 4010 5016">
    <p class='ocr_par' dir='ltr' id='par_1_110' title="bbox 2423 4944 4010 5016">
     <span class='ocr_line' id='line_1_111' title="bbox 2423 4944 4010 5016; baseline 0.001 -18"><span class='ocrx_word' id='word_1_771' title='bbox 2423 4944 2534 4998; x_wconf 73' lang='grc' dir='ltr'><strong>Καὶ</strong></span> <span class='ocrx_word' id='word_1_772' title='bbox 2589 4946 2769 4998; x_wconf 79' lang='grc' dir='ltr'>ἐκεῖσε</span> <span class='ocrx_word' id='word_1_773' title='bbox 2823 4945 3237 5009; x_wconf 81' lang='grc' dir='ltr'>καταλιπόντες,</span> <span class='ocrx_word' id='word_1_774' title='bbox 3303 4945 3486 4998; x_wconf 81' lang='grc' dir='ltr'>οἴκαδε</span> <span class='ocrx_word' id='word_1_775' title='bbox 3541 4945 4010 5016; x_wconf 74' lang='grc' dir='ltr'>ἀναστρέφομεν,</span> 
     </span>
    </p>
   </div>
   <div class='ocr_carea' id='block_1_111' title="bbox 2425 5033 4013 5103">
    <p class='ocr_par' dir='ltr' id='par_1_111' title="bbox 2425 5033 4013 5103">
     <span class='ocr_line' id='line_1_112' title="bbox 2425 5033 4013 5103; baseline 0.001 -15"><span class='ocrx_word' id='word_1_776' title='bbox 2425 5033 2817 5102; x_wconf 77' lang='grc' dir='ltr'>στυγνάζοντες</span> <span class='ocrx_word' id='word_1_777' title='bbox 2863 5035 2958 5086; x_wconf 75' lang='grc' dir='ltr'>καὶ</span> <span class='ocrx_word' id='word_1_778' title='bbox 3003 5038 3296 5103; x_wconf 79' lang='grc' dir='ltr'>κατηφεῖς,</span> <span class='ocrx_word' id='word_1_779' title='bbox 3334 5035 3680 5103; x_wconf 79' lang='grc' dir='ltr'>ἐκδεχόμενοι</span> <span class='ocrx_word' id='word_1_780' title='bbox 3712 5035 3809 5087; x_wconf 75' lang='grc' dir='ltr'>καὶ</span> <span class='ocrx_word' id='word_1_781' title='bbox 3850 5038 4013 5089; x_wconf 75' lang='grc' dir='ltr'>αὐτοὶ</span> 
     </span>
    </p>
   </div>
   <div class='ocr_carea' id='block_1_112' title="bbox 2417 5122 4013 5198">
    <p class='ocr_par' dir='ltr' id='par_1_112' title="bbox 2417 5122 4013 5198">
     <span class='ocr_line' id='line_1_113' title="bbox 2417 5122 4013 5198; baseline 0.001 -17"><span class='ocrx_word' id='word_1_782' title='bbox 2417 5128 2517 5198; x_wconf 83' lang='grc' dir='ltr'>τὴν</span> <span class='ocrx_word' id='word_1_783' title='bbox 2562 5126 2937 5198; x_wconf 83' lang='grc' dir='ltr'>ἀπαραίτητον</span> <span class='ocrx_word' id='word_1_784' title='bbox 2990 5124 3084 5178; x_wconf 82' lang='grc' dir='ltr'>τοῦ</span> <span class='ocrx_word' id='word_1_785' title='bbox 3136 5125 3369 5179; x_wconf 84' lang='grc' dir='ltr'>θανάτου</span> <span class='ocrx_word' id='word_1_786' title='bbox 3423 5125 3594 5195; x_wconf 83' lang='grc' dir='ltr'>ὥραν.</span> <span class='ocrx_word' id='word_1_787' title='bbox 3629 5126 3730 5178; x_wconf 81' lang='lat' dir='ltr'><strong>&#39;lv‘</strong></span> <span class='ocrx_word' id='word_1_788' title='bbox 3765 5122 3864 5180; x_wconf 74' lang='grc' dir='ltr'>οὖν</span> <span class='ocrx_word' id='word_1_789' title='bbox 3915 5129 4013 5182; x_wconf 68' lang='grc' dir='ltr'>καὶ</span> 
     </span>
    </p>
   </div>
   <div class='ocr_carea' id='block_1_113' title="bbox 2418 5218 4011 5292">
    <p class='ocr_par' dir='ltr' id='par_1_113' title="bbox 2418 5218 4011 5292">
     <span class='ocr_line' id='line_1_114' title="bbox 2418 5218 4011 5292; baseline 0.001 -19"><span class='ocrx_word' id='word_1_790' title='bbox 2418 5223 2581 5290; x_wconf 79' lang='grc' dir='ltr'>ἡμεῖς</span> <span class='ocrx_word' id='word_1_791' title='bbox 2615 5219 2690 5290; x_wconf 81' lang='grc' dir='ltr'>μὴ</span> <span class='ocrx_word' id='word_1_792' title='bbox 2724 5219 2998 5287; x_wconf 86' lang='grc' dir='ltr'>άνέτοιμοι</span> <span class='ocrx_word' id='word_1_793' title='bbox 3033 5219 3368 5292; x_wconf 81' lang='grc' dir='ltr'>εὑρεθῶμεν,</span> <span class='ocrx_word' id='word_1_794' title='bbox 3389 5219 3630 5287; x_wconf 59' lang='grc' dir='ltr'>ἀδελφοὶ,</span> <span class='ocrx_word' id='word_1_795' title='bbox 3651 5218 3710 5269; x_wconf 87' lang='grc' dir='ltr'><strong>ἐν</strong></span> <span class='ocrx_word' id='word_1_796' title='bbox 3745 5221 3810 5288; x_wconf 76' lang='grc' dir='ltr'>τῇ</span> <span class='ocrx_word' id='word_1_797' title='bbox 3844 5220 4011 5288; x_wconf 80' lang='grc' dir='ltr'>ἀνάγ-</span> 
     </span>
    </p>
   </div>
   <div class='ocr_carea' id='block_1_114' title="bbox 2444 5310 4010 5382">
    <p class='ocr_par' dir='ltr' id='par_1_114' title="bbox 2444 5310 4010 5382">
     <span class='ocr_line' id='line_1_115' title="bbox 2444 5310 4010 5382; baseline -0.001 -18"><span class='ocrx_word' id='word_1_798' title='bbox 2444 5329 2514 5382; x_wconf 79' lang='grc' dir='ltr'><strong>κη</strong></span> <span class='ocrx_word' id='word_1_799' title='bbox 2561 5311 2779 5382; x_wconf 76' lang='grc' dir='ltr'>ἐκείνῃ,</span> <span class='ocrx_word' id='word_1_800' title='bbox 2815 5310 3152 5381; x_wconf 80' lang='grc' dir='ltr'>δράμωμεν,</span> <span class='ocrx_word' id='word_1_801' title='bbox 3204 5310 3554 5378; x_wconf 82' lang='grc' dir='ltr'>σπεύσωμεν,</span> <span class='ocrx_word' id='word_1_802' title='bbox 3612 5311 4010 5381; x_wconf 61' lang='grc' dir='ltr'>πῳλάὸωμεν,</span> 
     </span>
    </p>
   </div>
   <div class='ocr_carea' id='block_1_115' title="bbox 2499 5508 4009 5632">
    <p class='ocr_par' dir='ltr' id='par_1_115' title="bbox 2499 5508 4009 5632">
     <span class='ocr_line' id='line_1_116' title="bbox 2499 5508 4009 5632; baseline -0.001 -69"><span class='ocrx_word' id='word_1_803' title='bbox 2499 5510 2616 5632; x_wconf 56' lang='grc' dir='ltr'>(58ὲ</span> <span class='ocrx_word' id='word_1_804' title='bbox 2655 5508 2756 5565; x_wconf 81' lang='grc' dir='ltr'><strong>Ἐν</strong></span> <span class='ocrx_word' id='word_1_805' title='bbox 2797 5509 2983 5579; x_wconf 72' lang='grc' dir='ltr'>γήρει.</span> <span class='ocrx_word' id='word_1_806' title='bbox 3032 5508 3124 5564; x_wconf 90' lang='lat' dir='ltr'><strong>Sic</strong></span> <span class='ocrx_word' id='word_1_807' title='bbox 3173 5508 3303 5563; x_wconf 90' lang='lat' dir='ltr'><strong>alibi</strong></span> <span class='ocrx_word' id='word_1_808' title='bbox 3359 5523 3536 5578; x_wconf 64' lang='lat' dir='ltr'><strong>stepc,</strong></span> <span class='ocrx_word' id='word_1_809' title='bbox 3572 5517 3632 5562; x_wconf 91' lang='lat' dir='ltr'><strong>ut</strong></span> <span class='ocrx_word' id='word_1_810' title='bbox 3685 5508 3823 5577; x_wconf 80' lang='lat' dir='ltr'><strong>psal.</strong></span> <span class='ocrx_word' id='word_1_811' title='bbox 3883 5525 4009 5573; x_wconf 78' lang='lat' dir='ltr'><strong>xci,</strong></span> 
     </span>
     <span class='ocr_line' id='line_1_117' title="bbox 2499 5577 4009 5632; baseline 0 0"><span class='ocrx_word' id='word_1_812' title='bbox 2499 5622 2510 5632; x_wconf 92' lang='lat'><strong>.</strong></span> <span class='ocrx_word' id='word_1_813' title='bbox 2562 5581 2648 5630; x_wconf 80' lang='lat' dir='ltr'><strong>&quot;v</strong></span> <span class='ocrx_word' id='word_1_814' title='bbox 2687 5581 2847 5632; x_wconf 65' lang='grc' dir='ltr'>γήρει</span> <span class='ocrx_word' id='word_1_815' title='bbox 2900 5577 3366 5632; x_wconf 74' lang='grc' dir='ltr'>πίονι.‹ιυοιηοιίο</span> <span class='ocrx_word' id='word_1_816' title='bbox 3407 5577 3586 5632; x_wconf 86' lang='lat' dir='ltr'><strong>reocri</strong></span> <span class='ocrx_word' id='word_1_817' title='bbox 3649 5580 3817 5631; x_wconf 86' lang='lat' dir='ltr'><strong>etiam</strong></span> <span class='ocrx_word' id='word_1_818' title='bbox 3866 5578 4009 5632; x_wconf 87' lang='lat' dir='ltr'><strong>Luc.</strong></span> 
     </span>
    </p>
   </div>
   <div class='ocr_carea' id='block_1_116' title="bbox 2426 5577 4010 5648">
    <p class='ocr_par' dir='ltr' id='par_1_116' title="bbox 2426 5577 4010 5648">
     <span class='ocr_line' id='line_1_118' title="bbox 2426 5577 4010 5648; baseline 0.001 -14"><span class='ocrx_word' id='word_1_819' title='bbox 2426 5577 2513 5635; x_wconf 70' lang='lat' dir='ltr'><strong>ll.</strong></span> <span class='ocrx_word' id='word_1_820' title='bbox 2562 5577 2648 5632; x_wconf 81' lang='grc' dir='ltr'>Ἐν</span> <span class='ocrx_word' id='word_1_821' title='bbox 2687 5577 3064 5648; x_wconf 74' lang='grc' dir='ltr'>γήρειπέονι,</span> <span class='ocrx_word' id='word_1_822' title='bbox 3090 5577 3366 5648; x_wconf 92' lang='lat' dir='ltr'><strong>quomodo</strong></span> <span class='ocrx_word' id='word_1_823' title='bbox 3407 5577 3586 5647; x_wconf 89' lang='lat' dir='ltr'><strong>reperi</strong></span> <span class='ocrx_word' id='word_1_824' title='bbox 3649 5580 3817 5631; x_wconf 88' lang='lat' dir='ltr'><strong>etiam</strong></span> <span class='ocrx_word' id='word_1_825' title='bbox 3866 5578 4010 5634; x_wconf 87' lang='lat' dir='ltr'><strong>Luc.</strong></span> 
     </span>
    </p>
   </div>
   <div class='ocr_carea' id='block_1_117' title="bbox 2431 5649 4012 5720">
    <p class='ocr_par' dir='ltr' id='par_1_117' title="bbox 2431 5649 4012 5720">
     <span class='ocr_line' id='line_1_119' title="bbox 2431 5649 4012 5720; baseline 0.001 -17"><span class='ocrx_word' id='word_1_826' title='bbox 2431 5667 2468 5713; x_wconf 81' lang='grc' dir='ltr'><strong>ι,</strong></span> <span class='ocrx_word' id='word_1_827' title='bbox 2502 5651 2591 5714; x_wconf 84' lang='grc'><strong>56,</strong></span> <span class='ocrx_word' id='word_1_828' title='bbox 2627 5650 2678 5704; x_wconf 91' lang='lat' dir='ltr'><strong>in</strong></span> <span class='ocrx_word' id='word_1_829' title='bbox 2727 5649 2936 5720; x_wconf 89' lang='lat' dir='ltr'><strong>aliquot</strong></span> <span class='ocrx_word' id='word_1_830' title='bbox 2983 5649 3374 5705; x_wconf 84' lang='lat' dir='ltr'><strong>vetustissimis</strong></span> <span class='ocrx_word' id='word_1_831' title='bbox 3412 5657 3467 5702; x_wconf 87' lang='lat' dir='ltr'><strong>et</strong></span> <span class='ocrx_word' id='word_1_832' title='bbox 3500 5663 3707 5718; x_wconf 68' lang='lat' dir='ltr'><strong>magnae</strong></span> <span class='ocrx_word' id='word_1_833' title='bbox 3757 5649 4012 5704; x_wconf 78' lang='lat' dir='ltr'><strong>auctori-</strong></span> 
     </span>
    </p>
   </div>
   <div class='ocr_carea' id='block_1_118' title="bbox 2431 5720 2888 5775">
    <p class='ocr_par' dir='ltr' id='par_1_118' title="bbox 2431 5720 2888 5775">
     <span class='ocr_line' id='line_1_120' title="bbox 2431 5720 2888 5775; baseline -0.002 -1"><span class='ocrx_word' id='word_1_834' title='bbox 2431 5721 2555 5774; x_wconf 86' lang='lat' dir='ltr'><strong>tatis</strong></span> <span class='ocrx_word' id='word_1_835' title='bbox 2587 5720 2888 5775; x_wconf 88' lang='lat' dir='ltr'><strong>codicibus.</strong></span> 
     </span>
    </p>
   </div>
   <div class='ocr_carea' id='block_1_119' title="bbox 2503 5785 3817 5860">
    <p class='ocr_par' dir='ltr' id='par_1_119' title="bbox 2503 5785 3817 5860">
     <span class='ocr_line' id='line_1_121' title="bbox 2503 5785 3817 5860; baseline 0.001 -20"><span class='ocrx_word' id='word_1_836' title='bbox 2503 5789 2613 5860; x_wconf 75' lang='grc'>(59)</span> <span class='ocrx_word' id='word_1_837' title='bbox 2668 5791 2763 5844; x_wconf 71' lang='grc' dir='ltr'><strong>Ἑν</strong></span> <span class='ocrx_word' id='word_1_838' title='bbox 2803 5787 2881 5853; x_wconf 80' lang='grc' dir='ltr'>τῷ</span> <span class='ocrx_word' id='word_1_839' title='bbox 2907 5786 3160 5856; x_wconf 72' lang='grc' dir='ltr'>οὐρανῷ.</span> <span class='ocrx_word' id='word_1_840' title='bbox 3199 5787 3324 5852; x_wconf 81' lang='lat' dir='ltr'><strong>l‘ro,</strong></span> <span class='ocrx_word' id='word_1_841' title='bbox 3352 5787 3429 5850; x_wconf 77' lang='lat' dir='ltr'><strong>et;</strong></span> <span class='ocrx_word' id='word_1_842' title='bbox 3449 5786 3542 5840; x_wconf 79' lang='grc' dir='ltr'>τὸν</span> <span class='ocrx_word' id='word_1_843' title='bbox 3570 5785 3817 5854; x_wconf 76' lang='grc' dir='ltr'>οὐρανόν.</span> 
     </span>
    </p>
   </div>
  </div>
