4190 6438
253 391 384 453 li‘nl

1463 385 1718 448 SERMO
1760 385 1838 444 IN
1880 380 2338 445 DEFUNCTOS.

3371 369 3504 432 12oz?

255 511 342 556 ινα
405 507 478 571 μὴ
534 505 684 568 iam)
737 502 1306 572 προαναρπασθῶμεν.
1345 501 1705 568 Είσέλθωμεν.
1742 500 1826 550 ἵνα

1931 511 2030 564 pus
2060 496 2336 557 viximus;
2373 506 2498 561 spes
2546 506 2812 547 exuamus
2860 503 2982 558 qua:
3030 497 3132 541 nos
3183 485 3249 539 de
3305 482 3396 536 die
3450 501 3504 536 ιιι

254 598 327 662 μὴ
353 596 459 656 ἕξω
493 595 785 662 μείνωμεν,
819 594 1150 660 ἀποθώμεθα
1182 593 1280 654 τὰς
1312 594 1545 661 ματαίας
1569 590 1828 658 δκνηρίας

248 688 485 737 ἐκείνας.
539 686 895 752 Ἀποθῶμεθα
921 685 1017 752 τὴν
1048 683 1322 752 ῥαθυμίαν
1357 682 1534 752 ἡμῶν,
1565 685 1620 733 ἐν
1728 697 1825 731 πε-

249 778 579 844 ριεζήσασεν
637 779 747 840 (ίθ)
793 778 897 836 ἕως
945 774 1037 825 τοῦ
1096 775 1208 826 νῦν.
1265 776 1685 845 ’Λποῤῥίψωμεν
1729 774 1827 836 τὰς

245 869 623 935 γλευαξονσας
672 870 818 935 ἡμᾶς
863 866 1052 936 ἡμέρα
1104 869 1169 935 τῇ
1216 868 1398 936 ἡμέρα
1442 868 1552 932 (Η)
1585 865 1823 926 ἐλπίδας-

245 962 337 1027 Mi;
378 961 620 1029 ἐμπαίςη
653 961 782 1028 ἡμῖν
813 959 907 1010 τοῦ
933 958 1120 1010 λοιποῦ
1152 960 1178 1010 ὁ
1238 959 1431 1027 μιαρὸς
1466 957 1562 1008 καὶ
1595 957 1829 1027 πονηρὸς

246 1050 529 1116 λογισμὸς,
587 1052 668 1101 οτι
713 1049 897 1100 πολλοὶ
936 1047 1104 1100 πολλὰ
1141 1047 1564 1116 βουλευσάμενοι
1617 1047 1693 1108 είς
1729 1048 1828 1114 τὴν

246 1141 442 1209 αὔριον
497 1141 556 1192 οὐ
614 1142 946 1203 κατέλαϐον,
999 1139 1115 1193 ἀλλ’
1170 1139 1428 1207 ἐξαίφνης
1474 1138 1826 1208 ἡρπαγησαν,

244 1233 318 1294 ὡς
356 1233 470 1294 (ii!)
514 1233 796 1301 στρουθίον
828 1233 930 1284 ὑπὸ
981 1232 1219 1299 ἱέρακος,
1277 1233 1350 1292 ῶς
1378 1232 1559 1299 ἀρνίον
1592 1231 1695 1282 ὑπὸ
1737 1229 1830 1282 λύ-

247 1342 368 1376 κον.
404 1326 557 1391 Μήτε
589 1325 818 1392 λαλῆσαι
859 1325 996 1384 ὸλως
1031 1322 1331 1390 ἰσχύοντες,
1381 1324 1519 1390 μήτε
1565 1323 1829 1391 διαθήκας

246 1417 600 1482 ποιήσασθαι.
668 1417 730 1467 υἱ
787 1415 886 1481 μὲν
951 1414 1346 1475 καθεύδοντες,
1417 1414 1523 1466 ἀπὸ
1591 1415 1829 1480 ἑσπέρας

245 1508 448 1573 ὑγιεῖς,
487 1507 587 1573 τὴν
627 1507 839 1575 πρωῖαν
865 1507 964 1558 οὐκ
1011 1506 1275 1572 ἔφθασαν.
1308 1507 1368 1558 Οἱ
1409 1505 1465 1556 δὲ
1503 1505 1594 1556 ἐπὶ
1624 1506 1830 1574 τραπέ-

247 1597 349 1664 ξης
391 1598 714 1665 καθημενοι,
753 1602 808 1650 έν
842 1599 977 1665 αὐτῇ
1020 1598 1395 1650 ἀπέπνευσαν.
1424 1597 1558 1650 υἰδὲ
1596 1615 1828 1667 περιπα-

245 1687 472 1749 τοῦντες
504 1690 597 1739 καὶ
625 1689 907 1752 πεσόντες,
939 1687 1199 1756 ἐξαίφνης
1227 1687 1523 1741 ἀπέθανον.
1559 1689 1668 1739 Καὶ
1695 1688 1828 1740 ταῦ-

245 1796 311 1830 τα
350 1779 533 1830 πάντα
575 1779 798 1846 εἴδαμεν
839 1779 935 1831 καὶ
993 1780 1364 1846 γινώσκομεν,
1424 1779 1514 1829 Διὸ
1573 1779 1829 1847 οὐδεμίαν

668 1417 730 1467 υἱ
787 1415 886 1481 μὲν
951 1414 1346 1475 καθεύδοντες,

1927 587 2076 640 diem
2117 586 2425 648 deludunt;
2470 600 2539 638 ne
2581 600 2684 638 nos
2710 583 2974 649 deinceps
3005 577 3244 645 deeipiat
3290 578 3506 644 impura

1927 690 1983 734 et
2019 694 2184 748 prava
2230 677 2598 737 ratiocinatio,
2631 677 2760 745 quia
2801 675 2961 728 multi
3013 672 3184 726 multa
3215 687 3340 724 cum
3376 687 3506 724 cou-

1929 772 2241 825 51ituisscnt
2287 769 2342 822 in
2375 767 2713 827 crastinam,
2748 780 2857 818 non
2892 762 3178 816 consecuti
3226 769 3373 820 sunt,
3407 759 3504 812 sed

1930 873 2161 929 repente
2197 862 2362 915 ablati
2413 868 2566 921 sunt,
2603 859 2750 910 sicut
2796 866 2981 910 turtur
3029 873 3057 908 a
3115 855 3327 912 milvio,
3363 852 3506 905 sicut

1930 969 2104 1022 agnus
2127 969 2155 1006 a
2183 954 2351 1022 lupo;
2388 965 2567 1018 neque
2599 947 2751 1017 loqui
2778 948 3002 1001 omnino
3030 947 3295 1006 valentes,
3328 958 3508 1012 neque

1932 1056 2260 1100 testamenta
2299 1050 2505 1099 tacere.
2566 1042 2630 1096 lli
2667 1040 2894 1110 quidem
2936 1040 3298 1098 dormientes,
3349 1054 3377 1089 a
3412 1053 3508 1089 ve-

1931 1154 2089 1206 spere
2119 1137 2300 1191 adhuc
2342 1137 2505 1206 plane
2551 1135 2838 1194 valentes,
2887 1133 2954 1186 ad
3016 1131 3345 1185 matutimun
3396 1145 3506 1180 non

1933 1241 2305 1300 pervenerunt
2332 1245 2346 1293 ;
2384 1229 2464 1282 illi
2511 1243 2644 1281 vero
2679 1240 2882 1279 mense
2912 1223 3327 1279 accumbentes,
3359 1221 3413 1271 in
3445 1236 3508 1271 ea

1930 1325 2356 1393 exspiraveruut
2383 1340 2396 1384 ;
2434 1323 2525 1376 alii
2573 1320 2922 1373 ambulantes
2954 1326 3009 1369 et
3034 1316 3297 1369 cadentes
3326 1312 3510 1366 subito

1931 1415 2136 1470 mortui
2168 1425 2318 1468 sunt.
2357 1414 2424 1468 Et
2461 1414 2575 1466 haec
2628 1411 2812 1465 omnia
2842 1408 3084 1462 vidimus
3121 1417 3176 1460 et
3218 1403 3508 1472 cognosci-

1930 1522 2072 1560 mus.
2104 1505 2231 1559 ldco
2255 1507 2460 1558 nullam
2483 1503 2700 1555 veniam
2725 1517 2755 1554 a
2780 1503 2891 1555 Deo
2920 1501 3219 1562 habemus;
3247 1495 3510 1565 quoniam

1930 1615 2040 1652 non
2070 1597 2251 1652 inscii.
2285 1596 2378 1649 sed
2406 1594 2614 1649 conscii
2652 1607 2943 1655 erramus;
2978 1586 3509 1657 audientcsquidem

1931 1690 2150 1743 divinas
2182 1687 2522 1756 Seripturas,
2557 1696 2611 1740 et
2657 1700 2781 1753 qua:
2813 1683 2978 1737 nobis
3012 1682 3158 1736 dicta
3186 1691 3319 1734 sunt
3349 1678 3510 1732 uobi-

1932 1797 2089 1833 scum
2125 1789 2465 1849 GCutantcs,
2491 1792 2672 1844 neque
2701 1792 2835 1829 vero
2865 1775 3152 1828 facientes.

247 1869 591 1936 συγγνώμην
624 1870 775 1940 παρὰ
820 1869 955 1920 θεοῦ
1012 1871 1473 1937 ἔχομεν’δτιοὺκ
1529 1871 1586 1920 έν
1637 1872 1900 1940 ἀγνωσία,
1943 1873 2056 1925 ἀλλ’
2109 1875 2167 1925 ἐν
2227 1872 2427 1938 γνώσει
2473 1867 2827 1938 πλανώμεθα.
2889 1869 3203 1929 Ἀκούοντες
3249 1866 3346 1935 μὲν
3402 1864 3513 1916 τῶν

249 1960 420 2010 θείων
487 1960 762 2028 Γραφῶν,
797 1961 890 2013 καὶ
940 1961 1248 2022 ἐννοοῦντες
1302 1962 1370 2014 τὰ
1419 1964 1706 2030 λεγόμενα,
1763 1966 1836 2033 μὴ
1881 1966 2160 2017 ποιοῦντες
2190 1964 2267 2016 δέ.

321 2049 415 2098 Διὸ
449 2051 771 2116 παρακαλῶ,
818 2050 891 2118 μὴ
932 2050 1090 2116 μόνον
1121 2051 1387 2120 ἀκροαταὶ
1415 2054 1699 2121 γενώμεθα
1729 2055 1828 2122 τῆς
1865 2065 1904 2119 Β

243 2139 495 2206 διδαχῆς,
545 2139 681 2191 ἀλλὰ
734 2140 830 2192 καὶ
883 2141 1126 2209 ποιηταί.
1185 2142 1250 2194 Εἴ
1292 2161 1375 2205 τις
1423 2140 1517 2197 οὖν
1561 2145 1699 2209 μετὰ
1732 2145 1830 2213 τὴν

245 2233 522 2298 ἀκρόασιν
570 2233 679 2282 τῶν
728 2231 824 2284 νῦν
879 2233 1187 2302 εἰρημένων
1245 2235 1537 2303 συνήθειαν
1586 2236 1828 2305 πονηρὰν

245 2325 514 2392 πορνείας
559 2324 697 2393 ἔχων
747 2323 957 2387 ταύτην
1008 2327 1306 2395 ἀπέκοψεν,
1347 2321 1504 2391 οὗτος
1555 2329 1828 2398 ἀκροατὴς

245 2415 443 2475 καλός.
487 2414 554 2466 Εἴ
580 2431 665 2476 τις
708 2415 1078 2484 μνησικακίαν
1113 2416 1250 2484 ἔχων
1286 2418 1420 2486 πρὸς
1474 2418 1568 2470 τὸν
1603 2419 1830 2488 πλησίον

244 2508 343 2558 καὶ
394 2506 655 2576 διαλλαγῇ
694 2507 860 2576 αὐτῷ,
912 2502 1068 2569 οὗτος
1116 2509 1275 2571 καλὸς
1305 2512 1600 2580 ἀκροατής.
1650 2512 1713 2562 ιι
1749 2527 1832 2573 τις

244 2599 583 2661 κατανυγεὶς
635 2599 728 2651 ἐπὶ
772 2600 886 2660 τοῖς
936 2599 1172 2668 παροῦσι
1221 2600 1396 2666 λόγοις
1449 2602 1695 2669 ἐλεήμων
1735 2603 1832 2654 καὶ

243 2688 619 2754 εὐμετὰδοτος
665 2689 926 2757 γένηται,
977 2684 1132 2750 οὗτος
1176 2691 1340 2753 καλὸς
1385 2692 1685 2760 ἀκροατής.
1715 2695 1831 2746 Ἵνα

245 2776 323 2843 μὴ
356 2777 438 2838 εἰς
479 2779 652 2844 κρῖμα
695 2779 852 2847 ἡμῶν
881 2779 975 2831 καὶ
1002 2778 1138 2847 αὕτη
1167 2781 1198 2849 ή
1226 2781 1532 2848 ἀνάγνωσις
1559 2782 1788 2851 γένηται
1811 2799 1824 2812 ·

243 2867 531 2934 ἀκούομεν
567 2868 699 2935 γὰρ,
736 2869 828 2920 καὶ
854 2869 916 2921 οὐ
948 2869 1232 2937 ποιοῦμεν.
1270 2871 1330 2922 Εἰ
1365 2871 1440 2940 μὴ
1462 2873 1570 2942 γὰρ
1603 2874 1631 2925 ὁ
1662 2873 1827 2927 θανα-

240 2975 333 3018 τος
379 2956 476 3009 τοῦ
510 2959 742 3025 ἀδελφοῦ
781 2976 875 3011 σου
924 2961 1248 3029 σωφρονίσει
1281 2978 1358 3025 σε,
1391 2963 1567 3024 οὐδεὶς
1609 2963 1829 3016 δύναταί

245 3066 306 3101 σε
361 3050 700 3119 ὡςελήσειν.
740 3053 799 3104 ΕΞ
847 3051 921 3122 μὴ
969 3053 1163 3123 νεκρὸν
1203 3053 1413 3114 βλέπων
1451 3057 1828 3124 μετανοήσεις,

241 3150 380 3199 πότε
413 3147 605 3198 λοιπὸν
631 3148 1012 3217 ἐπιστρέψειςς
1039 3150 1086 3200 el
1123 3150 1194 3219 μὴ
1222 3150 1312 3201 ἐπὶ
1347 3152 1461 3212 τοῖς
1483 3149 1578 3202 νῦν
1611 3150 1832 3220 εἰρημέ-

239 3256 354 3299 νοις
388 3239 720 3308 κατενὺγης,
753 3239 885 3291 πότε
912 3239 1011 3306 τῆς
1036 3241 1309 3309 ἁμαρτίας
1328 3242 1650 3312 ἁποστήσῃ;
1685 3242 1831 3295 Tati-

238 3347 341 3398 την
376 3331 684 3399 ἀγαπητοὶ,
716 3333 816 3400 τὴν
845 3329 954 3382 τῶν
977 3331 1135 3382 θείων
1164 3332 1361 3396 λογίων
1392 3334 1590 3401 πρᾶξιν
1620 3333 1668 3384 οἱ
1693 3332 1829 3402 πρὸς

2007 2058 2195 2125 Itaque
2231 2070 2449 2123 preeor,
2498 2069 2567 2106 ne
2615 2052 3003 2107 tantummodo
3057 2052 3324 2108 doctrinm
3356 2055 3513 2108 audi-

1935 2155 2107 2206 tores,
2164 2145 2260 2196 sed
2311 2153 2368 2198 et
2398 2143 2788 2198 observatores
2829 2146 3044 2198 tiamus.
3081 2143 3137 2198 Si
3177 2147 3306 2212 quis
3350 2147 3514 2214 igitur

1933 2244 2058 2304 post
2094 2234 2436 2288 auditionem
2470 2249 2667 2289 eorum
2726 2249 2848 2303 quae
2894 2235 3040 2287 dicta
3079 2246 3250 2297 sunt,
3286 2253 3513 2305 pravam

1933 2323 2324 2378 fornicationis
2362 2323 2825 2378 consuetudinem
2876 2323 3110 2383 habens.
3152 2342 3272 2378 eam
3320 2328 3513 2394 pra-ci-

1934 2411 2100 2477 derit,
2132 2413 2177 2466 is
2213 2414 2436 2466 auditor
2473 2414 2670 2468 bonus.
2719 2412 2774 2466 Si
2811 2413 2938 2481 quis
2968 2423 3216 2468 veterem
3243 2415 3298 2469 in
3324 2417 3513 2484 proxi-

1934 2520 2084 2557 mum
2130 2505 2471 2559 simultatem
2519 2505 2729 2558 habens
2767 2504 3042 2574 ignoverit
3097 2507 3172 2568 ei,
3208 2505 3255 2560 is
3288 2507 3511 2562 auditor

1933 2595 2156 2662 bonus;
2200 2597 2244 2651 si
2295 2597 2417 2666 quis
2461 2597 2827 2666 praesentibus
2862 2598 3216 2652 sermonibus
3247 2615 3513 2668 compun-

1932 2696 2056 2741 ctus
2099 2688 2420 2742 misericors
2456 2697 2512 2741 et
2557 2688 2806 2742 liberalis
2839 2688 3020 2743 factus
3059 2691 3160 2753 sit,
3213 2690 3258 2743 is
3292 2690 3514 2745 auditor

1933 2776 2134 2831 bonus.
2171 2778 2246 2832 Ne
2274 2789 2329 2832 et
2367 2779 2529 2832 nobis
2561 2779 2782 2832 crimini
2822 2789 3071 2833 vertatur
3106 2781 3222 2837 hrec
3259 2781 3513 2835 admoni-

1934 2869 2046 2933 tio;
2081 2869 2340 2923 audimus
2371 2870 2518 2924 enim
2569 2881 2626 2925 et
2670 2887 2779 2925 non
2813 2871 3049 2940 agimus.
3085 2872 3304 2926 Etenim
3359 2873 3404 2926 si
3461 2883 3514 2928 te

1933 2975 2082 3013 mors
2109 2960 2299 3014 fratris
2344 2962 2423 3014 tui
2472 2978 2580 3015 non
2609 2963 3018 3027 emendaverit,
3054 2981 3218 3018 nemo
3248 2966 3347 3020 tibi
3379 2983 3511 3035 pro-

1933 3052 2092 3106 desse
2131 3053 2356 3120 poterit.
2394 3052 2451 3107 Si
2489 3066 2771 3108 mortuum
2803 3056 2998 3110 videns
3031 3073 3141 3111 non
3178 3059 3294 3113 lucc
3325 3061 3511 3114 animo

1932 3141 2339 3210 circumspicis,
2361 3142 2585 3212 quando
2609 3143 2872 3214 deinceps
2896 3149 3238 3202 converteris
3261 3149 3282 3202 ?
3307 3148 3363 3204 Si
3398 3166 3510 3203 non

1934 3231 2020 3284 his
2053 3248 2174 3300 quae
2199 3248 2349 3286 nunc
2375 3232 2640 3287 dicuntur
2671 3234 2846 3289 fueris
2876 3249 3260 3306 compunctus,
3291 3241 3510 3310 quando

1934 3340 1962 3374 a
1996 3334 2226 3392 peccato
2251 3323 2571 3379 deseisees?
2614 3325 2765 3382 llanc
2802 3328 2994 3396 igitur,
3028 3329 3253 3394 dilecti,
3290 3332 3510 3385 divino-

238 3419 488 3487 Χριστον
511 3419 875 3488 προλαϐόντες
905 3419 1060 3489 ἡμῶν
1091 3419 1309 3488 ἀδελφοὶ
1334 3421 1465 3489 ἡμῖν
1489 3421 1826 3492 παρέθηκαν.

1936 3427 2057 3464 rum
2089 3428 2403 3466 sermonum
2428 3414 2842 3472 observantiam
2864 3415 3061 3472 fratres
3090 3420 3287 3484 nostri,
3315 3420 3408 3490 qui
3443 3422 3511 3474 ad

238 3511 432 3563 Ταῦτα
497 3509 568 3560 τα
641 3509 880 3572 ζωοποιὰ
955 3509 1228 3578 ἐδέσματα
1294 3512 1429 3579 ἡμῖν
1503 3512 1829 3580 ἡτοίμασαν.

236 3599 454 3652 Τοῦτον
495 3600 626 3666 ἡμῖν
677 3599 768 3650 τὸν
818 3601 918 3668 τῆς
951 3597 1304 3660 διδασκαλίας
1340 3594 1482 3652 οἶνον
1533 3600 1826 3668 ἐκέρασαν,

236 3692 390 3750 ὅπως
419 3689 594 3740 ταῦτα
644 3688 978 3756 μελετῶντες
1011 3692 1071 3742 ἐν
1111 3690 1285 3752 νυκτὶ,
1329 3692 1387 3742 ἐν
1416 3689 1620 3760 ἡμέρα,
1648 3693 1704 3744 ἐν
1733 3693 1830 3744 ἐκ·

237 3779 470 3850 κλησίᾳ,
508 3782 566 3831 ἐν
601 3782 790 3842 οἴκοις,
818 3781 909 3831 ἐπὶ
942 3780 1244 3851 τραπέζης,
1300 3782 1357 3833 ἐν
1405 3781 1636 3847 κλίναις,
1667 3783 1829 3854 δυνη-

238 3871 458 3938 σόμεθα
513 3870 611 3937 τῆς
666 3871 909 3938 πονηρᾶς
954 3871 1048 3922 καὶ
1109 3869 1340 3938 ματαίας
1386 3868 1676 3937 συνηθείας
1733 3871 1826 3922 καὶ

235 3961 508 4030 ἀμελείας
537 3961 864 4029 ἀποστῆναι,
900 3961 995 4013 καὶ
1031 3959 1130 4030 τὴν
1164 3961 1342 4030 ψυχὴν
1371 3961 1529 4030 ἡμῶν
1568 3961 1823 4029 ἐπιστρέ-

232 4053 334 4119 ψαι
378 4051 481 4104 καὶ
532 4054 667 4120 πρὸς
700 4051 1010 4120 μετάνοιαν,
1041 4053 1145 4105 κᾶν
1189 4052 1296 4105 ἀπὸ
1329 4051 1423 4104 τοῦ
1456 4051 1573 4117 νῦν,
1622 4052 1822 4116 κλίναι,

234 4145 331 4194 καὶ
362 4142 464 4192 τὸν
493 4143 768 4210 Δεσπότην
796 4143 1137 4211 δυσωπῆσαι,
1168 4144 1263 4197 καὶ
1286 4147 1384 4212 τῆς
1412 4143 1691 4212 βασιλείας
1713 4144 1822 4196 τῶν

235 4230 499 4300 οὐρανῶν
548 4231 829 4301 ἐπιτυχεῖν
860 4274 876 4298 ,
930 4235 1113 4304 χάριτι
1158 4235 1254 4286 καὶ
1304 4234 1685 4305 φιλανθρωπίᾳ
1729 4235 1823 4287 τοῦ

233 4324 455 4392 Κυρίου
491 4325 649 4392 ἡμῶν
685 4325 857 4394 Ἰησοῦ
891 4326 1156 4395 Χριστοῦ,
1189 4328 1269 4378 ὅτι
1300 4325 1449 4396 αὐτῷ
1472 4327 1672 4396 πρέπει
1698 4328 1824 4393 δόξα

235 4417 337 4467 σὺν
370 4415 460 4484 τῷ
497 4417 719 4486 ἀνάρχῳ
774 4419 947 4487 Πατρὶ
991 4419 1086 4470 κα)⁸
1139 4418 1217 4488 τῷ
1269 4419 1519 4487 ζωοποιῷ
1559 4420 1651 4472 καὶ
1681 4421 1823 4493 ἁγίῳ

235 4505 555 4572 ΙΙνεύματι,
587 4506 683 4558 νῦν
733 4509 826 4559 καὶ
870 4506 956 4562 ἀεὶ
1007 4509 1101 4562 καὶ
1132 4509 1212 4573 είς
1258 4509 1385 4573 τοὺς
1434 4508 1822 4581 ἀτελευτήτους

234 4595 449 4660 αἰῶνας
480 4596 593 4649 τῶν
627 4596 860 4653 αἰώνων.
897 4598 1094 4669 Ἀμήν.

307 4750 440 4825 (to)
480 4751 936 4818 περιεζὴσασεν.
989 4753 1153 4810 Forte
1189 4794 1203 4818 ,
1252 4754 1681 4825 περιεζήσαμεν,
1728 4766 1826 4812 aut

233 4823 449 4890 προεζή
460 4838 651 4889 σαμεν.

306 4892 393 4960 (ιι
405 4895 426 4961 )
461 4891 673 4960 Ἡμέρᾳ
703 4890 778 4960 τῇ
803 4892 1013 4962 ἡμέρᾳ.
1037 4893 1292 4953 Fortasse
1313 4897 1615 4970 scripserat
1639 4895 1823 4970 ἡμέρα

1933 3500 2213 3556 Christum
2245 3515 2664 3572 praecesserunt,
2713 3507 2810 3560 has
2849 3508 3191 3564 vivitieantes
3224 3525 3380 3565 escas
3414 3528 3512 3564 no-

1935 3593 2022 3647 bis
2071 3604 2424 3662 paraverunt.
2471 3594 2586 3650 Hoc
2615 3598 2777 3652 nobis
2810 3599 3078 3653 doctrinae
3121 3601 3310 3656 vinum
3354 3602 3510 3656 fude-

1937 3692 2086 3748 runt,
2122 3695 2182 3739 ut
2229 3685 2344 3739 ha:c
2388 3686 2742 3754 meditantes,
2779 3699 2960 3754 nocte,
3002 3688 3114 3754 die,
3160 3691 3213 3743 in
3246 3691 3505 3754 ecclesia,

1936 3776 1990 3830 in
2031 3776 2215 3840 duino,
2263 3777 2333 3832 ad
2378 3793 2648 3844 mensam,
2703 3780 2760 3834 in
2810 3780 2954 3836 lecto
3004 3799 3197 3852 pravas
3232 3783 3508 3852 possimus

1935 3882 2216 3936 vanasquc
2268 3871 2705 3926 consuetudines
2751 3881 2808 3926 et
2836 3873 3201 3943 negligentias
3246 3875 3504 3944 abjieere,

1934 3960 2286 4029 animamque
2335 3974 2580 4016 nostram
2634 3974 2990 4029 convertere,
3028 3973 3082 4018 et
3131 3966 3199 4020 ad
3234 3968 3507 4036 puzniten-

1936 4050 2089 4115 tiam,
2134 4053 2300 4105 etiam
2345 4068 2515 4116 nunc,
2569 4054 2837 4108 inclinare
2870 4066 2925 4110 et
2962 4065 3255 4126 tyrannum
3290 4058 3504 4126 pudore

1928 4141 2286 4205 confundere,
2333 4151 2390 4198 et
2450 4144 2517 4198 ad
2574 4160 2804 4215 regnum
2860 4149 3124 4202 curlorum
3177 4150 3501 4217 pervenire,

1928 4235 2100 4302 gratia
2134 4243 2189 4287 et
2233 4235 2572 4290 humanitate
2622 4238 2838 4292 Domini
2893 4241 3064 4293 nostri
3115 4241 3241 4296 Jesu
3274 4240 3503 4303 Christi,

1928 4341 2090 4395 quem
2119 4328 2276 4382 decet
2311 4329 2486 4398 gloria
2516 4347 2640 4384 eum
2675 4342 2881 4386 mterno
2917 4335 3073 4388 Patre
3104 4344 3160 4386 et
3190 4334 3501 4387 viviﬁcante

1927 4427 2116 4471 sancto
2145 4419 2377 4488 Spiritu,
2415 4437 2565 4476 nunc
2591 4432 2646 4477 et
2679 4439 2920 4494 semper,
2967 4434 3023 4479 et
3058 4425 3114 4479 in
3150 4424 3364 4479 infinita
3399 4439 3498 4480 sae-

1925 4509 2047 4562 eula
2081 4511 2432 4565 seculorum.
2460 4514 2654 4566 Amen.

1926 4757 2232 4834 και-ᾑμέρα
2265 4768 2327 4813 ιιι
2369 4768 2454 4814 est
2482 4776 2517 4834 ιι
2542 4759 2668 4816 Cor.
2706 4777 2779 4823 IV,
2811 4762 2908 4834 A16,
2937 4771 2992 4818 et
3024 4764 3162 4834 psal.
3205 4779 3363 4821 uni.
3408 4769 3493 4820 19.

1997 4827 2108 4899 (42)
2151 4829 2243 4893 Ὠς
2271 4832 2592 4899 στρουθίον
2616 4835 2733 4889 ὑπὸ
2769 4827 3040 4900 ἱέρακοςῖ
3055 4835 3123 4891 Et
3153 4833 3271 4892 haec
3309 4837 3498 4892 simili-

1926 4897 2058 4954 tudo
2098 4899 2296 4969 placet.
