4190 6438
724 341 863 407 ῙΞζιῖι

1924 376 1979 432 S.
2023 378 2415 438 ANAS'I'ASII
2459 385 2783 445 SINAI'I';E

756 560 3809 621 mm

792 575 2298 619 w—

2301 610 3830 637 Ἥ

3855 399 4001 460 1204

3838 629 3981 638 ___-

1829 776 2518 870 ΛΝΛΣΤΛΣΙΟΥ
2594 789 2862 875 ΛΒΒΛ

1131 978 1918 1121 ΔΙΑΛΕΞΙΣ
2002 993 2462 1129 ΚΑΤΑ
2565 1005 3370 1140 ΙΟΥΔΑΙΩΝ
3453 1005 3533 1079 ‘”

1751 1419 2362 1518 ANASTASII
2469 1432 2958 1528 ABBATIS

979 1653 1816 1784 ADVERSUS
1929 1663 2570 1796 JUD/EOS
2689 1677 3695 1821 DISPUTATIO.

1674 1921 1834 1987 (Aug.
1882 1921 2005 1986 MAI,
2043 1923 2235 1994 διν-’ἱρή
2284 1929 2389 1983 I'ct.
2423 1933 2624 1986 col/ert.
2663 1937 2770 2000 VII,
2807 1955 2860 2007 p.
2891 1942 3040 2010 207.)

779 2244 1128 2297 Christianus
1165 2256 1291 2299 ante
1339 2248 1522 2301 omnia
1573 2249 1823 2306 Judaeum
1877 2255 2237 2326 interrogabit
2269 2278 2281 2314 :
2313 2269 2360 2324 Α

707 2339 947 2390 ιὶιιι·ιι;ιιιι
976 2340 1138 2391 audis
1170 2340 1395 2394 Judarus
1424 2353 1479 2395 ct
1507 2344 1772 2401 llebrmus
1808 2359 1864 2403 et
1903 2351 2188 2409 Israelita?
2229 2365 2285 2412 et

708 2448 956 2496 qu:euam
994 2443 1076 2484 est
1109 2433 1304 2486 horum
1347 2435 1512 2488 trium
1545 2441 1829 2493 nominum
1869 2445 2289 2513 interpretatio?

710 2523 775 2573 rit
818 2526 1038 2589 quando
1084 2524 1306 2578 JlltlsL‘llS
1357 2529 1713 2595 responderit
1759 2549 1772 2583 :
1817 2532 2032 2589 Ile-brari
2086 2554 2288 2594 nomen

708 2615 851 2666 dueo
891 2615 960 2666 ab
993 2616 1324 2680 Abrahamo,
1359 2621 1530 2674 .ludiei
1573 2639 1602 2674 a
1633 2623 1794 2684 Juda.
1849 2626 2093 2682 Israelita
2125 2647 2290 2686 vocor

708 2723 774 2758 ex
826 2723 936 2772 quo
970 2709 1141 2760 Jacoh
1191 2725 1219 2761 a
1248 2711 1374 2773 ,Iieo
1410 2724 1640 2766 vocatus
1687 2724 1771 2769 est
1832 2719 1997 2773 Israel
2033 2723 2125 2774 die
2186 2725 2235 2777 ei
2271 2741 2283 2776 :

709 2799 826 2849 Non
868 2800 972 2852 hoc
1004 2802 1188 2869 rogavi
1221 2812 1293 2862 te,
1320 2806 1416 2856 sed
1457 2817 1514 2859 ut
1538 2808 1669 2860 mihi
1707 2809 1920 2865 indices
1951 2815 2085 2882 quid
2120 2816 2292 2886 signi-

713 2892 837 2942 ticet
888 2893 1109 2946 Jud.eus
1167 2904 1223 2948 et
1264 2895 1529 2953 Hebraeus
1573 2909 1627 2953 ct
1671 2901 1937 2957 Israelita.
1981 2906 2138 2969 Quod
2194 2909 2290 2963 ubi

709 2984 990 3049 explicare
1025 2989 1270 3054 potuerit
1293 3031 1306 3052 ,
1333 2990 1384 3042 ei
1419 2990 1572 3045 dices
1608 3010 1619 3046 :
1657 2994 1955 3063 Propterea
1987 2998 2161 3053 Judaai
2187 3017 2289 3055 no-

713 3092 836 3127 men
879 3087 1075 3131 nactus
1110 3096 1190 3138 es.
1217 3093 1272 3134 et
1307 3086 1656 3150 postmodum
1695 3087 1876 3157 incipe
1909 3092 2074 3146 verba
2108 3094 2290 3150 facere

711 3167 780 3218 de
826 3171 1223 3236 prophetarum
1261 3175 1598 3229 testimoniis
1623 3217 1637 3237 ,
1670 3195 1907 3246 quorum
1944 3185 2111 3251 paulo
2147 3185 2290 3240 infra

712 3259 1052 3312 mentionem
1092 3261 1422 3330 injicieinus.
1469 3265 1523 3317 Si
1565 3282 1695 3320 vero
1734 3270 2013 3335 explicare
2045 3286 2154 3324 non
2190 3288 2290 3340 po-

714 3351 904 3410 tuerit,
950 3351 1061 3404 noli
1100 3355 1343 3421 amplius
1389 3371 1514 3408 cum
1544 3373 1613 3410 c0
1649 3358 1916 3427 colloqui,
1949 3362 2044 3414 sed
2086 3363 2240 3416 dicas
2275 3381 2288 3419 :

709 3439 835 3500 Alii,
864 3441 1014 3494 disce
1053 3445 1296 3498 nominis
1326 3446 1808 3515 significationem,
1845 3462 1903 3505 et
1935 3461 2065 3507 tunc
2101 3470 2292 3508 rever-

713 3541 828 3585 tere
859 3533 1008 3587 utde
1041 3535 1148 3589 lide
1195 3546 1285 3590 tua
1333 3539 1647 3607 loquamur.
1689 3543 1808 3597 Jam
1851 3545 2017 3598 trium
2070 3547 2289 3602 illorum

712 3626 999 3680 nominum
1046 3629 1161 3683 lucc
1205 3640 1290 3684 est
1338 3632 1727 3701 interpretatio
1760 3653 1773 3690 :
1809 3637 2075 3694 Ichrmus
2112 3641 2288 3710 signi-

713 3719 838 3771 ticat
898 3723 1237 3775 trunsitorem
1277 3737 1373 3778 seu
1406 3728 1777 3795 trujicientem,
1810 3732 1938 3800 quia
1993 3733 2288 3789 Iordanem

712 3819 770 3863 et
815 3826 966 3864 mare
1006 3814 1250 3882 trajecit.
1305 3816 1530 3872 Judzeus
1571 3819 1974 3890 interpretatur
2011 3826 2286 3894 confessio.

715 3903 959 3957 Israelita
1007 3909 1310 3974 exponitur
1357 3927 1502 3962 mens
1553 3910 1721 3965 Deum
1759 3916 1975 3981 videns,
2015 3917 2290 3985 siquidem

714 3993 793 4045 illi
828 3995 1136 4064 (lsraelilm)
1169 4008 1300 4052 ante
1333 4013 1525 4055 omnes
1554 4003 1789 4070 populos
1820 4005 1992 4062 Deum
2015 4021 2292 4077 cognove-

714 4096 864 4140 runt.
886 4087 1167 4144 Abraham.
1183 4107 1406 4160 quoque
1427 4093 1824 4162 interpretatur
1849 4101 2128 4164 transitor,
2154 4116 2293 4168 quo-

713 4177 861 4229 niam
891 4195 921 4233 c
969 4179 1359 4247 Mesopotamia
1407 4184 1700 4239 discedens
1726 4187 2020 4242 Jordanem
2048 4192 2288 4246 transiit.

712 4270 1016 4325 Jerusalem
1071 4275 1342 4342 signiﬁcat
1390 4281 1535 4346 pacis
1589 4281 1880 4342 visionem.
1934 4292 1991 4337 et
2047 4284 2288 4340 Sabaoth

717 4362 861 4415 idem
894 4371 979 4419 est
1014 4380 1078 4418 ac
1112 4366 1448 4433 paciﬁcator,
1479 4373 1801 4424 exercituum
1833 4372 2110 4428 Dominus.
2137 4376 2292 4431 Mons

714 4457 843 4510 Sina
900 4457 1300 4525 interpretatur
1342 4478 1491 4513 mons
1553 4463 1714 4526 rubi,
1770 4471 1826 4517 et
1882 4463 2053 4530 Sina,
2103 4469 2287 4523 rubus.

713 4547 892 4600 Moses
935 4559 1142 4612 autem,
1175 4549 1376 4616 ﬁscella
1408 4551 1750 4622 zEgyptiaca,
1782 4573 1923 4625 aqua
1964 4569 2021 4611 et
2059 4559 2286 4629 lignum,

715 4641 994 4706 siquidem
1044 4643 1099 4695 in
1140 4659 1282 4711 aqua
1317 4657 1572 4712 repertus
1613 4657 1700 4700 est
1749 4648 1803 4701 iu
1836 4649 2042 4704 ﬁscella
2083 4652 2286 4720 lignea.

715 4737 896 4785 Aaron
928 4734 1327 4804 interpretatur
1363 4746 1648 4791 montanus
1669 4780 1682 4801 ,
1716 4739 1897 4794 Selem
1927 4750 2114 4795 autem
2143 4743 2286 4797 locus

721 4826 833 4876 Dei.
856 4826 1056 4878 llaithu
1076 4827 1496 4896 interpretatur,
1521 4828 1922 4884 Saracenorum
1951 4833 2155 4902 lingua,
2182 4838 2288 4889 vidi

2315 2115 2384 2124 μ...-

2472 2266 2529 2319 ’0
2564 2269 2884 2339 Χριστιανὸς
2929 2274 3036 2344 πρὸ
3067 2278 3283 2332 πάντων
3324 2280 3480 2335 τοῦτο
3516 2285 3658 2339 θέλει
3699 2290 3978 2361 ἐρωτῆσαι

2387 2359 2478 2411 τὸν
2512 2361 2762 2416 Ἰουδαῖον
2787 2378 2799 2392 ’
2851 2366 2948 2418 Διὰ
2981 2367 3031 2419 τί
3063 2369 3286 2434 ἀκούεις
3320 2374 3570 2440 Ἰουδαῖος
3602 2380 3694 2432 καὶ
3725 2382 3977 2452 Ἐϐραῖος

2389 2449 2484 2500 καὶ
2511 2451 2887 2523 Ἰσραηλίτηςς
2918 2458 3014 2509 καὶ
3041 2461 3124 2522 τίς
3151 2463 3301 2515 ἐστιν
3330 2467 3360 2533 η
3389 2467 3657 2535 ἑρμηνεία
3683 2473 3792 2524 τῶν
3810 2478 3979 2545 τριῶν

2388 2542 2703 2612 ὀνομάτων;
2747 2549 2856 2600 Καὶ
2884 2551 3014 2602 ὅταν
3045 2554 3316 2625 ἀποκριθῇ
3349 2557 3377 2608 ὁ
3404 2560 3658 2622 Ἰουδαῖος
3678 2580 3692 2594 ·
3728 2542 3977 2635 Ἐϐραῖος

2393 2635 2493 2701 μὲν
2515 2636 2698 2689 ἀκούω
2727 2639 2790 2691 ἐκ
2813 2641 2906 2694 τοῦ
2924 2643 3202 2713 Ἁϐραάμ,
3224 2649 3474 2712 Ἰουδαῖος
3500 2653 3553 2704 δὲ
3583 2657 3643 2706 ἐκ
3667 2657 3763 2708 τοῦ
3781 2659 3974 2721 Ἰούδα.

2389 2725 2731 2797 Ἰσραηλέτης
2775 2731 2831 2783 δὲ
2882 2734 2946 2785 ἐκ
2991 2734 3083 2788 τοῦ
3128 2738 3396 2808 κληθῆναι
3427 2745 3517 2796 τὸν
3553 2748 3749 2800 Ἰακὼὸ
3788 2753 3855 2805 ἑκ
3879 2754 3974 2806 τοῦ

2390 2817 2526 2871 Θεοῦ
2563 2821 2780 2890 Ἰσραὴλ
2804 2863 2820 2886 ,
2878 2826 3001 2877 εἰπέ
3035 2829 3211 2896 αὐτῷ·
3250 2832 3363 2884 Οὐκ
3392 2834 3656 2904 ἠρώτησά
3687 2856 3746 2890 σε
3777 2839 3974 2906 οὔτιν’,

2391 2909 2518 2960 ἀλλ’
2574 2911 2660 2963 ἵνα
2715 2930 2804 2980 μοι
2851 2915 3014 2985 εἴπῃς
3061 2920 3113 2969 τί
3157 2921 3518 2990 ἑρμηνεύεται
3566 2928 3818 2992 Ἰουδαῖος
3882 2933 3976 2984 καὶ

2403 2998 2652 3068 Ἐϐραῖος
2683 3003 2776 3055 καὶ
2808 3004 3171 3075 Ἰσραηλίτης.
3211 3011 3270 3061 Εἰ
3308 3012 3407 3079 μὲν
3437 3013 3586 3082 εὖροι
3616 3019 3813 3082 ε-ῑπεῖν,
3851 3021 3974 3072 εἰπὲ

2392 3089 2541 3157 αύτῷ
2566 3105 2580 3119 ο
2633 3090 2734 3142 Διὰ
2779 3093 2937 3145 τοῦτο
2958 3096 3213 3157 Ἰουδαῖός
3243 3100 3360 3152 ἐστι
3394 3103 3453 3153 τὸ
3484 3104 3654 3173 ὄνομα
3680 3123 3775 3159 σου
3803 3125 3817 3138 ⁸
3879 3111 3973 3161 καὶ

2393 3174 2491 3231 εἷθ’
2534 3179 2707 3243 οὕτως
2746 3185 2989 3255 ἄπαρξον
3030 3188 3097 3239 τὰ
3131 3189 3391 3257 μέλλοντα
3439 3195 3684 3249 κάτωθεν
3716 3197 3975 3267 λεχθῆναι

2394 3273 2504 3323 ἀπὸ
2534 3273 2641 3326 τῶν
2672 3278 2989 3345 μαρτυριῶν
3023 3279 3132 3330 τῶν
3163 3286 3480 3352 προφητῶν.
3530 3287 3591 3338 Εἰ
3621 3288 3676 3339 δὲ
3714 3290 3790 3358 μὴ
3822 3291 3973 3360 εὖροι

2393 3364 2604 3428 εἰπεῖν,
2660 3367 2736 3433 μὴ
2785 3368 3021 3438 λαλήσης
3068 3372 3215 3440 αύτῷ
3265 3374 3439 3442 ῥῆμα,
3482 3376 3595 3434 ἀλλ’
3629 3380 3754 3430 εἰπὲ
3786 3382 3973 3451 αὐτῷ’

2396 3454 2635 3523 ”Υπαγε,
2693 3459 2999 3526 μαθητεύου
3045 3464 3099 3514 τί
3141 3465 3301 3517 καλεῖ
3333 3484 3413 3530 σε,
3450 3469 3546 3520 καὶ
3575 3470 3695 3523 τότε
3726 3473 3848 3527 ἐλθὲ
3881 3476 3976 3528 καὶ

2393 3544 2540 3597 λαλῶ
2599 3548 2736 3614 μετά
2785 3549 2881 3602 σοῦ
2935 3553 3065 3621 περὶ
3109 3555 3208 3622 τῆς
3255 3556 3494 3622 πίστεώς
3542 3577 3661 3615 σου.
3717 3564 3876 3616 Ἐστι
3921 3566 3976 3618 δὲ

2392 3638 2424 3706 ή
2471 3640 2736 3708 ἑρμηνεία
2783 3641 2891 3694 τῶν
2938 3645 3108 3714 τριῶν
3153 3647 3430 3716 ὀνομάτων
3479 3651 3619 3721 αὕτη
3654 3669 3668 3682 ·
3727 3655 3977 3726 Ἐὁραῖος

2393 3729 2754 3798 ἑρμηνεύεται
2810 3734 3112 3802 περάτης,
3170 3740 3426 3793 τουτέστι
3480 3743 3791 3810 διαόάτης,
3842 3748 3977 3802 διότι

2394 3818 2632 3888 ἐπέρασε
2670 3819 2763 3872 τὸν
2800 3819 3076 3892 Ἰορδάνην
3118 3827 3212 3877 καὶ
3252 3829 3351 3898 τὴν
3388 3830 3689 3887 θάλασσαν.
3719 3834 3977 3902 Ἰουδαῖος

2395 3911 2758 3981 ἑρμηνεύεται
2787 3914 3248 3985 ἐξομολόγησις.
3285 3919 3634 3994 Ἰσραηλίτης
3667 3925 3977 3995 ἑρμηνεύε-

2393 4021 2483 4056 ται
2531 4005 2679 4068 νοῦς
2725 4005 2880 4070 ὀρῶν
2911 4007 3021 4059 τὸν
3072 4011 3221 4062 Θεὸν
3243 4052 3257 4076 ,
3299 4013 3490 4082 ἐπειδὴ
3522 4015 3677 4067 αὐτοὶ
3710 4018 3815 4087 πρὸ
3839 4021 3978 4076 ὅλων

2392 4096 2501 4148 τῶν
2551 4097 2722 4148 ἐθνῶν
2775 4097 2867 4150 τὸν
2917 4099 3055 4152 Θεὸν
3102 4101 3429 4172 ἐγνώρισαν.
3484 4107 3594 4159 Καὶ
3630 4107 3886 4179 Ἀϐραὰμ
3923 4113 3978 4166 δὲ

2394 4189 2654 4256 περάτης
2676 4191 3057 4261 ἑρμηνεύεται,
3091 4195 3278 4264 ἐπειδὴ
3300 4197 3570 4266 ἐπέρασεν
3588 4201 3698 4256 ἀπὸ
3719 4203 3978 4257 Maso-nos

2393 4280 2598 4347 ταμίας
2671 4280 2765 4332 τὸν
2821 4282 3112 4352 Ἰορδάνην.
3185 4284 3547 4355 Ἰερουσαλὴμ
3607 4290 3977 4360 ἑρμηνεύεται

2394 4368 2605 4435 ὅρασις
2650 4368 2930 4436 εἰρήνης,
2981 4374 3076 4426 καὶ
3119 4374 3346 4428 Σαϐαὼθ
3395 4379 3759 4446 ἑρμηνεύεται
3802 4386 3979 4452 ειρη-

2391 4461 2634 4527 νε·υτὴς,
2655 4464 2873 4528 Κύριος
2893 4463 3209 4531 στρατιῶν.
3242 4469 3406 4536 Ὄρος
3434 4468 3492 4520 τὸ
3516 4469 3644 4522 Σινὰ
3670 4472 3976 4542 ἑρμηνεύε-

2390 4567 2481 4603 ται
2517 4551 2653 4618 ὄρος
2694 4552 2912 4616 βάτου.
2967 4554 3097 4607 Σινὰ
3152 4557 3514 4628 ἑρμηνεύεται
3541 4561 3752 4627 βάτος.
3803 4567 3975 4619 Μωῡο

2394 4644 2490 4711 σῆς
2520 4643 2576 4694 δὲ
2609 4644 2980 4711 Αἰγυπτιακὴ
3012 4648 3166 4713 θίϐη,
3204 4648 3382 4716 ὕδωρ,
3416 4652 3510 4703 καὶ
3539 4652 3750 4718 ξύλον,
3783 4657 3974 4728 ἐπειδὴ

2392 4737 2471 4796 ei;
2500 4734 2560 4786 τὸ
2578 4734 2722 4805 ὕδωρ
2739 4735 2940 4804 εὑρέθη
2969 4738 3025 4789 ἐν
3053 4737 3228 4808 ξιλίνῃ
3256 4738 3402 4810 Θὶϐῃ.
3431 4743 3647 4813 Ἀαρὼν
3671 4746 3975 4817 ἑρμηνεύε-

2391 4841 2481 4876 ται
2512 4825 2760 4891 ὀρεινός.
2796 4824 2978 4895 Σελὴμ
3009 4828 3374 4898 ἑρμηνεύεται
3401 4832 3583 4898 τόπος
3611 4836 3781 4889 Θεοῦ.
3829 4839 3978 4892 Ῥαῖ-

714 4933 854 4967 eum.
891 4916 1151 4978 Joannes,
1204 4920 1256 4970 in
1297 4936 1400 4986 quo
1430 4931 1501 4973 est
1555 4923 1728 4989 gratia
1757 4963 1770 4985 ,
1801 4931 1858 4975 ct.
1900 4923 2123 4977 Domino
2165 4927 2286 4978 obc-

2393 4915 2486 4968 Οοῠ
2535 4915 2896 4985 ἑρμηνεύεται
2925 4919 3318 4990 Σαρακηνιστὶ,
3358 4917 3525 4975 εἶδον
3562 4927 3770 4980 αὐτόν.
3797 4929 3979 4982 Ἰωάνα

712 5009 883 5068 cliens,
931 5009 1206 5076 siquidem
1249 5011 1364 5078 ipse
1396 5028 1734 5079 przeeurrcrc
1778 5023 1945 5083 atque
1993 5017 2287 5072 Dominum

713 5102 1046 5153 aununliare
1085 5102 1342 5155 debebat.
1381 5105 1540 5156 Jesus
1577 5105 1978 5172 interpretatur
2016 5106 2286 5163 Salvator.

713 5191 1028 5250 Bethleem,
1079 5193 1262 5245 domus
1297 5195 1448 5259 panis
1472 5235 1487 5254 ,
1522 5195 1794 5262 siquidem
1850 5197 1962 5250 illic
2009 5208 2175 5252 natus
2207 5209 2291 5253 est

718 5285 875 5351 panis
902 5286 1164 5343 itmlestis.
1189 5287 1443 5342 Christus
1463 5289 1728 5341 Dominus
1764 5301 1968 5343 noster.
1993 5291 2283 5353 Iordanes,

717 5377 1079 5428 condesci'nsio
1117 5380 1250 5446 ejus,
1289 5381 1550 5445 quoniam
1586 5380 1878 5434 descendit
1916 5381 2204 5446 Dominus,
2233 5393 2289 5436 et

720 5469 1031 5537 baptizatus
1082 5480 1166 5524 est
1215 5471 1332 5538 ipse
1377 5471 1663 5537 Christus,
1693 5472 1864 5526 Filius
1897 5473 1992 5527 Dci
2029 5476 2287 5538 viventis,

797 5653 872 5710 (Il
905 5655 1016 5706 ll'w.
1050 5655 1319 5709 Anastasii
1344 5657 1566 5708 Abbatis
1593 5654 2138 5734 opusculumLatine
2166 5666 2286 5734 tau—

731 5727 1031 5782 tuuiiuolo,
1069 5727 1364 5790 etquidem
1413 5729 1623 5794 aliquot
1670 5727 1880 5805 paginis
1920 5728 2089 5805 initio
2122 5739 2286 5805 ututi-

729 5800 861 5859 ῑιιιιι,
885 5797 1080 5861 passim
1100 5797 1319 5863 insuper
1343 5799 1521 5858 hians,
1548 5799 1816 5856 exstabat,
1845 5797 1896 5850 Ι’.
1920 5797 2189 5848 Τιιιϊίειιιυ
2209 5797 2288 5849 in«

2396 5028 2493 5080 νης
2511 5011 2896 5080 ἑρμηνεύεται,
2921 5011 2990 5064 ἐν
3012 5006 3060 5078 ᾧ
3086 5013 3122 5077 ἡ
3144 5012 3334 5081 χάρις,
3358 5016 3452 5068 καὶ
3472 5020 3668 5087 Κυρίῳ
3690 5020 3974 5090 ἐπήκοος,

2399 5103 2583 5173 ἐπειδὴ
2624 5103 2786 5165 αὐτὸς
2822 5103 3015 5171 ἔμελλε
3052 5106 3373 5174 προτρέχειν
3423 5111 3518 5162 καὶ
3554 5112 3857 5181 κηρύσσειν
3889 5117 3979 5169 τὸν

2397 5198 2621 5266 Κύριον.
2648 5195 2855 5264 Ἰησοῦς
2879 5196 3245 5266 ἑρμηνεύεται
3272 5200 3497 5268 σωτήρ.
3519 5201 3789 5271 Βηθλεὲμ,
3811 5202 3980 5272 οἶκος

2396 5289 2601 5355 ἄρτου,
2624 5289 2814 5356 ἐπειδὴ
2842 5290 2957 5340 ἐκεῖ
2981 5289 3214 5358 ἐγενήθη
3239 5292 3266 5342 ὀ
3287 5291 3535 5360 οὐράνιος
3555 5295 3720 5358 ἄρτος
3737 5297 3978 5365 Χριστὸς

2394 5381 2422 5432 ὁ
2473 5381 2678 5449 Κύριος
2727 5380 2906 5450 ήμῶν.
2954 5381 3227 5450 Ἰορδάνης
3274 5383 3728 5451 συηατάϐασις
3758 5390 3973 5452 αὐτοῦ,

2398 5472 2584 5542 ἐπειδὴ
2630 5472 2897 5540 κατῆλθεν
2943 5473 2971 5525 ὁ
3015 5471 3255 5543 Κύριος,
3315 5475 3412 5527 καὶ
3455 5477 3761 5549 ἐϐαπτίσθη
3808 5482 3974 5543 αὐτὸς

2400 5665 2637 5719 terprete
2667 5655 2809 5720 apud
2833 5654 3112 5709 Canisium
3152 5654 3327 5723 antiq.
3367 5655 3494 5709 lect.
3527 5663 3564 5708 t.
3607 5655 3670 5716 Il,
3709 5668 3852 5724 part.
3890 5675 3968 5713 iit.

2397 5743 2447 5792 p.
2482 5726 2564 5776 I22.
2597 5726 2684 5777 eil.
2717 5726 2983 5789 llasuagii.
3043 5726 3198 5776 Nune
3230 5727 3450 5801 demum
3511 5726 3734 5780 (irati-us
3789 5738 3974 5784 tutus

2396 5798 2572 5848 lttt't‘lll
2607 5798 2793 5861 aspicit
2823 5834 2834 5859 ,
2865 5811 2986 5847 eum
3020 5798 3473 5860 interpretatione
3525 5812 3680 5848 noxa.
