4190 6438
228 418 369 482 1205

993 523 1123 544 ,νο

1248 415 1702 479 DlSPUTATIO
1734 412 2133 475 ADVERSUS
2176 413 2509 477 JUD/EOS.

3364 413 3502 483 15306

222 529 254 578 6
279 524 522 595 Χριστὸς
553 525 581 579 6
606 525 739 588 Υίέις
769 523 863 578 τοῦ
887 523 1022 578 Θεοῦ
1054 524 1288 591 ζῶντος,
1329 523 1672 597 Χριστιανῶν
1708 540 1810 575 σω-

1915 524 2359 583 Christianorum
2391 529 2890 595 salus,.iuda:orum
2917 541 2983 584 ac
3006 528 3296 599 gentilium
3327 531 3505 586 disso-

222 621 428 690 τ-ηρία,
470 620 745 675 Ἰουδαίων
771 636 833 673 τε
874 620 970 673 καὶ
1006 618 1275 689 Ἐλλήνων
1303 618 1623 682 κατάλυσις,
1660 614 1814 669 εἰδώ-

223 712 336 764 λων
373 712 719 783 καθαίρεσις.

298 801 440 856 Εἶτα
481 805 620 874 μετά
650 803 711 856 τὸ
734 804 1074 873 ὁμολογῆσαι
1105 801 1197 855 τὸν
1223 801 1481 855 Ἰουδαῖον
1516 800 1718 855 εἰδέναι
1746 799 1815 853 τά

224 913 365 964 προε
378 898 707 965 ρωτηϐέντα.
746 897 911 967 ἄρξον
940 897 1078 967 πρὸς
1101 897 1266 950 αὑτὸν
1295 896 1471 948 εἰπεῖν
1496 895 1690 958 οὕτως·
1710 894 1813 957 ὅτι,

225 983 299 1040 Ὦ
328 989 573 1053 Ἰουδαῖε,
608 990 751 1059 άπερ
785 1007 867 1041 σοι
899 989 1078 1059 μέλλω
1109 990 1306 1051 εἰπεῖν,
1336 989 1430 1056 οὐχ
1459 990 1623 1057 ἡμεῖς
1657 986 1815 1055 μόνον

225 1081 374 1132 αὑτά
419 1082 654 1149 λέγομεν
677 1120 693 1143 ,
745 1080 881 1133 ἀλλά
914 1080 1010 1134 καὶ
1055 1080 1112 1133 αἱ
1140 1080 1358 1149 Γραφαὶ
1392 1079 1549 1142 ὑμῶν
1581 1078 1647 1130 τά
1678 1078 1815 1131 αὑτά

229 1174 579 1243 μαρτυροῦσι
609 1175 704 1226 καὶ
731 1174 973 1240 λέγουσι.
1004 1172 1147 1242 Πρὸς
1172 1173 1296 1225 τίνα
1320 1170 1413 1224 οὖν
1440 1166 1596 1223 εἶπεν
1617 1168 1813 1231 ὁθεὸς,

232 1285 250 1316 ι
296 1267 625 1334 Ποιήσωμεν
669 1266 956 1335 ἄνθρωπον
1011 1265 1132 1318 κατ’
1179 1264 1364 1318 εἰκόνα
1400 1263 1678 1333 ἡμετέραν
1720 1261 1817 1314 καὶ

226 1357 354 1409 καθ’
386 1357 684 1424 ὀμοίωσιν;
714 1376 730 1408 ι
790 1358 903 1410 Καὶ
952 1357 1000 1409 εί
1052 1356 1150 1425 μὲν
1197 1357 1362 1419 εἴποι,
1401 1357 1481 1408 ὅτι
1516 1356 1659 1424 Πρὸς
1689 1355 1815 1415 τοὺς

225 1450 533 1517 ἀγγέλους,
585 1450 706 1503 εἰπὲ
749 1450 916 1518 αὐτῷ,
956 1449 1037 1501 ὅτι
1071 1449 1226 1510 Πῶς;
1264 1449 1374 1515 ἐγὼ
1400 1449 1509 1517 γὰρ
1540 1448 1680 1513 λέγω
1708 1463 1813 1511 σοι,

224 1545 311 1596 ὅτι
345 1544 492 1610 Πρδς
520 1542 612 1594 τὸν
645 1543 774 1595 ru»;
803 1541 961 1595 τοῦτο
988 1536 1109 1594 εἷπε
1136 1557 1149 1571 ·
1190 1542 1255 1594 σὺ
1286 1541 1344 1592 δὲ
1377 1540 1467 1592 τὸν
1493 1541 1587 1592 ἕνα
1623 1538 1697 1609 μὴ
1724 1538 1813 1591 05‘.-

223 1638 337 1690 λων
373 1636 808 1706 παραδέξασθαι,
848 1636 1076 1704 μυρίους
1107 1634 1345 1700 εἰσάγεις
1370 1650 1384 1663 ·
1438 1634 1532 1685 καὶ
1562 1634 1654 1685 τὸν
1687 1632 1816 1684 Υίὸν

224 1727 445 1778 ἀῡετῶν
471 1766 486 1789 ,
533 1726 770 1787 οἰκέταις
802 1724 864 1776 τὸ
889 1724 990 1791 τῆς
1037 1722 1348 1792 συμϐουλῆς
1387 1722 1606 1791 ἀξίωμα
1651 1739 1812 1790 περι-

230 1819 407 1887 άπτῃ·
432 1817 667 1879 καὶτοὺς
694 1815 1020 1885 ὁμοδούλους
1047 1815 1224 1884 ἡμῶν,
1258 1815 1483 1884 κυρίους
1514 1816 1687 1875 ποιεῖς
1715 1815 1813 1883 τῆς

223 1910 508 1977 ἡμετέρας
555 1908 939 1975 δημιουργίας.
995 1906 1150 1968 Εἰπὲ,
1191 1906 1311 1974 οὐχ).
1346 1907 1374 1957 6
1406 1905 1691 1973 ἄνθρωπος
1724 1924 1814 1957 τε-

221 2000 547 2068 λειούμενος
581 1999 669 2050 διὰ
696 1998 971 2061 πολιτείας
999 1997 1243 2065 ἀγαθῆς,
1289 1996 1424 2065 πρὸς
1451 1998 1550 2066 τὴν
1576 1998 1686 2049 τῶν
1711 1999 1812 2065 ἀγ-

222 2094 403 2159 γέλων
439 2092 596 2155 ἀξίαν
625 2093 919 2159 ἁνάγεται;
964 2092 1060 2143 καὶ
1092 2093 1243 2142 ποῖον
1271 2091 1667 2161 δημιούργημα
1699 2093 1814 2144 ἴσον

223 2181 373 2237 εἶναι
402 2185 482 2252 τῷ
502 2186 764 2236 κτίσαντι
790 2184 1042 2247 δύναται;
1076 2182 1275 2235 Σκόπει
1300 2184 1356 2235 δὲ
1387 2184 1481 2235 καὶ
1504 2182 1571 2235 τὰ
1593 2183 1813 2251 ἐφεξῆς,

232 2296 252 2328 ι
294 2276 431 2330 Κατ’
461 2276 645 2328 εἰκόνα
694 2275 993 2344 ἡμετέραν.
1028 2294 1045 2326 ι
1108 2274 1172 2326 Τί
1218 2275 1397 2341 λέγεις
1444 2274 1579 2343 πρὸς
1621 2274 1811 2340 τοῦτο;

222 2370 318 2438 Μὴ
346 2368 513 2420 εἰκὼν
534 2369 632 2437 μία
646 2367 781 2419 Θεοῦ
802 2369 894 2420 καὶ
920 2367 1201 2434 ἀγγέλων;
1231 2365 1595 2434 ()ὺδαμῶς.“Π
1623 2368 1683 2418 οὐ
1714 2367 1813 2433 μὲν

220 2463 341 2530 γάρ
401 2460 496 2511 καὶ
551 2459 763 2526 Πατρὸς
821 2461 971 2511 πᾶσα
1026 2459 1242 2527 ἀνάγκη
1306 2460 1405 2527 τὴν
1454 2458 1624 2528 αὐτὴν
1672 2458 1814 2509 εἶναι

225 2556 473 2620 μορςσὴν,
510 2551 832 2621 θεοπρεπῶς
862 2551 1105 2619 δηλονότι
1133 2550 1230 2618 τῆς
1259 2550 1474 2619 μορφῆς
1494 2549 1812 2618 νοουμένης,

220 2642 327 2694 οὐκ
384 2644 445 2693 ἐν
494 2643 732 2711 σχήματι
777 2638 1118 2709 σωματικῷ,
1176 2639 1290 2695 ἀλλ’
1334 2640 1393 2691 ἐν
1441 2640 1519 2705 τῷ
1562 2638 1813 2708 ἰδιώματι

220 2734 326 2802 τῆς
378 2734 673 2803 οεότητος;
713 2734 912 2786 Ἄκουε
954 2733 1013 2785 δὲ
1061 2732 1113 2784 τί
1157 2732 1344 2796 λέγει,
1402 2749 1419 2781 ι
1462 2730 1596 2783 Κατ’
1629 2731 1815 2781 εἰκόνα

221 2823 563 2891 ἡμετέραν.»
601 2822 721 2874 Τίνι
748 2823 893 2892 ἄλλῳ
923 2839 987 2890 γε
1016 2823 1048 2892 ῆ
1080 2822 1160 2890 τῷ
1186 2823 1587 2890 ἀπαυγάσματι
1613 2821 1708 2889 τῆς
1730 2820 1814 2871 δό-

224 2912 351 2980 ξης,
388 2913 482 2965 καὶ
516 2913 827 2982 χαρακτῆρι
856 2912 954 2978 τῆς
985 2912 1338 2973 ὑποστάσεως
1367 2910 1555 2974 αὑτοῦ,
1590 2910 1668 2981 τῷ
1699 2909 1813 2979 Υίῷ

224 3004 328 3056 καὶ
357 3006 519 3073 Λόγῳ
550 3005 746 3068 αὐτοῦ,
786 3006 843 3067 ὃς
874 3006 1023 3057 ἐστιν
1054 3003 1219 3057 εἰκὼν
1253 3003 1347 3057 τοῦ
1380 3004 1611 3073 ἀοράτου
1641 3002 1813 3067 Θεοῦ;

226 3094 310 3163 Τῇ
340 3094 448 3162 ἰδία
462 3093 640 3146 τοίνυν
667 3094 836 3146 είκόνι
856 3096 922 3164 τῇ
947 3094 1199 3164 cibumcf}
1221 3094 1453 3164 εἱπούσῃ
1473 3109 1486 3121 ·
1517 3112 1535 3142 ι
1558 3091 1701 3159 Ἐγὼ
1723 3093 1814 3144 καὶ

1919 618 2081 685 lutio,
2110 619 2389 674 idolorum
2420 618 2671 674 abolitio.

1990 798 2111 853 Jam
2136 812 2291 861 vero,
2320 798 2416 854 ubi
2444 796 2670 855 Judmus
2697 795 2764 852 iis
2796 812 2919 867 qna:
2949 796 3120 852 modo
3154 796 3299 851 dicta
3335 807 3462 850 sunt
3482 839 3497 861 ,

1918 892 2299 955 consenserit,
2354 890 2502 945 hunc
2558 891 2613 944 ie
2667 890 2896 943 modum
2959 903 3086 942 eum
3149 889 3495 957 alloqnaris:

1916 986 2049 1051 Qum
2082 985 2204 1047 tibi,
2237 1000 2270 1036 o
2312 983 2518 1047 .ludate,
2551 983 2807 1037 dietuvus
2857 998 2979 1035 smn
3004 1022 3016 1043 .
3049 997 3113 1036 ea
3159 998 3267 1035 non
3320 983 3498 1036 solum

1918 1094 2019 1130 nos
2066 1076 2403 1137 asserimus,
2453 1075 2551 1127 sed
2587 1076 2752 1129 etiam
2805 1076 2979 1129 vestri
3019 1074 3171 1128 Libri
3224 1083 3500 1128 testantur

1917 1178 2082 1237 atque
2129 1176 2407 1222 asserunt.
2468 1168 2550 1221 Ad
2589 1184 2886 1235 quemnam
2936 1168 3102 1235 igitur
3141 1167 3280 1220 dixit
3308 1168 3497 1220 Deus:

1924 1280 1942 1313 ι
1981 1261 2265 1316 Faciamus
2294 1263 2572 1316 hominem
2592 1260 2899 1315 secundum
2932 1260 3223 1327 imaginem
3252 1272 3494 1314 nostram

1917 1364 1973 1409 ct
2018 1354 2442 1408 similitudinem
2475 1354 2491 1385 ί
2518 1354 2541 1407 ?
2569 1373 2586 1405 ι
2641 1353 2799 1419 Quod
2861 1352 2905 1406 si
2963 1353 3317 1421 responderit
3364 1369 3375 1403 :
3416 1352 3497 1406 Ad

1916 1446 2162 1515 angelos,
2195 1446 2285 1499 dic
2312 1447 2364 1500 ei
2395 1462 2407 1496 :
2438 1444 2582 1510 Quid
2614 1446 2726 1498 ita?
2759 1446 3028 1514 Equidem
3068 1444 3134 1498 ad
3163 1444 3358 1497 Filium
3384 1444 3501 1496 hzue

1916 1553 2044 1590 eum
2107 1537 2314 1590 dixisse
2382 1536 2635 1601 aﬂirmo;
2691 1545 2748 1589 tu
2814 1552 2989 1598 vero,
3045 1535 3498 1604 quandoquidem

1919 1645 2089 1683 nuutn
2154 1629 2380 1699 rejieis,
2439 1630 2760 1682 innumeros
2804 1626 3155 1689 introducis,
3190 1637 3248 1681 et
3301 1628 3498 1680 Filium

1918 1738 2207 1792 respuens,
2237 1723 2411 1777 servis
2452 1721 2669 1776 consilii
2713 1723 2981 1775 honorem
3010 1721 3297 1783 attribuis,
3336 1734 3501 1790 atque

1918 1832 2219 1869 conservos
2248 1825 2467 1868 nostros
2490 1814 2624 1867 facis
2651 1813 2905 1867 dominos
2935 1816 3237 1867 ereationis
3272 1823 3498 1871 nosti-:e.

1918 1911 2132 1971 Nonne,
2169 1924 2376 1976 qua‘so,
2426 1908 2588 1961 homo
2637 1909 2779 1961 bona
2811 1910 2935 1962 vita:
2985 1908 3197 1960 ratione
3243 1923 3502 1961 Consum-

1916 2013 2095 2055 matus
2111 2001 2177 2054 ad
2207 2002 2529 2069 angelorum
2561 2002 2817 2055 evehitur
2841 2002 3210 2067 dignitatem?
3238 2001 3499 2067 Qua-natu

1915 2102 2098 2145 autem
2146 2107 2401 2145 creatura
2437 2093 2684 2145 Creatori
2728 2109 2827 2161 par
2862 2109 2984 2146 esse
3034 2094 3285 2161 poterit?
3330 2095 3502 2147 Czete-

1917 2201 2036 2237 rum
2069 2185 2360 2238 considera
2386 2200 2509 2252 qua:
2543 2194 2876 2251 sequuntur,
2910 2203 2927 2234 ι
2954 2185 3035 2237 Ad
3072 2185 3365 2250 imaginem
3401 2200 3502 2237 no-

1913 2289 2100 2332 stram.
2150 2295 2166 2326 ι
2204 2276 2344 2340 Quid
2376 2277 2442 2328 ad
2480 2276 2593 2328 hase
2634 2277 2786 2330 dices
2804 2278 2826 2329 ’ἰ
2859 2277 2997 2331 Num
3042 2294 3148 2331 una
3188 2287 3273 2330 est
3306 2278 3397 2340 Dei
3444 2286 3499 2331 et

1915 2368 2237 2433 angelorum
2306 2368 2534 2435 imago?
2599 2368 2985 2436 Nequaquam.
3059 2369 3253 2422 Nonne
3322 2369 3500 2437 imago

1917 2459 2095 2511 l’atris
2125 2460 2440 2512 necessario
2491 2469 2576 2513 est
2620 2476 2729 2513 nua
2771 2459 3100 2529 eademque,
3158 2459 3202 2513 si
3238 2460 3497 2514 nimirmn

1915 2566 2078 2603 sensu
2111 2551 2221 2603 lleo
2274 2551 2441 2618 digno
2486 2550 2780 2619 imaginem
2815 2551 3129 2619 acceperis,
3158 2566 3267 2604 non
3295 2567 3501 2605 secun-

1921 2642 2051 2695 dtnn
2090 2642 2345 2709 corporis
2397 2644 2666 2703 formam,
2698 2642 2794 2697 sed
2845 2644 3150 2696 secundum
3192 2644 3502 2700 divinitatis

1915 2742 2167 2785 naturam
2194 2731 2215 2782 ?
2242 2731 2360 2784 Jatn
2391 2746 2521 2783 vero
2545 2731 2590 2783 si
2623 2731 2778 2793 dicit,
2816 2729 3165 2784 «Secundum
3206 2731 3502 2798 imaginem

1914 2837 2185 2887 nostram,
2220 2842 2237 2875 ι
2279 2824 2498 2877 cuinam
2531 2823 2624 2877 alii
2653 2823 2856 2878 dixerit
2879 2839 3043 2892 quam
3066 2822 3353 2892 splendori
3386 2822 3504 2893 glo-

1918 2916 2011 2968 ria:
2051 2924 2107 2968 et
2141 2916 2448 2969 characteri
2494 2916 2819 2969 substantia-
2850 2931 2965 2969 sua:
2989 2956 3002 2975 ,
3037 2914 3175 2969 Filio
3222 2930 3287 2968 ac
3322 2914 3502 2969 Verbo

1914 3023 2036 3071 suo,
2064 3008 2157 3075 qui
2200 3016 2285 3059 est
2319 3007 2498 3075 imago
2528 3006 2823 3060 invisibilis
2853 3007 2998 3060 Dei?
3028 3007 3106 3060 Ad
3145 3022 3303 3060 sualn
3335 3007 3503 3076 igitur

1917 3102 2090 3169 ipsius
2141 3100 2428 3167 imaginem
2469 3101 2781 3159 viventem,
2822 3115 2946 3169 qua:
2985 3098 3126 3152 dixit
3169 3116 3182 3151 :
3224 3116 3242 3148 ι
3283 3099 3397 3167 Ego
3445 3106 3502 3152 et

223 3188 254 3238 6
283 3187 478 3253 Πατὴρ
502 3186 560 3237 ἒν
589 3186 773 3255 ἐσμεν·
807 3204 826 3234 ι
860 3188 975 3248 καὶ,
1016 3206 1034 3237 ι
1066 3186 1126 3238 Ὀ
1157 3184 1420 3255 ἑωρακὼς
1448 3185 1569 3254 ἐμὲ,
1600 3185 1810 3254 ἑώρακε

1917 3192 2080 3246 Ριιιογ
2129 3208 2298 3245 ιιιιιιιιι
2339 3207 2531 3246 sumus
2559 3193 2611 3251 ³,
2646 3210 2664 3242 ι
2714 3201 2770 3245 et
2800 3208 2812 3243 :
2854 3211 2871 3242 ι
2906 3191 3009 3257 Qui
3043 3206 3131 3245 me
3164 3190 3323 3253 vidit,
3361 3191 3502 3245 vidit

222 3279 319 3330 τὸν
360 3279 602 3346 Πατέρα·
634 3297 653 3328 ι
703 3278 878 3349 ταύτῃ
907 3278 1084 3345 λέγει’
1127 3296 1144 3327 ι
1176 3279 1500 3346 Ποιήσωμεν
1524 3278 1810 3347 ἄνθρωπον

223 3363 350 3415 κατ’
377 3365 563 3416 εἰκόνα
591 3365 888 3435 ήμετέραν.
923 3385 937 3415 ι
972 3365 1147 3418 Ὅπου
1178 3366 1274 3435 μία
1313 3365 1498 3429 εἰκὼν,
1520 3366 1620 3419 ποῦ
1642 3369 1701 3419 τὸ
1721 3368 1811 3419 ἀνι

223 3456 416 3522 ὀμοιον
440 3472 456 3522 ;
483 3474 499 3506 ι
533 3457 641 3508 Καὶ
668 3455 925 3526 ἐποίησεν
954 3458 982 3509 6
1000 3456 1135 3520 Θεὸς
1164 3457 1255 3510 τὸν
1282 3458 1589 3526 ἄνθρωπον,
1620 3476 1638 3509 ιι
1664 3459 1808 3529 οὐχὶ,

237 3547 560 3617 Ἐποίησαν.
587 3550 797 3617 Ἔφυγε
832 3548 1005 3604 ταῦτα
1032 3549 1122 3603 τὸν
1153 3549 1472 3621 πληῦυσμὺν
1503 3552 1611 3604 τῶν
1642 3569 1810 3623 προσ-

223 3638 429 3689 ὡπωνυ
461 3637 550 3689 διὰ
581 3638 681 3706 μὲν
710 3637 805 3691 τοῦ
833 3640 1031 3701 εἰπεῖν,
1066 3657 1084 3689 ι
1115 3639 1439 3709 Ποιήσωμεν
1466 3641 1807 3712 ἀνθρωπον,›

226 3729 288 3787 σὲ
321 3730 417 3784 τὸν
440 3729 700 3783 Ἰουδαῖον
728 3730 1002 3783 παιδεύων
1023 3748 1036 3762 ·
1087 3731 1177 3784 διὰ.
1205 3733 1263 3785 δὲ
1292 3732 1386 3787 τοῦ
1416 3735 1612 3797 εἰπεῖν,
1656 3753 1674 3785 ι
1703 3735 1812 3788 Καὶ

223 3822 490 3890 ἐποίησεν
538 3820 567 3873 6
609 3822 742 3885 Θεὸς
789 3823 883 3875 τὸν
926 3824 1238 3893 ἄνθρωπον,
1269 3842 1289 3876 ι
1328 3826 1421 3878 τὸν
1459 3825 1811 3896 Ἑλληνισμὸν

221 3913 557 3966 ἀποκλείων.
609 3913 895 3981 Ἀσφαλῶς
943 3916 1218 3984 ἀνέδραμε
1268 3916 1405 3985 πρὸς
1447 3916 1547 3984 τὴν
1582 3916 1805 3985 μονάδα,

222 4005 313 4061 ἶνα
345 4004 444 4057 καὶ
476 4003 604 4056 raw
635 4007 766 4073 νοῇς
799 4006 939 4074 μετά
963 4007 1177 4078 Πατρὸς
1196 4045 1212 4075 ,
1260 4008 1355 4061 καὶ
1386 4008 1489 4079 τῆς
1516 4008 1810 4077 πολυθεϊας

221 4096 450 4168 ἐκφύγῃ
478 4094 541 4148 τὸ
570 4095 930 4151 ἐπικίνδυνον.

295 4272 392 4343 Τῷ
424 4272 482 4326 δέ
517 4274 717 4336 εἰπεῖν,
754 4292 773 4325 ι
810 4276 921 4328 Καὶ
951 4273 1284 4348 ἐνεφύσησεν
1317 4280 1398 4343 είς
1422 4280 1485 4333 τὺ
1514 4281 1807 4352 πρόσωπον

221 4366 395 4419 αὐτοῦ
427 4366 600 4436 πνοήν
631 4365 804 4436 ζωῆς,
858 4368 953 4421 καί
979 4367 1199 4436 ἐγένετο
1228 4372 1256 4423 6
1282 4370 1571 4441 ἄνθρωπος
1600 4374 1679 4429 είς
1704 4373 1809 4442 ψυ-

222 4463 326 4533 χὴν
357 4458 564 4523 ζῶσαν,
596 4478 614 4510 ι
651 4459 714 4512 οὐ
745 4458 979 4529 φανερόν
1008 4462 1176 4524 ἐστιν,
1215 4462 1299 4513 ὅτι
1324 4463 1418 4516 τοῦ
1446 4464 1605 4531 ἁγίου
1631 4463 1806 4518 Πνεύ-

1917 3286 2082 3339 etiam
2116 3285 2335 3339 Patrem
2356 3286 2395 3349 ³,
2435 3304 2454 3337 ι
2484 3284 2550 3338 ad
2582 3284 2740 3348 hanc,
2773 3285 3020 3353 inquam,
3052 3284 3226 3338 dixit:
3268 3302 3286 3334 ι
3319 3284 3505 3337 νοοίη-

1917 3394 2041 3431 mus
2071 3377 2350 3431 hominem
2397 3376 2702 3431 secundum
2748 3376 3041 3445 imaginem
3083 3384 3352 3428 nostram.
3384 3394 3400 3425 ι
3445 3374 3501 3429 In

1916 3485 2027 3539 quo
2048 3478 2233 3522 autem
2257 3483 2362 3521 una
2386 3468 2566 3539 imago
2586 3510 2599 3530 ,
2631 3467 2724 3525 ubi
2754 3468 2861 3523 erit
2890 3467 3198 3522 dissimile?
3228 3486 3247 3520 ι
3272 3467 3342 3521 Ει
3372 3464 3505 3524 fecit

1919 3563 2063 3615 licus
2111 3560 2413 3621 hominem,
2448 3579 2465 3609 ι
2525 3575 2668 3624 non,
2720 3577 2741 3611 ι
2790 3558 3063 3613 fecerunt.
3099 3578 3117 3610 ι
3171 3558 3288 3613 lloc
3336 3558 3503 3613 modo

1918 3662 2280 3715 personarum
2329 3647 2698 3716 pluralitatem
2752 3647 2987 3702 evitavit
3027 3665 3041 3700 :
3099 3638 3365 3701 nimirum
3412 3646 3502 3700 di-

1917 3738 2093 3793 cendo
2126 3755 2138 3789 :
2179 3756 2195 3787 ι
2231 3738 2519 3792 Faciamus
2566 3738 2871 3800 hominem,
2902 3758 2919 3789 ι
2973 3748 3024 3793 te
3074 3738 3326 3795 Judzeum
3361 3738 3501 3793 edo-

1916 3847 2048 3884 cens
2071 3870 2085 3893 ,
2117 3830 2353 3884 dicendo
2385 3840 2568 3885 autem
2607 3847 2619 3883 :
2660 3850 2676 3881 ι
2710 3830 2930 3885 Etfecit
2960 3832 3105 3885 Deus
3134 3831 3436 3893 hominem,
3473 3849 3493 3883 ο

1915 3923 2201 3992 gentilium
2239 3937 2486 3976 errorem
2525 3922 2803 3992 rejiciens.
2854 3923 3034 3991 Atque
3078 3923 3159 3977 sic
3192 3922 3366 3993 probe
3405 3922 3502 3976 tle-

1916 4014 2244 4068 moustravit
2275 4012 2543 4067 unitatem
2571 4052 2585 4075 ,
2628 4022 2690 4066 ut
2725 4012 2923 4066 Filium
2966 4013 3129 4066 simul
3178 4029 3303 4068 cum
3343 4014 3500 4066 l’atre

1914 4120 2200 4176 agnoscas,
2239 4112 2295 4158 et
2350 4104 2719 4174 periculosam
2757 4104 3060 4159 multorum
3095 4103 3327 4159 deorum
3377 4104 3501 4174 Opi-

1913 4200 2136 4254 nionem
2164 4197 2429 4253 declines.

1983 4290 2118 4345 Cum
2165 4299 2351 4343 autem
2403 4288 2608 4343 dicitur
2653 4305 2666 4341 :
2714 4306 2730 4339 ι
2763 4286 2833 4343 Et
2868 4287 3160 4359 inspiravit
3208 4287 3262 4342 in
3302 4286 3497 4341 faciem

1911 4384 2031 4453 ejus
2047 4383 2386 4452 Spiraculum
2412 4381 2536 4436 vita:
2554 4421 2568 4444 ,
2595 4389 2650 4434 et
2680 4380 2859 4434 factus
2882 4388 2969 4433 est
2991 4380 3157 4434 homo
3177 4381 3232 4433 in
3256 4381 3496 4434 animam

1911 4477 2190 4531 viventem
2214 4484 2256 4541 ⁵,
2293 4495 2310 4527 ι
2339 4490 2522 4529 nonne
2550 4474 2844 4528 manifesto
2885 4469 3127 4542 Spiritus
3165 4474 3338 4529 sancti
3378 4472 3496 4528 eiii-

225 4567 402 4621 ματος
433 4550 532 4619 τὴν
562 4549 714 4602 θείαν
740 4551 1024 4619 ἐνέργειαν
1061 4551 1339 4622 ἐδήλωσε;
1396 4554 1567 4607 Τοῦτο
1598 4554 1691 4607 καὶ
1718 4553 1809 4608 διὰ

1915 4568 2063 4624 cacia
2096 4568 2184 4622 his
2218 4566 2407 4621 verbis
2455 4564 2784 4620 indicatur?
2818 4564 2935 4619 lloc
2976 4565 3144 4619 etiam
3195 4566 3498 4635 propheta—

219 4644 332 4697 τῶν
356 4642 656 4715 προφητῶν
686 4642 989 4712 ἐκηρύχθη,
1018 4642 1093 4704 ὡς
1118 4644 1175 4696 ἐν
1195 4644 1294 4714 τῷ,
1322 4662 1340 4697 ι
1364 4645 1589 4716 Πνεῦμα
1604 4646 1809 4719 Κυρίου

220 4737 310 4791 ἐπ’
338 4736 497 4806 ἐμέ-ι
537 4736 654 4799 καὶ,
690 4753 708 4786 ι
742 4734 968 4803 Πνεῦμα
996 4736 1203 4805 Κυρίου
1231 4736 1518 4807 ὡδήγησεν
1545 4737 1800 4803 αὐτούς’»

221 4825 339 4890 καὶ,
382 4840 401 4873 ι
436 4822 662 4891 Πνεῦμα
693 4823 1005 4892 ἐπιστήμης
1036 4824 1334 4894 ἐνέπλησεν
1364 4825 1454 4878 τὸν
1484 4824 1799 4898 Βεσελεὴλ,ι

218 4916 312 4968 τὸν
360 4913 728 4984 ἀρχιτέκτονα
772 4913 872 4983 τῆς
920 4915 1144 4985 σκηνῆς·
1185 4916 1300 4979 καὶ,
1351 4932 1372 4967 ι
1405 4917 1630 4988 Πνεῦμα
1661 4937 1806 4989 παρ-

221 5007 550 5075 οξυνόμενον
575 5022 590 5037 ο
621 5023 640 5057 ι
698 5007 793 5058 καὶ
827 5024 846 5057 ι
880 5005 1106 5077 Πνεῦμα
1144 5006 1346 5077 ἐξᾶραν
1372 5007 1562 5063 Ἢλίαν
1606 5013 1665 5065 ἐν
1704 5012 1806 5084 ἆρ-

224 5118 355 5171 ματι
390 5097 486 5152 καὶ
517 5097 749 5168 ζηηοέν
795 5099 948 5169 παρά
979 5099 1282 5155 Ἐλισσαίου
1316 5102 1618 5159 διπλάσιον’
1651 5125 1670 5157 ι
1710 5107 1805 5160 καὶ

222 5190 509 5259 Πνεύματι
542 5189 733 5259 ἁγαῡῷ
753 5191 869 5259 καὶ,
903 5193 1220 5263 ἡγεμονικῷ
1246 5195 1412 5248 Δαϐὶδ
1439 5198 1803 5269 ὀδηγούμενός

218 5299 279 5336 τε
333 5280 433 5334 καὶ
464 5280 875 5351 στηριζόμενος.
918 5284 1270 5356 Ἐπηγγέλοη
1297 5286 1353 5340 δὲ
1385 5288 1491 5341 ὑπὸ
1525 5292 1623 5359 μὲν
1648 5292 1803 5362 Ἰωὴλ

218 5375 511 5444 πρότερον,
542 5391 562 5426 ι
582 5374 691 5431 Καὶ
722 5377 781 5428 ἐν
808 5377 927 5440 ταῖς
955 5377 1210 5447 ἐσχάταις
1240 5381 1496 5451 ἡμέραις,
1532 5382 1803 5453 λέγοντος,

217 5469 401 5539 ἐκχεῶ
455 5469 564 5521 ἀπὸ
613 5469 708 5524 τοῦ
755 5471 1069 5542 Πνεύματός
1102 5491 1201 5544 μου
1231 5476 1323 5528 ἐπὶ
1347 5479 1527 5532 πᾶσαν
1550 5482 1745 5552 σάρκα,
1780 5504 1800 5537 ι

218 5560 426 5634 δηλαδὴ
446 5561 547 5635 τὴν
571 5563 963 5633 πιστεύσασαν,
1013 5585 1032 5620 ι
1062 5568 1157 5622 καὶ
1185 5569 1281 5624 ἐπὶ
1305 5570 1432 5634 τοὺς
1458 5572 1607 5637 υἱοὺς
1628 5574 1802 5645 ὑμῶν,

294 5763 309 5794 ⁸
351 5761 492 5833 Gen.
526 5777 567 5829 I,
596 5762 689 5819 26.
765 5766 786 5799 ¹
817 5765 974 5821 Joan.
1008 5784 1038 5821 κ
1064 5809 1078 5833 ,
1124 5770 1213 5825 30.

1329 5772 1348 5803 ³
1391 5771 1546 5829 Joan.
1574 5793 1681 5841 xw,
1712 5779 1764 5835 9.

220 5847 383 5893 xxxv.
414 5832 502 5886 3L
583 5834 601 5861 ⁷
640 5834 860 5906 ινιιυε.
907 5853 963 5903 ιι,

1160 5842 1179 5870 ¹
1220 5842 1239 5896 Ι
1281 5842 1413 5906 licg.
1445 5860 1551 5911 m,
1582 5847 1661 5902 l5.

1879 5780 1899 5810 ‘
1931 5779 2067 5835 Gen.
2097 5798 2152 5843 ιι,
2178 5782 2233 5837 7.

1740 5852 1759 5883 9
1792 5850 1930 5905 Joel.
1959 5867 2013 5913 ιι,
2051 5852 2150 5906 28.

1916 4679 2038 4718 rum
2066 4660 2387 4715 testimonio
2419 4660 2805 4723 conﬁrmatur,
2833 4666 2893 4711 ut
2919 4657 2975 4710 in
3004 4658 3115 4710 illis
3150 4673 3163 4710 :
3210 4676 3227 4707 ι
3256 4658 3498 4727 Spiritus

1914 4749 2129 4805 Domini
2165 4764 2335 4817 super
2364 4763 2449 4801 me
2481 4749 2524 4810 ⁸,
2566 4765 2585 4799 ι
2631 4754 2688 4800 et
2721 4764 2734 4800 :
2772 4765 2789 4797 ι
2823 4746 3064 4816 Spiritus
3097 4747 3314 4801 Domini
3340 4749 3497 4801 duxit

1912 4855 2028 4904 eos,
2061 4858 2079 4890 ι
2132 4848 2189 4894 οι
2228 4855 2241 4893 :
2281 4858 2300 4891 ι
2335 4838 2577 4908 Spiritus
2611 4839 2947 4909 cognitionis
2980 4840 3213 4909 replevit
3251 4841 3494 4895 Beseleel

1914 4931 2275 4986 architectum
2305 4916 2649 4985 tabernaculi
2673 4932 2693 4961 ⁸
2716 4971 2731 4994 ,
2768 4949 2785 4981 ι
2826 4940 2883 4984 et
2913 4946 2926 4984 :
2976 4949 2993 4981 ι
3032 4930 3276 5000 Spiritus
3316 4934 3499 4987 irritae

1912 5033 2042 5088 tus;
2083 5041 2100 5073 ι
2140 5034 2196 5078 et
2232 5040 2245 5076 :
2290 5042 2307 5073 ι
2339 5023 2579 5093 Spiritus
2632 5023 2929 5077 sustollens
2973 5025 3150 5078 Eliam
3200 5025 3254 5079 in
3302 5041 3491 5086 curru,

1910 5116 2339 5171 etdesideratus
2387 5114 2688 5183 dupliciter
2726 5116 2797 5169 ah
2842 5116 3076 5169 Eliseo‘
3107 5133 3121 5180 ;
3156 5135 3174 5167 ι
3225 5125 3282 5170 et
3323 5115 3495 5171 David

1913 5210 2126 5280 Spiritu
2178 5213 2322 5264 hono
2370 5221 2429 5265 et
2480 5212 2772 5281 principali
2826 5213 3137 5265 continetus
3192 5221 3248 5267 et
3296 5213 3493 5267 suffulo

1912 5312 2002 5358 tus
2025 5304 2066 5357 ⁸.
2100 5323 2118 5354 ι
2152 5304 2462 5358 Promissus
2517 5313 2601 5358 est
2660 5305 2824 5358 etiam
2882 5304 2952 5358 ab
2981 5305 3133 5359 Joele
3190 5305 3364 5373 prius,
3399 5305 3492 5359 uhi

1914 5396 2173 5451 diXiltEl
2206 5395 2418 5449 ultimis
2473 5396 2671 5449 dieb‘us
2720 5395 3000 5450 etl‘undam
3026 5396 3093 5449 de
3124 5394 3333 5464 Spiritu
3369 5409 3493 5448 meo

1913 5504 2081 5559 super
2098 5503 2319 5542 omnem
2333 5503 2581 5553 carnem,
2605 5488 2846 5543 ιεοί1ἰοιιι
2863 5488 3235 5553 οιοιιειιιειιι,ι
3257 5497 3490 5555 etsupcr

1916 5579 2059 5633 ﬁlios
2099 5586 2315 5635 vestros
2341 5587 2397 5634 et
2426 5592 2592 5648 super
2625 5577 2766 5633 tilias
2796 5586 3007 5633 vestras
3033 5577 3076 5641 '-‘,
3107 5594 3129 5628 ι
3185 5586 3244 5632 et
3270 5583 3486 5637 cratera.

3243 5780 3264 5811 ⁸
3301 5780 3467 5839 Exad-

2347 5786 2367 5814 ⁵
2409 5782 2510 5837 lsa.
2556 5797 2663 5849 txr,
2697 5783 2712 5835 l
2742 5798 2755 5847 ;
2788 5780 2921 5835 Luc.
2953 5797 3023 5844 tv,
3052 5778 3136 5834 18.
