4190 6438
692 377 827 443 1237

1890 380 1951 438 S.
1991 376 2387 436 ANASTASII
2428 378 2752 438 SlNAl'l‘dﬂ

3816 383 3965 446 1208

689 495 756 547 l'lt
786 513 799 547 :
843 495 1121 562 «Spiritus
1154 493 1378 548 divinus
1416 494 1549 550 fecit
1591 509 1709 557 me,
1739 503 1795 548 et
1839 496 2043 547 halitus
2072 494 2263 548 Omni-

2390 497 2462 546 ιαὶ
2512 497 2607 547 ἐπὶ
2652 496 2753 558 τὰς
2794 496 3103 566 Θυγατέρας
3150 497 3358 566 burim,»
3402 500 3495 552 καὶ
3527 498 3593 551 τὰ
3628 501 3777 566 ὲξῆς.
3817 503 3959 563 Καὶ,

690 586 930 654 pilentis
968 604 1053 639 me
1082 585 1272 640 doeuit
1304 587 1365 639 ”.
1400 604 1417 636 ι
1457 584 1522 639 lit
1556 602 1750 640 rursus
1784 603 1795 637 :
1840 605 1856 635 ι
1895 587 2127 640 Emittes
2150 587 2273 655 Spi-

694 680 856 730 ritum
903 688 1094 741 tmun,
1145 688 1201 731 et
1235 680 1615 743 creahuntur,
1652 690 1708 733 et
1740 681 2034 735 renovahis
2074 683 2271 736 facient

694 776 852 818 teme
882 767 946 818 ¹¹.
983 786 1000 816 ι
1043 767 1309 821 Similiter
1335 769 1477 823 Deus
1509 769 1675 822 etiam
1708 768 1777 821 de
1806 770 2016 823 Adamo
2042 772 2268 825 dicens:

697 878 715 906 ι
758 860 899 914 Ecce
935 862 1112 915 factus
1160 871 1246 915 est
1274 863 1448 916 Adam
1490 874 1550 917 ut
1586 881 1729 917 unus
1752 880 1782 917 e
1824 865 1987 920 nobis
2015 867 2089 929 ",
2119 886 2136 916 ι
2168 867 2272 921 l'a-

694 961 860 1015 trem,
901 954 1097 1007 l-‘iiium
1132 966 1297 1024 atque
1337 957 1606 1025 Spiritum
1659 968 1909 1012 sanetum
1944 960 2147 1011 innuit.
2180 959 2276 1013 llis

694 1044 870 1112 adjiee
901 1055 956 1098 et
985 1047 1273 1101 considera
1314 1050 1461 1117 quod
1499 1065 1528 1102 a
1575 1051 1687 1104 Deo
1724 1053 1779 1105 in
1808 1053 1926 1121 lege
1957 1054 2273 1121 promulga-

697 1149 787 1188 tur
825 1155 835 1188 :
870 1157 887 1188 ι
922 1139 1085 1198 Audi.
1119 1141 1310 1205 Israel,
1340 1144 1607 1198 Dominus
1634 1147 1779 1200 Deus
1819 1158 1981 1211 tuus,
2011 1149 2277 1201 Dominus

698 1244 841 1284 unus
865 1242 949 1283 est
981 1232 1042 1283 ³³.
1068 1252 1087 1283 ι
1135 1234 1333 1288 Nonne
1364 1236 1467 1289 hac
1495 1254 1630 1291 voce
1676 1250 1757 1292 ter
1788 1242 2020 1309 repetita
2050 1250 2278 1308 apparet

695 1338 940 1377 aaut-tam
974 1324 1303 1380 Trinitatem
1338 1344 1461 1382 esse
1494 1346 1663 1384 unum
1692 1333 1898 1385 Deum?
1930 1335 2146 1387 Patrem
2181 1348 2279 1385 auo

698 1426 807 1468 tem
851 1434 914 1469 ςτις
966 1419 1162 1473 Filium
1208 1428 1263 1473 ct
1310 1420 1579 1489 Spiritum
1630 1435 1882 1477 sanetum
1933 1440 2057 1478 esse
2107 1439 2276 1478 unum

695 1508 891 1568 Deum,
931 1519 1044 1562 tum
1097 1511 1263 1565 dictis
1311 1522 1424 1566 tum
1475 1515 1729 1569 dicendis
1776 1516 2061 1583 probatur.
2108 1517 2278 1570 Porro

697 1597 828 1651 hine
862 1616 1085 1669 quoque
1115 1602 1246 1655 illud
1279 1604 1577 1670 intelliges,
1606 1607 1755 1673 quod
1797 1608 1995 1659 Filium
2031 1608 2279 1675 appella-

700 1707 822 1744 mus
850 1710 1000 1753 enin,
1035 1694 1103 1746 de
1134 1710 1244 1761 quo
1276 1696 1545 1765 Propheta
1572 1698 1714 1751 dixit
1749 1716 1763 1752 :
1810 1718 1827 1748 ι
1855 1700 2035 1753 Verbo
2061 1702 2282 1755 Domini

698 1786 822 1837 cwli
873 1787 1072 1839 lirmati
1120 1797 1250 1840 sunt
1296 1790 1359 1843 ".
1402 1809 1420 1840 ι
1482 1793 1771 1855 Quomodo
1799 1804 1982 1846 autem
2017 1794 2254 1847 dicimus

699 1875 967 1943 Spiritum
1007 1881 1308 1933 sanctum?
1357 1901 1374 1931 ι
1401 1883 1467 1934 Et
1518 1884 1726 1950 Spiritu
1773 1885 1888 1938 oris
1939 1886 2059 1951 ejus
2102 1884 2282 1937 omnis

698 1967 876 2021 \ll‘lllS
926 1984 1120 2023 eorum
1152 1971 1234 2032 ¹¹⁵;
1271 1990 1289 2022 ι
1342 1972 1417 2024 ita
1471 1974 1618 2026 enim
1668 1974 1723 2026 in
1779 1974 2054 2029 Trinitate
2109 1990 2280 2028 unum

698 2058 872 2112 Deum
904 2062 1161 2115 colimus.
1201 2063 1320 2117 lam
1347 2080 1556 2132 qureso,
1585 2080 1617 2118 ο
1646 2066 1855 2129 Judzee,
1888 2067 2108 2119 cuinam
2134 2067 2283 2119 Srri-

698 2168 861 2224 plura
912 2167 1094 2209 vestra
1132 2156 1271 2209 dicit
1317 2158 1474 2211 haec:
1516 2177 1535 2208 ‹
1570 2160 1836 2212 Dominus
1867 2160 1931 2212 ad
1980 2176 2065 2213 me
2097 2160 2233 2212 dixit
2265 2176 2279 2212 :

706 2268 725 2298 ι
766 2249 939 2302 Filius
961 2266 1118 2302 meus
1163 2265 1223 2302 es
1256 2258 1309 2301 ιιι
1334 2289 1348 2312 ,
1381 2266 1483 2317 ego
1509 2252 1674 2306 hodie
1721 2262 1773 2306 te
1814 2254 1978 2319 gentili
2009 2255 2096 2305 ‘5?
2127 2274 2143 2304 ι
2180 2252 2281 2307 libi

699 2341 970 2411 psalmum
1018 2340 1087 2392 de
1128 2341 1425 2393 Salomone
1460 2342 1628 2395 verba
1676 2343 1860 2397 facere
1893 2344 2282 2412 responderit,

702 2434 981 2496 interroga
1011 2447 1138 2484 eum
1168 2450 1181 2484 :
1214 2431 1602 2500 Quotuplieem
1640 2443 1803 2488 terra:
1834 2445 2048 2503 partem
2076 2437 2284 2501 guber-

700 2523 857 2577 navit
888 2523 1152 2578 Salonio?
1184 2523 1411 2578 Scilicet
1442 2539 1546 2578 nec
1572 2525 1862 2579 dimidiam
1888 2568 1903 2590 ,
1933 2542 2036 2581 nec
2062 2529 2282 2582 tertiam

702 2625 915 2685 partem
958 2626 1142 2678 terrm,
1182 2615 1279 2671 sed
1321 2617 1495 2670 solam
1520 2617 1790 2673 Judaeum.
1819 2618 2089 2673 Cancrum
2116 2620 2285 2688 probe

702 2707 961 2761 attendas
984 2748 999 2770 ,
1028 2724 1061 2761 ο
1094 2708 1317 2769 Judate,
1347 2718 1409 2763 ut
1450 2708 1728 2776 intelligas
1766 2710 2036 2777 psalmum
2066 2727 2174 2764 non
2214 2711 2285 2765 de

704 2800 1025 2865 Salomone,
1058 2800 1157 2854 sed
1188 2801 1256 2855 de
1285 2801 1512 2855 Christo
1553 2818 1735 2871 agere.
1777 2802 1870 2855 Sic
1892 2802 2040 2856 enim
2068 2802 2236 2857 habet
2269 2821 2281 2855 ε

712 2912 731 2943 ι
764 2894 1031 2947 Dominus
1080 2894 1219 2946 dixit
1260 2894 1326 2947 ad
1382 2908 1469 2947 me
1498 2910 1513 2947 :
1544 2895 1719 2948 Filius
1763 2910 1922 2949 meus
1967 2911 2029 2949 es
2076 2904 2155 2958 tu,
2186 2912 2288 2963 ego

705 2982 871 3037 hodie
900 2995 951 3038 te
978 2984 1163 3051 genui.
1195 2984 1324 3038 l’ete
1346 3001 1377 3038 a
1410 2999 1518 3050 me,
1546 2995 1604 3039 et
1635 2986 1780 3040 dabo
1823 2986 1923 3040 tibi
1952 2995 2150 3055 gentes
2179 2987 2289 3039 lue-

706 3076 998 3129 reditatcm
1028 3087 1199 3135 tuam,
1232 3086 1287 3129 et
1315 3076 1721 3144 possessionem
1758 3085 1908 3131 luant
1943 3079 2078 3131 lines
2103 3087 2285 3131 terrm.

2382 606 2400 638 ι
2434 588 2656 656 Πνεῦμα
2688 590 2748 641 τὸ
2776 589 2919 642 θεῖον
2948 592 3006 643 τὸ
3030 591 3264 659 ποιῆσάν
3289 609 3377 659 με,
3409 592 3544 661 πνοὴ
3566 592 3619 644 δὲ
3648 594 3969 661 Παντοκρά-

2374 697 2534 750 τορος
2566 683 2600 751 ἡ
2627 682 2959 735 διδάσκουσα
2985 700 3104 751 με.»
3144 685 3252 735 Καὶ
3281 687 3463 749 πάλιν,
3494 706 3511 737 ι
3542 686 3967 749 Ἐξαποστελεῖς

2374 774 2436 825 τὸ
2472 774 2695 843 Πνεῦμά
2729 792 2821 827 σου
2842 816 2859 840 ,
2917 777 3014 827 καὶ
3048 775 3456 841 κτισθήσονται,
3491 777 3584 827 καὶ
3619 776 3966 837 dmum-usi;

2376 866 2439 918 τὸ
2488 866 2779 935 πρόσωπον
2808 867 2906 934 τῆς
2951 866 3078 933 γῆς.
3115 886 3134 917 ι
3176 856 3421 936 Ὀμοίως
3453 868 3510 918 62-:
3545 870 3639 919 καὶ
3670 867 3747 935 τῷ
3782 869 3969 919 εἰπεῖν

2375 957 2468 1008 τὸν
2497 958 2630 1009 Θεὸν
2664 958 2793 1026 περὶ
2820 956 2914 1010 τοῦ
2938 957 3111 1027 ’Λδὰμ
3131 997 3146 1020 ,
3194 960 3274 1011 ὅτι
3315 977 3333 1010 ι
3372 958 3506 1010 Ἰδοὺ
3538 961 3760 1024 γέγονεν
3786 958 3970 1027 ’Λδὶμ

2376 1048 2453 1110 ὼς
2493 1043 2572 1111 εἷς
2622 1048 2681 1113 ἐξ
2709 1051 2921 1119 tum,»
2964 1051 3207 1119 Πατέρα.
3245 1050 3387 1116 Υἱὸν,
3425 1051 3521 1103 καὶ
3550 1052 3706 1117 ἆγιον
3733 1050 3970 1107 Πνεῦμα

2377 1138 2547 1207 δηλοῖ.
2598 1140 2931 1211 ’Λρίομησον
2978 1142 3036 1194 δὲ
3095 1144 3189 1193 καὶ
3231 1141 3429 1206 τοῦτο,
3478 1144 3573 1195 καί
3604 1144 3679 1195 ι’δε
3732 1141 3792 1193 τὸ
3822 1141 3970 1209 ὑπὲρ

2378 1233 2473 1285 τοῦ
2498 1233 2633 1285 Θεοῦ
2665 1235 2956 1303 εἰρημένον
2986 1235 3075 1286 διὰ
3097 1234 3191 1287 τοῦ
3216 1236 3381 1301 νόμου
3405 1234 3675 1301 λέγοντος
3701 1235 3969 1295 ("Axe-.22,

2380 1323 2621 1393 Ἰσραὴλ,
2661 1325 2867 1395 Κύριος
2899 1326 2927 1377 6
2952 1324 3088 1387 Θεός
3116 1342 3230 1390 σου,
3258 1326 3462 1395 Κύριος
3487 1319 3569 1387 εἷς
3592 1325 3802 1377 ἐστιν.»
3831 1324 3973 1393 Οὐχὶ

2382 1416 2617 1485 φανερὸν
2642 1416 2877 1486 ὑπάρχει
2907 1416 2998 1469 διά
3022 1417 3119 1486 τῆς
3145 1417 3510 1488 τρισαρίομου
3536 1417 3735 1482 λέξεως
3755 1418 3974 1484 ταὺτης

2380 1508 2461 1561 ὅτι
2494 1511 2526 1577 ἡ
2557 1510 2688 1575 άγία
2710 1511 2882 1578 Τριᾶς
2918 1510 3049 1574 Θεὺς
3079 1505 3156 1573 εἷς
3186 1512 3371 1574 ἐστινς
3406 1511 3532 1562 ’Ὁτι
3559 1510 3614 1563 δὲ
3648 1512 3843 1580 Πατὴρ
3874 1510 3974 1562 καὶ

2384 1600 2509 1659 Tib:
2554 1601 2649 1653 καὶ
2686 1603 2843 1669 ἅγιον
2883 1602 3110 1671 Πνεῦμα
3154 1602 3286 1665 Θεὸς
3324 1597 3405 1664 εἷς
3440 1605 3581 1666 ὲστι,
3609 1604 3703 1654 καὶ
3726 1602 3837 1656 ἀπὸ
3859 1601 3974 1653 τῶν

2386 1693 2661 1762 ρηῦέντων
2685 1694 2778 1746 καὶ
2799 1687 2873 1746 ὧν
2896 1694 3188 1763 ὀφείλομεν
3207 1695 3409 1762 λέγειν,
3433 1695 3617 1763 δῆλον.
3648 1694 3758 1748 Καὶ
3783 1693 3975 1746 ἐντεῦ-

2384 1785 2476 1837 θεν
2504 1786 2598 1837 καὶ
2630 1788 2891 1856 πρόσχες.
2934 1788 3172 1840 Ἐκεῖνον
3198 1788 3310 1857 γὰρ
3344 1787 3622 1856 καλοῦμεν
3648 1786 3800 1851 Υἱὺν,
3838 1786 3974 1855 περὶ

2383 1872 2445 1930 οῦ
2473 1878 2501 1929 6
2527 1880 2813 1947 προφήτης
2841 1876 2985 1931 εἴπεο
3016 1899 3035 1932 ι
3071 1878 3163 1949 Τῷ
3214 1880 3375 1949 Λόγῳ
3409 1880 3616 1949 Κυρίου
3655 1879 3706 1931 οί
3743 1877 3973 1948 οὐρανοὶ

2385 1970 2816 2039 ἐστερεώθησαν.
2857 1990 2876 2024 ι
2912 1972 3009 2034 Ei;
3052 1971 3082 2024 6
3136 1972 3193 2024 δὲ
3232 1970 3469 2040 λέγομεν
3507 1970 3733 2039 Πνεῦμα
3776 1970 3973 2037 ἆγιον;

2391 2080 2409 2113 ι
2443 2064 2550 2115 Καὶ
2582 2062 2661 2131 τῷ
2695 2063 2975 2132 Πνεῦματι
2995 2063 3091 2116 τοῦ
3130 2064 3404 2133 στόματος
3433 2064 3602 2116 αὑτοῦ
3636 2066 3789 2116 πᾶσα
3818 2065 3853 2132 ὴ
3882 2062 3976 2114 δύο

2384 2171 2546 2221 ναμις
2570 2155 2772 2206 αὐτῶνθ
2817 2173 2837 2206 ι
2868 2154 3013 2208 οὕτω
3041 2155 3150 2223 γάρ
3179 2157 3341 2224 ἡμεῖς
3381 2156 3440 2207 ὲν
3468 2155 3660 2223 Τριάδι
3690 2154 3830 2205 Θεὸν
3875 2152 3974 2205 ἕνα

2386 2245 2637 2312 σέϐομεν.
2674 2247 2809 2300 Εἰπὲ
2829 2246 2886 2298 δὲ
2917 2247 3003 2309 σὺ,
3032 2240 3078 2300 ὧ
3113 2246 3356 2311 Ίουδαῖε,
3387 2245 3526 2316 πρὸς
3550 2246 3670 2298 τίνα
3705 2246 3739 2313 ἡ
3778 2244 3976 2316 Γραφὴ

2387 2336 2539 2404 ὑμῶν
2571 2336 2741 2403 λέγει,
2787 2337 2869 2389 ὅτι
2909 2356 2928 2387 ι
2949 2337 3149 2407 Κύριος
3181 2331 3304 2389 εἷπε
3334 2338 3470 2407 πρός
3505 2352 3602 2406 με’
3636 2336 3764 2399 Υἱός
3792 2354 3896 2405 μου
3926 2332 3978 2389 εἴ

2387 2427 2474 2489 σὺ,
2504 2427 2615 2492 ἐγὼ
2639 2428 2884 2497 σήμερον
2916 2428 3232 2495 γεγέννηκά
3259 2444 3321 2481 σε
3347 2444 3362 2495 ;
3409 2447 3427 2479 ι
3464 2428 3572 2481 Καὶ
3601 2428 3648 2482 εί
3685 2428 3786 2496 μὲν
3820 2427 3975 2496 εἴπῃ,

2386 2519 2471 2570 ὅτι
2518 2520 2649 2587 περὶ
2696 2519 3048 2590 Σολομῶντος
3078 2519 3230 2589 λέγει
3272 2520 3302 2573 6
3347 2519 3583 2589 ψαλμὺς,
3616 2519 3739 2572 εἰπὲ
3791 2519 3975 2588 αὐτῷ·

2389 2612 2500 2665 Καὶ
2534 2612 2701 2665 πόσον
2729 2613 2896 2684 μέρος
2922 2613 3019 2667 τοῦ
3043 2613 3253 2683 κόσμου
3283 2612 3605 2682 ἐκυρίευσεν
3628 2614 3657 2664 6
3686 2610 3977 2681 Σολομῶνς

2390 2702 2647 2770 Δηλονότι
2675 2703 2797 2757 οὐδὲ
2827 2704 2891 2756 τὸ
2925 2705 3124 2772 ἥμισυ,
3159 2705 3282 2757 οὐδὲ
3310 2704 3372 2757 τὸ
3401 2704 3586 2774 τρίτον
3612 2702 3708 2756 τοῦ
3735 2704 3976 2770 κόσμου,

2386 2792 2503 2843 ἀλλ’
2549 2792 2582 2862 ἢ
2618 2794 2778 2861 μόνον
2810 2794 2911 2863 τὴν
2953 2791 3235 2846 Ἰουδαίαν.
3268 2792 3383 2845 Καὶ
3414 2792 3648 2846 ἄκουσον
3680 2791 3978 2861 νουνεχῶς,

2388 2877 2433 2934 ὦ
2478 2884 2724 2945 Ἰουδαῑε,
2757 2885 2851 2937 καὶ
2883 2884 3023 2953 μάθε
3050 2885 3131 2937 ὅτι
3162 2884 3293 2955 περὶ
3314 2884 3409 2938 τοῦ
3436 2884 3675 2954 Χριστοῦ
3704 2888 3735 2938 ό
3760 2884 3980 2954 ψαλμός

2389 2974 2558 3040 λέγει.
2593 2976 2688 3029 καὶ
2731 2977 2854 3045 οὐχὶ
2874 2978 3005 3045 περὶ
3031 2976 3404 3046 Σολομῶντος.
3436 2977 3599 3044 Λέγει
3634 2977 3764 3044 γάρ’
3804 2994 3824 3027 ι
3865 2976 3980 3030 Κύ-

2392 3083 2507 3137 ριος
2545 3065 2664 3119 εἷπε
2720 3068 2860 3138 πρός
2902 3084 3004 3137 με’
3057 3069 3184 3133 Υἱός
3216 3086 3318 3140 μου
3363 3064 3414 3122 εἴ
3464 3069 3551 3131 σὺ,
3590 3069 3701 3137 ἐγὼ
3736 3071 3981 3139 σήμερον

704 3167 905 3225 l’asees
940 3182 1037 3221 eos
1076 3168 1131 3220 in
1168 3168 1324 3237 virga
1365 3168 1541 3222 ferrea
1566 3209 1580 3233 ,
1615 3169 1769 3223 velut
1802 3184 1927 3223 vasa
1964 3168 2113 3238 ﬁguli
2150 3184 2286 3222 eon-

2391 3159 2698 3228 γεγέννηκά
2720 3176 2801 3211 σε·
2830 3159 3055 3229 αἶτησαι
3089 3161 3221 3229 παρ’
3248 3159 3406 3229 ἐμοῦ,
3433 3159 3529 3212 καὶ
3553 3160 3712 3212 δώσω
3740 3176 3825 3212 σοι
3851 3160 3983 3229 ἔθνη

708 3269 857 3313 teres
908 3274 1004 3312 eos
1031 3259 1094 3311 ".
1128 3258 1288 3312 iJam
1340 3274 1473 3312 vero
1512 3274 1638 3312 eum
1691 3268 1908 3314 certum
1949 3268 2115 3329 atque
2136 3268 2289 3315 extra

706 3370 928 3408 omnem
946 3354 1315 3408 dubitationis
1335 3356 1509 3409 aleam
1536 3354 1774 3423 positum
1803 3354 1895 3418 sit,
1920 3353 2288 3417 Salomonem,

708 3450 789 3503 uti
820 3449 1079 3509 diximus,
1117 3463 1298 3516 neque
1323 3446 1635 3511 dimidiam,
1673 3461 1855 3515 neque
1882 3448 2102 3500 tertiam
2126 3456 2290 3501 terra:

710 3552 947 3609 partem,
982 3539 1078 3594 sed
1121 3540 1295 3594 solam
1354 3546 1561 3592 terram
1605 3538 1890 3593 Judaieam
1932 3538 2288 3607 gubernasse,

710 3648 822 3701 quo
852 3642 1121 3698 tempore,
1148 3644 1355 3697 quarso.
1397 3643 1430 3682 ο
1457 3630 1665 3693 .ludtee,
1698 3629 1835 3682 ﬁnes
1861 3637 2021 3683 terra:
2048 3628 2293 3697 possedit

711 3725 932 3775 Salonio
950 3724 973 3774 Υ
994 3721 1225 3786 Quando
1250 3722 1400 3789 pavit
1424 3736 1523 3774 eos
1552 3721 1606 3773 in
1642 3722 1789 3789 virga
1814 3720 2035 3774 ferrea?
2058 3719 2292 3784 Quando

710 3816 864 3867 velut
897 3830 1024 3867 vasa
1070 3813 1219 3882 tiguli
1264 3812 1528 3867 contrivit
1568 3814 1757 3868 hostes
1794 3813 1966 3868 suos?
1999 3812 2289 3881 Nunquam

711 3921 959 3962 omnino.

786 4185 863 4238 Ad
895 4183 1067 4237 Judzui
1102 4191 1283 4236 autem
1319 4181 1684 4251 ohjectionem
1719 4200 1732 4236 :
1769 4182 1824 4237 Si
1854 4183 2027 4238 Filius
2053 4195 2137 4239 est
2174 4187 2292 4249 Dei,

716 4280 796 4330 uti
834 4276 1104 4335 asseritis,
1136 4276 1416 4343 quomodo
1444 4275 1648 4330 diserit
1686 4276 1831 4330 Deus
1862 4277 2018 4345 quasi
2062 4279 2130 4332 ad
2174 4294 2295 4333 ser-

715 4386 845 4423 \‘uut
882 4388 895 4423 :
939 4389 956 4419 ι
995 4371 1125 4423 Pete
1176 4384 1207 4422 a
1256 4384 1377 4433 me,
1422 4376 1481 4423 et
1525 4368 1671 4422 dabo
1720 4369 1859 4424 tibi?
1888 4389 1906 4421 ι
1945 4371 2015 4425 Ει
2050 4387 2245 4425 rursus
2279 4390 2293 4425 :

723 4480 741 4510 ι
784 4463 893 4528 ligo
922 4461 1086 4514 hodie
1122 4470 1173 4512 te
1200 4459 1391 4528 genui,
1427 4477 1445 4510 ι
1487 4460 1746 4513 similiter
1780 4461 1935 4528 quasi
1977 4461 2045 4515 ad
2072 4476 2292 4517 servum

716 4554 811 4619 qui
846 4562 993 4619 petat
1024 4563 1188 4618 atque
1222 4551 1481 4619 accipiat,
1526 4560 1584 4605 et
1613 4551 1682 4605 de
1713 4550 1987 4606 hodierno
2016 4553 2127 4615 die,
2168 4570 2292 4608 eum
2322 4532 2375 4590 D

716 4649 865 4699 dit-at
894 4663 905 4698 :
943 4663 959 4692 ι
994 4645 1106 4713 Ego
1138 4644 1304 4697 hodie
1334 4656 1385 4697 te
1409 4644 1607 4714 genui;
1644 4662 1662 4695 ι
1694 4659 1793 4698 vos
1818 4645 2116 4699 Christiani
2144 4648 2291 4701 enim

716 4744 844 4786 ante
887 4733 1151 4784 numdum
1208 4731 1433 4784 omnino
1483 4746 1609 4784 eum
1652 4744 1845 4786 uatum
1889 4750 2011 4787 esse
2064 4736 2291 4791 dicitis:

718 4821 786 4872 ad
830 4820 991 4879 hane,
1024 4820 1270 4884 inquam.
1296 4819 1667 4887 objectionem
1699 4821 1750 4873 ei
1785 4820 1865 4874 sic
1893 4824 2291 4890 reSpondehis:

720 4912 796 4964 De
826 4927 894 4964 eo
922 4911 1069 4979 quod
1104 4912 1264 4964 Pater
1294 4910 1361 4963 ad
1394 4910 1593 4963 Filium
1623 4912 1828 4967 dixerit
1854 4930 1868 4966 :
1910 4932 1927 4966 ι
1967 4916 2098 4971 Pete
2127 4932 2156 4971 a
2186 4934 2295 4983 me,

719 5014 776 5058 et
808 5005 951 5057 dabo
992 5004 1113 5066 tibi,
1158 5023 1177 5055 ι
1210 5005 1319 5057 noii
1355 5005 1582 5058 offendi.
1623 5004 1776 5075 Saepe
1831 5009 1979 5061 enim
2021 5025 2113 5063 rex
2157 5026 2299 5078 quo-

720 5114 850 5161 que,
887 5097 1055 5149 animi
1086 5097 1473 5150 benevolentia
1503 5097 1726 5160 ductus,
1770 5101 1836 5153 ad
1882 5101 2055 5154 lilium
2104 5103 2242 5156 dicit
2280 5121 2292 5156 :

722 5186 871 5254 ltoga
924 5202 1034 5245 Ine,
1086 5194 1142 5238 et
1192 5187 1493 5239 concedam
1540 5187 1640 5241 tibi
1690 5190 1962 5257 quidquid
2030 5194 2295 5247 volueris.

720 5278 878 5340 Quod
915 5288 1100 5329 autent
1149 5277 1363 5331 addidit
1396 5295 1408 5331 :
1447 5296 1465 5328 ι
1500 5278 1612 5345 Ego
1644 5280 1810 5334 hodie
1850 5291 1900 5336 te
1950 5285 2138 5352 genui,
2183 5304 2201 5332 ι
2242 5285 2296 5339 id

722 5369 792 5422 de
822 5369 1179 5432 generatione
1210 5370 1332 5437 ejus
1359 5372 1666 5425 secundum
1706 5388 1931 5427 carnem
1982 5376 2297 5444 intelligen-

722 5463 852 5512 dum
878 5473 982 5515 est.
1015 5462 1288 5529 siquidem
1320 5464 1495 5516 Patris
1528 5465 1864 5533 benignitate
1886 5482 1917 5521 e
1951 5476 2136 5520 sancta
2174 5468 2300 5522 Dei-

721 5562 931 5619 paraet
962 5566 1178 5620 semper
1211 5554 1425 5624 virgine
1469 5556 1637 5610 Maria
1682 5565 1847 5610 natus
1872 5566 1977 5612 est.
2023 5558 2101 5612 Ad
2131 5575 2295 5627 quem

795 5735 838 5766 ⁸³
867 5735 968 5787 .loh
998 5750 1180 5795 χχχιιι.
1214 5735 1263 5786 ί.

724 5807 863 5867 ιι,’ῐ.
944 5808 981 5838 ⁸³
1028 5805 1139 5858 ibid
1196 5807 1226 5855 ὃ
1281 5806 1331 5857 ιι.

1345 5736 1381 5765 "
1411 5734 1551 5791 Psal.
1579 5750 1666 5789 cm
1696 5774 1708 5800 ,
1733 5735 1819 5788 δι».
1900 5739 1939 5769 ιι
1971 5738 2105 5791 Gen.
2143 5754 2217 5794 ιιι.
2252 5738 2322 5792 :22

2395 3252 2496 3319 τὴν
2537 3251 2904 3320 κληρονομίαν
2953 3267 3070 3317 σου,
3110 3251 3209 3305 καὶ
3258 3250 3359 3321 τὴν
3401 3251 3734 3319 κατάσχεσιν
3783 3268 3881 3304 σου
3913 3249 3982 3304 τὰ

2398 3346 2615 3415 πέρατα
2641 3346 2742 3413 τῆς
2766 3345 2891 3414 γῆς·
2927 3347 3213 3415 ποιμανεῖς
3243 3345 3441 3408 αὐτοὺς
3468 3348 3527 3397 ὲν
3558 3345 3741 3415 ῥάϐδῳ
3759 3345 3979 3417 σιδηρᾷ,

2398 3438 2473 3499 ὡς
2502 3438 2671 3506 σκεύη
2706 3438 2999 3507 κεραμέως
3039 3438 3350 3506 συντρίψεις
3400 3437 3621 3499 αὐτούς.
3658 3455 3676 3487 ι
3717 3438 3857 3490 Εἰπέ
3892 3455 3979 3507 μοι

2397 3525 2491 3582 οῦν
2528 3529 2592 3582 σὺ
2630 3528 2779 3599 ἄρτι,
2824 3529 3067 3593 Ἰουδαῖε,
3104 3530 3323 3591 πάντως
3351 3529 3509 3598 δῆλον
3552 3528 3645 3581 καὶ
3681 3528 3979 3597 ὁμολογοῦ-

2402 3622 2563 3690 μενόν
2592 3622 2762 3682 ἐστιν,
2795 3622 2872 3684 ὠς
2905 3620 3152 3689 εἴπομεν,
3183 3621 3266 3673 ὅτι
3314 3622 3483 3691 ἥμισυ
3517 3623 3617 3690 τῆς
3666 3621 3770 3689 γῆς
3823 3620 3980 3673 Solo-

2403 3712 2519 3781 μῶν
2545 3713 2605 3764 οὐ
2646 3713 2932 3781 κατέσχεν,
2964 3713 3085 3765 οὐδὲ
3133 3711 3194 3765 τὸ
3238 3711 3445 3780 τρίτον,
3480 3712 3637 3773 ἐκτὸς
3683 3716 3777 3762 καὶ
3821 3711 3981 3780 μόνον

2398 3803 2501 3870 τὴν
2546 3801 2805 3855 Ἰουδαίαν
2835 3802 2960 3871 γῆν.
2992 3803 3215 3863 Λοιπὸν,
3258 3803 3388 3855 πότε
3437 3802 3705 3870 κατέσχεν
3746 3804 3775 3856 6
3823 3801 3983 3854 Σολο-

2404 3894 2520 3962 μῶν
2548 3894 2617 3946 τά
2649 3893 2859 3964 πέρατα
2888 3894 2989 3962 τῆς
3015 3893 3158 3961 γῆς;
3193 3893 3329 3945 Πότε
3364 3892 3421 3946 δὲ
3462 3894 3759 3964 ὲποίμανεν
3782 3894 3983 3958 αὐτοὺς

2400 3985 2458 4036 ἐν
2488 3985 2670 4053 ῥάϐδῳ
2701 3986 2898 4054 σιδηρᾷ
2925 4001 2940 4047 ς
2979 3985 3119 4037 Πότε
3150 3985 3207 4038 δὲ
3237 3985 3311 4046 ὡς
3337 3984 3505 4054 σκεύη
3536 3986 3830 4053 κεραμέως
3861 4002 3980 4039 συν-

2402 4076 2589 4143 έτριψε
2632 4076 2757 4137 τοὺς
2787 4076 3016 4144 ἐχθροὺς
3049 4074 3213 4127 αὑτοῦ
3240 4092 3256 4139 ;
3299 4076 3523 4139 Πάντως
3555 4076 3838 4130 οὐδέποτε.

2473 4192 2533 4243 Εἰ
2563 4191 2617 4244 δὲ
2657 4188 2785 4260 εἴπῃ
2821 4192 2849 4242 6
2885 4190 3156 4252 Ἰουδαῖος*
3189 4189 3252 4241 Εἰ
3288 4190 3414 4251 Υἱός
3445 4192 3560 4243 ἐστι
3588 4188 3683 4243 τοῦ
3712 4189 3873 4257 Θεοῦ,
3908 4191 3980 4255 ὥς

2403 4280 2611 4348 λέγετε,
2646 4280 2762 4343 πῶς
2791 4274 2944 4331 εἶπεν
2975 4282 3004 4333 6
3030 4280 3161 4343 Θεὸς
3187 4280 3263 4342 ὡς
3292 4280 3430 4350 πρὸς
3452 4280 3659 4334 δοῦλον⁹
3695 4300 3714 4332 ι
3745 4282 3980 4352 Αἴτησαι

2404 4372 2717 4442 παρ’ἐμοῦ,
2748 4372 2843 4425 καὶ
2889 4371 3048 4423 δώσω
3085 4386 3201 4435 σοις
3237 4389 3256 4423 ι
3292 4373 3387 4423 καὶ
3417 4370 3600 4423 πάλιν
3633 4390 3653 4422 ι
3701 4372 3845 4440 Ἐγὼ
3884 4376 3978 4443 σή-

2409 4478 2571 4530 μερον
2599 4460 2906 4528 γεγέννηκά
2930 4476 3021 4525 σε;
3064 4476 3082 4508 ι
3115 4458 3268 4527 Τάχα
3303 4458 3378 4521 ὡς
3401 4459 3539 4529 πρὸς
3565 4457 3772 4523 δοῦλον,
3804 4459 3894 4514 διά
3924 4461 3980 4514 τὸ

2401 4552 2572 4601 αἰτεῖν
2611 4550 2705 4602 καὶ
2750 4546 3073 4617 λαμϐάνειν*
3118 4548 3214 4599 καὶ
3253 4546 3329 4610 ὠς
3378 4548 3656 4617 ἐφήμερον
3682 4589 3696 4610 ,
3758 4548 3848 4601 διὰ
3898 4550 3975 4613 τὸ,

2407 4661 2425 4693 ι
2482 4641 2623 4709 Ἐγὼ
2660 4641 2900 4710 σήμερον
2939 4639 3250 4709 γεγέννηκά
3279 4656 3336 4691 σε
3358 4656 3372 4670 ο
3410 4657 3429 4690 ι
3467 4639 3561 4693 καὶ
3598 4639 3707 4709 γάρ
3744 4639 3903 4709 ὑμεῖς
3929 4641 3977 4694 οί

2403 4731 2721 4801 Χριστιανοὶ
2754 4730 2859 4799 πρὸ
2893 4728 2986 4781 τοῦ
3021 4728 3230 4795 κόσμου
3265 4730 3386 4780 ὅλου
3416 4727 3604 4795 λέγετε
3636 4729 3718 4781 ὅτι
3753 4730 3975 4799 ἐγεννή-

2404 4825 2490 4895 οη·
2525 4824 2646 4877 είπὲ
2703 4823 2851 4893 αὐτῷ
2881 4822 3072 4886 οὕτως’
3116 4823 3253 4893 Περὶ
3301 4821 3396 4875 τοῦ
3443 4821 3618 4874 εἰπεῖν
3645 4821 3738 4874 τὸν
3763 4822 3977 4892 Πατέρα

2403 4916 2540 4984 πρὸς
2574 4917 2663 4968 τὸν
2698 4916 2845 4979 Υἱὸν,
2878 4916 2959 4968 ὅτι
2997 4932 3015 4965 ι
3063 4915 3296 4983 Δῖτησαι
3348 4915 3477 4985 παρ’
3512 4912 3670 4983 ἐμοῦ,
3700 4915 3797 4965 καὶ
3826 4915 3978 4969 δώσω

2403 5024 2507 5070 σοι,
2548 5027 2565 5059 ι
2600 5008 2673 5078 μὴ
2702 5006 3074 5071 σκανδαλίζουο
3107 5006 3279 5059 πολλὰ
3306 5005 3416 5074 γάρ
3441 5006 3536 5058 καὶ
3567 5003 3820 5074 βασιλεὺς
3848 5007 3978 5079 πρὸς

2400 5102 2491 5152 τὸν
2519 5100 2685 5152 αὑτοῦ
2742 5101 2858 5154 υἱὸν
2888 5100 3038 5167 λέγει
3092 5099 3201 5153 ἀπὸ
3234 5098 3439 5168 πολλῆς
3470 5099 3714 5168 ἀγάπης·
3750 5100 3978 5169 Αἵτησαί

2405 5210 2516 5261 μοι,
2547 5194 2642 5244 καὶ
2668 5193 2891 5262 παρέχω
2916 5210 2999 5245 σοι
3025 5193 3078 5245 εἴ
3104 5210 3157 5245 τι
3185 5191 3380 5255 θέλεις.
3407 5194 3516 5246 Καὶ
3546 5193 3709 5247 πάλιν
3732 5195 3863 5263 περὶ
3890 5193 3976 5246 τοῦ

2402 5287 2598 5349 εἰπεῖν,
2656 5302 2673 5333 ι
2720 5284 2861 5352 Ἐγὼ
2895 5285 3135 5354 σήμερον
3174 5283 3486 5353 γεγέννηκά
3532 5300 3614 5348 σε,
3656 5302 3675 5335 ι
3730 5284 3978 5354 περὶτῆς

2402 5375 2546 5428 κατὰ
2602 5375 2782 5441 σάρκα
2836 5376 3145 5443 γεννήσεως
3188 5373 3353 5426 αὐτοῦ
3396 5373 3583 5441 λέγει’
3628 5373 3851 5443 εὐδοκία
3877 5373 3975 5444 γάρ

2400 5467 2495 5520 τοῦ
2526 5468 2761 5537 Πατρὸς,
2790 5465 2987 5535 ἐτέχθη
3020 5467 3082 5518 ἐκ
3108 5466 3207 5534 τῆς
3236 5466 3399 5531 ἁγίας
3424 5465 3688 5519 Θεοτόκου
3713 5466 3811 5518 καὶ
3846 5466 3976 5517 Ἀει-

2400 5560 2673 5628 παρθένου
2704 5558 2946 5629 Μαρίας.
2990 5558 3110 5609 Τίνι
3136 5558 3246 5627 γάρ
3270 5552 3392 5610 εἶπέ
3422 5573 3553 5609 ποτε
3577 5556 3684 5609 τῶν
3706 5555 3975 5628 ἀγγέλων,

2425 5740 2464 5769 ’³
2490 5739 2648 5793 Τις-ιιι.
2684 5755 2751 5802 γι,
2788 5739 2831 5792 ί.
2918 5736 3118 5793 H'l"sal.
3157 5752 3323 5799 χχχιι,
3356 5735 3406 5790 6.
3490 5735 3687 5790 "ibid.

2918 5736 3118 5793 "’Psal.
3157 5752 3323 5799 χχχιι,
3356 5734 3406 5790 6.
3490 5736 3530 5768 ³⁸
3554 5735 3687 5790 ibid.
3768 5738 3816 5768 “
3842 5736 3971 5793 Psal.
