  <div class='ocr_page' id='page_1' title='image "/cluster/home/n/w/nwhite01/storage/ocr_20150623/89/nnc1.0046980172/630.png"; bbox 0 0 4190 6438; ppageno 0'>
   <div class='ocr_carea' id='block_1_1' title="bbox 200 363 335 427">
    <p class='ocr_par' dir='ltr' id='par_1_1' title="bbox 200 363 335 427">
     <span class='ocr_line' id='line_1_1' title="bbox 200 363 335 427; baseline -0.015 -1"><span class='ocrx_word' id='word_1_1' title='bbox 200 363 335 427; x_wconf 72' lang='lat'><strong>1230</strong></span> 
     </span>
    </p>
   </div>
   <div class='ocr_carea' id='block_1_2' title="bbox 203 462 1619 538">
    <p class='ocr_par' dir='ltr' id='par_1_2' title="bbox 203 462 1619 538">
     <span class='ocr_line' id='line_1_2' title="bbox 203 462 1619 538; baseline 0.002 -20"><span class='ocrx_word' id='word_1_2' title='bbox 203 487 221 517; x_wconf 75' lang='grc' dir='ltr'><strong>ι</strong></span> <span class='ocrx_word' id='word_1_3' title='bbox 274 470 399 530; x_wconf 72' lang='grc' dir='ltr'><strong>Υἱός</strong></span> <span class='ocrx_word' id='word_1_4' title='bbox 428 486 530 537; x_wconf 86' lang='grc' dir='ltr'><strong>μου</strong></span> <span class='ocrx_word' id='word_1_5' title='bbox 561 462 614 523; x_wconf 75' lang='grc' dir='ltr'><strong>εἶ</strong></span> <span class='ocrx_word' id='word_1_6' title='bbox 646 468 733 528; x_wconf 68' lang='grc' dir='ltr'><strong>σί).</strong></span> <span class='ocrx_word' id='word_1_7' title='bbox 765 468 876 535; x_wconf 76' lang='grc' dir='ltr'><strong>ἐγὼ</strong></span> <span class='ocrx_word' id='word_1_8' title='bbox 900 468 1142 538; x_wconf 79' lang='grc' dir='ltr'><strong>σήμερον</strong></span> <span class='ocrx_word' id='word_1_9' title='bbox 1169 470 1477 538; x_wconf 75' lang='grc' dir='ltr'><strong>γεγέννηκά</strong></span> <span class='ocrx_word' id='word_1_10' title='bbox 1519 487 1577 521; x_wconf 90' lang='grc' dir='ltr'><strong>σε</strong></span> <span class='ocrx_word' id='word_1_11' title='bbox 1604 485 1619 532; x_wconf 89' lang='lat'><strong>;</strong></span> 
     </span>
    </p>
   </div>
   <div class='ocr_carea' id='block_1_3' title="bbox 202 560 1782 629">
    <p class='ocr_par' dir='ltr' id='par_1_3' title="bbox 202 560 1782 629">
     <span class='ocr_line' id='line_1_3' title="bbox 202 560 1782 629; baseline 0.001 -19"><span class='ocrx_word' id='word_1_12' title='bbox 202 562 371 627; x_wconf 72' lang='grc' dir='ltr'><strong>((ιὺχὶ</strong></span> <span class='ocrx_word' id='word_1_13' title='bbox 390 562 593 623; x_wconf 81' lang='grc' dir='ltr'><strong>πάντες</strong></span> <span class='ocrx_word' id='word_1_14' title='bbox 619 563 724 613; x_wconf 72' lang='lat' dir='ltr'><strong>sici</strong></span> <span class='ocrx_word' id='word_1_15' title='bbox 753 561 1098 629; x_wconf 73' lang='grc' dir='ltr'><strong>λειτουργικὰ</strong></span> <span class='ocrx_word' id='word_1_16' title='bbox 1123 560 1404 629; x_wconf 79' lang='grc' dir='ltr'><strong>πνεύματα</strong></span> <span class='ocrx_word' id='word_1_17' title='bbox 1419 563 1495 622; x_wconf 86' lang='grc' dir='ltr'><strong>εἰς</strong></span> <span class='ocrx_word' id='word_1_18' title='bbox 1510 561 1782 613; x_wconf 71' lang='grc' dir='ltr'><strong>διακονίαν</strong></span> 
     </span>
    </p>
   </div>
   <div class='ocr_carea' id='block_1_4' title="bbox 198 652 1783 722">
    <p class='ocr_par' dir='ltr' id='par_1_4' title="bbox 198 652 1783 722">
     <span class='ocr_line' id='line_1_4' title="bbox 198 652 1783 722; baseline 0.003 -20"><span class='ocrx_word' id='word_1_19' title='bbox 198 653 646 719; x_wconf 71' lang='grc' dir='ltr'><strong>ἀποστελλόμενα</strong></span> <span class='ocrx_word' id='word_1_20' title='bbox 667 670 716 719; x_wconf 76' lang='grc' dir='ltr'><strong>;ι</strong></span> <span class='ocrx_word' id='word_1_21' title='bbox 756 655 861 704; x_wconf 74' lang='grc' dir='ltr'><strong>Καὶ</strong></span> <span class='ocrx_word' id='word_1_22' title='bbox 886 653 1044 705; x_wconf 81' lang='grc' dir='ltr'><strong>πάλιν</strong></span> <span class='ocrx_word' id='word_1_23' title='bbox 1075 652 1333 722; x_wconf 70' lang='grc' dir='ltr'><strong>άλλαχοῡσ</strong></span> <span class='ocrx_word' id='word_1_24' title='bbox 1369 671 1389 703; x_wconf 71' lang='grc' dir='ltr'><strong>ι</strong></span> <span class='ocrx_word' id='word_1_25' title='bbox 1415 653 1554 720; x_wconf 84' lang='grc' dir='ltr'><strong>Ἐγὼ</strong></span> <span class='ocrx_word' id='word_1_26' title='bbox 1589 652 1783 720; x_wconf 76' lang='grc' dir='ltr'><strong>ἔσομαι</strong></span> 
     </span>
    </p>
   </div>
   <div class='ocr_carea' id='block_1_5' title="bbox 199 744 1784 813">
    <p class='ocr_par' dir='ltr' id='par_1_5' title="bbox 199 744 1784 813">
     <span class='ocr_line' id='line_1_5' title="bbox 199 744 1784 813; baseline 0.003 -21"><span class='ocrx_word' id='word_1_27' title='bbox 199 744 277 803; x_wconf 77' lang='grc' dir='ltr'><strong>είς</strong></span> <span class='ocrx_word' id='word_1_28' title='bbox 312 744 561 813; x_wconf 76' lang='grc' dir='ltr'><strong>Πατέρα,</strong></span> <span class='ocrx_word' id='word_1_29' title='bbox 597 747 691 798; x_wconf 75' lang='grc' dir='ltr'><strong>καὶ</strong></span> <span class='ocrx_word' id='word_1_30' title='bbox 722 746 882 807; x_wconf 79' lang='grc' dir='ltr'><strong>αὐτὸς</strong></span> <span class='ocrx_word' id='word_1_31' title='bbox 913 748 1061 797; x_wconf 84' lang='grc' dir='ltr'><strong>Ξσται</strong></span> <span class='ocrx_word' id='word_1_32' title='bbox 1090 763 1181 812; x_wconf 80' lang='grc' dir='ltr'><strong>μοι</strong></span> <span class='ocrx_word' id='word_1_33' title='bbox 1234 747 1316 807; x_wconf 86' lang='grc' dir='ltr'><strong>είς</strong></span> <span class='ocrx_word' id='word_1_34' title='bbox 1354 746 1498 798; x_wconf 81' lang='grc' dir='ltr'><strong>Υιόν.</strong></span> <span class='ocrx_word' id='word_1_35' title='bbox 1550 764 1569 796; x_wconf 72' lang='grc' dir='ltr'><strong>ι</strong></span> <span class='ocrx_word' id='word_1_36' title='bbox 1600 745 1784 797; x_wconf 75' lang='grc' dir='ltr'><strong>Ταῦτα</strong></span> 
     </span>
    </p>
   </div>
   <div class='ocr_carea' id='block_1_6' title="bbox 200 835 1784 910">
    <p class='ocr_par' dir='ltr' id='par_1_6' title="bbox 200 835 1784 910">
     <span class='ocr_line' id='line_1_6' title="bbox 200 835 1784 910; baseline 0.002 -25"><span class='ocrx_word' id='word_1_37' title='bbox 200 837 311 904; x_wconf 69' lang='grc' dir='ltr'><strong>γὰρ</strong></span> <span class='ocrx_word' id='word_1_38' title='bbox 343 840 490 890; x_wconf 84' lang='grc' dir='ltr'><strong>κατά</strong></span> <span class='ocrx_word' id='word_1_39' title='bbox 542 839 603 889; x_wconf 77' lang='grc' dir='ltr'><strong>τὸ</strong></span> <span class='ocrx_word' id='word_1_40' title='bbox 632 837 973 905; x_wconf 86' lang='grc' dir='ltr'><strong>ἀνθρώπινον</strong></span> <span class='ocrx_word' id='word_1_41' title='bbox 1029 839 1124 891; x_wconf 79' lang='grc' dir='ltr'><strong>καὶ</strong></span> <span class='ocrx_word' id='word_1_42' title='bbox 1171 839 1273 910; x_wconf 81' lang='grc' dir='ltr'><strong>τὴν</strong></span> <span class='ocrx_word' id='word_1_43' title='bbox 1315 839 1582 908; x_wconf 80' lang='grc' dir='ltr'><strong>ἕνσαρκον</strong></span> <span class='ocrx_word' id='word_1_44' title='bbox 1617 835 1784 889; x_wconf 75' lang='grc' dir='ltr'><strong>αὑτοῦ</strong></span> 
     </span>
    </p>
   </div>
   <div class='ocr_carea' id='block_1_7' title="bbox 204 929 1784 1000">
    <p class='ocr_par' dir='ltr' id='par_1_7' title="bbox 204 929 1784 1000">
     <span class='ocr_line' id='line_1_7' title="bbox 204 929 1784 1000; baseline 0.003 -23"><span class='ocrx_word' id='word_1_45' title='bbox 204 929 527 995; x_wconf 72' lang='grc' dir='ltr'><strong>οἰκονομίαν</strong></span> <span class='ocrx_word' id='word_1_46' title='bbox 566 929 806 999; x_wconf 77' lang='grc' dir='ltr'><strong>εἴρηκεν,</strong></span> <span class='ocrx_word' id='word_1_47' title='bbox 836 932 897 982; x_wconf 81' lang='grc' dir='ltr'><strong>οὐ</strong></span> <span class='ocrx_word' id='word_1_48' title='bbox 935 930 1033 1000; x_wconf 77' lang='grc' dir='ltr'><strong>τὴν</strong></span> <span class='ocrx_word' id='word_1_49' title='bbox 1080 931 1301 983; x_wconf 79' lang='grc' dir='ltr'><strong>αἰώνιον</strong></span> <span class='ocrx_word' id='word_1_50' title='bbox 1334 930 1589 998; x_wconf 80' lang='grc' dir='ltr'><strong>γέννησιν</strong></span> <span class='ocrx_word' id='word_1_51' title='bbox 1614 929 1784 997; x_wconf 86' lang='grc' dir='ltr'><strong>δηλοῖ,</strong></span> 
     </span>
    </p>
   </div>
   <div class='ocr_carea' id='block_1_8' title="bbox 209 1018 1787 1092">
    <p class='ocr_par' dir='ltr' id='par_1_8' title="bbox 209 1018 1787 1092">
     <span class='ocr_line' id='line_1_8' title="bbox 209 1018 1787 1092; baseline 0.003 -25"><span class='ocrx_word' id='word_1_52' title='bbox 209 1018 349 1070; x_wconf 74' lang='grc' dir='ltr'><strong>ἀλλὰ</strong></span> <span class='ocrx_word' id='word_1_53' title='bbox 376 1020 476 1087; x_wconf 77' lang='grc' dir='ltr'><strong>τὴν</strong></span> <span class='ocrx_word' id='word_1_54' title='bbox 513 1021 621 1072; x_wconf 90' lang='grc' dir='ltr'><strong>τῶν</strong></span> <span class='ocrx_word' id='word_1_55' title='bbox 650 1022 857 1089; x_wconf 53' lang='grc' dir='ltr'><strong>χῴνων</strong></span> <span class='ocrx_word' id='word_1_56' title='bbox 888 1022 1346 1091; x_wconf 80' lang='grc' dir='ltr'><strong>συνεζευγμένην.</strong></span> <span class='ocrx_word' id='word_1_57' title='bbox 1391 1020 1453 1075; x_wconf 83' lang='grc' dir='ltr'>Ὀ</span> <span class='ocrx_word' id='word_1_58' title='bbox 1488 1021 1596 1092; x_wconf 74' lang='grc' dir='ltr'><strong>γάρ</strong></span> <span class='ocrx_word' id='word_1_59' title='bbox 1625 1020 1787 1089; x_wconf 77' lang='grc' dir='ltr'><strong>φύσει</strong></span> 
     </span>
    </p>
   </div>
   <div class='ocr_carea' id='block_1_9' title="bbox 209 1108 1788 1182">
    <p class='ocr_par' dir='ltr' id='par_1_9' title="bbox 209 1108 1788 1182">
     <span class='ocr_line' id='line_1_9' title="bbox 209 1108 1788 1182; baseline 0.001 -22"><span class='ocrx_word' id='word_1_60' title='bbox 209 1108 341 1171; x_wconf 65' lang='grc' dir='ltr'><strong>Υἱὸς</strong></span> <span class='ocrx_word' id='word_1_61' title='bbox 376 1110 513 1161; x_wconf 71' lang='grc' dir='ltr'><strong>θεοῦ</strong></span> <span class='ocrx_word' id='word_1_62' title='bbox 536 1111 729 1178; x_wconf 81' lang='grc' dir='ltr'><strong>γέγονε</strong></span> <span class='ocrx_word' id='word_1_63' title='bbox 764 1115 855 1164; x_wconf 81' lang='grc' dir='ltr'><strong>καὶ</strong></span> <span class='ocrx_word' id='word_1_64' title='bbox 888 1113 1049 1180; x_wconf 75' lang='grc' dir='ltr'><strong>φύσει</strong></span> <span class='ocrx_word' id='word_1_65' title='bbox 1086 1112 1372 1182; x_wconf 82' lang='grc' dir='ltr'><strong>ἄνθρωπος</strong></span> <span class='ocrx_word' id='word_1_66' title='bbox 1401 1112 1489 1164; x_wconf 77' lang='grc' dir='ltr'><strong>διὰ</strong></span> <span class='ocrx_word' id='word_1_67' title='bbox 1507 1112 1604 1181; x_wconf 80' lang='grc' dir='ltr'><strong>τὴν</strong></span> <span class='ocrx_word' id='word_1_68' title='bbox 1631 1111 1788 1181; x_wconf 80' lang='grc' dir='ltr'><strong>ήμῶν</strong></span> 
     </span>
    </p>
   </div>
   <div class='ocr_carea' id='block_1_10' title="bbox 205 1198 1789 1270">
    <p class='ocr_par' dir='ltr' id='par_1_10' title="bbox 205 1198 1789 1270">
     <span class='ocr_line' id='line_1_10' title="bbox 205 1198 1789 1270; baseline 0.004 -24"><span class='ocrx_word' id='word_1_69' title='bbox 205 1198 510 1264; x_wconf 84' lang='grc' dir='ltr'><strong>σωτηρίαν,</strong></span> <span class='ocrx_word' id='word_1_70' title='bbox 548 1198 609 1249; x_wconf 84' lang='grc' dir='ltr'><strong>οὺ</strong></span> <span class='ocrx_word' id='word_1_71' title='bbox 646 1201 787 1251; x_wconf 80' lang='grc' dir='ltr'><strong>κατά</strong></span> <span class='ocrx_word' id='word_1_72' title='bbox 811 1200 975 1268; x_wconf 83' lang='grc' dir='ltr'><strong>χάριν</strong></span> <span class='ocrx_word' id='word_1_73' title='bbox 1002 1201 1162 1253; x_wconf 83' lang='grc' dir='ltr'><strong>τοῦτο</strong></span> <span class='ocrx_word' id='word_1_74' title='bbox 1195 1201 1485 1268; x_wconf 85' lang='grc' dir='ltr'><strong>λαμϐάνων</strong></span> <span class='ocrx_word' id='word_1_75' title='bbox 1523 1202 1658 1270; x_wconf 79' lang='grc' dir='ltr'><strong>(ἔχει</strong></span> <span class='ocrx_word' id='word_1_76' title='bbox 1680 1202 1789 1270; x_wconf 83' lang='grc' dir='ltr'><strong>γὰρ</strong></span> 
     </span>
    </p>
   </div>
   <div class='ocr_carea' id='block_1_11' title="bbox 203 1289 1787 1361">
    <p class='ocr_par' dir='ltr' id='par_1_11' title="bbox 203 1289 1787 1361">
     <span class='ocr_line' id='line_1_11' title="bbox 203 1289 1787 1361; baseline 0.002 -19"><span class='ocrx_word' id='word_1_77' title='bbox 203 1289 341 1342; x_wconf 76' lang='grc' dir='ltr'><strong>αὐτὸ</strong></span> <span class='ocrx_word' id='word_1_78' title='bbox 369 1291 512 1343; x_wconf 85' lang='grc' dir='ltr'><strong>κατά</strong></span> <span class='ocrx_word' id='word_1_79' title='bbox 539 1290 718 1359; x_wconf 80' lang='grc' dir='ltr'><strong>φύσιν·</strong></span> <span class='ocrx_word' id='word_1_80' title='bbox 749 1293 844 1344; x_wconf 78' lang='grc' dir='ltr'><strong>καὶ</strong></span> <span class='ocrx_word' id='word_1_81' title='bbox 880 1292 1149 1361; x_wconf 84' lang='grc' dir='ltr'><strong>λαμϐάνει</strong></span> <span class='ocrx_word' id='word_1_82' title='bbox 1177 1292 1335 1345; x_wconf 80' lang='grc' dir='ltr'><strong>τοῦτο</strong></span> <span class='ocrx_word' id='word_1_83' title='bbox 1386 1292 1549 1345; x_wconf 87' lang='grc' dir='ltr'><strong>πάλιν</strong></span> <span class='ocrx_word' id='word_1_84' title='bbox 1577 1292 1652 1355; x_wconf 84' lang='grc' dir='ltr'><strong>ῶς</strong></span> <span class='ocrx_word' id='word_1_85' title='bbox 1689 1292 1787 1344; x_wconf 81' lang='grc' dir='ltr'><strong>άν-</strong></span> 
     </span>
    </p>
   </div>
   <div class='ocr_carea' id='block_1_12' title="bbox 206 1375 1789 1450">
    <p class='ocr_par' dir='ltr' id='par_1_12' title="bbox 206 1375 1789 1450">
     <span class='ocr_line' id='line_1_12' title="bbox 206 1375 1789 1450; baseline 0.001 -21"><span class='ocrx_word' id='word_1_86' title='bbox 206 1378 455 1446; x_wconf 73' lang='grc' dir='ltr'><strong>θριυπος,</strong></span> <span class='ocrx_word' id='word_1_87' title='bbox 481 1381 618 1447; x_wconf 80' lang='grc' dir='ltr'><strong>ὅπερ</strong></span> <span class='ocrx_word' id='word_1_88' title='bbox 644 1375 809 1449; x_wconf 81' lang='grc' dir='ltr'><strong>εἶχεν,</strong></span> <span class='ocrx_word' id='word_1_89' title='bbox 837 1381 911 1441; x_wconf 86' lang='grc' dir='ltr'><strong>ὼς</strong></span> <span class='ocrx_word' id='word_1_90' title='bbox 942 1382 1095 1444; x_wconf 78' lang='grc' dir='ltr'><strong>θεὸς.</strong></span> <span class='ocrx_word' id='word_1_91' title='bbox 1128 1380 1389 1449; x_wconf 75' lang='grc' dir='ltr'><strong>’Υψιστος</strong></span> <span class='ocrx_word' id='word_1_92' title='bbox 1413 1382 1518 1450; x_wconf 90' lang='grc' dir='ltr'><strong>γάρ</strong></span> <span class='ocrx_word' id='word_1_93' title='bbox 1540 1380 1633 1443; x_wconf 87' lang='grc' dir='ltr'><strong>ῶν,</strong></span> <span class='ocrx_word' id='word_1_94' title='bbox 1658 1379 1789 1443; x_wconf 80' lang='grc' dir='ltr'><strong>θεὸς</strong></span> 
     </span>
    </p>
   </div>
   <div class='ocr_carea' id='block_1_13' title="bbox 205 1471 1791 1545">
    <p class='ocr_par' dir='ltr' id='par_1_13' title="bbox 205 1471 1791 1545">
     <span class='ocr_line' id='line_1_13' title="bbox 205 1471 1791 1545; baseline 0.001 -20"><span class='ocrx_word' id='word_1_95' title='bbox 205 1475 451 1539; x_wconf 69' lang='grc' dir='ltr'><strong>ἐγένετο)</strong></span> <span class='ocrx_word' id='word_1_96' title='bbox 475 1491 488 1504; x_wconf 90' lang='grc'>·</span> <span class='ocrx_word' id='word_1_97' title='bbox 533 1474 647 1527; x_wconf 81' lang='grc' dir='ltr'><strong>ἀλλ’</strong></span> <span class='ocrx_word' id='word_1_98' title='bbox 677 1475 752 1536; x_wconf 86' lang='grc' dir='ltr'><strong>ὼς</strong></span> <span class='ocrx_word' id='word_1_99' title='bbox 802 1476 900 1545; x_wconf 78' lang='grc' dir='ltr'><strong>μὲν</strong></span> <span class='ocrx_word' id='word_1_100' title='bbox 928 1477 1082 1538; x_wconf 70' lang='grc' dir='ltr'><strong>Θεὸς,</strong></span> <span class='ocrx_word' id='word_1_101' title='bbox 1120 1477 1396 1543; x_wconf 85' lang='grc' dir='ltr'><strong>Δεσπότης</strong></span> <span class='ocrx_word' id='word_1_102' title='bbox 1422 1471 1491 1544; x_wconf 80' lang='grc' dir='ltr'><strong>ἦν</strong></span> <span class='ocrx_word' id='word_1_103' title='bbox 1516 1474 1625 1527; x_wconf 90' lang='grc' dir='ltr'><strong>τῶν</strong></span> <span class='ocrx_word' id='word_1_104' title='bbox 1653 1476 1791 1527; x_wconf 75' lang='grc' dir='ltr'><strong>ὅλων</strong></span> 
     </span>
    </p>
   </div>
   <div class='ocr_carea' id='block_1_14' title="bbox 204 1560 1791 1636">
    <p class='ocr_par' dir='ltr' id='par_1_14' title="bbox 204 1560 1791 1636">
     <span class='ocr_line' id='line_1_14' title="bbox 204 1560 1791 1636; baseline 0.001 -22"><span class='ocrx_word' id='word_1_105' title='bbox 204 1564 314 1615; x_wconf 78' lang='grc' dir='ltr'><strong>ἀεί’</strong></span> <span class='ocrx_word' id='word_1_106' title='bbox 346 1565 425 1627; x_wconf 82' lang='grc' dir='ltr'><strong>ὡς</strong></span> <span class='ocrx_word' id='word_1_107' title='bbox 456 1564 512 1616; x_wconf 80' lang='grc' dir='ltr'><strong>δὲ</strong></span> <span class='ocrx_word' id='word_1_108' title='bbox 539 1566 846 1634; x_wconf 77' lang='grc' dir='ltr'><strong>ἄνθρωπος,</strong></span> <span class='ocrx_word' id='word_1_109' title='bbox 877 1567 1246 1636; x_wconf 84' lang='grc' dir='ltr'><strong>προσελάϐετο</strong></span> <span class='ocrx_word' id='word_1_110' title='bbox 1271 1567 1427 1630; x_wconf 77' lang='grc' dir='ltr'><strong>δόξαν</strong></span> <span class='ocrx_word' id='word_1_111' title='bbox 1450 1568 1623 1636; x_wconf 80' lang='grc' dir='ltr'><strong>ἥνπερ</strong></span> <span class='ocrx_word' id='word_1_112' title='bbox 1646 1560 1791 1635; x_wconf 81' lang='grc' dir='ltr'><strong>εἶχεν</strong></span> 
     </span>
    </p>
   </div>
   <div class='ocr_carea' id='block_1_15' title="bbox 204 1652 1792 1727">
    <p class='ocr_par' dir='ltr' id='par_1_15' title="bbox 204 1652 1792 1727">
     <span class='ocr_line' id='line_1_15' title="bbox 204 1652 1792 1727; baseline 0.001 -20"><span class='ocrx_word' id='word_1_113' title='bbox 204 1655 283 1718; x_wconf 82' lang='grc' dir='ltr'><strong>ὡς</strong></span> <span class='ocrx_word' id='word_1_114' title='bbox 318 1656 475 1717; x_wconf 81' lang='grc' dir='ltr'><strong>Θεός·</strong></span> <span class='ocrx_word' id='word_1_115' title='bbox 506 1658 597 1709; x_wconf 78' lang='grc' dir='ltr'><strong>καὶ</strong></span> <span class='ocrx_word' id='word_1_116' title='bbox 623 1656 824 1726; x_wconf 77' lang='grc' dir='ltr'><strong>ᾔτησεν</strong></span> <span class='ocrx_word' id='word_1_117' title='bbox 860 1658 922 1710; x_wconf 76' lang='grc' dir='ltr'><strong>οὐ</strong></span> <span class='ocrx_word' id='word_1_118' title='bbox 954 1658 1138 1710; x_wconf 78' lang='grc' dir='ltr'><strong>λαϐεῖν</strong></span> <span class='ocrx_word' id='word_1_119' title='bbox 1173 1657 1317 1727; x_wconf 75' lang='grc' dir='ltr'><strong>ἅπερ</strong></span> <span class='ocrx_word' id='word_1_120' title='bbox 1350 1659 1450 1710; x_wconf 81' lang='grc' dir='ltr'><strong>οὐκ</strong></span> <span class='ocrx_word' id='word_1_121' title='bbox 1473 1652 1638 1726; x_wconf 85' lang='grc' dir='ltr'><strong>εἶχεν,</strong></span> <span class='ocrx_word' id='word_1_122' title='bbox 1672 1657 1792 1711; x_wconf 84' lang='grc' dir='ltr'><strong>ἀλλ’</strong></span> 
     </span>
    </p>
   </div>
   <div class='ocr_carea' id='block_1_16' title="bbox 206 1744 1791 1819">
    <p class='ocr_par' dir='ltr' id='par_1_16' title="bbox 206 1744 1791 1819">
     <span class='ocr_line' id='line_1_16' title="bbox 206 1744 1791 1819; baseline 0.003 -19"><span class='ocrx_word' id='word_1_123' title='bbox 206 1748 356 1817; x_wconf 71' lang='grc' dir='ltr'><strong>άπερ</strong></span> <span class='ocrx_word' id='word_1_124' title='bbox 390 1744 504 1817; x_wconf 80' lang='grc' dir='ltr'><strong>εἶχε</strong></span> <span class='ocrx_word' id='word_1_125' title='bbox 540 1750 841 1818; x_wconf 77' lang='grc' dir='ltr'><strong>δειχθῆναι,</strong></span> <span class='ocrx_word' id='word_1_126' title='bbox 879 1751 1062 1813; x_wconf 84' lang='grc' dir='ltr'><strong>καθὼς</strong></span> <span class='ocrx_word' id='word_1_127' title='bbox 1100 1752 1432 1819; x_wconf 83' lang='grc' dir='ltr'><strong>γέγραπται,</strong></span> <span class='ocrx_word' id='word_1_128' title='bbox 1466 1752 1550 1804; x_wconf 86' lang='grc' dir='ltr'><strong>ὅτι</strong></span> <span class='ocrx_word' id='word_1_129' title='bbox 1591 1770 1609 1803; x_wconf 76' lang='grc' dir='ltr'><strong>ι</strong></span> <span class='ocrx_word' id='word_1_130' title='bbox 1666 1752 1791 1805; x_wconf 80' lang='lat' dir='ltr'><strong>llat-</strong></span> 
     </span>
    </p>
   </div>
   <div class='ocr_carea' id='block_1_17' title="bbox 1202 349 2452 423">
    <p class='ocr_par' dir='ltr' id='par_1_17' title="bbox 1202 349 2452 423">
     <span class='ocr_line' id='line_1_17' title="bbox 1202 349 2452 423; baseline 0.002 -3"><span class='ocrx_word' id='word_1_131' title='bbox 1202 360 1660 421; x_wconf 69' lang='lat' dir='ltr'><strong>DISPUTATIO</strong></span> <span class='ocrx_word' id='word_1_132' title='bbox 1694 349 2087 422; x_wconf 71' lang='lat' dir='ltr'><strong>ADVERSUS</strong></span> <span class='ocrx_word' id='word_1_133' title='bbox 2124 362 2452 423; x_wconf 63' lang='lat' dir='ltr'><strong>JUDJZOS.</strong></span> 
     </span>
    </p>
   </div>
   <div class='ocr_carea' id='block_1_18' title="bbox 3317 364 3455 427">
    <p class='ocr_par' dir='ltr' id='par_1_18' title="bbox 3317 364 3455 427">
     <span class='ocr_line' id='line_1_18' title="bbox 3317 364 3455 427; baseline 0 0"><span class='ocrx_word' id='word_1_134' title='bbox 3317 364 3455 427; x_wconf 67' lang='lat'><strong>12210</strong></span> 
     </span>
    </p>
   </div>
   <div class='ocr_carea' id='block_1_19' title="bbox 1664 468 3462 543">
    <p class='ocr_par' dir='ltr' id='par_1_19' title="bbox 1664 468 3462 543">
     <span class='ocr_line' id='line_1_19' title="bbox 1664 468 3462 543; baseline 0.007 -25"><span class='ocrx_word' id='word_1_135' title='bbox 1664 487 1682 520; x_wconf 75' lang='grc' dir='ltr'><strong>ι</strong></span> <span class='ocrx_word' id='word_1_136' title='bbox 1714 498 1782 506; x_wconf 85' lang='grc'><strong>-</strong></span> <span class='ocrx_word' id='word_1_137' title='bbox 1806 468 2029 529; x_wconf 72' lang='lat' dir='ltr'><strong>A-enim</strong></span> <span class='ocrx_word' id='word_1_138' title='bbox 2063 472 2382 539; x_wconf 76' lang='lat' dir='ltr'><strong>angelorum</strong></span> <span class='ocrx_word' id='word_1_139' title='bbox 2418 473 2558 526; x_wconf 65' lang='lat' dir='ltr'><strong>dixit</strong></span> <span class='ocrx_word' id='word_1_140' title='bbox 2582 473 2926 543; x_wconf 80' lang='lat' dir='ltr'><strong>aliquando:</strong></span> <span class='ocrx_word' id='word_1_141' title='bbox 2961 492 2980 528; x_wconf 76' lang='grc' dir='ltr'><strong>ι</strong></span> <span class='ocrx_word' id='word_1_142' title='bbox 3017 475 3191 530; x_wconf 87' lang='lat' dir='ltr'><strong>Filius</strong></span> <span class='ocrx_word' id='word_1_143' title='bbox 3225 492 3379 530; x_wconf 86' lang='lat' dir='ltr'><strong>meus</strong></span> <span class='ocrx_word' id='word_1_144' title='bbox 3402 495 3462 531; x_wconf 70' lang='lat' dir='ltr'><strong>es</strong></span> 
     </span>
    </p>
   </div>
   <div class='ocr_carea' id='block_1_20' title="bbox 1887 562 3462 629">
    <p class='ocr_par' dir='ltr' id='par_1_20' title="bbox 1887 562 3462 629">
     <span class='ocr_line' id='line_1_20' title="bbox 1887 562 3462 629; baseline 0.005 -18"><span class='ocrx_word' id='word_1_145' title='bbox 1887 570 1966 621; x_wconf 91' lang='lat' dir='ltr'><strong>tu,</strong></span> <span class='ocrx_word' id='word_1_146' title='bbox 2002 576 2105 627; x_wconf 67' lang='lat' dir='ltr'><strong>ego</strong></span> <span class='ocrx_word' id='word_1_147' title='bbox 2138 562 2301 614; x_wconf 87' lang='lat' dir='ltr'><strong>hodie</strong></span> <span class='ocrx_word' id='word_1_148' title='bbox 2344 571 2394 615; x_wconf 89' lang='lat' dir='ltr'><strong>te</strong></span> <span class='ocrx_word' id='word_1_149' title='bbox 2424 566 2627 629; x_wconf 67' lang='lat' dir='ltr'><strong>genui?</strong></span> <span class='ocrx_word' id='word_1_150' title='bbox 2657 584 2675 615; x_wconf 75' lang='grc' dir='ltr'><strong>ι</strong></span> <span class='ocrx_word' id='word_1_151' title='bbox 2713 597 2780 606; x_wconf 89' lang='grc'><strong><em>-</em></strong></span> <span class='ocrx_word' id='word_1_152' title='bbox 2809 586 2826 616; x_wconf 76' lang='grc' dir='ltr'><strong>ι</strong></span> <span class='ocrx_word' id='word_1_153' title='bbox 2866 566 3060 618; x_wconf 75' lang='lat' dir='ltr'><strong>Nonne</strong></span> <span class='ocrx_word' id='word_1_154' title='bbox 3097 584 3291 619; x_wconf 80' lang='lat' dir='ltr'><strong>omnes</strong></span> <span class='ocrx_word' id='word_1_155' title='bbox 3333 578 3462 619; x_wconf 85' lang='lat' dir='ltr'><strong>sunt</strong></span> 
     </span>
    </p>
   </div>
   <div class='ocr_carea' id='block_1_21' title="bbox 1886 652 3455 724">
    <p class='ocr_par' dir='ltr' id='par_1_21' title="bbox 1886 652 3455 724">
     <span class='ocr_line' id='line_1_21' title="bbox 1886 652 3455 724; baseline 0.004 -20"><span class='ocrx_word' id='word_1_156' title='bbox 1886 652 2344 709; x_wconf 84' lang='lat' dir='ltr'><strong>adminislratorii</strong></span> <span class='ocrx_word' id='word_1_157' title='bbox 2375 658 2622 724; x_wconf 82' lang='lat' dir='ltr'><strong>spiritus,</strong></span> <span class='ocrx_word' id='word_1_158' title='bbox 2654 662 2707 711; x_wconf 91' lang='lat' dir='ltr'><strong>in</strong></span> <span class='ocrx_word' id='word_1_159' title='bbox 2743 659 3113 712; x_wconf 76' lang='lat' dir='ltr'><strong>ministerium</strong></span> <span class='ocrx_word' id='word_1_160' title='bbox 3148 661 3295 712; x_wconf 80' lang='lat' dir='ltr'><strong>missi</strong></span> <span class='ocrx_word' id='word_1_161' title='bbox 3327 662 3365 690; x_wconf 79' lang='grc'><strong>¹⁸</strong></span> <span class='ocrx_word' id='word_1_162' title='bbox 3389 662 3410 712; x_wconf 85' lang='lat'><strong>?</strong></span> <span class='ocrx_word' id='word_1_163' title='bbox 3438 680 3455 710; x_wconf 69' lang='grc' dir='ltr'><strong>ι</strong></span> 
     </span>
    </p>
   </div>
   <div class='ocr_carea' id='block_1_22' title="bbox 1888 742 3457 817">
    <p class='ocr_par' dir='ltr' id='par_1_22' title="bbox 1888 742 3457 817">
     <span class='ocr_line' id='line_1_22' title="bbox 1888 742 3457 817; baseline 0.007 -23"><span class='ocrx_word' id='word_1_164' title='bbox 1888 742 1954 794; x_wconf 74' lang='lat' dir='ltr'><strong>Et</strong></span> <span class='ocrx_word' id='word_1_165' title='bbox 1986 760 2179 797; x_wconf 84' lang='lat' dir='ltr'><strong>rursus</strong></span> <span class='ocrx_word' id='word_1_166' title='bbox 2208 748 2317 798; x_wconf 89' lang='lat' dir='ltr'><strong>alio</strong></span> <span class='ocrx_word' id='word_1_167' title='bbox 2346 748 2400 799; x_wconf 92' lang='lat' dir='ltr'><strong>in</strong></span> <span class='ocrx_word' id='word_1_168' title='bbox 2444 750 2564 801; x_wconf 86' lang='lat' dir='ltr'><strong>loco</strong></span> <span class='ocrx_word' id='word_1_169' title='bbox 2595 767 2607 801; x_wconf 90' lang='lat'>:</span> <span class='ocrx_word' id='word_1_170' title='bbox 2646 770 2661 797; x_wconf 80' lang='grc' dir='ltr'><strong>ι</strong></span> <span class='ocrx_word' id='word_1_171' title='bbox 2702 750 2812 817; x_wconf 72' lang='lat' dir='ltr'><strong>Ego</strong></span> <span class='ocrx_word' id='word_1_172' title='bbox 2835 768 2934 802; x_wconf 80' lang='lat' dir='ltr'><strong>ero</strong></span> <span class='ocrx_word' id='word_1_173' title='bbox 2965 753 3014 803; x_wconf 85' lang='lat' dir='ltr'><strong>ei</strong></span> <span class='ocrx_word' id='word_1_174' title='bbox 3054 753 3106 804; x_wconf 91' lang='lat' dir='ltr'><strong>in</strong></span> <span class='ocrx_word' id='word_1_175' title='bbox 3140 753 3375 805; x_wconf 81' lang='lat' dir='ltr'><strong>Patrem.</strong></span> <span class='ocrx_word' id='word_1_176' title='bbox 3408 763 3457 805; x_wconf 81' lang='lat' dir='ltr'><strong>el</strong></span> 
     </span>
    </p>
   </div>
   <div class='ocr_carea' id='block_1_23' title="bbox 1888 834 3461 902">
    <p class='ocr_par' dir='ltr' id='par_1_23' title="bbox 1888 834 3461 902">
     <span class='ocr_line' id='line_1_23' title="bbox 1888 834 3461 902; baseline 0.006 -17"><span class='ocrx_word' id='word_1_177' title='bbox 1888 834 2006 902; x_wconf 87' lang='lat' dir='ltr'><strong>ipse</strong></span> <span class='ocrx_word' id='word_1_178' title='bbox 2037 835 2146 889; x_wconf 90' lang='lat' dir='ltr'><strong>erit</strong></span> <span class='ocrx_word' id='word_1_179' title='bbox 2178 837 2310 889; x_wconf 91' lang='lat' dir='ltr'><strong>mihi</strong></span> <span class='ocrx_word' id='word_1_180' title='bbox 2342 840 2393 890; x_wconf 94' lang='lat' dir='ltr'><strong>in</strong></span> <span class='ocrx_word' id='word_1_181' title='bbox 2430 840 2626 893; x_wconf 71' lang='lat' dir='ltr'><strong>Filium</strong></span> <span class='ocrx_word' id='word_1_182' title='bbox 2659 842 2737 892; x_wconf 71' lang='lat'><strong>&quot;2’</strong></span> <span class='ocrx_word' id='word_1_183' title='bbox 2766 862 2781 890; x_wconf 76' lang='grc' dir='ltr'><strong>ο</strong></span> <span class='ocrx_word' id='word_1_184' title='bbox 2814 842 2936 894; x_wconf 72' lang='lat' dir='ltr'><strong>lla&#39;e</strong></span> <span class='ocrx_word' id='word_1_185' title='bbox 2967 844 3114 895; x_wconf 87' lang='lat' dir='ltr'><strong>enim</strong></span> <span class='ocrx_word' id='word_1_186' title='bbox 3156 844 3461 895; x_wconf 64' lang='lat' dir='ltr'><strong>secundum</strong></span> 
     </span>
    </p>
   </div>
   <div class='ocr_carea' id='block_1_24' title="bbox 1893 928 3465 1003">
    <p class='ocr_par' dir='ltr' id='par_1_24' title="bbox 1893 928 3465 1003">
     <span class='ocr_line' id='line_1_24' title="bbox 1893 928 3465 1003; baseline 0.005 -24"><span class='ocrx_word' id='word_1_187' title='bbox 1893 928 2190 982; x_wconf 87' lang='lat' dir='ltr'><strong>humanam</strong></span> <span class='ocrx_word' id='word_1_188' title='bbox 2234 942 2491 984; x_wconf 80' lang='lat' dir='ltr'><strong>naturam</strong></span> <span class='ocrx_word' id='word_1_189' title='bbox 2541 943 2597 985; x_wconf 78' lang='lat' dir='ltr'><strong>et</strong></span> <span class='ocrx_word' id='word_1_190' title='bbox 2638 949 2958 1001; x_wconf 71' lang='lat' dir='ltr'><strong>corpoream</strong></span> <span class='ocrx_word' id='word_1_191' title='bbox 3005 937 3126 1001; x_wconf 81' lang='lat' dir='ltr'><strong>ejus</strong></span> <span class='ocrx_word' id='word_1_192' title='bbox 3174 936 3465 1003; x_wconf 77' lang='lat' dir='ltr'><strong>dispensa-</strong></span> 
     </span>
    </p>
   </div>
   <div class='ocr_carea' id='block_1_25' title="bbox 1890 1021 3462 1095">
    <p class='ocr_par' dir='ltr' id='par_1_25' title="bbox 1890 1021 3462 1095">
     <span class='ocr_line' id='line_1_25' title="bbox 1890 1021 3462 1095; baseline 0.005 -24"><span class='ocrx_word' id='word_1_193' title='bbox 1890 1021 2092 1073; x_wconf 83' lang='lat' dir='ltr'><strong>tionem</strong></span> <span class='ocrx_word' id='word_1_194' title='bbox 2128 1024 2379 1089; x_wconf 86' lang='lat' dir='ltr'><strong>prolulit,</strong></span> <span class='ocrx_word' id='word_1_195' title='bbox 2408 1026 2479 1077; x_wconf 89' lang='lat' dir='ltr'><strong>ita</strong></span> <span class='ocrx_word' id='word_1_196' title='bbox 2506 1036 2698 1080; x_wconf 89' lang='lat' dir='ltr'><strong>utnon</strong></span> <span class='ocrx_word' id='word_1_197' title='bbox 2732 1038 2992 1081; x_wconf 60' lang='lat' dir='ltr'><strong>astcrnarn</strong></span> <span class='ocrx_word' id='word_1_198' title='bbox 3028 1030 3462 1095; x_wconf 70' lang='lat' dir='ltr'><strong>gem-rmionem,</strong></span> 
     </span>
    </p>
   </div>
   <div class='ocr_carea' id='block_1_26' title="bbox 1890 1112 3462 1182">
    <p class='ocr_par' dir='ltr' id='par_1_26' title="bbox 1890 1112 3462 1182">
     <span class='ocr_line' id='line_1_26' title="bbox 1890 1112 3462 1182; baseline 0.004 -20"><span class='ocrx_word' id='word_1_199' title='bbox 1890 1112 1984 1163; x_wconf 76' lang='lat' dir='ltr'><strong>sed</strong></span> <span class='ocrx_word' id='word_1_200' title='bbox 2016 1129 2136 1164; x_wconf 85' lang='lat' dir='ltr'><strong>eam</strong></span> <span class='ocrx_word' id='word_1_201' title='bbox 2160 1130 2281 1181; x_wconf 79' lang='lat' dir='ltr'><strong>qua:</strong></span> <span class='ocrx_word' id='word_1_202' title='bbox 2316 1125 2624 1182; x_wconf 86' lang='lat' dir='ltr'><strong>temporum</strong></span> <span class='ocrx_word' id='word_1_203' title='bbox 2656 1116 2893 1169; x_wconf 82' lang='lat' dir='ltr'><strong>decursu</strong></span> <span class='ocrx_word' id='word_1_204' title='bbox 2925 1118 3065 1169; x_wconf 76' lang='lat' dir='ltr'><strong>facta</strong></span> <span class='ocrx_word' id='word_1_205' title='bbox 3098 1127 3204 1182; x_wconf 81' lang='lat' dir='ltr'><strong>est,</strong></span> <span class='ocrx_word' id='word_1_206' title='bbox 3237 1118 3462 1170; x_wconf 74' lang='lat' dir='ltr'><strong>indicet.</strong></span> 
     </span>
    </p>
   </div>
   <div class='ocr_carea' id='block_1_27' title="bbox 1890 1204 3464 1268">
    <p class='ocr_par' dir='ltr' id='par_1_27' title="bbox 1890 1204 3464 1268">
     <span class='ocr_line' id='line_1_27' title="bbox 1890 1204 3464 1268; baseline 0.004 -15"><span class='ocrx_word' id='word_1_207' title='bbox 1890 1204 1991 1267; x_wconf 72' lang='lat' dir='ltr'><strong>Qui</strong></span> <span class='ocrx_word' id='word_1_208' title='bbox 2026 1207 2174 1258; x_wconf 90' lang='lat' dir='ltr'><strong>enim</strong></span> <span class='ocrx_word' id='word_1_209' title='bbox 2220 1217 2414 1261; x_wconf 84' lang='lat' dir='ltr'><strong>natura</strong></span> <span class='ocrx_word' id='word_1_210' title='bbox 2444 1216 2530 1261; x_wconf 83' lang='lat' dir='ltr'><strong>est</strong></span> <span class='ocrx_word' id='word_1_211' title='bbox 2575 1208 2747 1261; x_wconf 80' lang='lat' dir='ltr'><strong>Filius</strong></span> <span class='ocrx_word' id='word_1_212' title='bbox 2789 1208 2909 1268; x_wconf 81' lang='lat' dir='ltr'><strong>Dei,</strong></span> <span class='ocrx_word' id='word_1_213' title='bbox 2957 1210 3132 1261; x_wconf 76' lang='lat' dir='ltr'><strong>factus</strong></span> <span class='ocrx_word' id='word_1_214' title='bbox 3176 1219 3259 1263; x_wconf 84' lang='lat' dir='ltr'><strong>est</strong></span> <span class='ocrx_word' id='word_1_215' title='bbox 3298 1212 3464 1263; x_wconf 84' lang='lat' dir='ltr'><strong>etiam</strong></span> 
     </span>
    </p>
   </div>
   <div class='ocr_carea' id='block_1_28' title="bbox 1892 1298 3468 1367">
    <p class='ocr_par' dir='ltr' id='par_1_28' title="bbox 1892 1298 3468 1367">
     <span class='ocr_line' id='line_1_28' title="bbox 1892 1298 3468 1367; baseline 0.004 -21"><span class='ocrx_word' id='word_1_216' title='bbox 1892 1305 2088 1349; x_wconf 87' lang='lat' dir='ltr'><strong>natura</strong></span> <span class='ocrx_word' id='word_1_217' title='bbox 2122 1298 2284 1350; x_wconf 90' lang='lat' dir='ltr'><strong>homo</strong></span> <span class='ocrx_word' id='word_1_218' title='bbox 2326 1313 2551 1367; x_wconf 88' lang='lat' dir='ltr'><strong>propter</strong></span> <span class='ocrx_word' id='word_1_219' title='bbox 2576 1310 2823 1353; x_wconf 90' lang='lat' dir='ltr'><strong>nostram</strong></span> <span class='ocrx_word' id='word_1_220' title='bbox 2853 1300 3109 1360; x_wconf 89' lang='lat' dir='ltr'><strong>salutem,</strong></span> <span class='ocrx_word' id='word_1_221' title='bbox 3138 1317 3246 1351; x_wconf 93' lang='lat' dir='ltr'><strong>non</strong></span> <span class='ocrx_word' id='word_1_222' title='bbox 3270 1315 3468 1352; x_wconf 68' lang='grc' dir='ltr'><strong>ενι-ωι-</strong></span> 
     </span>
    </p>
   </div>
   <div class='ocr_carea' id='block_1_29' title="bbox 1892 1386 3466 1459">
    <p class='ocr_par' dir='ltr' id='par_1_29' title="bbox 1892 1386 3466 1459">
     <span class='ocr_line' id='line_1_29' title="bbox 1892 1386 3466 1459; baseline 0.003 -20"><span class='ocrx_word' id='word_1_223' title='bbox 1892 1386 2020 1439; x_wconf 84' lang='grc' dir='ltr'><strong>ιΙιιιιι</strong></span> <span class='ocrx_word' id='word_1_224' title='bbox 2058 1389 2292 1455; x_wconf 69' lang='lat' dir='ltr'><strong>gratiam</strong></span> <span class='ocrx_word' id='word_1_225' title='bbox 2325 1388 2429 1441; x_wconf 91' lang='lat' dir='ltr'><strong>hoe</strong></span> <span class='ocrx_word' id='word_1_226' title='bbox 2458 1392 2758 1457; x_wconf 74' lang='lat' dir='ltr'><strong>accipiens,</strong></span> <span class='ocrx_word' id='word_1_227' title='bbox 2788 1393 2935 1459; x_wconf 85' lang='lat' dir='ltr'><strong>quod</strong></span> <span class='ocrx_word' id='word_1_228' title='bbox 2970 1391 3136 1443; x_wconf 87' lang='lat' dir='ltr'><strong>habet</strong></span> <span class='ocrx_word' id='word_1_229' title='bbox 3161 1392 3466 1444; x_wconf 82' lang='lat' dir='ltr'><strong>secundum</strong></span> 
     </span>
    </p>
   </div>
   <div class='ocr_carea' id='block_1_30' title="bbox 1892 1480 3471 1551">
    <p class='ocr_par' dir='ltr' id='par_1_30' title="bbox 1892 1480 3471 1551">
     <span class='ocr_line' id='line_1_30' title="bbox 1892 1480 3471 1551; baseline 0.003 -20"><span class='ocrx_word' id='word_1_230' title='bbox 1892 1489 2167 1531; x_wconf 85' lang='lat' dir='ltr'><strong>naturam.</strong></span> <span class='ocrx_word' id='word_1_231' title='bbox 2205 1480 2273 1532; x_wconf 81' lang='lat' dir='ltr'><strong>Et</strong></span> <span class='ocrx_word' id='word_1_232' title='bbox 2298 1496 2495 1533; x_wconf 78' lang='lat' dir='ltr'><strong>rursus</strong></span> <span class='ocrx_word' id='word_1_233' title='bbox 2518 1490 2577 1533; x_wconf 92' lang='lat' dir='ltr'><strong>ut</strong></span> <span class='ocrx_word' id='word_1_234' title='bbox 2612 1482 2779 1534; x_wconf 87' lang='lat' dir='ltr'><strong>hmno</strong></span> <span class='ocrx_word' id='word_1_235' title='bbox 2810 1482 3010 1550; x_wconf 86' lang='lat' dir='ltr'><strong>accipit</strong></span> <span class='ocrx_word' id='word_1_236' title='bbox 3038 1484 3169 1535; x_wconf 88' lang='lat' dir='ltr'><strong>illud</strong></span> <span class='ocrx_word' id='word_1_237' title='bbox 3201 1483 3345 1551; x_wconf 89' lang='lat' dir='ltr'><strong>quod</strong></span> <span class='ocrx_word' id='word_1_238' title='bbox 3375 1483 3471 1535; x_wconf 87' lang='lat' dir='ltr'><strong>ha-</strong></span> 
     </span>
    </p>
   </div>
   <div class='ocr_carea' id='block_1_31' title="bbox 1894 1569 3470 1638">
    <p class='ocr_par' dir='ltr' id='par_1_31' title="bbox 1894 1569 3470 1638">
     <span class='ocr_line' id='line_1_31' title="bbox 1894 1569 3470 1638; baseline 0.004 -17"><span class='ocrx_word' id='word_1_239' title='bbox 1894 1569 2058 1622; x_wconf 85' lang='lat' dir='ltr'><strong>bebat</strong></span> <span class='ocrx_word' id='word_1_240' title='bbox 2084 1586 2190 1638; x_wconf 83' lang='lat' dir='ltr'><strong>qua</strong></span> <span class='ocrx_word' id='word_1_241' title='bbox 2222 1571 2365 1625; x_wconf 85' lang='lat' dir='ltr'><strong>Deus</strong></span> <span class='ocrx_word' id='word_1_242' title='bbox 2395 1581 2497 1627; x_wconf 85' lang='lat' dir='ltr'><strong>est.</strong></span> <span class='ocrx_word' id='word_1_243' title='bbox 2526 1572 2842 1627; x_wconf 66' lang='lat' dir='ltr'><strong>Altissimus</strong></span> <span class='ocrx_word' id='word_1_244' title='bbox 2869 1574 3016 1627; x_wconf 89' lang='lat' dir='ltr'><strong>enim</strong></span> <span class='ocrx_word' id='word_1_245' title='bbox 3047 1591 3171 1626; x_wconf 85' lang='lat' dir='ltr'><strong>eum</strong></span> <span class='ocrx_word' id='word_1_246' title='bbox 3204 1575 3295 1636; x_wconf 89' lang='lat' dir='ltr'><strong>sit,</strong></span> <span class='ocrx_word' id='word_1_247' title='bbox 3324 1576 3470 1627; x_wconf 66' lang='grc' dir='ltr'><strong>υνυς</strong></span> 
     </span>
    </p>
   </div>
   <div class='ocr_carea' id='block_1_32' title="bbox 1893 1658 3467 1733">
    <p class='ocr_par' dir='ltr' id='par_1_32' title="bbox 1893 1658 3467 1733">
     <span class='ocr_line' id='line_1_32' title="bbox 1893 1658 3467 1733; baseline 0.003 -21"><span class='ocrx_word' id='word_1_248' title='bbox 1893 1658 2019 1721; x_wconf 79' lang='lat' dir='ltr'><strong>fuit,</strong></span> <span class='ocrx_word' id='word_1_249' title='bbox 2070 1670 2126 1715; x_wconf 88' lang='lat' dir='ltr'><strong>et</strong></span> <span class='ocrx_word' id='word_1_250' title='bbox 2170 1672 2443 1731; x_wconf 82' lang='lat' dir='ltr'><strong>quatenus</strong></span> <span class='ocrx_word' id='word_1_251' title='bbox 2495 1666 2638 1718; x_wconf 74' lang='lat' dir='ltr'><strong>lieus</strong></span> <span class='ocrx_word' id='word_1_252' title='bbox 2675 1675 2779 1727; x_wconf 86' lang='lat' dir='ltr'><strong>est,</strong></span> <span class='ocrx_word' id='word_1_253' title='bbox 2828 1681 3049 1733; x_wconf 88' lang='lat' dir='ltr'><strong>semper</strong></span> <span class='ocrx_word' id='word_1_254' title='bbox 3084 1666 3467 1719; x_wconf 75' lang='lat' dir='ltr'><strong>univcrsmum</strong></span> 
     </span>
    </p>
   </div>
   <div class='ocr_carea' id='block_1_33' title="bbox 1898 1754 3470 1827">
    <p class='ocr_par' dir='ltr' id='par_1_33' title="bbox 1898 1754 3470 1827">
     <span class='ocr_line' id='line_1_33' title="bbox 1898 1754 3470 1827; baseline 0.001 -20"><span class='ocrx_word' id='word_1_255' title='bbox 1898 1754 2162 1807; x_wconf 87' lang='lat' dir='ltr'><strong>Dominus</strong></span> <span class='ocrx_word' id='word_1_256' title='bbox 2206 1756 2345 1817; x_wconf 80' lang='lat' dir='ltr'><strong>fuit,</strong></span> <span class='ocrx_word' id='word_1_257' title='bbox 2384 1767 2442 1810; x_wconf 92' lang='lat' dir='ltr'><strong>ut</strong></span> <span class='ocrx_word' id='word_1_258' title='bbox 2480 1758 2646 1810; x_wconf 90' lang='lat' dir='ltr'><strong>homo</strong></span> <span class='ocrx_word' id='word_1_259' title='bbox 2685 1768 2865 1810; x_wconf 84' lang='lat' dir='ltr'><strong>autem</strong></span> <span class='ocrx_word' id='word_1_260' title='bbox 2898 1758 3197 1827; x_wconf 81' lang='lat' dir='ltr'><strong>assumpsit</strong></span> <span class='ocrx_word' id='word_1_261' title='bbox 3239 1758 3470 1825; x_wconf 71' lang='lat' dir='ltr'><strong>gloriam</strong></span> 
     </span>
    </p>
   </div>
   <div class='ocr_carea' id='block_1_34' title="bbox 210 1821 1795 1916">
    <p class='ocr_par' dir='ltr' id='par_1_34' title="bbox 210 1840 1793 1911">
     <span class='ocr_line' id='line_1_34' title="bbox 210 1840 1793 1911; baseline 0.004 -23"><span class='ocrx_word' id='word_1_262' title='bbox 210 1841 405 1909; x_wconf 83' lang='grc' dir='ltr'><strong>μανείς</strong></span> <span class='ocrx_word' id='word_1_263' title='bbox 438 1840 633 1901; x_wconf 79' lang='grc' dir='ltr'><strong>αὐτοὺς</strong></span> <span class='ocrx_word' id='word_1_264' title='bbox 668 1841 728 1891; x_wconf 82' lang='grc' dir='ltr'><strong>ἐν</strong></span> <span class='ocrx_word' id='word_1_265' title='bbox 768 1840 951 1907; x_wconf 75' lang='grc' dir='ltr'><strong>ῥάϐδῳ</strong></span> <span class='ocrx_word' id='word_1_266' title='bbox 982 1842 1197 1911; x_wconf 82' lang='grc' dir='ltr'><strong>σιδηρᾷ,</strong></span> <span class='ocrx_word' id='word_1_267' title='bbox 1238 1860 1257 1891; x_wconf 78' lang='grc' dir='ltr'><strong>ι</strong></span> <span class='ocrx_word' id='word_1_268' title='bbox 1300 1843 1419 1910; x_wconf 84' lang='grc' dir='ltr'><strong>ἧτις</strong></span> <span class='ocrx_word' id='word_1_269' title='bbox 1443 1843 1589 1894; x_wconf 75' lang='grc' dir='ltr'><strong>ἐστὶν</strong></span> <span class='ocrx_word' id='word_1_270' title='bbox 1624 1844 1654 1909; x_wconf 83' lang='grc' dir='ltr'>ἡ</span> <span class='ocrx_word' id='word_1_271' title='bbox 1684 1842 1793 1894; x_wconf 91' lang='grc' dir='ltr'><strong>τῶν</strong></span> 
     </span>
    </p>
   </div>
   <div class='ocr_carea' id='block_1_35' title="bbox 1897 1821 3471 1916">
    <p class='ocr_par' dir='ltr' id='par_1_35' title="bbox 1897 1847 3471 1916">
     <span class='ocr_line' id='line_1_35' title="bbox 1897 1847 3471 1916; baseline 0.003 -19"><span class='ocrx_word' id='word_1_272' title='bbox 1897 1862 2057 1914; x_wconf 85' lang='lat' dir='ltr'><strong>quam</strong></span> <span class='ocrx_word' id='word_1_273' title='bbox 2096 1847 2284 1900; x_wconf 87' lang='lat' dir='ltr'><strong>habuit</strong></span> <span class='ocrx_word' id='word_1_274' title='bbox 2320 1859 2380 1900; x_wconf 92' lang='lat' dir='ltr'><strong>ut</strong></span> <span class='ocrx_word' id='word_1_275' title='bbox 2423 1848 2588 1909; x_wconf 83' lang='lat' dir='ltr'><strong>Deus,</strong></span> <span class='ocrx_word' id='word_1_276' title='bbox 2632 1857 2689 1901; x_wconf 92' lang='lat' dir='ltr'><strong>et</strong></span> <span class='ocrx_word' id='word_1_277' title='bbox 2718 1848 2896 1916; x_wconf 89' lang='lat' dir='ltr'><strong>petiit,</strong></span> <span class='ocrx_word' id='word_1_278' title='bbox 2939 1865 3048 1901; x_wconf 92' lang='lat' dir='ltr'><strong>non</strong></span> <span class='ocrx_word' id='word_1_279' title='bbox 3093 1860 3153 1902; x_wconf 93' lang='lat' dir='ltr'><strong>ut</strong></span> <span class='ocrx_word' id='word_1_280' title='bbox 3194 1852 3471 1916; x_wconf 80' lang='lat' dir='ltr'><strong>acciperet</strong></span> 
     </span>
    </p>
   </div>
   <div class='ocr_carea' id='block_1_36' title="bbox 222 1931 1794 2004">
    <p class='ocr_par' dir='ltr' id='par_1_36' title="bbox 222 1931 1794 2004">
     <span class='ocr_line' id='line_1_36' title="bbox 222 1931 1794 2004; baseline 0 -20"><span class='ocrx_word' id='word_1_281' title='bbox 222 1932 521 2001; x_wconf 85' lang='grc' dir='ltr'><strong>Ῥωμαίων</strong></span> <span class='ocrx_word' id='word_1_282' title='bbox 555 1931 835 1999; x_wconf 73' lang='grc' dir='ltr'><strong>βασιλεία·</strong></span> <span class='ocrx_word' id='word_1_283' title='bbox 862 1932 1068 2002; x_wconf 85' lang='grc' dir='ltr'><strong>ταύτην</strong></span> <span class='ocrx_word' id='word_1_284' title='bbox 1111 1932 1222 2002; x_wconf 80' lang='grc' dir='ltr'><strong>γὰρ</strong></span> <span class='ocrx_word' id='word_1_285' title='bbox 1273 1936 1483 1995; x_wconf 82' lang='grc' dir='ltr'><strong>πιστοῖς</strong></span> <span class='ocrx_word' id='word_1_286' title='bbox 1518 1934 1613 1985; x_wconf 82' lang='grc' dir='ltr'><strong>καὶ</strong></span> <span class='ocrx_word' id='word_1_287' title='bbox 1660 1934 1794 2004; x_wconf 86' lang='grc' dir='ltr'><strong>Χρι-</strong></span> 
     </span>
    </p>
   </div>
   <div class='ocr_carea' id='block_1_37' title="bbox 206 2023 1792 2096">
    <p class='ocr_par' dir='ltr' id='par_1_37' title="bbox 206 2023 1792 2096">
     <span class='ocr_line' id='line_1_37' title="bbox 206 2023 1792 2096; baseline 0.001 -22"><span class='ocrx_word' id='word_1_288' title='bbox 206 2025 455 2086; x_wconf 86' lang='grc' dir='ltr'><strong>στιανοῖς</strong></span> <span class='ocrx_word' id='word_1_289' title='bbox 488 2024 766 2091; x_wconf 83' lang='grc' dir='ltr'><strong>βασιλεῦσι</strong></span> <span class='ocrx_word' id='word_1_290' title='bbox 823 2024 944 2087; x_wconf 79' lang='grc' dir='ltr'><strong>δοὺς</strong></span> <span class='ocrx_word' id='word_1_291' title='bbox 992 2025 1227 2096; x_wconf 85' lang='grc' dir='ltr'><strong>Χριστὸς</strong></span> <span class='ocrx_word' id='word_1_292' title='bbox 1269 2026 1299 2077; x_wconf 84' lang='grc' dir='ltr'><strong>δ</strong></span> <span class='ocrx_word' id='word_1_293' title='bbox 1340 2025 1463 2087; x_wconf 81' lang='grc' dir='ltr'><strong>Υἱὸς</strong></span> <span class='ocrx_word' id='word_1_294' title='bbox 1494 2023 1589 2076; x_wconf 81' lang='grc' dir='ltr'><strong>τοῦ</strong></span> <span class='ocrx_word' id='word_1_295' title='bbox 1630 2023 1792 2087; x_wconf 76' lang='grc' dir='ltr'><strong>Θεοῦ,</strong></span> 
     </span>
    </p>
   </div>
   <div class='ocr_carea' id='block_1_38' title="bbox 209 2112 1795 2182">
    <p class='ocr_par' dir='ltr' id='par_1_38' title="bbox 209 2112 1795 2182">
     <span class='ocr_line' id='line_1_38' title="bbox 209 2112 1795 2182; baseline 0.001 -18"><span class='ocrx_word' id='word_1_296' title='bbox 209 2112 567 2166; x_wconf 79' lang='grc' dir='ltr'><strong>ὲπιστατεύει</strong></span> <span class='ocrx_word' id='word_1_297' title='bbox 600 2114 687 2165; x_wconf 71' lang='grc' dir='ltr'><strong>καὶ</strong></span> <span class='ocrx_word' id='word_1_298' title='bbox 730 2112 1119 2182; x_wconf 81' lang='grc' dir='ltr'><strong>συμϐασιλεύει</strong></span> <span class='ocrx_word' id='word_1_299' title='bbox 1165 2115 1371 2175; x_wconf 80' lang='grc' dir='ltr'><strong>αὐτοῖς.</strong></span> <span class='ocrx_word' id='word_1_300' title='bbox 1405 2113 1485 2166; x_wconf 88' lang='grc' dir='ltr'><strong>Δι’</strong></span> <span class='ocrx_word' id='word_1_301' title='bbox 1515 2112 1679 2166; x_wconf 79' lang='grc' dir='ltr'><strong>αὑτοῦ</strong></span> <span class='ocrx_word' id='word_1_302' title='bbox 1726 2113 1795 2165; x_wconf 72' lang='grc' dir='ltr'><strong>τά</strong></span> 
     </span>
    </p>
   </div>
   <div class='ocr_carea' id='block_1_39' title="bbox 208 2206 1795 2276">
    <p class='ocr_par' dir='ltr' id='par_1_39' title="bbox 208 2206 1795 2276">
     <span class='ocr_line' id='line_1_39' title="bbox 208 2206 1795 2276; baseline 0 -17"><span class='ocrx_word' id='word_1_303' title='bbox 208 2206 387 2259; x_wconf 81' lang='grc' dir='ltr'><strong>πιστά</strong></span> <span class='ocrx_word' id='word_1_304' title='bbox 435 2206 561 2275; x_wconf 75' lang='grc' dir='ltr'><strong>ἔθνη</strong></span> <span class='ocrx_word' id='word_1_305' title='bbox 605 2207 687 2269; x_wconf 87' lang='grc' dir='ltr'><strong>είς</strong></span> <span class='ocrx_word' id='word_1_306' title='bbox 740 2206 1073 2276; x_wconf 85' lang='grc' dir='ltr'><strong>κατάσχεσιν</strong></span> <span class='ocrx_word' id='word_1_307' title='bbox 1123 2206 1473 2276; x_wconf 86' lang='grc' dir='ltr'><strong>κληρωθέντα</strong></span> <span class='ocrx_word' id='word_1_308' title='bbox 1520 2206 1795 2259; x_wconf 83' lang='grc' dir='ltr'><strong>πιστεύειν</strong></span> 
     </span>
    </p>
   </div>
   <div class='ocr_carea' id='block_1_40' title="bbox 208 2297 1794 2368">
    <p class='ocr_par' dir='ltr' id='par_1_40' title="bbox 208 2297 1794 2368">
     <span class='ocr_line' id='line_1_40' title="bbox 208 2297 1794 2368; baseline -0.002 -16"><span class='ocrx_word' id='word_1_309' title='bbox 208 2299 597 2367; x_wconf 81' lang='grc' dir='ltr'><strong>ποιμαίνονται</strong></span> <span class='ocrx_word' id='word_1_310' title='bbox 628 2298 812 2353; x_wconf 86' lang='grc' dir='ltr'><strong>αὐτόν.</strong></span> <span class='ocrx_word' id='word_1_311' title='bbox 853 2298 1013 2351; x_wconf 82' lang='grc' dir='ltr'><strong>Ὅθεν</strong></span> <span class='ocrx_word' id='word_1_312' title='bbox 1061 2299 1157 2351; x_wconf 84' lang='grc' dir='ltr'><strong>καὶ</strong></span> <span class='ocrx_word' id='word_1_313' title='bbox 1186 2298 1363 2349; x_wconf 86' lang='grc' dir='ltr'><strong>πάντα</strong></span> <span class='ocrx_word' id='word_1_314' title='bbox 1394 2299 1461 2350; x_wconf 80' lang='grc' dir='ltr'><strong>τὰ</strong></span> <span class='ocrx_word' id='word_1_315' title='bbox 1509 2297 1636 2368; x_wconf 76' lang='grc' dir='ltr'><strong>ἔθνη</strong></span> <span class='ocrx_word' id='word_1_316' title='bbox 1663 2313 1794 2365; x_wconf 87' lang='grc' dir='ltr'><strong>συγ-</strong></span> 
     </span>
    </p>
   </div>
   <div class='ocr_carea' id='block_1_41' title="bbox 209 2389 1796 2461">
    <p class='ocr_par' dir='ltr' id='par_1_41' title="bbox 209 2389 1796 2461">
     <span class='ocr_line' id='line_1_41' title="bbox 209 2389 1796 2461; baseline 0 -18"><span class='ocrx_word' id='word_1_317' title='bbox 209 2391 487 2461; x_wconf 76' lang='grc' dir='ltr'><strong>κρούοντα</strong></span> <span class='ocrx_word' id='word_1_318' title='bbox 509 2390 648 2459; x_wconf 81' lang='grc' dir='ltr'><strong>μετὰ</strong></span> <span class='ocrx_word' id='word_1_319' title='bbox 671 2390 772 2460; x_wconf 84' lang='grc' dir='ltr'><strong>τῆς</strong></span> <span class='ocrx_word' id='word_1_320' title='bbox 794 2390 905 2443; x_wconf 87' lang='grc' dir='ltr'><strong>τῶν</strong></span> <span class='ocrx_word' id='word_1_321' title='bbox 929 2389 1273 2461; x_wconf 79' lang='grc' dir='ltr'><strong>Χριστιανῶν</strong></span> <span class='ocrx_word' id='word_1_322' title='bbox 1298 2390 1594 2459; x_wconf 80' lang='grc' dir='ltr'><strong>βασιλείας,</strong></span> <span class='ocrx_word' id='word_1_323' title='bbox 1624 2391 1673 2443; x_wconf 88' lang='grc' dir='ltr'><strong>εί</strong></span> <span class='ocrx_word' id='word_1_324' title='bbox 1702 2393 1796 2443; x_wconf 82' lang='grc' dir='ltr'><strong>καὶ</strong></span> 
     </span>
    </p>
   </div>
   <div class='ocr_carea' id='block_1_42' title="bbox 210 2482 1796 2554">
    <p class='ocr_par' dir='ltr' id='par_1_42' title="bbox 210 2482 1796 2554">
     <span class='ocr_line' id='line_1_42' title="bbox 210 2482 1796 2554; baseline -0.002 -18"><span class='ocrx_word' id='word_1_325' title='bbox 210 2483 548 2554; x_wconf 76' lang='grc' dir='ltr'><strong>ἡττηθῶσιν,</strong></span> <span class='ocrx_word' id='word_1_326' title='bbox 588 2484 728 2553; x_wconf 84' lang='grc' dir='ltr'><strong>πλὴν</strong></span> <span class='ocrx_word' id='word_1_327' title='bbox 762 2482 969 2554; x_wconf 85' lang='grc' dir='ltr'><strong>ταύτην</strong></span> <span class='ocrx_word' id='word_1_328' title='bbox 1016 2484 1076 2535; x_wconf 89' lang='grc' dir='ltr'><strong>οὐ</strong></span> <span class='ocrx_word' id='word_1_329' title='bbox 1114 2483 1475 2553; x_wconf 82' lang='grc' dir='ltr'><strong>μετέστησαν,</strong></span> <span class='ocrx_word' id='word_1_330' title='bbox 1527 2482 1652 2536; x_wconf 75' lang='grc' dir='ltr'><strong>οὔτε</strong></span> <span class='ocrx_word' id='word_1_331' title='bbox 1687 2483 1796 2553; x_wconf 74' lang='grc' dir='ltr'><strong>μὴν</strong></span> 
     </span>
    </p>
   </div>
   <div class='ocr_carea' id='block_1_43' title="bbox 216 2575 1795 2647">
    <p class='ocr_par' dir='ltr' id='par_1_43' title="bbox 216 2575 1795 2647">
     <span class='ocr_line' id='line_1_43' title="bbox 216 2575 1795 2647; baseline 0 -18"><span class='ocrx_word' id='word_1_332' title='bbox 216 2579 626 2647; x_wconf 81' lang='grc' dir='ltr'><strong>μεταστήσωσι·</strong></span> <span class='ocrx_word' id='word_1_333' title='bbox 679 2575 861 2639; x_wconf 85' lang='grc' dir='ltr'><strong>καθὼς</strong></span> <span class='ocrx_word' id='word_1_334' title='bbox 911 2575 1218 2646; x_wconf 81' lang='grc' dir='ltr'><strong>γέγραπται</strong></span> <span class='ocrx_word' id='word_1_335' title='bbox 1265 2577 1325 2629; x_wconf 78' lang='grc' dir='ltr'><strong>ἐν</strong></span> <span class='ocrx_word' id='word_1_336' title='bbox 1357 2576 1524 2646; x_wconf 80' lang='grc' dir='ltr'><strong>βίϐλῳ</strong></span> <span class='ocrx_word' id='word_1_337' title='bbox 1548 2575 1795 2645; x_wconf 79' lang='grc' dir='ltr'><strong>Ψαλμῶν</strong></span> 
     </span>
    </p>
   </div>
   <div class='ocr_carea' id='block_1_44' title="bbox 212 2665 1796 2738">
    <p class='ocr_par' dir='ltr' id='par_1_44' title="bbox 212 2665 1796 2738">
     <span class='ocr_line' id='line_1_44' title="bbox 212 2665 1796 2738; baseline -0.001 -17"><span class='ocrx_word' id='word_1_338' title='bbox 212 2670 349 2738; x_wconf 73' lang='grc' dir='ltr'><strong>περὶ</strong></span> <span class='ocrx_word' id='word_1_339' title='bbox 378 2668 475 2737; x_wconf 83' lang='grc' dir='ltr'><strong>τῆς</strong></span> <span class='ocrx_word' id='word_1_340' title='bbox 523 2665 793 2736; x_wconf 81' lang='grc' dir='ltr'><strong>βασιλείας</strong></span> <span class='ocrx_word' id='word_1_341' title='bbox 831 2668 926 2719; x_wconf 83' lang='grc' dir='ltr'><strong>τοῦ</strong></span> <span class='ocrx_word' id='word_1_342' title='bbox 960 2666 1222 2735; x_wconf 79' lang='grc' dir='ltr'><strong>Χριστοῦ,</strong></span> <span class='ocrx_word' id='word_1_343' title='bbox 1257 2669 1339 2721; x_wconf 82' lang='grc' dir='ltr'><strong>ὃτι</strong></span> <span class='ocrx_word' id='word_1_344' title='bbox 1373 2684 1393 2717; x_wconf 78' lang='grc' dir='ltr'><strong>ι</strong></span> <span class='ocrx_word' id='word_1_345' title='bbox 1460 2665 1521 2718; x_wconf 85' lang='grc' dir='ltr'><strong>ἸΙ</strong></span> <span class='ocrx_word' id='word_1_346' title='bbox 1567 2666 1796 2735; x_wconf 84' lang='grc' dir='ltr'><strong>ἀλήθειά</strong></span> 
     </span>
    </p>
   </div>
   <div class='ocr_carea' id='block_1_45' title="bbox 215 2756 1793 2829">
    <p class='ocr_par' dir='ltr' id='par_1_45' title="bbox 215 2756 1793 2829">
     <span class='ocr_line' id='line_1_45' title="bbox 215 2756 1793 2829; baseline -0.002 -17"><span class='ocrx_word' id='word_1_347' title='bbox 215 2777 349 2829; x_wconf 79' lang='grc' dir='ltr'><strong>μου,</strong></span> <span class='ocrx_word' id='word_1_348' title='bbox 377 2759 470 2809; x_wconf 77' lang='grc' dir='ltr'><strong>καὶ</strong></span> <span class='ocrx_word' id='word_1_349' title='bbox 499 2760 559 2809; x_wconf 60' lang='lat' dir='ltr'><strong>to</strong></span> <span class='ocrx_word' id='word_1_350' title='bbox 589 2756 737 2819; x_wconf 78' lang='grc' dir='ltr'><strong>ἔλεός</strong></span> <span class='ocrx_word' id='word_1_351' title='bbox 765 2776 868 2827; x_wconf 86' lang='grc' dir='ltr'><strong>μου</strong></span> <span class='ocrx_word' id='word_1_352' title='bbox 903 2759 1017 2827; x_wconf 80' lang='grc' dir='ltr'><strong>μετ’</strong></span> <span class='ocrx_word' id='word_1_353' title='bbox 1050 2758 1238 2810; x_wconf 76' lang='grc' dir='ltr'><strong>αὐτοῦ’</strong></span> <span class='ocrx_word' id='word_1_354' title='bbox 1269 2758 1365 2809; x_wconf 75' lang='grc' dir='ltr'><strong>καὶ</strong></span> <span class='ocrx_word' id='word_1_355' title='bbox 1389 2759 1447 2808; x_wconf 78' lang='grc' dir='ltr'><strong>ὲν</strong></span> <span class='ocrx_word' id='word_1_356' title='bbox 1472 2756 1549 2826; x_wconf 80' lang='grc' dir='ltr'><strong>τῷ</strong></span> <span class='ocrx_word' id='word_1_357' title='bbox 1568 2757 1793 2826; x_wconf 75' lang='grc' dir='ltr'><strong>ὀνόματί</strong></span> 
     </span>
    </p>
   </div>
   <div class='ocr_carea' id='block_1_46' title="bbox 218 2845 1795 2918">
    <p class='ocr_par' dir='ltr' id='par_1_46' title="bbox 218 2845 1795 2918">
     <span class='ocr_line' id='line_1_46' title="bbox 218 2845 1795 2918; baseline -0.003 -17"><span class='ocrx_word' id='word_1_358' title='bbox 218 2868 328 2918; x_wconf 83' lang='grc' dir='ltr'><strong>μου</strong></span> <span class='ocrx_word' id='word_1_359' title='bbox 379 2847 728 2917; x_wconf 73' lang='grc' dir='ltr'><strong>ὑψωθήσεται</strong></span> <span class='ocrx_word' id='word_1_360' title='bbox 784 2848 841 2899; x_wconf 77' lang='grc' dir='ltr'><strong>τὸ</strong></span> <span class='ocrx_word' id='word_1_361' title='bbox 899 2848 1070 2916; x_wconf 79' lang='grc' dir='ltr'><strong>κέρας</strong></span> <span class='ocrx_word' id='word_1_362' title='bbox 1118 2845 1314 2899; x_wconf 77' lang='grc' dir='ltr'><strong>αὐτοῦ’</strong></span> <span class='ocrx_word' id='word_1_363' title='bbox 1348 2848 1442 2899; x_wconf 81' lang='grc' dir='ltr'><strong>καὶ</strong></span> <span class='ocrx_word' id='word_1_364' title='bbox 1475 2846 1709 2916; x_wconf 83' lang='grc' dir='ltr'><strong>θήσομαι</strong></span> <span class='ocrx_word' id='word_1_365' title='bbox 1735 2846 1795 2897; x_wconf 80' lang='grc' dir='ltr'><strong>ἐν</strong></span> 
     </span>
    </p>
   </div>
   <div class='ocr_carea' id='block_1_47' title="bbox 215 2934 1791 3010">
    <p class='ocr_par' dir='ltr' id='par_1_47' title="bbox 215 2934 1791 3010">
     <span class='ocr_line' id='line_1_47' title="bbox 215 2934 1791 3010; baseline -0.003 -17"><span class='ocrx_word' id='word_1_366' title='bbox 215 2941 468 3010; x_wconf 78' lang='grc' dir='ltr'><strong>θαλάσσῃ</strong></span> <span class='ocrx_word' id='word_1_367' title='bbox 490 2942 646 3010; x_wconf 87' lang='grc' dir='ltr'><strong>χεῖρα</strong></span> <span class='ocrx_word' id='word_1_368' title='bbox 676 2938 843 2992; x_wconf 81' lang='grc' dir='ltr'><strong>αὐτοῦ</strong></span> <span class='ocrx_word' id='word_1_369' title='bbox 876 2940 969 2990; x_wconf 78' lang='lat' dir='ltr'><strong>xui.</strong></span> <span class='ocrx_word' id='word_1_370' title='bbox 994 2939 1051 2990; x_wconf 81' lang='grc' dir='ltr'><strong>ὲν</strong></span> <span class='ocrx_word' id='word_1_371' title='bbox 1093 2940 1358 3006; x_wconf 82' lang='grc' dir='ltr'><strong>ποταμοῖς</strong></span> <span class='ocrx_word' id='word_1_372' title='bbox 1396 2936 1577 3001; x_wconf 73' lang='grc' dir='ltr'><strong>δεξιὰν</strong></span> <span class='ocrx_word' id='word_1_373' title='bbox 1604 2934 1791 2989; x_wconf 74' lang='grc' dir='ltr'><strong>αὑτοῦ·</strong></span> 
     </span>
    </p>
   </div>
   <div class='ocr_carea' id='block_1_48' title="bbox 215 3026 1791 3100">
    <p class='ocr_par' dir='ltr' id='par_1_48' title="bbox 215 3026 1791 3100">
     <span class='ocr_line' id='line_1_48' title="bbox 215 3026 1791 3100; baseline -0.004 -14"><span class='ocrx_word' id='word_1_374' title='bbox 215 3032 383 3095; x_wconf 74' lang='grc' dir='ltr'><strong>αὐτὸς</strong></span> <span class='ocrx_word' id='word_1_375' title='bbox 412 3029 796 3085; x_wconf 83' lang='grc' dir='ltr'><strong>ὲπικαλέσεταί</strong></span> <span class='ocrx_word' id='word_1_376' title='bbox 828 3046 919 3100; x_wconf 89' lang='grc' dir='ltr'><strong>με,</strong></span> <span class='ocrx_word' id='word_1_377' title='bbox 954 3030 1144 3097; x_wconf 86' lang='grc' dir='ltr'><strong>Πατήρ</strong></span> <span class='ocrx_word' id='word_1_378' title='bbox 1167 3046 1269 3098; x_wconf 84' lang='grc' dir='ltr'><strong>μου</strong></span> <span class='ocrx_word' id='word_1_379' title='bbox 1305 3026 1355 3080; x_wconf 84' lang='grc' dir='ltr'><strong>εἷ</strong></span> <span class='ocrx_word' id='word_1_380' title='bbox 1385 3029 1471 3092; x_wconf 81' lang='grc' dir='ltr'><strong>σὺ,</strong></span> <span class='ocrx_word' id='word_1_381' title='bbox 1497 3028 1629 3091; x_wconf 81' lang='grc' dir='ltr'><strong>Θεός</strong></span> <span class='ocrx_word' id='word_1_382' title='bbox 1664 3045 1791 3097; x_wconf 90' lang='grc' dir='ltr'><strong>μου,</strong></span> 
     </span>
    </p>
   </div>
   <div class='ocr_carea' id='block_1_49' title="bbox 215 3118 1865 3217">
    <p class='ocr_par' dir='ltr' id='par_1_49' title="bbox 215 3118 1865 3217">
     <span class='ocr_line' id='line_1_49' title="bbox 215 3118 1865 3217; baseline -0.004 -40"><span class='ocrx_word' id='word_1_383' title='bbox 215 3126 315 3177; x_wconf 73' lang='grc' dir='ltr'><strong>καὶ</strong></span> <span class='ocrx_word' id='word_1_384' title='bbox 344 3122 696 3192; x_wconf 87' lang='grc' dir='ltr'><strong>ἀντιλήπτωρ</strong></span> <span class='ocrx_word' id='word_1_385' title='bbox 722 3121 823 3189; x_wconf 82' lang='grc' dir='ltr'><strong>τῆς</strong></span> <span class='ocrx_word' id='word_1_386' title='bbox 847 3124 1122 3190; x_wconf 78' lang='grc' dir='ltr'><strong>σωτηρίας</strong></span> <span class='ocrx_word' id='word_1_387' title='bbox 1158 3135 1281 3217; x_wconf 62' lang='lat' dir='ltr'><strong>pen“</strong></span> <span class='ocrx_word' id='word_1_388' title='bbox 1319 3118 1475 3217; x_wconf 58' lang='grc' dir='ltr'><strong>κάγὼ</strong></span> <span class='ocrx_word' id='word_1_389' title='bbox 1508 3122 1796 3217; x_wconf 63' lang='grc' dir='ltr'><strong>⁸πρωτότρ-</strong></span> <span class='ocrx_word' id='word_1_390' title='bbox 1820 3157 1865 3217; x_wconf 76' lang='lat' dir='ltr'>C</span> 
     </span>
    </p>
   </div>
   <div class='ocr_carea' id='block_1_50' title="bbox 216 3206 1797 3281">
    <p class='ocr_par' dir='ltr' id='par_1_50' title="bbox 216 3206 1797 3281">
     <span class='ocr_line' id='line_1_50' title="bbox 216 3206 1797 3281; baseline -0.002 -16"><span class='ocrx_word' id='word_1_391' title='bbox 216 3230 317 3265; x_wconf 82' lang='grc' dir='ltr'><strong>κον</strong></span> <span class='ocrx_word' id='word_1_392' title='bbox 349 3211 590 3281; x_wconf 80' lang='grc' dir='ltr'><strong>θήσομαι</strong></span> <span class='ocrx_word' id='word_1_393' title='bbox 619 3211 801 3274; x_wconf 80' lang='grc' dir='ltr'><strong>αὑτὸν,</strong></span> <span class='ocrx_word' id='word_1_394' title='bbox 835 3210 1037 3278; x_wconf 80' lang='grc' dir='ltr'><strong>ὑψηλὸν</strong></span> <span class='ocrx_word' id='word_1_395' title='bbox 1063 3208 1218 3278; x_wconf 88' lang='grc' dir='ltr'><strong>παρά</strong></span> <span class='ocrx_word' id='word_1_396' title='bbox 1236 3210 1348 3271; x_wconf 85' lang='grc' dir='ltr'><strong>τοῖς</strong></span> <span class='ocrx_word' id='word_1_397' title='bbox 1381 3208 1659 3276; x_wconf 82' lang='grc' dir='ltr'><strong>βασιλεῦσι</strong></span> <span class='ocrx_word' id='word_1_398' title='bbox 1695 3206 1797 3276; x_wconf 86' lang='grc' dir='ltr'><strong>τῆς</strong></span> 
     </span>
    </p>
   </div>
   <div class='ocr_carea' id='block_1_51' title="bbox 216 3297 1799 3369">
    <p class='ocr_par' dir='ltr' id='par_1_51' title="bbox 216 3297 1799 3369">
     <span class='ocr_line' id='line_1_51' title="bbox 216 3297 1799 3369; baseline -0.002 -17"><span class='ocrx_word' id='word_1_399' title='bbox 216 3301 345 3369; x_wconf 78' lang='grc' dir='ltr'><strong>γῆς’</strong></span> <span class='ocrx_word' id='word_1_400' title='bbox 381 3300 463 3360; x_wconf 86' lang='grc' dir='ltr'><strong>είς</strong></span> <span class='ocrx_word' id='word_1_401' title='bbox 499 3300 592 3351; x_wconf 82' lang='grc' dir='ltr'><strong>τὸν</strong></span> <span class='ocrx_word' id='word_1_402' title='bbox 620 3298 791 3352; x_wconf 84' lang='grc' dir='ltr'><strong>αἰῶνα</strong></span> <span class='ocrx_word' id='word_1_403' title='bbox 820 3298 1045 3365; x_wconf 76' lang='grc' dir='ltr'><strong>φυλάξω</strong></span> <span class='ocrx_word' id='word_1_404' title='bbox 1073 3297 1221 3367; x_wconf 80' lang='grc' dir='ltr'><strong>αὐτῷ</strong></span> <span class='ocrx_word' id='word_1_405' title='bbox 1263 3298 1326 3349; x_wconf 83' lang='grc' dir='ltr'><strong>τὸ</strong></span> <span class='ocrx_word' id='word_1_406' title='bbox 1360 3297 1506 3360; x_wconf 80' lang='grc' dir='ltr'><strong>ἔλεός</strong></span> <span class='ocrx_word' id='word_1_407' title='bbox 1545 3316 1671 3365; x_wconf 84' lang='grc' dir='ltr'><strong>μου,</strong></span> <span class='ocrx_word' id='word_1_408' title='bbox 1704 3298 1799 3350; x_wconf 80' lang='grc' dir='ltr'><strong>καὶ</strong></span> 
     </span>
    </p>
   </div>
   <div class='ocr_carea' id='block_1_52' title="bbox 216 3386 1799 3461">
    <p class='ocr_par' dir='ltr' id='par_1_52' title="bbox 216 3386 1799 3461">
     <span class='ocr_line' id='line_1_52' title="bbox 216 3386 1799 3461; baseline -0.003 -18"><span class='ocrx_word' id='word_1_409' title='bbox 216 3392 251 3461; x_wconf 84' lang='grc' dir='ltr'><strong>ή</strong></span> <span class='ocrx_word' id='word_1_410' title='bbox 293 3390 533 3459; x_wconf 83' lang='grc' dir='ltr'><strong>διαθήκη</strong></span> <span class='ocrx_word' id='word_1_411' title='bbox 583 3407 685 3457; x_wconf 74' lang='grc' dir='ltr'><strong>μου</strong></span> <span class='ocrx_word' id='word_1_412' title='bbox 734 3389 903 3457; x_wconf 88' lang='grc' dir='ltr'><strong>πιστὴ</strong></span> <span class='ocrx_word' id='word_1_413' title='bbox 940 3386 1087 3457; x_wconf 85' lang='grc' dir='ltr'><strong>αὑτῷ</strong></span> <span class='ocrx_word' id='word_1_414' title='bbox 1113 3404 1127 3419; x_wconf 75' lang='grc' dir='ltr'><strong><em>ο</em></strong></span> <span class='ocrx_word' id='word_1_415' title='bbox 1166 3388 1259 3440; x_wconf 74' lang='grc' dir='ltr'><strong>κα¹ι</strong></span> <span class='ocrx_word' id='word_1_416' title='bbox 1294 3387 1533 3456; x_wconf 86' lang='grc' dir='ltr'><strong>θήσομαι</strong></span> <span class='ocrx_word' id='word_1_417' title='bbox 1586 3389 1665 3449; x_wconf 89' lang='grc' dir='ltr'><strong>είς</strong></span> <span class='ocrx_word' id='word_1_418' title='bbox 1707 3387 1799 3439; x_wconf 74' lang='grc' dir='ltr'><strong>τὸν</strong></span> 
     </span>
    </p>
   </div>
   <div class='ocr_carea' id='block_1_53' title="bbox 217 3478 1799 3549">
    <p class='ocr_par' dir='ltr' id='par_1_53' title="bbox 217 3478 1799 3549">
     <span class='ocr_line' id='line_1_53' title="bbox 217 3478 1799 3549; baseline -0.001 -17"><span class='ocrx_word' id='word_1_419' title='bbox 217 3483 397 3533; x_wconf 78' lang='grc' dir='ltr'><strong>αἰῶνα</strong></span> <span class='ocrx_word' id='word_1_420' title='bbox 434 3480 529 3533; x_wconf 82' lang='grc' dir='ltr'><strong>τοῦ</strong></span> <span class='ocrx_word' id='word_1_421' title='bbox 555 3482 747 3542; x_wconf 78' lang='grc' dir='ltr'><strong>αἰῶνος</strong></span> <span class='ocrx_word' id='word_1_422' title='bbox 779 3480 842 3533; x_wconf 80' lang='grc' dir='ltr'><strong>τὸ</strong></span> <span class='ocrx_word' id='word_1_423' title='bbox 871 3480 1092 3548; x_wconf 86' lang='grc' dir='ltr'><strong>σπέρμα</strong></span> <span class='ocrx_word' id='word_1_424' title='bbox 1118 3478 1306 3542; x_wconf 79' lang='grc' dir='ltr'><strong>αὑτοῦ,</strong></span> <span class='ocrx_word' id='word_1_425' title='bbox 1348 3479 1445 3531; x_wconf 73' lang='grc' dir='ltr'><strong>καὶ</strong></span> <span class='ocrx_word' id='word_1_426' title='bbox 1476 3479 1568 3531; x_wconf 84' lang='grc' dir='ltr'><strong>τὸν</strong></span> <span class='ocrx_word' id='word_1_427' title='bbox 1611 3478 1799 3549; x_wconf 84' lang='grc' dir='ltr'><strong>θρόνον</strong></span> 
     </span>
    </p>
   </div>
   <div class='ocr_carea' id='block_1_54' title="bbox 218 3569 1801 3642">
    <p class='ocr_par' dir='ltr' id='par_1_54' title="bbox 218 3569 1801 3642">
     <span class='ocr_line' id='line_1_54' title="bbox 218 3569 1801 3642; baseline -0.001 -18"><span class='ocrx_word' id='word_1_428' title='bbox 218 3572 391 3625; x_wconf 74' lang='grc' dir='ltr'><strong>αὑτοῦ</strong></span> <span class='ocrx_word' id='word_1_429' title='bbox 439 3572 514 3634; x_wconf 87' lang='grc' dir='ltr'><strong>ὠς</strong></span> <span class='ocrx_word' id='word_1_430' title='bbox 552 3572 651 3635; x_wconf 70' lang='grc' dir='ltr'><strong>τὰς</strong></span> <span class='ocrx_word' id='word_1_431' title='bbox 684 3572 901 3642; x_wconf 80' lang='grc' dir='ltr'><strong>ἡμέρας</strong></span> <span class='ocrx_word' id='word_1_432' title='bbox 924 3570 1020 3623; x_wconf 82' lang='grc' dir='ltr'><strong>τοῦ</strong></span> <span class='ocrx_word' id='word_1_433' title='bbox 1055 3569 1307 3639; x_wconf 83' lang='grc' dir='ltr'><strong>οὐρανοῦ.</strong></span> <span class='ocrx_word' id='word_1_434' title='bbox 1354 3571 1481 3623; x_wconf 80' lang='grc' dir='ltr'><strong>Ἐάν</strong></span> <span class='ocrx_word' id='word_1_435' title='bbox 1512 3570 1801 3639; x_wconf 72' lang='grc' dir='ltr'><strong>ἐγκαταλί-</strong></span> 
     </span>
    </p>
   </div>
   <div class='ocr_carea' id='block_1_55' title="bbox 220 3662 1799 3733">
    <p class='ocr_par' dir='ltr' id='par_1_55' title="bbox 220 3662 1799 3733">
     <span class='ocr_line' id='line_1_55' title="bbox 220 3662 1799 3733; baseline -0.001 -17"><span class='ocrx_word' id='word_1_436' title='bbox 220 3679 400 3716; x_wconf 86' lang='grc' dir='ltr'><strong>πωσιν</strong></span> <span class='ocrx_word' id='word_1_437' title='bbox 432 3663 482 3714; x_wconf 89' lang='grc' dir='ltr'><strong>οῖ</strong></span> <span class='ocrx_word' id='word_1_438' title='bbox 514 3663 619 3715; x_wconf 74' lang='grc' dir='ltr'><strong>υἱοὶ</strong></span> <span class='ocrx_word' id='word_1_439' title='bbox 656 3662 820 3714; x_wconf 84' lang='grc' dir='ltr'><strong>αὐτοῦ</strong></span> <span class='ocrx_word' id='word_1_440' title='bbox 870 3663 962 3715; x_wconf 73' lang='grc' dir='ltr'><strong>τὸν</strong></span> <span class='ocrx_word' id='word_1_441' title='bbox 989 3662 1154 3731; x_wconf 71' lang='grc' dir='ltr'><strong>νόμον</strong></span> <span class='ocrx_word' id='word_1_442' title='bbox 1188 3678 1315 3731; x_wconf 88' lang='grc' dir='ltr'><strong>μου,</strong></span> <span class='ocrx_word' id='word_1_443' title='bbox 1358 3680 1377 3714; x_wconf 76' lang='grc' dir='ltr'><strong>ι</strong></span> <span class='ocrx_word' id='word_1_444' title='bbox 1420 3662 1538 3733; x_wconf 83' lang='grc' dir='ltr'><strong>ῆτοι</strong></span> <span class='ocrx_word' id='word_1_445' title='bbox 1575 3664 1624 3715; x_wconf 89' lang='grc' dir='ltr'><strong>οί</strong></span> <span class='ocrx_word' id='word_1_446' title='bbox 1664 3663 1799 3732; x_wconf 88' lang='grc' dir='ltr'><strong>Χρι-</strong></span> 
     </span>
    </p>
   </div>
   <div class='ocr_carea' id='block_1_56' title="bbox 221 3752 1799 3823">
    <p class='ocr_par' dir='ltr' id='par_1_56' title="bbox 221 3752 1799 3823">
     <span class='ocr_line' id='line_1_56' title="bbox 221 3752 1799 3823; baseline -0.003 -14"><span class='ocrx_word' id='word_1_447' title='bbox 221 3752 453 3818; x_wconf 76' lang='grc' dir='ltr'><strong>στιανοὶ,</strong></span> <span class='ocrx_word' id='word_1_448' title='bbox 491 3772 510 3806; x_wconf 72' lang='grc' dir='ltr'><strong>ι</strong></span> <span class='ocrx_word' id='word_1_449' title='bbox 546 3754 775 3815; x_wconf 71' lang='grc' dir='ltr'><strong>καὶτοῖς</strong></span> <span class='ocrx_word' id='word_1_450' title='bbox 814 3753 1049 3822; x_wconf 84' lang='grc' dir='ltr'><strong>κρίμασί</strong></span> <span class='ocrx_word' id='word_1_451' title='bbox 1081 3770 1182 3821; x_wconf 88' lang='grc' dir='ltr'><strong>μου</strong></span> <span class='ocrx_word' id='word_1_452' title='bbox 1207 3754 1269 3806; x_wconf 85' lang='grc' dir='ltr'><strong>οὐ</strong></span> <span class='ocrx_word' id='word_1_453' title='bbox 1310 3754 1670 3823; x_wconf 83' lang='grc' dir='ltr'><strong>πορευθῶσιν⁹</strong></span> <span class='ocrx_word' id='word_1_454' title='bbox 1704 3754 1799 3807; x_wconf 83' lang='grc' dir='ltr'><strong>ὲάν</strong></span> 
     </span>
    </p>
   </div>
   <div class='ocr_carea' id='block_1_57' title="bbox 217 3843 1799 3913">
    <p class='ocr_par' dir='ltr' id='par_1_57' title="bbox 217 3843 1799 3913">
     <span class='ocr_line' id='line_1_57' title="bbox 217 3843 1799 3913; baseline -0.001 -14"><span class='ocrx_word' id='word_1_455' title='bbox 217 3848 290 3900; x_wconf 75' lang='grc' dir='ltr'><strong>τὰ</strong></span> <span class='ocrx_word' id='word_1_456' title='bbox 320 3844 671 3913; x_wconf 83' lang='grc' dir='ltr'><strong>δικαιώματά</strong></span> <span class='ocrx_word' id='word_1_457' title='bbox 730 3861 833 3912; x_wconf 87' lang='grc' dir='ltr'><strong>μου</strong></span> <span class='ocrx_word' id='word_1_458' title='bbox 866 3843 1241 3913; x_wconf 84' lang='grc' dir='ltr'><strong>βεϐηλώσωσι,</strong></span> <span class='ocrx_word' id='word_1_459' title='bbox 1302 3845 1397 3897; x_wconf 76' lang='grc' dir='ltr'><strong>καὶ</strong></span> <span class='ocrx_word' id='word_1_460' title='bbox 1448 3845 1545 3907; x_wconf 78' lang='grc' dir='ltr'><strong>τὰς</strong></span> <span class='ocrx_word' id='word_1_461' title='bbox 1579 3846 1799 3909; x_wconf 78' lang='grc' dir='ltr'><strong>ἐντολάς</strong></span> 
     </span>
    </p>
   </div>
   <div class='ocr_carea' id='block_1_58' title="bbox 223 3935 1800 4009">
    <p class='ocr_par' dir='ltr' id='par_1_58' title="bbox 223 3935 1800 4009">
     <span class='ocr_line' id='line_1_58' title="bbox 223 3935 1800 4009; baseline -0.001 -18"><span class='ocrx_word' id='word_1_462' title='bbox 223 3956 329 4009; x_wconf 86' lang='grc' dir='ltr'><strong>μου</strong></span> <span class='ocrx_word' id='word_1_463' title='bbox 369 3940 445 4007; x_wconf 82' lang='grc' dir='ltr'><strong>μή</strong></span> <span class='ocrx_word' id='word_1_464' title='bbox 483 3936 760 4004; x_wconf 79' lang='grc' dir='ltr'><strong>φυλάξωσι</strong></span> <span class='ocrx_word' id='word_1_465' title='bbox 781 3975 796 3997; x_wconf 97' lang='grc'><strong>,</strong></span> <span class='ocrx_word' id='word_1_466' title='bbox 827 3935 1195 4004; x_wconf 75' lang='grc' dir='ltr'><strong>ἐπισκέψομαι</strong></span> <span class='ocrx_word' id='word_1_467' title='bbox 1230 3938 1288 3988; x_wconf 82' lang='grc' dir='ltr'><strong>ἐν</strong></span> <span class='ocrx_word' id='word_1_468' title='bbox 1318 3936 1500 4006; x_wconf 74' lang='grc' dir='ltr'><strong>ῥάϐδῳ</strong></span> <span class='ocrx_word' id='word_1_469' title='bbox 1543 3936 1641 3999; x_wconf 73' lang='grc' dir='ltr'><strong>τὰς</strong></span> <span class='ocrx_word' id='word_1_470' title='bbox 1676 3938 1800 3990; x_wconf 79' lang='grc' dir='ltr'><strong>ἀνο⁹</strong></span> 
     </span>
    </p>
   </div>
   <div class='ocr_carea' id='block_1_59' title="bbox 224 4027 1801 4100">
    <p class='ocr_par' dir='ltr' id='par_1_59' title="bbox 224 4027 1801 4100">
     <span class='ocr_line' id='line_1_59' title="bbox 224 4027 1801 4100; baseline 0.001 -20"><span class='ocrx_word' id='word_1_471' title='bbox 224 4031 357 4100; x_wconf 84' lang='grc' dir='ltr'><strong>μίας</strong></span> <span class='ocrx_word' id='word_1_472' title='bbox 389 4028 591 4093; x_wconf 82' lang='grc' dir='ltr'><strong>αὐτῶν,</strong></span> <span class='ocrx_word' id='word_1_473' title='bbox 639 4030 732 4080; x_wconf 76' lang='grc' dir='ltr'><strong>καὶ</strong></span> <span class='ocrx_word' id='word_1_474' title='bbox 766 4029 824 4080; x_wconf 81' lang='grc' dir='ltr'><strong>ὲν</strong></span> <span class='ocrx_word' id='word_1_475' title='bbox 860 4027 1079 4092; x_wconf 76' lang='grc' dir='ltr'><strong>μάστιξι</strong></span> <span class='ocrx_word' id='word_1_476' title='bbox 1108 4028 1209 4089; x_wconf 87' lang='grc' dir='ltr'><strong>τὰς</strong></span> <span class='ocrx_word' id='word_1_477' title='bbox 1239 4027 1453 4089; x_wconf 79' lang='grc' dir='ltr'><strong>ἀδικίας</strong></span> <span class='ocrx_word' id='word_1_478' title='bbox 1485 4028 1665 4081; x_wconf 82' lang='grc' dir='ltr'><strong>αὐτῶν</strong></span> <span class='ocrx_word' id='word_1_479' title='bbox 1689 4044 1704 4057; x_wconf 85' lang='grc'><em>’</em></span> <span class='ocrx_word' id='word_1_480' title='bbox 1740 4029 1801 4082; x_wconf 83' lang='grc' dir='ltr'><strong>τὸ</strong></span> 
     </span>
    </p>
   </div>
   <div class='ocr_carea' id='block_1_60' title="bbox 217 4119 1796 4190">
    <p class='ocr_par' dir='ltr' id='par_1_60' title="bbox 217 4119 1796 4190">
     <span class='ocr_line' id='line_1_60' title="bbox 217 4119 1796 4190; baseline 0.001 -17"><span class='ocrx_word' id='word_1_481' title='bbox 217 4122 276 4173; x_wconf 75' lang='grc' dir='ltr'><strong>δὲ</strong></span> <span class='ocrx_word' id='word_1_482' title='bbox 304 4121 455 4180; x_wconf 73' lang='grc' dir='ltr'><strong>ἔλεός</strong></span> <span class='ocrx_word' id='word_1_483' title='bbox 492 4136 593 4188; x_wconf 82' lang='grc' dir='ltr'><strong>μου</strong></span> <span class='ocrx_word' id='word_1_484' title='bbox 634 4120 697 4172; x_wconf 83' lang='grc' dir='ltr'><strong>οὐ</strong></span> <span class='ocrx_word' id='word_1_485' title='bbox 751 4119 824 4190; x_wconf 85' lang='grc' dir='ltr'><strong>μὴ</strong></span> <span class='ocrx_word' id='word_1_486' title='bbox 863 4120 1203 4173; x_wconf 84' lang='grc' dir='ltr'><strong>διασκεδάσω</strong></span> <span class='ocrx_word' id='word_1_487' title='bbox 1236 4121 1325 4174; x_wconf 80' lang='grc' dir='ltr'><strong>ἐπ’</strong></span> <span class='ocrx_word' id='word_1_488' title='bbox 1354 4123 1556 4187; x_wconf 77' lang='grc' dir='ltr'><strong>αὐτῶν,</strong></span> <span class='ocrx_word' id='word_1_489' title='bbox 1592 4122 1703 4175; x_wconf 82' lang='grc' dir='ltr'><strong>οὐδ’</strong></span> <span class='ocrx_word' id='word_1_490' title='bbox 1735 4123 1796 4174; x_wconf 83' lang='grc' dir='ltr'><strong>οὐ</strong></span> 
     </span>
    </p>
   </div>
   <div class='ocr_carea' id='block_1_61' title="bbox 225 4212 1800 4286">
    <p class='ocr_par' dir='ltr' id='par_1_61' title="bbox 225 4212 1800 4286">
     <span class='ocr_line' id='line_1_61' title="bbox 225 4212 1800 4286; baseline 0 -19"><span class='ocrx_word' id='word_1_491' title='bbox 225 4216 302 4285; x_wconf 78' lang='grc' dir='ltr'><strong>μὴ</strong></span> <span class='ocrx_word' id='word_1_492' title='bbox 337 4214 586 4283; x_wconf 83' lang='grc' dir='ltr'><strong>ἀδικήσω</strong></span> <span class='ocrx_word' id='word_1_493' title='bbox 625 4214 722 4281; x_wconf 84' lang='grc' dir='ltr'><strong>τὴν</strong></span> <span class='ocrx_word' id='word_1_494' title='bbox 752 4212 1020 4286; x_wconf 85' lang='grc' dir='ltr'><strong>διαθήκην</strong></span> <span class='ocrx_word' id='word_1_495' title='bbox 1045 4232 1169 4284; x_wconf 89' lang='grc' dir='ltr'><strong>μου.</strong></span> <span class='ocrx_word' id='word_1_496' title='bbox 1201 4215 1384 4281; x_wconf 78' lang='grc' dir='ltr'><strong>Ἀπαξ</strong></span> <span class='ocrx_word' id='word_1_497' title='bbox 1414 4214 1604 4283; x_wconf 77' lang='grc' dir='ltr'><strong>ὤμοσα</strong></span> <span class='ocrx_word' id='word_1_498' title='bbox 1633 4216 1692 4268; x_wconf 78' lang='grc' dir='ltr'><strong>ὲν</strong></span> <span class='ocrx_word' id='word_1_499' title='bbox 1720 4213 1800 4283; x_wconf 81' lang='grc' dir='ltr'><strong>τῷ</strong></span> 
     </span>
    </p>
   </div>
   <div class='ocr_carea' id='block_1_62' title="bbox 220 4302 1797 4375">
    <p class='ocr_par' dir='ltr' id='par_1_62' title="bbox 220 4302 1797 4375">
     <span class='ocr_line' id='line_1_62' title="bbox 220 4302 1797 4375; baseline -0.001 -17"><span class='ocrx_word' id='word_1_500' title='bbox 220 4306 366 4375; x_wconf 81' lang='grc' dir='ltr'><strong>ἁγίῳ</strong></span> <span class='ocrx_word' id='word_1_501' title='bbox 399 4322 522 4372; x_wconf 90' lang='grc' dir='ltr'><strong>μου.</strong></span> <span class='ocrx_word' id='word_1_502' title='bbox 555 4302 634 4356; x_wconf 82' lang='grc' dir='ltr'><em>Ἦ</em></span> <span class='ocrx_word' id='word_1_503' title='bbox 653 4304 733 4373; x_wconf 82' lang='grc' dir='ltr'><strong>τῷ</strong></span> <span class='ocrx_word' id='word_1_504' title='bbox 767 4303 931 4356; x_wconf 78' lang='grc' dir='ltr'><strong>Δαϐὶδ</strong></span> <span class='ocrx_word' id='word_1_505' title='bbox 956 4303 1257 4375; x_wconf 74' lang='grc' dir='ltr'><strong>ψεύσομαις</strong></span> <span class='ocrx_word' id='word_1_506' title='bbox 1295 4306 1356 4357; x_wconf 82' lang='grc' dir='ltr'><strong>τὸ</strong></span> <span class='ocrx_word' id='word_1_507' title='bbox 1380 4307 1603 4375; x_wconf 80' lang='grc' dir='ltr'><strong>σπέρμα</strong></span> <span class='ocrx_word' id='word_1_508' title='bbox 1631 4304 1797 4359; x_wconf 82' lang='grc' dir='ltr'><strong>αὑτοῦ</strong></span> 
     </span>
    </p>
   </div>
   <div class='ocr_carea' id='block_1_63' title="bbox 222 4395 1799 4465">
    <p class='ocr_par' dir='ltr' id='par_1_63' title="bbox 222 4395 1799 4465">
     <span class='ocr_line' id='line_1_63' title="bbox 222 4395 1799 4465; baseline 0 -14"><span class='ocrx_word' id='word_1_509' title='bbox 222 4399 307 4459; x_wconf 86' lang='grc' dir='ltr'><strong>είς</strong></span> <span class='ocrx_word' id='word_1_510' title='bbox 360 4396 454 4449; x_wconf 77' lang='grc' dir='ltr'><strong>τὸν</strong></span> <span class='ocrx_word' id='word_1_511' title='bbox 511 4395 684 4450; x_wconf 88' lang='grc' dir='ltr'><strong>αἰῶνα</strong></span> <span class='ocrx_word' id='word_1_512' title='bbox 739 4396 913 4465; x_wconf 82' lang='grc' dir='ltr'><strong>μένει,</strong></span> <span class='ocrx_word' id='word_1_513' title='bbox 959 4415 977 4447; x_wconf 75' lang='grc' dir='ltr'><strong>ι</strong></span> <span class='ocrx_word' id='word_1_514' title='bbox 1020 4396 1079 4456; x_wconf 86' lang='grc' dir='ltr'><strong>ὃς</strong></span> <span class='ocrx_word' id='word_1_515' title='bbox 1127 4397 1244 4448; x_wconf 76' lang='grc' dir='ltr'><strong>ἐστι</strong></span> <span class='ocrx_word' id='word_1_516' title='bbox 1283 4397 1519 4463; x_wconf 81' lang='grc' dir='ltr'><strong>Χριστὸς</strong></span> <span class='ocrx_word' id='word_1_517' title='bbox 1564 4398 1627 4450; x_wconf 86' lang='grc' dir='ltr'><strong>τὸ</strong></span> <span class='ocrx_word' id='word_1_518' title='bbox 1659 4400 1799 4451; x_wconf 85' lang='grc' dir='ltr'><strong>κατά</strong></span> 
     </span>
    </p>
   </div>
   <div class='ocr_carea' id='block_1_64' title="bbox 1897 1937 3472 2007">
    <p class='ocr_par' dir='ltr' id='par_1_64' title="bbox 1897 1937 3472 2007">
     <span class='ocr_line' id='line_1_64' title="bbox 1897 1937 3472 2007; baseline 0.003 -19"><span class='ocrx_word' id='word_1_519' title='bbox 1897 1953 2018 2005; x_wconf 70' lang='lat' dir='ltr'><strong>qua:</strong></span> <span class='ocrx_word' id='word_1_520' title='bbox 2044 1953 2154 1991; x_wconf 91' lang='lat' dir='ltr'><strong>non</strong></span> <span class='ocrx_word' id='word_1_521' title='bbox 2191 1937 2449 2000; x_wconf 87' lang='lat' dir='ltr'><strong>habebat,</strong></span> <span class='ocrx_word' id='word_1_522' title='bbox 2475 1939 2572 1991; x_wconf 91' lang='lat' dir='ltr'><strong>sed</strong></span> <span class='ocrx_word' id='word_1_523' title='bbox 2610 1948 2671 1992; x_wconf 91' lang='lat' dir='ltr'><strong>ut</strong></span> <span class='ocrx_word' id='word_1_524' title='bbox 2703 1956 2824 2007; x_wconf 79' lang='lat' dir='ltr'><strong>qua:</strong></span> <span class='ocrx_word' id='word_1_525' title='bbox 2861 1940 3118 2001; x_wconf 87' lang='lat' dir='ltr'><strong>habebat,</strong></span> <span class='ocrx_word' id='word_1_526' title='bbox 3156 1942 3472 1993; x_wconf 85' lang='lat' dir='ltr'><strong>manilesta-</strong></span> 
     </span>
    </p>
   </div>
   <div class='ocr_carea' id='block_1_65' title="bbox 1898 2030 3473 2098">
    <p class='ocr_par' dir='ltr' id='par_1_65' title="bbox 1898 2030 3473 2098">
     <span class='ocr_line' id='line_1_65' title="bbox 1898 2030 3473 2098; baseline 0.003 -18"><span class='ocrx_word' id='word_1_527' title='bbox 1898 2038 2111 2092; x_wconf 90' lang='lat' dir='ltr'><strong>rentur,</strong></span> <span class='ocrx_word' id='word_1_528' title='bbox 2142 2030 2610 2097; x_wconf 89' lang='lat' dir='ltr'><strong>quemadmodum</strong></span> <span class='ocrx_word' id='word_1_529' title='bbox 2634 2030 2903 2098; x_wconf 84' lang='lat' dir='ltr'><strong>scriptum</strong></span> <span class='ocrx_word' id='word_1_530' title='bbox 2935 2042 3057 2085; x_wconf 88' lang='lat' dir='ltr'><strong>est:</strong></span> <span class='ocrx_word' id='word_1_531' title='bbox 3098 2051 3115 2081; x_wconf 83' lang='grc' dir='ltr'><strong>ι</strong></span> <span class='ocrx_word' id='word_1_532' title='bbox 3147 2032 3343 2085; x_wconf 85' lang='lat' dir='ltr'><strong>l&#39;asees</strong></span> <span class='ocrx_word' id='word_1_533' title='bbox 3375 2046 3473 2085; x_wconf 91' lang='lat' dir='ltr'><strong>eos</strong></span> 
     </span>
    </p>
   </div>
   <div class='ocr_carea' id='block_1_66' title="bbox 1896 2122 3469 2191">
    <p class='ocr_par' dir='ltr' id='par_1_66' title="bbox 1896 2122 3469 2191">
     <span class='ocr_line' id='line_1_66' title="bbox 1896 2122 3469 2191; baseline 0.002 -18"><span class='ocrx_word' id='word_1_534' title='bbox 1896 2122 1952 2173; x_wconf 91' lang='lat' dir='ltr'><strong>in</strong></span> <span class='ocrx_word' id='word_1_535' title='bbox 1981 2122 2132 2189; x_wconf 78' lang='lat' dir='ltr'><strong>virga</strong></span> <span class='ocrx_word' id='word_1_536' title='bbox 2165 2122 2341 2175; x_wconf 82' lang='lat' dir='ltr'><strong>ferrea</strong></span> <span class='ocrx_word' id='word_1_537' title='bbox 2359 2122 2425 2185; x_wconf 87' lang='grc'><strong>²⁰,</strong></span> <span class='ocrx_word' id='word_1_538' title='bbox 2450 2140 2468 2172; x_wconf 73' lang='grc' dir='ltr'><strong>ι</strong></span> <span class='ocrx_word' id='word_1_539' title='bbox 2499 2138 2619 2190; x_wconf 80' lang='lat' dir='ltr'><strong>qua:</strong></span> <span class='ocrx_word' id='word_1_540' title='bbox 2641 2134 2727 2177; x_wconf 91' lang='lat' dir='ltr'><strong>cst</strong></span> <span class='ocrx_word' id='word_1_541' title='bbox 2752 2123 3127 2176; x_wconf 78' lang='lat' dir='ltr'><strong>Romanorum</strong></span> <span class='ocrx_word' id='word_1_542' title='bbox 3154 2125 3469 2191; x_wconf 76' lang='lat' dir='ltr'><strong>imperium.</strong></span> 
     </span>
    </p>
   </div>
   <div class='ocr_carea' id='block_1_67' title="bbox 1897 2208 3474 2282">
    <p class='ocr_par' dir='ltr' id='par_1_67' title="bbox 1897 2208 3474 2282">
     <span class='ocr_line' id='line_1_67' title="bbox 1897 2208 3474 2282; baseline 0.004 -19"><span class='ocrx_word' id='word_1_543' title='bbox 1897 2208 2192 2277; x_wconf 74' lang='lat' dir='ltr'><strong>Postquam</strong></span> <span class='ocrx_word' id='word_1_544' title='bbox 2223 2210 2371 2263; x_wconf 92' lang='lat' dir='ltr'><strong>enim</strong></span> <span class='ocrx_word' id='word_1_545' title='bbox 2412 2209 2669 2265; x_wconf 79' lang='lat' dir='ltr'><strong>Christus</strong></span> <span class='ocrx_word' id='word_1_546' title='bbox 2707 2212 2814 2265; x_wconf 90' lang='lat' dir='ltr'><strong>hoc</strong></span> <span class='ocrx_word' id='word_1_547' title='bbox 2856 2229 3088 2282; x_wconf 80' lang='lat' dir='ltr'><strong>regnum</strong></span> <span class='ocrx_word' id='word_1_548' title='bbox 3127 2214 3383 2268; x_wconf 80' lang='lat' dir='ltr'><strong>ﬁdelibus</strong></span> <span class='ocrx_word' id='word_1_549' title='bbox 3417 2225 3474 2269; x_wconf 80' lang='lat' dir='ltr'><strong>et</strong></span> 
     </span>
    </p>
   </div>
   <div class='ocr_carea' id='block_1_68' title="bbox 1895 2300 3475 2373">
    <p class='ocr_par' dir='ltr' id='par_1_68' title="bbox 1895 2300 3475 2373">
     <span class='ocr_line' id='line_1_68' title="bbox 1895 2300 3475 2373; baseline 0.003 -19"><span class='ocrx_word' id='word_1_550' title='bbox 1895 2300 2229 2354; x_wconf 79' lang='lat' dir='ltr'><strong>Christianis</strong></span> <span class='ocrx_word' id='word_1_551' title='bbox 2276 2302 2705 2370; x_wconf 89' lang='lat' dir='ltr'><strong>imperatoribus</strong></span> <span class='ocrx_word' id='word_1_552' title='bbox 2754 2303 2982 2371; x_wconf 80' lang='lat' dir='ltr'><strong>largitus</strong></span> <span class='ocrx_word' id='word_1_553' title='bbox 3010 2314 3117 2365; x_wconf 90' lang='lat' dir='ltr'><strong>est,</strong></span> <span class='ocrx_word' id='word_1_554' title='bbox 3156 2306 3238 2357; x_wconf 93' lang='lat' dir='ltr'><strong>eis</strong></span> <span class='ocrx_word' id='word_1_555' title='bbox 3276 2315 3475 2373; x_wconf 73' lang='lat' dir='ltr'><strong>przrest</strong></span> 
     </span>
    </p>
   </div>
   <div class='ocr_carea' id='block_1_69' title="bbox 1897 2393 3474 2464">
    <p class='ocr_par' dir='ltr' id='par_1_69' title="bbox 1897 2393 3474 2464">
     <span class='ocr_line' id='line_1_69' title="bbox 1897 2393 3474 2464; baseline 0.004 -20"><span class='ocrx_word' id='word_1_556' title='bbox 1897 2400 2060 2459; x_wconf 86' lang='lat' dir='ltr'><strong>atque</strong></span> <span class='ocrx_word' id='word_1_557' title='bbox 2092 2403 2411 2462; x_wconf 80' lang='lat' dir='ltr'><strong>conregnat.</strong></span> <span class='ocrx_word' id='word_1_558' title='bbox 2441 2394 2689 2448; x_wconf 76' lang='lat' dir='ltr'><strong>Pereunt</strong></span> <span class='ocrx_word' id='word_1_559' title='bbox 2718 2393 2906 2449; x_wconf 87' lang='lat' dir='ltr'><strong>lideles</strong></span> <span class='ocrx_word' id='word_1_560' title='bbox 2933 2397 3117 2464; x_wconf 89' lang='lat' dir='ltr'><strong>populi</strong></span> <span class='ocrx_word' id='word_1_561' title='bbox 3149 2396 3279 2449; x_wconf 85' lang='lat' dir='ltr'><strong>huic</strong></span> <span class='ocrx_word' id='word_1_562' title='bbox 3306 2414 3474 2464; x_wconf 70' lang='lat' dir='ltr'><strong>regno</strong></span> 
     </span>
    </p>
   </div>
   <div class='ocr_carea' id='block_1_70' title="bbox 1897 2484 3476 2557">
    <p class='ocr_par' dir='ltr' id='par_1_70' title="bbox 1897 2484 3476 2557">
     <span class='ocr_line' id='line_1_70' title="bbox 1897 2484 3476 2557; baseline 0.003 -21"><span class='ocrx_word' id='word_1_563' title='bbox 1897 2484 2127 2552; x_wconf 82' lang='lat' dir='ltr'><strong>ascripti</strong></span> <span class='ocrx_word' id='word_1_564' title='bbox 2160 2492 2467 2551; x_wconf 89' lang='lat' dir='ltr'><strong>pascuntur</strong></span> <span class='ocrx_word' id='word_1_565' title='bbox 2492 2492 2549 2537; x_wconf 91' lang='lat' dir='ltr'><strong>et</strong></span> <span class='ocrx_word' id='word_1_566' title='bbox 2588 2486 2642 2538; x_wconf 88' lang='lat' dir='ltr'><strong>in</strong></span> <span class='ocrx_word' id='word_1_567' title='bbox 2684 2484 2790 2539; x_wconf 84' lang='lat' dir='ltr'><strong>lide</strong></span> <span class='ocrx_word' id='word_1_568' title='bbox 2819 2487 3202 2541; x_wconf 88' lang='lat' dir='ltr'><strong>continentur.</strong></span> <span class='ocrx_word' id='word_1_569' title='bbox 3228 2488 3476 2557; x_wconf 77' lang='lat' dir='ltr'><strong>Quapro-</strong></span> 
     </span>
    </p>
   </div>
   <div class='ocr_carea' id='block_1_71' title="bbox 1897 2576 3471 2648">
    <p class='ocr_par' dir='ltr' id='par_1_71' title="bbox 1897 2576 3471 2648">
     <span class='ocr_line' id='line_1_71' title="bbox 1897 2576 3471 2648; baseline 0.004 -21"><span class='ocrx_word' id='word_1_570' title='bbox 1897 2584 2024 2644; x_wconf 87' lang='lat' dir='ltr'><strong>pter</strong></span> <span class='ocrx_word' id='word_1_571' title='bbox 2089 2576 2221 2628; x_wconf 85' lang='lat' dir='ltr'><strong>licet</strong></span> <span class='ocrx_word' id='word_1_572' title='bbox 2277 2590 2471 2629; x_wconf 90' lang='lat' dir='ltr'><strong>omnes</strong></span> <span class='ocrx_word' id='word_1_573' title='bbox 2514 2585 2705 2645; x_wconf 79' lang='lat' dir='ltr'><strong>gentes</strong></span> <span class='ocrx_word' id='word_1_574' title='bbox 2754 2576 3198 2632; x_wconf 87' lang='lat' dir='ltr'><strong>Christianorum</strong></span> <span class='ocrx_word' id='word_1_575' title='bbox 3243 2596 3471 2648; x_wconf 69' lang='lat' dir='ltr'><strong>regnum</strong></span> 
     </span>
    </p>
   </div>
   <div class='ocr_carea' id='block_1_72' title="bbox 1898 2666 3469 2739">
    <p class='ocr_par' dir='ltr' id='par_1_72' title="bbox 1898 2666 3469 2739">
     <span class='ocr_line' id='line_1_72' title="bbox 1898 2666 3469 2739; baseline 0.004 -20"><span class='ocrx_word' id='word_1_576' title='bbox 1898 2666 2346 2734; x_wconf 72' lang='lat' dir='ltr'><strong>impngnavcrint</strong></span> <span class='ocrx_word' id='word_1_577' title='bbox 2370 2681 2427 2721; x_wconf 91' lang='lat' dir='ltr'><strong>et</strong></span> <span class='ocrx_word' id='word_1_578' title='bbox 2448 2667 2517 2719; x_wconf 89' lang='lat' dir='ltr'><strong>ad</strong></span> <span class='ocrx_word' id='word_1_579' title='bbox 2556 2678 2771 2735; x_wconf 90' lang='lat' dir='ltr'><strong>tempus</strong></span> <span class='ocrx_word' id='word_1_580' title='bbox 2797 2669 3088 2723; x_wconf 87' lang='lat' dir='ltr'><strong>victoriam</strong></span> <span class='ocrx_word' id='word_1_581' title='bbox 3113 2676 3469 2739; x_wconf 84' lang='lat' dir='ltr'><strong>reportarinl,</strong></span> 
     </span>
    </p>
   </div>
   <div class='ocr_carea' id='block_1_73' title="bbox 1897 2754 3475 2827">
    <p class='ocr_par' dir='ltr' id='par_1_73' title="bbox 1897 2754 3475 2827">
     <span class='ocr_line' id='line_1_73' title="bbox 1897 2754 3475 2827; baseline 0.006 -20"><span class='ocrx_word' id='word_1_582' title='bbox 1897 2754 2031 2807; x_wconf 90' lang='lat' dir='ltr'><strong>illud</strong></span> <span class='ocrx_word' id='word_1_583' title='bbox 2066 2770 2244 2825; x_wconf 86' lang='lat' dir='ltr'><strong>neque</strong></span> <span class='ocrx_word' id='word_1_584' title='bbox 2275 2770 2446 2820; x_wconf 92' lang='lat' dir='ltr'><strong>nunc,</strong></span> <span class='ocrx_word' id='word_1_585' title='bbox 2481 2770 2661 2824; x_wconf 88' lang='lat' dir='ltr'><strong>neque</strong></span> <span class='ocrx_word' id='word_1_586' title='bbox 2693 2757 2747 2809; x_wconf 94' lang='lat' dir='ltr'><strong>in</strong></span> <span class='ocrx_word' id='word_1_587' title='bbox 2778 2768 3062 2827; x_wconf 87' lang='lat' dir='ltr'><strong>posterum</strong></span> <span class='ocrx_word' id='word_1_588' title='bbox 3094 2772 3345 2815; x_wconf 84' lang='lat' dir='ltr'><strong>evertere</strong></span> <span class='ocrx_word' id='word_1_589' title='bbox 3379 2779 3475 2816; x_wconf 85' lang='lat' dir='ltr'><strong>va-</strong></span> 
     </span>
    </p>
   </div>
   <div class='ocr_carea' id='block_1_74' title="bbox 1895 2846 3475 2924">
    <p class='ocr_par' dir='ltr' id='par_1_74' title="bbox 1895 2846 3475 2924">
     <span class='ocr_line' id='line_1_74' title="bbox 1895 2846 3475 2924; baseline 0.006 -24"><span class='ocrx_word' id='word_1_590' title='bbox 1895 2846 2111 2910; x_wconf 89' lang='lat' dir='ltr'><strong>lebunt,</strong></span> <span class='ocrx_word' id='word_1_591' title='bbox 2141 2848 2217 2900; x_wconf 92' lang='lat' dir='ltr'><strong>uti</strong></span> <span class='ocrx_word' id='word_1_592' title='bbox 2268 2847 2323 2900; x_wconf 92' lang='lat' dir='ltr'><strong>in</strong></span> <span class='ocrx_word' id='word_1_593' title='bbox 2360 2848 2509 2902; x_wconf 89' lang='lat' dir='ltr'><strong>libro</strong></span> <span class='ocrx_word' id='word_1_594' title='bbox 2558 2848 2904 2903; x_wconf 84' lang='lat' dir='ltr'><strong>Psalmoruin</strong></span> <span class='ocrx_word' id='word_1_595' title='bbox 2943 2851 3011 2905; x_wconf 92' lang='lat' dir='ltr'><strong>de</strong></span> <span class='ocrx_word' id='word_1_596' title='bbox 3055 2851 3261 2907; x_wconf 81' lang='lat' dir='ltr'><strong>Christi</strong></span> <span class='ocrx_word' id='word_1_597' title='bbox 3306 2872 3475 2924; x_wconf 80' lang='lat' dir='ltr'><strong>regno</strong></span> 
     </span>
    </p>
   </div>
   <div class='ocr_carea' id='block_1_75' title="bbox 1896 2938 3476 3008">
    <p class='ocr_par' dir='ltr' id='par_1_75' title="bbox 1896 2938 3476 3008">
     <span class='ocr_line' id='line_1_75' title="bbox 1896 2938 3476 3008; baseline 0.007 -17"><span class='ocrx_word' id='word_1_598' title='bbox 1896 2938 2162 3006; x_wconf 85' lang='lat' dir='ltr'><strong>scriptum</strong></span> <span class='ocrx_word' id='word_1_599' title='bbox 2215 2939 2419 3008; x_wconf 82' lang='lat' dir='ltr'><strong>legitur</strong></span> <span class='ocrx_word' id='word_1_600' title='bbox 2455 2957 2469 2993; x_wconf 78' lang='grc' dir='ltr'><strong>ι</strong></span> <span class='ocrx_word' id='word_1_601' title='bbox 2517 2958 2537 2991; x_wconf 78' lang='grc' dir='ltr'><strong>ι</strong></span> <span class='ocrx_word' id='word_1_602' title='bbox 2570 2941 2789 2997; x_wconf 82' lang='lat' dir='ltr'><strong>Veritas</strong></span> <span class='ocrx_word' id='word_1_603' title='bbox 2832 2957 2952 2996; x_wconf 89' lang='lat' dir='ltr'><strong>mea</strong></span> <span class='ocrx_word' id='word_1_604' title='bbox 2995 2952 3051 2997; x_wconf 91' lang='lat' dir='ltr'><strong>ct</strong></span> <span class='ocrx_word' id='word_1_605' title='bbox 3098 2946 3476 3002; x_wconf 84' lang='lat' dir='ltr'><strong>misericordia</strong></span> 
     </span>
    </p>
   </div>
   <div class='ocr_carea' id='block_1_76' title="bbox 1896 3032 3477 3107">
    <p class='ocr_par' dir='ltr' id='par_1_76' title="bbox 1896 3032 3477 3107">
     <span class='ocr_line' id='line_1_76' title="bbox 1896 3032 3477 3107; baseline 0.006 -24"><span class='ocrx_word' id='word_1_606' title='bbox 1896 3045 2017 3083; x_wconf 88' lang='lat' dir='ltr'><strong>mea</strong></span> <span class='ocrx_word' id='word_1_607' title='bbox 2052 3046 2178 3085; x_wconf 85' lang='lat' dir='ltr'><strong>enin</strong></span> <span class='ocrx_word' id='word_1_608' title='bbox 2208 3045 2298 3094; x_wconf 88' lang='lat' dir='ltr'><strong>eo,</strong></span> <span class='ocrx_word' id='word_1_609' title='bbox 2332 3041 2387 3085; x_wconf 93' lang='lat' dir='ltr'><strong>et</strong></span> <span class='ocrx_word' id='word_1_610' title='bbox 2419 3033 2473 3084; x_wconf 91' lang='lat' dir='ltr'><strong>in</strong></span> <span class='ocrx_word' id='word_1_611' title='bbox 2500 3032 2727 3086; x_wconf 86' lang='lat' dir='ltr'><strong>nomine</strong></span> <span class='ocrx_word' id='word_1_612' title='bbox 2756 3048 2880 3087; x_wconf 89' lang='lat' dir='ltr'><strong>meo</strong></span> <span class='ocrx_word' id='word_1_613' title='bbox 2906 3050 3077 3089; x_wconf 90' lang='lat' dir='ltr'><strong>cornu</strong></span> <span class='ocrx_word' id='word_1_614' title='bbox 3111 3039 3234 3107; x_wconf 87' lang='lat' dir='ltr'><strong>ejus</strong></span> <span class='ocrx_word' id='word_1_615' title='bbox 3267 3041 3477 3093; x_wconf 73' lang='lat' dir='ltr'><strong>exalta-</strong></span> 
     </span>
    </p>
   </div>
   <div class='ocr_carea' id='block_1_77' title="bbox 1899 3121 3477 3194">
    <p class='ocr_par' dir='ltr' id='par_1_77' title="bbox 1899 3121 3477 3194">
     <span class='ocr_line' id='line_1_77' title="bbox 1899 3121 3477 3194; baseline 0.008 -21"><span class='ocrx_word' id='word_1_616' title='bbox 1899 3121 2068 3175; x_wconf 90' lang='lat' dir='ltr'><strong>bitur.</strong></span> <span class='ocrx_word' id='word_1_617' title='bbox 2107 3122 2310 3176; x_wconf 75' lang='lat' dir='ltr'><strong>Ponant</strong></span> <span class='ocrx_word' id='word_1_618' title='bbox 2352 3122 2409 3177; x_wconf 89' lang='lat' dir='ltr'><strong>in</strong></span> <span class='ocrx_word' id='word_1_619' title='bbox 2460 3124 2599 3177; x_wconf 88' lang='lat' dir='ltr'><strong>mari</strong></span> <span class='ocrx_word' id='word_1_620' title='bbox 2648 3139 2874 3178; x_wconf 90' lang='lat' dir='ltr'><strong>manum</strong></span> <span class='ocrx_word' id='word_1_621' title='bbox 2918 3127 3059 3194; x_wconf 86' lang='lat' dir='ltr'><strong>ejus,</strong></span> <span class='ocrx_word' id='word_1_622' title='bbox 3106 3139 3164 3183; x_wconf 92' lang='lat' dir='ltr'><strong>et</strong></span> <span class='ocrx_word' id='word_1_623' title='bbox 3209 3130 3261 3183; x_wconf 93' lang='lat' dir='ltr'><strong>in</strong></span> <span class='ocrx_word' id='word_1_624' title='bbox 3296 3131 3477 3185; x_wconf 87' lang='lat' dir='ltr'><strong>tluviis</strong></span> 
     </span>
    </p>
   </div>
   <div class='ocr_carea' id='block_1_78' title="bbox 1899 3213 3474 3285">
    <p class='ocr_par' dir='ltr' id='par_1_78' title="bbox 1899 3213 3474 3285">
     <span class='ocr_line' id='line_1_78' title="bbox 1899 3213 3474 3285; baseline 0.004 -18"><span class='ocrx_word' id='word_1_625' title='bbox 1899 3213 2145 3267; x_wconf 82' lang='lat' dir='ltr'><strong>dextram</strong></span> <span class='ocrx_word' id='word_1_626' title='bbox 2165 3215 2306 3283; x_wconf 84' lang='lat' dir='ltr'><strong>ejus.</strong></span> <span class='ocrx_word' id='word_1_627' title='bbox 2333 3213 2455 3283; x_wconf 89' lang='lat' dir='ltr'><strong>Ipse</strong></span> <span class='ocrx_word' id='word_1_628' title='bbox 2479 3214 2760 3269; x_wconf 80' lang='lat' dir='ltr'><strong>invocabit</strong></span> <span class='ocrx_word' id='word_1_629' title='bbox 2782 3232 2868 3270; x_wconf 91' lang='lat' dir='ltr'><strong>me</strong></span> <span class='ocrx_word' id='word_1_630' title='bbox 2897 3233 2911 3269; x_wconf 89' lang='lat'><strong>:</strong></span> <span class='ocrx_word' id='word_1_631' title='bbox 2939 3217 3100 3271; x_wconf 81' lang='lat' dir='ltr'><strong>Pater</strong></span> <span class='ocrx_word' id='word_1_632' title='bbox 3126 3233 3281 3273; x_wconf 90' lang='lat' dir='ltr'><strong>meus</strong></span> <span class='ocrx_word' id='word_1_633' title='bbox 3313 3236 3373 3274; x_wconf 91' lang='lat' dir='ltr'><strong>es</strong></span> <span class='ocrx_word' id='word_1_634' title='bbox 3394 3229 3474 3285; x_wconf 94' lang='lat' dir='ltr'><strong>tu,</strong></span> 
     </span>
    </p>
   </div>
   <div class='ocr_carea' id='block_1_79' title="bbox 1899 3302 3478 3379">
    <p class='ocr_par' dir='ltr' id='par_1_79' title="bbox 1899 3302 3478 3379">
     <span class='ocr_line' id='line_1_79' title="bbox 1899 3302 3478 3379; baseline 0.006 -24"><span class='ocrx_word' id='word_1_635' title='bbox 1899 3302 2044 3356; x_wconf 84' lang='lat' dir='ltr'><strong>Deus</strong></span> <span class='ocrx_word' id='word_1_636' title='bbox 2068 3319 2243 3367; x_wconf 88' lang='lat' dir='ltr'><strong>meus,</strong></span> <span class='ocrx_word' id='word_1_637' title='bbox 2272 3312 2330 3357; x_wconf 94' lang='lat' dir='ltr'><strong>et</strong></span> <span class='ocrx_word' id='word_1_638' title='bbox 2365 3316 2656 3373; x_wconf 87' lang='lat' dir='ltr'><strong>susceptor</strong></span> <span class='ocrx_word' id='word_1_639' title='bbox 2684 3306 2880 3360; x_wconf 91' lang='lat' dir='ltr'><strong>salutis</strong></span> <span class='ocrx_word' id='word_1_640' title='bbox 2930 3322 3087 3360; x_wconf 69' lang='lat' dir='ltr'><strong>mem.</strong></span> <span class='ocrx_word' id='word_1_641' title='bbox 3130 3309 3199 3362; x_wconf 80' lang='lat' dir='ltr'><strong>Et</strong></span> <span class='ocrx_word' id='word_1_642' title='bbox 3231 3325 3331 3379; x_wconf 77' lang='lat' dir='ltr'><strong>ego</strong></span> <span class='ocrx_word' id='word_1_643' title='bbox 3360 3313 3478 3379; x_wconf 89' lang='lat' dir='ltr'><strong>pri-</strong></span> 
     </span>
    </p>
   </div>
   <div class='ocr_carea' id='block_1_80' title="bbox 1900 3393 3479 3468">
    <p class='ocr_par' dir='ltr' id='par_1_80' title="bbox 1900 3393 3479 3468">
     <span class='ocr_line' id='line_1_80' title="bbox 1900 3393 3479 3468; baseline 0.006 -24"><span class='ocrx_word' id='word_1_644' title='bbox 1900 3393 2242 3459; x_wconf 78' lang='lat' dir='ltr'><strong>mogenitum</strong></span> <span class='ocrx_word' id='word_1_645' title='bbox 2291 3407 2493 3461; x_wconf 90' lang='lat' dir='ltr'><strong>ponam</strong></span> <span class='ocrx_word' id='word_1_646' title='bbox 2535 3394 2725 3458; x_wconf 87' lang='lat' dir='ltr'><strong>illutn,</strong></span> <span class='ocrx_word' id='word_1_647' title='bbox 2767 3395 3045 3448; x_wconf 82' lang='lat' dir='ltr'><strong>excelsum</strong></span> <span class='ocrx_word' id='word_1_648' title='bbox 3098 3413 3209 3465; x_wconf 65' lang='lat' dir='ltr'><strong>pra:</strong></span> <span class='ocrx_word' id='word_1_649' title='bbox 3256 3400 3479 3468; x_wconf 84' lang='lat' dir='ltr'><strong>regibus</strong></span> 
     </span>
    </p>
   </div>
   <div class='ocr_carea' id='block_1_81' title="bbox 1903 3482 3476 3546">
    <p class='ocr_par' dir='ltr' id='par_1_81' title="bbox 1903 3482 3476 3546">
     <span class='ocr_line' id='line_1_81' title="bbox 1903 3482 3476 3546; baseline 0.007 -12"><span class='ocrx_word' id='word_1_650' title='bbox 1903 3490 2083 3536; x_wconf 79' lang='lat' dir='ltr'><strong>teme.</strong></span> <span class='ocrx_word' id='word_1_651' title='bbox 2154 3482 2214 3537; x_wconf 92' lang='lat' dir='ltr'><strong>In</strong></span> <span class='ocrx_word' id='word_1_652' title='bbox 2273 3492 2541 3537; x_wconf 64' lang='lat' dir='ltr'><strong>aeternum</strong></span> <span class='ocrx_word' id='word_1_653' title='bbox 2610 3486 2843 3539; x_wconf 84' lang='lat' dir='ltr'><strong>servabo</strong></span> <span class='ocrx_word' id='word_1_654' title='bbox 2902 3486 2978 3540; x_wconf 87' lang='lat' dir='ltr'><strong>illi</strong></span> <span class='ocrx_word' id='word_1_655' title='bbox 3038 3489 3476 3546; x_wconf 87' lang='lat' dir='ltr'><strong>misericordiam</strong></span> 
     </span>
    </p>
   </div>
   <div class='ocr_carea' id='block_1_82' title="bbox 1899 3576 3475 3649">
    <p class='ocr_par' dir='ltr' id='par_1_82' title="bbox 1899 3576 3475 3649">
     <span class='ocr_line' id='line_1_82' title="bbox 1899 3576 3475 3649; baseline 0.006 -23"><span class='ocrx_word' id='word_1_656' title='bbox 1899 3589 2099 3637; x_wconf 85' lang='lat' dir='ltr'><strong>meam,</strong></span> <span class='ocrx_word' id='word_1_657' title='bbox 2123 3582 2181 3627; x_wconf 90' lang='lat' dir='ltr'><strong>et</strong></span> <span class='ocrx_word' id='word_1_658' title='bbox 2207 3584 2595 3629; x_wconf 86' lang='lat' dir='ltr'><strong>testamentum</strong></span> <span class='ocrx_word' id='word_1_659' title='bbox 2624 3592 2810 3630; x_wconf 77' lang='lat' dir='ltr'><strong>meum</strong></span> <span class='ocrx_word' id='word_1_660' title='bbox 2836 3576 2995 3631; x_wconf 84' lang='lat' dir='ltr'><strong>ﬁdele</strong></span> <span class='ocrx_word' id='word_1_661' title='bbox 3032 3578 3155 3646; x_wconf 86' lang='lat' dir='ltr'><strong>ipsi.</strong></span> <span class='ocrx_word' id='word_1_662' title='bbox 3186 3580 3251 3633; x_wconf 78' lang='lat' dir='ltr'><strong>Et</strong></span> <span class='ocrx_word' id='word_1_663' title='bbox 3277 3598 3475 3649; x_wconf 89' lang='lat' dir='ltr'><strong>ponam</strong></span> 
     </span>
    </p>
   </div>
   <div class='ocr_carea' id='block_1_83' title="bbox 1900 3661 3478 3741">
    <p class='ocr_par' dir='ltr' id='par_1_83' title="bbox 1900 3661 3478 3741">
     <span class='ocr_line' id='line_1_83' title="bbox 1900 3661 3478 3741; baseline 0.006 -25"><span class='ocrx_word' id='word_1_664' title='bbox 1900 3661 1955 3716; x_wconf 91' lang='lat' dir='ltr'><strong>in</strong></span> <span class='ocrx_word' id='word_1_665' title='bbox 1994 3664 2256 3718; x_wconf 69' lang='lat' dir='ltr'><strong>swculum</strong></span> <span class='ocrx_word' id='word_1_666' title='bbox 2295 3663 2480 3718; x_wconf 69' lang='lat' dir='ltr'><strong>saeculi</strong></span> <span class='ocrx_word' id='word_1_667' title='bbox 2522 3681 2712 3719; x_wconf 89' lang='lat' dir='ltr'><strong>semen</strong></span> <span class='ocrx_word' id='word_1_668' title='bbox 2756 3668 2912 3734; x_wconf 83' lang='lat' dir='ltr'><strong>ejus,</strong></span> <span class='ocrx_word' id='word_1_669' title='bbox 2960 3678 3019 3722; x_wconf 90' lang='lat' dir='ltr'><strong>et</strong></span> <span class='ocrx_word' id='word_1_670' title='bbox 3069 3671 3327 3723; x_wconf 89' lang='lat' dir='ltr'><strong>thronum</strong></span> <span class='ocrx_word' id='word_1_671' title='bbox 3360 3674 3478 3741; x_wconf 84' lang='lat' dir='ltr'><strong>ejus</strong></span> 
     </span>
    </p>
   </div>
   <div class='ocr_carea' id='block_1_84' title="bbox 1898 3753 3478 3832">
    <p class='ocr_par' dir='ltr' id='par_1_84' title="bbox 1898 3753 3478 3832">
     <span class='ocr_line' id='line_1_84' title="bbox 1898 3753 3478 3832; baseline 0.006 -25"><span class='ocrx_word' id='word_1_672' title='bbox 1898 3754 2044 3807; x_wconf 91' lang='lat' dir='ltr'><strong>sicut</strong></span> <span class='ocrx_word' id='word_1_673' title='bbox 2084 3753 2205 3808; x_wconf 81' lang='lat' dir='ltr'><strong>dies</strong></span> <span class='ocrx_word' id='word_1_674' title='bbox 2245 3754 2396 3808; x_wconf 72' lang='lat' dir='ltr'><strong>cmli.</strong></span> <span class='ocrx_word' id='word_1_675' title='bbox 2443 3754 2498 3808; x_wconf 92' lang='lat' dir='ltr'><strong>Si</strong></span> <span class='ocrx_word' id='word_1_676' title='bbox 2531 3770 2714 3809; x_wconf 87' lang='lat' dir='ltr'><strong>autem</strong></span> <span class='ocrx_word' id='word_1_677' title='bbox 2772 3757 3174 3827; x_wconf 87' lang='lat' dir='ltr'><strong>dereliquerint</strong></span> <span class='ocrx_word' id='word_1_678' title='bbox 3216 3763 3312 3815; x_wconf 85' lang='lat' dir='ltr'><strong>lilii</strong></span> <span class='ocrx_word' id='word_1_679' title='bbox 3357 3765 3478 3832; x_wconf 82' lang='lat' dir='ltr'><strong>ejus</strong></span> 
     </span>
    </p>
   </div>
   <div class='ocr_carea' id='block_1_85' title="bbox 1899 3842 3479 3914">
    <p class='ocr_par' dir='ltr' id='par_1_85' title="bbox 1899 3842 3479 3914">
     <span class='ocr_line' id='line_1_85' title="bbox 1899 3842 3479 3914; baseline 0.008 -19"><span class='ocrx_word' id='word_1_680' title='bbox 1899 3843 1975 3913; x_wconf 90' lang='lat' dir='ltr'><strong>(id</strong></span> <span class='ocrx_word' id='word_1_681' title='bbox 1997 3851 2082 3897; x_wconf 90' lang='lat' dir='ltr'><strong>est</strong></span> <span class='ocrx_word' id='word_1_682' title='bbox 2109 3842 2434 3910; x_wconf 82' lang='lat' dir='ltr'><strong>Christiani)</strong></span> <span class='ocrx_word' id='word_1_683' title='bbox 2487 3845 2663 3914; x_wconf 81' lang='lat' dir='ltr'><strong>legem</strong></span> <span class='ocrx_word' id='word_1_684' title='bbox 2695 3862 2895 3910; x_wconf 87' lang='lat' dir='ltr'><strong>meam,</strong></span> <span class='ocrx_word' id='word_1_685' title='bbox 2924 3850 3059 3902; x_wconf 90' lang='lat' dir='ltr'><strong>etin</strong></span> <span class='ocrx_word' id='word_1_686' title='bbox 3090 3851 3312 3913; x_wconf 82' lang='lat' dir='ltr'><strong>iudieiis</strong></span> <span class='ocrx_word' id='word_1_687' title='bbox 3336 3855 3479 3908; x_wconf 84' lang='lat' dir='ltr'><strong>meis</strong></span> 
     </span>
    </p>
   </div>
   <div class='ocr_carea' id='block_1_86' title="bbox 1897 3934 3475 4009">
    <p class='ocr_par' dir='ltr' id='par_1_86' title="bbox 1897 3934 3475 4009">
     <span class='ocr_line' id='line_1_86' title="bbox 1897 3934 3475 4009; baseline 0.008 -22"><span class='ocrx_word' id='word_1_688' title='bbox 1897 3950 2008 3987; x_wconf 92' lang='lat' dir='ltr'><strong>non</strong></span> <span class='ocrx_word' id='word_1_689' title='bbox 2042 3934 2451 3989; x_wconf 84' lang='lat' dir='ltr'><strong>ambulaverint</strong></span> <span class='ocrx_word' id='word_1_690' title='bbox 2477 3952 2490 3988; x_wconf 92' lang='lat'><strong>:</strong></span> <span class='ocrx_word' id='word_1_691' title='bbox 2518 3937 2564 3989; x_wconf 92' lang='lat' dir='ltr'><strong>si</strong></span> <span class='ocrx_word' id='word_1_692' title='bbox 2588 3938 2834 4004; x_wconf 88' lang='lat' dir='ltr'><strong>justitias</strong></span> <span class='ocrx_word' id='word_1_693' title='bbox 2862 3955 3011 3992; x_wconf 90' lang='lat' dir='ltr'><strong>meas</strong></span> <span class='ocrx_word' id='word_1_694' title='bbox 3037 3942 3475 4009; x_wconf 80' lang='lat' dir='ltr'><strong>profanaverint,</strong></span> 
     </span>
    </p>
   </div>
   <div class='ocr_carea' id='block_1_87' title="bbox 1897 4028 3478 4105">
    <p class='ocr_par' dir='ltr' id='par_1_87' title="bbox 1897 4028 3478 4105">
     <span class='ocr_line' id='line_1_87' title="bbox 1897 4028 3478 4105; baseline 0.007 -26"><span class='ocrx_word' id='word_1_695' title='bbox 1897 4036 1953 4080; x_wconf 92' lang='lat' dir='ltr'><strong>et</strong></span> <span class='ocrx_word' id='word_1_696' title='bbox 1976 4028 2234 4081; x_wconf 89' lang='lat' dir='ltr'><strong>mandata</strong></span> <span class='ocrx_word' id='word_1_697' title='bbox 2264 4044 2385 4081; x_wconf 88' lang='lat' dir='ltr'><strong>mea</strong></span> <span class='ocrx_word' id='word_1_698' title='bbox 2417 4044 2530 4082; x_wconf 92' lang='lat' dir='ltr'><strong>non</strong></span> <span class='ocrx_word' id='word_1_699' title='bbox 2558 4031 2946 4093; x_wconf 86' lang='lat' dir='ltr'><strong>custodierinl,</strong></span> <span class='ocrx_word' id='word_1_700' title='bbox 2974 4032 3213 4085; x_wconf 87' lang='lat' dir='ltr'><strong>visitabo</strong></span> <span class='ocrx_word' id='word_1_701' title='bbox 3239 4035 3293 4087; x_wconf 94' lang='lat' dir='ltr'><strong>in</strong></span> <span class='ocrx_word' id='word_1_702' title='bbox 3326 4034 3478 4105; x_wconf 66' lang='lat' dir='ltr'><strong>virga</strong></span> 
     </span>
    </p>
   </div>
   <div class='ocr_carea' id='block_1_88' title="bbox 1899 4118 3477 4191">
    <p class='ocr_par' dir='ltr' id='par_1_88' title="bbox 1899 4118 3477 4191">
     <span class='ocr_line' id='line_1_88' title="bbox 1899 4118 3477 4191; baseline 0.006 -20"><span class='ocrx_word' id='word_1_703' title='bbox 1899 4118 2219 4186; x_wconf 84' lang='lat' dir='ltr'><strong>iniquitates</strong></span> <span class='ocrx_word' id='word_1_704' title='bbox 2250 4134 2465 4183; x_wconf 91' lang='lat' dir='ltr'><strong>eorum,</strong></span> <span class='ocrx_word' id='word_1_705' title='bbox 2491 4130 2547 4173; x_wconf 89' lang='lat' dir='ltr'><strong>et</strong></span> <span class='ocrx_word' id='word_1_706' title='bbox 2574 4121 2629 4172; x_wconf 95' lang='lat' dir='ltr'><strong>in</strong></span> <span class='ocrx_word' id='word_1_707' title='bbox 2662 4122 2989 4175; x_wconf 90' lang='lat' dir='ltr'><strong>verberibus</strong></span> <span class='ocrx_word' id='word_1_708' title='bbox 3015 4137 3236 4191; x_wconf 82' lang='lat' dir='ltr'><strong>peccata</strong></span> <span class='ocrx_word' id='word_1_709' title='bbox 3261 4142 3477 4191; x_wconf 83' lang='lat' dir='ltr'><strong>eorum,</strong></span> 
     </span>
    </p>
   </div>
   <div class='ocr_carea' id='block_1_89' title="bbox 1898 4210 3476 4283">
    <p class='ocr_par' dir='ltr' id='par_1_89' title="bbox 1898 4210 3476 4283">
     <span class='ocr_line' id='line_1_89' title="bbox 1898 4210 3476 4283; baseline 0.004 -20"><span class='ocrx_word' id='word_1_710' title='bbox 1898 4210 2338 4264; x_wconf 86' lang='lat' dir='ltr'><strong>misericordiam</strong></span> <span class='ocrx_word' id='word_1_711' title='bbox 2373 4220 2559 4264; x_wconf 86' lang='lat' dir='ltr'><strong>autem</strong></span> <span class='ocrx_word' id='word_1_712' title='bbox 2591 4228 2765 4265; x_wconf 82' lang='lat' dir='ltr'><strong>meam</strong></span> <span class='ocrx_word' id='word_1_713' title='bbox 2798 4230 2907 4266; x_wconf 93' lang='lat' dir='ltr'><strong>non</strong></span> <span class='ocrx_word' id='word_1_714' title='bbox 2937 4214 3253 4283; x_wconf 70' lang='lat' dir='ltr'><strong>dispergam</strong></span> <span class='ocrx_word' id='word_1_715' title='bbox 3284 4218 3352 4269; x_wconf 86' lang='lat' dir='ltr'><strong>ah</strong></span> <span class='ocrx_word' id='word_1_716' title='bbox 3374 4221 3476 4283; x_wconf 85' lang='lat' dir='ltr'><strong>eis,</strong></span> 
     </span>
    </p>
   </div>
   <div class='ocr_carea' id='block_1_90' title="bbox 1896 4302 3477 4376">
    <p class='ocr_par' dir='ltr' id='par_1_90' title="bbox 1896 4302 3477 4376">
     <span class='ocr_line' id='line_1_90' title="bbox 1896 4302 3477 4376; baseline 0.007 -24"><span class='ocrx_word' id='word_1_717' title='bbox 1896 4315 2079 4369; x_wconf 88' lang='lat' dir='ltr'><strong>neque</strong></span> <span class='ocrx_word' id='word_1_718' title='bbox 2108 4302 2413 4368; x_wconf 82' lang='lat' dir='ltr'><strong>profanabo</strong></span> <span class='ocrx_word' id='word_1_719' title='bbox 2450 4311 2836 4356; x_wconf 85' lang='lat' dir='ltr'><strong>testamentum</strong></span> <span class='ocrx_word' id='word_1_720' title='bbox 2869 4320 3075 4358; x_wconf 89' lang='lat' dir='ltr'><strong>meum.</strong></span> <span class='ocrx_word' id='word_1_721' title='bbox 3095 4309 3273 4361; x_wconf 66' lang='lat' dir='ltr'><strong>Si-nu-l</strong></span> <span class='ocrx_word' id='word_1_722' title='bbox 3296 4311 3477 4376; x_wconf 84' lang='lat' dir='ltr'><strong>juravi</strong></span> 
     </span>
    </p>
   </div>
   <div class='ocr_carea' id='block_1_91' title="bbox 1899 4390 3479 4465">
    <p class='ocr_par' dir='ltr' id='par_1_91' title="bbox 1899 4390 3479 4465">
     <span class='ocr_line' id='line_1_91' title="bbox 1899 4390 3479 4465; baseline 0.006 -23"><span class='ocrx_word' id='word_1_723' title='bbox 1899 4390 1953 4443; x_wconf 91' lang='lat' dir='ltr'><strong>in</strong></span> <span class='ocrx_word' id='word_1_724' title='bbox 1998 4401 2188 4444; x_wconf 87' lang='lat' dir='ltr'><strong>saneto</strong></span> <span class='ocrx_word' id='word_1_725' title='bbox 2231 4406 2376 4454; x_wconf 92' lang='lat' dir='ltr'><strong>meo,</strong></span> <span class='ocrx_word' id='word_1_726' title='bbox 2408 4391 2455 4446; x_wconf 87' lang='lat' dir='ltr'><strong>si</strong></span> <span class='ocrx_word' id='word_1_727' title='bbox 2494 4390 2666 4445; x_wconf 87' lang='lat' dir='ltr'><strong>David</strong></span> <span class='ocrx_word' id='word_1_728' title='bbox 2712 4394 2996 4446; x_wconf 89' lang='lat' dir='ltr'><strong>mentiar:</strong></span> <span class='ocrx_word' id='word_1_729' title='bbox 3044 4412 3231 4449; x_wconf 85' lang='lat' dir='ltr'><strong>semen</strong></span> <span class='ocrx_word' id='word_1_730' title='bbox 3268 4399 3386 4465; x_wconf 74' lang='lat' dir='ltr'><strong>ejus</strong></span> <span class='ocrx_word' id='word_1_731' title='bbox 3426 4400 3479 4452; x_wconf 94' lang='lat' dir='ltr'><strong>in</strong></span> 
     </span>
    </p>
   </div>
   <div class='ocr_carea' id='block_1_92' title="bbox 224 4483 1795 4559">
    <p class='ocr_par' dir='ltr' id='par_1_92' title="bbox 224 4486 1795 4559">
     <span class='ocr_line' id='line_1_92' title="bbox 224 4486 1795 4559; baseline 0.001 -17"><span class='ocrx_word' id='word_1_732' title='bbox 224 4489 406 4559; x_wconf 86' lang='grc' dir='ltr'><strong>σάρκα</strong></span> <span class='ocrx_word' id='word_1_733' title='bbox 442 4488 664 4558; x_wconf 81' lang='grc' dir='ltr'><strong>σπέρμα</strong></span> <span class='ocrx_word' id='word_1_734' title='bbox 702 4486 796 4541; x_wconf 79' lang='grc' dir='ltr'><strong>τοῦ</strong></span> <span class='ocrx_word' id='word_1_735' title='bbox 841 4487 1025 4549; x_wconf 80' lang='grc' dir='ltr'><strong>Δαϐὶδ,</strong></span> <span class='ocrx_word' id='word_1_736' title='bbox 1065 4507 1081 4538; x_wconf 83' lang='grc' dir='ltr'><strong>ι</strong></span> <span class='ocrx_word' id='word_1_737' title='bbox 1111 4491 1203 4540; x_wconf 79' lang='grc' dir='ltr'><strong>καὶ</strong></span> <span class='ocrx_word' id='word_1_738' title='bbox 1234 4491 1262 4541; x_wconf 75' lang='grc' dir='ltr'>ὁ</span> <span class='ocrx_word' id='word_1_739' title='bbox 1308 4488 1494 4558; x_wconf 82' lang='grc' dir='ltr'><strong>θρόνος</strong></span> <span class='ocrx_word' id='word_1_740' title='bbox 1524 4491 1690 4543; x_wconf 81' lang='grc' dir='ltr'><strong>αὑτοῦ</strong></span> <span class='ocrx_word' id='word_1_741' title='bbox 1722 4492 1795 4554; x_wconf 84' lang='grc' dir='ltr'><strong>ὡς</strong></span> 
     </span>
    </p>
   </div>
   <div class='ocr_carea' id='block_1_93' title="bbox 1897 4483 3481 4559">
    <p class='ocr_par' dir='ltr' id='par_1_93' title="bbox 1900 4483 3481 4551">
     <span class='ocr_line' id='line_1_93' title="bbox 1900 4483 3481 4551; baseline 0.004 -14"><span class='ocrx_word' id='word_1_742' title='bbox 1900 4493 2167 4537; x_wconf 67' lang='lat' dir='ltr'><strong>aeternum</strong></span> <span class='ocrx_word' id='word_1_743' title='bbox 2207 4483 2456 4537; x_wconf 87' lang='lat' dir='ltr'><strong>manebit</strong></span> <span class='ocrx_word' id='word_1_744' title='bbox 2511 4484 2588 4551; x_wconf 87' lang='lat' dir='ltr'><strong>(id</strong></span> <span class='ocrx_word' id='word_1_745' title='bbox 2623 4493 2710 4537; x_wconf 92' lang='lat' dir='ltr'><strong>est</strong></span> <span class='ocrx_word' id='word_1_746' title='bbox 2749 4485 3007 4540; x_wconf 85' lang='lat' dir='ltr'><strong>Christus</strong></span> <span class='ocrx_word' id='word_1_747' title='bbox 3037 4504 3224 4541; x_wconf 87' lang='lat' dir='ltr'><strong>semen</strong></span> <span class='ocrx_word' id='word_1_748' title='bbox 3263 4490 3481 4545; x_wconf 76' lang='lat' dir='ltr'><strong>havidis</strong></span> 
     </span>
    </p>
   </div>
   <div class='ocr_carea' id='block_1_94' title="bbox 220 4576 1799 4650">
    <p class='ocr_par' dir='ltr' id='par_1_94' title="bbox 220 4576 1799 4650">
     <span class='ocr_line' id='line_1_94' title="bbox 220 4576 1799 4650; baseline 0.003 -22"><span class='ocrx_word' id='word_1_749' title='bbox 220 4578 381 4647; x_wconf 65' lang='grc' dir='ltr'><strong>ἥλιος</strong></span> <span class='ocrx_word' id='word_1_750' title='bbox 414 4577 656 4629; x_wconf 71' lang='grc' dir='ltr'><strong>ἐναντίον</strong></span> <span class='ocrx_word' id='word_1_751' title='bbox 701 4594 824 4646; x_wconf 89' lang='grc' dir='ltr'><strong>μου,</strong></span> <span class='ocrx_word' id='word_1_752' title='bbox 854 4576 946 4628; x_wconf 69' lang='grc' dir='ltr'><strong>καὶ</strong></span> <span class='ocrx_word' id='word_1_753' title='bbox 981 4576 1057 4639; x_wconf 87' lang='grc' dir='ltr'><strong>ὡς</strong></span> <span class='ocrx_word' id='word_1_754' title='bbox 1089 4578 1123 4646; x_wconf 80' lang='grc' dir='ltr'><strong>ἡ</strong></span> <span class='ocrx_word' id='word_1_755' title='bbox 1158 4577 1356 4648; x_wconf 80' lang='grc' dir='ltr'><strong>σελήνη</strong></span> <span class='ocrx_word' id='word_1_756' title='bbox 1388 4581 1799 4650; x_wconf 83' lang='grc' dir='ltr'><strong>κατηρτισμὲνη</strong></span> 
     </span>
    </p>
   </div>
   <div class='ocr_carea' id='block_1_95' title="bbox 222 4666 1724 4738">
    <p class='ocr_par' dir='ltr' id='par_1_95' title="bbox 222 4666 1724 4738">
     <span class='ocr_line' id='line_1_95' title="bbox 222 4666 1724 4738; baseline 0 -15"><span class='ocrx_word' id='word_1_757' title='bbox 222 4671 305 4733; x_wconf 87' lang='grc' dir='ltr'><strong>είς</strong></span> <span class='ocrx_word' id='word_1_758' title='bbox 334 4669 429 4723; x_wconf 78' lang='grc' dir='ltr'><strong>τὸν</strong></span> <span class='ocrx_word' id='word_1_759' title='bbox 455 4667 646 4733; x_wconf 83' lang='grc' dir='ltr'><strong>αἰῶνα,</strong></span> <span class='ocrx_word' id='word_1_760' title='bbox 680 4668 776 4719; x_wconf 68' lang='grc' dir='ltr'><strong>καὶ</strong></span> <span class='ocrx_word' id='word_1_761' title='bbox 805 4668 833 4719; x_wconf 88' lang='grc' dir='ltr'>ὁ</span> <span class='ocrx_word' id='word_1_762' title='bbox 870 4666 1081 4737; x_wconf 84' lang='grc' dir='ltr'><strong>μάρτυς</strong></span> <span class='ocrx_word' id='word_1_763' title='bbox 1123 4667 1181 4718; x_wconf 88' lang='grc' dir='ltr'><strong>ὲν</strong></span> <span class='ocrx_word' id='word_1_764' title='bbox 1211 4667 1426 4738; x_wconf 75' lang='grc' dir='ltr'><strong>οὖρανῷ</strong></span> <span class='ocrx_word' id='word_1_765' title='bbox 1455 4671 1666 4732; x_wconf 80' lang='grc' dir='ltr'><strong>πιστός.</strong></span> <span class='ocrx_word' id='word_1_766' title='bbox 1704 4687 1724 4723; x_wconf 72' lang='grc' dir='ltr'><strong>ι</strong></span> 
     </span>
    </p>
   </div>
   <div class='ocr_carea' id='block_1_96' title="bbox 294 4843 1803 4915">
    <p class='ocr_par' dir='ltr' id='par_1_96' title="bbox 294 4843 1803 4915">
     <span class='ocr_line' id='line_1_96' title="bbox 294 4843 1803 4915; baseline 0 -16"><span class='ocrx_word' id='word_1_767' title='bbox 294 4846 397 4900; x_wconf 85' lang='grc' dir='ltr'><strong>Διά</strong></span> <span class='ocrx_word' id='word_1_768' title='bbox 428 4845 486 4899; x_wconf 74' lang='grc' dir='ltr'><strong>δὲ</strong></span> <span class='ocrx_word' id='word_1_769' title='bbox 525 4846 586 4898; x_wconf 77' lang='grc' dir='ltr'><strong>τὸ</strong></span> <span class='ocrx_word' id='word_1_770' title='bbox 620 4844 692 4915; x_wconf 82' lang='grc' dir='ltr'><strong>μὴ</strong></span> <span class='ocrx_word' id='word_1_771' title='bbox 722 4843 1011 4897; x_wconf 81' lang='grc' dir='ltr'><strong>ὑπολαϐεῖν</strong></span> <span class='ocrx_word' id='word_1_772' title='bbox 1041 4862 1099 4896; x_wconf 85' lang='grc' dir='ltr'><strong>σε</strong></span> <span class='ocrx_word' id='word_1_773' title='bbox 1134 4843 1388 4897; x_wconf 87' lang='grc' dir='ltr'><strong>Ἰουδαῖον</strong></span> <span class='ocrx_word' id='word_1_774' title='bbox 1428 4844 1509 4897; x_wconf 86' lang='grc' dir='ltr'><strong>ὅτι</strong></span> <span class='ocrx_word' id='word_1_775' title='bbox 1532 4844 1617 4897; x_wconf 73' lang='grc' dir='ltr'><strong>διὰ</strong></span> <span class='ocrx_word' id='word_1_776' title='bbox 1637 4846 1803 4901; x_wconf 80' lang='grc' dir='ltr'><strong>Δαϐὶδ</strong></span> 
     </span>
    </p>
   </div>
   <div class='ocr_carea' id='block_1_97' title="bbox 218 4933 1797 5008">
    <p class='ocr_par' dir='ltr' id='par_1_97' title="bbox 218 4933 1797 5008">
     <span class='ocr_line' id='line_1_97' title="bbox 218 4933 1797 5008; baseline -0.001 -16"><span class='ocrx_word' id='word_1_777' title='bbox 218 4940 397 4995; x_wconf 77' lang='grc' dir='ltr'><strong>ταῦτα</strong></span> <span class='ocrx_word' id='word_1_778' title='bbox 426 4937 623 5008; x_wconf 80' lang='grc' dir='ltr'><strong>ὲρῤἐθη</strong></span> <span class='ocrx_word' id='word_1_779' title='bbox 652 4936 748 4988; x_wconf 81' lang='grc' dir='ltr'><strong>καὶ</strong></span> <span class='ocrx_word' id='word_1_780' title='bbox 798 4937 898 5005; x_wconf 80' lang='grc' dir='ltr'><strong>τὴν</strong></span> <span class='ocrx_word' id='word_1_781' title='bbox 943 4935 1106 4988; x_wconf 84' lang='grc' dir='ltr'><strong>αὐτοῦ</strong></span> <span class='ocrx_word' id='word_1_782' title='bbox 1139 4933 1437 5004; x_wconf 87' lang='grc' dir='ltr'><strong>βασιλείαν,</strong></span> <span class='ocrx_word' id='word_1_783' title='bbox 1478 4936 1645 5005; x_wconf 74' lang='grc' dir='ltr'><strong>ήγουν</strong></span> <span class='ocrx_word' id='word_1_784' title='bbox 1672 4937 1797 5001; x_wconf 81' lang='grc' dir='ltr'><strong>τοὺς</strong></span> 
     </span>
    </p>
   </div>
   <div class='ocr_carea' id='block_1_98' title="bbox 233 5027 1799 5099">
    <p class='ocr_par' dir='ltr' id='par_1_98' title="bbox 233 5027 1799 5099">
     <span class='ocr_line' id='line_1_98' title="bbox 233 5027 1799 5099; baseline -0.002 -14"><span class='ocrx_word' id='word_1_785' title='bbox 233 5030 547 5091; x_wconf 80' lang='grc' dir='ltr'><strong>Ἰουδαίους,</strong></span> <span class='ocrx_word' id='word_1_786' title='bbox 570 5028 664 5081; x_wconf 77' lang='grc' dir='ltr'><strong>καὶ</strong></span> <span class='ocrx_word' id='word_1_787' title='bbox 696 5027 818 5097; x_wconf 71' lang='grc' dir='ltr'><strong>οὐχὶ</strong></span> <span class='ocrx_word' id='word_1_788' title='bbox 854 5027 943 5080; x_wconf 88' lang='grc' dir='ltr'><strong>διά</strong></span> <span class='ocrx_word' id='word_1_789' title='bbox 987 5027 1077 5079; x_wconf 78' lang='grc' dir='ltr'><strong>τὸν</strong></span> <span class='ocrx_word' id='word_1_790' title='bbox 1105 5028 1361 5099; x_wconf 84' lang='grc' dir='ltr'><strong>Χριστὸν,</strong></span> <span class='ocrx_word' id='word_1_791' title='bbox 1390 5029 1584 5095; x_wconf 72' lang='grc' dir='ltr'><strong>ἐπάγει</strong></span> <span class='ocrx_word' id='word_1_792' title='bbox 1613 5029 1674 5082; x_wconf 81' lang='grc' dir='ltr'><strong>τὸ</strong></span> <span class='ocrx_word' id='word_1_793' title='bbox 1705 5046 1799 5097; x_wconf 83' lang='grc' dir='ltr'><strong>γε·</strong></span> 
     </span>
    </p>
   </div>
   <div class='ocr_carea' id='block_1_99' title="bbox 220 5119 1799 5191">
    <p class='ocr_par' dir='ltr' id='par_1_99' title="bbox 220 5119 1799 5191">
     <span class='ocr_line' id='line_1_99' title="bbox 220 5119 1799 5191; baseline -0.003 -15"><span class='ocrx_word' id='word_1_794' title='bbox 220 5123 382 5191; x_wconf 72' lang='grc' dir='ltr'><strong>τονὸς</strong></span> <span class='ocrx_word' id='word_1_795' title='bbox 429 5120 515 5173; x_wconf 68' lang='grc' dir='ltr'><strong>διὰ</strong></span> <span class='ocrx_word' id='word_1_796' title='bbox 544 5122 605 5173; x_wconf 67' lang='grc' dir='ltr'><strong>τδ</strong></span> <span class='ocrx_word' id='word_1_797' title='bbox 636 5119 928 5173; x_wconf 82' lang='grc' dir='ltr'><strong>ἀποθανεῖν</strong></span> <span class='ocrx_word' id='word_1_798' title='bbox 982 5119 1079 5189; x_wconf 80' lang='grc' dir='ltr'><strong>μὲν</strong></span> <span class='ocrx_word' id='word_1_799' title='bbox 1107 5121 1196 5173; x_wconf 76' lang='grc' dir='ltr'><strong>τὸν</strong></span> <span class='ocrx_word' id='word_1_800' title='bbox 1241 5120 1434 5183; x_wconf 74' lang='grc' dir='ltr'><strong>Δαὸὶδ,</strong></span> <span class='ocrx_word' id='word_1_801' title='bbox 1468 5121 1561 5173; x_wconf 71' lang='grc' dir='ltr'><strong>καὶ</strong></span> <span class='ocrx_word' id='word_1_802' title='bbox 1593 5121 1799 5191; x_wconf 81' lang='grc' dir='ltr'><strong>παρελ-</strong></span> 
     </span>
    </p>
   </div>
   <div class='ocr_carea' id='block_1_100' title="bbox 222 5211 1797 5284">
    <p class='ocr_par' dir='ltr' id='par_1_100' title="bbox 222 5211 1797 5284">
     <span class='ocr_line' id='line_1_100' title="bbox 222 5211 1797 5284; baseline -0.003 -17"><span class='ocrx_word' id='word_1_803' title='bbox 222 5217 339 5267; x_wconf 82' lang='grc' dir='ltr'><strong>θεῖν</strong></span> <span class='ocrx_word' id='word_1_804' title='bbox 366 5213 467 5284; x_wconf 85' lang='grc' dir='ltr'><strong>τὴν</strong></span> <span class='ocrx_word' id='word_1_805' title='bbox 491 5212 764 5281; x_wconf 87' lang='grc' dir='ltr'><strong>βασιλείαν</strong></span> <span class='ocrx_word' id='word_1_806' title='bbox 804 5211 914 5262; x_wconf 90' lang='grc' dir='ltr'><strong>τῶν</strong></span> <span class='ocrx_word' id='word_1_807' title='bbox 969 5211 1259 5274; x_wconf 77' lang='grc' dir='ltr'><strong>Ἰουδαίων,</strong></span> <span class='ocrx_word' id='word_1_808' title='bbox 1302 5212 1397 5264; x_wconf 76' lang='grc' dir='ltr'><strong>καὶ</strong></span> <span class='ocrx_word' id='word_1_809' title='bbox 1425 5213 1525 5280; x_wconf 88' lang='grc' dir='ltr'><strong>τὴν</strong></span> <span class='ocrx_word' id='word_1_810' title='bbox 1560 5212 1797 5265; x_wconf 78' lang='grc' dir='ltr'><strong>παλαιάν</strong></span> 
     </span>
    </p>
   </div>
   <div class='ocr_carea' id='block_1_101' title="bbox 224 5301 1797 5374">
    <p class='ocr_par' dir='ltr' id='par_1_101' title="bbox 224 5301 1797 5374">
     <span class='ocr_line' id='line_1_101' title="bbox 224 5301 1797 5374; baseline -0.003 -15"><span class='ocrx_word' id='word_1_811' title='bbox 224 5304 496 5374; x_wconf 74' lang='grc' dir='ltr'><strong>διαθήκην</strong></span> <span class='ocrx_word' id='word_1_812' title='bbox 525 5303 885 5373; x_wconf 78' lang='grc' dir='ltr'><strong>βεϐηλῶσθαι,</strong></span> <span class='ocrx_word' id='word_1_813' title='bbox 916 5302 1067 5370; x_wconf 83' lang='grc' dir='ltr'><strong>λέγει</strong></span> <span class='ocrx_word' id='word_1_814' title='bbox 1108 5301 1305 5366; x_wconf 69' lang='grc' dir='ltr'><strong>οὕτως’</strong></span> <span class='ocrx_word' id='word_1_815' title='bbox 1338 5322 1357 5354; x_wconf 78' lang='grc' dir='ltr'><strong>ι</strong></span> <span class='ocrx_word' id='word_1_816' title='bbox 1395 5304 1465 5355; x_wconf 82' lang='grc' dir='ltr'><strong>Σὺ</strong></span> <span class='ocrx_word' id='word_1_817' title='bbox 1508 5302 1565 5354; x_wconf 82' lang='grc' dir='ltr'><strong>δὲ</strong></span> <span class='ocrx_word' id='word_1_818' title='bbox 1591 5302 1797 5356; x_wconf 81' lang='grc' dir='ltr'><strong>ἀπώσω</strong></span> 
     </span>
    </p>
   </div>
   <div class='ocr_carea' id='block_1_102' title="bbox 223 5392 1794 5461">
    <p class='ocr_par' dir='ltr' id='par_1_102' title="bbox 223 5392 1794 5461">
     <span class='ocr_line' id='line_1_102' title="bbox 223 5392 1794 5461; baseline -0.005 -10"><span class='ocrx_word' id='word_1_819' title='bbox 223 5399 325 5451; x_wconf 73' lang='grc' dir='ltr'><strong>καὶ</strong></span> <span class='ocrx_word' id='word_1_820' title='bbox 374 5393 738 5459; x_wconf 70' lang='grc' dir='ltr'><strong>ὲξουδενὼσας</strong></span> <span class='ocrx_word' id='word_1_821' title='bbox 785 5392 1079 5446; x_wconf 73' lang='grc' dir='ltr'><strong>ἀνεϐάλλου</strong></span> <span class='ocrx_word' id='word_1_822' title='bbox 1108 5392 1199 5444; x_wconf 80' lang='grc' dir='ltr'><strong>τὸν</strong></span> <span class='ocrx_word' id='word_1_823' title='bbox 1232 5392 1451 5461; x_wconf 84' lang='grc' dir='ltr'><strong>χριστόν</strong></span> <span class='ocrx_word' id='word_1_824' title='bbox 1515 5408 1630 5455; x_wconf 91' lang='grc' dir='ltr'><strong>σου,</strong></span> <span class='ocrx_word' id='word_1_825' title='bbox 1662 5408 1794 5443; x_wconf 87' lang='grc' dir='ltr'><strong>κατ-</strong></span> 
     </span>
    </p>
   </div>
   <div class='ocr_carea' id='block_1_103' title="bbox 224 5480 1796 5557">
    <p class='ocr_par' dir='ltr' id='par_1_103' title="bbox 224 5480 1796 5557">
     <span class='ocr_line' id='line_1_103' title="bbox 224 5480 1796 5557; baseline -0.004 -15"><span class='ocrx_word' id='word_1_826' title='bbox 224 5486 497 5557; x_wconf 70' lang='grc' dir='ltr'><strong>ίστρεψας</strong></span> <span class='ocrx_word' id='word_1_827' title='bbox 524 5486 624 5553; x_wconf 75' lang='grc' dir='ltr'><strong>τὴν</strong></span> <span class='ocrx_word' id='word_1_828' title='bbox 656 5484 921 5552; x_wconf 84' lang='grc' dir='ltr'><strong>διαθήκην</strong></span> <span class='ocrx_word' id='word_1_829' title='bbox 945 5483 1040 5535; x_wconf 81' lang='grc' dir='ltr'><strong>τοῦ</strong></span> <span class='ocrx_word' id='word_1_830' title='bbox 1076 5482 1263 5535; x_wconf 81' lang='grc' dir='ltr'><strong>δούλου</strong></span> <span class='ocrx_word' id='word_1_831' title='bbox 1296 5498 1410 5535; x_wconf 84' lang='grc' dir='ltr'><strong>σου·</strong></span> <span class='ocrx_word' id='word_1_832' title='bbox 1447 5480 1796 5549; x_wconf 80' lang='grc' dir='ltr'><strong>ὲϐεϐήλωσας</strong></span> 
     </span>
    </p>
   </div>
   <div class='ocr_carea' id='block_1_104' title="bbox 226 5570 1794 5645">
    <p class='ocr_par' dir='ltr' id='par_1_104' title="bbox 226 5570 1794 5645">
     <span class='ocr_line' id='line_1_104' title="bbox 226 5570 1794 5645; baseline -0.006 -13"><span class='ocrx_word' id='word_1_833' title='bbox 226 5578 307 5639; x_wconf 64' lang='lat' dir='ltr'><strong>si;</strong></span> <span class='ocrx_word' id='word_1_834' title='bbox 342 5576 441 5645; x_wconf 81' lang='grc' dir='ltr'><strong>τὴν</strong></span> <span class='ocrx_word' id='word_1_835' title='bbox 469 5576 574 5643; x_wconf 79' lang='grc' dir='ltr'><strong>γῆν</strong></span> <span class='ocrx_word' id='word_1_836' title='bbox 629 5571 691 5625; x_wconf 79' lang='grc' dir='ltr'><strong>τὸ</strong></span> <span class='ocrx_word' id='word_1_837' title='bbox 740 5573 989 5642; x_wconf 82' lang='grc' dir='ltr'><strong>ἀγίασμα</strong></span> <span class='ocrx_word' id='word_1_838' title='bbox 1048 5571 1233 5625; x_wconf 75' lang='grc' dir='ltr'><strong>αὑτοῦ-</strong></span> <span class='ocrx_word' id='word_1_839' title='bbox 1287 5570 1533 5635; x_wconf 86' lang='grc' dir='ltr'><strong>καθεῖλες</strong></span> <span class='ocrx_word' id='word_1_840' title='bbox 1586 5570 1794 5633; x_wconf 78' lang='grc' dir='ltr'><strong>πάντας</strong></span> 
     </span>
    </p>
   </div>
   <div class='ocr_carea' id='block_1_105' title="bbox 298 5751 725 5815">
    <p class='ocr_par' dir='ltr' id='par_1_105' title="bbox 298 5751 725 5815">
     <span class='ocr_line' id='line_1_105' title="bbox 298 5751 725 5815; baseline -0.007 -5"><span class='ocrx_word' id='word_1_841' title='bbox 298 5756 344 5789; x_wconf 79' lang='grc'><strong>⁸⁸</strong></span> <span class='ocrx_word' id='word_1_842' title='bbox 372 5754 538 5809; x_wconf 80' lang='lat' dir='ltr'><strong>Hebr.</strong></span> <span class='ocrx_word' id='word_1_843' title='bbox 569 5769 607 5815; x_wconf 90' lang='grc' dir='ltr'><strong>ι,</strong></span> <span class='ocrx_word' id='word_1_844' title='bbox 640 5751 725 5808; x_wconf 75' lang='grc' dir='ltr'><strong>Η.</strong></span> 
     </span>
    </p>
   </div>
   <div class='ocr_carea' id='block_1_106' title="bbox 1902 4574 3478 4645">
    <p class='ocr_par' dir='ltr' id='par_1_106' title="bbox 1902 4574 3478 4645">
     <span class='ocr_line' id='line_1_106' title="bbox 1902 4574 3478 4645; baseline 0.002 -15"><span class='ocrx_word' id='word_1_845' title='bbox 1902 4576 2209 4630; x_wconf 88' lang='lat' dir='ltr'><strong>secundum</strong></span> <span class='ocrx_word' id='word_1_846' title='bbox 2255 4574 2535 4643; x_wconf 90' lang='lat' dir='ltr'><strong>carnem);</strong></span> <span class='ocrx_word' id='word_1_847' title='bbox 2578 4584 2634 4627; x_wconf 92' lang='lat' dir='ltr'><strong>et</strong></span> <span class='ocrx_word' id='word_1_848' title='bbox 2681 4576 2916 4628; x_wconf 90' lang='lat' dir='ltr'><strong>thronus</strong></span> <span class='ocrx_word' id='word_1_849' title='bbox 2957 4578 3076 4645; x_wconf 84' lang='lat' dir='ltr'><strong>ejus</strong></span> <span class='ocrx_word' id='word_1_850' title='bbox 3119 4578 3263 4631; x_wconf 87' lang='lat' dir='ltr'><strong>sicut</strong></span> <span class='ocrx_word' id='word_1_851' title='bbox 3306 4580 3383 4631; x_wconf 84' lang='lat' dir='ltr'><strong>sol</strong></span> <span class='ocrx_word' id='word_1_852' title='bbox 3425 4582 3478 4633; x_wconf 92' lang='lat' dir='ltr'><strong>in</strong></span> 
     </span>
    </p>
   </div>
   <div class='ocr_carea' id='block_1_107' title="bbox 1903 4664 3477 4736">
    <p class='ocr_par' dir='ltr' id='par_1_107' title="bbox 1903 4664 3477 4736">
     <span class='ocr_line' id='line_1_107' title="bbox 1903 4664 3477 4736; baseline 0.003 -17"><span class='ocrx_word' id='word_1_853' title='bbox 1903 4675 2201 4734; x_wconf 89' lang='lat' dir='ltr'><strong>conspectu</strong></span> <span class='ocrx_word' id='word_1_854' title='bbox 2235 4680 2379 4729; x_wconf 93' lang='lat' dir='ltr'><strong>meo,</strong></span> <span class='ocrx_word' id='word_1_855' title='bbox 2411 4674 2466 4718; x_wconf 89' lang='lat' dir='ltr'><strong>et</strong></span> <span class='ocrx_word' id='word_1_856' title='bbox 2495 4664 2639 4718; x_wconf 91' lang='lat' dir='ltr'><strong>sicut</strong></span> <span class='ocrx_word' id='word_1_857' title='bbox 2662 4666 2789 4718; x_wconf 89' lang='lat' dir='ltr'><strong>luna</strong></span> <span class='ocrx_word' id='word_1_858' title='bbox 2818 4667 3063 4735; x_wconf 82' lang='lat' dir='ltr'><strong>perfecta</strong></span> <span class='ocrx_word' id='word_1_859' title='bbox 3091 4668 3144 4720; x_wconf 93' lang='lat' dir='ltr'><strong>in</strong></span> <span class='ocrx_word' id='word_1_860' title='bbox 3169 4678 3436 4723; x_wconf 68' lang='lat' dir='ltr'><strong>aeternum</strong></span> <span class='ocrx_word' id='word_1_861' title='bbox 3463 4711 3477 4736; x_wconf 94' lang='lat'><strong>,</strong></span> 
     </span>
    </p>
   </div>
   <div class='ocr_carea' id='block_1_108' title="bbox 1903 4756 2780 4811">
    <p class='ocr_par' dir='ltr' id='par_1_108' title="bbox 1903 4756 2780 4811">
     <span class='ocr_line' id='line_1_108' title="bbox 1903 4756 2780 4811; baseline -0.007 0"><span class='ocrx_word' id='word_1_862' title='bbox 1903 4766 1959 4811; x_wconf 92' lang='lat' dir='ltr'><strong>et</strong></span> <span class='ocrx_word' id='word_1_863' title='bbox 1992 4758 2147 4810; x_wconf 91' lang='lat' dir='ltr'><strong>testis</strong></span> <span class='ocrx_word' id='word_1_864' title='bbox 2182 4757 2235 4809; x_wconf 93' lang='lat' dir='ltr'><strong>in</strong></span> <span class='ocrx_word' id='word_1_865' title='bbox 2274 4756 2415 4810; x_wconf 75' lang='lat' dir='ltr'><strong>ccelo</strong></span> <span class='ocrx_word' id='word_1_866' title='bbox 2451 4756 2629 4810; x_wconf 89' lang='lat' dir='ltr'><strong>lidelis</strong></span> <span class='ocrx_word' id='word_1_867' title='bbox 2656 4758 2722 4808; x_wconf 78' lang='lat'><strong>“.</strong></span> <span class='ocrx_word' id='word_1_868' title='bbox 2762 4775 2780 4805; x_wconf 74' lang='grc' dir='ltr'><strong>ι</strong></span> 
     </span>
    </p>
   </div>
   <div class='ocr_carea' id='block_1_109' title="bbox 1976 4845 3480 4918">
    <p class='ocr_par' dir='ltr' id='par_1_109' title="bbox 1976 4845 3480 4918">
     <span class='ocr_line' id='line_1_109' title="bbox 1976 4845 3480 4918; baseline 0.004 -19"><span class='ocrx_word' id='word_1_869' title='bbox 1976 4847 2053 4900; x_wconf 83' lang='lat' dir='ltr'><strong>Ne</strong></span> <span class='ocrx_word' id='word_1_870' title='bbox 2080 4854 2263 4899; x_wconf 90' lang='lat' dir='ltr'><strong>autem</strong></span> <span class='ocrx_word' id='word_1_871' title='bbox 2302 4856 2380 4907; x_wconf 87' lang='lat' dir='ltr'><strong>tu,</strong></span> <span class='ocrx_word' id='word_1_872' title='bbox 2417 4846 2626 4907; x_wconf 69' lang='lat' dir='ltr'><strong>luchee,</strong></span> <span class='ocrx_word' id='word_1_873' title='bbox 2656 4846 2770 4898; x_wconf 69' lang='lat' dir='ltr'><strong>haec</strong></span> <span class='ocrx_word' id='word_1_874' title='bbox 2796 4845 2864 4899; x_wconf 88' lang='lat' dir='ltr'><strong>de</strong></span> <span class='ocrx_word' id='word_1_875' title='bbox 2904 4846 3109 4900; x_wconf 79' lang='lat' dir='ltr'><strong>liaviile</strong></span> <span class='ocrx_word' id='word_1_876' title='bbox 3135 4850 3363 4918; x_wconf 85' lang='lat' dir='ltr'><strong>ejusque</strong></span> <span class='ocrx_word' id='word_1_877' title='bbox 3390 4868 3480 4905; x_wconf 86' lang='lat' dir='ltr'><strong>re-</strong></span> 
     </span>
    </p>
   </div>
   <div class='ocr_carea' id='block_1_110' title="bbox 1905 4932 3481 5005">
    <p class='ocr_par' dir='ltr' id='par_1_110' title="bbox 1905 4932 3481 5005">
     <span class='ocr_line' id='line_1_110' title="bbox 1905 4932 3481 5005; baseline 0.004 -20"><span class='ocrx_word' id='word_1_878' title='bbox 1905 4934 2167 5003; x_wconf 78' lang='lat' dir='ltr'><strong>gno,sive</strong></span> <span class='ocrx_word' id='word_1_879' title='bbox 2189 4933 2257 4987; x_wconf 91' lang='lat' dir='ltr'><strong>de</strong></span> <span class='ocrx_word' id='word_1_880' title='bbox 2286 4932 2490 4987; x_wconf 73' lang='lat' dir='ltr'><strong>Judzeis</strong></span> <span class='ocrx_word' id='word_1_881' title='bbox 2522 4933 2844 4999; x_wconf 85' lang='lat' dir='ltr'><strong>aeeipienda</strong></span> <span class='ocrx_word' id='word_1_882' title='bbox 2872 4943 3145 4998; x_wconf 88' lang='lat' dir='ltr'><strong>autumcs,</strong></span> <span class='ocrx_word' id='word_1_883' title='bbox 3172 4937 3265 4988; x_wconf 88' lang='lat' dir='ltr'><strong>sed</strong></span> <span class='ocrx_word' id='word_1_884' title='bbox 3299 4939 3481 5005; x_wconf 81' lang='lat' dir='ltr'><strong>potius</strong></span> 
     </span>
    </p>
   </div>
   <div class='ocr_carea' id='block_1_111' title="bbox 1900 5023 3478 5091">
    <p class='ocr_par' dir='ltr' id='par_1_111' title="bbox 1900 5023 3478 5091">
     <span class='ocr_line' id='line_1_111' title="bbox 1900 5023 3478 5091; baseline 0.002 -13"><span class='ocrx_word' id='word_1_885' title='bbox 1900 5025 1969 5078; x_wconf 88' lang='lat' dir='ltr'><strong>de</strong></span> <span class='ocrx_word' id='word_1_886' title='bbox 2019 5024 2265 5089; x_wconf 72' lang='lat' dir='ltr'><strong>Christo,</strong></span> <span class='ocrx_word' id='word_1_887' title='bbox 2321 5023 2478 5077; x_wconf 89' lang='lat' dir='ltr'><strong>addit</strong></span> <span class='ocrx_word' id='word_1_888' title='bbox 2527 5024 2696 5091; x_wconf 85' lang='lat' dir='ltr'><strong>(quod</strong></span> <span class='ocrx_word' id='word_1_889' title='bbox 2744 5026 2913 5077; x_wconf 89' lang='lat' dir='ltr'><strong>etiam</strong></span> <span class='ocrx_word' id='word_1_890' title='bbox 2962 5027 3167 5088; x_wconf 78' lang='lat' dir='ltr'><strong>evenit)</strong></span> <span class='ocrx_word' id='word_1_891' title='bbox 3219 5027 3478 5082; x_wconf 75' lang='lat' dir='ltr'><strong>liavidem</strong></span> 
     </span>
    </p>
   </div>
   <div class='ocr_carea' id='block_1_112' title="bbox 1903 5112 3479 5181">
    <p class='ocr_par' dir='ltr' id='par_1_112' title="bbox 1903 5112 3479 5181">
     <span class='ocr_line' id='line_1_112' title="bbox 1903 5112 3479 5181; baseline 0.002 -12"><span class='ocrx_word' id='word_1_892' title='bbox 1903 5125 2208 5175; x_wconf 87' lang='lat' dir='ltr'><strong>mortuum,</strong></span> <span class='ocrx_word' id='word_1_893' title='bbox 2250 5112 2569 5168; x_wconf 82' lang='lat' dir='ltr'><strong>Jud:eorum</strong></span> <span class='ocrx_word' id='word_1_894' title='bbox 2619 5129 2849 5181; x_wconf 79' lang='lat' dir='ltr'><strong>regnum</strong></span> <span class='ocrx_word' id='word_1_895' title='bbox 2895 5130 3189 5177; x_wconf 79' lang='lat' dir='ltr'><strong>eversum,</strong></span> <span class='ocrx_word' id='word_1_896' title='bbox 3235 5127 3289 5169; x_wconf 83' lang='lat' dir='ltr'><strong>et</strong></span> <span class='ocrx_word' id='word_1_897' title='bbox 3325 5128 3479 5173; x_wconf 78' lang='lat' dir='ltr'><strong>vetus</strong></span> 
     </span>
    </p>
   </div>
   <div class='ocr_carea' id='block_1_113' title="bbox 1902 5203 3478 5267">
    <p class='ocr_par' dir='ltr' id='par_1_113' title="bbox 1902 5203 3478 5267">
     <span class='ocr_line' id='line_1_113' title="bbox 1902 5203 3478 5267; baseline 0.001 -7"><span class='ocrx_word' id='word_1_898' title='bbox 1902 5214 2291 5260; x_wconf 87' lang='lat' dir='ltr'><strong>testamentum</strong></span> <span class='ocrx_word' id='word_1_899' title='bbox 2324 5203 2593 5257; x_wconf 90' lang='lat' dir='ltr'><strong>abolitum</strong></span> <span class='ocrx_word' id='word_1_900' title='bbox 2624 5220 2766 5267; x_wconf 88' lang='lat' dir='ltr'><strong>esse,</strong></span> <span class='ocrx_word' id='word_1_901' title='bbox 2798 5205 3027 5259; x_wconf 88' lang='lat' dir='ltr'><strong>dicens:</strong></span> <span class='ocrx_word' id='word_1_902' title='bbox 3059 5227 3075 5256; x_wconf 77' lang='grc' dir='ltr'><strong>ι</strong></span> <span class='ocrx_word' id='word_1_903' title='bbox 3122 5207 3201 5259; x_wconf 88' lang='lat' dir='ltr'><strong>&#39;l‘u</strong></span> <span class='ocrx_word' id='word_1_904' title='bbox 3235 5223 3365 5259; x_wconf 85' lang='lat' dir='ltr'><strong>vero</strong></span> <span class='ocrx_word' id='word_1_905' title='bbox 3390 5226 3478 5262; x_wconf 81' lang='lat' dir='ltr'><strong>re-</strong></span> 
     </span>
    </p>
   </div>
   <div class='ocr_carea' id='block_1_114' title="bbox 1900 5295 3477 5366">
    <p class='ocr_par' dir='ltr' id='par_1_114' title="bbox 1900 5295 3477 5366">
     <span class='ocr_line' id='line_1_114' title="bbox 1900 5295 3477 5366; baseline 0.003 -17"><span class='ocrx_word' id='word_1_906' title='bbox 1900 5298 2089 5366; x_wconf 90' lang='lat' dir='ltr'><strong>pulisti</strong></span> <span class='ocrx_word' id='word_1_907' title='bbox 2139 5304 2194 5349; x_wconf 89' lang='lat' dir='ltr'><strong>ct</strong></span> <span class='ocrx_word' id='word_1_908' title='bbox 2240 5295 2538 5363; x_wconf 77' lang='lat' dir='ltr'><strong>despexisti</strong></span> <span class='ocrx_word' id='word_1_909' title='bbox 2591 5312 2603 5343; x_wconf 89' lang='lat'>:</span> <span class='ocrx_word' id='word_1_910' title='bbox 2657 5295 2921 5349; x_wconf 81' lang='lat' dir='ltr'><strong>distulisti</strong></span> <span class='ocrx_word' id='word_1_911' title='bbox 2977 5298 3244 5350; x_wconf 85' lang='lat' dir='ltr'><strong>Christum</strong></span> <span class='ocrx_word' id='word_1_912' title='bbox 3298 5310 3477 5353; x_wconf 89' lang='lat' dir='ltr'><strong>tuum.</strong></span> 
     </span>
    </p>
   </div>
   <div class='ocr_carea' id='block_1_115' title="bbox 1900 5388 3480 5456">
    <p class='ocr_par' dir='ltr' id='par_1_115' title="bbox 1900 5388 3480 5456">
     <span class='ocr_line' id='line_1_115' title="bbox 1900 5388 3480 5456; baseline 0 -12"><span class='ocrx_word' id='word_1_913' title='bbox 1900 5388 2158 5444; x_wconf 76' lang='lat' dir='ltr'><strong>Evertisti</strong></span> <span class='ocrx_word' id='word_1_914' title='bbox 2183 5395 2572 5441; x_wconf 89' lang='lat' dir='ltr'><strong>testamentmn</strong></span> <span class='ocrx_word' id='word_1_915' title='bbox 2605 5388 2749 5440; x_wconf 84' lang='lat' dir='ltr'><strong>servi</strong></span> <span class='ocrx_word' id='word_1_916' title='bbox 2779 5388 2856 5440; x_wconf 91' lang='lat' dir='ltr'><strong>tui</strong></span> <span class='ocrx_word' id='word_1_917' title='bbox 2882 5405 2895 5439; x_wconf 84' lang='lat'><strong>:</strong></span> <span class='ocrx_word' id='word_1_918' title='bbox 2930 5390 3229 5456; x_wconf 83' lang='lat' dir='ltr'><strong>prolanasti</strong></span> <span class='ocrx_word' id='word_1_919' title='bbox 3258 5389 3311 5441; x_wconf 92' lang='lat' dir='ltr'><strong>in</strong></span> <span class='ocrx_word' id='word_1_920' title='bbox 3336 5402 3480 5444; x_wconf 84' lang='lat' dir='ltr'><strong>terra</strong></span> 
     </span>
    </p>
   </div>
   <div class='ocr_carea' id='block_1_116' title="bbox 1902 5478 3474 5548">
    <p class='ocr_par' dir='ltr' id='par_1_116' title="bbox 1902 5478 3474 5548">
     <span class='ocr_line' id='line_1_116' title="bbox 1902 5478 3474 5548; baseline -0.003 -13"><span class='ocrx_word' id='word_1_921' title='bbox 1902 5478 2286 5536; x_wconf 88' lang='lat' dir='ltr'><strong>sanctuarium</strong></span> <span class='ocrx_word' id='word_1_922' title='bbox 2327 5480 2469 5545; x_wconf 84' lang='lat' dir='ltr'><strong>ejus.</strong></span> <span class='ocrx_word' id='word_1_923' title='bbox 2499 5479 2829 5531; x_wconf 78' lang='lat' dir='ltr'><strong>llestruxisti</strong></span> <span class='ocrx_word' id='word_1_924' title='bbox 2864 5495 3058 5532; x_wconf 86' lang='lat' dir='ltr'><strong>omnes</strong></span> <span class='ocrx_word' id='word_1_925' title='bbox 3088 5496 3247 5548; x_wconf 79' lang='lat' dir='ltr'><strong>sepes</strong></span> <span class='ocrx_word' id='word_1_926' title='bbox 3276 5481 3416 5547; x_wconf 82' lang='lat' dir='ltr'><strong>ejus,</strong></span> <span class='ocrx_word' id='word_1_927' title='bbox 3453 5497 3474 5531; x_wconf 69' lang='grc' dir='ltr'><strong>ο</strong></span> 
     </span>
    </p>
   </div>
   <div class='ocr_carea' id='block_1_117' title="bbox 1901 5570 3475 5639">
    <p class='ocr_par' dir='ltr' id='par_1_117' title="bbox 1901 5570 3475 5639">
     <span class='ocr_line' id='line_1_117' title="bbox 1901 5570 3475 5639; baseline -0.001 -15"><span class='ocrx_word' id='word_1_928' title='bbox 1901 5581 1959 5624; x_wconf 92' lang='lat' dir='ltr'><strong>et</strong></span> <span class='ocrx_word' id='word_1_929' title='bbox 1986 5585 2109 5639; x_wconf 59' lang='lat' dir='ltr'><strong>quin</strong></span> <span class='ocrx_word' id='word_1_930' title='bbox 2133 5578 2443 5638; x_wconf 89' lang='lat' dir='ltr'><strong>sequuntur</strong></span> <span class='ocrx_word' id='word_1_931' title='bbox 2466 5584 2643 5637; x_wconf 87' lang='lat' dir='ltr'><strong>usque</strong></span> <span class='ocrx_word' id='word_1_932' title='bbox 2665 5572 2732 5622; x_wconf 90' lang='lat' dir='ltr'><strong>ad</strong></span> <span class='ocrx_word' id='word_1_933' title='bbox 2760 5570 2892 5624; x_wconf 91' lang='lat' dir='ltr'><strong>illud</strong></span> <span class='ocrx_word' id='word_1_934' title='bbox 2923 5587 2936 5623; x_wconf 90' lang='lat'>:</span> <span class='ocrx_word' id='word_1_935' title='bbox 2971 5589 2989 5622; x_wconf 78' lang='grc' dir='ltr'><strong>ι</strong></span> <span class='ocrx_word' id='word_1_936' title='bbox 3028 5570 3327 5626; x_wconf 79' lang='lat' dir='ltr'><strong>l’crludisti</strong></span> <span class='ocrx_word' id='word_1_937' title='bbox 3349 5586 3475 5626; x_wconf 88' lang='lat' dir='ltr'><strong>eum</strong></span> 
     </span>
    </p>
   </div>
   <div class='ocr_carea' id='block_1_118' title="bbox 808 5748 2972 5822">
    <p class='ocr_par' dir='ltr' id='par_1_118' title="bbox 808 5748 2972 5822">
     <span class='ocr_line' id='line_1_118' title="bbox 808 5748 2972 5822; baseline -0.004 -13"><span class='ocrx_word' id='word_1_938' title='bbox 808 5753 847 5784; x_wconf 83' lang='lat'>”</span> <span class='ocrx_word' id='word_1_939' title='bbox 878 5752 921 5809; x_wconf 81' lang='lat' dir='ltr'><strong>ll</strong></span> <span class='ocrx_word' id='word_1_940' title='bbox 954 5754 1084 5822; x_wconf 70' lang='lat' dir='ltr'><strong>Reg.</strong></span> <span class='ocrx_word' id='word_1_941' title='bbox 1118 5769 1214 5819; x_wconf 78' lang='lat' dir='ltr'><strong>vn,</strong></span> <span class='ocrx_word' id='word_1_942' title='bbox 1251 5754 1350 5814; x_wconf 49' lang='lat' dir='ltr'><strong>iri;</strong></span> <span class='ocrx_word' id='word_1_943' title='bbox 1383 5750 1550 5807; x_wconf 83' lang='lat' dir='ltr'><strong>Hebr.</strong></span> <span class='ocrx_word' id='word_1_944' title='bbox 1594 5767 1630 5819; x_wconf 86' lang='lat' dir='ltr'><strong>I,</strong></span> <span class='ocrx_word' id='word_1_945' title='bbox 1668 5750 1719 5804; x_wconf 78' lang='lat'><strong>3.</strong></span> <span class='ocrx_word' id='word_1_946' title='bbox 1793 5750 1837 5783; x_wconf 83' lang='grc'><strong>¹⁰</strong></span> <span class='ocrx_word' id='word_1_947' title='bbox 1862 5750 2001 5804; x_wconf 84' lang='lat' dir='ltr'><strong>l&#39;sal.</strong></span> <span class='ocrx_word' id='word_1_948' title='bbox 2028 5766 2085 5811; x_wconf 89' lang='grc' dir='ltr'><strong>ιι,</strong></span> <span class='ocrx_word' id='word_1_949' title='bbox 2118 5750 2167 5801; x_wconf 78' lang='lat' dir='ltr'><strong>‘J.</strong></span> <span class='ocrx_word' id='word_1_950' title='bbox 2242 5750 2281 5781; x_wconf 79' lang='grc'><strong>²¹</strong></span> <span class='ocrx_word' id='word_1_951' title='bbox 2322 5749 2463 5803; x_wconf 76' lang='lat' dir='ltr'><strong>Psal.</strong></span> <span class='ocrx_word' id='word_1_952' title='bbox 2501 5764 2752 5810; x_wconf 70' lang='lat' dir='ltr'><strong>Lxxxviu,</strong></span> <span class='ocrx_word' id='word_1_953' title='bbox 2783 5748 2972 5802; x_wconf 59' lang='lat'><strong>2‘5«38.</strong></span> 
     </span>
    </p>
   </div>
  </div>
