4190 6438
666 328 800 393 1211

1862 328 1923 387 S.
1963 327 2109 387 ANA
2119 325 2363 387 STASII
2405 325 2731 387 SINAITxE

3801 322 3953 389 1212

663 444 989 499 confusione.
1018 443 1083 497 ".
1126 458 1144 493 ι
1188 442 1265 495 Ac
1296 439 1546 509 profecto
1572 438 1714 493 bene
1740 439 1979 508 Spiritus
2009 446 2242 493 sanctus
2269 492 2271 499 Α

2375 438 2467 499 οὓς
2484 437 2772 506 φραγμοὺς
2796 434 2985 503 αὐτοῦ,
3020 435 3117 489 σὺν
3143 437 3254 498 τοῖς
3285 436 3510 502 λοιποῖς,
3557 434 3652 489 καὶ
3688 433 3804 507 [τὸ]
3834 455 3951 491 κα-

669 553 767 605 per
796 535 1124 604 pr0phetam
1160 533 1275 586 tunc
1321 532 1575 585 elocutus
1599 543 1704 585 est.
1737 530 1925 598 Neque
1953 530 2101 582 enim
2132 529 2249 581 licri

668 636 852 694 potest
894 635 955 679 ut
989 626 1132 679 Deus
1174 622 1501 685 mentiatur,
1548 621 1652 676 sed
1684 619 2047 690 jurejurando
2085 618 2255 671 inter-

667 718 850 786 posito
899 720 1286 770 inconcussam
1336 715 1627 769 veritatem
1680 714 1897 775 innuit,
1944 711 2252 765 sccundmn

668 810 848 863 illud:
892 828 908 858 ι
956 806 1137 860 Semel
1186 807 1367 876 juravi
1423 808 1475 859 in
1509 805 1745 857 veritate
1797 819 1939 866 mea,
1990 802 2035 855 si
2082 800 2253 856 David

669 902 907 955 mentiar
936 902 1001 951 ’³.
1048 919 1065 949 ι
1108 900 1334 952 Davidis
1363 897 1512 951 enim
1561 913 1751 950 semen
1787 895 2097 949 secundum
2130 909 2254 947 ear-

670 1008 795 1046 nem
836 1003 921 1045 est
948 991 1204 1044 Christus
1239 990 1332 1043 Dei
1387 989 1581 1048 Filius,
1632 987 1907 1055 siquidem
1957 1002 1987 1039 c
2026 983 2255 1039 Davidis

670 1102 873 1153 genere
908 1085 1213 1138 secundum
1245 1100 1469 1137 carnem
1504 1082 1709 1151 prodiit
1756 1081 1990 1147 Deipara
2036 1092 2257 1146 semper

672 1177 837 1243 Virgo
892 1187 1069 1228 mater
1114 1174 1321 1227 Christi
1371 1173 1463 1227 Dei
1518 1172 1715 1225 nostri.
1774 1173 2024 1235 Regnum
2068 1179 2255 1222 autem

672 1270 817 1334 quod
851 1270 1063 1336 uttrcpil
1089 1279 1147 1320 ut
1188 1268 1374 1328 homo,
1400 1276 1585 1318 manet
1615 1265 1667 1317 in
1697 1273 2055 1333 perpetuum.
2082 1260 2255 1314 David

673 1364 819 1419 enim
858 1374 913 1413 et
942 1371 1199 1414 mortuus
1222 1370 1279 1414 et
1315 1361 1566 1429 sepultus
1599 1369 1704 1423 est,
1739 1374 1967 1428 regnum
1998 1357 2118 1427 ejus
2157 1355 2255 1409 Ju-

676 1455 893 1506 daicum
932 1453 1167 1506 interiit.

750 1641 998 1703 Regnum
1030 1652 1163 1691 vero
1184 1635 1329 1705 quod
1362 1633 1613 1702 promisit
1640 1632 1785 1685 Deus
1811 1628 2115 1683 secundum
2154 1626 2257 1680 ho-

678 1735 879 1783 minem
908 1728 1039 1780 dare
1066 1728 1349 1779 incantato
1368 1725 1586 1778 Christo
1617 1726 1726 1777 Deo
1749 1730 1961 1778 nostro.
1988 1728 2171 1773 manet
2203 1718 2255 1770 in

678 1829 945 1873 a-teruum
970 1817 1147 1884 ;quod
1175 1815 1449 1869 commisit
1474 1813 1900 1881 imperatorilms
1918 1808 2267 1866 Christianis,

680 1920 878 1961 etcum
904 1907 1038 1974 ipsis
1071 1916 1279 1970 regnat,
1302 1916 1359 1957 ut.
1390 1905 1665 1957 diximus:
1694 1917 1802 1954 non
1828 1901 2076 1955 estenim
2108 1900 2259 1953 aliud

683 2013 912 2063 regnum
960 1997 1044 2048 vel
1098 1995 1388 2062 imperium
1448 1994 1541 2046 illo
1598 1990 1961 2059 splemlidius.
2004 1989 2161 2054 Quod
2214 1990 2260 2041 si

682 2089 765 2141 vis
791 2087 1076 2139 veritatmn
1104 2084 1439 2153 perspicere,
1482 2098 1635 2135 smne
1680 2080 1811 2133 mihi
1854 2080 2050 2149 illotsis
2094 2094 2265 2146 popu-

682 2178 929 2246 lum,qui
953 2177 1117 2230 tantis
1139 2175 1420 2227 miraculis
1439 2174 1809 2242 prot'undiquc
1836 2172 2003 2224 maris
2029 2172 2263 2223 transitu

683 2269 967 2337 zl'levptios
1020 2266 1234 2331 ell‘ugit.
1288 2263 1593 2317 Considera
1642 2262 1777 2315 mihi
1826 2262 2035 2323 Jesum,
2091 2261 2264 2312 liliqu

685 2361 852 2421 have,
884 2374 982 2425 per
1015 2373 1177 2424 quem
1210 2357 1290 2408 sol
1330 2354 1483 2407 stetit
1524 2361 1717 2405 contra
1757 2351 2005 2412 Cahaon,
2041 2358 2098 2403 et
2136 2349 2265 2402 luna

686 2460 879 2502 contra
906 2449 1128 2508 vallem,
1172 2457 1229 2500 et
1255 2447 1359 2498 alia
1392 2444 1641 2509 qumdam
1672 2459 1892 2495 omnem
1926 2443 2148 2495 modmu
2177 2457 2270 2495 su-

687 2540 937 2612 perantia
970 2539 1272 2599 miracula;
1302 2536 1432 2598 imo,
1477 2545 1537 2587 ut
1579 2551 1689 2587 uno
1720 2535 1890 2587 verbo
1922 2535 2126 2595 dicam,
2162 2534 2271 2587 Ile-

689 2635 961 2686 hrzeorum
1005 2628 1438 2683 dominationem
1488 2627 1791 2695 perpende.
1843 2626 2035 2677 Totam
2086 2639 2270 2676 nonne

688 2726 838 2778 mille
870 2724 1032 2777 annis
1068 2722 1335 2774 dominati
1385 2730 1535 2779 sunt,
1578 2728 1635 2772 et
1674 2718 1917 2771 ablatum
1952 2726 2037 2770 est
2075 2732 2269 2769 eorum

690 2816 1019 2886 imperium?
1044 2814 1332 2879 Quomodo
1356 2813 1460 2866 sub
1488 2813 1859 2865 ltomanorum
1891 2810 2271 2863 dominatione

690 2907 933 2961 det'ecit?
966 2907 1160 2959 Nonne
1186 2903 1345 2956 'l'itus
1374 2912 1430 2955 et
1467 2902 1836 2971 Vespasianus
1858 2917 2053 2955 omnes
2082 2900 2274 2955 conci-

692 3001 933 3053 derunt?
966 2997 1159 3050 Nonne
1206 2995 1396 3063 templi
1425 2993 1594 3047 diruti
1629 2992 1862 3061 vestigia
1897 3002 2081 3046 aratro
2123 2991 2273 3046 dele-

692 3090 930 3147 verunt?
957 3089 1150 3142 Nonne
1182 3085 1631 3155 Babyloniorum,
1675 3083 1959 3137 Medorum
2001 3092 2057 3135 et
2080 3082 2277 3135 Persa-

2351 526 2545 593 τέχεας
2573 526 2724 593 αύτῷ
2746 526 3031 595 αἰσχύνην.
3071 544 3088 578 ι
3126 527 3236 579 Καὶ
3265 526 3478 596 ἀληθῶς
3506 527 3683 589 καλῶς
3715 527 3957 594 Πνεῦμα

2351 615 2410 666 τὸ
2432 616 2589 682 ἅγιον
2624 616 2712 668 δια
2745 615 2841 668 τοῦ
2890 617 3177 685 προφήτου
3222 618 3400 670 ταῦτα
3450 612 3601 669 εἶπεν
3628 633 3641 645 ·
3674 617 3955 670 ἀδύνατον

2352 708 2462 775 γάρ
2494 709 2587 760 τὸν
2622 709 2758 760 Θεὸν
2788 709 3117 776 ψεύσασυαι,
3165 709 3300 762 ἀλλὰ
3328 709 3396 762 δι’
3424 710 3586 778 ὅρκου
3618 710 3956 777 ὲμεσίτευσε

2352 801 2413 851 τὸ
2468 801 2804 869 ἀμετάθετον
2849 802 2949 871 τῆς
2997 802 3277 869 ἀληθείας,
3315 801 3498 863 καΟὼς
3554 804 3810 871 εἴρηται,
3868 805 3957 855 ὅτι

2360 910 2378 941 ι
2424 893 2611 957 "Ama
2664 894 2855 963 ὤμοσα
2908 896 2965 946 ἐν
3002 897 3064 962 τῇ
3104 894 3334 963 ἀληϐεια
3380 911 3505 961 μου.
3552 890 3629 945 ἾΙ
3660 894 3737 963 τῷ
3778 895 3958 947 Δαϐἶδ

2354 984 2628 1053 ψεύσομαι
2660 1003 2674 1050 ;
2718 1005 2735 1035 ι
2762 986 2989 1053 Σπέρμα
3024 988 3130 1055 γὰρ
3178 985 3273 1038 τοῦ
3304 986 3467 1037 Δαϐἰδ
3490 984 3551 1036 τὺ
3595 987 3736 1038 κατά
3762 987 3959 1054 σάρκα

2357 1076 2503 1126 ἐστὶν
2536 1076 2562 1127 ό
2586 1075 2819 1145 Χριστος
2845 1078 2872 1127 ό
2905 1075 3029 1136 Υἱὸς
3060 1076 3153 1127 τοῦ
3185 1074 3343 1128 Θεοῦ.
3379 1076 3472 1126 Ἕκ
3494 1077 3687 1142 γένους
3717 1078 3832 1145 γαρ
3856 1076 3955 1129 τοῦ

2357 1167 2521 1219 Δαϐἰδ
2556 1167 2616 1218 τὸ
2650 1171 2791 1220 κατα
2820 1170 2997 1237 σαρκα
3026 1169 3270 1236 ὑπῆρχεν
3303 1169 3334 1235 ἡ
3380 1168 3640 1230 Θεοτόκος
3685 1170 3957 1237 ’Δειπαρο

2358 1256 2515 1317 (tt-Eva;
2561 1257 2758 1326 Μήτηρ
2802 1258 3040 1325 Χριστοῦ
3078 1258 3170 1309 τοῦ
3225 1257 3359 1309 θεοῦ
3395 1258 3573 1324 ἡμῶν·
3616 1260 3710 1310 καὶ
3747 1261 3816 1326 ἧς)
3852 1258 3954 1325 βαο

2369 1347 2578 1399 σιλείαν
2629 1348 2704 1409 ὼς
2756 1348 3040 1415 ἄνθρωπος
3095 1349 3304 1413 ἔλαϐεν,
3353 1350 3501 1417 μένει
3546 1350 3841 1420 διηνεκῶς.
3894 1352 3954 1402 ’0

2364 1438 2475 1504 γὰρ
2514 1439 2679 1489 dum!)
2711 1440 2801 1491 καί⁹
2844 1438 3158 1507 ἐτελεύτησε
3211 1440 3304 1491 καὶ
3339 1441 3548 1508 ἐτάφη,
3581 1444 3673 1493 καὶ
3719 1445 3752 1510 ή
3791 1442 3955 1511 βασι-

2356 1532 2475 1584 λεία
2523 1532 2708 1593 αὑτοῦ,
2741 1534 2773 1601 ἡ
2816 1533 2925 1583 τῶν
2971 1533 3260 1597 Ἰουδαίων,
3290 1534 3541 1602 ἀφῃρέθη
3574 1536 3675 1595 tl).

2437 1624 2539 1675 Ἴιν
2592 1623 2646 1675 δὲ
2695 1626 2723 1675 ό
2775 1624 2908 1684 θεὸς
2960 1624 3240 1691 βασιλείαν
3304 1625 3572 1691 ὑπέσχετο
3616 1625 3803 1677 δοῦναι
3857 1642 3956 1679 κα-

2361 1712 2430 1763 τα
2493 1714 2556 1764 τὸ
2631 1711 2969 1783 ἀνθρώπινον
3049 1713 3126 1783 τῷ
3194 1715 3527 1783 σαρκωῦέντι
3593 1716 3818 1785 Χριστῷ
3877 1716 3954 1785 τῷ

2303 1800 2345 1856 ll
2373 1803 2490 1871 θεῷ
2536 1804 2714 1872 ήμῶν,
2764 1806 2917 1873 μένει
2967 1805 3236 1874 διηνεκῶς
3263 1845 3278 1867 ,
3314 1808 3380 1875 ἣν
3414 1808 3507 1860 καὶ
3557 1808 3829 1876 παρέθετο
3865 1827 3955 1861 m-

2372 1898 2512 1957 στοῐς
2543 1895 2845 1961 βασιλεῦσι,
2866 1899 2960 1949 καὶ
2994 1897 3386 1965 συμϐασιλεύει
3419 1902 3629 1961 αὐτοῖς,
3669 1900 3746 1961 ὡς
3801 1902 3956 1951 εἴπο-

2374 2004 2491 2056 μεψ
2528 1988 2587 2038 οὐ
2642 1988 2748 2057 γάρ
2794 1988 2912 2040 ἐστί
2964 2004 3046 2051 τις
3097 1990 3260 2058 ἑτέρα
3306 1990 3550 2057 βασιλεία
3593 1991 3626 2059 ἢ
3664 1990 3959 2044 δυναστεία

2370 2079 2575 2147 ταύτης
2625 2080 3097 2148 περιφανεστέρα.
3153 2084 3259 2133 Καὶ
3291 2084 3338 2133 εἰ
3365 2082 3544 2149 βούλει
3593 2082 3957 2149 σκοτεῆσαιτὸ

2372 2170 2619 2238 ἀκριϐὲς,
2665 2170 2796 2223 λάϐε
2835 2189 2925 2239 μοι
2955 2172 3048 2222 τὸν
3081 2172 3175 2223 τοῦ
3206 2173 3447 2234 Μωσέως
3486 2172 3613 2225 λαὸν
3644 2173 3737 2224 τὸν
3767 2172 3958 2224 τοσού-

2370 2279 2485 2324 τοις
2518 2262 2765 2330 σημείοις
2800 2265 2895 2314 καὶ
2951 2262 3100 2332 βυθῷ
3138 2262 3413 2332 Θαλάσσης
3453 2265 3579 2326 τοὺς
3617 2265 3957 2331 Αξγυπτίους

2375 2355 2748 2408 ὲκστείλαντα’
2786 2354 2859 2407 ἴδε
2899 2372 2988 2423 μοι
3032 2355 3239 2424 Ἰησοῦν
3262 2356 3352 2407 τὸν
3384 2357 3538 2425 Ναυὴ
3576 2355 3671 2424 ἀφ’
3704 2352 3767 2409 οὗ
3809 2358 3905 2409 καὶ
3930 2355 3959 2408 δ

2374 2447 2525 2513 ἥλιος
2552 2447 2694 2498 κατά
2736 2445 2962 2499 Γαϐαὼν
2986 2447 3225 2509 ἵσταται,
3265 2449 3361 2500 καὶ
3386 2450 3419 2517 ἡ
3452 2449 3655 2518 σελήνη
3691 2450 3837 2504 κατὰ
3865 2450 3961 2516 φάο

2379 2550 2579 2603 ραγγα.
2612 2536 2703 2587 καὶ
2735 2536 2869 2587 ἄλλα
2908 2537 3031 2588 τινὰ
3082 2536 3296 2600 ἐξαίσια
3333 2538 3609 2607 Θαύματα·
3647 2540 3743 2591 καὶ
3771 2540 3960 2602 ἁπλῶς

2378 2626 2522 2678 ἅπαν
2555 2627 2615 2678 τὸ
2646 2626 2755 2678 τῶν
2792 2628 3061 2699 Ἐϐραίων
3091 2630 3289 2699 νόησον
3322 2633 3543 2701 κράτος.
3575 2631 3650 2681 υύ
3680 2631 3833 2697 χίλια
3864 2631 3958 2701 ἔτη

2378 2718 2759 2783 ἐϐασίλευσαν,
2793 2721 2888 2773 καὶ
2922 2721 3158 2788 ἐξεκόπη
3201 2722 3235 2789 ἡ
3280 2722 3530 2789 βασιλεία
3566 2722 3777 2785 away;
3840 2721 3961 2784 Πῶς

2379 2809 2485 2860 ὑπὸ
2509 2810 2610 2877 τῆς
2639 2811 2747 2861 τῶν
2791 2811 3077 2878 Ῥωμαίων
3100 2811 3380 2880 βασιλείας
3413 2812 3662 2876 egit-:2;
3694 2812 3771 2864 Οὐ
3804 2815 3961 2875 Τῖτος

2380 2903 2475 2954 καὶ
2505 2903 2913 2965 Οὐεσπασιανὸς
2946 2905 3261 2973 κατέκοψαν
3300 2905 3547 2967 ἅπαντας
3570 2922 3583 2968 ;
3609 2906 3711 2957 οὐκ
3740 2906 3959 2975 ἀρότρῳ

2379 2992 2471 3045 τὸν
2497 2994 2626 3045 ναὸν
2648 2994 3098 3066 ἐκπορθήσαντες
3123 3012 3137 3059 ;
3170 2996 3292 3065 οὐχὶ
3319 2996 3429 3048 τῶν
3460 2995 3842 3063 Βαϐυλωνίων,
3869 2999 3960 3051 καὶ

2382 3086 2505 3154 οὐχὶ
2538 3087 2647 3138 τῶν
2672 3088 2897 3155 Μήδων,
2952 3089 3074 3156 οὐχὶ
3115 3088 3227 3141 τῶν
3276 3088 3500 3159 Περσῶν
3533 3088 3785 3158 βασιλεία
3827 3106 3959 3142 κατ-

695 3199 819 3237 rmn
850 3198 878 3236 ιι
908 3181 1167 3235 ltarharis
1196 3179 1306 3232 illis
1331 3177 1527 3232 Turcis
1571 3176 1896 3243 absorptum
1928 3173 2052 3227 est?
2083 3172 2188 3238 Qui
2220 3181 2271 3226 et

2379 3152 2545 3247 επόοη
2565 3178 2670 3231 ὑπὸ
2684 3152 2793 3232 τιῖιν
2816 3152 3118 3250 Βαρϐάρων
3142 3181 3344 3235 τούτων
3357 3152 3474 3233 ,τῶν
3489 3152 3594 3235 Του
3604 3181 3751 3250 ρκῶν
3767 3200 3786 3245 ;
3807 3182 3960 3236 mn

697 3275 800 3343 ipsi
836 3272 1136 3341 aliquando
1182 3270 1525 3324 excidentur.
1575 3266 1769 3321 Nonne
1811 3266 1977 3318 etiam
2022 3263 2277 3318 Macedo-

697 3383 827 3421 num
855 3364 1157 3418 dominatia
1183 3361 1443 3415 transiit?
1471 3360 1540 3414 At
1582 3375 1715 3412 vero
1764 3358 2136 3412 Romanorum
2178 3356 2281 3410 im-

697 3458 935 3531 perium,
968 3457 1084 3509 sive
1109 3454 1577 3515 Christianorum,
1608 3451 1815 3520 quippe
1849 3450 1995 3519 quod
2022 3465 2130 3503 una
2151 3463 2278 3502 cum

701 3550 935 3604 Domino
984 3556 1175 3600 nostro
1204 3546 1332 3599 Jesu
1368 3543 1591 3597 Christo
1629 3540 2068 3602 administretur,
2101 3554 2279 3609 usque

698 3640 767 3692 ad
801 3636 990 3689 nmmli
1018 3633 1554 3687 consummationem
1592 3647 1700 3684 non
1732 3628 2096 3698 pertransibit
2127 3647 2140 3683 :
2169 3629 2279 3682 imo

699 3746 831 3783 vero
859 3728 1134 3787 Christus,
1162 3736 1217 3777 ut
1242 3733 1323 3777 est
1359 3723 1469 3777 Rex
1512 3738 1702 3790 regum
1724 3732 1779 3776 et
1809 3722 2072 3775 Dominus
2099 3720 2280 3777 domi-

705 3819 951 3877 nantium
986 3818 1053 3881 ",
1106 3816 1343 3883 imperio
1379 3814 1473 3868 ihu
1505 3815 1679 3867 utitur
1718 3813 1785 3867 ad
1821 3812 2156 3881 pascendum
2184 3826 2283 3881 po-

703 3912 891 3980 pulum
917 3925 1101 3965 sumu,
1130 3921 1303 3974 usque
1329 3906 1394 3959 ad
1421 3905 1726 3958 secundum
1757 3905 1931 3973 ipsius
1959 3904 2279 3967 adventum;

702 4000 848 4069 quod
898 3998 1195 4067 imperimu
1242 4010 1352 4049 non
1393 3996 1485 4049 alii
1532 3995 1735 4063 populo
1768 3995 2147 4062 relinquetur;
2185 3994 2282 4049 sed

708 4104 840 4147 tunc
872 4093 988 4161 ipse
1024 4089 1500 4157 Dumiuus,utqui
1528 4090 1601 4143 sit
1625 4088 1787 4143 Pater
1806 4087 1975 4142 futuri
2005 4088 2189 4141 sazetdi
2213 4090 2280 4153 ³⁸,

709 4185 839 4237 illud
881 4182 1177 4244 obtinebit,
1226 4197 1352 4235 cum
1401 4181 1616 4235 scilicet
1665 4196 1859 4236 omnes
1909 4195 2281 4249 resurgemus,

707 4275 847 4327 sicut
874 4273 1143 4337 scriptum
1171 4279 1255 4324 est
1295 4272 1363 4322 ".
1395 4272 1708 4339 Resurgeut
1730 4268 1932 4325 mortui
1978 4276 2033 4322 et
2079 4269 2287 4323 excita-

706 4366 914 4418 buntur
943 4364 1035 4432 qui
1064 4362 1347 4415 dormiunt
1383 4362 1436 4415 in
1469 4362 1865 4423 monumentis,
1894 4370 1951 4415 et
1982 4361 2287 4416 astabimus

2381 3271 2475 3323 καὶ
2505 3270 2660 3323 αὐτοὶ
2685 3274 3108 3342 ὲκκοπήσονται.
3148 3273 3281 3342 υὺχὶ
3312 3273 3419 3327 τῶν
3449 3274 3783 3327 Μακεδόνων
3818 3290 3960 3344 παρ⁶

2379 3360 2542 3429 ἦλθεν
2566 3400 2583 3427 ,
2610 3364 2644 3432 ἡ
2674 3363 2731 3417 δὲ
2759 3363 2866 3417 τῶν
2909 3364 3196 3434 Ῥωμαίων
3226 3365 3493 3433 βασιλεία,
3530 3367 3650 3435 ἦτοι
3687 3366 3797 3417 τῶν
3830 3366 3961 3437 Χρι-

2384 3452 2638 3514 στιανῶν,
2696 3454 2773 3516 ὡς
2819 3456 3336 3528 συμεασιλευομένη
3382 3456 3538 3527 παρὰ
3592 3457 3687 3509 τοῦ
3749 3457 3957 3527 Κυρίου

2382 3542 2538 3611 ἡμῶν
2611 3542 2787 3611 Ἰησοῦ
2844 3545 3119 3614 Χριστοῦ,
3176 3548 3283 3610 ἓως
3349 3548 3447 3617 τῆς
3492 3547 3807 3611 συντελείας
3866 3547 3956 3603 τοῦ

2382 3631 2588 3701 κόσμου
2614 3633 2674 3685 οὐ
2708 3632 3125 3704 παρελεύσεται,
3165 3636 3283 3689 ἀλλ’
3315 3636 3391 3699 ὡς
3420 3636 3682 3697 Βασιλεὺς
3711 3636 3823 3690 τῶν
3873 3636 3960 3705 βα-

2384 3723 2729 3790 σιλευόντων,
2763 3726 2856 3777 καὶ
2886 3726 3089 3796 Κύριος
3117 3727 3228 3779 τῶν
3275 3728 3659 3799 κυριευόντων,
3695 3728 3763 3781 δι’
3792 3730 3958 3798 αὐτῆς

2385 3814 2665 3882 ποιμαίνει
2696 3815 2789 3867 τὸν
2821 3816 2948 3869 λαὸν
2976 3817 3164 3880 αὑτοῦ,
3190 3820 3353 3890 μέχρι
3382 3819 3479 3887 τῆς
3506 3819 3764 3887 δευτέρας
3798 3819 3958 3874 αὑτοῦ

2385 3904 2713 3972 παρουσίας,
2745 3906 2866 3975 ἥτις
2902 3906 3016 3977 λαῷ
3068 3908 3241 3979 ἑτέρῳ
3295 3909 3394 3978 οὐχ
3454 3908 3958 3979 ὑπολειφθήσεται;

2387 3994 2497 4047 Καὶ
2526 3996 2646 4049 τότε
2696 3998 2901 4068 ταύτην
2934 4000 3011 4062 ὡς
3047 4000 3236 4069 Πατὴρ
3284 4001 3379 4055 τοῦ
3433 4001 3722 4071 μέλλοντος
3769 4003 3961 4065 αἰῶνος

2387 4087 2628 4153 καθέξει,
2662 4089 2751 4141 ὅτε
2785 4092 2986 4151 πάντες
3028 4093 3475 4163 ἀναστησόμεοα,
3530 4094 3715 4157 καθὼς
3764 4095 3961 4166 γέγρα·

2387 4194 2545 4231 πται·
2575 4179 2996 4252 ’Λναστήσονται
3025 4184 3072 4235 οἱ
3116 4184 3324 4253 νεκροὶ,
3362 4186 3454 4237 καὶ
3496 4185 3887 4254 ἐγερθήσονται
3914 4186 3960 4239 οι

2390 4269 2448 4320 ὲν
2485 4272 2597 4334 τοῖς
2643 4274 2953 4342 μνημείοις,
3004 4276 3098 4330 καὶ
3129 4278 3599 4347 παραστησόμεθα
3628 4278 3708 4347 τῷ
3758 4278 3961 4349 βήματι

2388 4357 2490 4426 τῆς
2545 4360 2847 4415 ἀδεκάστου
2900 4365 3140 4433 κρίσεως
3190 4366 3385 4420 αὐτοῦ’
3449 4370 3700 4432 καὶτοὺς
3733 4370 3961 4440 ἐχθροὺς

709 4452 972 4505 tribunali
1004 4452 1309 4519 incorrupti
1344 4450 1542 4520 judicii
1579 4452 1732 4520 ejus;
1768 4460 1825 4505 et
1852 4450 2106 4506 inimicos
2138 4453 2271 4521 ejus,

2391 4448 2580 4512 αὑτοῦ,
2624 4452 2791 4520 ῆγουν
2845 4455 2974 4517 τοὺς
3023 4457 3098 4526 μὴ
3148 4457 3483 4527 θελήσαντας
3542 4458 3635 4515 νῦν
3682 4460 3962 4514 πιστεῦσαι

708 4546 763 4598 id
804 4552 907 4605 est,
936 4544 1029 4610 qui
1060 4543 1361 4595 uoluerunt
1386 4542 1613 4596 credere
1652 4542 1728 4605 ei,
1769 4557 1945 4611 neque
1986 4543 2164 4611 ipsum
2193 4558 2283 4597 re-

708 4650 875 4701 gnaro
902 4650 1069 4701 super
1098 4649 1215 4691 eos.
1246 4633 1557 4701 dissipabit.
1591 4632 1646 4687 in
1694 4632 1913 4687 inferno
1947 4642 2155 4688 teterno
2186 4650 2289 4703 pu-

712 4724 983 4787 niendos;
1042 4722 1137 4791 qui
1185 4739 1317 4776 vero
1371 4722 1711 4775 crediderint
1752 4731 1808 4775 et
1852 4730 2121 4791 praecepta
2169 4724 2291 4792 ejus

713 4827 858 4870 recte
901 4816 1274 4875 servaverint,
1324 4814 1400 4867 illi
1440 4814 1859 4881 conregnabunt
1898 4816 1951 4868 in
1998 4815 2222 4879 smeulo,
2266 4834 2285 4865 ι

710 4908 855 4960 sient
881 4907 1105 4973 scripsit
1125 4906 1344 4959 Salonio
1370 4907 1422 4957 in
1457 4904 1774 4959 Proverbiis
1804 4904 1870 4966 ’⁷,
1893 4914 1949 4957 et
1975 4923 1992 4954 ι
2027 4905 2290 4961 Dominus

713 4999 963 5067 regnabit
990 5014 1155 5065 super
1180 5012 1276 5049 eos
1306 4995 1358 5048 in
1388 4996 1583 5049 sa‘cula
1611 4996 1656 5026 "
1682 5012 1694 5047 :
1735 5012 1752 5043 ι
1784 5022 1855 5034 -
1884 5012 1901 5045 ε
1935 4994 2002 5048 El
2024 5010 2153 5048 CCCC
2182 4995 2290 5063 (δυ’

712 5091 832 5156 quit
873 5090 1083 5155 Daniel)
1122 5103 1248 5141 eum
1286 5088 1528 5140 nubibus
1558 5085 1682 5140 ραιΙί
1719 5084 1995 5148 veniebat,
2028 5097 2085 5139 et
2117 5101 2291 5155 usque

713 5184 779 5237 ad
809 5183 1110 5248 Antiququ
1136 5180 1351 5232 dierum
1386 5179 1665 5246 pervenit;
1697 5188 1753 5232 et
1790 5179 1889 5246 ipsi
1923 5178 2048 5231 data
2080 5188 2163 5232 est
2194 5193 2292 5247 po-

718 5284 906 5337 testas,
937 5282 994 5325 et
1026 5272 1222 5335 honor,
1254 5281 1311 5323 et
1346 5284 1538 5323 omnes
1587 5270 1762 5324 tribus
1800 5269 2041 5324 servient
2066 5269 2117 5325 ei
2147 5287 2159 5323 :
2199 5287 2288 5325 re-

782 5432 824 5461 ”
855 5429 998 5485 Psal.
1034 5441 1276 5492 Lxxxvn,
1305 5426 1491 5483 59-46.
1568 5423 1615 5455 ”
1640 5422 1777 5479 ibid.
1812 5423 1901 5478 36.

719 5503 763 5532 ’⁸
801 5502 962 5554 Mich.
1004 5516 1081 5563 tv,
1112 5499 1167 5554 7.

1979 5425 2023 5455 ’³
2049 5423 2222 5495 Apoc.
2252 5443 2365 5495 MS,
2394 5428 2479 5484 16.

2390 4540 2541 4609 αύτῷ
2571 4544 2665 4594 καὶ
2711 4544 3030 4614 βασιλεῦσαι
3075 4550 3241 4603 αὑτὸν
3296 4552 3383 4607 ἐπ’
3422 4551 3647 4613 αὐτοὺς,
3677 4553 3963 4622 σκορπίσει

2390 4631 2447 4683 ὲν
2491 4633 2570 4702 τῷ
2601 4634 2703 4705 ᾄδῃ
2734 4638 2937 4707 αἰωνίῳ
2963 4640 3504 4712 κολασθησομένους,
3549 4644 3645 4696 καὶ
3698 4645 3964 4713 συμϐασι-

2389 4722 2676 4777 λεύσουσιν
2725 4730 2875 4797 αυτῴ
2930 4731 3010 4792 εἰς
3061 4733 3264 4796 αἰῶνας
3307 4734 3358 4786 οἱ
3426 4734 3823 4797 πιστεύσαντες
3876 4737 3966 4791 καὶ

2388 4817 2627 4883 γνησίως
2665 4818 2763 4880 τὰς
2800 4821 3019 4885 ἐντολὰς
3041 4824 3208 4876 αὑτοῦ
3235 4828 3598 4897 τηρήσαντες’
3629 4828 3776 4881 καθά
3810 4829 3963 4881 Σολο-

2391 4909 2506 4977 μῶν
2536 4909 2683 4979 λέγει
2701 4914 2757 4967 ἐν
2784 4914 3114 4985 Παροιμίαις
3132 4935 3144 4947 ·
3166 4937 3185 4970 ι
3211 4920 3317 4972 Καὶ
3342 4920 3647 4988 βασιλεύσει
3664 4922 3965 4975 «aut,er

2390 5018 2527 5071 ριος,
2550 5003 2632 5065 εἰς
2652 5006 2778 5068 τοὺς
2792 5008 3015 5069 αἰῶνας.
3042 5028 3163 5060 ι--ι
3186 5010 3296 5062 Καὶ
3315 5011 3424 5063 ἰδοὺ
3448 5011 3587 5081 μετά
3613 5012 3723 5064 τῶν
3735 5012 3965 5079 νεφελῶν

2388 5090 2483 5142 τοῦ
2498 5092 2729 5162 οὐρανοῦ
2763 5096 3056 5167 ἐρχόμενος
3087 5093 3177 5169 ἦν,
3210 5100 3306 5152 καὶ
3336 5100 3441 5163 ἕως
3467 5101 3561 5153 τοῦ
3594 5102 3834 5155 Παλαιοῦ
3862 5104 3963 5154 τῶν

2388 5179 2612 5251 ἡμερῶν
2647 5184 2872 5253 ἔφοασεο
2905 5186 3001 5240 καὶ
3034 5188 3183 5257 αὐτῷ
3205 5190 3550 5260 προσηνέχθη
3582 5192 3614 5257 ἠ
3644 5191 3782 5258 τιμὴ
3811 5192 3903 5243 καὶ
3932 5192 3963 5258 ἡ

2392 5269 2660 5341 βασιλεία,
2704 5278 2799 5329 κα)⁵
2841 5280 3013 5331 πᾶσαι
3041 5281 3097 5332 αἱ
3128 5280 3293 5347 φυλαὶ
3339 5280 3489 5350 αὐτῷ
3516 5280 3910 5335 δουλεύσουσιν*
3937 5283 3967 5354 ἠ

2560 5431 2605 5462 ³⁸
2637 5431 2741 5485 Isa.
2770 5446 2845 5497 ix,
2880 5434 2935 5487 6.

3017 5433 3066 5472 "
3090 5434 3108 5489 Ι
3136 5433 3264 5490 Cor.
3294 5452 3381 5504 xv,
3412 5436 3499 5491 52.
3573 5437 3617 5467 ³⁷
3647 5436 3776 5509 Sap.
3802 5452 3880 5500 ιιι,
3911 5439 3960 5498 8.

795 5658 867 5709 (tt
901 5652 1345 5737 Iliuenineipiutit
1379 5650 1525 5737 edita
1558 5648 1749 5707 Latine
1793 5649 2191 5715 tantunmtodo,
2234 5662 2289 5709 et
2328 5652 2550 5722 quidem
2573 5656 2857 5725 acephata,
2888 5658 3105 5728 mutila,
3136 5667 3193 5717 et
3233 5674 3376 5733 saepe
3440 5658 3779 5729 deﬁcientia,
3837 5662 3973 5737 apud

720 5728 1002 5782 Camstum
1032 5724 1261 5794 Basnag.
1300 5722 1397 5776 (uc.
1437 5722 1522 5773 rit.
