4190 6438
171 319 306 386 1Ξ13

1192 330 1647 391 DISPUTATIO
1691 331 2086 393 ADVEBSUS
2126 330 2454 396 JITDEOS.

3312 339 3447 405 1914

171 433 420 500 βασιλεία
450 436 617 489 αὐτοῦ
657 438 903 507 βασιλεία
934 439 1210 509 διηνεκὴς,
1280 443 1375 494 καὶ
1404 442 1621 508 ἐξουσία
1669 444 1761 495 αὐ-

1868 460 2034 513 gnum
2064 448 2206 515 ejus,
2244 462 2472 515 regnum
2517 461 2810 517 arternum,
2851 459 2907 506 et
2952 463 3196 522 potestas
3237 458 3355 527 ejus
3392 464 3445 512 in

164 527 259 578 τοῦ
290 530 374 591 εἰς
397 530 598 595 γενεὰς
632 530 727 583 καὶ
754 529 873 599 ἐτη,
909 530 1031 597 ἣτις
1062 531 1122 583 οὐ
1167 533 1587 602 παρελεύσεται.
1626 553 1645 585 ι

233 709 376 763 me:
432 710 636 777 λέγεις,
666 704 712 765 ὦ
753 710 995 766 Ἰουδαῖεο
1035 713 1244 783 Ἀκμὴν
1280 731 1342 767 ου
1378 716 1760 785 παραγέγονεν

165 800 191 850 ὁ
223 801 485 869 Χριστὸς,
516 802 655 855 ἀλλὰ
684 805 814 873 περὶ
836 806 904 858 τὰ
934 806 1223 859 τελευταῖα
1254 806 1346 859 τοῦ
1368 810 1564 877 χρόνου
1596 810 1760 862 αὐτὸν

165 895 451 964 ἔρχεσθαι,
500 896 551 946 τί
588 898 668 949 ἔτι
692 898 779 949 ἵνα
807 901 1007 970 ποιήσῃ
1043 901 1463 971 ἀφανιζομένων
1495 902 1606 955 τῶν
1631 903 1759 972 χρό-

164 1002 299 1047 νων;
341 986 485 1037 Ἀλλ’
506 988 637 1050 ἴσως
656 990 823 1057 ἐρεῖς,
847 990 931 1042 ὃτι
950 991 1030 1043 Τὰ
1056 993 1490 1061 ἐξαφανιζὸμενα
1521 994 1604 1046 ἵνα
1628 995 1760 1047 ἁνα-

164 1080 467 1146 κτήσηται,
519 1080 688 1147 ἣγουν
745 1082 816 1134 τὰ
844 1082 972 1154 ἔθνη
1015 1082 1125 1135 τῶν
1169 1084 1459 1140 Ἰουδαίων.
1496 1086 1606 1139 Καὶ
1640 1085 1761 1148 πῶς

163 1169 278 1237 ἔχει
316 1168 483 1222 τοῦτο
537 1170 717 1238 λόγον,
752 1170 789 1225 ἃ
817 1176 884 1242 τῇ
924 1176 1221 1245 προστάξει
1250 1175 1417 1229 αὐτοῦ
1448 1178 1544 1230 καὶ
1594 1177 1758 1249 βουλῇ

163 1260 522 1325 ἀφανίζεται.
547 1262 721 1314 ταῦτα
742 1264 904 1316 πάλιν
925 1266 1273 1330 ἀνακτίζεινς
1304 1266 1489 1329 Οὕτως
1517 1270 1758 1322 ἀσύστα-

161 1369 256 1404 τον
285 1353 353 1404 τὸ
388 1353 635 1423 διήγημα
668 1356 729 1408 τὸ
764 1356 1032 1411 τοιοῦτον.
1064 1358 1332 1428 Οὐδαμῶς
1374 1361 1483 1430 γὰρ
1519 1363 1757 1430 εἴρηται,

161 1444 249 1497 δτι
294 1447 439 1513 μετὰ
485 1447 584 1517 τὴν
617 1448 711 1499 τοῦ
743 1449 952 1517 κόσμου
996 1449 1189 1502 τούτου
1224 1452 1543 1516 κατάλυσιν,
1595 1454 1759 1523 ἑτέρα

162 1553 249 1598 τις
273 1537 440 1589 πάλιν
460 1538 568 1590 τῶν
616 1539 883 1592 Ἰουδαίων
924 1542 1149 1612 τοιαύτη
1182 1543 1500 1614 κατασκευὴ
1534 1545 1758 1599 ἀνίστα-

160 1646 278 1682 ται.
312 1630 487 1683 Τοῦτο
512 1631 569 1684 δὲ
596 1632 625 1683 ὀ
650 1634 935 1703 προφήτης
953 1636 1080 1703 ὑμῖν
1120 1635 1298 1704 λέγει’
1344 1638 1601 1709 ιιίιέμψω
1628 1641 1759 1708 ὑμῖν

175 1720 373 1773 Ἠλίαν
391 1720 483 1773 τὸν
516 1722 806 1791 Θεσδίτήν,
869 1726 1004 1795 πρὶν
1033 1726 1211 1779 ἐλθεῖν
1256 1728 1356 1797 τὴν
1392 1730 1611 1798 ἡμέραν
1645 1733 1756 1784 Κυ-

161 1811 285 1879 ρίου
323 1813 430 1881 τὴν
461 1788 865 1884 μεγάλην,Ἶκαὶ
884 1788 1036 1886 [ἐμω.
1070 1817 1169 1888 μὴ]
1200 1788 1371 1872 ἐλθῶν
1398 1788 1627 1885 ἐτάτὲιξω
1654 1823 1754 1894 τήν
1784 1788 1829 1847 Β

163 1903 275 1967 γῆν
332 1903 526 1972 ἄρδην.
563 1924 581 1955 ι
618 1906 680 1958 Et
717 1907 816 1976 μὲν
855 1902 1013 1971 οὗτος
1042 1910 1102 1963 ὃν
1135 1914 1477 1983 προσδοκᾶτε
1519 1916 1753 1985 Χριστὸν

173 1994 368 2056 Ἠλίας
391 1996 541 2047 ἐστὶν
568 1998 596 2048 6
632 1999 706 2066 μὴ
751 1999 1060 2069 ἀνακτήσαι
1112 2003 1429 2074 ἐρχόμενος,
1478 2005 1615 2058 ἀλλὰ
1648 2025 1753 2059 πα-

156 2084 329 2149 τάξαι
348 2101 362 2116 ’
395 2086 583 2140 λοιπὸν
607 2090 836 2155 νοήσατε
865 2092 982 2153 πῶς
1004 2093 1065 2145 οὐ
1091 2093 1307 2161 λέγεται
1329 2097 1586 2166 Χριστος,
1618 2097 1754 2151 ἀλλὰ

171 2178 400 2241 Ἠλίας·
437 2180 531 2232 καὶ
545 2181 646 2233 οὐκ
680 2183 744 2233 ἐκ
766 2182 1013 2253 Βηθλεὲμ
1048 2188 1327 2251 γεννᾶται,
1362 2186 1438 2250 ὡς
1466 2188 1755 2259 προφήτης

158 2270 295 2338 ὑμῖν
349 2271 643 2340 ἐμήνυσεν,
688 2273 805 2325 ἀλλ’
852 2275 917 2327 ἐκ
962 2276 1184 2328 Θεσϐῶν
1215 2278 1523 2346 γεννηθείς.
1556 2279 1615 2332 Ὀ
1646 2279 1755 2349 γὰρ

157 2362 362 2427 εἰπὼν,
396 2382 417 2413 ι
462 2364 672 2434 ῐΙέμῲω
704 2366 834 2434 ύμῖν
874 2366 1082 2430 Ἠλίαν,
1117 2368 1353 2438 [ἕτερός
1373 2371 1490 2423 ἐστι
1516 2372 1667 2441 παρὰ
1691 2372 1754 2423 τὸ

156 2457 528 2523 πεμπόμενον
551 2475 565 2488 ·
596 2458 693 2509 καὶ
718 2460 800 2510 ὅτι
830 2455 975 2521 εἷπε,
1020 2479 1038 2510 ι
1080 2462 1171 2530 Μὴ
1208 2460 1382 2514 ἐλθὼν
1403 2462 1629 2529 πατάξω
1652 2465 1754 2533 τὴν

156 2550 271 2615 γῆν
308 2548 503 2618 ἄρδην,
549 2569 569 2603 ι
631 2551 699 2603 δι’
760 2551 970 2604 ἐκείνου
1024 2553 1245 2623 πρῶτον
1293 2554 1753 2625 διαμαρτύρεται,

159 2639 339 2707 ἦγουν
365 2640 461 2692 τοῦ
493 2640 699 2704 Ἠλίου,
731 2642 825 2694 καὶ
841 2642 961 2695 τότε
994 2643 1200 2715 ἐξαίρει
1238 2647 1346 2698 πᾶν
1383 2646 1446 2697 τὸ
1495 2662 1757 2716 συνεστη-

157 2733 257 2794 κὸς
305 2732 487 2796 τοῦτο,
532 2735 703 2804 ἡγουν
733 2739 879 2788 ποιεῖ
926 2738 1027 2806 τὴν
1074 2738 1409 2792 συντέλειαν.
1461 2739 1527 2792 Τί
1556 2739 1756 2809 οὖντῷ

159 2825 392 2895 Χριστῷ
420 2825 606 2878 λοιπὸν
626 2826 820 2894 ὄφελος
845 2830 1138 2895 γεννᾶσθαι
1162 2830 1314 2895 τότε;
1337 2830 1423 2882 ἵνα
1448 2829 1555 2883 τίνι
1580 2831 1755 2904 ἀρέσῃ

159 2918 193 2986 ἡ
234 2917 591 2989 χρησιμεύσῃ
626 2918 728 2985 τῆς
783 2920 1091 2984 συντελείας
1137 2922 1472 2991 γενομένηςς
1514 2924 1621 2975 Καὶ
1646 2925 1755 2993 γὰρ

158 3010 327 3073 ἄλλος
388 3012 539 3064 ἐστὶν
577 3015 605 3065 6
639 3014 876 3082 Χριστὸς
925 3015 1019 3066 καὶ
1078 3014 1241 3078 ἄλλος
1287 3016 1492 3077 Ἠλίας.
1537 3017 1597 3067 Ἰ)
1645 3016 1755 3085 γὰρ

162 3102 460 3171 προφήτης
493 3102 694 3172 Δανιὴλ
731 3103 876 3156 λίθον
908 3105 1070 3158 αὑτὸν
1102 3105 1382 3176 ἐθεώρησε
1410 3106 1492 3177 τῷ
1544 3106 1757 3175 βασιλεί
1779 3143 1824 3204 C

162 3193 277 3246 τῶν
313 3192 699 3259 Βαϐυλωνίων,
743 3197 801 3258 ὃς
842 3197 938 3249 καὶ
968 3198 1189 3264 ἐγένετο
1228 3198 1353 3269 ὅρος
1385 3199 1551 3267 μέγα.
1592 3200 1756 3267 Λέγει

163 3287 277 3356 γὰρ
326 3287 542 3350 οὕτως’
582 3307 601 3339 ι
654 3290 765 3342 Καὶ
803 3291 862 3341 ἐν
916 3292 1036 3351 ταῖς
1088 3291 1324 3360 ἡμέραις
1377 3292 1617 3354 ἐκείναις
1648 3292 1758 3345 τῶν

168 3376 446 3445 βασιλέων
477 3379 701 3432 ἐκείνων
745 3380 1045 3448 ἀναστήσει
1070 3383 1098 3433 6
1125 3380 1260 3445 Θεὸς
1308 3381 1608 3451 βασιλείαν,
1636 3382 1758 3452 ἥτις

167 3472 246 3531 εις
276 3469 376 3521 τὸν
403 3468 577 3522 αἰῶνα
634 3471 694 3523 οὐ
725 3470 1159 3541 διαφθαρήσεται
1178 3488 1194 3503 ο
1224 3471 1321 3525 καὶ
1372 3472 1539 3541 αὕτη,
1569 3474 1757 3542 φησιν,

164 3563 544 3631 ἀναστήσεται
604 3564 685 3626 εἰς
735 3565 862 3627 τούς
914 3564 1117 3626 αἰῶνας
1139 3583 1151 3597 ο
1183 3583 1203 3617 ι
1243 3566 1339 3618 καὶ
1366 3566 1450 3618 ὃτι
1487 3584 1506 3616 ι
1538 3562 1694 3619 Εἷδεν
1731 3567 1761 3618 6

168 3652 435 3723 βασιλεὺς
457 3655 539 3708 ὅτι
558 3654 620 3715 ἐξ
637 3656 801 3725 ὅρους
824 3656 1036 3727 ἐτμήθη
1062 3657 1212 3720 λίθος
1261 3658 1393 3710 ἄνευ
1423 3657 1625 3726 χειρῶν
1666 3658 1761 3711 καὶ

165 3745 415 3808 ἐπάταξε
465 3746 566 3816 τὴν
602 3748 815 3801 εἰκόνα·
866 3749 1105 3818 ἐγενήθη
1144 3748 1202 3802 δέ
1261 3752 1291 3803 6
1317 3750 1461 3812 λίθος
1521 3752 1601 3813 εἰς
1634 3750 1760 3820 ὄρος

172 3836 338 3904 μέγα,
372 3837 468 3888 καὶ
496 3837 782 3906 ἐπλήρωσε
806 3841 991 3891 πᾶσαν
1019 3840 1118 3905 τὴν
1148 3842 1273 3909 γῆν.
1304 3858 1323 3891 ι
1382 3838 1667 3911 Τέσσαρας
1700 3840 1760 3893 δὲ

171 3927 417 3995 βασιλεῖς
452 3928 600 3995 λέγει
644 3929 714 3983 τὰ
752 3930 939 3995 ἐνδοξά
986 3948 1044 3984 τε
1098 3934 1194 3985 καὶ
1216 3932 1466 4002 ἐπίσημα
1497 3931 1752 3985 Βαϐυλω-

168 4021 322 4088 νίων,
356 4022 582 4091 Μήδων,
626 4023 723 4075 καὶ
759 4023 821 4076 τὸ
868 4025 1055 4094 τρίτον
1085 4025 1376 4095 λῃστρικὸν
1410 4026 1508 4077 καὶ
1538 4026 1759 4077 δυσεπι-

172 4115 433 4182 κεὲρητον
477 4114 538 4165 τὸ
591 4114 965 4168 Μακεδονικὸν
1004 4115 1379 4186 Ἀλεξάνδρου,
1432 4117 1602 4184 ἡγουν
1652 4116 1763 4169 τῶν

182 4204 481 4272 Ἑλλήνων.
508 4204 694 4257 Ταῦτα
719 4207 788 4259 τὰ
822 4208 951 4276 τρία
980 4208 1048 4260 τὰ
1080 4208 1318 4261 δυνατάο
1345 4208 1441 4261 καὶ
1472 4208 1533 4259 τὸ
1565 4209 1764 4277 τέταρ-

169 4312 263 4347 τον
294 4294 466 4348 τοῦτο
518 4296 579 4348 τὸ
637 4295 816 4365 θρασὺ
868 4297 1541 4369 συνηριθ[μη1μένοντοῖς
1588 4300 1777 4370 τρισί,

172 4388 328 4442 Μετᾶ
356 4388 471 4457 γὰρ
491 4388 694 4451 ταύτας
714 4389 813 4453 τὰς
843 4390 1122 4454 βασιλείας
1154 4390 1362 4460 ἀνεφύη
1406 4391 1570 4461 αὕτη,
1594 4393 1762 4462 ἡγουν

1863 537 2253 604 generationes
2301 545 2357 593 et
2409 541 2793 607 generationes
2841 551 2899 598 et
2941 559 3138 608 annos,
3171 562 3292 614 qua:
3336 564 3445 600 non

1860 625 2220 693 pertransibit
2254 628 2321 679 ".
2365 645 2384 678 ι

1930 716 2086 781 Quod
2122 719 2167 773 si
2201 720 2428 783 dixeris,
2462 737 2496 775 ο
2526 721 2755 778 Judme:
2790 723 3044 780 Nondum
3077 726 3231 780 venit
3284 724 3447 780 Chri-

1860 817 2000 871 stus,
2022 811 2202 878 ipsum
2220 814 2563 868 contendens
2584 815 2639 869 in
2664 818 3146 871 consummatione
3181 819 3449 887 temporis

1860 912 2179 967 venturum,
2217 904 2351 973 quid
2405 906 2572 975 igitur
2618 907 2873 962 facturus
2918 909 3121 971 veniet,
3161 925 3284 962 eum
3333 910 3445 978 jam

1860 994 2232 1051 abolebuntur
2266 1001 2557 1067 tempora?
2587 1002 2692 1054 Sed
2730 1002 2874 1056 forte
2917 1002 3280 1072 reSpondebis
3324 1003 3448 1055 ideo

1860 1097 2156 1143 venturum
2195 1100 2255 1144 ut
2301 1091 2507 1144 abolita
2567 1103 2836 1162 tempora,
2893 1096 2946 1149 id
2999 1106 3104 1158 cst,
3166 1097 3447 1149 nationem

1860 1179 2201 1247 Judteorum,
2225 1184 2503 1238 restituat.
2529 1184 2700 1251 Quam
2730 1202 2865 1240 vero
2893 1188 3163 1243 rationem
3194 1189 3446 1251 haberet,

1860 1287 1924 1325 ea
1955 1273 2270 1341 qumipsius
2309 1277 2468 1344 jussu
2498 1286 2554 1329 et
2587 1279 2825 1332 consilio
2860 1280 3065 1333 abolita
3096 1291 3248 1342 sunt,
3282 1298 3452 1336 reno.

1860 1363 2025 1415 vare?
2048 1363 2196 1417 Talis
2231 1363 2418 1432 itaque
2437 1365 2733 1433 explicatio
2762 1368 3069 1421 subsistere
3102 1384 3211 1421 non
3244 1378 3445 1438 potest.

1860 1453 2085 1507 Minime
2113 1455 2263 1507 enim
2297 1455 2508 1509 dictum
2552 1467 2657 1522 est,
2707 1460 2855 1527 quod
2897 1469 3021 1528 post
3059 1461 3226 1531 hujus
3258 1461 3449 1514 nmndi

1860 1546 2305 1606 dissolutionem.
2350 1551 2472 1603 talis
2518 1549 2840 1605 Judasorum
2892 1555 3222 1607 constitutio
3263 1570 3451 1608 resur-

1862 1650 2084 1694 rectura
2145 1641 2251 1707 sit;
2298 1643 2409 1695 imo
2446 1644 2714 1712 propheta
2768 1644 2925 1698 vobis
2976 1646 3148 1699 dicit:
3186 1665 3203 1697 ‹
3241 1647 3449 1701 Mittam

1863 1732 2022 1786 vobis
2049 1732 2223 1785 Eliam
2254 1732 2580 1795 Thesbiten,
2626 1750 2694 1787 ne
2723 1736 2950 1789 veniens
2986 1738 3292 1805 percutiam
3342 1746 3453 1797 ter-

1860 1842 1975 1879 ratn
2005 1825 2230 1893 penitus
2253 1823 2317 1875 ³⁸.
2352 1842 2369 1873 ι
2412 1824 2587 1876 Porro
2614 1824 2659 1879 si
2712 1825 2835 1889 ille,
2879 1842 3043 1894 quem
3086 1828 3450 1895 exspectatis,

1858 1916 2113 1970 Christus
2157 1924 2243 1969 cst
2273 1915 2440 1978 i'llias,
2482 1914 2649 1979 Elias,
2688 1916 2940 1985 inquam,
2984 1916 3081 1985 qui
3131 1933 3241 1970 non
3286 1918 3452 1971 resti-

1861 2016 2105 2067 tuturus,
2131 2008 2226 2061 sed
2268 2022 2637 2076 percussurus
2672 2008 2881 2071 veniet,
2927 2008 3257 2078 perpendite
3311 2009 3448 2075 jam,

1860 2115 1969 2152 non
2000 2098 2291 2160 Christum,
2324 2097 2419 2151 sed
2452 2097 2626 2150 Eliam
2688 2096 2845 2150 illmn
2895 2098 3109 2163 vocari,
3161 2114 3344 2168 neque
3390 2100 3449 2154 in

1859 2187 2143 2240 Bethleem
2173 2186 2347 2249 nasci,
2376 2185 2521 2240 sicut
2548 2185 2618 2238 de
2647 2184 2873 2240 Christo
2902 2187 3060 2241 vobis
3090 2203 3119 2241 a
3175 2189 3449 2258 propheta

1859 2278 2230 2347 signiﬁcatum
2290 2286 2395 2337 est,
2446 2276 2542 2330 sed
2569 2276 2826 2331 Thesbis.
2870 2276 2988 2330 'Cui
3048 2279 3197 2331 enim
3274 2278 3444 2333 dixit:

1866 2386 1885 2419 ι
1909 2368 2119 2421 Mittam
2154 2365 2311 2420 vobis
2345 2366 2542 2427 Eliam,
2574 2384 2594 2419 ι
2624 2366 2768 2420 alius
2799 2382 2931 2420 sane
2957 2378 3044 2420 est
3082 2367 3151 2421 ab
3203 2382 3271 2421 eo
3299 2367 3449 2435 quod

1860 2459 2123 2513 mittitur.
2156 2457 2403 2513 Diccndo
2433 2467 2656 2512 autem:
2702 2477 2720 2509 ι
2751 2458 2831 2512 Ne
2881 2459 3112 2513 veniens
3140 2461 3448 2529 percutiam

1862 2562 2064 2607 terram
2100 2551 2346 2619 penitus,
2381 2569 2399 2601 ι
2438 2565 2537 2619 per
2570 2549 2748 2615 illum,
2790 2550 2970 2604 Eliam
3018 2550 3300 2617 videlicet,
3340 2551 3454 2621 pri-

1861 2659 2012 2697 mutn
2047 2642 2393 2705 testiﬁcatur,
2431 2651 2486 2695 et
2522 2649 2656 2695 tunc
2705 2640 2955 2696 universi
3006 2642 3172 2713 hujus
3228 2658 3453 2713 compa-

1861 2736 2041 2805 ginem
2065 2733 2339 2796 dissolvit,
2373 2732 2425 2786 id
2454 2739 2561 2799 est,
2591 2734 3133 2787 consummationem
3172 2733 3320 2789 facit.
3348 2735 3451 2790 Cui

1855 2830 1967 2899 jam
2002 2827 2147 2881 bono
2183 2835 2315 2880 tunc
2349 2825 2617 2895 temporis
2647 2834 2814 2880 natus
2847 2825 3080 2881 fuisset?
3109 2826 3213 2880 Cui
3243 2824 3453 2896 gratiﬁ-

1861 2918 2023 2975 candi
2083 2929 2181 2973 aut
2235 2935 2399 2988 quem
2444 2918 2673 2988 juvandi
2732 2919 2930 2988 gratia,
2970 2918 3453 2974 consummatione

1862 3013 2044 3067 facta?
2097 3013 2164 3065 Et
2212 3012 2357 3065 enim
2422 3010 2565 3065 alius
2612 3018 2699 3064 est
2747 3010 3023 3073 Christus,
3089 3018 3146 3065 et
3197 3011 3338 3064 alius
3367 3018 3453 3065 est

1862 3104 2030 3158 Elias.
2090 3102 2375 3158 Christum
2429 3102 2579 3156 enim
2655 3102 3060 3171 interpretatus
3111 3110 3199 3156 est
3259 3101 3451 3156 Daniel

1862 3192 2100 3261 lapidem
2151 3208 2182 3246 a
2232 3207 2359 3261 rege
2408 3191 2840 3261 Babyloniorum
2893 3192 3096 3256 visum,
3141 3192 3235 3260 qui
3294 3206 3455 3245 mons

1860 3300 2094 3353 magnus
2152 3284 2335 3339 factus
2360 3293 2467 3338 est.
2498 3282 2589 3338 Sic
2622 3285 2770 3338 enim
2794 3284 3079 3353 loquitur:
3118 3303 3137 3334 ι
3174 3284 3230 3337 lu
3254 3285 3453 3337 diebus

1861 3375 1972 3429 illis
2010 3389 2201 3444 regum
2238 3374 2458 3429 illorum
2494 3375 2791 3429 suscitabit
2822 3376 2969 3430 Deus
3025 3391 3277 3443 regnum,
3302 3377 3453 3445 quod

1860 3465 1917 3519 in
1965 3465 2228 3519 sarculum
2278 3481 2390 3519 non
2441 3476 2854 3535 corrumpetur,
2897 3474 2953 3519 et
2998 3465 3178 3535 ipsutn
3224 3466 3456 3519 suscita-

1860 3556 2013 3611 bitur
2062 3557 2115 3610 in
2169 3556 2418 3621 saecula;
2458 3568 2517 3610 et
2562 3556 2724 3620 vidit,
2774 3556 2975 3626 inquit,
3023 3572 3115 3610 rex
3159 3557 3455 3625 lapideme

1862 3653 2050 3700 monte
2082 3646 2330 3701 excisum
2362 3646 2484 3700 sine
2513 3646 2773 3701 manibus
2796 3656 2852 3700 et
2882 3649 3162 3716 percussit
3190 3658 3453 3713 statuam,

1859 3746 1916 3792 et
1947 3737 2123 3792 factus
2151 3745 2237 3792 est
2264 3738 2403 3806 lapis
2438 3738 2493 3792 in
2530 3747 2773 3793 montem
2810 3754 3092 3809 magnum,
3124 3747 3182 3793 et
3222 3739 3457 3808 replevit

1863 3830 2181 3885 universam
2218 3840 2419 3884 terram
2440 3830 2506 3883 ³⁸.
2541 3848 2559 3880 ι
2601 3830 2853 3895 Quatuor
2888 3846 3056 3900 porro
3097 3847 3253 3901 reges
3289 3847 3456 3898 regna

1861 3922 2099 3991 gloriosa
2143 3928 2201 3975 et
2223 3921 2466 3975 celebria
2501 3921 2904 3990 interpretatur
2946 3937 3204 3990 regnum,
3237 3921 3457 3975 scilicet

1863 4012 2318 4082 Babyloniorum,
2352 4010 2678 4077 Medorum;
2729 4013 2953 4065 tertium
3002 4027 3132 4065 vero
3178 4013 3455 4079 pnedato-

1864 4107 2007 4160 rium
2056 4105 2162 4160 fuit
2209 4114 2268 4159 et
2325 4104 2680 4167 indomitum,
2725 4104 3162 4168 Macedonicum,
3204 4105 3451 4172 inquam,

1862 4198 2183 4260 Alexandri,
2214 4196 2330 4250 sive
2352 4194 2690 4259 Graecorum,
2719 4210 2989 4264 regnum:
3028 4195 3142 4247 haee
3178 4193 3282 4245 tria
3316 4201 3453 4246 smit

1864 4288 2247 4359 potentissima
2274 4304 2289 4353 ;
2313 4295 2574 4356 quartum
2610 4301 2841 4355 regnum
2878 4285 2983 4338 hoc
3014 4286 3192 4354 ipsum
3226 4292 3332 4346 est,
3365 4284 3454 4336 in-

1864 4383 2098 4446 victum,
2117 4380 2264 4449 quod
2300 4380 2481 4434 tribus
2504 4378 2954 4448 praecedentibus
2989 4386 3454 4431 conuulneratum

172 4480 204 4546 ἡ
239 4478 485 4551 Χριστοῦ
520 4478 787 4547 βασιλεία,
817 4483 884 4549 ἢν
914 4483 943 4534 6
964 4483 1162 4553 Δανιὴλ
1186 4482 1465 4553 ἄφθαρτον
1494 4484 1591 4536 καὶ
1611 4484 1761 4538 ἀδιά-

1865 4484 1969 4531 est.
2003 4471 2119 4528 lloc
2153 4474 2326 4536 enim,
2374 4478 2501 4541 post
2535 4471 2627 4524 illa
2674 4486 2842 4541 regna
2874 4480 3065 4524 natum
3107 4478 3212 4531 est,
3244 4469 3451 4521 Christi

173 4568 325 4638 δοχον
369 4568 590 4636 ἔφησεν.
624 4569 686 4622 Εί
720 4570 776 4621 δὲ
815 4570 975 4641 εἴπῃς
1008 4571 1110 4642 τήν
1148 4573 1376 4642 σιδηρᾶν
1436 4572 1756 4640 Αὐγούστου

176 4662 481 4731 Καίσαρος,
508 4662 633 4715 τίνα
663 4662 959 4717 ἐλέπτυνεν
1004 4664 1037 4733 ἢ
1089 4665 1362 4734 ἐδάμ-ασεν
1389 4666 1422 4734 ή
1447 4664 1759 4732 Αὐγούστου

176 4754 401 4807 καὶτῶν
428 4755 634 4807 λοιπῶν
672 4754 959 4823 βασιλέων,
991 4756 1189 4818 οἵτινες
1223 4756 1319 4808 καὶ
1367 4756 1624 4824 ἐνίκησαν
1665 4755 1761 4809 καὶ

176 4844 527 4916 ἡττήθησανς
558 4846 617 4898 Ei
654 4847 763 4916 γὰρ
792 4847 939 4915 ὑμᾶς
997 4848 1125 4909 τοὺς
1168 4847 1455 4908 Ἰουδαίους
1495 4846 1592 4899 καὶ
1623 4846 1761 4902 ἄλλα

178 4938 353 4990 πολλὰ
401 4936 531 5006 ἔθνη
568 4937 851 5007 ἐνίκησαν,
893 4938 1029 4992 ἀλλὰ
1064 4938 1228 4991 πάλιν
1276 4937 1624 5009 ἡττήθησαν·
1665 4938 1762 4991 καὶ

179 5025 465 5095 παρῆλθεν
493 5029 527 5095 ἡ
583 5026 681 5079 τοῦ
712 5027 1028 5095 Αὐγούστου
1087 5026 1371 5096 Καίσαρος
1399 5026 1581 5097 ἁρχήο
1634 5028 1667 5095 ἡ
1705 5026 1762 5078 δὲ

178 5116 266 5169 τοῦ
302 5117 550 5185 Χριστοῦ
611 5118 864 5187 βασιλεία
899 5120 979 5181 εἰς
1007 5120 1099 5171 τὸν
1127 5119 1303 5171 αἰῶνα
1329 5119 1481 5180 τέλος
1503 5119 1602 5187 οὐχ
1624 5118 1759 5184 ἔξει.

181 5207 253 5260 Τὸ
286 5209 403 5279 γὰρ
453 5209 736 5275 λεπτύνον,
785 5212 1053 5281 ἀήττητον
1103 5212 1199 5264 καὶ
1252 5212 1568 5280 ἁδάμαστον
1606 5213 1761 5281 μένει

184 5300 274 5350 καὶ
305 5298 616 5369 ἁδιὰδοχον,
671 5302 808 5371 ὅπερ
842 5303 959 5355 ἐστὶ
988 5302 1051 5355 τὸ
1098 5303 1269 5372 δνομα
1316 5304 1411 5356 καὶ
1449 5303 1482 5372 ἡ
1515 5302 1764 5373 βασιλεία

182 5390 273 5444 τοῦ
320 5392 533 5461 Κυρίου
581 5392 741 5463 ἡμῶν
793 5393 973 5462 Ἰησοῦ
1020 5396 1281 5463 Χριστοῦ,
1339 5395 1435 5447 καὶ
1482 5396 1515 5464 ἡ
1580 5394 1765 5455 πίστις

184 5478 339 5547 ἡμῶν
368 5482 401 5547 ἡ
454 5481 535 5544 είς
588 5481 772 5535 αὐτόν.
827 5483 989 5536 Πόσοι
1022 5484 1284 5552 Ἕλληνες
1333 5484 1428 5536 καὶ
1478 5484 1763 5548 κακόδοξοι

188 5567 422 5636 βασιλεῖς
449 5571 546 5627 καὶ
569 5572 697 5645 ἔθνη
731 5575 1082 5645 ἐπολέμησαν
1117 5576 1218 5646 τὴν
1265 5575 1449 5629 πίστιν
1475 5575 1633 5646 ἡμῶν
1654 5574 1763 5628 τῶν

287 5728 330 5759 ³⁹
352 5729 491 5784 Dan.
520 5744 614 5792 vn,
647 5729 728 5794 15,
765 5731 844 5785 l-i.
926 5731 966 5761 ³⁸)
993 5730 1223 5785 Malach.
1254 5749 1322 5787 ιι,
1349 5732 1397 5785 .‘j.
1489 5733 1516 5761 “
1551 5732 1680 5785 Dan.
1714 5747 1771 5792 tt,

1862 4565 2078 4621 scilicet
2104 4578 2356 4632 regnum,
2391 4561 2542 4631 quod
2577 4576 2680 4616 nec
2710 4560 3054 4630 corruptioni
3084 4575 3187 4613 nec
3230 4574 3454 4613 succes-

1862 4655 2006 4711 sioni
2055 4654 2359 4709 obnoxium
2402 4668 2525 4707 esse
2586 4652 2971 4721 pronuntiavit
3025 4650 3237 4704 Daniel.
3290 4650 3355 4703 Et
3408 4649 3453 4703 si

1862 4748 2070 4805 dixeris
2082 4762 2312 4817 regnum
2331 4746 2570 4801 ferreum
2583 4745 2815 4799 Caesaris
2833 4744 3060 4813 Augusti
3084 4743 3274 4805 fuisse,
3289 4759 3453 4812 quem

1862 4841 2101 4896 aliorum
2134 4854 2326 4909 regum
2369 4836 2700 4892 comminuit
2738 4844 2795 4890 et
2846 4835 3161 4904 perdomuit
3217 4834 3451 4903 Augusti

1863 4947 2117 5001 regnum,
2150 4944 2339 4999 quem,
2367 4929 2613 4996 inquam,
2641 4927 2879 4981 aliorum
2912 4942 3099 4994 regqu
3146 4925 3239 4993 qui
3292 4925 3455 4977 modo

1859 5024 2143 5085 vicerunt,
2169 5020 2334 5074 modo
2364 5018 2499 5072 victi
2534 5017 2701 5072 sunt?
2728 5017 2783 5070 Si
2820 5016 2969 5070 enim
3024 5031 3119 5069 vos
3148 5014 3367 5067 inda-os
3399 5022 3456 5067 et

1864 5120 2071 5173 multas
2138 5116 2275 5170 alias
2336 5120 2531 5183 gentes
2585 5113 2879 5172 vicerunt,
2931 5109 3027 5163 sed
3092 5116 3150 5161 ct
3208 5107 3452 5160 vicissim

1864 5212 1999 5265 victi
2037 5216 2188 5272 sunt,
2224 5214 2281 5260 et
2312 5205 2538 5260 transiit
2577 5202 2807 5271 Augusti
2842 5201 3075 5256 Caesaris
3114 5199 3452 5268 imperium;

1864 5302 2072 5359 Christi
2124 5314 2261 5354 vero
2311 5294 2618 5351 dominatio
2656 5294 2710 5346 in
2745 5294 3008 5346 smculum
3062 5307 3172 5344 non
3225 5290 3456 5343 habebit

1869 5393 2069 5447 ﬁnem:
2105 5388 2254 5458 quod
2297 5387 2448 5442 enim
2496 5385 2858 5447 comminuit,
2916 5383 3183 5436 invictum
3242 5390 3449 5443 manet,

1868 5480 2331 5547 indomitumque,
2385 5489 2490 5531 nec
2543 5474 2954 5529 successionem
3004 5472 3236 5540 recipit:
3289 5471 3453 5538 quale

1864 5582 1952 5628 cst
1980 5585 2183 5627 nomen
2210 5579 2269 5627 et
2294 5582 2525 5639 regnum
2568 5565 2788 5623 Domini
2831 5564 3010 5621 nostri
3051 5563 3181 5620 Jesu
3222 5561 3449 5632 Christi,

1814 5729 1891 5792 Si,
1924 5728 2005 5782 iii.
