4190 6438
209 438 337 503 1217

1220 441 1677 505 ΒΙΞΡΗΤΛΤῙΟ
1717 442 2118 505 ADVERSUS
2156 445 2484 510 JUDJEOS.

3338 450 3474 517 1218

202 557 458 627 περὶτοῦ
519 556 651 614 Υιοῦ
682 559 779 613 καὶ
831 557 1008 627 Λόγου
1058 556 1152 612 τοῦ
1192 559 1329 614 Θεοῦ
1397 560 1571 623 οὕτως
1606 560 1788 626 λέγει·

1894 572 1949 615 et
1984 561 2164 617 Verbo
2196 563 2291 618 Dei
2323 565 2405 621 sic
2446 564 2737 637 loquitur:
2780 584 2797 618 ι
2833 565 2907 621 Ex
2939 572 3100 623 utero
3134 573 3264 622 ante
3308 567 3474 623 Lui-i-

204 670 221 701 ε
247 651 341 703 Ἐκ
374 652 615 721 γαστρὸς
641 651 749 721 πρὸ
780 651 1064 723 ἑωσφόρον
1098 652 1368 723 ἐγέννησὰ
1398 669 1477 709 σε.
1533 672 1552 705 ι
1598 653 1659 705 '0
1684 653 1793 723 γὰρ

205 742 495 813 ἑωσςιςόρος
552 745 616 811 τῇ
664 744 901 815 τετάρτῃ
946 744 1132 814 ἡμέρᾳ
1172 742 1426 812 ἐγένετο*
1460 746 1489 797 6
1527 743 1584 797 δὲ
1621 742 1793 814 Ἀδὰμ

158 866 163 875 ι
198 836 263 903 τῇ
295 835 435 906 ἕκτῃ
467 835 651 905 ἡμέρα
685 835 949 907 ἐπλάσθη.
981 835 1203 901 Λοιπὸν,
1259 830 1306 891 ὦ
1352 837 1600 899 Ἰουδαῖε,
1648 837 1788 901 εἰπὲ,

158 924 166 933 “
199 924 322 979 τίνα
346 926 458 996 πρὸ
492 926 849 996 παρασκευῆς
875 926 975 997 τῆς
1006 926 1236 991 κτίσεως
1262 926 1556 997 ἐγέννησεν
1576 930 1604 981 6
1636 930 1788 991 Θεὸς.

199 1014 351 1087 ’Δρα
378 1020 507 1089 περὶ
534 1018 629 1071 τοῦ
649 1017 821 1087 ’Λδὰμ
846 1018 994 1087 λέγει
1017 1034 1033 1084 ;
1071 1019 1341 1090 Οὐδαμῶς
1366 1036 1381 1051 ο
1417 1021 1554 1089 μετὰ
1574 1020 1681 1090 γὰρ
1702 1020 1795 1073 δύο

202 1112 423 1179 ἡμέρας
480 1110 575 1164 τοῦ
606 1112 885 1180 ἐωσφόρου
940 1111 1179 1164 καὶτῶν
1228 1112 1478 1179 ἀστέρων
1521 1112 1790 1180 ἐπλάσθη.

216 1203 381 1256 Ἀ).λᾶ
415 1203 546 1271 περὶ
585 1203 680 1255 τοῦ
714 1203 1086 1271 ἠλειμμένου
1123 1204 1251 1272 ὑμῖν
1288 1202 1469 1270 λέγεις
1498 1202 1634 1255 ἀλλὰ
1680 1203 1795 1255 υῖὸν

202 1298 372 1351 Δαῢὶδ
394 1298 559 1352 αὑτὸν
585 1298 647 1351 οὐ
670 1298 857 1364 λέγετε
885 1294 1063 1351 εἶναι’
1109 1298 1138 1350 6
1171 1298 1226 1351 δὲ
1273 1299 1439 1351 Δασιὸ
1472 1299 1611 1366 μετὰ
1666 1299 1796 1351 πολ-

201 1391 330 1455 λοὺς
363 1392 592 1461 γρόνους
618 1388 712 1443 τοῦ
761 1390 932 1460 ’Λδὰμ
960 1388 1224 1458 ἐγεννήθη
1249 1406 1263 1421 ο
1295 1393 1323 1443 6
1373 1391 1480 1460 γὰρ
1523 1390 1694 1459 ’Δδὰμ
1726 1394 1793 1462 τῇ

201 1485 338 1553 ’ἐκτῃ
375 1482 561 1552 ἡμέρᾳ⁵
616 1481 884 1549 ἐπλάσθη,
938 1480 1015 1542 ὡς
1047 1479 1283 1551 εἴρηται,
1316 1482 1410 1534 καὶ
1438 1481 1489 1534 οῖ
1525 1482 1794 1552 ἑωσφόροι

200 1577 270 1645 τῇ
310 1575 551 1645 τετάρτῃ
617 1575 802 1645 ἡμέρᾳ
839 1572 1118 1642 ἐγένοντο’
1171 1574 1199 1626 ὁ
1240 1572 1297 1625 δὲ
1329 1573 1461 1635 Θεὸς
1506 1574 1638 1643 περὶ
1687 1572 1784 1627 τοῦ

204 1666 339 1719 ἰδίου
374 1666 505 1720 Υἱοῦ
532 1666 701 1735 λέγει,
758 1666 839 1718 ὃτι
875 1682 894 1716 ε
932 1665 1046 1735 Πρὸ
1093 1664 1372 1735 ἑωσφόρον
1406 1666 1676 1734 ὲγὲννησά
1701 1682 1791 1718 σε’

202 1760 269 1813 σὺ
305 1760 492 1829 ἱερεὺς
520 1760 600 1821 sl;
617 1758 709 1811 τὸν
730 1758 903 1811 αἰῶνα
929 1755 1072 1810 κατὰ
1091 1757 1189 1827 τὴν
1205 1758 1359 1823 τάξιν
1386 1757 1740 1826 Μελχισεδὲκ,
1768 1775 1786 1809 ι

198 1852 489 1906 τουτέστιν
541 1852 719 1923 ἱερεὺς
768 1850 879 1903 τῶν
931 1850 1120 1903 ἐθνῶν.
1182 1850 1239 1903 '0
1296 1850 1403 1919 γὰρ
1458 1849 1793 1920 Μελχισεδὲκ

199 1940 346 1995 οἶνον
404 1943 499 1996 καὶ
529 1910 713 2012 ἄρτον*
749 1942 1057 2013 προσέφερε
1115 1940 1193 2010 τῷ
1227 1910 1387 2010 Θεῶ,
1429 1910 1611 2004 καθὼς
1644 1941 1737 1993 καὶ
1766 1942 1794 1994 6
1821 1910 1868 1969 Β

199 2034 466 2105 Χριστὸς,
496 2035 524 2088 6
549 2034 838 2105 ἀρχιερεὺς
875 2032 1058 2103 ήμῶν,
1092 2030 1411 2100 παρέδωκεν
1443 2033 1593 2101 ἡμᾶς
1642 2032 1793 2085 θύειν

199 2125 356 2196 αὑτῷ
388 2126 766 2194 ἀναιμάκτους
792 2124 986 2187 θυσὲας
1042 2122 1181 2175 κατὰ
1206 2122 1307 2192 τὴν
1352 2122 1506 2188 τάξιν
1527 2122 1794 2191 Μελχισε-

200 2215 319 2269 ὂὲκ.
362 2216 635 2268 ’Λκουσον
659 2214 715 2267 δὲ
744 2213 840 2269 καὶ
868 2211 1213 2281 Σολομῶντος
1252 2210 1501 2279 λέγοντος
1533 2214 1660 2281 περὶ
1692 2213 1792 2279 τῆς

197 2307 308 2377 πρὸ
343 2305 562 2358 αἰώνων
602 2305 907 2374 γεννήσεως
962 2301 1059 2355 τοῦ
1130 2302 1453 2371 μονογενοῦς
1514 2301 1645 2355 Υἱοῦ
1695 2301 1789 2355 τοῦ

196 2397 339 2451 Θεοῦ
359 2413 373 2427 ·
404 2416 422 2447 ι
464 2395 577 2464 Πρὸ
601 2394 695 2448 τοῦ
723 2395 790 2448 τὰ
817 2394 919 2464 ὅρη
940 2393 1215 2462 γενέσθαι,
1247 2392 1354 2462 πρὸ
1405 2392 1500 2447 τοῦ
1531 2395 1631 2457 τὰς
1685 2412 1792 2465 πη-

198 2489 305 2557 γὰς
348 2486 655 2557 προελθεῖν,
689 2487 796 2557 πρὸ
839 2486 896 2539 δὲ
930 2487 1150 2541 πάντων
1180 2485 1407 2556 βουνῶν,
1440 2488 1605 2557 γεννᾷ
1638 2504 1726 2557 με.
1765 2506 1783 2540 ι

205 2580 398 2647 Adit}:
435 2597 526 2650 μοι
555 2576 648 2632 οὖν
677 2578 796 2632 τίνα
822 2581 851 2632 6
902 2580 1034 2642 Θεὸς
1075 2577 1183 2649 πρὸ
1221 2579 1401 2647 πάσης
1426 2579 1528 2649 τῆς
1559 2580 1791 2644 κτίσεως

198 2674 520 2740 ἐγέννησεν.
569 2670 845 2733 Ὡσαύτως
897 2669 953 2722 δέ
1000 2669 1094 2722 καὶ
1147 2669 1309 2723 πάλιν
1341 2671 1370 2722 6
1398 2669 1565 2722 Δασὶδ
1623 2672 1681 2725 ἐν
1710 2671 1792 2741 βί-

199 2765 314 2832 6λῳ
347 2763 597 2831 Ψαλμῶν
616 2764 689 2827 οῖ’
736 2762 883 2823 λέγει
904 2777 917 2790 ·
961 2778 979 2811 ε
1032 2760 1091 2813 ’0
1119 2759 1274 2825 Θεὸς,
1307 2762 1369 2814 τὸ
1390 2760 1564 2830 κρῖμά
1594 2778 1691 2814 σου
1713 2760 1791 2832 τῷ

202 2855 423 2924 βασιλεῖ
476 2854 585 2916 δὸς,
647 2852 740 2905 καὶ
796 2851 894 2922 τὴν
928 2850 1277 2921 δικαιοσύνην
1308 2868 1401 2904 σου
1446 2850 1649 2921 τῷυὶᾦ
1690 2851 1785 2905 τοῦ

202 2947 497 3016 βασιλέως.
541 2963 560 2995 ι
588 2945 695 2999 Καὶ
728 2944 807 3014 μὴ
838 2942 1001 3015 εἴπῃς
1030 2943 1161 3013 περὶ
1190 2941 1534 3010 Σολομῶντος
1574 2940 1753 3011 λέγειν
1774 2959 1787 2974 ·

199 3035 324 3091 εἷπε
349 3037 462 3106 γὰρ
497 3034 636 3106 μετὰ
663 3034 875 3101 ὀλίγους
917 3035 1158 3105 στίχους,
1180 3034 1262 3087 ὃτι
1299 3052 1317 3085 ι
1350 3032 1791 3105 Κατακυριεύσει

199 3131 311 3184 ἀπὸ
343 3128 622 3199 θαλάσσης
650 3128 753 3191 ’ἐως
787 3126 1085 3198 θαλάσσης,
1120 3130 1214 3180 καὶ
1235 3126 1343 3198 πρὸ
1365 3125 1461 3180 τοῦ
1490 3127 1643 3197 ἡλίου
1673 3127 1791 3181 δια-

204 3220 362 3291 μένει
397 3218 660 3288 τὸόνομα
693 3216 880 3281 αὐτοῦ,
911 3218 1006 3271 καὶ
1039 3218 1146 3287 πρὸ
1159 3217 1258 3287 τῆς
1291 3218 1545 3288 σελήνης,
1594 3219 1789 3285 γενεὰς

200 3314 441 3381 γενεῶν.
481 3330 499 3366 ι
542 3312 671 3366 Ἰδοὺ
702 3309 883 3375 ἔδειξα
901 3327 986 3364 σοι
1018 3310 1207 3380 σαφῶς
1239 3311 1334 3364 καὶ
1363 3310 1451 3363 διὰ
1498 3310 1663 3363 Δαδὶδ
1695 3313 1789 3363 κειίι⁸

199 3407 289 3462 διὰ
322 3404 695 3473 Σολομῶντος,
746 3403 829 3456 ὃτι
874 3402 980 3472 πρὸ
1012 3403 1199 3470 πάσης
1238 3402 1335 3470 τῆς
1365 3401 1597 3464 κτίσεως
1632 3403 1786 3470 ἐγεν-

198 3500 346 3571 νήθη
391 3501 421 3554 6
468 3498 596 3561 Υιὸς
640 3497 706 3551 ἐκ
746 3495 841 3549 τοῦ
890 3494 1123 3566 Πατρὸς,
1168 3494 1244 3558 ὡς
1300 3489 1443 3548 οἶδεν
1492 3495 1653 3559 αὐτὸς
1694 3495 1791 3567 μό-

198 3607 316 3654 νος.

270 3681 450 3736 Πάλιν
473 3678 651 3733 ἐκεῖνό
675 3694 762 3748 μοι
788 3677 979 3732 εἴπατε
1009 3675 1191 3747 ὑμεῖς,
1218 3676 1315 3731 καὶ
1341 3674 1507 3738 εὐθὺς
1534 3674 1789 3743 φαίνεται

198 3776 232 3843 ἠ
265 3773 524 3843 ἀλήθεια,
545 3770 651 3826 τὸν
680 3768 1050 3839 ἠλειμμένογ
1064 3766 1125 3821 ὃν
1151 3766 1437 3838 ἐκδέχεσθε
1457 3767 1636 3836 ὑμεῖς,
1670 3765 1791 3820 τίνα

198 3867 394 3933 λέγετε
419 3864 613 3926 αὺτόνς
648 3861 781 3915 Θεὸν
808 3861 840 3931 ἢ
873 3860 1159 3932 ἄνθρωπον
1183 3858 1358 3928 ψιλὸν,
1388 3858 1464 3919 ὡς
1512 3858 1602 3911 τὸν
1627 3856 1792 3910 Δαϐὶδ

198 3962 295 4015 καὶ
323 3958 455 4018 τοὺς
487 3955 707 4018 λοιποὺς
748 3953 1108 4025 ἁνθρώπουςς
1162 3952 1318 4022 Ἔχει
1381 3952 1557 4004 εἰπεῖν
1583 3952 1611 4004 6
1660 3951 1792 4004 ’1ου-

196 4051 377 4112 δαῖοςο
431 4046 757 4116 ’Ἄνθρωπον
796 4044 960 4099 αὑτὸν
989 4044 1246 4111 λέγομεν,
1278 4042 1373 4094 καὶ
1400 4042 1462 4094 οὐ
1486 4041 1641 4105 Θεὸν,
1673 4040 1790 4094 ἀλλ’

198 4140 394 4203 ὡςένα
416 4136 526 4189 τῶν
561 4133 862 4206 προφητῶν
885 4148 899 4162 ·
942 4132 1044 4186 οὐκ
1091 4131 1207 4185 ἐστι
1235 4130 1345 4201 γὰρ
1390 4130 1445 4197 εἰ,
1469 4130 1543 4200 μὴ
1584 4123 1665 4194 εἷς
1696 4131 1791 4183 καὶ

201 4231 368 4301 μόνος
401 4230 432 4281 6
472 4227 627 4291 Θεὸς,
662 4226 757 4281 καὶ
785 4225 908 4294 οὐχὶ
958 4222 1075 4286 δύο,
1107 4221 1361 4292 καθάπερ
1389 4221 1440 4274 οῖ
1466 4222 1792 4289 Χριστιανοὶ

196 4323 416 4385 λέγετε.
448 4322 559 4375 Καὶ
600 4316 724 4375 ἐπεὶ
748 4315 922 4379 οὕτως
949 4314 1163 4383 λέγετε,
1206 4314 1290 4367 ὃτι
1344 4311 1633 4383 ἄνθρωπός
1675 4314 1793 4366 ἐστι

196 4415 355 4484 ψιλὸς
386 4414 417 4467 6
457 4410 755 4481 ἐρχόμενος
782 4406 1020 4478 Χριστὸς
1046 4405 1226 4476 ὑμῶν,
1279 4402 1597 4473 ἐνέγκωμεν
1665 4403 1792 4471 ἄρτι

198 4506 299 4568 τὰς
350 4503 538 4572 φωνὰς
568 4500 679 4553 τῶν
709 4496 1030 4568 προφητῶν,
1067 4495 1163 4550 καὶ
1223 4493 1320 4547 ἐὰν
1354 4494 1488 4547 Θεὸν
1516 4492 1795 4563 ἐκήρυξαν

1894 651 2073 707 [erum
2102 656 2265 724 genui
2298 665 2348 710 te
2378 656 2445 721 ³³;
2480 675 2496 707 ι
2537 656 2762 712 Lucifer
2785 672 2953 727 porro
2976 667 3172 726 quarta
3205 657 3295 712 die
3328 674 3480 712 erea-

1896 750 1983 798 tus
2018 756 2122 809 est,
2155 747 2327 802 Adam
2360 762 2493 803 vero
2523 759 2673 805 sexta
2710 750 2800 805 die
2848 748 3119 804 formatus
3157 760 3260 804 est.
3296 750 3477 811 Nune,

1896 836 2151 899 eludare.
2176 839 2266 893 die
2293 841 2426 895 mihi
2452 858 2466 895 :
2490 839 2663 907 Quem
2690 852 2817 897 ante
2843 842 3147 897 Cl‘caliOIllS
3172 842 3476 910 primordia

1894 930 2150 998 genuerit
2181 930 2343 984 Deus.
2369 931 2510 986 Num
2544 932 2613 987 de
2644 932 2854 987 Adamo
2893 932 3186 1002 loquitur?
3221 932 3476 996 Minime;

1896 1021 2169 1090 siquidem
2206 1032 2327 1090 post
2360 1023 2665 1079 secundum
2689 1025 2967 1093 diemque
2989 1024 3213 1078 Lucifer
3241 1033 3298 1078 et
3330 1033 3479 1078 astra

1895 1122 2079 1167 creata
2112 1122 2262 1174 sunt,
2297 1113 2572 1170 formatus
2611 1124 2718 1171 est.
2755 1115 2966 1170 Forsan
2996 1114 3063 1169 de
3098 1116 3261 1169 (furto
3290 1125 3479 1169 vestro

1896 1205 2187 1273 loquitur?
2212 1205 2319 1259 Sed
2349 1205 2526 1267 illum.
2556 1206 2623 1261 de
2651 1223 2763 1275 quo
2783 1222 2968 1260 sermo
2986 1214 3095 1267 est,
3122 1206 3323 1260 Filium
3347 1222 3473 1262 esse

1896 1295 2120 1349 Davidis
2142 1310 2251 1349 non
2283 1295 2513 1361 dicitur;
2539 1306 2799 1351 cancrum
2822 1298 2991 1351 David
3017 1299 3184 1366 longe
3208 1308 3475 1367 tempore,

1897 1398 2019 1455 post
2046 1387 2317 1441 Adamum
2360 1398 2419 1444 et
2457 1400 2604 1444 astra
2658 1399 2825 1445 natus
2876 1398 2961 1444 est
2989 1408 3000 1444 :
3028 1391 3271 1446 Adainiis
3301 1392 3475 1455 enim,

1898 1487 1957 1531 ut
1986 1478 2197 1532 dictum
2231 1488 2517 1542 est,sexta
2564 1480 2865 1536 creationis
2913 1480 3005 1535 die
3051 1480 3323 1537 formatus
3366 1489 3475 1545 est,

1896 1580 2041 1624 astra
2062 1581 2259 1639 quarta
2295 1571 2385 1625 die
2421 1572 2562 1625 facta
2589 1580 2749 1636 sunt;
2780 1574 2923 1628 Deus
2950 1583 3133 1629 autem
3158 1574 3225 1629 de
3252 1575 3477 1645 proprio

1897 1661 2038 1715 Filio
2091 1662 2226 1717 dicit
2277 1682 2290 1716 :
2339 1681 2356 1715 ε
2396 1663 2538 1718 Ante
2591 1663 2909 1719 Luciferum
2947 1666 3111 1735 genui
3167 1676 3256 1730 te;
3312 1675 3368 1719 tu
3416 1680 3478 1720 es

1896 1752 2159 1808 sacerdos
2200 1755 2254 1809 iii
2285 1762 2556 1810 aiternuin
2610 1757 2917 1811 secundum
2953 1757 3204 1810 ordinem
3248 1757 3476 1811 Melchi-

1897 1846 2082 1909 sedec,
2125 1864 2143 1897 ι
2200 1846 2253 1900 id
2309 1856 2418 1911 est,
2460 1848 2721 1903 sacerdos
2773 1850 3019 1916 gentium
3056 1866 3069 1902 :
3108 1848 3479 1904 Melchisedee

1896 1938 2041 1991 enim
2078 1939 2268 1993 vinum
2298 1949 2352 1993 et
2382 1954 2581 2008 panem
2632 1940 2745 1994 Deo
2774 1940 2997 2003 obtulit,
3034 1941 3180 1995 sicut
3223 1950 3278 1995 et
3310 1941 3476 1996 Chri-

1895 2038 2036 2093 stus,
2067 2030 2311 2099 pontifex
2342 2040 2562 2094 noster,
2606 2030 2769 2085 nobis
2827 2031 3149 2085 mandatum
3196 2033 3370 2096 dedit,
3420 2043 3479 2087 nt

1895 2122 1998 2191 ipsi
2044 2123 2334 2177 incruenta
2377 2123 2653 2178 sacrificia
2687 2124 3010 2188 offeramus,
3045 2126 3353 2180 secundum
3383 2142 3478 2179 or-

1893 2216 2079 2270 dinem
2116 2215 2504 2271 Meleliisedee.
2548 2216 2690 2270 Audi
2724 2227 2782 2271 et
2814 2218 3165 2272 Salonionem
3197 2218 3266 2272 de
3306 2234 3477 2287 gene-

1893 2309 2110 2363 ratione
2137 2308 2407 2377 unigciiiti
2436 2307 2557 2363 Filii
2599 2309 2694 2363 Dei
2736 2317 2864 2363 ante
2899 2310 3099 2363 sazcula
3140 2308 3417 2364 dicentem
3458 2326 3473 2363 :

1898 2416 1917 2449 ι
1946 2399 2257 2467 Antequam
2281 2400 2479 2455 ﬂerent
2506 2408 2741 2462 montes,
2759 2407 3054 2469 antequam
3080 2399 3263 2454 fontes
3284 2398 3471 2469 prodi-

1892 2500 2037 2551 rent.
2060 2500 2117 2545 et
2144 2500 2273 2547 ante
2296 2506 2490 2547 omnes
2518 2492 2688 2547 colles
2709 2492 2905 2562 genuit
2937 2507 3046 2547 me.
3074 2510 3092 2542 ι
3122 2491 3309 2547 Indica
3334 2507 3471 2562 ergo

1893 2583 2027 2637 mihi
2054 2598 2217 2653 quem
2248 2592 2376 2638 ante
2402 2598 2627 2637 onmem
2673 2593 2986 2638 creaturam
3018 2584 3275 2652 genuerit
3304 2584 3474 2639 Deus.

1890 2674 2027 2730 Item
2050 2673 2245 2737 David,
2279 2673 2333 2727 in
2355 2673 2501 2728 libro
2528 2673 2893 2738 Psalmoruni,
2920 2673 3129 2741 psalmo
3172 2689 3336 2737 xcvii,
3371 2674 3477 2726 imo

1892 2782 2039 2830 LXXI,
2091 2765 2293 2821 iterum
2338 2766 2515 2821 dicit:
2571 2784 2589 2816 ε
2630 2766 2800 2826 Deus,
2839 2765 3112 2833 judicium
3157 2772 3311 2819 tuum
3362 2765 3477 2835 regi

1892 2856 2361 2927 da,_etjustitiaui
2408 2864 2560 2910 tuam
2615 2855 2727 2909 lilio
2773 2854 2915 2923 regis
2939 2852 2983 2885 “
3015 2870 3029 2919 ;
3065 2873 3082 2905 ι
3138 2869 3317 2924 neque
3363 2855 3481 2909 haec

1892 2950 2044 3005 dicas
2101 2950 2171 3005 de
2209 2949 2504 3003 Salomone
2562 2947 2707 3002 dicta
2762 2961 2909 3011 esse,
2965 2945 3239 3016 siquidem
3291 2946 3481 3001 subdit

1892 3042 2059 3111 paqu
2080 3050 2205 3111 post
2236 3056 2250 3091 :
2281 3059 2298 3091 ι
2331 3038 2719 3095 Dominabitur
2753 3055 2783 3093 a
2815 3038 2951 3092 iiiari
2989 3052 3165 3107 usque
3195 3037 3263 3092 ad
3292 3053 3466 3100 mare,

1891 3142 1947 3189 ct
1973 3143 2261 3203 permanet
2286 3140 2414 3187 ante
2451 3132 2624 3188 solem
2653 3146 2854 3186 nomen
2884 3131 3025 3200 ejus,
3050 3140 3107 3185 et
3130 3141 3259 3185 ante
3289 3132 3476 3185 lunain

1894 3224 1949 3278 in
2002 3224 2390 3293 generationes
2432 3223 2854 3293 geiierationuin
2884 3223 2951 3276 ³⁵.
2999 3222 3139 3276 Ecce
3188 3222 3477 3290 perspicue

1893 3314 2269 3369 demonstravi
2299 3314 2421 3375 tibi,
2459 3330 2528 3367 ex
2568 3312 2795 3367 Davidis
2837 3312 3257 3381 Salomonisque
3319 3312 3478 3366 testi-

1893 3408 2099 3469 monio,
2132 3406 2330 3461 Filium
2363 3404 2460 3459 Dei
2494 3412 2623 3459 ante
2649 3418 2871 3458 omnem
2911 3412 3225 3457 creaturam
3258 3417 3287 3455 a
3315 3401 3479 3455 l'atre

1890 3498 2062 3554 fuisse
2088 3508 2435 3569 generatam,
2469 3512 2536 3552 eo
2566 3496 2731 3551 modo
2770 3511 2936 3567 quem
2969 3494 3086 3566 ipse
3120 3495 3273 3551 solus
3299 3494 3477 3549 novit.

1963 3679 2178 3734 Rursus
2200 3677 2365 3732 aliam
2401 3675 2767 3747 quaestionem
2793 3675 2994 3731 solvite
3021 3673 3182 3737 mihi,
3209 3680 3266 3728 et
3292 3672 3478 3728 statim

1890 3770 2099 3826 veritas
2132 3769 2420 3839 apparebit
2452 3785 2466 3821 :
2504 3766 2733 3823 Unctum
2760 3767 2943 3827 illum.
2984 3782 3014 3821 a
3080 3765 3240 3820 vobis
3288 3780 3484 3834 exspe-

1893 3872 2125 3926 ctatum,
2162 3877 2328 3931 quem
2376 3860 2564 3915 dicitis
2592 3859 2752 3914 esse?
2780 3860 3048 3921 Dcunine,
3086 3873 3153 3911 an
3197 3856 3479 3910 hominem

1894 3962 2129 4018 tantum,
2175 3952 2322 4007 sicut
2358 3951 2466 4007 fuit
2502 3952 2620 4020 ipse
2656 3948 2852 4012 David,
2911 3947 3174 4003 eteznteri
3224 3946 3481 4001 homines

1892 4045 2205 4101 exsistunt?
2243 4042 2625 4113 Respondebit
2675 4056 2809 4095 sane
2854 4040 3077 4096 Judmus
3122 4057 3135 4092 :
3186 4038 3478 4093 lloniincin

1893 4150 2016 4189 esse
2058 4134 2214 4188 illiilli
2249 4133 2514 4195 dicimus.
2552 4147 2663 4187 non
2689 4132 2885 4196 Deum,
2918 4130 3012 4185 sed
3045 4130 3199 4199 quasi
3229 4146 3397 4183 unum
3446 4145 3478 4183 ο

1892 4240 2128 4281 numero
2147 4225 2541 4295 preplietaruni
2568 4241 2581 4277 :
2612 4239 2724 4278 non
2745 4230 2833 4278 est
2847 4222 2995 4276 enim
3021 4220 3127 4275 nisi
3148 4237 3293 4275 unus
3310 4222 3476 4284 Deus,

1893 4327 1951 4374 et
1979 4318 2203 4373 minime
2231 4317 2362 4379 duo,
2380 4317 2528 4372 sicut
2550 4330 2648 4370 vos
2670 4314 2972 4370 Christiani
2998 4312 3205 4367 dicitis.
3230 4311 3299 4367 At
3326 4327 3478 4369 vero.

1895 4409 2156 4480 quoniam
2192 4423 2394 4477 purum
2431 4408 2712 4462 hominem
2737 4420 2859 4461 esse
2894 4405 3102 4468 dicitis,
3147 4404 3242 4473 qui
3274 4412 3480 4457 ventu-

1898 4517 1991 4555 rus
2019 4509 2125 4562 cst,
2150 4498 2439 4554 Christum
2474 4510 2745 4560 vestrum,
2782 4497 3133 4551 conferamus
3158 4495 3209 4548 in
3235 4494 3480 4548 medium

196 4596 290 4648 τὸν
320 4590 619 4662 ἐρχόμενον
656 4588 924 4659 δηλονότι,
952 4585 1049 4639 καὶ
1075 4586 1104 4639 6
1130 4583 1304 4639 ἐλθὼν
1335 4584 1432 4637 καὶ
1467 4582 1599 4653 παρ’
1630 4581 1786 4653 ἡμῶν

1897 4590 2044 4645 dicta
2084 4589 2509 4660 prophetarum,
2548 4597 2605 4643 et
2654 4588 2927 4657 siquidem
2960 4587 3134 4641 Deum
3169 4601 3289 4640 esse
3338 4602 3482 4655 prie-

196 4685 306 4740 ιτῶν
338 4681 685 4753 Χριστιανῶν
728 4677 1207 4751 προσκυνούμενος
1233 4676 1327 4730 καὶ
1354 4675 1747 4743 πιστευόμενος
1767 4716 1781 4739 ,

197 4776 363 4838 αὐτός
395 4776 546 4827 ἐστιν
574 4769 791 4841 ἀληθῶς
826 4769 998 4832 ὅντως
1032 4770 1060 4822 6
1093 4766 1299 4838 ἀληθὴς
1348 4766 1614 4836 Χριστός·
1650 4764 1711 4818 ὃν
1729 4765 1788 4820 δέ

198 4864 494 4938 ἐκδέχεσθε
516 4864 675 4933 ὑμεῖς
694 4863 743 4915 οι
789 4860 1057 4925 Ἰουδαῖοι,
1093 4858 1297 4921 πλάνος
1334 4859 1454 4912 ἐστὶ
1483 4859 1579 4912 καὶ
1618 4856 1790 4911 Ἀντι-

198 4974 447 5031 χριστος.
482 4956 544 5009 Εἰ
570 4956 628 5009 δὲ
669 4954 833 5009 πάλιν
882 4952 958 5025 μὴ
1005 4953 1451 5024 παραστήσωμεν
1487 4952 1615 5016 τοὺς
1649 4968 1788 5022 προ-

201 5056 378 5123 φήτας
404 5050 667 5118 λέγοντας
696 5048 861 5101 αὑτὸν
905 5045 1061 5108 Θεὸν,
1114 5044 1357 5117 δηλονότι
1379 5047 1544 5113 ἡμεῖς
1570 5045 1791 5098 πλανώ·

198 5146 367 5217 μεθα.
406 5143 659 5197 Ἰουδαῖοι
693 5141 752 5195 δέ
773 5140 1152 5212 ἀληθεύουσιν.
1191 5138 1395 5192 Εἴπατε
1436 5136 1566 5207 περὶ
1590 5136 1735 5200 τίνος
1760 5136 1791 5190 6

202 5237 495 5306 προφήτης
555 5234 734 5303 λέγει·
783 5252 801 5284 ι
863 5230 1242 5302 Εὐλογημένος
1299 5230 1328 5281 6
1384 5228 1679 5299 ἐρχόμενος
1730 5229 1790 5280 ὲν

202 5328 433 5397 ὀνόματι
456 5326 685 5396 Κυρίου.
720 5324 854 5389 Θεὸς
885 5324 1088 5393 Κύριος
1119 5323 1213 5376 καὶ
1256 5323 1531 5390 ἐπέφανεν
1562 5321 1716 5390 ἡμῖν.
1761 5338 1781 5373 ι

204 5419 515 5490 Προσέχετε
551 5418 688 5488 μετὰ
709 5417 1024 5488 ἀκριϐείαςο
1059 5414 1276 5479 πάντως
1302 5414 1436 5469 Θεὸν
1468 5414 1562 5468 καὶ
1584 5413 1788 5484 Κύριον

204 5510 355 5578 λέγει
376 5508 571 5563 εἰπών·
612 5529 630 5560 ε
658 5507 792 5573 θεὸς
813 5508 909 5562 καὶ
935 5507 1140 5579 Κύριος
1156 5507 1252 5561 καὶ
1276 5507 1549 5575 ἐπέφανεν
1583 5509 1734 5578 ἡμῖν.
1764 5527 1782 5559 ι

208 5604 332 5658 Ehe
360 5601 459 5657 οὖν
520 5601 793 5671 ἐπέφανεν
844 5602 996 5671 ⁴ἡμῖν,
1026 5600 1139 5654 εῐτε
1200 5598 1534 5668 ἐπιφανῆναι
1580 5598 1789 5667 μέλλει,

207 5697 308 5749 οὐκ
331 5694 483 5749 ἐστιν
509 5694 539 5747 6
568 5692 803 5764 Χριστὸς
831 5691 983 5762 ὑμῶν
1037 5690 1146 5745 τῶν
1184 5690 1476 5755 Ίουδαὶων,
1509 5690 1625 5744 ἀλλ’
1652 5690 1789 5762 ἠμέν

282 5847 328 5883 ⁸³
358 5846 506 5905 Psal.
540 5860 649 5906 eix.
675 5845 727 5900 3.

1890 4683 2151 4739 dicarunt
2170 4696 2298 4735 eum
2330 4681 2427 4751 qui
2455 4690 2727 4735 venturus
2750 4689 2892 4743 erat,
2918 4678 3166 4748 profecto
3185 4676 3280 4746 qui
3302 4676 3480 4742 venit,

1889 4784 1946 4832 et
1979 4792 2010 4831 a
2038 4775 2201 4831 nobis
2251 4774 2592 4831 Christianis
2635 4772 2861 4834 colitur,
2907 4771 3113 4840 cuique
3174 4768 3478 4833 credimus,

1888 4868 1937 4924 is
1972 4884 2135 4923 verus
2160 4867 2418 4923 Christus
2448 4872 2558 4930 est;
2596 4880 2765 4935 quem
2813 4879 2949 4918 vero
2979 4878 3098 4924 vos,
3149 4860 3323 4918 Iudici
3382 4876 3482 4913 cx-

1893 4959 2157 5030 spectatis
2180 4960 2450 5029 impostor
2478 4965 2644 5013 estet
2672 4955 3067 5019 antichristus;
3089 4954 3132 5008 si
3160 4961 3343 5006 autem
3370 4966 3481 5005 non

1895 5050 2325 5118 produxeriinus
2365 5047 2671 5119 prophetas
2700 5046 2874 5101 Deum
2927 5058 3050 5098 esse
3092 5042 3249 5097 illum
3298 5043 3482 5097 deela-

1895 5152 2104 5207 rantes,
2132 5143 2232 5212 ipsi
2287 5156 2563 5205 erramus,
2592 5140 2769 5195 Judaei
2804 5153 2938 5193 vero
2986 5153 3117 5191 vera
3152 5136 3477 5205 loquuntur.

1894 5232 2140 5289 lndicate
2179 5233 2349 5302 igitur
2377 5232 2538 5295 mihi,
2587 5230 2655 5284 dc
2701 5244 2814 5300 quo
2874 5226 3157 5297 Propheta
3207 5223 3408 5279 dixerit
3460 5240 3477 5279 :

1900 5341 1918 5375 ι
1952 5324 2289 5378 Benedictus
2310 5324 2405 5392 qui
2457 5322 2612 5377 venit
2665 5320 2720 5374 in
2770 5319 2998 5374 nomine
3053 5315 3303 5381 Domini;
3334 5313 3480 5389 Deus

1894 5414 2456 5480 Dominiis,etil|uxit
2484 5413 2646 5468 nobis
2672 5415 2739 5466 ".
2779 5428 2797 5462 ι
2832 5408 3114 5465 Attendite
3132 5406 3473 5475 diligenter;

1898 5519 2087 5578 aperte
2133 5510 2305 5562 Deum
2331 5507 2485 5561 illum
2512 5514 2568 5559 et
2598 5502 2894 5559 Dominum
2943 5500 3209 5560 declarat,
3240 5496 3433 5550 dicens
3462 5510 3477 5547 :

1905 5619 1924 5654 ι
1946 5602 2093 5657 Deus
2113 5609 2165 5655 et
2192 5599 2478 5663 Dominus,
2498 5607 2553 5652 et
2574 5596 2754 5652 illuxit
2771 5594 2955 5650 nobis.
2978 5611 2995 5645 ι
3032 5591 3160 5648 Sive
3197 5603 3329 5660 ergo
3353 5587 3481 5641 illu-

1896 5690 2058 5756 xerit,
2076 5689 2243 5754 idest,
2260 5688 2580 5758 apparuerit
2593 5685 2892 5753 nobis,sive
2907 5679 3480 5755 appariturussit,non

806 5845 851 5879 "
885 5843 1028 5900 Psal.
1061 5859 1205 5909 Lxxi,
1238 5846 1289 5899 l.
1370 5844 1411 5875 ³³
1447 5844 1585 5901 ibid.
1621 5843 1672 5907 8,
1723 5846 1774 5898 9.
1856 5845 1899 5878 “
1930 5842 2071 5900 Psal.
2106 5856 2270 5906 cxvii,
2298 5840 2391 5907 26,
2434 5838 2525 5894 27.
