4190 6438
209 399 339 467 1221

200 607 292 658 καὶ
330 606 434 673 τὴν
467 605 624 657 πόλιν
660 603 757 656 καὶ
799 602 861 654 τὸ
892 600 1160 672 βασίλειον
1186 616 1200 632 ·
1242 596 1351 671 ἆρὰ
1387 600 1612 668 γέγονεν
1635 595 1794 649 τοῦτο

199 694 307 746 ὑπὸ
351 694 767 746 Οὐεσπασιανοῦ
812 694 906 745 καὶ
932 692 1117 754 Τίτου,
1151 690 1185 760 ἢ
1212 692 1274 744 οὺ
1306 690 1528 759 γέγονεν
1555 708 1568 755 ;
1604 684 1792 753 Εἶπεν,

195 790 277 841 οτι
312 807 331 838 ι
373 789 433 840 '0
478 788 640 857 νόμος
687 787 781 840 καὶ
819 788 866 838 οἱ
921 784 1202 854 προφῆται
1245 781 1350 845 ’έως
1402 782 1651 836 Ἰωάννου
1698 780 1794 833 τοῦ

198 880 536 943 ιίκπτιστοῦ,
568 881 664 933 καὶ
708 877 1012 931 παύσονται
1037 893 1049 907 ·
1086 896 1103 928 ι
1143 870 1255 946 ἆρα
1290 874 1350 927 οὑ
1384 874 1574 943 γέγονε
1597 874 1793 939 τοῦτο;

198 973 302 1033 Τίς
345 974 641 1043 προφήτης
664 972 793 1041 παρ’
832 972 962 1039 ὑμῖν
1000 969 1142 1040 μετὰ
1188 967 1439 1038 Ἰωάννην
1468 967 1559 1019 τὸν
1588 967 1794 1019 Βαπτι-

199 1066 373 1133 ari-pl;
412 1064 711 1129 Ἐπίὸειξὸν
753 1082 843 1133 μοι
868 1054 1056 1115 λοιπὸν
1090 1062 1183 1130 ἀφ’
1220 1055 1282 1115 οὗ
1311 1060 1668 1130 ὲσταύρωσας
1700 1060 1791 1112 τὸν

200 1155 473 1225 Χριστὸν,
524 1158 677 1217 ποῖος
710 1156 1002 1225 προφήτης
1042 1153 1175 1225 παρ’
1210 1154 1339 1224 ὑμῖν
1374 1152 1609 1223 εὑρέθης
1644 1153 1795 1203 ποῖον

199 1248 481 1318 βασίλειον
502 1249 657 1316 ἔχετε
692 1245 969 1318 σήμερον;
1003 1247 1115 1300 Ποῦ
1148 1248 1286 1298 εἰσιν
1315 1246 1364 1297 οί
1394 1244 1583 1314 κριταὶ
1616 1244 1792 1313 ὑμῶν;

198 1342 305 1393 ποῦ
370 1344 419 1393 οἱ
475 1342 783 1411 ἄρχοντες;
840 1341 1042 1403 πάντες
1097 1339 1365 1404 ἐξέλιπον.
1423 1337 1534 1390 Ποῦ
1587 1337 1616 1388 ὁ
1666 1336 1795 1398 ναὸς

200 1432 396 1500 ὑμῶνς
433 1431 542 1483 ἰδοὺ
592 1434 771 1483 κεῖται
817 1430 1044 1501 ἔρημος.
1087 1431 1195 1483 Ποῦ
1236 1430 1374 1482 εἰσὶν
1404 1429 1461 1481 αἱ
1485 1427 1695 1490 πλάκες
1726 1426 1793 1490 ἃς

199 1525 463 1587 ἐλάϐετε;
500 1523 609 1575 ἰδοὺ
642 1525 742 1575 οὐκ
776 1522 904 1576 εἰσί.
950 1521 1061 1574 Ποῦ
1111 1524 1165 1574 αἱ
1215 1521 1399 1573 θυσίαι
1445 1520 1635 1588 ὑμῶν;
1684 1520 1793 1571 ἰδοὺ

199 1614 477 1677 ἐξέλιπον.
508 1613 619 1665 Ποῦ
655 1615 688 1682 ή
719 1614 953 1675 κιϐωτὸς
979 1613 1080 1682 τῆς
1112 1612 1376 1682 διαθήκης
1398 1629 1413 1677 ;
1439 1613 1547 1664 ἰδοὺ
1579 1612 1640 1664 οὐ
1668 1610 1794 1679 φαί-

198 1724 379 1759 νεται.
421 1704 532 1757 Ποῦ
564 1705 625 1757 τὸ
661 1704 1053 1775 θυσιαστήριον
1094 1703 1122 1756 ὃ
1157 1704 1379 1772 ἐποίησε
1410 1702 1659 1771 Μωσῆςς
1688 1701 1791 1755 ποῦ

199 1793 233 1862 ἡ
284 1793 487 1864 ῥάϐδος
535 1794 567 1863 ἠ
622 1793 1015 1862 βλαστήσασα;
1067 1792 1170 1845 ποῦ
1217 1796 1249 1863 ή
1310 1794 1547 1862 στάμνος
1599 1793 1792 1845 καὶτὸ

201 1883 388 1952 μάννα
412 1898 427 1945 ;
461 1882 563 1935 ποῦ
588 1885 903 1945 ὲπισκίασις
938 1884 995 1935 ὲν
1026 1883 1104 1953 τῷ
1131 1884 1246 1953 ναῷ
1271 1883 1364 1935 καὶ
1399 1883 1428 1934 ὁ
1457 1882 1795 1952 καθαρισμὸς

197 1978 293 2030 τοῦ
330 1978 716 2048 ἁγιὰσματοςς
769 1977 872 2030 ποῦ
919 1980 980 2031 τὸ
1028 1978 1140 2048 πῦρ
1176 1977 1239 2029 τὸ
1286 1977 1690 2049 κατερχόμενον
1731 1978 1797 2029 ὲκ

196 2070 296 2123 τοῦ
352 2069 625 2140 οῦρανοῦ;
680 2070 792 2122 Ποῦ
831 2070 927 2123 ἕνα
972 2069 1267 2140 προφήτην
1311 2069 1469 2139 ἔχετε
1518 2069 1791 2139 σήμερον;

200 2162 401 2214 οὐδένα
438 2160 655 2228 ἀληθῶς
696 2161 871 2230 ἔχετε,
918 2160 1058 2213 κατὰ
1112 2160 1211 2231 τὴν
1243 2160 1429 2230 φωνὴν
1478 2158 1590 2212 τῶν
1623 2157 1793 2227 τριῶν

200 2250 415 2302 παίδων
438 2248 537 2321 τὴν
572 2250 712 2320 ὑπὲρ
743 2249 897 2319 ὑμῶν
924 2250 1214 2315 λέγουσαν,
1247 2251 1332 2302 ὅτι
1370 2266 1390 2299 ι
1423 2252 1539 2301 Οὐκ
1562 2248 1709 2301 ἔστιν
1737 2250 1795 2301 ὲν

198 2342 278 2412 τῷ
310 2342 492 2411 καιρῷ
522 2343 697 2411 τούτῳ
732 2343 917 2413 ἄρχων
952 2345 1239 2413 προφήτης
1279 2341 1374 2394 καὶ
1407 2340 1738 2411 ἡγούμενος,
1768 2359 1785 2390 ι

199 2433 299 2483 καὶ
329 2432 400 2484 τὰ
428 2430 578 2500 ὲξῆς,
606 2450 624 2482 ι
654 2430 886 2484 ἐνώπιον
919 2432 1013 2484 τοῦ
1054 2431 1215 2493 Θεοῦ,
1245 2432 1341 2484 καὶ
1365 2431 1543 2501 εὑρεῖν
1570 2430 1740 2493 ἕλεος.
1771 2449 1789 2480 θ

198 2525 366 2575 Ποῖον
402 2521 513 2592 γὰρ
547 2522 733 2584 τόπον,
764 2522 824 2589 ἐξ
871 2516 946 2575 ὧν
993 2522 1198 2575 ἔδωκεν
1227 2522 1356 2591 ὑμῖν
1384 2524 1412 2574 ὁ
1439 2521 1595 2584 Θεὸς,
1640 2522 1792 2589 ἔχετε

201 2620 489 2688 σήμερον;
532 2618 694 2670 Ἀλλὰ
740 2620 949 2681 πάντας
1003 2618 1063 2683 ἐξ
1111 2617 1267 2687 ὑμῶν
1315 2616 1513 2686 ἐπῆρε,
1540 2618 1635 2668 καὶ
1665 2618 1796 2685 ἡμῖν

200 2712 408 2773 αὐτοὺς
443 2710 647 2763 ἔδωκε·
686 2711 793 2763 κᾶν
842 2710 904 2761 τὸ
950 2710 1082 2762 Σινᾶ
1118 2708 1279 2781 εἴπῃς
1331 2708 1466 2761 ὅπου
1495 2707 1587 2759 τὸν
1633 2708 1795 2775 νόμον

201 2802 374 2866 ἐδέξω
408 2801 506 2853 καὶ
540 2802 602 2854 οὐ
650 2801 945 2867 κατεδέξω,
982 2801 1093 2853 ἀλλ’
1116 2803 1145 2852 ὁ
1172 2800 1408 2871 Χριστὸς
1437 2800 1555 2852 ἐκεῖ
1575 2798 1795 2864 δοξάζε-

201 2912 296 2948 ται
343 2895 620 2963 σήμερον·
672 2893 777 2946 κᾶν
816 2893 906 2945 τὸν
948 2892 1219 2961 Ἰορδάνην
1270 2892 1405 2943 ὅπου
1452 2890 1723 2960 ἐπέρασεν
1768 2892 1798 2943 ὁ

201 2985 329 3037 τότε
385 2983 516 3047 λαὸς
572 2983 728 3053 ὑμῶν
781 2984 958 3056 εἴπῃς,
990 2982 1127 3035 ἀλλὰ
1163 2980 1401 3052 Χριστοῦ
1433 2982 1553 3033 ἐκεῖ
1601 2980 1798 3050 βαπτι-

203 3075 433 3136 σθέντος
460 3115 474 3137 ,
509 3074 669 3136 αὐτὸς
718 3074 845 3143 παρ’
887 3073 1042 3143 ήμῶν
1072 3074 1191 3124 ἐκεῖ
1216 3069 1528 3135 δοξάζεται·
1566 3071 1668 3122 κᾶν
1700 3068 1796 3139 τὴν

1222 394 1683 459 DISPUTATIO
1723 391 2127 455 ADVERSUS
2164 396 2492 459 JUD:EOS.

212 513 566 567 Ἐλεύσονται
598 510 648 564 0!
693 510 956 581 Ῥωμαῖοι
991 508 1087 562 καὶ
1127 509 1353 579 ἀροῦσιν
1385 508 1540 577 ὑμῶν
1564 506 1626 558 τὸ
1650 504 1800 567 ἔθνος
1828 509 1875 564 Α
1906 505 2107 560 ilerum
2154 525 2166 559 :

3348 402 3486 467 1222

2212 527 2229 558 ι
2270 510 2503 563 Venient
2535 510 2806 575 Romani,
2833 516 2890 565 et
2919 512 3111 567 tollent
3144 526 3361 584 gentem
3394 534 3487 571 vc-

1903 610 2097 661 stram,
2129 608 2187 654 et
2220 601 2535 667 civitatem,
2583 612 2639 658 et
2684 619 2911 674 regnum
2937 605 3021 659 "z
3051 625 3069 655 ι
3118 606 3317 660 factum
3347 608 3483 662 illud

1898 698 1982 743 est
2015 705 2114 758 per
2146 690 2544 759 Vespasianum
2574 702 2630 746 et
2657 694 2866 756 Titum,
2895 694 2977 749 vel
3008 711 3117 749 non
3143 696 3345 753 factum
3366 702 3486 754 est?

1897 776 2046 835 Dixit
2075 799 2087 834 :
2124 780 2263 836 «Lex
2282 790 2337 835 et
2365 783 2646 852 prophetm
2670 802 2841 854 usque
2891 788 2957 840 ad
3002 787 3267 842 Joannem
3302 789 3483 859 Bapti-

1905 880 2068 934 stam,
2099 883 2151 927 et
2188 874 2489 929 cessabunt
2516 876 2562 907 ⁸ο
2594 895 2607 931 :
2642 896 2660 927 ι
2703 893 2885 932 nonne
2914 888 2967 933 et
3004 879 3136 934 illud
3164 891 3252 936 est
3280 881 3483 950 imple-

1899 965 2059 1017 tum?
2110 966 2315 1034 Ecquis
2370 967 2517 1020 inter
2574 984 2674 1021 vos
2720 969 2986 1037 propheta
3040 980 3167 1037 post
3209 970 3482 1025 Joannem

1897 1056 2236 1125 Daptistam?
2284 1059 2395 1113 imo
2444 1059 2625 1115 indica
2670 1060 2806 1114 mihi
2857 1061 2984 1128 quis
3024 1063 3292 1132 prepheta
3334 1062 3483 1132 apud

1897 1166 1994 1203 vos
2013 1151 2272 1205 inventus
2289 1154 2382 1217 sit,
2414 1168 2480 1204 ex
2502 1169 2612 1222 quo
2638 1152 2958 1207 crneiﬁxisti
2979 1152 3292 1220 Christum;
3319 1157 3482 1225 quale

1898 1238 2114 1294 habetis
2170 1241 2333 1297 hodie
2381 1244 2653 1312 regnum?
2702 1244 2792 1297 ubi
2828 1252 2953 1296 sunt
3000 1244 3221 1313 judiccs
3265 1246 3483 1300 vestri?

1898 1331 1991 1383 ubi
2050 1331 2372 1402 principes?
2412 1334 2624 1387 Omnes
2669 1333 3013 1387 defecerunt.
3069 1335 3171 1390 Ubi
3217 1336 3481 1404 templum

1897 1424 2187 1477 vestrum?
2215 1440 2346 1477 ecce
2388 1423 2697 1479 dcsolatum
2738 1427 2907 1494 jacet.
2946 1425 3048 1480 Ubi
3106 1436 3237 1480 sunt
3281 1426 3483 1480 tabula:

1896 1530 2033 1585 quas
2063 1516 2393 1587 accepistis?
2438 1532 2568 1572 ecce
2604 1533 2714 1571 non
2748 1518 3047 1572 exsistunt.
3079 1513 3180 1575 Ubi
3210 1519 3481 1573 sacriﬁcia

1893 1609 2125 1662 vestra?
2186 1623 2315 1663 ecce
2372 1609 2715 1664 defecerunt.
2784 1610 2888 1667 Ubi
2948 1627 3076 1665 area
3129 1612 3484 1666 testamenti?

1894 1714 2027 1754 ecce
2088 1715 2196 1753 non
2253 1710 2555 1769 comparet.
2620 1701 2722 1757 Ubi
2761 1713 2848 1758 est
2904 1702 3079 1756 altare
3141 1703 3290 1771 quod
3345 1703 3481 1758 fecit

1895 1791 2154 1862 Moyses?
2195 1792 2288 1845 ubi
2336 1793 2489 1861 virga
2536 1809 2659 1861 qua:
2706 1793 3079 1862 germinavit?
3110 1795 3204 1849 ubi
3256 1811 3397 1850 urna
3424 1804 3482 1850 et

1899 1880 2139 1935 manna?
2170 1882 2264 1935 ubi
2313 1883 2405 1936 illa
2441 1883 2497 1936 in
2537 1883 2744 1953 templo
2776 1886 3089 1948 ἑπισκίασις
3136 1895 3191 1940 et
3227 1886 3481 1941 lustratio

1898 1973 2398 2029 sanctiﬁcationis?
2450 1974 2546 2029 ubi
2599 1976 2741 2045 ignis
2798 1976 2866 2032 de
2913 1979 3054 2032 emlo
3100 1978 3481 2034 descendens?

1899 2062 2001 2118 Ubi
2026 2066 2112 2118 vel
2157 2081 2325 2118 mmm
2348 2068 2674 2136 prophetam
2701 2068 2865 2122 hodie
2888 2070 3147 2124 habetis?
3167 2069 3329 2125 Certe
3356 2071 3484 2124 nul-

1897 2158 2009 2211 lum
2030 2157 2269 2223 habetis,
2290 2160 2449 2229 juxta
2474 2164 2785 2215 sermonem
2816 2162 3335 2232 triumfpuerorum,
3360 2163 3478 2231 qui,

1896 2264 2191 2318 personam
2235 2262 2475 2306 vestram
2527 2264 2906 2316 assumentes,
2942 2254 3204 2308 dicebant
3248 2273 3262 2309 :
3312 2274 3329 2305 σ
3360 2256 3480 2309 Non

1895 2351 1981 2396 est
2010 2343 2065 2395 in
2092 2352 2336 2412 tempore
2361 2344 2467 2399 hoc
2497 2346 2777 2415 princeps,
2804 2355 2858 2399 et
2891 2346 3184 2416 propheta,
3215 2356 3271 2401 et
3300 2347 3434 2415 dux,
3456 2367 3474 2397 ι

1895 2441 1951 2485 et
1976 2448 2097 2501 qua:
2139 2444 2469 2502 sequuntur,
2505 2453 2523 2485 ι
2553 2450 2738 2488 cormn
2791 2436 3058 2499 Domino,
3100 2447 3162 2490 ut
3205 2437 3485 2505 possimus

1898 2520 2152 2577 invenire
2189 2523 2633 2577 miscricordiam
2669 2526 2737 2576 δι.
2772 2542 2790 2575 ι
2830 2523 3007 2589 Quem
3047 2525 3197 2578 enim
3232 2526 3482 2579 locorum

1896 2630 2036 2684 quos
2065 2614 2220 2669 dedit
2247 2615 2407 2669 vobis
2438 2616 2607 2682 Deus,
2633 2616 2798 2670 hodie
2827 2616 3302 2672 habetis?0mnes
3325 2619 3484 2673 vobis

1896 2706 2148 2769 abstulit,
2181 2715 2237 2760 et
2260 2706 2423 2760 nobis
2451 2707 2584 2776 ipsis
2609 2707 2784 2761 dedit.
2808 2708 2865 2762 Si
2889 2708 3036 2762 enim
3063 2719 3306 2763 montem
3329 2708 3480 2764 Sinai

1904 2797 2060 2851 dicas
2094 2798 2186 2851 ubi
2230 2798 2405 2867 legem
2436 2799 2721 2867 accepisti,
2762 2815 2872 2853 non
2917 2810 3102 2853 autem
3137 2802 3430 2871 suscepisti
3465 2817 3481 2855 :

1899 2898 1955 2944 at
1980 2889 2054 2943 ibi
2082 2888 2334 2943 Christus
2353 2889 2518 2943 hodie
2543 2888 2917 2959 gloriﬁcatur;
2944 2892 2986 2945 si
3014 2891 3273 2946 Jordanis
3303 2892 3487 2961 regio-

1900 2995 2049 3044 nem,
2078 2980 2172 3033 ubi
2203 2980 2461 3033 transivit
2496 2981 2626 3033 olim
2659 2984 2896 3050 populus
2928 2993 3149 3038 vester:
3180 2995 3235 3039 at
3260 2986 3483 3042 Christo

1902 3073 1974 3127 ibi
2010 3073 2307 3142 baptizato,
2336 3073 2451 3142 ipse
2478 3089 2508 3127 a
2538 3074 2699 3128 nobis
2732 3074 2937 3129 ibidem
2973 3078 3205 3143 colitur;
3248 3079 3293 3132 si
3323 3078 3484 3132 Jeru-

213 3166 583 3237 Ἰερουσαλὴμ
609 3166 703 3217 καὶ
745 3165 842 3234 τὴν
866 3163 1007 3216 Σιὼν
1034 3163 1216 3234 εἴπῃς,
1249 3164 1385 3216 ἀλλὰ
1410 3163 1646 3232 Χριστοῦ
1677 3163 1793 3214 ἐκεῖ

1898 3166 2066 3220 salem
2098 3175 2153 3218 et
2199 3165 2332 3218 Sion
2369 3183 2380 3217 :
2419 3174 2506 3228 at,
2558 3166 2783 3220 Christo
2836 3168 2911 3221 ibi
2957 3168 3259 3233 erueiﬁxo,
3309 3170 3483 3239 ipsius

205 3257 647 3327 σταυρωθέντος,
697 3255 764 3307 τὰ
813 3254 983 3308 αὑτοῦ
1036 3255 1340 3326 παθήματα
1378 3255 1496 3307 ἐκεῖ
1551 3270 1793 3323 προσκυ-

202 3349 432 3401 νοῦνται
480 3348 756 3417 σήμερον·
787 3346 897 3399 εἴτε
928 3347 989 3398 τὸ
1040 3348 1163 3417 δρος
1205 3346 1313 3398 τῶν
1351 3345 1581 3398 Ἐλαιῶν
1608 3347 1789 3413 εῑπῃς,

204 3440 349 3493 ἀλλὰ
393 3438 633 3509 Χριστοῦ
662 3438 876 3491 ἐκεῖθεν
898 3437 1322 3507 ἀναληφθέντος,
1356 3438 1520 3499 αὐτὸς
1561 3439 1676 3489 ἐκεῖ
1708 3436 1793 3487 δο-

207 3534 438 3601 ξάζεται
458 3549 471 3561 ·
502 3530 604 3582 κᾶν
632 3530 728 3601 τὴν
760 3530 1010 3600 Βηθλεὲμ
1042 3530 1196 3581 πόλιν
1239 3528 1404 3582 Δαϐὶδ
1448 3528 1628 3598 εἴπης,
1656 3526 1792 3579 ἀλλὰ

204 3623 453 3696 Χριστοῦ
502 3623 712 3675 ἐκεῖθεν
756 3622 1132 3691 γεννηθέντος,
1168 3621 1243 3683 ὡς
1284 3623 1340 3673 ἐν
1385 3620 1602 3691 οὐρανῷ
1636 3620 1795 3671 κάκεῖ

204 3716 497 3779 δοξάζεται
526 3713 776 3764 πάντοτε.
810 3712 918 3763 Καὶ
952 3711 1001 3762 τί
1025 3710 1168 3777 λέγω
1202 3709 1473 3779 Βηθλεὲμ,
1511 3710 1606 3762 καὶ
1630 3707 1791 3768 Σιὼν,

206 3810 306 3860 καὶ
360 3805 671 3876 Ἰορδάνην;
712 3804 955 3874 Παρελῦε
990 3802 1173 3867 Δύσιν,
1221 3803 1594 3870 ἐπισκόπησον
1644 3802 1794 3852 ’Λνα-

205 3901 391 3971 τολὴν,
435 3901 736 3970 ὲκζήτησον
768 3896 867 3965 τὴν
907 3896 996 3948 ὑπ’
1027 3895 1277 3966 οὐρανὸν,
1314 3895 1482 3955 αὐτὲις
1508 3893 1602 3954 τὰς
1628 3894 1793 3961 Πρετ-

210 3991 448 4053 τανικὰς
496 3991 723 4059 νήσους,
766 3988 909 4041 αὐτὰ
944 3986 1013 4039 τὰ
1044 3986 1277 4056 ἑσπέρια
1312 3986 1406 4037 καὶ
1448 3986 1656 4052 ἔσχατα
1698 3982 1792 4033 τοῦ

212 4084 458 4151 κόσμου’
500 4080 570 4132 τὰ
624 4080 720 4149 μὲν
765 4078 1039 4131 Ἰουδαίων
1087 4078 1181 4128 καὶ
1240 4076 1510 4144 Ἑλλήνων
1554 4075 1793 4127 παλαιω-

212 4177 379 4228 θέντα
437 4173 533 4225 καὶ
576 4171 964 4240 ἁφανισθέντα,
992 4169 1060 4222 τὰ
1089 4168 1144 4221 δὲ
1176 4167 1416 4238 Χριστοῦ
1466 4165 1647 4218 πάντα
1704 4183 1793 4218 πι-

208 4268 522 4335 στευόμενα
550 4264 646 4316 καὶ
670 4262 955 4332 τιμώμενα
982 4261 1077 4314 καὶ
1107 4260 1497 4330 βεϐαιούμενα.

278 4359 398 4413 Καὶ
454 4358 532 4428 μὴ
572 4356 753 4427 εἴπῃς,
816 4357 899 4409 ὅτι
936 4357 1177 4426 σήμερον
1232 4349 1693 4419 καταπονούμεθα
1744 4348 1794 4400 οῑ

206 4451 537 4525 Χριστιανοὶ
585 4452 680 4502 καὶ
727 4445 1272 4517 αἰχμαλωτιζόμεθα·
1329 4444 1489 4497 τοῦτο
1526 4444 1635 4515 γάρ
1678 4444 1794 4495 ἐστι

1900 3257 2183 3326 passiones
2235 3256 2438 3310 ibidem
2492 3257 2657 3311 hodie
2723 3258 3067 3323 adorantur;
3132 3260 3176 3314 si
3237 3270 3482 3315 montem

1895 3347 2173 3401 Olivarum
2224 3364 2237 3399 :
2289 3356 2387 3411 at,
2428 3346 2652 3401 Christo
2691 3348 2818 3403 inde
2860 3349 2914 3401 in
2945 3350 3115 3403 emlos
3150 3360 3476 3420 assumpto,

1896 3439 2012 3507 ipse
2085 3438 2159 3491 ibi
2228 3437 2613 3507 gloriﬁcatur;
2674 3439 2719 3491 si
2791 3439 3111 3504 Bethleem,
3197 3441 3480 3497 civitatem

1895 3530 2116 3583 David:
2158 3538 2252 3595 at,
2313 3529 2533 3584 Christo
2584 3531 2659 3584 ibi
2712 3532 2999 3586 inearnato
3029 3574 3043 3596 ,
3088 3533 3194 3596 ibi,
3230 3535 3375 3589 sicut
3424 3535 3481 3590 in

1897 3622 2059 3684 cuslo,
2096 3636 2314 3689 semper
2333 3621 2690 3691 gloriﬁcatur.
2730 3622 2837 3677 Sed
2866 3625 2995 3692 quid
3030 3624 3156 3679 dico
3174 3626 3479 3692 Bethleem,

1896 3720 1951 3767 ct
1981 3713 2206 3773 Sion,et
2235 3710 2567 3766 Jordanem?
2592 3714 2859 3768 Percurre
2890 3715 3483 3780 Oceidentem,0rien-

1900 3812 2006 3855 tem
2035 3801 2345 3863 considera,
2382 3817 2602 3855 omnem
2630 3819 2751 3871 quae
2805 3804 2909 3857 sub
2933 3805 3075 3859 cado
3107 3813 3225 3871 est,
3275 3814 3481 3861 terram

1899 3893 2203 3962 investiga,
2248 3894 2395 3961 ipsas
2444 3893 2790 3949 Britannicas
2830 3896 3069 3961 insulas,
3140 3898 3287 3967 ipsas
3331 3900 3483 3954 occi-

1897 3985 2147 4039 dentales
2189 3993 2246 4038 et
2300 3993 2577 4040 extremas
2637 3987 2826 4041 mundi
2872 3990 3098 4059 plagas:
3137 4005 3482 4060 quaecunque

1845 4136 1850 4140 I
1898 4076 1965 4129 ad
2047 4077 2361 4132 Iuda-orum
2419 4080 2776 4148 gentiumque
2839 4082 3159 4149 religionem
3207 4090 3481 4151 spectant,

1897 4168 2181 4236 antiquata
2210 4177 2266 4223 et
2288 4169 2528 4234 abolita;
2559 4171 2742 4224 omnia
2780 4187 2911 4225 vero
2938 4172 3146 4227 Christi
3198 4176 3481 4245 mysteria,

1898 4260 2133 4322 credita,
2161 4261 2427 4315 honorata
2451 4271 2506 4315 et
2535 4260 2858 4315 conﬁrmata
2885 4263 3150 4331 reperies.

1970 4350 2081 4403 Nec
2115 4350 2285 4410 dicas.
2322 4366 2423 4405 nos
2470 4350 2636 4405 hodie
2676 4351 3028 4406 Christianos
3055 4353 3258 4422 aﬂligi,
3301 4353 3482 4422 capti-

1901 4454 2117 4506 vosque
2174 4439 2381 4504 teneri;
2434 4440 2643 4493 etenim
2690 4440 2824 4494 illud
2872 4441 3053 4510 ipsum
3105 4452 3191 4497 est
3245 4444 3482 4498 maxime

204 4545 269 4599 τὸ
303 4544 473 4617 μέγα,
515 4542 597 4594 ὅτι
638 4540 731 4591 καλ⁴
769 4538 873 4591 ὑπὸ
914 4536 1185 4590 τοσούτων
1223 4534 1529 4604 διωκομένη
1564 4533 1659 4585 καὶ
1703 4550 1795 4584 πο-

1904 4531 2258 4595 mirandum,
2290 4531 2436 4600 quod
2482 4532 2621 4587 ﬁdes
2668 4540 2859 4586 nostra
2885 4574 2899 4594 ,
2954 4549 2985 4586 a
3025 4534 3193 4589 tantis
3231 4535 3484 4591 hostibus

207 4635 531 4707 λεμουμένη
578 4634 611 4703 ὴ
653 4632 835 4693 πίστις
868 4631 1046 4700 ήμῶν,
1079 4629 1296 4681 ἵσταται
1328 4629 1419 4680 καὶ
1450 4625 1510 4678 οὐ
1540 4625 1797 4688 παύεται,

208 4731 334 4783 οὐδὲ
375 4727 441 4780 τὸ
484 4725 753 4795 βασίλειον
796 4722 956 4792 ήμῶν
1010 4722 1386 4789 καταργεῖται,
1436 4717 1556 4769 οὐδὲ
1603 4718 1660 4768 αἱ
1709 4719 1800 4768 ὲκ-

210 4821 440 4892 κλησίαι
476 4818 633 4888 ήμῶν
677 4814 969 4869 κλείονται·
1009 4810 1144 4865 ἀλλὰ
1188 4811 1461 4879 ἀναμέσον
1499 4810 1608 4861 τῶν
1634 4808 1802 4860 ἐθνῶν

210 4914 327 4967 τῶν
377 4906 727 4982 κρατούντων
785 4904 880 4957 καὶ
930 4901 1237 4955 διωκόντων
1281 4901 1452 4970 ἡμᾶς,
1504 4898 1802 4967 ἐκκλησίας

211 5007 442 5075 ἔχομεν,
512 5001 607 5052 καὶ
669 4996 937 5065 σταυροὺς
991 4994 1298 5063 πήσσομεν,
1357 4993 1453 5044 καὶ
1502 4990 1802 5059 ἐκκλησίας

213 5088 640 5161 οἰκοδομοῦμεν,
679 5086 874 5148 Θυσίας
912 5082 1290 5151 ἐπιτελοῦμεν.
1324 5076 1618 5142 Εἷπεν,δτι
1660 5080 1806 5146 (Κη-

217 5187 557 5259 ρυχθήσεται
604 5180 663 5234 τὸ
693 5178 1026 5246 Εὑαγγέλιον
1056 5176 1112 5228 ὲν
1151 5174 1260 5243 ὅλῳ
1284 5172 1361 5241 τῷ
1393 5171 1605 5242 κόσμῳ·
1640 5190 1659 5222 ι
1692 5166 1802 5240 ἆρα

216 5280 473 5349 γέγονεν,
510 5273 544 5342 ἢ
575 5271 635 5325 οῦ
686 5290 701 5338 ;
747 5264 903 5331 Εἷπε,
937 5266 1101 5319 πύλαι
1143 5264 1272 5335 ᾅδου
1323 5262 1383 5315 οὐ
1420 5260 1804 5330 κατισχύσουσι

218 5374 324 5439 τῆς
375 5365 547 5421 αὑτοῦ
592 5360 943 5430 Ἐκκλησίας,
998 5360 1164 5428 ήγουν
1209 5357 1308 5425 τῆς
1335 5353 1571 5416 πίστεως
1612 5352 1802 5422 ήμῶν·

221 5457 339 5532 ἆρα
364 5456 674 5529 inimicam;
703 5454 803 5508 οὐκ
830 5450 1079 5520 ἐγένοντο
1110 5446 1373 5518 ’Έλληνες
1404 5446 1497 5500 καὶ
1531 5444 1811 5514 αἰρεσιάρ-

220 5572 321 5626 χαι
353 5550 565 5613 πολλοὶ,
602 5548 695 5601 καὶ
725 5544 977 5615 τύραννοι
1011 5540 1241 5611 ἰσχυροὶ,
1269 5539 1363 5593 καὶ
1403 5539 1621 5600 ἀσεῦεῖς
1656 5537 1812 5605 βασι-

222 5646 337 5710 λεῖς
367 5642 780 5713 πολεμήσαντες
810 5637 908 5707 τὴν
935 5636 1120 5688 πίστιν
1141 5633 1321 5704 ἡμῶν,
1356 5632 1449 5685 καὶ
1476 5632 1577 5684 οὑκ
1610 5630 1810 5700 ἠδυνή-

1904 4632 2097 4677 vexata
2129 4633 2185 4676 et
2227 4622 2543 4692 impugnata
2569 4665 2583 4687 ,
2617 4631 2728 4677 stat
2767 4634 2824 4678 et
2858 4641 2968 4678 non
2992 4626 3182 4679 deﬁcit
3207 4644 3220 4688 ;
3249 4627 3360 4680 imo
3386 4643 3484 4682 ne-

1903 4730 2010 4783 que
2055 4730 2285 4783 regnum
2339 4722 2590 4768 nostrum
2630 4719 2835 4769 ‘cessat‘
2862 4732 3042 4785 neque
3083 4718 3331 4772 ecclesia:
3378 4733 3481 4773 no-

1906 4813 2005 4859 tra:
2030 4805 2386 4868 clauduntur,
2427 4804 2522 4859 sed
2553 4804 2698 4858 inter
2725 4805 2934 4859 medias
2954 4818 3148 4875 gentes
3167 4849 3181 4869 ,
3216 4810 3268 4862 in
3301 4810 3483 4863 medio

1904 4912 2096 4952 eorum
2152 4896 2248 4966 qui
2310 4897 2471 4950 nobis
2532 4896 2892 4950 dominantur
2936 4908 3482 4968 persequunturque,

1904 4990 2168 5044 ecclesias
2198 4989 2486 5052 habemus,
2526 5004 2724 5043 cruces
2756 4990 2995 5057 ﬁgimus,
3029 5006 3200 5044 novas
3222 4992 3486 5047 ecclesias

1905 5080 2282 5145 :ezliﬁeamus,
2334 5078 2508 5133 sacris
2569 5084 2901 5149 operantur;
2932 5080 3078 5134 Dixit
3125 5081 3484 5150 Evangelium

1905 5171 2262 5242 pratdicatum
2292 5170 2357 5223 iri
2392 5170 2652 5223 universo
2677 5170 2883 5224 mundo
2905 5171 2949 5201 "
2983 5188 2996 5223 :
3037 5169 3235 5223 Utrum
3258 5182 3313 5225 et
3351 5173 3483 5225 illud

1905 5263 2107 5315 {aetum
2134 5269 2238 5323 est,
2272 5261 2492 5313 necne?
2519 5259 2662 5313 Dixit
2704 5278 2716 5312 :
2753 5278 2771 5310 ι
2804 5260 2981 5314 Porta:
3011 5259 3170 5314 inferi
3205 5277 3313 5314 non
3343 5276 3487 5330 pra:-

1912 5353 2175 5407 valebunt
2205 5352 2470 5405 adversus
2498 5367 2617 5405 eam
2647 5353 2711 5414 ⁵³,
2743 5371 2760 5402 ι
2802 5351 2853 5403 id
2888 5361 2995 5417 est,
3025 5352 3294 5407 adversus
3322 5353 3486 5408 ﬁdem

1914 5455 2156 5500 nostram
2187 5462 2198 5495 :
2237 5460 2303 5497 an
2333 5453 2388 5497 et
2417 5444 2469 5497 in
2500 5443 2605 5497 hoc
2644 5443 2840 5496 falsum
2874 5444 3098 5498 locutus
3133 5445 3257 5497 est?
3289 5446 3487 5500 Annon

1912 5536 2244 5590 exstiterunt
2270 5534 2503 5603 gentiles
2524 5543 2579 5587 et
2617 5534 2996 5609 lia-resiareha:
3021 5534 3204 5599 multi,
3238 5536 3488 5604 tyranni-

1912 5643 2019 5698 que
2048 5634 2299 5696 potentcs
2348 5636 2404 5680 et
2454 5641 2613 5694 reges
2657 5625 2847 5695 impii,
2888 5624 2981 5695 qui
3033 5624 3196 5680 ﬁdem
3241 5636 3488 5682 nostram

295 5828 344 5862 υ
381 5826 543 5883 ιοαη,
580 5839 630 5879 χι
654 5823 778 5888 ’43,
858 5819 903 5853 ιθ
944 5817 1075 5875 Luc.
1110 5831 1214 5880 sm,
1251 5814 1336 5871 16.
1416 5817 1455 5849 δ’
1496 5815 1630 5871 Dan.
1666 5831 1740 5879 ιιι,
1768 5816 1795 5871 5

1898 5815 1976 5872 ὅθ.
2060 5819 2103 5849 δ’
2140 5813 2328 5872 Matth.
2383 5823 2525 5872 xxiv,
2569 5809 2657 5863 14.
2738 5807 2784 5841 ⁸³
2816 5807 3009 5866 Matth.
3042 5823 3154 5875 xw,
3188 5806 3275 5866 18,

1408 5911 1437 5923 ,-
