4190 6438
219 407 358 470 1925

1227 397 1678 461 DISI‘UTATIO
1714 395 2104 458 ADVERSUS
2141 396 2465 463 Π]οΕΟᾶ

3317 396 3449 461 1226

217 520 356 586 μοϋς
395 516 604 585 έχουσι,
645 512 738 567 καὶ
769 512 869 567 οὐκ
901 512 1152 582 ὄψονταιο
1185 512 1408 582 καρδίας
1443 510 1648 579 ἔχουσι,
1686 508 1781 559 καὶ
1808 512 1859 568 Α

1808 512 1859 568 Α
1883 507 2189 573 Quomodo,
2214 510 2360 578 quod
2389 509 2740 579 impugnatis,
2775 508 2830 565 id
2859 509 3035 580 ipsum
3064 508 3367 579 requiritis,
3398 517 3454 563 et

212 607 274 657 ού
325 609 609 659 συνιᾶσι.»
656 603 778 665 Πῶς
810 605 948 672 ὅπερ
984 601 1293 669 πολεμεῖτε,
1343 598 1502 650 τοῦτο
1545 596 1782 658 ποθεῖτε,

213 701 313 749 καὶ
378 699 518 765 ὅπερ
579 695 955 765 βδελύσσεσθε,
1009 692 1167 745 τοῦτο
1220 689 1516 760 προθύμως
1564 686 1783 757 δέχεσθε

216 790 544 857 παραδόξως
573 787 895 856 νικώμενοις
937 784 1041 835 Καὶ
1076 785 1124 835 εί
1165 781 1271 851 ἄρα
1314 780 1433 833 νοῦν
1470 780 1567 832 καὶ
1594 780 1787 849 φρόνη-

217 898 303 931 σιν
349 884 547 948 εἴχετε,
579 882 738 948 ἢρκει
789 879 918 945 ὑμῖν
959 876 1054 929 καὶ
1104 876 1238 926 πᾶσι
1292 873 1449 925 τοῦτο
1472 872 1532 923 τὸ
1560 873 1786 939 σημεῖον

217 974 298 1031 εἰς
336 971 397 1021 τὸ
434 971 605 1035 δεῖξαι
649 969 739 1021 καὶ
787 971 971 1019 πεῖσαι
1016 967 1181 1033 ὑμᾶς.
1218 965 1299 1016 δτι
1347 964 1587 1033 ἡπίστις
1626 962 1720 1014 καὶ
1758 962 1787 1012 ὁ

219 1064 453 1132 σταυρὸς
488 1062 582 1113 τοῦ
618 1061 852 1130 Χριστοῦ
882 1061 962 1120 εἰς
996 1058 1195 1119 αἰῶνας
1229 1057 1462 1109 πάντοτε
1492 1053 1782 1123 βασιλεύει.

217 1154 382 1204 Πόσοι
423 1152 522 1221 τὴν
565 1152 747 1203 πίστιν
788 1149 949 1218 ἡμῶν
990 1151 1082 1201 καὶ
1114 1149 1215 1217 τὴν
1259 1146 1585 1213 Ἐκκλησίαν
1624 1162 1787 1198 κατα-

212 1243 381 1295 λῦσαι
420 1243 752 1311 ἐδοκίμασαν
786 1242 879 1291 καὶ
908 1241 1009 1291 οὐκ
1044 1240 1290 1308 ἴσχυσαν,
1331 1236 1446 1288 ἀλλ’
1492 1237 1643 1289 αὐτοὶ
1688 1236 1786 1305 μὲν

216 1334 527 1403 παρῆλθον,
571 1334 600 1383 ὁ
646 1332 700 1382 δὲ
733 1332 979 1400 θεμέλιος
1003 1334 1100 1400 τῆς
1154 1327 1479 1397 Ἑκκλησίας
1504 1330 1595 1379 καὶ
1625 1328 1657 1396 ή
1691 1327 1784 1378 πίε-

216 1441 336 1483 στις
380 1425 596 1473 ἵσταται
628 1421 925 1482 ἀσᾶλευτος
956 1420 1043 1472 διὰ
1076 1419 1307 1487 Χριστὸν
1339 1419 1429 1470 τὸν
1462 1417 1628 1478 οὕτως
1679 1414 1789 1483 ὁρί-

216 1531 412 1575 σαντα,
456 1514 536 1565 ὅτι
574 1532 590 1562 ι
616 1512 787 1563 Πύλαι
824 1510 951 1580 ᾆδον
981 1510 1042 1562 ού
1083 1508 1507 1578 κατισχύσουσιν
1538 1507 1727 1576 αὐτὴν.
1761 1524 1780 1557 ι

288 1604 403 1655 Ποῦ
454 1604 601 1654 ἐστιν
646 1604 675 1653 ὁ
726 1600 1146 1669 Διοκλητιανός;
1188 1600 1291 1652 ποῦ
1317 1600 1467 1650 ἐστιν
1501 1599 1528 1650 ὁ
1558 1597 1782 1667 Νερων;

216 1696 325 1745 ποῦ
364 1696 392 1746 ὁ
440 1692 885 1755 ούεσπασιανός;
925 1690 1025 1743 ποῦ
1086 1690 1368 1761 Ἡρώδης
1405 1688 1507 1741 ποῦ
1552 1690 1579 1741 ὁ
1609 1688 1783 1752 Μαξι-

218 1785 437 1853 μιανὸς,
496 1785 591 1835 καὶ
654 1783 853 1845 πάντες
903 1784 953 1834 οῖ
1008 1785 1134 1844 τοὺς
1188 1781 1423 1850 Χριστοῦ
1502 1779 1786 1851 μάρτυρας

1890 596 2036 664 quod
2083 597 2509 663 abominamini,
2542 600 2593 653 id
2626 600 2803 669 ipsum
2836 598 3128 669 diligenter
3152 599 3451 668 suscipitis,

1890 688 1972 742 sic
2015 703 2044 742 a
2076 689 2234 743 vobis
2266 690 2403 759 ipsis
2435 690 2561 743 victi
2594 690 2959 744 mirabiliter?
2990 689 3130 743 Sane
3164 689 3268 743 nisi
3300 704 3454 742 mens

1891 789 1946 833 et
1990 779 2348 848 intelligentia
2420 797 2516 834 vos
2573 780 2867 835 defecisset
2893 822 2908 846 ,
2941 781 3097 835 vobis
3140 789 3197 834 et
3241 779 3455 834 cteleris

1891 868 2148 921 (tlllltlillls
2194 871 2327 923 satis
2367 879 2513 924 esset
2542 871 2648 924 hoc
2671 871 2884 940 signum
2908 911 2923 933 ,
2958 881 3019 926 ut
3049 885 3371 940 persuasum
3400 878 3458 923 et

1895 971 2231 1030 compertum
2268 963 2547 1017 haberetis
2572 1005 2585 1026 ,
2623 963 2784 1016 ﬁdem
2815 972 2870 1015 et
2912 978 3130 1016 crucem
3164 961 3368 1017 Christi
3402 962 3455 1013 in

1891 1055 2088 1107 secula
2134 1054 2430 1108 dominari.
2483 1053 2627 1119 Quot
2670 1065 2726 1108 et
2773 1053 2961 1122 quanti
2997 1052 3155 1105 ﬁdem
3186 1061 3244 1105 ct
3279 1050 3460 1105 eccle-

1892 1144 2026 1197 siam
2067 1154 2310 1198 nostram
2364 1145 2663 1199 dissolvere
2723 1152 3053 1213 sperarunt,
3088 1153 3143 1195 et
3192 1159 3302 1196 non
3355 1156 3457 1211 po-

1892 1238 2094 1289 tuere?
2121 1238 2235 1291 lmo
2274 1238 2373 1307 ipsi
2404 1238 2779 1299 transierunt,
2813 1245 2869 1289 at
2903 1235 3319 1289 fundamentum
3352 1234 3458 1286 Ee-

1890 1326 2110 1388 elesiae,
2160 1342 2280 1394 qua:
2331 1336 2417 1381 est
2464 1327 2638 1391 rides,
2670 1327 3055 1381 inconcussum
3089 1335 3310 1389 manet,
3360 1339 3460 1394 per

1889 1419 2208 1481 Christum,
2264 1421 2357 1488 qui
2407 1420 2487 1473 sic
2531 1421 2815 1482 decrevit,
2868 1437 2886 1469 σ
2927 1419 3101 1473 Porta:
3127 1458 3142 1480 ,
3173 1417 3455 1486 inquiens,

1892 1512 2053 1566 inferi
2093 1527 2203 1565 non
2239 1511 2611 1581 praivalebuut
2635 1513 2896 1565 adversus
2925 1526 3046 1564 eam
3077 1512 3143 1561 εδ.
3176 1529 3192 1561 ι

1962 1602 2061 1659 Ubi
2101 1613 2187 1657 est
2231 1604 2640 1658 Diocletianus?
2676 1603 2769 1656 ubi
2811 1603 2996 1656 Nero?
3035 1602 3130 1655 ubi
3174 1599 3461 1668 Vespasia-

1892 1692 2029 1747 nus?
2056 1692 2149 1745 ubi
2173 1691 2454 1746 llcrodes?
2485 1690 2577 1745 ubi
2621 1691 3001 1753 Maximianus,
3047 1701 3103 1744 et
3141 1704 3334 1743 omnes
3361 1687 3457 1757 qui

1892 1791 2160 1853 martyres
2188 1780 2410 1850 quidem
2442 1780 2645 1835 Christi
2677 1779 3019 1839 occiderunt,
3069 1777 3229 1831 fidem
3273 1786 3458 1830 autem

213 1873 666 1936 ἀποκτείναντες,
702 1875 800 1945 τὴν
846 1874 901 1925 δὲ
936 1873 1119 1925 πίστιν
1146 1872 1305 1942 ἡμῶν
1358 1870 1433 1941 μὴ
1480 1871 1789 1933 παύσαντες
1822 1865 1862 1920 Β

1822 1865 1862 1920 Β
1891 1882 2137 1928 nostram
2181 1872 2534 1939 exstinguere
2579 1871 2663 1926 vel
2710 1870 3080 1925 intercludere
3113 1884 3224 1922 non
3267 1876 3462 1938 potue-

216 1966 359 2035 μηδὲ
413 1966 763 2031 κλείσαντες;
818 1965 980 2017 Αύτοὶ
1034 1963 1089 2016 δὲ
1135 1963 1410 2017 ἀπώλοντο
1462 1967 1550 2016 καὶ
1600 1963 1776 2017 διελύ-

216 2057 412 2124 θησαν.
451 2057 509 2107 ὐ
549 2056 605 2107 δὲ
649 2056 880 2122 Χριστὸς
924 2057 1022 2107 οὑκ
1044 2054 1313 2123 ἐψεύσατο
1334 2055 1465 2124 ἡμῖν
1485 2054 1672 2118 εἰπὼν,
1704 2056 1786 2108 ὅτι

219 2170 237 2199 ι
270 2148 503 2200 Ἐσεσθε
527 2148 844 2219 μισούμενοι
870 2148 972 2200 ὑπὸ
998 2148 1214 2200 πάντων
1234 2147 1322 2200 διὰ
1342 2149 1400 2199 τὸ
1421 2148 1590 2215 ὄνομά
1618 2164 1741 2217 μου.
1766 2164 1784 2198 ι

214 2241 329 2292 Καὶ
366 2241 548 2305 πάλιν,
582 2241 662 2292 ὃτι
690 2257 708 2289 ι
749 2238 870 2291 Ἐπὶ
897 2238 1131 2307 βασιλεῖς
1159 2240 1253 2292 καὶ
1270 2239 1539 2308 ἡγεμόνας
1565 2238 1795 2307 ἀχθήσε-

214 2332 312 2381 σθε
362 2330 550 2383 ἕνεκεν
598 2328 755 2397 ἐμοῦ.
786 2348 803 2379 ι
842 2330 937 2381 Ἓν
978 2325 1072 2381 οὖν
1125 2328 1476 2392 ἐπιλέξασθεο
1513 2328 1546 2399 ἢ
1587 2330 1792 2396 μισεῖτε

217 2424 399 2490 ἡμᾶς,
440 2420 610 2481 ὅντως
640 2420 912 2473 δεικνύετε
948 2420 1179 2491 Χριστὸν
1212 2418 1543 2489 ἀληθεύοντα
1573 2420 1793 2471 εἰπόντα

214 2516 378 2581 ἡμῖν,
412 2512 495 2563 ὅτι
529 2528 547 2560 ι
578 2511 806 2562 Ἰσζσεσθε
854 2510 1175 2580 μισούμενοι
1222 2511 1327 2561 ὑπὸ
1371 2510 1586 2562 πάντων
1622 2509 1710 2561 διὰ
1733 2509 1795 2561 τὸ

212 2600 395 2668 ὄνομα
422 2616 547 2668 μου.
579 2618 596 2648 ι
629 2600 704 2651 Ού
735 2600 891 2669 μόνον
915 2600 971 2651 δὲ
994 2598 1171 2660 10610,
1201 2598 1337 2652 ἀλλὰ
1358 2599 1450 2652 καὶ
1466 2598 1599 2652 ἄλλα
1626 2599 1795 2652 πολλὰ

214 2688 398 2755 εἶπεν,
444 2691 601 2743 ἅτινα
634 2691 752 2742 καθ’
780 2692 993 2761 ἡμέραν
1038 2690 1351 2759 θεωροῦμεν
1379 2691 1663 2760 γινόμενα,
1693 2692 1792 2743 καὶ

214 2781 313 2831 ἐπὶ
344 2781 532 2830 πλεῖον
566 2780 730 2831 αὑτὸν
760 2779 836 2842 ὠς
877 2778 1010 2832 Θεὸν
1040 2781 1476 2850 προσκυνοῦμεν.
1511 2776 1670 2847 Eine,
1700 2799 1795 2852 κηο

218 2870 560 2939 ρυχθήσεται
586 2870 648 2922 τὸ
682 2871 1015 2937 Εὐαγγέλιον
1048 2869 1213 2923 αὑτοῦ
1246 2871 1304 2923 ὲν
1336 2871 1442 2939 ὅλῳ
1473 2871 1551 2941 τῷ
1582 2871 1789 2942 κόσμῳο

218 2957 417 3012 εἶπεν*
453 2961 527 3012 Οὐ
574 2961 648 3031 μὴ
700 2962 857 3032 μείνῃ
900 2960 1044 3023 λίθος
1092 2962 1185 3013 ἐπὶ
1230 2960 1379 3013 λίθον
1409 2962 1487 3024 είς
1535 2961 1626 3013 τὸν
1668 2963 1795 3014 ναὸν

216 3052 380 3115 ὑμῶν
403 3066 418 3082 ο
458 3047 635 3113 εἶπεν,
678 3051 759 3103 ὅτι
791 3070 809 3102 ι
855 3051 913 3103 '0
944 3052 1018 3119 μὴ
1051 3051 1233 3119 ἀφιεὶς
1273 3050 1482 3121 πατέρα
1518 3052 1609 3105 καὶ
1638 3052 1794 3104 ἀδελ-

219 3145 359 3210 φοὺς
391 3145 488 3193 καὶ
530 3141 782 3209 ἀδελφὰς,
831 3142 893 3194 οὐ
930 3141 1153 3195 δύναται
1200 3142 1566 3212 ἀκολουθῆσαί
1619 3159 1730 3211 μοι.
1769 3160 1787 3193 ι

216 3231 396 3285 Εἶπεν
420 3235 551 3301 ἡμῖν
575 3234 702 3302 περὶ
734 3233 1103 3301 ὲλεημοσύνης
1123 3235 1377 3302 κρυπτῶς
1400 3234 1564 3303 αὐτὴν
1597 3239 1788 3288 ποιεῖν’

217 3322 380 3376 εἶπεν
408 3326 545 3393 ἡμῖν
567 3341 581 3354 ·
618 3342 635 3373 ι
668 3322 1002 3386 Βαπτίζεσθε
1028 3326 1107 3386 εἰς
1134 3325 1194 3376 τὸ
1228 3325 1398 3393 ὄνομα
1431 3325 1523 3378 τοῦ
1558 3328 1789 3397 Πατρὸς,

218 3414 319 3464 καὶ
356 3411 456 3463 τοῦ
519 3412 668 3475 Υἱοῦ,
694 3413 786 3465 καὶ
830 3413 924 3465 τοῦ
968 3414 1124 3481 ἁγίου
1164 3414 1512 3484 Πνεύματος.
1551 3436 1569 3467 ι
1625 3415 1791 3470 Εἶπεν

216 3507 356 3572 ἡμῖν
386 3520 399 3531 -
446 3522 463 3553 ι
484 3502 620 3555 Μεθ’
650 3504 803 3572 ὑμῶν
843 3506 956 3575 εἰμι
991 3506 1171 3567 πάσας
1200 3507 1297 3569 τὰς
1330 3508 1540 3576 ἡμέρας
1566 3509 1667 3570 ἕως
1694 3510 1792 3578 τῆς

218 3592 541 3653 συντελείας
573 3590 667 3643 τοῦ
701 3592 915 3655 αίῶνος.
943 3612 961 3643 ι
994 3593 1089 3655 Τίς
1117 3593 1211 3647 οὖν
1240 3596 1389 3647 ἐστιν
1435 3596 1463 3646 ὁ
1499 3596 1792 3665 δυνάμενος

216 3684 446 3751 ἐλέγξαι
467 3682 651 3747 αὐτὸν,
674 3684 756 3736 ὅτι
780 3684 1044 3752 ἐψεύσατο
1064 3686 1239 3738 ταῦτα
1289 3686 1513 3740 εἰπόντα
1541 3687 1631 3739 τὸν
1661 3689 1794 3758 Χρι-

219 3776 382 3837 στόν;
429 3775 615 3836 Οὐδεὶς
669 3776 920 3838 πάντως·
967 3775 1104 3828 ἀλλὰ
1152 3778 1331 3831 πάντα
1369 3777 1677 3845 γεγόνασιν,
1718 3779 1793 3841 ὡς

218 3866 715 3935 προείπομενριαὶ
757 3866 1017 3933 γίνονται.
1055 3862 1204 3938 Ἀρα
1255 3869 1352 3922 ούκ
1391 3869 1584 3921 ἔπεσεν
1612 3871 1640 3921 ὁ
1668 3870 1792 3930 ναὸς

1894 1964 2057 2018 runt?
2084 1963 2192 2031 ipsi
2228 1963 2513 2031 perierunt
2533 1972 2588 2017 ct
2613 1962 2864 2017 dissoluti
2887 1970 3035 2026 sunt,
3064 1976 3304 2029 veraque
3324 1974 3454 2029 pra:-

1893 2052 2171 2106 nuntiavit
2219 2052 2512 2118 Christus,
2558 2052 2720 2106 nobis
2766 2052 2998 2107 dicens:
3046 2070 3065 2102 ι
3114 2051 3254 2106 Odio
3303 2051 3463 2105 eritis

1893 2144 2153 2198 omnibus
2200 2153 2426 2214 propter
2474 2160 2676 2199 nomen
2731 2159 2914 2198 mcum
2944 2144 3028 2209 ";
3065 2163 3084 2195 ι
3121 2153 3178 2197 et
3213 2142 3412 2197 iterum
3442 2160 3457 2196 :

1901 2255 1919 2286 ι
1942 2235 2021 2289 Ad
2046 2251 2200 2305 reges
2226 2244 2282 2290 et
2305 2236 2371 2289 ad
2404 2235 2667 2306 przesides
2684 2234 2964 2290 ducemini
2995 2243 3220 2305 propter
3251 2250 3337 2289 me
3357 2235 3455 2287 ³⁸..

1893 2324 2007 2383 lloe
2049 2330 2216 2398 igitur
2252 2329 2433 2383 solum
2481 2336 2755 2397 superest,
2788 2326 2937 2396 quod
2984 2327 3317 2381 concludere
3358 2326 3459 2380 dt»

1894 2419 2070 2473 beatis
2105 2436 2118 2471 :
2151 2419 2279 2474 odio
2309 2435 2507 2489 nempe
2536 2428 2721 2473 vestro
2760 2419 3049 2473 adversum
3083 2434 3204 2483 nos,
3248 2419 3464 2488 perspi-

1894 2526 1997 2564 euc
2025 2510 2417 2564 demonstratis
2454 2526 2585 2564 vera
2622 2510 2982 2579 prophetasse
3001 2509 3304 2571 Christum,
3330 2509 3462 2564 dum

1896 2603 2148 2656 diceret:
2212 2620 2230 2652 ι
2276 2600 2415 2656 Odio
2468 2599 2625 2654 erilis
2679 2600 2937 2653 omnibus
2987 2610 3213 2669 propter
3261 2615 3463 2654 nomen

1897 2707 2099 2745 meum.
2129 2710 2147 2740 ι
2193 2691 2382 2760 Neque
2415 2691 2548 2744 illud
2578 2700 2812 2753 tantum,
2850 2691 2947 2746 sed
2984 2692 3154 2745 multa
3195 2692 3301 2745 alia
3328 2707 3467 2761 prae-

1896 2781 2055 2844 dixit,
2081 2797 2201 2850 qum
2229 2781 2477 2850 quotidie
2509 2781 2575 2833 ad
2604 2781 2861 2835 eﬂcctum
2894 2781 3156 2849 perducta
3189 2780 3463 2849 conspici-

1895 2889 2039 2937 mus,
2087 2873 2233 2926 unde
2279 2871 2451 2940 magis
2504 2871 2559 2925 in
2615 2871 2805 2940 ipsius,
2857 2878 2916 2924 ut
2970 2870 3091 2935 Dei,
3143 2871 3463 2926 adoratiouc

1897 2966 2307 3017 conlirinainur.
2343 2964 2487 3016 Dixit
2519 2962 2666 3016 enim
2724 2961 3080 3030 przedicatum
3110 2961 3175 3015 iri
3223 2963 3466 3033 Evange-

1897 3054 2030 3107 lium
2063 3069 2222 3107 suum
2269 3054 2324 3106 in
2368 3054 2627 3105 universo
2663 3052 2902 3117 mundo;
2930 3052 3183 3121 prxedixit
3230 3068 3340 3107 non
3374 3070 3464 3107 re-

1898 3159 2219 3197 mansurum
2249 3144 2487 3211 lapidem
2513 3158 2682 3212 super
2699 3142 2935 3211 lapidem
2958 3144 3011 3196 in
3034 3143 3237 3211 templo
3257 3152 3460 3211 vestro,

1895 3235 2068 3286 dixit:
2109 3253 2126 3283 ι
2163 3232 2265 3298 Qui
2298 3248 2407 3285 non
2446 3232 2942 3301 relinquitpatrem
2966 3239 3023 3285 et
3051 3231 3253 3287 fratres
3285 3243 3343 3286 et
3369 3249 3462 3287 so-

1896 3341 2070 3387 rores,
2102 3341 2211 3378 non
2238 3331 2418 3393 potest
2464 3323 2652 3377 venire
2689 3331 2814 3391 post
2853 3338 2939 3376 me
2967 3324 3040 3388 l";
3077 3342 3096 3375 ι
3127 3322 3195 3377 de
3228 3323 3464 3377 elcemo-

1893 3430 2024 3483 syna
2078 3413 2341 3482 praecepit
2383 3411 2567 3474 nobis,
2617 3419 2677 3463 ut
2721 3412 2959 3465 latenter
2995 3426 3115 3465 eam
3151 3411 3459 3476 faciamus;

1893 3505 2032 3557 dixit
2065 3504 2259 3557 nobis:
2293 3524 2310 3553 ι
2346 3503 2705 3571 Baptizamini
2736 3503 2789 3556 in
2814 3503 3035 3557 nomine
3062 3503 3241 3558 Patris
3262 3512 3318 3557 et
3339 3505 3461 3559 Filii

1893 3600 1949 3642 et
1976 3589 2215 3659 Spiritus
2245 3590 2452 3655 sancti;
2490 3610 2507 3640 ι
2545 3598 2600 3643 et
2633 3591 2831 3643 iterum
2859 3609 2871 3643 :
2904 3611 2921 3642 ι
2954 3591 3096 3645 Ecce
3139 3608 3240 3661 ego
3274 3592 3463 3646 vobis-

1893 3696 2016 3733 cum
2063 3696 2184 3735 sum
2238 3681 2502 3750 usquead
2534 3681 3065 3736 consummationem
3110 3683 3383 3737 szeculi“.
3435 3702 3454 3734 ι

1896 3772 2098 3840 Ecquis
2145 3771 2313 3841 igitur
2347 3771 2629 3827 Christum
2673 3774 2849 3841 possit
2901 3773 3171 3827 mendacii
3229 3790 3462 3845 arguere

1895 3861 2041 3915 circa
2071 3862 2168 3915 has
2190 3878 2380 3915 onmes
2408 3863 2836 3930 prardictiones?
2863 3865 3035 3918 Nemo
3062 3879 3191 3918 sane
3216 3880 3231 3929 ;
3261 3866 3378 3929 sed,
3403 3874 3463 3918 ut

218 3956 383 4025 ὑμῶν
431 3956 525 4008 καὶ
576 3957 746 4024 tuin;
776 3953 883 4024 ἆρα
914 3957 1013 4009 οὐκ
1059 3958 1334 4028 ἐκηρύχθη
1364 3960 1424 4010 τὺ
1466 3960 1793 4027 Εὐαγγέλιον

1889 3953 1997 4022 jam
2033 3952 2292 4016 diximus,
2319 3955 2501 4007 omnia
2528 3954 2594 4007 ad
2636 3953 2892 4007 cﬂ‘ectum
2932 3955 3198 4023 perducta
3225 3966 3376 4021 sunt,
3406 3970 3461 4012 et

217 4047 394 4101 αὐτοῦ
435 4049 493 4099 ὲν
524 4047 633 4117 ὅλῳ
660 4048 737 4117 τῷ
761 4048 949 4117 κόσμῳ
974 4064 988 4111 ;
1021 4043 1129 4117 ἄρα
1154 4051 1213 4101 οὐ
1257 4049 1563 4119 μισούμεθα
1590 4052 1637 4103 οἱ
1666 4052 1796 4121 Χρι-

220 4140 437 4191 στιανοὶ
475 4138 579 4190 ὑπὸ
610 4140 831 4189 πάντων
864 4139 971 4189 τῶν
998 4138 1168 4191 ἐθνῶν
1195 4139 1282 4193 διὰ
1312 4140 1371 4191 τὸ
1404 4140 1573 4210 ὄνομα
1596 4141 1791 4207 αὐτοῦς

218 4224 334 4299 ἆρα
367 4229 429 4280 οὐ
478 4227 791 4296 θεωροῦμεν
853 4230 1075 4296 μυρὶους
1121 4231 1373 4296 ἀφιέντας
1414 4233 1673 4301 πατέρας,
1702 4235 1795 4285 καὶ

221 4320 496 4390 μητέρας,
520 4322 611 4372 καὶ
639 4319 1057 4383 ἀκολουθοῦντας
1082 4320 1156 4389 τῷ
1183 4322 1433 4393 Χριστῷ;
1459 4318 1566 4391 ἆρα
1597 4324 1655 4375 οὐ
1679 4323 1797 4393 βλέ-

218 4428 404 4479 πομεν
455 4411 488 4481 ἢ
534 4411 593 4462 ού
623 4410 850 4479 νοοῦμεν
879 4412 960 4464 ὅτι
1002 4413 1119 4481 μεθ’
1143 4414 1300 4483 ἡμῶν
1329 4416 1475 4467 ἐστιν
1500 4416 1528 4467 ὁ
1555 4417 1791 4487 Χριστὸς

1895 4043 2293 4112 perducuntur.
2320 4045 2514 4099 Nonne
2542 4047 2805 4115 templum
2832 4057 3077 4100 vestrum
3109 4048 3353 4102 dirutum
3377 4059 3464 4104 est

1894 4143 1952 4187 et
1984 4135 2369 4188 combustum?
2396 4135 2590 4189 Nonne
2617 4136 2967 4204 pnedicatum
2992 4147 3077 4191 est
3109 4138 3461 4209 Evangelium

1896 4227 2017 4295 ejus
2072 4226 2127 4278 in
2187 4227 2446 4281 universo
2498 4227 2743 4280 mundo?
2783 4228 2977 4282 Nonne
3025 4229 3154 4282 odio
3194 4230 3463 4284 habemur

1896 4334 1996 4372 nos
2020 4317 2317 4371 Christiani
2344 4318 2412 4371 ab
2436 4319 2693 4373 omnibus
2722 4320 2978 4388 gentibus
3003 4329 3229 4389 propter
3261 4338 3461 4375 nomen

1896 4412 2049 4481 ejus?
2086 4412 2278 4466 Nonne
2309 4412 2561 4465 videmus
2604 4412 3034 4467 innumerabiles
3061 4453 3076 4476 ,
3114 4415 3365 4483 patribus
3406 4426 3465 4469 ct

218 4501 411 4560 πάσας
437 4499 531 4560 τὰς
553 4499 656 4566 ἠμέ
664 4515 760 4565 ρας
780 4498 995 4567 ἓωςτῆς
1014 4501 1326 4562 συντελείας
1347 4501 1440 4553 τοῦ
1473 4501 1687 4567 αἰῶνος,
1724 4504 1797 4571 μὴ
1830 4514 1873 4570 υ

1830 4514 1875 4570 ο
1904 4504 2171 4557 matribus
2198 4504 2427 4565 relictis,
2454 4503 2606 4557 illum
2638 4505 2972 4572 sequentes?
3010 4505 3201 4559 Nonne
3247 4508 3461 4575 perspi-

221 4586 533 4657 συγχωρῶν
568 4587 978 4656 καταργηθῆναι
1003 4588 1101 4658 τὴν
1122 4589 1304 4642 πίστιν
1348 4591 1538 4661 ἡμῶν;
1580 4593 1674 4655 Τίς
1705 4593 1797 4644 οὖν

218 4680 446 4750 βλέπων
474 4677 542 4730 τὰ
565 4680 786 4731 τοιαῦτα
812 4680 902 4731 καὶ
925 4680 991 4733 τὰ
1014 4680 1251 4734 τοσαῦτα
1272 4682 1435 4735 αὐτοῦ
1460 4684 1677 4754 ῥήματα
1703 4685 1798 4736 καὶ

220 4772 557 4840 πράγματα,
590 4768 733 4838 ἅπερ
761 4768 867 4837 πρὸ
899 4769 1103 4837 χρόνων
1145 4770 1479 4825 ὀκτακοσίων
1508 4773 1540 4842 ἦ
1573 4774 1667 4826 καὶ
1694 4775 1794 4825 ἐπ-

221 4862 419 4911 έκεινα
442 4857 723 4926 προεῖπεν,
752 4858 993 4926 σήμερον
1026 4858 1120 4911 καὶ
1149 4858 1270 4913 καθ’
1296 4861 1508 4930 ἡμέραν
1537 4861 1798 4930 γινόμενα

220 4949 321 5000 καὶ
362 4946 673 5015 λάμποντα,
699 4946 919 4998 δύναται
940 4948 1243 5016 ἀπιστῆσαι
1274 4950 1305 5020 ἢ
1347 4950 1797 5020 σκανδαλισθῆναι

220 5041 308 5100 είς
339 5037 547 5100 αὐτόν;
582 5037 656 5106 μὴ
692 5037 921 5103 γένοιτο.
960 5038 1125 5089 Ὥστε
1172 5038 1251 5109 τῷ
1281 5040 1588 5110 βουλομένῳ
1617 5042 1799 5092 ἐντεῦ-

224 5129 323 5179 θεν
353 5127 475 5177 ἐστι
505 5126 722 5194 μαθεῖν,
753 5127 835 5179 ὅτι
863 5128 961 5197 οὐχ
991 5129 1227 5197 ὑπάρχει
1278 5131 1441 5200 ἑτέρα
1494 5132 1675 5191 πίστις
1714 5132 1801 5183 εὑ-

225 5215 538 5285 σεὸεστέρα
570 5217 662 5268 ἐπὶ
698 5217 799 5283 τῆς
828 5218 953 5286 γῆς,
982 5218 1154 5288 ἀλλ’ἢ
1190 5219 1325 5289 μόνη
1375 5223 1407 5291 ἠ
1438 5223 1516 5283 είς
1549 5222 1799 5292 Χριστόν.

222 5305 393 5375 Αὐτῷ
421 5306 456 5375 ἡ
481 5304 607 5368 δόξα
640 5304 732 5356 καὶ
759 5304 819 5357 τὸ
849 5306 1066 5374 κράτος.
1111 5307 1301 5375 ’Δμήν.

309 5648 361 5679 ⁸⁸
398 5646 592 5701 Matth.
619 5661 730 5711 XVI,
762 5646 846 5700 18.
923 5648 966 5679 ⁸⁷
1004 5645 1192 5699 Matth.
1222 5660 1273 5708 ι,
1308 5643 1398 5698 2‘2.

557 5847 820 5908 Ριτιιοι..
867 5850 982 5909 Cn.
1032 5849 1359 5912 υςκχιχ.

1478 5644 1522 5674 ⁸⁸
1553 5643 1687 5697 ibid.
1717 5644 1798 5697 13.
1874 5645 1920 5675 "
1956 5644 2143 5699 Matth.
2174 5662 2224 5708 χ,
2254 5649 2341 5705 57.

1899 4595 2075 4648 cimus
2107 4604 2203 4647 aut
2230 4595 2609 4664 intelligimus,
2638 4595 2784 4664 quod
2824 4594 3078 4650 Christus
3128 4613 3254 4650 eum
3301 4598 3463 4651 nobis

1900 4686 1971 4739 sit
1996 4701 2166 4753 usque
2196 4686 2263 4738 ad
2292 4687 2820 4740 consummationem
2850 4687 3058 4751 smculi,
3096 4703 3204 4740 nou
3231 4690 3463 4756 permit-

1900 4784 2019 4829 tens
2048 4776 2206 4829 [idem
2239 4784 2482 4829 nostram
2516 4777 2814 4830 evacuari?
2851 4775 2984 4842 Quis
3025 4787 3111 4831 est
3145 4778 3313 4847 igitur
3342 4780 3460 4847 qui,

1901 4861 2028 4913 talia
2068 4869 2123 4914 et
2173 4869 2322 4914 tanta
2369 4875 2598 4915 cernens
2632 4861 2700 4914 ab
2736 4861 2828 4914 illo
2851 4872 2977 4916 ante
3003 4863 3346 4931 octingentos
3377 4865 3464 4919 vel

1903 4953 2089 5020 plures
2118 4967 2291 5005 annos
2314 4950 2571 5020 przedicta
2606 4952 2691 5005 vel
2718 4962 3008 5021 prmeepta,
3038 4953 3282 5022 quotidie
3317 4969 3466 5009 nunc

1903 5043 1970 5095 ad
2016 5043 2272 5096 ell‘ectum
2321 5059 2445 5099 eum
2507 5052 2658 5097 tanto
2704 5044 2993 5113 splendore
3042 5044 3325 5113 perducta,
3355 5061 3465 5099 non

1901 5130 2109 5187 credat,
2130 5139 2225 5182 aut
2249 5129 2653 5183 scandalizetur
2681 5132 2732 5184 in
2761 5130 2926 5183 eum?
2948 5132 3103 5184 Absit
3120 5140 3180 5184 ut
3200 5132 3322 5185 talis
3342 5132 3466 5199 quis

1900 5218 2175 5271 exsistat!
2213 5219 2288 5271 Ex
2346 5218 2429 5272 his
2468 5219 2634 5289 igitur
2682 5220 2878 5287 cuique
2908 5221 3115 5273 volenti
3154 5222 3465 5288 perspicere

1901 5309 2051 5372 licet,
2093 5308 2299 5362 nullam
2325 5309 2591 5363 exsistere
2618 5325 2783 5376 super
2810 5319 3035 5372 terram,
3070 5309 3466 5378 reiigiosiorcm

1904 5398 2089 5459 ﬁdem,
2118 5408 2314 5466 praeter
2338 5399 2506 5451 solam
2550 5398 2709 5450 tidem
2743 5398 2795 5450 in
2824 5396 3126 5451 Christum.
3162 5397 3268 5468 ipsi
3296 5396 3468 5468 gloria

1903 5499 1958 5543 ct
2000 5497 2257 5559 potestas.
2291 5489 2486 5543 Amen.

2422 5650 2466 5680 ⁶⁰
2498 5648 2692 5705 Matth.
2728 5667 2912 5712 xxvm,
2950 5652 3034 5716 19,
3061 5652 3149 5705 20.

2996 5851 3072 5908 3U
