4190 6438
748 368 875 429 ιρεῑ

1930 374 1992 430 S.
2035 370 2129 428 ΑΝ
2142 369 2424 428 AS’I‘ASH
2467 368 2634 426 SINA
2650 367 2787 424 I'l‘.=l£
3851 369 3867 428 ι
3887 370 3988 430 3'28

1437 738 1663 824 ΤΟΥ
1732 734 2109 821 ΑΥΤΟΥ
2181 734 2671 821 ΔΕΥΤΕΡΛ
2745 734 3300 821 ΕΡΩΤΙΙΣΙΣ.

2336 925 2404 939 .-

1248 1072 1780 1165 EJUSDEM
1884 1070 2418 1161 SECUNDA
2517 1068 2880 1158 INTER
2905 1065 3471 1161 ROGATIO.

813 1414 877 1465 Et
905 1410 1086 1466 omnia
1119 1411 1339 1481 quidem
1369 1410 1436 1465 de
1471 1413 1563 1466 illo
1598 1417 1878 1483 propheta:
1910 1412 2299 1483 p'tdixeruut,

2473 1407 2582 1459 Καὶ
2598 1408 2705 1475 γὰρ
2729 1407 2943 1462 ἅπαντα
2961 1405 3030 1459 τὰ
3048 1406 3176 1477 περὶ
3196 1405 3359 1460 αὐτοῦ
3376 1406 3425 1459 οἱ
3443 1408 3717 1476 προφῆται
3741 1424 3871 1476 1:90:
3883 1404 3988 1467 κῆ-

744 1519 838 1557 vos
872 1514 1052 1557 autem
1099 1520 1206 1557 non
1244 1504 1542 1557 attenditis.
1593 1504 1648 1558 Si
1683 1521 1815 1557 vero
1861 1506 2048 1558 dicitis
2082 1522 2095 1558 :
2130 1504 2310 1569 Quare

741 1596 1023 1664 propheta:
1047 1595 1115 1648 de
1146 1604 1335 1649 vestro
1364 1596 1588 1649 Christo
1627 1596 1919 1665 loquentes
1972 1611 2079 1649 non
2124 1604 2310 1664 aperte

740 1696 797 1740 et
845 1688 987 1742 clare
1047 1687 1204 1740 uobis
1249 1688 1418 1742 locuti
1470 1690 1648 1743 sunt?
1694 1690 1764 1745 Ut
1811 1688 2064 1751 videatis,
2110 1688 2308 1749 Judzei,

740 1780 1019 1833 Christum
1050 1782 1264 1836 venisse
1294 1792 1349 1836 et
1397 1784 1558 1835 linem
1599 1782 1923 1851 imposuisse
1960 1781 2063 1848 legi
2099 1788 2154 1834 et
2178 1781 2311 1847 legis

741 1868 1230 1927 inuuolationibus.
1283 1878 1337 1923 et
1387 1870 1543 1922 vobis
1577 1869 1702 1921 dico
1748 1887 1760 1921 :
1813 1868 1972 1931 Istos,
2023 1869 2067 1921 si
2108 1867 2310 1920 nudam

741 1975 855 2013 rem
888 1960 958 2012 ita
990 1961 1156 2012 loeuti
1189 1969 1393 2024 essent,
1427 1961 1609 2013 statim
1653 1958 1977 2028 lapidabatis
2009 1972 2309 2025 eorumque

743 2051 914 2104 libros
940 2052 1285 2104 ercmahatis.
1313 2052 1425 2105 Nos
1450 2052 1670 2106 denmm
1703 2053 1754 2105 in
1800 2052 1901 2103 hoe
1935 2050 2262 2119 aspiciamus
2292 2065 2306 2113 ;

740 2139 906 2191 modo
928 2140 1076 2191 enim
1107 2155 1171 2191 ex
1208 2140 1407 2193 vestris
1439 2140 1721 2209 prophetis
1765 2154 1864 2191 vos
1904 2137 2308 2198 eonfundimus,

739 2231 924 2282 (ηιιηίτι
950 2247 1070 2298 qua:
1110 2230 1178 2284 de
1210 2230 1431 2283 Christo
1474 2231 1733 2283 dixerunt
1779 2240 2070 2295 arguentes
2106 2240 2161 2282 et
2203 2244 2311 2297 pra:

738 2323 898 2375 vobis
944 2331 1207 2391 ponentes
1285 2321 1452 2375 David
1512 2323 1659 2376 enim
1719 2323 1853 2375 dicit
1899 2340 1911 2375 :
1960 2340 1979 2373 ι
2024 2320 2312 2374 luelinavit

739 2414 911 2466 oculos
938 2425 993 2466 et
1033 2413 1322 2467 descendit
1351 2416 1417 2467 “.
1461 2434 1478 2464 ι
1517 2415 1683 2468 Isaias
1715 2414 1849 2467 dicit
1881 2431 1894 2467 :
1931 2432 1948 2463 ι
1984 2414 2123 2467 Ecce
2157 2412 2310 2479 virgo

739 2505 1016 2571 eoueipiet
1047 2515 1103 2557 et
1138 2508 1313 2573 pariet
1340 2505 1531 2568 filium,
1584 2516 1637 2558 et
1670 2506 1943 2558 vocabunt
1972 2520 2168 2557 nomen
2194 2503 2312 2572 ejus

740 2594 1058 2649 Enuuauuel
1088 2595 1172 2658 ⁶¹;
1217 2614 1233 2643 ι
1288 2611 1355 2647 en
1408 2597 1527 2663 ejus
1574 2596 1851 2648 nativilas.
1909 2596 2110 2648 lterum
2169 2594 2310 2646 idem

742 2686 1011 2754 propheta
1042 2684 1176 2737 dicit
1212 2701 1227 2735 :
1272 2702 1289 2734 ι
1329 2685 1423 2738 Ille
1452 2686 1594 2738 Deus
1625 2694 1828 2745 noster,
1855 2701 1961 2737 non
1985 2683 2313 2752 diseeptabit

2416 1498 2605 1568 ρυξαν,
2630 1500 2744 1552 ἀλλ’
2771 1499 2925 1568 ὑμεῖς
2950 1499 3050 1551 οὐκ
3073 1498 3393 1568 ὲμὸλέπετε.
3413 1499 3473 1551 Εἰ
3490 1499 3543 1551 δὲ
3568 1500 3753 1565 λέγετε
3782 1499 3866 1551 ὅτι
3891 1499 3988 1551 ἐὰν

2408 1594 2455 1644 οἱ
2482 1591 2759 1660 προφῆται
2782 1589 2933 1660 ὑμῶν
2961 1590 3194 1661 Χριστοῦ
3225 1592 3497 1655 εἶτ-εόντες,
3522 1592 3609 1644 διὰ
3631 1593 3683 1643 τί
3714 1591 3788 1660 μὴ
3825 1608 3989 1657 φανε-

2411 1683 2520 1752 ρῶς
2555 1683 2650 1735 καὶ
2682 1682 2978 1752 διαρρήδην
3028 1677 3180 1734 εἷπον
3229 1682 3397 1751 ἡμῖνς
3460 1682 3580 1733 Ὅτι
3633 1682 3719 1734 ἵνα
3780 1682 3984 1750 εἰδῆτε,

2423 1774 2688 1836 Ἰουδαῖοι,
2717 1774 2798 1826 ὅτι
2842 1775 2870 1825 ὁ
2912 1772 3143 1843 Χριστὸς
3202 1773 3383 1844 μέλλει
3432 1774 3604 1825 ἐλθεῖν
3649 1773 3741 1824 καὶ
3770 1775 3985 1823 παῦσαι

2407 1863 2500 1915 τὸν
2533 1865 2696 1933 νόμον
2730 1865 2825 1917 καὶ
2850 1864 2945 1927 τὰς
2993 1866 3184 1927 θυσίας
3214 1865 3308 1917 τοῦ
3354 1865 3524 1934 νόμου
3547 1880 3562 1894 ·
3589 1865 3684 1915 καὶ
3712 1864 3855 1930 λέγω
3897 1881 3983 1916 σοι

2409 1954 2490 2005 ὃτι
2520 1953 2569 2004 εἰ
2598 1950 2751 2005 εἷπον
2780 1954 2952 2016 οὕτως
2996 1955 3203 2024 γυμνδν
3243 1956 3303 2007 τὸ
3338 1958 3591 2024 πρᾶγμα.
3628 1955 3831 2016 εὐθέως
3876 1955 3988 2006 ἑλι-

2410 2040 2602 2105 θὰζετε
2647 2043 2845 2105 αὐτοὺς
2881 2043 2975 2096 καὶ
3015 2043 3115 2105 τὰς
3167 2044 3381 2114 βίϐλους
3411 2044 3591 2097 αὐτῶν
3616 2044 3851 2097 ὲκαίετε.
3878 2046 3987 2096 Καὶ

2408 2135 2571 2203 ἡμεῖς
2600 2132 2786 2186 λοιπὸν
2817 2136 2897 2195 εἰς
2930 2134 3090 2186 τοῦτο
3120 2136 3431 2205 βλεπόμεθα
3451 2152 3466 2167 ⁶
3494 2136 3617 2206 ἄρτι
3642 2137 3750 2207 γὰρ
3776 2138 3840 2188 ὲκ
3870 2136 3986 2187 τῶν

2411 2224 2705 2295 προφητῶν
2748 2226 2901 2294 ὑμῶν
2958 2227 3104 2295 ὑμᾶς
3145 2226 3604 2298 καταισχύνομεν,
3644 2228 3741 2281 ὅλα
3778 2230 3847 2280 τὰ
3886 2227 3981 2279 τοῦ

2411 2318 2648 2385 Χριστοῦ
2686 2316 2745 2380 ἐξ
2781 2317 2963 2369 αὐτῶν
2994 2317 3137 2385 ὑμᾶς
3170 2317 3483 2386 ἐλέγχοντες
3521 2319 3617 2369 καὶ
3659 2319 3969 2387 παριστῶν-

2409 2424 2522 2469 τες.
2562 2406 2622 2458 '0
2657 2407 2822 2459 Δαϐὶδ
2869 2406 2966 2476 μὲν
3008 2408 3118 2477 γὰρ
3163 2406 3348 2473 λέγει’
3393 2426 3411 2459 ι
3436 2408 3685 2460 Ἐκλινεν
3715 2409 3981 2478 οὐρανοὺς

2412 2498 2507 2551 καὶ
2540 2498 2769 2568 κατέϐη.
2803 2517 2821 2549 ι
2870 2498 3097 2559 Ἡσαΐας
3125 2498 3299 2565 λέγει·
3341 2516 3359 2549 ι
3400 2499 3529 2551 ’1δοῦ
3557 2501 3589 2568 ἡ
3619 2500 3889 2567 παρθένος
3928 2503 3985 2551 ἐν

2413 2590 2610 2659 γαστρὶ
2633 2588 2763 2652 ἕξει,
2796 2589 2888 2640 καὶ
2911 2587 3121 2652 τέξεται
3146 2590 3298 2649 ὐἱδν,
3333 2588 3428 2642 καὶ
3458 2590 3744 2643 καλέσουσι
3773 2590 3834 2642 τὸ
3864 2592 3985 2643 ὅνο-

2420 2697 2497 2749 μα
2525 2680 2689 2733 αὑτοῦ
2730 2680 3078 2749 Ἐμμανουήλ
3099 2696 3113 2711 ο
3140 2699 3158 2730 ι
3189 2681 3297 2733 ἰδοὺ
3325 2682 3357 2748 ἠ
3380 2682 3649 2750 γέννησις.
3684 2684 3791 2735 Καὶ
3820 2682 3984 2734 πάλιν

742 2777 882 2828 alius
914 2792 1037 2829 eum
1070 2776 1195 2839 illo;
1223 2785 1279 2829 et
1322 2786 1444 2844 post
1495 2776 1547 2828 in
1595 2784 1740 2828 terra
1792 2777 1943 2829 visus
1970 2786 2054 2830 est
2094 2786 2149 2829 et
2187 2790 2310 2830 cum

2413 2772 2440 2821 6
2468 2771 2631 2833 αὐτὸς
2664 2773 2946 2841 προφήτης
2987 2771 3136 2839 λέγει
3160 2788 3173 2801 ·
3220 2790 3237 2823 ι
3263 2767 3426 2835 Οὗτος
3463 2775 3492 2825 6
3526 2773 3658 2836 Θεὸς
3712 2775 3891 2842 ἡμῶν,
3923 2776 3983 2826 οὗ

743 2867 1063 2920 hominibus
1106 2878 1467 2920 conversatus
1508 2877 1591 2921 est
1616 2869 1660 2899 °'
1686 2885 1699 2897 ·
1743 2887 1761 2917 ι
1793 2882 1860 2921 eu
1891 2869 2010 2937 ejus
2048 2883 2172 2921 eum
2207 2868 2307 2920 ho-

745 2957 989 3009 minibus
1015 2959 1382 3011 conversatio.
1411 2959 1517 3011 Nec
1543 2959 1803 3026 possibile
1831 2969 1948 3011 erat
1974 2959 2131 3011 aliter
2159 2958 2310 3011 illum

742 3048 811 3101 ab
854 3048 1171 3100 lrominihus
1194 3048 1391 3107 videri,
1414 3047 1557 3101 mula
1582 3049 1635 3101 in
1661 3048 1947 3101 divinitate
1973 3046 2309 3111 conversari,

745 3137 849 3191 nisi
889 3138 1180 3189 luunanam
1217 3146 1469 3190 naturam
1520 3147 1574 3189 et
1622 3153 1840 3190 carnem
1890 3137 2215 3205 sumpsisset
2258 3145 2314 3189 et

745 3229 1033 3281 induisset.
1076 3228 1287 3297 Moyses
1329 3245 1568 3297 quoque,
1612 3238 1895 3297 postquam
1942 3229 2169 3297 gloriam
2216 3228 2311 3281 Dei

749 3319 997 3381 vidisset,
1026 3322 1097 3371 ita
1132 3327 1190 3371 ut
1220 3319 1513 3387 nequirent
1548 3318 1641 3371 filii
1673 3319 1833 3371 Israel
1867 3334 2092 3371 cernere
2117 3317 2310 3370 faciem

745 3414 865 3480 ejus
897 3420 1161 3480 apertam,
1194 3410 1298 3462 nisi
1322 3410 1503 3462 velum
1534 3410 1906 3478 imposuisset.
1938 3409 2073 3462 dixit
2098 3408 2162 3461 ad
2189 3410 2313 3461 illos

748 3504 895 3555 Ioue:
933 3520 950 3551 ι
999 3501 1324 3568 Prophetam
1354 3500 1404 3551 in
1437 3499 1593 3552 vobis
1622 3516 1847 3568 surgere
1867 3500 2026 3552 faciet
2053 3499 2315 3552 Dominus

747 3596 890 3646 Deus
924 3601 1114 3645 noster
1143 3607 1173 3645 e
1206 3592 1472 3644 fratribus
1518 3590 1717 3643 vestris
1757 3599 2012 3658 tanquam
2052 3605 2136 3641 me
2171 3588 2237 3642 σῖ.
2288 3606 2306 3639 ι

745 3686 884 3751 Quid
912 3694 993 3737 est
1025 3683 1157 3736 illud
1192 3692 1445 3739 [animum
1478 3682 1594 3735 me?
1624 3682 1694 3736 Ut
1738 3682 1884 3734 enim
1929 3681 2124 3751 Moysis
2147 3680 2313 3733 facies

746 3778 916 3843 gloria
966 3772 1269 3826 illuminata
1319 3772 1536 3834 fuerat,
1593 3781 1649 3825 et
1695 3787 1819 3825 cum
1870 3771 2163 3839 nequirent
2216 3770 2312 3823 filii

746 3865 1195 3933 lsraelaspieere
1230 3864 1457 3933 gloriam
1491 3865 1633 3933 ejus,
1658 3863 1815 3916 faciei
1852 3862 2033 3915 velum
2067 3862 2315 3931 impone-

748 3953 857 4011 bat,
909 3952 978 4004 ita
1023 3951 1222 4004 deinde
1270 3967 1395 4004 eum
1445 3952 1554 4005 illis
1604 3951 2070 4015 eonversahatur;
2126 3951 2205 4003 sic
2258 3956 2315 4003 et

745 4043 1000 4096 Christus
1031 4043 1125 4095 Dei
1162 4043 1330 4096 Filius
1360 4059 1460 4112 pro
1489 4043 1813 4095 indumento
1852 4043 2041 4095 habuit
2066 4041 2313 4110 corporis

749 4132 1147 4196 habitaculum,
1183 4133 1468 4186 occultans
1515 4148 1669 4186 suam
1699 4132 2065 4193 divinitatem,
2111 4141 2167 4185 et
2198 4148 2313 4185 me—

746 4226 871 4278 dius
898 4225 1072 4276 factus
1124 4223 1266 4277 inter
1288 4224 1458 4278 Deum
1489 4234 1545 4278 et
1574 4224 1854 4288 homines;
1894 4224 2163 4287 incdians,
2198 4239 2317 4277 mc-

748 4317 855 4368 lius
884 4330 1048 4383 quam
1074 4315 1127 4367 in
1152 4312 1357 4384 Moyse,
1386 4315 1638 4369 homines
1672 4331 1797 4369 cum
1830 4316 1961 4374 Deo.
1996 4316 2165 4368 Deum
2190 4331 2314 4369 eum

750 4403 1084 4455 hominibus.
1130 4403 1344 4457 Etenim
1393 4403 1585 4456 melior
1616 4411 1674 4456 et
1707 4404 1880 4471 major
1922 4411 2005 4456 est
2052 4402 2318 4455 Dominus

750 4510 950 4560 servo;
988 4495 1197 4565 Moyses
1229 4495 1377 4549 enim
1423 4511 1617 4549 servus
1640 4503 1780 4558 erat,
1825 4495 2079 4550 Christus
2110 4505 2315 4559 autem,

750 4594 809 4636 ut
839 4585 1001 4646 Deus,
1031 4584 1314 4636 Dominus.
1355 4582 1436 4637 0b
1480 4583 1610 4651 quid
1660 4573 1847 4651 igitur,
1890 4591 2144 4647 tauquam
2179 4600 2259 4635 me
2288 4583 2314 4634 ?

750 4675 831 4725 (Jb
856 4673 1236 4727 iudmuentum
1261 4683 1316 4728 et
1338 4672 1760 4737 mediatiouem;
1789 4683 1845 4727 et
1869 4674 2036 4741 quod,
2063 4674 2313 4741 quisquis

752 4780 859 4816 nou
892 4764 1075 4817 audiet
1110 4766 1255 4818 hunc
1282 4765 1627 4833 prophetam,
1653 4765 2111 4819 exterminabitur
2138 4767 2319 4821 anima

751 4856 870 4916 eius
900 4854 930 4908 εἰ
981 4856 1216 4923 populo;
1251 4864 1307 4907 et
1359 4856 1506 4923 quod
1555 4857 1657 4910 iste
1709 4866 1796 4909 est
1843 4857 2087 4910 liberans
2126 4857 2316 4922 Israel,

756 4949 931 4999 laetus
984 4948 1147 5001 homo
1198 4948 1484 5011 Dominus,
1519 4956 1576 5001 et
1615 4964 1742 5003 cum
1796 4949 1958 5003 nobis
2004 4949 2323 5005 hominibus

754 5046 1136 5099 eonversatus,
1173 5053 1353 5105 neque
1384 5039 1546 5093 alius.

2411 2861 2796 2931 λογισθήσεται
2848 2863 3033 2933 ἔτερος
3070 2863 3206 2932 πρὸς
3259 2864 3457 2917 αὐτόν*
3489 2864 3581 2915 καὶ
3629 2868 3768 2932 μετὰ
3814 2865 3987 2919 ταῦτα

2412 2954 2505 3005 ἐπὶ
2543 2954 2646 3022 γῆς
2691 2953 2849 3024 ὤφθη
2882 2957 2973 3006 καὶ
3001 2956 3113 3017 τοῖς
3142 2954 3449 3024 ἀνθρώποις
3477 2959 3890 3026 συνανεστράφη
3918 2975 3931 2988 ·
3958 2978 3977 3009 ι

2417 3043 2524 3096 ἰδοῦ
2555 3046 2692 3112 μετὰ
2732 3043 2840 3096 τῶν
2879 3044 3183 3114 ἀνθρώπων
3229 3046 3395 3099 αὐτοῦ
3423 3050 3865 3117 συναναστροφή·
3892 3050 3985 3101 καὶ

2412 3130 2511 3182 οὐκ
2540 3126 2608 3200 ἦν
2644 3131 2869 3184 δυνατὸν
2916 3132 3091 3195 ἄλλως
3143 3151 3258 3198 πως
3300 3134 3463 3187 αὑτὸν
3511 3140 3621 3200 τοῖς
3669 3138 3985 3208 ἀνθρώποις

2412 3220 2666 3289 ὀφθῆναι,
2692 3224 2873 3291 γυμνῇ
2913 3226 2979 3291 τῇ
3008 3222 3224 3292 θεότητι
3260 3227 3797 3296 συναναστραφῆναι,
3830 3231 3879 3282 εἰ
3912 3234 3986 3300 μὴ

2412 3317 2514 3383 τὴν
2541 3312 2886 3384 ἀνθρωπείαν
2918 3313 3080 3382 φύσιν
3102 3315 3219 3381 [καὶ
3254 3318 3431 3385 σάρκα
3475 3318 3702 3388 ἐφόρεσε
3751 3321 3846 3371 καὶ
3898 3323 3984 3372 ὲν-

2413 3404 2657 3457 εδύσατο.
2702 3406 2809 3457 Καὶ
2830 3406 2858 3456 6
2904 3406 3143 3476 Μωῦσῆς
3171 3410 3307 3475 μετὰ
3337 3409 3395 3461 τὸ
3425 3410 3554 3461 ἰδεῖν
3580 3414 3677 3480 τὴν
3708 3411 3869 3475 δόξαν
3892 3413 3987 3465 τοῦ

2413 3494 2572 3558 Θεοῦ,
2608 3496 2747 3547 ὥστε
2794 3496 2868 3566 μὴ
2896 3496 3157 3550 δύνασθαι
3192 3499 3316 3561 τοὺς
3342 3501 3487 3563 υἱοὺς
3531 3501 3747 3573 Ἰσραὴλ
3772 3506 3908 3575 ὁρᾷν
3930 3505 3988 3555 τὸ

2415 3592 2707 3662 πρόσωπον
2746 3592 2909 3646 αὑτοῦ
2939 3594 3480 3666 ἀνακεκαλυμμένον,
3508 3598 3557 3650 εἰ
3586 3598 3661 3668 μὴ
3704 3600 3990 3653 ἐπετίθετο

2412 3680 2476 3732 τὸ
2505 3680 2794 3750 κάλυμμα,
2840 3676 2961 3734 εἷπε
3017 3683 3153 3753 πρὸς
3188 3685 3387 3747 αὐτοὺς
3411 3684 3617 3747 οὓτως
3655 3705 3673 3737 ι
3701 3688 3825 3740 Ὀτι
3856 3707 3989 3760 προ-

2416 3769 2595 3835 φὴτην
2632 3769 2765 3838 ὑμῖν
2810 3770 3106 3839 ἀναστήσει
3157 3771 3357 3843 Κύριος
3379 3775 3407 3825 ὁ
3444 3774 3577 3833 Θεὸς
3598 3776 3757 3845 ἡμῶν
3788 3778 3854 3828 ἐκ
3880 3779 3991 3830 τῶν

2414 3857 2657 3925 ἀδελφῶν
2694 3859 2845 3928 ὑμῶν
2895 3860 2970 3922 ὼς
3008 3863 3128 3929 ἐμέ.
3166 3881 3185 3913 ι
3229 3863 3293 3915 Τί
3340 3866 3456 3917 ἐστι
3495 3865 3577 3927 τὸ,
3622 3885 3639 3916 ι
3678 3867 3752 3929 ὠς
3780 3868 3928 3937 ὲμέ;
3966 3890 3983 3920 ι

2418 3947 2627 4020 Ὠσπερ
2674 3950 2781 4017 γὰρ
2820 3954 2883 4003 τὸ
2939 3954 3231 4023 πρόσωπον
3265 3956 3542 4020 Μωῡσέως
3575 3957 3864 4029 ἐδοξάσθη,
3897 3962 3993 4013 καὶ

2414 4040 2499 4093 διὰ
2525 4041 2583 4093 τὸ
2613 4042 2686 4111 μὴ
2714 4042 2974 4095 δύνασθαι
3002 4045 3129 4107 τοὺς
3154 4047 3303 4109 υἱοὺς
3345 4048 3563 4116 Ἰσραὴλ
3592 4050 3864 4114 ἁτενίζειν
3891 4055 3991 4123 τὴν

2415 4131 2571 4194 δόξαν
2599 4132 2783 4195 αὑτοῦ,
2810 4133 2977 4187 ἐτίθει
3008 4136 3269 4206 κάλυμμα
3314 4137 3393 4206 τῷ
3426 4139 3723 4210 προσώπῳ,
3760 4139 3865 4194 εἶθ’
3898 4144 3993 4197 οῦ-

2413 4241 2522 4285 τως
2550 4224 2733 4287 αὐτοῖς
2756 4223 2952 4294 ὡμίλει
2970 4241 2983 4255 ⁸
3015 4226 3188 4289 οὕτως
3220 4229 3312 4281 καὶ
3341 4231 3369 4280 6
3409 4230 3642 4300 Χριστὸς
3670 4233 3701 4283 6
3732 4233 3864 4297 Υἱὸς
3885 4237 3984 4287 τοῦ

2415 4315 2547 4368 Θεοῦ
2600 4317 2720 4369 ἀντὶ
2773 4318 3070 4387 περιϐολῆς
3127 4318 3254 4389 ἔσχε
3285 4320 3376 4374 τὸν
3406 4322 3532 4374 ναὸν
3559 4323 3653 4375 τοῦ
3706 4324 3991 4394 σώματος,

2416 4406 2678 4476 κρύπτων
2729 4407 2893 4462 αὑτοῦ
2936 4408 3036 4473 τὴν
3089 4410 3350 4480 θεότητα,
3404 4415 3631 4485 μεσίτης
3692 4421 3991 4489 γενόμενος

2416 4497 2552 4550 Θεοῦ
2581 4498 2674 4550 καὶ
2716 4499 3017 4567 ἀνθρώπων
3039 4517 3052 4530 ’
3082 4503 3110 4553 6
3154 4503 3454 4569 μεσιτεύων
3496 4508 3797 4577 κρεῖττονῆ
3840 4514 3993 4581 παρὰ

2418 4586 2667 4649 Μωῢσεῖ,
2721 4585 3040 4656 ἀνθρώπους
3086 4589 3184 4657 μὲν
3232 4590 3368 4661 πρὸς
3423 4591 3574 4651 Θεὸν,
3611 4594 3823 4649 saevae
3854 4604 3991 4667 πρὶς

2419 4676 2770 4747 ἀνθρώπους·
2809 4679 2903 4731 καὶ
2930 4680 3038 4748 γὰρ
3070 4682 3335 4750 κρείττων
3363 4685 3458 4735 καὶ
3482 4685 3684 4751 μείζων
3713 4687 3990 4759 δεσπότης

2418 4773 2565 4839 παρὶ
2599 4769 2807 4823 δούλου.
2846 4770 2906 4821 '0
2933 4772 3042 4840 γὰρ
3071 4772 3312 4841 Μωῦσῆς
3338 4772 3525 4835 δοῦλος
3567 4776 3814 4845 ὑπῆρχεν
3838 4796 3853 4809 ·
3884 4782 3913 4832 ὁ
3937 4782 3992 4835 δὲ

2418 4863 2672 4930 Χριστὸς,
2698 4862 2819 4915 καθ’
2845 4863 2873 4915 ὃ
2891 4863 3045 4927 Θεὸς,
3073 4866 3349 4933 Δεσπότης
3374 4884 3387 4896 ·
3420 4869 3511 4920 καὶ
3534 4868 3620 4921 διὰ
3643 4870 3825 4933 τοῦτο,
3847 4893 3864 4922 ι
3909 4876 3992 4934 Ὠς

2418 4956 2541 5024 ἐμὲ,
2570 4974 2587 5005 ι
2632 4956 2720 5008 διὰ
2768 4957 2827 5008 τὸ
2883 4957 3085 5027 ἔνδυμα
3143 4960 3234 5012 καὶ
3266 4963 3365 5030 τὴν
3407 4964 3725 5031 μεσιτείαν·
3783 4976 3871 5018 καλ
3911 4970 3992 5018 ὅτι

2419 5047 2566 5106 ὅστις
2598 5047 2699 5098 οὐκ
2739 5047 2962 5099 ἀκούσει
2984 5047 3078 5100 τοῦ
3105 5052 3383 5120 προφήτου
3411 5052 3641 5115 ἐκείνου,
3670 5053 3991 5126 ἐξολοθρευ-

755 5128 978 5193 θήσεται
1011 5129 1042 5194 ἡ
1074 5127 1222 5196 ψυχὴ
1253 5125 1416 5179 αὑτοῦ
1461 5129 1525 5179 ἐκ
1554 5126 1647 5179 τοῦ
1681 5127 1811 5181 λαοῦ
1853 5129 2050 5181 αὐτοῦ·
2091 5132 2183 5183 καὶ
2234 5133 2316 5186 ὅτι
2354 5135 2517 5197 αὑτός
2549 5137 2698 5187 ἐστιν
2754 5139 2781 5189 6
2816 5137 3178 5209 λυτρούμενος
3241 5141 3334 5195 τὸν
3369 5142 3602 5213 Ἰσραὴλ,
3646 5146 3675 5195 6
3717 5125 3991 5216 ἑνανθρω-

755 5222 934 5281 min;
978 5217 1201 5288 Κύριος,
1252 5220 1344 5271 καὶ
1380 5222 1847 5289 συναναστραφεῖς
1885 5223 2017 5291 ἡμῖν
2060 5224 2173 5285 τοῖς
2230 5225 2559 5295 ἀνθρώποις,
2589 5227 2685 5278 καὶ
2718 5228 2815 5279 οὐκ
2842 5229 3022 5291 ἄλλος.

824 5312 935 5364 Deo
983 5310 1247 5365 Jeremias
1294 5311 1510 5363 locutus
1548 5318 1634 5363 est
1686 5311 1877 5365 dicens
1925 5329 1937 5365 :

754 5403 897 5456 Deus
927 5412 1133 5463 noster,
1152 5417 1258 5453 non
1288 5400 1615 5469 diseeptabit
1646 5403 1785 5455 alter
1803 5418 1925 5456 cum
1952 5419 2041 5465 eo,
2068 5423 2085 5455 ι
2118 5414 2171 5458 et
2199 5422 2320 5465 niue

753 5508 1083 5563 sequuntur.
1132 5494 1400 5561 Propheta
1441 5509 1660 5562 quoque
1704 5494 1868 5547 Isaias
1918 5495 2052 5548 dicit
2089 5515 2101 5548 :
2148 5517 2165 5547 ι
2203 5497 2319 5550 Non

758 5588 1003 5655 angelus,
1027 5601 1128 5639 nec
1173 5585 1403 5654 legatus,
1449 5586 1543 5639 sed
1594 5587 1708 5655 ipse
1748 5586 2012 5640 Dominus
2056 5589 2241 5643 veniet
2268 5598 2323 5643 et

826 5744 869 5774 ⁸⁸
902 5743 1044 5798 Psal.
1072 5759 1203 5799 xvii.
1244 5743 1323 5795 l0.
1400 5744 1442 5774 ⁶¹
1476 5743 1573 5798 lsa.
1619 5759 1714 5803 vn,
1750 5742 1829 5797 Η.

1993 5331 2010 5362 ι
2038 5312 2176 5379 Quia
2234 5315 2324 5369 ille
2360 5326 2400 5377 ι)

1908 5745 1950 5774 ⁸³
1981 5743 2212 5797 Uarueh.
2250 5762 2328 5805 ιιι,
2359 5745 2542 5800 36-38.

2504 5317 2741 5370 Ἀνωθεν
2786 5318 3052 5389 Ἱερεμίας
3076 5321 3298 5391 εἴρηκεν
3352 5321 3549 5385 εἰπὼν,
3590 5324 3672 5377 ὅτι
3708 5344 3729 5376 ι
3766 5320 3938 5380 Οὗτοτ
3966 5330 3992 5379 6

2426 5406 2557 5471 Θεὸς
2584 5411 2761 5479 ἡμῶν,
2781 5411 2840 5461 οὐ
2862 5411 3237 5482 λογισθήσεται
3257 5414 3440 5485 ἕτερος
3464 5417 3599 5485 πρὸς
3619 5418 3805 5483 αὑτὸν,
3853 5439 3872 5470 ι
3903 5426 3993 5473 καὶ

2426 5502 2493 5552 τὰ
2510 5501 2655 5568 ἑξῆς.
2678 5504 2782 5553 Καὶ
2796 5505 2823 5554 ὀ
2841 5506 3123 5574 προφήτης
3137 5501 3361 5568 Ἡσαΐας
3376 5507 3542 5574 λέγει·
3565 5527 3583 5557 ι
3604 5510 3718 5562 Οὔκ
3737 5513 3990 5579 ἅγγελος,

2428 5592 2489 5642 οὐ
2508 5591 2765 5661 πρέσϐυς,
2781 5593 3068 5661 ἁ).).’,αὑτὸς
3084 5598 3113 5648 6
3128 5595 3348 5667 Κύριος,
3368 5598 3486 5668 ἥξει
3499 5599 3593 5653 καὶ
3609 5598 3773 5653 σώσει
3790 5604 3955 5674 ἡμᾶς·
3967 5623 3986 5657 ι

2618 5747 2665 5780 ⁸³
2700 5749 2855 5801 Deut.
2890 5765 3039 5809 mu,
3070 5748 3149 5803 l5.
