4190 6438
233 441 372 505 19.23

229 560 325 611 καὶ
346 557 427 607 ὅτι
444 553 669 622 ἔμελλον
688 554 753 607 τὰ
777 554 903 623 εθνη
921 555 1209 608 πιστεῦσαι
1234 553 1639 620 καὶάποστῆναι
1659 550 1797 616 ὑμᾶς

1905 552 2138 608 salvabit
2191 572 2289 609 nos
2325 558 2369 597 ‘I
2404 574 2417 619 ;

227 648 360 707 τοὺς
382 646 669 708 Ἰουδαίους
704 646 791 697 διά
820 648 917 714 τὴν
953 646 1104 715 ὑμῶν
1127 646 1406 698 ἀπιστίαν.
1425 645 1482 697 ’0
1518 642 1803 712 προφήτης

242 734 404 803 Ὠσηὲ
452 735 618 801 λέγει’
655 753 672 784 ι
712 735 939 787 Καλέσω
960 737 1049 787 τὸν
1081 737 1139 786 οὐ
1175 734 1301 786 λαόν
1327 732 1594 803 μου,)αόν
1618 750 1741 801 μου,
1779 751 1797 783 ι

228 828 401 893 ῆγολν
436 826 505 877 τά
543 826 913 879 πιστεύσαντα
963 829 1043 888 είς
1087 826 1247 877 αὑτὸν
1270 825 1418 893 ἔθνη.
1447 822 1799 884 ΚαὶὸΔαίϊιδ,

226 916 469 979 δεικνὺς,
500 917 580 967 ὅτι
612 918 639 966 ὁ
672 917 801 978 Θεὸς
824 918 911 969 διὰ
932 917 998 968 τά
1026 916 1154 984 ἔθνη
1184 915 1517 985 σαρκοῦσθαι
1558 914 1800 983 ἔμελλεν,

229 1004 409 1057 εἶπενσ
450 1026 468 1057 ι
520 1006 946 1059 Ἐϐασίλευσενό
989 1008 1121 1068 Θεὸς
1155 1009 1246 1058 ἐπὶ
1302 1008 1370 1059 τά
1400 1006 1549 1074 ἔθνη’
1583 1025 1601 1057 i
1631 1006 1720 1058 διὰ
1749 1005 1802 1056 τί

227 1100 331 1150 οὐκ
358 1095 528 1160 εἶπεν,
547 1100 918 1150 Ἐϐασίλευσεν
939 1101 1029 1150 ἐπὶ
1058 1100 1182 1161 τοὺς
1214 1098 1498 1159 Ἰουδαίους
1519 1116 1532 1163 ;
1556 1098 1678 1150 Ὅτι
1703 1096 1815 1165 μὲν.

231 1190 487 1257 βασιλεύς
520 1192 663 1241 ἐστιν
694 1193 721 1242 ό
750 1190 880 1250 Θεὸς
929 1190 1019 1241 ἐπὶ
1064 1190 1272 1249 πάντας
1307 1227 1323 1250 ,
1370 1187 1527 1257 δῆλον
1570 1184 1654 1258 ἦν·
1687 1188 1800 1241 ἀλλ’

225 1282 331 1331 οὐκ
371 1277 438 1347 ἦν
474 1284 584 1341 τοῖς
613 1282 788 1331 ἔθνεσι
828 1280 932 1345 πρὸ
967 1279 1061 1332 τοῦ
1084 1278 1370 1331 πιστεῦσαι
1396 1281 1452 1331 ἐν
1488 1278 1801 1346 ἐπιγνώσει,

226 1377 320 1428 διὰ
342 1378 401 1428 τὸ
425 1376 643 1445 ὑπὸτῆς
660 1375 1097 1445 εἰδωλολατρείας
1124 1374 1448 1443 κατέχεσθαι
1469 1375 1683 1436 αὐτοὺς,
1709 1372 1803 1424 καὶ

226 1467 337 1517 ὑπὸ
365 1466 472 1516 τῶν
518 1466 782 1533 δαιμόνων
840 1465 1263 1532 δεσποζομένους
1299 1463 1635 1534 τυραννικῶς
1667 1478 1682 1492 ·
1716 1463 1802 1514 διά

225 1557 284 1607 δὲ
342 1557 440 1623 τῆς
498 1557 764 1625 ἐνσάρκου
820 1556 984 1608 αὐτοῦ
1039 1554 1351 1624 οἰκονομίας
1431 1553 1803 1623 ἠλευθέρωσεν

227 1650 381 1716 ἡμᾶς
421 1649 527 1699 ἀπὸ
552 1648 656 1699 τῶν
696 1646 929 1699 εἰδώλων
956 1646 1043 1700 διά
1070 1647 1165 1699 τοῦ
1198 1648 1328 1699 ἰδίου
1356 1648 1589 1715 αἵματος
1609 1645 1797 1708 αὐτοῦ,

224 1734 289 1790 οὗ
326 1739 539 1806 ἐξέχεεν
586 1739 681 1789 ἐπὶ
728 1736 822 1788 τοῦ
856 1737 1107 1804 σταυροῦ,
1172 1738 1266 1790 καὶ
1322 1735 1671 1788 ἐϐασίλευσεν
1723 1740 1800 1800 εἰς

233 1832 400 1899 ἡμᾶς,
433 1830 567 1882 διότι
605 1829 1004 1898 ἐπιστεύσαμεν
1037 1830 1117 1892 είς
1182 1828 1363 1881 αὐτόν.
1397 1828 1487 1879 Διὸ
1514 1829 1607 1880 καὶ
1640 1830 1799 1882 πάλιν

1247 436 1699 500 DlSl‘UT.\TlO
1733 440 1772 495 Α
1786 437 2129 499 DVERSUS
2166 442 2488 501 JUD.l-‘.OS.

3344 443 3479 510 12.1!)

2468 577 2487 608 ι
2536 566 2593 609 et
2646 567 2838 627 gentes
2887 556 3196 613 credituras
3247 574 3371 613 esse
3425 568 3481 615 et

1910 659 2187 702 auloturas
2215 667 2311 703 vos
2343 650 2559 704 Judieos
2590 662 2816 721 pri‘ptcr
2842 660 3081 705 vestram
3122 650 3481 706 incredulita-

1912 750 2041 793 tem.
2069 742 2341 811 Propheta
2365 743 2504 797 Osce
2526 743 2661 796 dicit
2697 761 2709 795 :
2751 762 2769 794 ι
2815 744 3034 797 V'ocabo
3076 758 3185 796 non
3216 744 3478 812 populum

1910 843 2113 893 meum,
2162 831 2423 899 populum
2480 845 2661 882 meum
2700 831 2766 894 “,
2810 850 2828 881 ι
2864 832 2916 883 id
2960 842 3045 885 est
3082 831 3375 884 credentes
3426 832 3479 883 ili

1908 937 2033 974 eum
2078 934 2287 991 gentes.
2334 922 2502 975 David
2547 922 2846 975 ostendens
2891 921 3062 975 Deum
3111 923 3257 975 inter
3289 932 3483 991 gentes

1910 1012 2307 1066 incarnaildnln
2355 1028 2500 1074 esse,
2544 1013 2684 1065 dixit
2723 1030 2735 1065 :
2772 1030 2789 1062 i
2832 1011 3268 1081 RegnavitDcus
3315 1029 3483 1081 super

1909 1112 2098 1171 gentes
2114 1104 2191 1167 67;
2226 1120 2244 1152 ι
2279 1118 2378 1154 cur
2407 1118 2515 1154 non
2534 1102 2672 1154 dixit
2696 1118 2708 1152 :
2736 1101 3004 1170 Regnavit
3028 1116 3195 1169 super
3221 1100 3484 1154 Judwos?

1912 1209 2093 1262 regem
2138 1210 2259 1248 esse
2308 1195 2479 1247 Deum
2542 1210 2708 1262 super
2773 1209 2984 1257 omnes,
3047 1194 3289 1247 evidens
3313 1201 3481 1258 erat;

1908 1284 2002 1337 scd
2038 1301 2145 1338 non
2176 1293 2295 1339 erat
2323 1287 2375 1338 in
2407 1286 2685 1355 gentibus,
2712 1293 3006 1352 antequam
3032 1285 3347 1349 crederent,
3382 1300 3480 1338 eo-

1908 1374 2094 1441 gilitus
2120 1413 2135 1434 ,
2190 1390 2389 1443 nempe
2434 1390 2556 1442 qua:
2605 1375 2659 1427 in
2694 1374 2999 1429 idololatria
3032 1387 3385 1430 versarentur
3427 1386 3485 1431 ct

1908 1466 2301 1518 iliculoilioruill
2332 1468 2619 1535 tyrannico
2640 1467 3047 1537 subjicereiltur
3070 1468 3324 1536 imperio.
3356 1470 3481 1523 Ideo

1907 1573 2008 1625 per
2061 1572 2216 1609 suam
2267 1556 2698 1612 incarnationem
2750 1575 2850 1614 nos
2896 1560 3151 1613 liberavit
3186 1560 3255 1613 ab
3298 1560 3478 1626 idolis,

1908 1664 2006 1717 per
2026 1650 2307 1717 proprium
2330 1665 2488 1703 suum
2506 1651 3025 1721 sanguincni,qtleill
3051 1651 3191 1706 fudit
3216 1653 3269 1706 in
3294 1668 3479 1714 cruce,

1906 1749 1961 1792 et
1990 1741 2237 1809 regnavit
2274 1758 2442 1810 super
2482 1757 2603 1798 nos.
2644 1742 2771 1810 quia
2814 1742 3155 1797 credidimus
3198 1742 3252 1796 itl
3301 1744 3477 1798 illuni.

1908 1829 2142 1898 Propter
2189 1831 2336 1899 quod
2390 1840 2446 1883 et
2495 1830 2694 1884 iterum
2745 1831 2927 1886 dicit:
2966 1853 2982 1882 ι
3013 1832 3214 1887 Omnes
3265 1846 3478 1902 gentes,

226 1921 381 1987 λέγει
411 1938 425 1951 ·
456 1938 476 1971 ι
528 1922 710 1973 Πάντα
759 1920 885 1991 ἔθνη
939 1921 1046 1974 ὃσα
1116 1919 1379 1989 ἐποίησας
1411 1958 1426 1981 ,
1458 1919 1650 1989 ἥξουσι
1710 1920 1797 1972 καὶ

1906 1936 2266 1988 quascunque
2302 1919 2499 1984 fecisti,
2535 1920 2759 1974 venient
2782 1930 2836 1975 ct
2856 1921 3166 1976 adorabunt
3190 1938 3376 1976 coram
3404 1930 3477 1985 te,

226 2012 702 2079 προσκυνήσουσιν
730 2010 959 2063 ἐνώπιόν
991 2027 1110 2073 σου,
1148 2009 1317 2079 Κύριε
1350 2028 1368 2058 ι
1398 2025 1410 2037 ·
1442 2010 1555 2062 ὅσοι
1610 2009 1709 2077 μὲν
1744 2012 1800 2061 ἐν

224 2102 308 2170 τῷ
330 2101 426 2154 νῦν
450 2102 602 2154 αἰῶνι
631 2102 1001 2169 προσέλθωσιν
1025 2100 1173 2171 αὑτῷ
1197 2100 1284 2153 διὰ
1304 2099 1396 2153 τοῦ
1416 2100 1574 2167 ἁγίου
1609 2100 1803 2168 βαπτίη

226 2211 439 2264 σματος
470 2210 484 2223 ·
518 2193 765 2263 καθάπερ
787 2195 815 2246 ὁ
849 2192 1009 2255 αὐτὸς
1035 2194 1315 2262 προφήτης
1343 2192 1476 2260 ἡμῖν
1506 2191 1801 2261 παρῄνεσε,

224 2287 405 2353 λέγων
433 2303 449 2316 ·
491 2305 509 2335 ι
550 2286 882 2355 Ιιροσέλθατε
920 2284 1053 2353 πρὸς
1103 2284 1286 2348 αὐτὸν,
1342 2284 1435 2335 καὶ
1472 2282 1799 2351 φωτίσθητε,

226 2378 325 2430 καὶ
367 2377 440 2429 τά
491 2378 757 2448 πρόσωπα
797 2375 951 2445 ὑμῶν
999 2376 1057 2427 οὐ
1096 2375 1171 2444 μὴ
1205 2374 1597 2444 καταισχυνθῇ.
1634 2394 1652 2425 ι
1691 2375 1801 2426 Καὶ

225 2474 391 2534 ἄλλος
421 2473 701 2543 προφήτης
728 2470 894 2537 λέγει·
938 2488 957 2520 ι
993 2467 1289 2530 Λούσασθε,
1313 2467 1543 2536 καθαροὶ
1563 2468 1798 2535 γίνεσθε,

223 2565 471 2633 ἀφέλητε
493 2564 587 2625 τὰς
611 2564 869 2632 πονηρίας
892 2559 1043 2629 ὑμῶν
1066 2560 1171 2611 ἀπὺ
1196 2559 1302 2611 τῶν
1332 2559 1566 2627 καρδιῶν
1590 2559 1795 2627 ὑμῶν.»

226 2656 340 2706 Καὶ
398 2655 446 2704 εί
479 2652 648 2714 οὕτως
701 2650 851 2720 αὐτῷ
891 2648 1251 2718 προσέλθωσι,
1294 2647 1483 2717 μισθὸν
1538 2646 1799 2714 λήψονται

222 2746 326 2813 τῆς
353 2745 609 2807 πίστεως,
628 2742 688 2794 τδ
703 2742 870 2811 χωρὶς
894 2740 1142 2811 λατρείας
1162 2742 1325 2808 νόμου
1340 2739 1429 2791 διά
1450 2740 1547 2806 τῆς
1570 2737 1803 2799 πίστεως

226 2837 473 2904 σωθῆναι
496 2850 509 2863 '
540 2834 651 2886 ὅσοι
681 2834 736 2885 δὲ
757 2832 847 2884 νῦν
868 2832 941 2901 μὴ
971 2831 1268 2899 θελήσωσιν
1290 2827 1438 2897 αὐτῷ
1460 2828 1798 2895 προσελθεῖν,

224 2933 284 2979 ἐν
309 2928 389 2994 τῷ
418 2924 661 2994 μέλλοντι
688 2923 861 2985 αἰῶνι,
886 2925 980 2975 καὶ
1016 2922 1089 2992 μὴ
1122 2920 1457 2990 βουλόμενοι,
1487 2918 1646 2970 αὑτὸν
1673 2918 1804 2987 μετ’

224 3016 496 3087 αἰσχύνης
513 3016 751 3085 μεγάλης
784 3015 878 3067 καὶ
901 3014 1067 3080 φόϐου
1089 3012 1183 3063 καὶ
1200 3011 1401 3081 τρόμου
1425 3008 1619 3061 πολλοῦ
1641 3026 1803 3079 προσ-

225 3108 541 3175 κυνήσουσι·
571 3102 753 3166 καθὼς
780 3105 807 3155 ὁ
831 3103 1113 3171 προφήτης
1143 3097 1288 3152 εἴπεο
1323 3118 1342 3151 ι
1376 3100 1568 3169 Κύριε,
1600 3099 1800 3168 ὑψηλός

228 3214 323 3249 σου
353 3197 383 3247 ό
434 3194 694 3265 βραχίων,
740 3194 834 3246 καὶ
855 3192 953 3245 οὐκ
984 3190 1211 3255 ἔδεισαν,
1242 3210 1260 3241 ι
1299 3192 1463 3262 ἤγουν
1520 3192 1616 3245 νῦν
1669 3192 1798 3261 ἡπί-

224 3303 455 3355 στησαν·
488 3303 505 3335 ι
532 3285 748 3351 γνόντες
779 3285 835 3336 δὲ
870 3284 1339 3353 αἰσχυνθήτωσαν·
1369 3304 1389 3336 i
1439 3286 1715 3338 τουτέστιν
1738 3287 1796 3337 ἐν

223 3379 301 3445 τῷ
319 3376 568 3445 μέλλοντι
599 3375 657 3427 ὃν
672 3374 765 3427 νῦν
789 3374 1093 3443 ἠπίστησαν
1118 3376 1373 3444 Χριστὸν,
1402 3376 1520 3427 τότε
1548 3374 1790 3442 γνώσον-

220 3488 315 3522 ται
352 3468 447 3520 καὶ
482 3466 955 3535 αἱσχυνθήσονται,
990 3466 1083 3518 καὶ
1112 3465 1189 3534 τῷ
1218 3468 1469 3535 ἀσϐέστῳ
1503 3469 1636 3537 πυρὶ
1667 3468 1796 3537 παρ’

222 3561 395 3616 αὐτοῦ
411 3559 970 3629 παραπεμφθήσονται
995 3560 1225 3620 αἰωνίως
1258 3559 1715 3629 κολαζόμενοιυὸτι
1734 3561 1797 3612 ἐκ

225 3656 366 3707 Σιὼν
410 3652 600 3722 ἔμελλε
626 3650 985 3720 φανεροῦσθαι
1026 3654 1052 3703 ὁ
1075 3651 1328 3720 Χριστός,
1352 3654 1445 3703 καὶ
1473 3653 1553 3704 ὅτι
1573 3652 1795 3714 ὖψιστός

222 3749 364 3799 ἐστι.
396 3746 488 3797 καὶ
508 3743 667 3801 αὐτὸς
682 3744 780 3812 τὴν
804 3741 939 3793 Σιὼν
966 3741 1340 3810 ἐθεμελίωσεν.
1373 3740 1579 3796 Εἶπενὸ
1608 3745 1791 3806 Δαῢὶδ,

226 3856 245 3888 ⁸
288 3838 494 3904 Μήτηρ
522 3833 679 3897 Σιὼν,
724 3833 839 3900 ὲρεῖ
862 3832 1164 3901 ἄνθρωπος,
1185 3833 1279 3884 καὶ
1326 3832 1611 3903 ἄνθρωπος
1641 3837 1794 3901 ἐγεν-

220 3928 363 3997 νήθη
389 3929 446 3977 ἐν
473 3925 739 3996 auiti],le
771 3924 930 3985 αὐτὸς
964 3923 1322 3992 έθεμελίωστν
1369 3925 1539 3995 αὐτὴν
1577 3927 1607 3978 ὁ
1634 3925 1795 3994 "11;:-

222 4035 371 4080 στος.
413 4035 432 4068 ι

294 4105 421 4157 Ὅτι
458 4104 516 4157 δὲ
568 4103 925 4175 βαπτισθῆναι
958 4104 1015 4155 ἐν
1061 4102 1138 4171 τῷ
1162 4101 1425 4175 Ἰορδάνῃ,
1463 4102 1555 4157 καὶ
1593 4120 1794 4174 μαρτυ-

221 4196 459 4267 ρηθῆναι
499 4195 659 4247 αὐτὸν
703 4193 906 4248 ἀνωθεν
935 4191 1086 4263 παρὰ
1110 4193 1204 4246 τοῦ
1251 4194 1386 4247 Θεοῦ
1418 4195 1513 4247 καὶ
1557 4196 1789 4264 Πατρδς,

218 4279 366 4335 εἶπε·
413 4300 429 4333 ι
460 4280 615 4349 Φωνὴ
654 4279 856 4349 Κυρίου
898 4281 990 4334 ἐπὶ
1019 4281 1245 4335 ὑδάτων’
1270 4285 1298 4336 ὁ
1331 4284 1465 4345 Θεὸς
1488 4284 1588 4353 τῆς
1632 4284 1791 4355 δόξης

218 4372 537 4439 ἑιὶρόντησε·
565 4368 765 4440 Κύριος
788 4368 880 4421 ἐπὶ
898 4368 1103 4423 ὑδάτων
1136 4369 1343 4422 πολλῶν
1373 4410 1387 4423 .
1426 4388 1445 4421 ι
1473 4371 1595 4424 Ὅτι
1633 4373 1690 4425 δὲ
1704 4373 1792 4426 διά

217 4464 312 4517 τοῦ
331 4462 493 4529 ἁγίου
516 4461 886 4531 βαπτίσματος
907 4461 1189 4531 συνέτριψε
1204 4460 1555 4516 τδνηδιάϐολον
1580 4466 1673 4516 καὶ
1692 4466 1790 4528 τάς

1904 2010 2138 2065 Domine
2174 2010 2242 2075 “,
2281 2032 2299 2061 ι
2333 2021 2605 2080 quotquot
2640 2011 2696 2065 in
2746 2012 2852 2066 hoc
2884 2015 3137 2081 priescnti
3180 2012 3379 2067 sarculo
3409 2013 3478 2066 ad

1904 2100 2057 2155 illum
2107 2110 2381 2155 venerunt
2432 2117 2527 2169 per
2572 2113 2823 2155 sanctum
2862 2102 3179 2172 baptisma;
3225 2112 3284 2156 ut
3333 2101 3477 2156 idem

1902 2193 2168 2262 propheta
2206 2193 2365 2246 nobis
2403 2193 2674 2262 priedixit.
2707 2194 2931 2249 dicens:
2967 2214 2985 2245 i
3011 2195 3203 2249 Venite
3230 2194 3297 2248 ad
3326 2210 3476 2259 cum,

1899 2293 1956 2337 et
1998 2284 2407 2347 illuminamiui,
2453 2293 2510 2338 et
2544 2286 2709 2340 facies
2739 2300 2937 2340 vestra:
2982 2302 3089 2340 non
3135 2286 3480 2340 confundan-

1904 2384 1992 2427 tur
2019 2376 2086 2427 ".
2132 2394 2149 2425 ι
2184 2376 2339 2429 Alius
2387 2393 2607 2445 quoque
2659 2378 2925 2446 propheta
2981 2377 3158 2431 dicit:
3199 2395 3217 2427 ι
3253 2376 3480 2430 Munda-

1903 2468 2059 2529 mini,
2085 2470 2205 2537 puri
2230 2470 2565 2530 ciliciamilii,
2585 2469 2799 2523 auferte
2824 2469 3144 2537 iniquitates
3167 2483 3195 2521 a
3213 2468 3480 2522 cordibus

1905 2559 2100 2611 vestris
2130 2559 2196 2611 ⁷ο.
2232 2578 2249 2610 ι
2285 2559 2340 2613 Si
2405 2559 2471 2613 ad
2521 2560 2671 2612 illiilli
2732 2558 2804 2613 ita
2854 2559 3102 2621 veniunt,
3166 2558 3474 2612 mercedem

1905 2649 2029 2702 ﬁdei
2073 2650 2345 2718 accipient
2377 2660 2437 2704 ut
2483 2651 2600 2703 sine
2630 2651 2767 2719 legis
2817 2650 3132 2703 ministerio
3178 2665 3277 2719 per
3315 2650 3475 2704 [idem

1902 2738 2203 2793 salvcntur.
2233 2741 2516 2807 Quotquot
2539 2751 2721 2793 autem
2757 2756 2901 2793 nunc
2933 2740 3000 2792 ad
3039 2740 3192 2792 illiilli
3226 2755 3335 2791 non
3376 2754 3476 2791 vo-

1902 2827 2110 2881 luerint
2137 2829 2347 2887 venire.
2374 2828 2427 2881 in
2460 2829 2647 2882 futuro
2679 2829 2881 2882 Sit-culo
2907 2844 3015 2881 non
3046 2828 3297 2881 volentes
3322 2827 3475 2880 illiilli

1903 2932 2029 2971 cum
2054 2920 2383 2973 confusione
2408 2936 2599 2989 magna
2629 2929 2683 2973 et
2718 2921 2912 2974 timore
2944 2929 2997 2973 et
3034 2929 3275 2974 tremore
3302 2920 3477 2972 multo

1902 3008 2253 3074 adorabunt;
2289 3019 2347 3063 ut
2391 3012 2655 3079 propheta
2718 3011 2901 3063 dixit:
2943 3029 2961 3060 i
3002 3010 3254 3073 Domine,
3305 3010 3476 3062 altum

1902 3109 1987 3153 est
2018 3100 2303 3154 brachium
2343 3108 2521 3161 tiiunl,
2551 3107 2608 3153 et
2640 3116 2747 3154 non
2793 3100 3098 3152 timuerunt
3123 3100 3191 3162 '“,
3230 3118 3248 3149 ι
3284 3098 3337 3152 id
3362 3109 3469 3161 est,

1903 3208 2012 3246 non
2053 3208 2200 3247 nunc
2229 3192 2613 3257 crediderunt;
2649 3212 2666 3242 ι
2696 3202 3093 3259 cognoscentes
3119 3200 3301 3244 autem
3343 3206 3479 3245 Con-

1907 3282 2229 3345 l'lindentur,
2270 3301 2287 3333 ι
2323 3282 2470 3349 quod
2501 3293 2605 3343 est,
2655 3282 2708 3335 ill
2752 3283 2964 3344 futuro,
3004 3296 3165 3349 quem
3190 3296 3337 3335 nunc
3368 3296 3477 3335 non

1905 3372 2259 3425 crediderunt
2282 3372 2581 3434 Christum,
2613 3379 2741 3425 tunc
2767 3378 3101 3441 cognoscent
3144 3378 3201 3424 et
3248 3370 3477 3424 confun-

1905 3464 2132 3532 dentur,
2182 3472 2241 3519 ct
2288 3465 2725 3534 inexstinguihili
2779 3464 2889 3533 igni
2935 3462 3003 3516 ab
3052 3462 3145 3515 illo
3192 3462 3479 3517 tradentur

1903 3567 2171 3610 mternum
2222 3556 2526 3626 puniendi;
2576 3556 2702 3625 quia
2746 3570 2812 3609 ex
2856 3555 2987 3608 Sion
3038 3555 3268 3609 debebat
3305 3556 3479 3608 malli.

1905 3645 2089 3699 festari
2114 3646 2389 3707 Christus,
2424 3656 2479 3699 et
2499 3646 2627 3715 quia
2656 3646 2969 3700 .‘iltissiilius
2991 3655 3095 3707 est,
3123 3656 3177 3699 et
3208 3646 3321 3713 ipse
3346 3645 3476 3699 Sion

1904 3733 2176 3787 fundavit.
2218 3734 2365 3787 Dixit
2393 3734 2561 3788 David
2597 3750 2612 3787 :
2660 3752 2677 3783 i
2714 3734 2884 3787 Mater
2909 3735 3063 3798 Sion,
3094 3734 3241 3787 dicet
3272 3734 3477 3799 homo,

1902 3834 1959 3878 et
1985 3826 2149 3878 homo
2171 3834 2334 3879 natus
2362 3834 2447 3880 est
2481 3827 2540 3881 in
2563 3840 2650 3891 ea,
2696 3835 2754 3880 et
2788 3826 2904 3896 ipse
2937 3825 3188 3880 fundavit
3222 3842 3340 3880 calli
3384 3826 3478 3882 Al-

1904 3918 2149 3973 tissimus
2177 3919 2243 3971 ".
2284 3936 2303 3968 ι

1969 4096 2123 4161 Quod
2156 4104 2339 4151 autem
2369 4095 2680 4166 baptizatus
2714 4096 2819 4150 fuit
2847 4096 2901 4149 in
2937 4094 3197 4158 Jordane,
3227 4104 3282 4149 et
3315 4096 3475 4149 testi-

1900 4186 2146 4238 monium
2190 4186 2266 4238 illi
2307 4185 2492 4237 datum
2538 4196 2623 4239 cst
2662 4186 2717 4238 iii
2760 4187 2912 4239 cmlis
2955 4203 2984 4237 ιι
3026 4185 3137 4237 Deo
3177 4194 3235 4237 et
3292 4183 3472 4245 l'atre,

1897 4280 2038 4334 dixit
2070 4298 2083 4333 :
2123 4300 2139 4330 i
2167 4280 2277 4333 Vox
2314 4279 2528 4333 Domini
2558 4295 2725 4347 super
2753 4293 2919 4345 aquas
2956 4292 2972 4340 ;
3004 4276 3144 4330 Dens
3173 4276 3359 4345 gloria:
3391 4276 3476 4327 in-

1900 4371 2119 4435 tonuit;
2175 4370 2436 4423 Dominus
2490 4385 2655 4438 super
2692 4385 2860 4437 aquas
2922 4368 3121 4420 multas
3146 4368 3211 4419 ⁷³.
3245 4385 3263 4416 ι
3315 4366 3472 4431 Quod

1898 4467 2079 4512 autem
2106 4475 2203 4528 per
2233 4469 2484 4514 sanctum
2534 4475 2694 4514 suum
2737 4458 3006 4527 baptisma
3046 4457 3305 4511 contrivit
3350 4456 3472 4510 dia-

215 4557 480 4621 δυνάμεις
501 4552 683 4614 αὑτοῦ,
700 4552 867 4620 λέγει·
892 4571 910 4603 ι
933 4554 1081 4605 Ἐκεῖ
1095 4553 1418 4622 συνέτριψας
1434 4555 1531 4618 τὰς
1549 4555 1789 4623 κεφαλὰς

1900 4550 2081 4603 bolum
2130 4560 2185 4603 et
2221 4559 2518 4618 potestates
2569 4552 2706 4619 ejus,
2762 4550 2944 4603 dicit:
2999 4567 3017 4599 ι
3053 4548 3129 4602 lbi
3177 4557 3471 4602 conterens

214 4645 329 4697 τῶν
350 4644 659 4713 δρακόντων
689 4644 781 4695 ἐπὶ
811 4644 906 4695 τοῦ
948 4642 1139 4705 ὕδατος
1170 4662 1183 4674 ·
1217 4664 1235 4694 i
1265 4647 1510 4698 τουτέστι
1543 4648 1651 4699 τῶν
1677 4648 1793 4700 δαι-

219 4736 426 4806 μόνων.
464 4735 800 4797 Συνέθλασας
831 4736 929 4804 τὴν
948 4736 1189 4805 κεφαλὴν
1215 4737 1308 4788 τοῦ
1333 4738 1642 4806 δράκοντος,
1668 4756 1793 4791 του-

213 4828 371 4880 τέστι
400 4825 492 4877 τοῦ
517 4824 785 4879 διαϐόλου.
805 4826 877 4877 Τὸ
900 4826 978 4891 δὲ,
1010 4826 1239 4897 ποιητὴς
1267 4828 1515 4896 οὐρανοῦ,
1545 4830 1640 4881 καὶ⁵
1668 4831 1790 4899 γῆς,

216 4921 314 4971 καὶ
356 4918 654 4987 θαλάσσης,
679 4919 840 4981 αὐτός
868 4920 1013 4970 ἐστιν
1042 4922 1068 4971 ὁ
1090 4919 1341 4988 Χριστὸς,
1366 4921 1459 4972 καὶ
1489 4921 1546 4972 ἐν
1582 4926 1646 4989 τῇ
1699 4922 1795 4974 θα-

215 5012 402 5080 λάσσῃ
432 5009 798 5079 περιπατῆσαι
844 5011 1003 5063 αὐτὸν
1038 5011 1111 5072 ὡς
1166 5010 1258 5061 ἐπί
1291 5011 1515 5079 ἐδάφους
1538 5028 1554 5045 ο
1587 5013 1681 5064 καὶ
1711 5014 1791 5065 ὅτι

222 5102 399 5161 ἰάσεις
462 5100 659 5160 πολλάς
702 5100 923 5168 ποιῆσαι
971 5102 1027 5151 ἐν
1087 5100 1165 5169 τῷ
1208 5100 1342 5168 λαῷ,
1393 5103 1486 5153 καὶ
1536 5102 1617 5153 ὅτι
1651 5102 1793 5172 ὑπὲρ

219 5192 315 5244 τοῦ
387 5193 591 5259 κόσμου
650 5192 842 5260 ἔμελλε
901 5193 1127 5253 παθεῖν,
1159 5192 1191 5260 ή
1224 5191 1405 5260 βίϐλος
1452 5192 1570 5244 Ἰὼϐ
1621 5194 1792 5256 οὕτως

219 5282 370 5347 λέγει
397 5298 411 5313 ο
455 5302 473 5331 i
510 5285 567 5333 ’0
620 5283 855 5345 τανύσας
884 5286 974 5335 τὸν
1008 5285 1234 5355 οὐρανὸν
1269 5285 1448 5352 μόνος,
1498 5287 1525 5336 ό
1554 5303 1791 5354 περιπα-

220 5377 397 5443 τήσας
440 5376 537 5426 ἐπὶ
571 5375 842 5445 θαλάσσης
869 5376 943 5438 ὡς
995 5378 1088 5427 ἐπὶ
1119 5376 1369 5445 ἐδάφους.
1411 5394 1428 5425 l
1469 5376 1624 5428 Καὶό
1658 5394 1792 5444 προ-

220 5467 406 5535 φήτης
437 5466 601 5534 λέγει·
635 5486 651 5517 ι
702 5468 833 5519 Τότε
884 5466 1150 5534 ὀφθαλμοὶ
1180 5466 1391 5533 τυφλῶν
1447 5465 1793 5535 ἀνοιχθήσον⁹

218 5574 335 5622 ται,
382 5558 476 5610 καὶ
519 5557 688 5629 τρανῆ
725 5559 877 5611 ἐσται
925 5557 1145 5626 γλῶσσα
1216 5556 1515 5623 μογιλάλων
1545 5572 1556 5583 ·
1599 5558 1719 5609 τότε
1767 5561 1795 5609 ὀ

823 5697 868 5728 ⁸⁸
903 5700 1039 5749 Osee
1072 5713 1112 5758 1,
1134 5697 1187 5750 9.
1262 5696 1306 5725 “
1339 5696 1479 5751 Psal.
1511 5712 1651 5755 λινι,
1684 5696 1736 5749 9.

853 5769 898 5800 τ’
930 5766 1071 5822 PSaI.
1108 5781 1317 5827 LXXX“,
1345 5766 1394 5819 5.

292 5698 340 5729 “
379 5698 480 5751 lsa.
516 5713 661 5759 Lxlil,
691 5697 746 5751 9.

222 5770 263 5802 π
296 5767 528 5821 Malacli.
591 5783 668 5832 ιιι,
722 5768 774 5823 5.

223 5854 383 5903 xxxv,
418 5837 472 5891 δ.

1828 5697 1871 5725 ⁸⁸
1895 5697 2037 5749 Psal.
2074 5713 2268 5757 ωιτη,
2296 5696 2347 5747 9.

1509 5766 1553 5795 ⁷³
1576 5767 1719 5819 Psal.
1748 5782 1932 5831 xxviii,
1966 5768 2017 5820 3.

1894 4642 2069 4709 capita
2104 4641 2404 4695 draconum
2434 4642 2488 4695 in
2519 4640 2735 4708 aqua“,
2769 4659 2785 4688 ι
2817 4640 2868 4693 id
2901 4648 3005 4704 est,
3036 4639 3467 4702 diemoniorlim;

1893 4740 2184 4786 conterens
2232 4740 2398 4801 caput
2448 4731 2728 4793 draconis,
2785 4730 2837 4784 id
2888 4740 2991 4791 est.
3049 4730 3275 4783 diaboli.
3329 4728 3469 4782 Illud

1892 4834 2108 4883 autem.
2159 4821 2392 4876 Creator
2440 4822 2563 4877 cwli
2599 4831 2655 4876 et
2690 4830 2849 4875 terra:
2896 4830 2951 4874 et
2986 4820 3172 4885 maris,
3231 4818 3349 4888 ipse
3385 4827 3472 4872 est

1890 4914 2159 4977 Christus,
2195 4914 2343 4983 quod
2369 4914 2422 4968 in
2454 4915 2589 4968 inari
2624 4914 2926 4968 ambulavit
2954 4922 3013 4967 ut
3048 4913 3102 4967 in
3130 4914 3466 4983 pavimento,

1890 5009 2036 5079 quod
2066 5011 2379 5063 curationes
2399 5010 2598 5064 multas
2620 5008 2748 5064 fecit
2773 5010 2827 5063 ill
2856 5010 3077 5079 populo;
3102 5019 3157 5062 et
3176 5023 3275 5078 pro
3305 5024 3468 5062 mun-

1891 5103 1960 5155 do
1992 5102 2186 5156 debuit
2216 5103 2349 5171 pati,
2380 5101 2520 5156 liber
2541 5102 2643 5156 Job
2675 5103 2747 5155 ita
2772 5102 3052 5170 loquitur:
3093 5120 3111 5151 i
3141 5100 3245 5167 Qui
3267 5101 3467 5155 coelum

1894 5190 2127 5244 tetendit
2174 5192 2345 5249 solus.
2422 5191 2707 5244 ambulans
2760 5190 2816 5245 in
2878 5189 3015 5243 mari
3069 5198 3128 5242 ut
3211 5189 3266 5242 in
3313 5189 3469 5257 pavi-

1896 5292 2080 5335 mento
2102 5282 2187 5346 ης
2225 5301 2243 5332 l
2278 5282 2545 5351 propheta
2578 5297 2797 5351 quoque
2828 5282 2964 5336 dicit
2997 5300 3010 5335 :
3049 5300 3067 5332 i
3116 5280 3270 5334 Tunc
3322 5277 3467 5332 oculi

1894 5388 2164 5427 calcorum
2187 5374 2526 5441 aperientur,
2546 5382 2601 5427 et
2626 5374 2804 5427 soluta
2820 5375 2930 5428 erit
2954 5374 3137 5442 lingua
3153 5381 3467 5437 mutorum;

1898 5472 2027 5517 tunc
2059 5464 2287 5517 claudus
2319 5474 2382 5518 ut.
2410 5479 2609 5518 cervus
2635 5464 2793 5519 saliet
2818 5465 2884 5517 ".
2917 5483 2934 5515 l
2970 5462 3129 5529 Quod
3156 5471 3341 5517 autem
3374 5462 3469 5515 de-

1896 5556 2059 5612 bebat
2090 5556 2356 5609 Dominus
2386 5566 2572 5609 noster
2597 5555 2757 5610 Jesus
2794 5556 3048 5610 Christus
3077 5554 3132 5608 in
3160 5553 3467 5607 Jerusalem

2462 5697 2506 5725 '9
2538 5695 2680 5749 Psal.
2715 5708 2899 5751 χχχιιι.
2931 5694 2985 5748 6.
3094 5694 3140 5724 ’θ
3165 5694 3269 5748 lsa.
3312 5709 3349 5754 i,
3383 5694 3467 5747 16.

2130 5766 2173 5797 ⁷³
2209 5767 2347 5819 l’sal.
2381 5779 2562 5832 Lxxui,
2626 5766 2710 5819 15.
2821 5765 2867 5797 ⁷³
2898 5764 3001 5820 Job
3030 5779 3101 5831 ix,
3136 5761 3189 5818 8.
3292 5762 3340 5794 "
3362 5760 3467 5819 lsa.
