4190 6438
716 396 842 461 1:731

1906 398 1965 454 S.
2010 393 2401 455 ANASTASII
2447 391 2772 450 SlN.‘\l'l‘.'li

3842 389 3981 451 1232

711 515 921 585 ingredi
955 513 1155 568 sedens
1186 514 1239 567 in
1278 515 1429 584 pullo
1464 515 1600 568 asini
1634 514 1938 585 suhjugalis
1966 514 2123 582 quasi
2168 528 2283 576 rex,

2390 508 2559 579 χωλὸς
2586 508 2658 570 ὡς
2711 507 2904 573 ελαφος
2957 504 3165 556 ἁλεῖται
3205 522 3223 554 ι
3257 543 3270 556 .
3308 504 3427 555 Ὅτι
3466 503 3521 555 δὲ
3562 503 3735 555 ἐλθεῖν
3782 502 3979 573 ἔμελλε

706 609 973 677 propheta
1000 608 1294 660 Zacharias
1316 608 1449 661 dicit
1477 626 1488 659 :
1535 608 1784 660 «Exsulta
1809 607 1962 664 satis.
1994 604 2101 657 lilia
2130 604 2283 669 Sion,

696 700 897 766 jtthila,
930 700 1035 751 lilia
1061 698 1364 751 Jerusalem
1395 717 1409 763 ;
1443 714 1569 752 ecce
1605 714 1695 752 rev
1746 707 1876 752 tuus
1922 698 2074 750 venit
2111 698 2288 767 justus

703 805 758 846 et
802 795 1037 846 salvator
1067 810 1081 857 ;
1126 792 1240 861 ipse
1277 807 1487 861 pauper
1523 801 1579 845 et
1622 791 1926 843 ascendens
1962 804 2127 857 super
2155 789 2289 840 suh-

695 884 936 953 jugalem
963 892 1018 935 et
1039 899 1207 951 super
1234 884 1442 951 pullum
1469 882 1533 935 ⁷⁷.
1561 901 1578 932 ι
1607 882 1758 947 Quod
1782 898 1810 932 a
1837 881 2052 942 vestris,
2089 878 2286 942 Judaei,

702 977 888 1043 pueris
928 996 944 1025 ι
985 978 1236 1027 llosanna
1271 995 1288 1025 ι
1323 976 1617 1028 clatnatum
1645 982 1749 1039 est,
1782 974 1894 1026 Deo
1935 970 2067 1024 illud
2110 969 2287 1038 inspi-

702 1078 879 1131 rante,
900 1069 997 1120 Dav
1014 1068 1062 1119 id
1082 1068 1515 1135 prophetizavit:
1544 1086 1560 1116 ι
1584 1067 1658 1120 Ex
1673 1082 1767 1119 ore
1788 1066 2078 1119 infantium
2097 1072 2153 1115 et
2178 1063 2288 1115 lac-

702 1160 934 1212 tentimn
978 1160 1252 1227 perl'eeisti
1289 1159 1504 1213 laudem
1528 1158 1593 1210 ⁷⁸.
1620 1177 1637 1207 ›
1675 1158 1839 1211 Isaias
1858 1165 2039 1210 autem
2074 1173 2131 1207 τι
2160 1154 2284 1223 Ipse

700 1248 1045 1303 inﬁrmitates
1079 1260 1295 1303 nostras
1324 1251 1453 1303 tulit
1490 1258 1546 1303 ct
1594 1249 1883 1321 languores
1928 1246 2186 1317 portavit,
2225 1254 2283 1299 et

698 1357 798 1409 pro
834 1343 993 1396 uohis
1023 1343 1361 1409 alﬂigitur”.
1391 1361 1409 1393 ι

2385 604 2414 654 6
2446 601 2647 670 Κύριος
2682 599 2838 668 ἡμῶν
2888 598 3093 667 Ἰησοῦς
3135 597 3367 666 Χριστὸς
3404 595 3500 648 τοῦ
3553 596 3747 647 παθεῖν
3780 598 3837 649 ὲν
3875 597 3981 648 Ἰε-

2391 694 2673 764 ρουσαλὴμ
2724 691 3089 759 καθεζόμενος
3137 691 3230 742 ἐπὶ
3290 690 3472 742 πώλου
3515 689 3637 741 (non
3674 689 3980 755 ὑποζυγίου

2388 786 2460 848 ὡς
2497 784 2749 853 βασιλεὺς
2808 780 2999 851 παρὼν
3021 823 3033 844 ,
3066 783 3093 833 6
3126 782 3411 851 προφήτης
3454 779 3729 849 Ζαχαρίας
3777 778 3929 843 λέγει
3962 792 3975 805 ·

2398 896 2415 928 ι
2458 877 2627 946 Χαῖρε
2681 873 2905 943 σφόδρα,
2936 872 3174 939 θύγατερ
3211 871 3368 922 Σιών·
3407 874 3671 941 κήρυσσε,
3735 869 3981 935 θύγατερ

2408 966 2767 1035 Ἰερουσαλήμ
2790 982 2803 994 ·
2828 964 2936 1017 ἰδοὺ
2964 967 2991 1017 ὀ
3016 964 3267 1033 βασιλεύς
3286 981 3379 1021 σου
3407 966 3623 1033 ἔρχεται
3648 962 3854 1021 δίκαιτς
3878 962 3979 1011 καὶ

2397 1060 2606 1122 σώζων,
2637 1059 2799 1121 αὐτὸς
2834 1056 3012 1126 πραῢς
3039 1060 3132 1109 καὶ
3162 1056 3505 1125 ἐπιϐεϐηκὼς
3534 1058 3629 1108 ἐπὶ
3675 1053 3978 1118 ὑποζυγίου

2394 1154 2488 1207 καὶ
2508 1151 2711 1205 πώλου.
2746 1169 2765 1202 ι
2801 1151 2923 1201 Ὀτι
2955 1149 3009 1201 δὲ
3039 1152 3130 1203 καὶ
3166 1148 3269 1201 ὑπὸ
3297 1148 3405 1199 τῶν
3433 1148 3639 1200 παίδων
3675 1146 3832 1213 ὑμῶν
3866 1143 3981 1195 τῶν

2404 1243 2670 1297 Ἰουδαίων
2692 1242 2771 1305 τὸ,
2802 1260 2818 1291 ι
2844 1241 3093 1303 Ὡσαννὰ,
3124 1260 3142 1292 ι
3171 1240 3505 1309 εύφημίσθη,
3527 1240 3633 1292 ὑπὸ
3652 1238 3786 1303 Θεού
3817 1236 3981 1289 τοῦτο

2389 1332 2749 1401 διδαχθέντες,
2772 1331 2977 1383 masta
3009 1332 3483 1401 προανεφωνησεν·
3512 1346 3530 1380 ε
3569 1327 3665 1381 Ἐκ
3707 1328 3977 1395 στόματος

697 1437 907 1505 νηπίω)
968 1439 1061 1488 καὶ
1097 1436 1437 1504 θηλαζόντων
1485 1437 1798 1507 κατηρτίσω
1837 1432 2002 1490 αἶνον.
2034 1453 2052 1487 ι
2087 1434 2146 1485 ’0
2212 1432 2268 1485 δὲ
2323 1427 2571 1490 Ἰισαῖαςο
2606 1442 2624 1477 t
2661 1423 2834 1487 Αὐτὸς
2876 1424 2975 1487 τὰς
3027 1421 3309 1487 ἀσθενείας
3352 1422 3510 1494 ἡμῶν
3546 1417 3687 1493 ἦρε,
3730 1420 3828 1473 καὶ
3874 1418 3977 1479 τὰς

699 1530 887 1589 νόσους
916 1530 1202 1593 ἐϐάστασε,
1242 1529 1335 1579 καὶ
1365 1529 1502 1599 ὑπὲρ
1530 1531 1688 1598 ἡμῶν
1717 1530 1969 1582 ὀδυνᾶται
1992 1545 2004 1558 ·
2042 1547 2061 1579 ι

769 1620 959 1672 Nonne
992 1619 1162 1681 vides,
1196 1620 1454 1683 oJudaee,
1499 1621 1776 1688 quomodo
1803 1619 2119 1689 Oportuerit
2168 1616 2273 1669 im-

697 1713 835 1781 pleri
866 1712 918 1763 in
944 1713 1094 1765 illum
1125 1712 1325 1780 scripta
1349 1712 1784 1781 prephctarum?
1817 1713 1888 1765 De
1919 1712 2065 1765 illius
2087 1718 2273 1763 autem

2458 1601 2570 1671 Ούχ
2602 1600 2768 1671 ὁρᾶς,
2809 1592 2854 1652 ὦ
2888 1598 3110 1652 Ἰουδαῖε
3138 1639 3152 1663 ,
3187 1598 3304 1661 πῶς
3336 1600 3445 1652 ἔδει
3491 1600 3849 1671 πληρωθῆναι
3897 1605 3978 1665 είς

2387 1694 2552 1747 αὐτὸν
2599 1694 2697 1754 τὰς
2754 1692 2972 1761 Γραφᾶς
3030 1690 3139 1743 τῶν
3198 1692 3531 1761 προφητῶν;
3567 1695 3701 1763 Περὶ
3740 1696 3852 1764 γὰρ
3880 1694 3977 1747 τού

700 1804 1036 1874 proditione,
1058 1806 1216 1873 cujus
1237 1816 1427 1858 auctor
1456 1805 1739 1859 l'uitJudas
1762 1822 1905 1858 unus
1928 1822 1957 1859 e
1981 1803 2272 1858 duodecim

2387 1785 2735 1857 προδεδόσθαι
2769 1785 2931 1837 αὑτὸν
2962 1785 3113 1853 παρὰ
3145 1784 3236 1836 τού
3254 1784 3419 1836 Ἰούδα
3445 1785 3562 1846 ἑνὸς
3588 1786 3695 1837 τῶν
3722 1788 3975 1857 ιβ’μαθη⁴

698 1896 982 1964 discipulis
1003 1898 1142 1965 ejus,
1178 1898 1609 1964 psahnusdicit:
1661 1917 1677 1948 ι
1709 1900 1887 1961 Quare
1930 1897 2278 1950 fremuerunt

700 1996 915 2053 gentes,
944 1998 1000 2039 et
1032 1989 1212 2055 populi
1247 1988 1492 2041 meditati
1546 1997 1675 2042 sunt
1698 1988 1879 2041 inania
1909 1988 1931 2041 ?
1965 1986 2274 2041 Astiterunt

702 2092 855 2144 reges
885 2086 1064 2139 terrse,
1098 2085 1154 2129 et
1186 2077 1464 2145 principes
1492 2088 1871 2131 convenerunt
1903 2078 1955 2129 in
1991 2077 2264 2129 unum“.i

700 2168 1091 2222 Convenerunt
1142 2170 1363 2237 quidem
1412 2186 1600 2223 revera
1642 2171 1696 2223 in
1750 2180 1999 2225 sanctum
2046 2185 2276 2239 puerum

700 2261 793 2313 Dei
828 2258 1036 2324 Jesum,
1072 2264 1165 2329 qui
1200 2264 1574 2325 esttlhristus,
1599 2264 1841 2316 Herodes
1862 2262 2156 2315 etl’ontius
2187 2262 2277 2315 ιιι-

701 2352 845 2405 latus
881 2369 1003 2405 cum
1034 2354 1290 2420 gentibus
1319 2364 1373 2406 et
1396 2354 1612 2422 populis
1638 2353 1827 2407 Israel.
1859 2353 2027 2405 David
2060 2367 2277 2421 quoque

700 2443 839 2495 dicit
868 2443 935 2497 de
964 2446 1157 2497 eodem
1191 2464 1204 2498 :
1245 2464 1264 2495 ι
1297 2445 1576 2498 Fuderunt
1608 2461 1802 2498 manus
1843 2460 1992 2498 meas
2016 2454 2073 2497 ct
2112 2444 2277 2512 pedes

700 2552 872 2599 meos,
908 2547 962 2590 et
991 2537 1301 2591 diviserunt
1340 2538 1440 2590 sibi
1482 2539 1805 2590 vestimenta
1837 2553 1976 2599 mea,
2022 2546 2077 2590 ct
2108 2552 2275 2605 super

703 2628 942 2681 tunicam
982 2644 1156 2681 meam
1189 2630 1460 2682 miserunt
1490 2639 1697 2682 sortem
1726 2646 1740 2692 ;
1786 2630 2277 2683 dinumeraverunt

700 2721 883 2772 oumia
915 2734 1037 2772 ossa
1072 2736 1190 2772 mea
1214 2722 1279 2772 ’".
1314 2739 1331 2770 ι
1393 2720 1525 2773 Vide
1573 2721 2009 2782 crucilixionem,
2048 2730 2103 2774 et
2142 2736 2281 2789 quo-

703 2812 864 2864 tnmlo
908 2821 1123 2863 act-tum
1175 2828 1297 2863 eum
1354 2810 1479 2863 felle
1530 2810 1605 2863 illi
1659 2811 1957 2864 hihendum
1994 2811 2279 2876 dederint;

704 2903 848 2955 idem
904 2901 1070 2954 David
1122 2901 1318 2953 iterum
1374 2901 1547 2955 dicit:
1609 2920 1626 2951 ι
1659 2902 1939 2955 Dederunt
1989 2903 2042 2955 in
2097 2919 2278 2956 escam

704 3007 879 3045 meam
910 2991 1001 3053 fel,
1035 2998 1090 3043 et
1122 2992 1174 3043 in
1212 2991 1299 3043 siti
1336 3008 1454 3043 mea
1488 3001 1818 3060 putaverunt
1855 3010 1941 3046 me
1981 3002 2139 3045 aceto
2160 2995 2226 3046 θ’.
2254 3012 2272 3043 ι

704 3083 845 3148 Ergo
866 3082 1074 3134 mentiti
1094 3091 1221 3134 sunt
1240 3083 1522 3150 propheta:
1556 3093 1611 3135 et
1634 3084 1809 3136 nostri
1840 3082 2276 3138 Christianorum

702 3174 1069 3240 evangelisue.
1132 3174 1330 3225 similia
1400 3173 1668 3236 dicentes,
1721 3176 1834 3227 haec
1886 3191 2105 3243 passum
2156 3192 2277 3229 esse

2386 3154 2542 3223 ἡμῶν
2575 3154 2681 3205 τῶν
2714 3153 3081 3222 Χριστιανῶν,
3120 3154 3188 3203 τὰ
3225 3155 3314 3204 ἶσα
3347 3152 3550 3204 τούτων
3591 3154 3855 3215 εἰπόντες,
3888 3153 3972 3205 ὅτι

703 3264 1031 3318 Christum?
1069 3264 1123 3317 Si
1167 3265 1339 3318 tt0stri
1388 3266 1737 3334 evangelista:
1776 3267 1987 3320 mentiti
2032 3276 2181 3330 sunt,
2227 3277 2283 3320 et

704 3356 986 3423 propheta:
1011 3356 1176 3409 etiam
1211 3354 1422 3407 mentiti
1471 3355 1669 3407 similia
1718 3356 1825 3408 illis
1872 3356 2142 3409 dicentes.
2194 3356 2283 3409 \‘is

705 3450 895 3501 audire
927 3449 992 3500 dc
1021 3450 1137 3517 ejus
1180 3449 1510 3516 sepultura?
1550 3448 1820 3516 Propheta
1863 3448 1997 3501 dicit
2046 3448 2099 3499 in
2145 3449 2285 3501 lihro

706 3541 1082 3592 l‘salmorum:
1125 3557 1142 3586 ι
1171 3539 1477 3591 l‘osuet'ttttt
1524 3552 1610 3589 me
1644 3537 1698 3589 in
1764 3536 1883 3587 lacu
1930 3535 2195 3596 inferiori,
2230 3535 2283 3587 in

708 3628 950 3680 tenehris
982 3638 1036 3680 ct
1072 3629 1125 3680 in
1162 3628 1352 3680 umhra
1388 3628 1601 3691 mortis,
1630 3636 1686 3680 ct
1727 3627 1908 3680 factus
1966 3642 2086 3678 smn
2141 3627 2285 3680 sicut

708 3723 868 3772 homo
899 3720 1020 3771 sine
1051 3719 1348 3787 adjutorio,
1398 3722 1540 3772 inter
1596 3728 1843 3771 mortuos
1891 3719 2030 3772 liher
2059 3717 2138 3783 ⁸³,
2176 3737 2193 3769 ι
2233 3717 2283 3770 id

704 3820 789 3861 est
818 3810 936 3861 sine
985 3820 1229 3877 peccat».
1275 3809 1379 3862 Joh
1420 3826 1637 3877 quoque
1686 3809 1855 3861 dicit:
1896 3828 1913 3859 ι
1948 3809 2287 3878 Aperiantur

708 3902 801 3952 tihi
835 3902 1030 3953 timore
1060 3910 1229 3968 porta:
1260 3901 1472 3964 mortis,
1506 3901 1760 3953 custodes
1787 3909 1969 3953 autem
2002 3909 2285 3968 portarum

707 3992 904 4044 inl'erni
936 3991 1180 4043 videntes
1208 3999 1260 4043 te
1293 3991 1651 4043 terrclmntur
1674 3991 1754 4053 “;
1792 4010 1811 4040 ι
1868 3998 2059 4059 aperte
2090 3991 2285 4042 adver-

706 4085 975 4138 sariorum
1006 4083 1400 4136 dmutoniorum
1424 4090 1726 4152 potestates
1753 4083 2134 4152 designantur,
2166 4098 2288 4151 qum

709 4176 761 4225 in
790 4172 1003 4225 inferno
1030 4172 1298 4225 habitant.
1332 4173 1485 4237 Qttod
1512 4173 1682 4224 multa
1706 4188 1941 4239 corpora
1966 4179 2285 4225 sanetormn

706 4264 800 4334 qui
834 4265 903 4317 ab
947 4265 1103 4317 initio
1127 4264 1315 4317 mundi
1351 4265 1709 4327 dormierant,
1740 4264 1993 4319 Christus
2038 4266 2093 4318 in
2121 4280 2288 4319 cruce

709 4356 953 4425 pendens
979 4356 1238 4409 excitavit
1268 4371 1298 4408 e
1326 4358 1584 4419 mortuis,
1622 4357 1910 4410 Psalmisla
1940 4356 2077 4411 dixit
2100 4374 2119 4410 :
2156 4358 2285 4422 «Qui

708 4448 896 4501 educit
929 4447 1141 4501 vinctos
1177 4446 1229 4499 in
1261 4446 1622 4512 fortitudine;
1660 4448 1915 4500 similiter
1940 4448 2033 4516 qui
2058 4462 2286 4501 exacer-

2378 1881 2490 1933 τῶν
2520 1878 2707 1941 αὑτοῦ,
2738 1879 2767 1930 6
2788 1878 3002 1947 ψαλμδς
3027 1880 3194 1944 λέγει·
3225 1896 3244 1928 ι
3277 1879 3393 1930 Ἴνα
3417 1878 3469 1930 τί
3505 1878 3784 1948 ἐφρύαξαν
3818 1880 3973 1953 ἔθνη,

2380 1973 2475 2025 καὶ
2500 1971 2617 2023 λαοὶ
2646 1970 2979 2040 ἐμελέτησαν
3023 1970 3184 2022 καινά
3214 1985 3228 2031 ;
3261 1969 3611 2040 παρέστησαν
3638 1971 3686 2021 oi
3720 1970 3963 2039 βασιλεῖς

2384 2063 2482 2133 τῆς
2502 2062 2628 2131 γῆς»
2662 2060 2756 2114 καὶ
2784 2061 2832 2112 Ol
2864 2062 3120 2130 ἄρχοντες
3151 2060 3502 2129 συνήχθησαν
3526 2061 3620 2113 ἐπὶ
3649 2062 3709 2111 τὸ
3742 2062 3879 2113 αύτό
3906 2101 3920 2115 .
3951 2082 3969 2112 ι

2381 2153 2733 2224 Συνήχθησαν
2762 2152 2871 2223 γὰρ
2904 2154 2989 2203 ἐπ’
3006 2151 3264 2220 ἀληθείας
3291 2153 3385 2203 ἐπὶ
3409 2154 3498 2203 τὸν
3514 2151 3667 2220 ἅγιον
3689 2154 3862 2206 Παῖδα
3880 2153 3975 2204 τοῦ

2380 2244 2515 2297 Θεοῦ
2550 2242 2779 2312 Ἰησοῦν,
2807 2244 2863 2303 ὃς
2904 2245 3017 2295 ἐστι
3043 2243 3300 2312 Χριστὸς,
3340 2242 3585 2312 Ἡρώδης
3618 2260 3675 2296 τε
3710 2246 3805 2297 καὶ
3836 2245 3973 2296 llo'v-

2380 2351 2497 2398 τιος
2548 2336 2779 2397 Πιλᾶτος
2812 2336 2909 2387 σὺν
2938 2336 3118 2387 ἔθνεσι
3174 2338 3266 2387 καὶ
3312 2335 3460 2397 λαοῖς
3499 2335 3745 2405 Ἰσραὴλ.
3789 2337 3902 2388 Καὶ
3944 2339 3975 2389 6

2382 2428 2546 2480 Δαόὶδ
2575 2428 2725 2495 λέγει
2761 2429 2886 2496 περὶ
2926 2426 3090 2480 αὑτοῦ
3123 2442 3137 2455 ·
3180 2446 3197 2477 σ
3235 2427 3477 2496 Ὤρνξαν
3519 2429 3708 2496 χεῖράς
3741 2444 3845 2496 μου
3870 2429 3973 2481 καὶ

2380 2517 2544 2579 πόδας
2583 2535 2707 2585 μου,
2740 2517 2833 2568 καὶ
2856 2516 3235 2585 διεμερίσαντο
3266 2517 3331 2568 τὰ
3362 2516 3552 2585 ἱμάτιά
3585 2533 3687 2584 μου
3732 2518 3970 2581 ἑαυτοῖς,

2307 2627 2313 2632 ·
2382 2607 2476 2659 καὶ
2514 2608 2607 2658 ἐπὶ
2628 2606 2719 2657 τὸν
2776 2606 3067 2674 ἱματισμόν
3105 2624 3206 2674 μου
3248 2604 3469 2657 ἔϐαλλον
3496 2605 3716 2674 κλῆρον·
3748 2608 3971 2677 ὲξηρίθ·

2384 2714 2565 2767 μησαν
2600 2698 2776 2750 πάντα
2825 2697 2892 2747 τα
2919 2695 3053 2748 ὀστᾶ
3084 2713 3210 2765 μου.
3244 2715 3261 2745 ι
3293 2695 3424 2747 Ἰδού
3457 2697 3551 2746 καὶ
3582 2696 3615 2764 ἡ
3641 2695 3973 2762 σταύρωσις,

2381 2789 2474 2841 καὶ
2504 2790 2583 2839 ὅτι
2613 2788 2733 2852 ὅξος
2771 2787 2909 2856 μετὰ
2952 2786 3114 2856 χολῆς
3163 2786 3325 2839 αὑτὸν
3377 2786 3652 2840 ἐπότισαν.
3710 2786 3769 2837 Ὀ
3809 2788 3971 2849 αὐτὸς

2380 2879 2542 2932 Δαδὶδ
2608 2880 2768 2932 πάλιν
2815 2875 3001 2930 εἶπεν·
3030 2896 3047 2929 ι
3084 2880 3331 2930 Ἕδωκαν
3383 2881 3461 2939 είς
3509 2878 3573 2929 τὸ
3614 2877 3813 2947 βρῶμά
3868 2896 3973 2947 μου

2381 2971 2564 3041 χολὴν,
2608 2975 2702 3023 καὶ
2733 2973 2812 3033 εἰς
2864 2976 2962 3040 τὴν
2998 2970 3155 3037 δίψαν
3215 2988 3317 3038 μου
3353 2971 3609 3023 ἐπότισαν
3642 2988 3709 3038 με
3764 2968 3909 3033 ὅξος.
3948 2990 3965 3021 ι

2378 3057 2528 3131 Ἀρα
2562 3062 2861 3131 ἐψεύσαντο
2913 3063 2961 3113 οἱ
3024 3061 3295 3131 προφῆται
3350 3062 3522 3112 κα“ιοί
3579 3062 3972 3128 εὐαγγελὴσταὶ

2384 3246 2557 3298 ταῦτα
2578 3244 2781 3298 ἔπαθεν
2805 3247 2832 3297 6
2849 3246 3079 3314 Χριστος
3098 3262 3111 3310 ;
3130 3246 3223 3296 καὶ
3247 3246 3292 3295 εἰ
3324 3248 3370 3296 οἱ
3404 3244 3782 3311 εύαγγελισταὶ
3812 3245 3972 3315 ἡμῶν

2386 3337 2705 3406 ἐψεύσαντο,
2766 3339 2859 3389 καὶ
2903 3338 2951 3388 οἱ
2989 3337 3265 3406 προφῆται
3319 3336 3503 3389 λοιπὸν
3560 3336 3863 3405 ἐψεύσαντο
3902 3338 3971 3390 τὰ

2385 3432 2546 3499 ὃμοια
2601 3430 2804 3481 τούτων
2862 3430 3127 3490 εἰπόντες.
3178 3427 3367 3490 Θέλεις
3421 3427 3652 3481 ἀκοῦσαι
3704 3430 3973 3498 καὶπερὶ

2386 3523 2483 3591 τῆς
2544 3521 2721 3590 ταφῆς
2768 3520 2930 3573 αὐτοῦ
2967 3538 2981 3586 ;
3020 3521 3077 3572 '0
3125 3522 3415 3591 Προφήτης
3478 3519 3625 3588 λέγει
3681 3521 3741 3573 ἐν
3804 3520 3975 3591 βίϐλῳ

2385 3613 2652 3681 Ψαλμῶν*
2687 3631 2705 3663 ε
2749 3612 2974 3664 Ἐθεντό
3033 3629 3097 3681 με
3160 3612 3218 3663 ὲν
3267 3611 3455 3682 λάκκῳ
3531 3614 3855 3684 κατωτάτῳ,
3913 3616 3973 3665 ἐν

2388 3706 2681 3766 σκοτεινοῖς
2720 3704 2811 3756 καὶ
2843 3706 2900 3756 ὲν
2946 3705 3071 3774 σκιᾷ
3100 3702 3353 3766 θανάτου,
3396 3705 3488 3757 καὶ
3522 3703 3788 3774 ἐγενήθην
3839 3706 3973 3758 ὡσεἽ⁵

2387 3796 2669 3866 ἄνθρωπος
2688 3795 3005 3865 ἀϐοήθητος,
3027 3797 3082 3846 ὲν
3100 3798 3311 3862 νεκροῖς
3330 3794 3633 3864 ἐλεύθερος,
3647 3816 3666 3847 ι
3693 3796 3973 3849 τουτέστιν

2388 3890 2791 3958 ἀναμάρτητος.
2813 3888 2919 3940 Καὶ
2940 3889 2995 3939 ὲν
3013 3886 3090 3957 τῷ
3128 3887 3249 3938 ’1ὼὸ
3264 3887 3412 3948 λέγει
3435 3903 3448 3915 ο
3478 3905 3496 3938 ι
3521 3886 3857 3953 ’Λνοίγονταί
3889 3905 3971 3940 σοι

2390 3980 2539 4049 φόϐῳ
2592 3980 2757 4032 πύλαι
2802 3979 3055 4043 θανάτου,
3122 3979 3366 4049 πυλωροὶ
3416 3978 3472 4031 δὲ
3513 3978 3642 4049 ᾅδου
3680 3980 3879 4041 ἰδόντες
3912 3996 3971 4031 σε

2389 4072 2645 4141 ἔπτηξαν·
2702 4089 2722 4123 ›
2781 4070 3024 4141 δηλονότι
3082 4071 3139 4124 αἱ
3193 4071 3302 4123 τῶν
3382 4069 3640 4123 ἐναντίων
3696 4071 3973 4140 δαιμόνων

2390 4164 2647 4232 δυνάμεις
2666 4164 2718 4215 αἱ
2745 4163 2803 4216 ἐν
2828 4162 2906 4232 τῷ
2934 4163 3056 4235 ᾅδῃ.
3078 4164 3201 4216 Ὅτι
3222 4163 3278 4215 δὲ
3312 4162 3482 4216 πολλὰ
3500 4163 3727 4235 σώματα
3742 4164 3855 4215 τῶν
3882 4181 3975 4216 κε-

2390 4258 2737 4327 κοιμημένων
2762 4256 2856 4309 ἀπ’
2873 4256 3068 4318 αἰῶνος
3093 4256 3261 4324 ἁγίων
3281 4257 3551 4320 ὀΧριστδς
3576 4259 3635 4310 ὲν
3652 4257 3731 4326 τῷ
3751 4258 3974 4327 σταυρῷ

2391 4350 2736 4420 κρεμάμενος
2801 4350 3022 4419 ῆγειρεν
3046 4352 3110 4402 ἐκ
3157 4349 3268 4401 τῶν
3301 4349 3511 4421 νεκρῶν
3541 4390 3556 4415 ,
3591 4353 3619 4404 6
3666 4350 3972 4420 Ψαλμῳδδς

2392 4438 2540 4495 εἶπεν
2572 4460 2615 4492 ο(
2657 4443 2720 4494 '0
2744 4441 2953 4508 ἐξάγων
2978 4442 3383 4512 πεπεδημένους
3410 4446 3467 4497 ὲν
3492 4443 3710 4513 ἀνδρείᾳ
3733 4460 3745 4472 ·
3772 4444 3976 4513 ὁμοίως

709 4539 820 4592 hati
857 4547 985 4591 sunt
1036 4548 1092 4591 et
1152 4538 1399 4591 habitant
1432 4538 1484 4590 in
1546 4538 1817 4606 sepulcris
1838 4540 1903 4591 ".
1938 4557 1956 4588 ι
1999 4538 2104 4591 Sed
2132 4538 2199 4591 de
2227 4538 2283 4591 il-

2393 4535 2521 4596 τοὺς
2540 4534 3076 4603 παραπικραίνοντας
3098 4535 3222 4596 τοὺς
3240 4534 3624 4598 κατοικοῦντας
3645 4536 3702 4587 ὲν
3716 4536 3932 4600 τάφοις.
3948 4556 3967 4587 ι

710 4632 815 4684 lius
843 4630 1097 4683 triduana
1136 4630 1415 4699 scpultura
1468 4639 1523 4684 ct
1568 4630 1978 4685 resurrectione
2027 4630 2291 4699 prepheta

708 4722 847 4774 Osce
871 4722 950 4773 sie
984 4721 1228 4789 loquitur
1257 4741 1271 4775 :
1307 4741 1323 4772 ι
1346 4722 1667 4787 Quzcramus
1706 4723 2017 4786 Dominum,
2048 4721 2291 4775 viviﬁca-

710 4813 788 4865 hit
815 4829 916 4865 nos
947 4823 1070 4881 post
1091 4815 1227 4867 duos
1249 4814 1388 4878 dies,
1420 4823 1475 4868 et
1506 4815 1559 4867 in
1580 4814 1668 4868 die
1696 4815 1854 4867 tertia
1886 4829 2162 4883 resurgam
2186 4816 2283 4863 κθ.»

710 4902 863 4967 Quod
894 4913 1077 4956 autem
1124 4902 1303 4955 anima
1341 4904 1462 4972 ejus
1507 4904 1563 4955 in
1612 4904 1827 4957 inferno
1872 4919 1980 4955 non
2030 4902 2290 4956 derelicta

710 5004 816 5058 est,
851 5010 1027 5061 neque
1057 5010 1188 5048 caro
1221 4996 1341 5064 ejus
1367 4995 1503 5049 vidit
1534 4995 1971 5064 corruptionem,
2005 4996 2172 5049 David
2206 4995 2287 5048 di-

712 5082 827 5135 cit:
869 5101 886 5130 ι
918 5082 1035 5136 Non
1064 5083 1414 5152 derelinques
1441 5085 1680 5137 animam
1730 5101 1906 5138 meam
1946 5086 2000 5138 in
2048 5085 2287 5147 inlerno,

714 5189 891 5242 neque
909 5173 1068 5227 dabis
1086 5186 1333 5230 sanctum
1358 5185 1509 5231 tuum
1529 5177 1717 5231 videre
1736 5179 2148 5247 corruptionem
2168 5179 2234 5231 ³⁷.
2267 5198 2283 5228 ι

713 5264 791 5318 Ne
820 5265 1106 5320 arbitreris
1138 5279 1318 5321 autem
1356 5269 1423 5323 de
1448 5286 1505 5324 se
1535 5270 1703 5324 David
1733 5271 1973 5325 locutum
2006 5288 2147 5329 esse.
2181 5288 2289 5325 non

713 5358 781 5409 de
809 5358 1067 5423 Christo;
1119 5361 1289 5414 David
1344 5362 1397 5415 in
1451 5379 1547 5417 sua
1592 5365 1949 5433 generatione
1994 5365 2295 5418 obsecutus

717 5448 812 5500 Dei
844 5450 1131 5504 voluntati.
1163 5452 1424 5506 dormivit
1452 5464 1508 5507 et
1544 5455 1832 5523 appositus
1872 5468 1955 5509 est
1994 5455 2061 5510 ad
2110 5464 2294 5525 patres

716 5555 864 5605 suos,
900 5550 956 5595 et
987 5542 1121 5596 vidit
1150 5544 1585 5615 corruptionem.
1622 5546 1741 5617 Ipse
1766 5548 1930 5617 igitur
1956 5548 2107 5602 Deus
2125 5559 2289 5601 uatu-

1495 5681 1540 5713 ⁷⁸
1564 5682 1705 5735 Psal.
1746 5697 1861 5744 \‘ill,
1890 5681 1943 5733 3.

1357 5752 1401 5782 ⁸³
1428 5752 1572 5805 l‘sal.
1630 5767 1861 5816 μιν-η,
1919 5753 1973 5817 ⁸7,
2004 5752 2054 5806 8.

786 5674 831 5705 ⁷⁷
859 5676 1087 5730 Zaehar.
1118 5694 1191 5741 Ix,
1226 5680 1277 5741 8.
1301 5680 1352 5735 9.

719 5744 765 5773 "
800 5744 937 5799 l'sal.
973 5763 1156 5803 t.xvttt.
1193 5750 1281 5803 '22.

719 5815 763 5847 ⁸⁷
796 5816 933 5870 l'sal.
970 5820 1149 5883 snio.

2096 5683 2607 5815 "-'?‘}'.,l;"‘;.‘;.ﬁ;,
2645 5751 2728 5805 ιτ.

2397 4627 2560 4681 Ἀλλὰ
2587 4632 2682 4680 καὶ
2708 4629 2837 4688 περὶ⁸
2862 4626 2961 4695 τῆς
2990 4627 3294 4696 τριημέρου
3324 4626 3487 4679 αὑτοῦ
3516 4629 3693 4697 ταφῆς
3740 4630 3839 4680 καὶ
3869 4628 3974 4696 τῆς

2394 4721 2742 4780 ἀναστάσεως
2768 4719 2796 4769 6
2828 4719 3115 4788 προφήτης
3140 4720 3298 4788 Ὠσηὲ
3323 4718 3470 4786 λέγει
3502 4720 3694 4782 οὓτως*
3727 4737 3746 4771 t
3792 4721 3975 4789 Ζητή-

2396 4828 2577 4879 σωμεν
2603 4811 2693 4861 τὸν
2735 4808 2964 4879 Κύριον,
2999 4812 3095 4861 καὶ
3137 4810 3359 4876 ἁγιάσει
3393 4812 3541 4879 ἡμᾶς
3571 4810 3708 4881 μετὰ
3761 4812 3977 4880 ἡμέρας

2392 4904 2505 4965 δύο,
2531 4902 2626 4955 καὶ
2657 4905 2722 4972 τῇ
2769 4902 2927 4973 τρίτῃ
2961 4902 3143 4973 ἡμέρᾳ
3172 4902 3574 4972 ἀναστήσομαι.
3624 4921 3641 4955 ι
3678 4903 3805 4955 Ὀτι
3833 4902 3891 4955 δὲ
3941 4904 3975 4971 ὴ

2392 4996 2539 5065 ψυχὴ
2590 4994 2753 5049 αὑτοῦ
2786 4996 2843 5045 ὲν
2875 4994 2979 5065 ᾅδῃ
3002 4996 3061 5046 οὐ
3104 4994 3527 5047 καταλέλειπται
3555 5036 3570 5060 ,
3597 4996 3719 5048 οὐδὲ
3752 4996 3785 5065 ἡ
3832 4995 3974 5064 σὰρξ

2394 5087 2559 5141 αὑτοῦ
2596 5082 2703 5139 εἶδε
2745 5084 3057 5155 διαφθορὰν,
3090 5086 3118 5137 6
3143 5084 3307 5136 Δαδὶδ
3335 5084 3503 5152 λέγει·
3540 5103 3558 5135 ι
3590 5087 3703 5137 Ούκ
3736 5086 3978 5151 ἐγκατα-

2398 5178 2601 5247 λείψεις
2630 5178 2730 5248 τὴν
2773 5176 2951 5246 ψυχήν
2989 5193 3092 5244 μου
3129 5176 3208 5239 είς
3261 5176 3417 5247 ᾅδην,
3481 5177 3603 5229 οὐδὲ
3650 5176 3844 5238 δώσεις
3883 5176 3978 5227 τὸν

2400 5273 2544 5325 ὅσιόν
2574 5288 2667 5323 σου
2700 5271 2823 5322 ἰδεῖν
2844 5269 3161 5340 διαφθοράν.
3194 5289 3211 5320 ι
3238 5270 3330 5339 Μὴ
3363 5270 3589 5341 νομίσῃς
3634 5270 3690 5322 δὲ
3717 5271 3799 5321 ὅτι
3846 5269 3980 5335 περὶ

2400 5362 2593 5415 ἑαυτοῦ
2622 5355 2772 5412 εἶπεν
2796 5358 3021 5420 ὀΔαὸὶδ,
3050 5360 3143 5411 καὶ
3169 5360 3229 5410 οὐ
3257 5362 3386 5430 περὶ
3407 5360 3666 5430 Χριστοῦ·
3693 5361 3793 5413 ὁδὶ
3810 5361 3980 5412 Δαὸὶδ

2405 5455 2504 5525 μὲν
2545 5456 2611 5523 τῇ
2653 5452 2759 5523 ίδίᾳ
2787 5452 2951 5521 γενεᾷ
2980 5450 3332 5521 ὑπηρετήσας
3375 5455 3442 5522 τῇ
3482 5452 3575 5504 τοῦ
3622 5451 3756 5505 Θεοῦ
3786 5451 3976 5522 βουλῇ,

2402 5547 2669 5618 ἐκοιμήθη
2698 5546 2788 5597 καὶ
2820 5542 3118 5615 προσετέθη
3170 5543 3305 5614 πρὸς
3335 5546 3461 5609 τοὺς
3502 5545 3746 5616 πατέρας
3786 5546 3975 5609 αὐτοῦς

2725 5679 2769 5709 ⁸⁸
2794 5676 2936 5734 Psal.
2970 5692 3029 5741 ιι,
3064 5677 3115 5741 l,
3145 5677 3200 5731 ἓ.
3346 5677 3391 5708 ⁸⁸
3421 5677 3565 5733 Psal.
3601 5694 3709 5740 nt,
3746 5677 3982 5735 l7—l9.

2872 5746 2919 5778 "
2942 5747 3082 5801 l’sal.
3114 5762 3280 5815 uvu,
3311 5747 3364 5813 ὓ,
3394 5748 3447 5803 ’1.
3560 5746 3609 5780 ⁸⁸
3637 5750 3777 5803 Osee
3809 5764 3885 5814 vi,
3920 5751 3978 5806 3.
