4190 6438
210 411 349 475 1233

1226 405 1679 469 DISPU'I‘ATIO
1716 406 2107 468 ADVERSUS
2143 406 2465 467 JUDEOS.

3303 399 3438 463 193i

204 527 305 579 καὶ
324 520 431 578 οἵδε
451 522 748 593 διαφθοράν
761 538 775 554 °
795 521 954 585 αὑτὸς
977 520 1085 594 γὰρ
1105 522 1134 575 6
1154 521 1287 583 Θεὸς
1311 520 1408 590 τὴν
1436 518 1780 589 ἀνθρωπίνην

1892 537 1998 573 ram
2045 529 2336 574 humanam
2381 535 2542 588 quam
2594 518 2826 588 sumpsit
2867 513 3175 571 suscitavit.
3223 516 3287 569 Et
3310 515 3438 568 alibi

205 634 242 679 φ
252 614 395 677 ύσιν,
410 614 474 682 ἢν
487 612 1035 680 άνέλαϐεν,άνέστησε
1045 650 1058 663 .
1077 612 1183 663 Καὶ
1196 609 1770 678 ἀλλαχοῦγέγραπται·

214 725 233 755 ι
273 706 384 756 Καὶ
410 704 563 755 ἔσται
595 705 627 773 ἡ
656 703 961 765 ἀνάπαυσις
996 701 1184 761 αὑτοῦ,
1205 702 1359 769 τιμή·
1389 719 1408 751 ι
1442 699 1715 750 τουτέστιν
1744 701 1775 767 ἠ

209 795 313 863 μὲν
345 794 671 855 ἀνάπαυσις.
707 792 852 862 ταφή
879 806 898 821 ⁶
927 794 959 859 ἠ
987 792 1044 843 δὲ
1065 798 1221 859 τιμὴ,
1255 791 1567 850 ἀνάστασις.

280 886 480 939 Λοιπὸν
509 886 590 947 τίς
620 882 794 936 ταῦτα
838 883 1051 935 άκούων
1082 882 1145 933 ὲκ
1193 882 1299 933 τῶν
1330 879 1626 949 προφητῶν
1651 881 1779 947 περὶ

206 975 308 1027 τοῦ
346 974 604 1045 Χριστοῦ,
635 975 731 1043 οὑχ
760 974 1012 1043 ὁμολογεῖ
1038 974 1199 1026 αὑτὸν
1230 973 1361 1024 Θεὸν
1404 972 1656 1040 ἀληθινὸν
1688 972 1776 1024 διὰ.

206 1071 307 1139 τὴν
339 1068 436 1120 τοῦ
479 1068 686 1137 κόσμου
726 1068 1001 1136 σωτηρίαν
1032 1067 1527 1135 ἐνανθρωπὴσαντα
1548 1105 1562 1129 ,
1587 1066 1780 1117 εἴδωλά

205 1179 269 1213 τε
300 1161 745 1229 καταργήσαντα,
778 1159 967 1220 θυσίας
996 1158 1269 1225 δαιμόνων
1291 1159 1774 1226 καταστρέψαντας

211 1251 325 1303 Ποῦ
382 1253 522 1303 εἰσιν
573 1253 627 1303 al
677 1250 856 1302 θυσίαι
906 1250 1221 1317 Λίγύπτου;
1270 1247 1371 1299 ποῦ
1412 1249 1467 1300 αἱ
1531 1252 1777 1315 μαντεῖαι

207 1342 489 1409 Μέμφεως
516 1357 530 1404 ;
558 1339 661 1391 ποῦ
697 1340 992 1405 Σεῦήνυτος
1017 1341 1049 1407 ὴ
1097 1339 1188 1390 τὸν
1218 1338 1434 1405 Σίμωνα
1468 1338 1735 1404 σεϐομένη
1765 1353 1779 1400 ;

208 1430 316 1481 ποῦ
348 1429 553 1497 Νούφις
577 1431 610 1499 ἠ
644 1430 736 1482 τὸν
765 1426 903 1481 οἶνον
936 1428 1316 1497 προσκυνοῦσα
1346 1446 1361 1494 ;
1400 1428 1503 1480 ποῦ
1538 1430 1645 1479 εἰσι
1684 1428 1781 1496 σή-

211 1538 383 1591 μερον
416 1521 464 1572 οἱ
496 1520 587 1571 τὸν
630 1520 779 1589 ἣλιον
811 1520 1129 1588 σεϐόμενοι;
1173 1518 1274 1571 ποῦ
1314 1518 1416 1582 τῆς
1466 1518 1781 1585 Ἀρτέμιδος

205 1614 235 1663 6
266 1610 394 1673 ναός
428 1627 443 1675 ;
478 1611 579 1662 ποῦ
610 1611 703 1662 τοῦ
752 1611 879 1663 ναοῦ
916 1610 1153 1673 Κυζίκου
1200 1611 1255 1662 αἱ
1300 1613 1545 1678 μαντεῖαι
1592 1609 1781 1660 ’Λπόλ-

208 1700 381 1760 λωνος
411 1700 507 1752 καί⁵
533 1701 749 1753 πάντων
784 1699 892 1752 τῶν
922 1699 1229 1768 δαιμόνωνς
1270 1699 1377 1752 Τοῦ
1408 1700 1516 1766 γὰρ
1546 1698 1781 1768 Χριστοῦ

208 1794 475 1857 φανέντος
526 1793 618 1843 καὶ
672 1792 907 1861 σταυροῦ
956 1794 1221 1859 παγέντος
1248 1832 1262 1855 ,
1295 1793 1323 1843 6
1351 1792 1481 1851 Θεὸς
1506 1790 1782 1859 πανταχοῦ

1880 610 2142 678 scriptum
2174 619 2256 664 est
2284 629 2296 662 :
2340 629 2357 661 ι
2386 610 2453 663 Et
2479 609 2582 661 erit
2614 608 2831 676 requies
2858 608 2978 676 ejus
3012 606 3179 677 gloria
3202 605 3281 667 ⁸⁸,
3314 624 3331 655 ι
3384 605 3438 657 id

1877 704 2226 770 est,reqnies
2271 702 2605 771 sepulcrum,
2651 702 2819 769 gloria
2856 710 3038 754 autem
3084 696 3442 753 resurrectio-

1877 808 2002 846 nem
2038 793 2236 848 indicat

1948 882 2079 948 Quis
2131 887 2346 938 demmn
2380 884 2494 936 haec
2521 883 2747 937 audiens
2774 899 2804 936 a
2852 881 3131 951 prophetis
3174 880 3241 934 dc.
3283 881 3445 933 Chri-

1881 981 1965 1027 sto
1995 976 2158 1035 dicta,
2198 991 2304 1027 non
2350 975 2552 1028 fatetur
2583 974 2727 1028 hunc
2769 975 2935 1027 Deum
2984 987 3107 1026 vere
3140 972 3204 1024 ad
3252 971 3444 1025 mundi

1883 1068 2116 1120 salutem
2147 1069 2424 1121 hominem
2449 1069 2648 1120 factum
2699 1082 2843 1125 esse.
2900 1065 3039 1118 idola
3088 1064 3439 1118 destruxisse.

1878 1154 2272 1208 daemoniorum
2304 1154 2564 1206 sacriﬁcia
2596 1154 2943 1206 abolevisse?
2993 1152 3090 1207 Ubi
3119 1163 3245 1206 sunt
3287 1152 3444 1221 (Egy-

1885 1246 1960 1314 pti
2007 1247 2311 1300 sacrilicia?
2360 1245 2449 1298 ubi
2504 1244 2827 1312 Memphidis
2866 1244 3139 1296 oracula?
3195 1244 3282 1297 ubi
3350 1245 3447 1297 Sc-

1883 1335 2077 1404 henvtc
2107 1336 2384 1389 Simonem
2432 1335 2660 1390 colens?
2717 1335 2806 1389 ubi
2861 1335 3073 1402 Nuphis
3102 1334 3284 1386 vinum
3318 1338 3448 1386 ado-

1885 1427 2056 1479 rans?
2087 1428 2177 1479 ubi
2226 1435 2355 1479 sunt
2404 1426 2560 1480 hodie
2614 1426 2743 1480 solis
2792 1426 3072 1481 cultores?
3121 1424 3209 1477 ubi
3264 1425 3449 1477 Diamc

1888 1518 2148 1585 templum
2173 1517 2195 1568 ?
2227 1517 2311 1570 ubi
2340 1516 2590 1587 Cyziceni
2620 1517 2804 1585 templi
2832 1517 3099 1586 Apollinis
3121 1526 3176 1570 et
3201 1516 3445 1569 omnium

1890 1607 2284 1660 daemoniorum
2331 1607 2596 1663 oracula?
2653 1607 2870 1661 Christo
2910 1608 3054 1659 enim
3105 1608 3449 1660 manifestato

1892 1707 1949 1752 et
1988 1698 2040 1751 in
2083 1713 2245 1751 cruce
2287 1697 2593 1764 pendente,
2646 1697 2788 1749 Deus
2840 1696 3042 1764 ubique
3088 1697 3344 1750 aduratur
3396 1705 3450 1749 et

1886 1789 2236 1857 gloriﬁcatur.
2260 1789 2449 1841 Nonne
2473 1803 2567 1841 vos
2593 1788 2777 1857 pudet,
2798 1787 2990 1850 Judaei,
3020 1803 3118 1841 nos
3143 1788 3454 1842 idololatras

209 1884 601 1951 προσκυνεῖται
668 1884 760 1934 καὶ
815 1882 1118 1948 δοξάζεται.
1157 1884 1268 1935 Καὶ
1309 1884 1408 1935 οὑκ
1440 1883 1780 1951 αἰσχύνεσθε,

1892 1889 1944 1934 ct
1972 1879 2131 1932 idolis
2157 1879 2525 1933 sacriﬁcantes
2560 1878 2799 1932 vocare?
2824 1879 3079 1932 Attamen
3108 1878 3305 1931 mirum
3344 1894 3451 1930 non

224 1973 492 2037 Ἰουδαῖοι,
522 1972 874 2035 είδωλοθύτας
906 1974 1053 2042 ἡμᾶς
1086 1972 1180 2025 καὶ
1226 1973 1614 2043 εἰδωλολάτρας
1671 1974 1785 2022 ὀνο-

214 2064 515 2131 μάζοντες
548 2063 738 2133 Ὅμως
770 2065 920 2116 οὐδὲν
950 2065 1100 2130 ξένον
1123 2080 1138 2095 ·
1177 2066 1325 2116 πᾶσα
1359 2064 1467 2132 γάρ
1517 2064 1690 2132 πόρνη
1718 2064 1785 2131 τῇ

212 2154 479 2224 ἐλευθέρᾳ
508 2156 724 2221 γυναικὶ
753 2155 811 2206 τὸ
846 2155 975 2207 ῖδιον
996 2156 1163 2224 ὄνομα
1184 2155 1513 2225 περιτίθησι,
1548 2153 1785 2224 κράζουο

215 2258 287 2292 σα
327 2242 464 2309 αὑτῇ
495 2259 509 2272 ·
536 2242 980 2311 Πεπορνευμένη.
1018 2243 1127 2293 Καὶ
1155 2242 1264 2310 γάρ
1304 2242 1523 2293 Ἡσαΐου
1555 2243 1646 2292 καὶ
1686 2240 1785 2294 Ἰε-

214 2330 415 2398 ρεμίου
458 2332 550 2383 καὶ
575 2331 684 2383 τῶν
714 2332 919 2385 λοιπῶν
948 2331 1266 2402 προφητῶν,
1295 2332 1357 2383 οὑ
1391 2332 1497 2401 μὴν
1522 2332 1659 2384 ἀλλὰ
1696 2333 1790 2385 καὶ

214 2421 383 2473 αὑτοῦ
410 2422 503 2474 τοῦ
530 2423 787 2493 Χριστοῦ,
808 2425 908 2477 οὑκ
929 2424 1243 2491 ὲφείσασθε·
1268 2425 1359 2476 καὶ
1387 2425 1504 2484 πῶς
1525 2426 1656 2492 ἡμῖν
1678 2425 1791 2485 τοῖς

216 2513 562 2581 Χριστιανοῖς
579 2514 728 2581 ἔχετε
748 2515 1034 2581 φείσασθαι
1058 2532 1072 2577 ς
1092 2514 1231 2566 Ἀλλ’
1251 2515 1301 2566 εἰ
1325 2515 1415 2565 καὶ
1431 2514 1607 2582 εἴχετε
1634 2514 1791 2580 ὑμεῖς

217 2605 489 2668 ἐξουσίαν,
505 2605 595 2657 καὶ
616 2607 772 2673 ἡμεῖς
792 2606 1032 2675 σήμερον
1052 2604 1265 2673 ἔχομεν,
1282 2605 1382 2655 οὑκ
1396 2603 1461 2655 ἂν
1479 2602 1674 2654 ἐάσατε
1695 2601 1789 2652 ἕνα

218 2696 277 2760 ἐξ
313 2695 470 2764 ήμῶν
499 2695 662 2763 μέσον
698 2695 848 2762 ὑμῶν
869 2696 1047 2765 ζῆσαι,
1076 2694 1324 2762 καθάπερ
1346 2695 1438 2746 καὶ
1468 2696 1627 2762 ἡμεῖς
1650 2692 1791 2759 ὑμᾶς

220 2786 551 2854 ἀνεχόμεθα.
591 2784 807 2855 Ἐπειδὴ
835 2785 890 2837 δὲ
942 2786 1132 2836 εἴπατε
1159 2799 1172 2813 ’
1205 2786 1303 2834 Διὰ
1346 2783 1396 2833 τί
1430 2783 1529 2834 οὑκ
1557 2778 1713 2833 εἶπαν
1742 2782 1791 2832 οἱ

223 2876 502 2944 προφῆται
532 2875 780 2943 φανερῶς
803 2875 897 2926 καὶ
919 2873 1110 2942 γυμνῷ
1135 2872 1212 2942 τῷ
1237 2871 1520 2940 πράγματι
1548 2869 1789 2939 περὶτοῦ

222 2966 509 3035 Χριστοῦς
547 2965 736 3034 ἐρωτῶ
795 2964 950 3033 κάγὼ
991 2966 1133 3032 ὑμᾶς
1192 2963 1348 3015 τοῦτὸ
1394 2979 1457 3028 γε
1492 2978 1504 2990 °
1544 2961 1664 3022 Πῶς
1690 2960 1790 3013 οὑκ

224 3054 381 3107 εἷπον
410 3058 457 3107 oi
492 3056 768 3125 προφῆται
807 3055 936 3124 περὶ
962 3054 1057 3107 τοῦ
1090 3052 1325 3122 Χριστοῦ
1367 3053 1495 3119 ὑμῖν
1533 3054 1642 3112 τοῖς
1659 3052 1790 3102 Ίου-

221 3147 416 3209 δαίοις,
442 3150 523 3199 ὅτι
558 3147 789 3199 Βλέπετε
811 3186 825 3209 ,
861 3145 1034 3198 ἐλθεῖν
1064 3145 1176 3213 ἔχει
1203 3143 1486 3212 ἄνθρωπος
1522 3140 1792 3208 καλούμε-

1890 1977 1993 2022 est.
2024 1968 2213 2022 Omnis
2253 1968 2397 2020 enim
2447 1967 2707 2020 meretrix
2754 1967 2967 2020 mulieri
3019 1967 3204 2020 libera:
3253 1983 3453 2019 nomen

1890 2075 2049 2112 suum
2105 2059 2353 2127 imponit,
2409 2059 2658 2111 vocitans
2698 2057 2844 2109 illam
2898 2056 3264 2110 meretricem.
3318 2055 3452 2109 Nam

1888 2151 2057 2210 Isaizc.
2088 2150 2356 2212 Jcremiw,
2384 2156 2440 2203 et
2468 2149 2693 2217 reliquis
2730 2148 3030 2218 prophetis,
3061 2147 3307 2216 adeoque
3352 2146 3454 2214 ipsi

1887 2241 2104 2295 Christo
2126 2255 2232 2293 non
2258 2240 2579 2309 pepercistis
2603 2257 2618 2306 ;
2649 2251 2704 2296 et
2725 2239 2998 2309 quomodo
3021 2239 3176 2293 nobis
3197 2238 3457 2293 Christia-

1890 2340 1977 2393 nis
2012 2340 2236 2408 potestis
2291 2341 2552 2407 parcere?
2605 2343 2650 2396 si
2696 2358 2826 2396 vero
2873 2340 3151 2395 haberetis
3183 2341 3323 2394 hanc
3363 2355 3458 2408 po-

1893 2437 2161 2492 testatem,
2192 2444 2355 2497 quam
2383 2444 2483 2482 nos
2527 2429 2690 2484 hodie
2721 2430 3008 2493 habemus,
3044 2445 3150 2483 non
3200 2428 3459 2483 sineretis

1894 2534 2060 2571 unum
2089 2534 2156 2571 ex
2184 2518 2345 2572 nobis
2374 2517 2517 2571 inter
2551 2533 2647 2572 vos
2678 2518 2880 2581 vivere,
2920 2528 2979 2572 ut
3006 2533 3109 2572 nos
3136 2533 3232 2571 vos
3262 2517 3461 2570 tolera-

1895 2620 2035 2659 mus.
2066 2605 2204 2659 Cum
2232 2605 2381 2660 enim
2408 2606 2613 2665 dicitis.
2643 2622 2741 2659 cur
2774 2622 2882 2659 non
2934 2604 3098 2660 locuti
3130 2606 3240 2659 sint
3275 2611 3462 2673 aperte

1892 2706 1949 2750 et
1973 2697 2117 2750 nude
2140 2696 2209 2751 de
2233 2696 2449 2751 Christo
2480 2698 2778 2766 prephetm,
2813 2712 2995 2765 quaero
3025 2706 3079 2749 et
3106 2710 3208 2765 ego
3231 2711 3260 2748 a
3284 2694 3460 2755 vobis.

1893 2802 1992 2841 cur
2017 2803 2125 2840 non
2156 2787 2400 2842 dixerint
2423 2788 2703 2858 propheta:
2730 2788 2884 2842 vobis
2902 2787 3103 2843 Iudaeis
3118 2787 3183 2840 de
3203 2785 3422 2840 Christo
3445 2802 3459 2838 :

1892 2876 2114 2941 Cavete,
2133 2878 2313 2931 veniet
2337 2878 2502 2932 homo
2524 2879 2827 2947 appellatus
2850 2878 3031 2941 Jesus,
3060 2892 3130 2931 ne
3153 2878 3229 2931 illi
3257 2876 3463 2931 credite

1892 2966 2021 3033 quia
2054 2966 2317 3034 impostor
2336 2967 2477 3021 est?
2507 2966 2619 3022 Sed
2653 2966 2726 3020 ita
2748 2981 2938 3021 verum
2967 2981 3088 3021 esse
3112 2965 3388 3020 Christum
3410 2973 3467 3017 et

1893 3054 2088 3118 Deum,
2139 3070 2300 3124 quem
2360 3057 2643 3126 propheta:
2702 3056 3229 3127 przenuntiaverunt,
3279 3057 3469 3110 nolen-

1896 3152 1977 3196 tes
2003 3146 2248 3210 credere,
2283 3146 2659 3215 impostorem,
2692 3163 2794 3203 nec
2822 3146 3100 3201 Christum
3128 3147 3397 3216 accipitis.

227 3256 315 3299 νος
362 3236 590 3306 Ἰησοῦς,
622 3236 697 3306 μὴ
719 3235 1043 3287 πιστεύσατε
1094 3234 1241 3300 αὑτῷ
1294 3234 1374 3285 ὅτι
1409 3232 1607 3292 πλάνος
1661 3233 1843 3296 ὲστίν;
1886 3235 1999 3286 ἀλλ’
2060 3236 2233 3299 οὑτως
2291 3237 2382 3290 τὸν
2429 3238 2680 3309 ἀληθινὸν
2732 3237 2964 3308 Χριστὸν
3001 3239 3095 3292 καὶ
3131 3237 3283 3303 Θεὸν,
3312 3236 3373 3291 ὃν
3422 3238 3470 3291 οἱ

224 3329 508 3401 προφῆται
557 3331 953 3399 προεκήρυξαν,
1000 3328 1074 3398 μὴ
1126 3329 1447 3395 θελήσαντες
1480 3327 1780 3390 πιστεῦσαι,
1824 3328 2020 3384 πλάνον
2061 3334 2155 3386 καὶ
2183 3336 2244 3387 οὑ
2279 3333 2512 3404 Χριστὸν
2532 3333 2833 3403 ὲνδέχεσθε.

305 3421 367 3471 Εἰ
404 3419 459 3470 δὲ
480 3418 609 3491 εἴπῃ
630 3422 659 3471 6
703 3419 974 3482 Ἰουδαῖος,
999 3420 1081 3470 ὅτι
1121 3418 1243 3480 Πῶς
1277 3419 1371 3469 τοῦ
1402 3417 1536 3469 Θεοῦ
1580 3434 1786 3486 παραγ-

1970 3424 2068 3477 Sin
2098 3433 2280 3478 autem
2305 3424 2524 3479 Judaeus
2552 3425 2750 3479 dixerit
2780 3441 2793 3477 :
2827 3422 3137 3491 Quomodo,
3170 3437 3295 3478 cum
3323 3421 3472 3477 Deus

226 3509 509 3577 γείλαντος
549 3509 623 3576 μὴ
667 3512 989 3576 προσκυνεῖν
1040 3508 1237 3577 ξύλαῆ
1295 3510 1441 3560 λίθον
1507 3507 1601 3559 καὶ
1660 3507 1797 3576 ἔργα

228 3603 434 3674 χειρῶν
473 3601 795 3673 ἀνθρώπων,
836 3602 953 3665 πῶς
1008 3604 1163 3671 ὑμεῖς
1191 3603 1240 3655 οἱ
1291 3602 1608 3671 Χριστιανοὶ
1662 3601 1801 3655 αὐτὰ

231 3697 587 3764 προσκυνεῖτε
615 3694 708 3746 καὶ
735 3694 982 3754 σέὄεσθε,
1018 3694 1297 3756 ποιοῦντες
1325 3692 1504 3746 αὑτῶν
1534 3694 1801 3761 σταυροὺς

232 3786 328 3837 καὶ
356 3785 604 3850 εἰκόναςς
636 3785 755 3836 είπὲ
794 3784 976 3851 αὐτῷ’
1008 3784 1145 3849 Λέγε
1181 3801 1268 3850 μοι
1301 3785 1393 3835 καὶ
1423 3784 1509 3844 σὺ,
1554 3783 1798 3845 ’ῐουδαῖε,

231 3875 322 3927 διὰ
346 3874 399 3925 τί
436 3876 525 3926 καὶ
549 3876 613 3925 σὺ
643 3877 965 3943 προσκυνεῖς
991 3874 1051 3924 τὸ
1084 3873 1285 3942 βιϐλίον
1311 3872 1404 3925 τοῦ
1433 3874 1619 3941 νόμον,
1651 3875 1802 3926 ἐπει-

233 3967 300 4034 δὴ
339 3967 404 4016 ὲκ
430 3964 716 4031 δερμάτων
750 3965 1007 4032 τυγχάνει
1037 3964 1127 4015 καὶ
1167 3966 1222 4014 ὲν
1252 3964 1559 4033 ἀκαθαρσίᾳ
1606 3962 1803 4034 βεϐυρ-

237 4054 541 4121 σευμένονς
574 4054 661 4106 διὰ
715 4053 767 4105 τί
826 4054 878 4105 δὲ
933 4054 1027 4106 καὶ
1055 4055 1083 4104 6
1127 4052 1323 4105 Ἰακὼϐ
1364 4054 1392 4105 6
1457 4058 1803 4123 πατριάρχης

238 4143 646 4212 προσεκύνησεν
668 4145 759 4196 ἐπὶ
788 4144 848 4195 τὸ
874 4144 1041 4212 ἄκρον
1069 4145 1166 4212 τῆς
1207 4142 1403 4213 ῥάϐδου
1427 4141 1521 4195 τοῦ
1558 4144 1754 4213 Ἰωσήφ
1786 4160 1802 4208 ;

239 4236 349 4287 Καὶ
378 4236 425 4286 εἰ
460 4235 557 4303 μὲν
585 4233 695 4302 ἔχει
725 4236 919 4297 εἰπεῖν,
948 4235 1028 4287 ὄτι
1053 4233 1171 4286 Κᾶν
1197 4234 1485 4302 προσκυνῶ
1506 4232 1601 4285 τοῦ
1636 4234 1801 4303 νόμου

235 4326 298 4376 τὸ
328 4324 551 4393 βιδλίον,
587 4326 646 4376 οὑ
674 4325 771 4393 τὴν
805 4326 965 4393 φύσιν
1002 4324 1112 4377 τῶν
1155 4324 1439 4393 δερμάτων
1485 4325 1803 4394 προσκυνῶ,

236 4418 377 4471 ἀλλὰ
406 4420 503 4487 τὴν
521 4418 746 4487 δύναμιν
775 4419 883 4471 τῶν
908 4419 1169 4488 ῥημάτων
1198 4436 1211 4449 '
1234 4421 1327 4471 καὶ
1346 4419 1374 4469 6
1410 4416 1607 4470 Ἰακὼῦ
1635 4435 1806 4488 προσ-

239 4510 483 4577 κυνήσας
530 4510 631 4576 τὴν
688 4509 900 4577 ῥάϐδον,
935 4510 994 4561 οὑ
1058 4509 1117 4561 τὸ
1165 4507 1320 4569 ξύλον
1373 4507 1805 4576 προσεκύνησεν,

239 4602 376 4652 ἀλλὰ
431 4600 519 4651 τὸν
550 4600 857 4669 κρατοῦντα
892 4600 1062 4667 αὑτὴν
1103 4600 1332 4667 Ἰωσήφ·
1371 4600 1488 4651 εἰπὲ
1523 4598 1693 4667 αὑτῷ,
1723 4599 1806 4650 ὅτι

241 4690 432 4751 Οὕτως
481 4690 578 4742 καὶ
611 4692 770 4760 ἡμεῖς
799 4693 847 4743 οἱ
890 4691 1209 4759 Χριστιανοὶ
1250 4690 1682 4759 προσκυνοῦντες
1709 4687 1803 4741 τοῦ

1908 3516 2233 3585 praeceperit
2279 3532 2349 3571 ne
2406 3516 2708 3570 adorentur
2771 3515 2938 3584 ligna,
2986 3513 3144 3583 lapis,
3199 3523 3255 3568 et
3307 3528 3473 3584 opera

1911 3622 2167 3659 manuum
2198 3607 2498 3671 hominum,
2532 3621 2650 3669 vos,
2683 3604 3006 3668 Christiani,
3062 3604 3178 3658 hrec
3227 3603 3474 3659 adoratis

1906 3704 1962 3749 et
1991 3696 2188 3761 colitis,
2215 3696 2477 3749 facientes
2520 3710 2589 3749 ex
2626 3695 2712 3749 his
2737 3709 2930 3748 cruces
2958 3703 3013 3748 et
3053 3693 3359 3763 imagines?
3388 3711 3475 3750 re-

1910 3787 2120 3856 sponde
2144 3787 2219 3841 illi
2247 3804 2259 3839 :
2294 3786 2392 3843 Dic
2422 3785 2555 3840 mihi
2579 3795 2634 3841 et
2660 3797 2738 3849 tu,
2771 3785 2978 3849 Judaae,
3006 3801 3175 3855 quare
3201 3796 3255 3841 tu
3279 3786 3475 3841 adoras

1912 3879 2045 3949 legis
2064 3878 2282 3944 librum,
2307 3894 2429 3934 cum
2447 3894 2478 3933 e
2496 3878 2728 3947 pellibus
2750 3888 2803 3933 et
2821 3879 3115 3934 immundis
3135 3878 3302 3933 coriis
3326 3893 3477 3933 com-

1912 3981 2103 4040 pactus
2133 3971 2243 4025 sit?
2277 3986 2380 4025 cur
2410 3972 2577 4026 Jacob
2608 3971 2919 4041 patriarcha
2948 3970 3201 4024 adoravit
3225 3970 3281 4023 in
3321 3984 3474 4024 suru-

1914 4062 2101 4115 mitate
2127 4062 2289 4131 virga:
2315 4061 2602 4131 Ioseph”?
2624 4061 2778 4127 Quod
2805 4062 2851 4116 si
2882 4060 3123 4130 potuerit
3146 4060 3329 4115 dicere
3357 4078 3371 4114 :
3412 4061 3476 4113 Et

1914 4153 1958 4204 si
1999 4151 2166 4204 adoro
2193 4151 2325 4221 legis
2368 4152 2589 4214 librum,
2620 4168 2731 4205 non
2769 4160 3018 4205 naturam
3038 4150 3264 4220 pellium
3284 4150 3472 4214 adoro,

1914 4239 2009 4293 sed
2038 4239 2329 4293 verborum
2364 4241 2621 4293 virtutem
2646 4255 2663 4304 ;
2700 4253 2877 4308 neque
2901 4238 3069 4293 Jacob
3097 4237 3338 4292 adorans
3366 4238 3476 4290 vir-

1915 4346 2057 4397 gani,
2089 4329 2295 4397 lignum
2325 4329 2591 4393 adoravit,
2626 4330 2722 4383 sed
2748 4329 2841 4398 qui
2877 4343 2998 4384 eam
3038 4327 3353 4397 possidebat
3383 4327 3476 4382 Jo-

1916 4422 2088 4490 seph;
2125 4420 2213 4475 dic
2243 4420 2321 4475 illi
2348 4438 2360 4473 :
2393 4419 2654 4474 Similiter
2686 4428 2741 4473 et
2779 4434 2876 4474 nos
2900 4418 3203 4475 Christiani
3234 4417 3473 4472 adoran-

1918 4522 1996 4566 tes
2020 4511 2224 4567 Christi
2275 4527 2514 4577 crucem,
2550 4527 2661 4565 non
2686 4510 2817 4581 ligni
2860 4519 3114 4565 naturam
3158 4508 3471 4573 adoramus,

1914 4604 2058 4673 quod
2084 4605 2246 4668 absit,
2273 4603 2366 4658 sed
2398 4602 2676 4658 Christum
2698 4602 2754 4656 in
2782 4617 2848 4657 eo
2880 4602 3229 4658 cruciﬁxum.
3267 4600 3472 4663 Quem-

1915 4693 2205 4747 admodum
2259 4700 2316 4746 et
2344 4708 2460 4759 vos,
2506 4692 2551 4746 si
2581 4691 2903 4747 inveneritis
2955 4691 3118 4745 hodie
3159 4692 3294 4751 duas
3321 4690 3477 4744 tabu-

243 4779 481 4849 Χριστοῦ
513 4781 761 4848 σταυρὸν,
797 4781 856 4833 οὑ
884 4782 983 4850 τὴν
1015 4779 1177 4849 φύσιν
1227 4780 1322 4832 τοῦ
1369 4779 1524 4843 ξύλου
1570 4796 1786 4849 προσκυ

1911 4786 1992 4840 las
2025 4795 2078 4839 et
2120 4784 2230 4839 duo
2262 4784 2561 4839 Cherubim
2602 4800 2788 4849 aurea,
2832 4799 2954 4853 quae
2995 4783 3126 4838 fecit
3154 4782 3384 4853 Moyses,
3419 4789 3474 4834 et

240 4869 465 4938 νοῦμεν,
498 4870 571 4940 μὴ
594 4871 836 4937 γένοιτοι
870 4870 1003 4923 ἀλλὰ
1035 4871 1265 4939 Χριστὸν
1286 4872 1375 4922 τὸν
1428 4868 1811 4939 σταυρωθέντα

241 4962 301 5010 ἐν
330 4960 500 5028 αὐτῷ.
534 4961 642 5011 Καὶ
669 4960 856 5026 ὥσπερ
888 4960 1043 5028 ὑμεῖς
1073 4959 1167 5011 ἐὰν
1191 4960 1397 5029 ηὑρατε
1422 4959 1545 5028 ἄρτι
1574 4959 1670 5021 τὰς
1716 4957 1809 5010 δύο

242 5049 457 5109 πλάκας
487 5050 579 5101 καὶ
599 5051 665 5100 τὰ
694 5048 786 5101 δύο
807 5049 1085 5117 Χερουϐὶμ
1108 5048 1174 5100 τά
1199 5051 1395 5118 χρυσᾶ,
1423 5051 1564 5119 άπερ
1585 5048 1809 5117 ἐποίησε

240 5141 503 5206 Μωῦσῆς,
535 5142 629 5191 καὶ
659 5139 756 5209 τὴν
780 5140 1031 5202 κιϐωτὸν,
1060 5138 1551 5210 προσῘε]κυνήσατε
1583 5140 1647 5192 ἂν
1670 5139 1810 5191 αὑτά

237 5230 511 5299 τιμῶντες
553 5230 645 5283 τὸν
694 5232 1023 5295 ἐπιτάξαντα
1075 5231 1245 5283 ταῦτα
1270 5247 1284 5263 ο
1321 5230 1398 5300 τῷ
1430 5229 1579 5300 αὑτῷ
1620 5230 1807 5299 τρόπῳ

242 5323 336 5375 καὶ
369 5324 549 5391 ἡμεῖς.
577 5324 675 5387 τὰς
708 5323 923 5385 εἰκόνας
953 5322 1406 5393 προσκυνοῦντες,
1442 5323 1503 5375 οὑ
1550 5322 1611 5375 τὸ
1655 5322 1808 5385 ξύλον

239 5413 675 5484 προσκυνοῦμεν,
713 5416 788 5484 μὴ
808 5414 1022 5481 γένοιτο
1049 5416 1063 5467 ι
1094 5413 1229 5465 ἀλλὰ
1260 5414 1492 5484 Χριστὸν
1514 5413 1802 5483 τιμῶντες,

251 5506 340 5558 tat
376 5507 502 5566 τοὺς
545 5505 732 5573 ἁγίους
785 5505 990 5559 αὐτοῦ’
1044 5505 1139 5558 καὶ
1188 5505 1309 5559 οὔτε
1361 5506 1421 5557 τὸ
1478 5505 1652 5571 ξύλον,
1684 5505 1806 5557 οὑτε

242 5602 342 5666 τὴν
391 5597 708 5665 ζωγραφίαν
756 5597 1167 5668 προσκυνοῦμεν
1198 5613 1214 5629 ·
1249 5598 1370 5650 ἐπεὶ
1405 5597 1662 5659 πολλάκις
1709 5597 1806 5658 τὰς

315 5748 361 5779 ⁸⁸
396 5747 539 5802 Psal.
576 5764 648 5812 xl,
694 5747 771 5802 l0.
842 5749 886 5782 "
918 5747 1082 5805 Hebr.
1120 5767 1191 5815 xl,
1221 5752 1310 5804 “ll.

1911 4889 2115 4935 arcam,
2149 4872 2451 4926 adoraretis
2471 4887 2535 4926 ea
2559 4871 2803 4925 colentes
2827 4871 2981 4924 illum
3003 4869 3095 4939 qui
3112 4869 3228 4923 ham
3252 4867 3474 4922 manda-

1911 4966 1991 5018 vit
2024 4964 2138 5016 tieri
2163 4979 2179 5028 ;
2209 4963 2281 5015 ita
2321 4972 2377 5017 et
2409 4977 2510 5016 nos
2548 4976 2674 5015 curn
2718 4961 2981 5031 imagines
3021 4962 3334 5024 adoramus,
3365 4974 3473 5012 non

1910 5057 2203 5110 adoramus
2231 5055 2459 5124 lignum,
2500 5053 2648 5123 quod
2678 5052 2841 5117 absit,
2872 5051 2969 5107 sed
3011 5050 3293 5107 Christum
3336 5050 3475 5106 coli-

1914 5162 2036 5202 mus
2062 5156 2113 5200 et
2138 5154 2353 5200 sanctos
2376 5147 2531 5215 ejus;
2572 5159 2751 5212 neque
2772 5144 2978 5212 lignum
3003 5156 3179 5211 neque
3204 5142 3473 5211 picturam

1912 5238 2221 5299 adoramus,
2235 5250 2361 5290 cum
2377 5234 2849 5304 saepiusimagines
2861 5241 3103 5287 vetustas
3114 5231 3475 5318 abstergimus

1911 5336 1968 5379 et
1998 5338 2343 5387 renovamus,
2377 5331 2472 5375 aut
2500 5329 2874 5391 putrescentes
2894 5317 3287 5383 comburimus,
3316 5317 3476 5371 alias-

1912 5431 2020 5485 que
2073 5429 2244 5467 novas
2290 5413 2543 5474 facimus,
2594 5411 2968 5464 tantummodo
3001 5410 3070 5463 ad
3126 5410 3327 5463 bonam
3360 5423 3475 5460 me-

1914 5502 2143 5555 moriam
2184 5500 2530 5554 servandam.
2585 5498 2688 5552 Vos
2736 5507 2942 5560 autem,
2986 5497 3147 5551 dicite
3195 5495 3475 5557 mihi,eur

1914 5592 2206 5662 imaginem
2258 5591 2764 5646 Nabuchodonosor
2793 5590 3063 5659 Babylone
3120 5576 3476 5643 adoravistis?
