4190 6438
732 376 867 437 1:335

1911 384 1969 438 S.
2016 380 2406 439 ANAS’I‘ASU
2452 382 2778 439 SlNAl'l’Jﬁ

3853 389 3986 447 1236

696 504 761 567 et
785 492 895 544 illic
925 490 1147 559 quidem
1194 491 1457 543 habentes
1499 491 1686 544 Daniel
1719 500 1771 544 et
1804 490 1941 544 alios
1984 491 2279 561 prophetas

2401 492 2595 554 ,ίκόνας
2617 492 3017 557 παλαιουμὲνας
3035 492 3405 562 ἀπαλείᾳομεν
3423 497 3516 548 καὶ
3540 498 3983 570 ἀνακαινίζομενο

704 585 796 653 ιιιιί
834 600 931 637 vos
960 584 1265 637 docerent?
1296 584 1362 636 Et
1385 599 1487 651 ego
1514 584 1883 645 Christianus,
1911 598 2035 635 enm
2070 581 2275 635 Christi

705 678 879 730 adoro
934 677 1244 742 imaginem,
1296 676 1472 728 dico:
1526 677 1710 730 Gloria
1768 676 1879 729 Deo
1927 685 2280 739 sanctorum;

708 788 813 822 non
843 771 968 822 dico
994 789 1005 821 :
1037 770 1219 822 Gloria
1248 771 1392 834 ligno
1442 781 1537 822 aut
1582 771 1804 838 pictura:
1830 786 1842 830 ;
1889 778 1944 820 tu
2002 783 2150 827 vero,
2181 767 2283 820 Na-

711 860 1137 913 lmeho~lonosor
1192 860 1429 913 adorans
1458 860 1772 927 imaginem,
1805 858 2025 911 dicebas
2056 875 2068 909 :
2100 858 2283 911 Gloria

707 952 1230 1004 Nabuchodonosor.
1296 952 1407 1017 ligo
1456 967 1674 1003 crucem
1728 950 1921 1012 adoro,
1971 966 2072 1001 nec
2120 950 2284 1002 dico:

706 1043 891 1097 Gloria
946 1043 1113 1109 ligno,
1152 1044 1298 1112 quod
1355 1044 1536 1107 absit;
1575 1052 1629 1094 tu
1691 1044 1921 1095 vitulum
1969 1041 2189 1101 adoras,
2236 1050 2293 1093 et

707 1137 885 1191 dicis:
923 1155 941 1187 ι
972 1137 1033 1190 lli
1062 1146 1189 1190 sunt
1216 1137 1302 1189 dei
1352 1135 1452 1196 tui,
1498 1134 1684 1192 lsraiél.
1737 1134 1831 1201 qui
1882 1133 2193 1184 eduxerunt
2241 1140 2291 1184 te

705 1244 736 1281 c
790 1238 934 1282 terra
989 1228 1291 1297 Aigypti“.
1324 1247 1341 1277 ι
1394 1225 1503 1279 Nos
1544 1224 1844 1279 Christiani
1896 1223 2085 1276 multis
2132 1222 2289 1278 annis

706 1318 909 1383 captivi
942 1325 993 1369 et
1028 1317 1187 1369 malis
1212 1314 1417 1377 alllicti,
1444 1314 1613 1366 Deum
1638 1327 1747 1365 non
1772 1327 2058 1381 negamus.

2384 583 2415 648 ἦ
2451 584 2545 633 καὶ
2619 581 2996 650 σαορωυείσας
3037 584 3287 651 καίομεν,
3310 586 3403 636 καὶ
3438 586 3603 649 ἄλλας
3633 594 3987 661 καινουργίας

2387 672 2677 742 ποιοῦμεν,
2706 674 2838 742 πρὸς
2872 675 3178 744 ὑπόμνησιν
3212 678 3424 747 ἀγαθήν
3463 681 3643 746 μόνον.
3690 682 3881 752 ’Υμείς
3930 687 3985 738 δὲ

2388 767 2562 818 ἐκεῖνό
2588 784 2675 834 μοι
2699 768 2913 818 εἴπατε·
2946 768 3031 819 διὰ
3066 769 3118 819 τί
3144 770 3242 837 τήν
3284 773 3464 823 εἰκόνα
3491 774 3587 841 τὴν
3620 775 3675 825 ἐν
3708 774 3984 829 Βαϐυλῶνι

2398 857 2872 925 Ναϐουχοδονόσορ
2900 858 3397 928 προτίεμυνήσατε
3422 880 3434 924 ;
3471 864 3647 914 καίτοι
3675 882 3737 928 γε
3770 869 3986 934 ἔχοντες

2394 948 2511 997 ἐκεῖ
2560 948 2652 998 τόν
2698 948 2893 1017 Δανιὴλ.
2940 950 3032 999 καὶ
3067 950 3260 1002 ἄλλους
3293 956 3582 1021 προφήτας
3632 954 3986 1017 ὁιδάσγοντας

2396 1037 2543 1103 ὑμᾶς
2580 1054 2595 1100 ;
2634 1040 2804 1104 Κάγὼ
2853 1039 2953 1105 μὲν
2986 1042 3013 1091 ὁ
3058 1042 3384 1109 Χριστιανὸς
3427 1046 3750 1113 προσκυνῶν
3803 1049 3987 1100 εἰκόνα

2388 1127 2481 1178 τοῦ
2513 1129 2773 1195 Χριστοῦ,
2811 1130 2977 1197 λέγω·
3002 1132 3137 1194 Δόξα
3164 1136 3191 1184 ὁ
3212 1134 3345 1195 Θεὸς
3367 1135 3474 1185 τῶν
3500 1138 3691 1203 ἁγίων,
3726 1139 3786 1191 οῦ
3819 1139 3983 1206 λέγω,

2396 1218 2532 1280 Δόξα
2588 1219 2747 1283 ξύλου
2786 1221 2817 1287 ῆ
2862 1222 3185 1289 ζωγραφίας
3212 1240 3225 1253 ⁸
3258 1226 3321 1278 σὺ
3368 1227 3423 1277 δὲ
3469 1232 3858 1299 προσκυνήσας
3888 1232 3986 1297 τήν

2395 1310 2598 1372 εἰκόνα,
2630 1307 2811 1374 εἶπας·
2840 1311 2976 1375 Δόξα
3008 1313 3477 1385 Ναϐουχοδονόσορ
3498 1334 3512 1347 ο
3556 1320 3668 1383 ἐγὼ
3692 1323 3986 1390 προσκυνῶ

705 1425 795 1458 τον
825 1410 1075 1477 σταυρὸν,
1104 1410 1163 1460 οὐ
1214 1408 1380 1476 λέγω,
1413 1408 1548 1473 Δόξα
1588 1406 1783 1470 ξύλου,
1829 1406 1902 1474 μὴ
1944 1406 2193 1471 Tirone!
2243 1404 2308 1455 σὺ
2336 1403 2393 1455 δὲ
2428 1407 2752 1472 προσκυνεῖς
2810 1406 2909 1476 τὴν
2966 1407 3186 1475 μόσχον,
3242 1408 3420 1474 λέγεις
3445 1426 3458 1439 ·
3494 1430 3511 1461 ι
3550 1408 3708 1465 Οὗτοι
3766 1415 3813 1465 οί
3873 1415 3986 1472 Θεοί

706 1516 823 1561 σου,
868 1502 1102 1571 Ἰσραὴλ,
1142 1502 1189 1553 οἱ
1218 1501 1577 1568 ἐξαγαγόντες
1609 1516 1666 1550 σε
1707 1500 1769 1549 ὲκ
1808 1498 1910 1565 γῆς
1950 1496 2226 1562 Αἰγύπτου
2251 1512 2265 1526 ο
2318 1515 2334 1544 ι
2370 1496 2533 1563 ἡμεῖς
2568 1496 2623 1548 δὲ
2654 1496 2703 1547 οἱ
2734 1496 3049 1566 Χριστιανοὶ
3076 1498 3602 1571 αἰχμαλωτιζόμενοι
3670 1503 3841 1557 πολλὰ
3889 1508 3982 1577 ἔτη

708 1594 800 1645 καὶ
837 1594 1319 1658 καταπονοῦμενοι,
1360 1593 1450 1644 τόν
1478 1592 1611 1644 ﬁt?”
1640 1592 1739 1643 οῦκ
1769 1588 2099 1661 αρνοὺμεοα.

779 1684 832 1735 Si
866 1687 957 1752 qui
983 1685 1279 1737 Christiani
1309 1694 1670 1753 negaverunt,
1700 1698 1807 1736 non
1838 1692 1945 1735 tam
1965 1680 2295 1747 multiqnam

2475 1679 2537 1731 ΕΞ
2592 1678 2648 1731 δὲ
2699 1681 2792 1732 καί
2850 1700 2993 1745 τινες
3052 1685 3371 1753 Χριστιανοὶ
3419 1686 3744 1755 ἠρνήσαντο,
3776 1689 3892 1742 ἀλλ’
3922 1693 3981 1743 ο)

709 1792 806 1829 vos
838 1776 1131 1845 Babylone,
1169 1793 1275 1829 non
1315 1777 1535 1846 quidem
1581 1776 1823 1846 percussi
1867 1791 1967 1828 nee
2006 1771 2291 1834 exeoriati,

710 1867 803 1919 sed
824 1883 974 1918 mero
996 1866 1047 1917 in
1073 1866 1243 1918 verbo
1260 1881 1450 1917 omnes
1473 1866 1787 1932 negastis,ct
1808 1864 2096 1931 imaginem
2118 1862 2292 1915 homi-

711 1955 799 2008 nis
819 1955 1110 2008 :Iduraslis.
1133 1957 1196 2007 lit
1221 1956 1322 2008 nisi
1345 1966 1453 2008 tres
1474 1956 1626 2023 pueri
1651 1955 1810 2007 ﬁdem
1834 1955 2061 2008 inDeum
2084 1969 2297 2011 servas—

712 2055 855 2107 sent,
885 2045 974 2097 ubi
1003 2046 1161 2097 Iidem
1189 2045 1240 2097 in
1267 2048 1434 2098 Deum
1460 2046 1787 2099 servassctis
1808 2046 1831 2098 ?
1851 2053 1908 2099 et
1934 2054 2113 2099 tamen
2144 2055 2292 2098 tanta

711 2138 863 2205 signa
915 2137 1176 2190 videratis
1230 2137 1283 2190 in
1344 2137 1491 2190 omni
1546 2136 1687 2197 loco,
1762 2137 1817 2189 in
1896 2136 2125 2205 A‘Igypto
2190 2135 2293 2189 sub

714 2230 913 2297 Moyse,
941 2231 995 2283 in
1024 2231 1156 2282 mari
1186 2230 1390 2291 Rubro,
1417 2231 1469 2282 in
1496 2230 1738 2292 deserto,
1773 2229 1825 2281 in
1852 2229 2103 2282 columna
2129 2227 2288 2295 ignis,

714 2324 933 2375 innan
964 2321 1202 2383 luminis,
1252 2321 1305 2373 in
1349 2329 1533 2373 monte
1583 2321 1735 2373 Sina.
1783 2320 1922 2374 Num
1976 2321 2099 2371 talia
2150 2320 2290 2373 bona

716 2414 858 2464 Deus
898 2411 1063 2465 alicui
1102 2410 1376 2463 contulit?
1414 2409 1553 2461 Num
1590 2409 1733 2462 Deus
1773 2406 1936 2460 alicui
1979 2408 2051 2459 ita
2076 2407 2294 2459 loculus

712 2514 796 2557 est
832 2504 1043 2573 legibus
1073 2511 1129 2556 et
1170 2502 1315 2555 tubis
1356 2501 1639 2569 angelicis,
1686 2507 1743 2553 et
1804 2500 1971 2552 tantis
2007 2499 2293 2551 miraculis

716 2596 889 2663 legent
920 2594 1081 2647 vobis
1107 2592 1305 2656 ferens,
1343 2608 1539 2644 manna
1570 2606 1781 2653 rorans,
1817 2590 2117 2659 prophetas
2148 2590 2292 2641 inter

715 2704 812 2740 vos
841 2687 1286 2753 mittens,gentes
1302 2686 1617 2753 subjugans,
1634 2683 2290 2750 alienigenasdestruens,

718 2775 930 2828 tabulas
947 2776 1214 2842 praebens,
1242 2774 1655 2825 tabernaculum
1684 2782 1923 2824 vestrum
1949 2772 2288 2835 describens,

720 2868 933 2934 iloysen
967 2882 1065 2920 ceu
1098 2868 1326 2919 alterum
1363 2866 1555 2929 Deum,
1595 2872 1657 2917 ut
1694 2879 1824 2917 suas
1847 2865 1993 2916 vices
2023 2872 2163 2932 agat,
2197 2881 2292 2915 vo-

720 2961 801 3014 bis
833 2959 1175 3028 przcﬁeieus?
1208 2958 1251 3008 0
1282 2958 1446 3010 vestri
1473 2956 1655 3025 populi
1682 2956 2002 3009 cateitatem!
2038 2972 2070 3007 o
2094 2956 2288 3008 malam

2402 1769 2646 1822 τοσοῦτοι
2676 1770 2751 1833 ὡς
2800 1772 2956 1841 ὑμεῖς
3002 1776 3069 1828 ὲν
3133 1775 3436 1836 Βαϐυλῶνι,
3473 1780 3609 1846 μήτε
3655 1782 3979 1848 τυφυέντες,

2403 1862 2543 1930 μήτε
2598 1863 2876 1932 δαρέντες,
2933 1866 3050 1917 ἀλλ’
3106 1868 3215 1920 ἀπὸ
3260 1870 3417 1937 ψιλοῦ
3467 1874 3711 1942 ῥήματος
3778 1877 3981 1939 πάντες

2399 1954 2735 2023 ἠρνήσασθε,
2782 1958 2877 2008 καὶ
2917 1959 3099 2011 εἰκόνα
3150 1965 3593 2032 προσεκυνήσατε
3638 1966 3932 2035 ἀνθρώπου
3963 1985 3977 1999 ·

2400 2044 2496 2095 καὶ
2526 2048 2574 2097 εί
2602 2064 2675 2115 μη
2711 2049 2760 2099 οῖ
2790 2051 2945 2119 τρεῖς
2980 2051 3170 2113 παῖδες
3205 2054 3373 2106 πιστὰ
3404 2056 3479 2123 τῷ
3514 2056 3634 2125 Θεῷ
3668 2059 3977 2125 ἐφύλαξαν,

2402 2137 2525 2199 ποῦ,
2564 2138 2686 2190 είπέ
2724 2156 2834 2206 μοι,
2864 2142 3031 2193 πιστὰ
3074 2144 3376 2211 ἐφυλάξατε
3410 2146 3486 2215 τῷ
3527 2146 3675 2215 Θεῷ;
3710 2150 3887 2201 καίτοι
3917 2169 3979 2217 γε

2397 2228 2634 2281 τοσαῦτα
2665 2235 2867 2300 σημεῖα
2894 2233 3276 2303 θεωρήσαντες
3300 2239 3356 2287 ἐν
3383 2238 3545 2290 παντὶ
3572 2240 3721 2308 τόπῳ
3742 2281 3755 2301 ,
3791 2243 3849 2292 ἐν
3884 2245 3981 2293 ΛΞ-

2396 2317 2589 2389 γύπτῳ
2616 2320 2721 2372 ὑπὸ
2747 2322 3044 2385 Μωῦσέως,
3072 2324 3130 2375 ἐν
3153 2328 3219 2395 τῇ
3258 2325 3498 2397 Ἐρυθρᾷ
3523 2329 3791 2399 θαλάσσῃ,
3829 2333 3889 2382 ἒν
3916 2336 3980 2401 τῇ

2396 2410 2604 2479 ἐρήμῳ,
2640 2412 2697 2463 ὲν
2732 2412 2909 2482 στὺλῳ
2965 2415 3159 2484 πυρὸς,
3189 2418 3246 2468 ἐν
3305 2418 3501 2488 νεφέλῃ
3557 2420 3755 2485 φωτὸς,
3795 2423 3855 2474 ἐν
3903 2424 3981 2492 τῷ

2395 2504 2511 2573 ὄρει
2550 2506 2713 2557 Σινόυ
2754 2506 2883 2557 πότε
2912 2508 2939 2558 ό
2972 2506 3102 2569 Θεὸς
3160 2509 3386 2561 τοιαῦτα
3432 2511 3614 2576 ἁγαοὰ
3650 2530 3754 2563 τινι
3790 2514 3983 2585 ὲποίή-

2399 2612 2490 2647 σεν
2525 2611 2538 2659 ;
2576 2596 2707 2647 πότε
2744 2596 2772 2647 ὁ
2822 2596 2955 2658 Θεός
3001 2615 3107 2649 τινι
3166 2600 3429 2667 ἐλάλησεν
3465 2601 3637 2663 οὕτως
3670 2602 3755 2654 διὰ
3793 2605 3979 2671 νόμιον

2397 2688 2488 2739 καὶ
2553 2687 2869 2753 σαλπίγγων
2909 2689 3251 2756 ἀγγελικῶν,
3298 2691 3392 2742 καὶ
3443 2692 3686 2760 σημείων
3715 2696 3981 2747 τοιούτων

2396 2778 2558 2845 νόμον
2588 2777 2763 2839 ὂώσας
2790 2778 2939 2847 ὑμῖν,
2980 2781 3154 2843 μάννα
3194 2781 3412 2849 βρέξας,
3446 2787 3729 2854 προφήτας
3763 2790 3822 2837 ἐν
3849 2790 3981 2855 ὑμῖν

2395 2871 2740 2931 ἀποστείλας,
2775 2873 2841 2924 τὰ
2896 2871 3023 2942 ἔθνη
3075 2874 3365 2939 ὑποτάξας,
3418 2877 3748 2944 ἀλλοφύλους
3804 2881 3983 2944 ἐξολο-

2398 2961 2655 3031 Ορεὺσας,
2684 2962 2781 3022 τὰς
2834 2964 3046 3025 πλάκας
3105 2965 3396 3027 ὲπιδώσας,
3437 2968 3534 3036 τὴν
3588 2972 3793 3039 σκηνήν
3827 2971 3982 3039 ὑμῶν

720 3049 1093 3103 voluntatem!
1144 3064 1177 3101 ι)
1224 3048 1497 3115 ingratqu
1542 3047 1787 3100 :mimum
1842 3047 2288 3100 ctvoluutariam

2401 3054 2553 3115 αὐτὸς
2583 3054 2926 3116 διατυπώσας
2952 3096 2965 3114 ,
2991 3056 3229 3109 Μωῦσέα
3262 3057 3511 3126 δεύτερον
3557 3059 3675 3110 θεὸν
3721 3079 3985 3115 τυποποι-

721 3142 1151 3196 obscnritatem!
1195 3156 1357 3209 supra
1389 3140 1442 3193 in
1477 3147 1663 3193 monte
1704 3138 1911 3207 Moyses
1953 3138 2107 3191 vobis
2148 3138 2283 3207 peri-

721 3233 1039 3295 clitabatur,
1076 3249 1172 3284 vos
1203 3232 1343 3284 inl'ra
1370 3231 1606 3283 vitulum
1637 3229 1957 3298 lingehatis;
2001 3244 2166 3296 supra
2207 3228 2295 3280 ille

726 3328 892 3377 Deum
926 3324 1168 3392 rogabat,
1218 3334 1273 3375 ct
1312 3323 1448 3376 infra
1485 3322 1655 3374 Deum
1686 3328 1739 3372 tu
1774 3320 1971 3372 iratum
2006 3319 2291 3383 reddebas,

722 3426 776 3469 cl
800 3416 1033 3469 vitulum
1069 3414 1365 3477 adorabas;
1396 3429 1591 3466 manna
1624 3411 1972 3472 comedebas,
2000 3422 2055 3464 et
2079 3412 2189 3463 Deo
2216 3411 2298 3463 in-

682 3540 685 3549 ς
725 3510 988 3562 sultabas.
1020 3508 1163 3561 Dixit
1192 3507 1339 3560 enim
1367 3505 1536 3559 David
1564 3523 1575 3558 :
1621 3523 1639 3555 ι
1668 3504 1865 3558 Adhuc
1888 3519 2027 3556 esczc
2057 3512 2211 3555 erant
2242 3502 2294 3555 in

725 3617 820 3651 ore
850 3615 1065 3658 eorum,
1105 3608 1160 3651 et
1201 3597 1277 3649 ira
1313 3597 1405 3649 Dei
1454 3596 1701 3649 ascendit
1746 3612 1913 3664 super
1952 3612 2049 3649 eos
2072 3597 2136 3647 ".
2172 3613 2188 3644 a
2238 3595 2299 3647 lit

725 3692 792 3743 de
823 3689 1314 3743 imbistristianis
1335 3688 1463 3757 quid
1489 3688 1675 3741 dicere
1696 3687 1947 3757 potestis,
1984 3702 2083 3739 nos
2103 3702 2298 3753 nempe

728 3782 923 3835 l’ilinm
961 3782 1055 3834 Dei
1079 3781 1349 3835 adorare?
1380 3781 1485 3833 Sed
1517 3778 1845 3849 respondete
1875 3797 1886 3831 :
1914 3778 2025 3833 Cur
2072 3794 2170 3831 vos
2207 3794 2301 3831 ve-

726 3884 868 3928 stros
883 3874 1083 3926 lilioset
1098 3874 1319 3935 lilias,ut
1339 3873 1576 3939 lozpiitur
1589 3872 1756 3926 David
1772 3916 1784 3936 ,
1806 3871 2183 3925 immolavistis
2202 3871 2303 3923 ila--

730 3966 929 4018 moniis
953 3965 1254 4033 Belphegor
1272 3968 1294 4017 ’ἰ
1317 3964 1447 4032 quid
1469 3965 1492 4017 ?
1516 3978 1611 4017 vos
1636 3979 1855 4032 semper
1877 3963 2036 4015 ﬁdem
2062 3962 2302 4015 habetis?

731 4057 891 4110 absit.
924 4055 1063 4109 Audi
1089 4055 1325 4125 Moysem
1351 4056 1624 4109 dicentem
1650 4055 1715 4107 ad
1740 4055 1999 4123 populum
2044 4054 2122 4124 (et
2172 4062 2302 4106 tunc

732 4150 953 4218 quidem
984 4148 1036 4200 in
1082 4149 1253 4202 Deum
1303 4150 1428 4217 pius
1474 4156 1593 4203 erat
1624 4148 1978 4204 Hebraeorum
2017 4148 2298 4217 pepnlus),

732 4240 856 4293 audi
885 4238 1017 4308 quid
1043 4238 1187 4292 dicat
1211 4239 1449 4307 Moyses:
1499 4258 1517 4289 ‹
1544 4239 1838 4293 Generatio
1864 4254 2122 4307 perversa
2152 4248 2300 4300 sunt,

2396 3145 2558 3197 οῦντα
2593 3145 2753 3197 αὑτὸν
2782 3145 2918 3214 πρὸς
2953 3146 3096 3214 ὑμᾶς
3149 3151 3540 3217 καταστήσαςς
3587 3151 3651 3201 Ὤ
3705 3152 3804 3219 τῆς
3855 3154 3983 3205 πολ-

2397 3236 2495 3304 λῆς
2527 3236 2679 3305 ὑμῶν
2714 3236 3024 3305 πωρώσεως
3061 3240 3073 3287 ἶ
3104 3237 3147 3288 ὣ
3173 3238 3272 3305 τῆς
3298 3241 3474 3304 κακῆς
3504 3240 3733 3309 γνώμης
3764 3244 3777 3294 ι
3811 3242 3857 3294 ὢ
3885 3246 3984 3312 τῆς

2397 3327 2694 3394 ἀχαρίστου
2722 3326 2877 3395 ὑμῶν
2902 3327 3277 3396 προαιρέσεως
3316 3330 3405 3380 καί
3427 3330 3738 3382 ἐθελουσίου
3767 3334 3983 3399 τυφλώ-

2402 3417 2568 3478 σεωςῑ
2604 3418 2749 3468 ’Λνω
2775 3418 2831 3468 ὲν
2864 3418 2938 3483 τῷ
2964 3418 3079 3487 ὂρει
3114 3419 3354 3487 Μωῠσῆς
3384 3421 3524 3489 ὑπὲρ
3556 3423 3712 3491 ὑμῶν
3775 3426 3987 3494 ἠγωνία

2401 3506 2544 3569 ζετο,
2572 3510 2663 3559 καὶ
2722 3509 2871 3561 κάτω
2912 3510 3069 3577 ὑμεῖς
3104 3511 3200 3578 τὴν
3234 3511 3434 3581 μόσχον
3484 3514 3779 3582 ὲχωνεὺετε
3811 3534 3825 3547 ”
3867 3518 3982 3570 ἄνω

2401 3598 2607 3660 ἐκεῖνος
2663 3599 2756 3651 τὸν
2789 3602 2921 3651 Θεὸν
2950 3602 3270 3670 παρεκάλει,
3301 3606 3394 3656 καὶ
3426 3606 3575 3657 κάτω
3624 3608 3686 3658 σῦ
3721 3608 3813 3658 τὸν
3850 3609 3985 3661 Θεὸν

2403 3686 2776 3756 παρώργιζες,
2813 3690 2907 3741 καὶ
2934 3690 3023 3741 τὸν
3057 3691 3256 3760 μόσχον
3287 3693 3642 3761 προσεκύνεις
3670 3711 3684 3726 ο
3716 3695 3778 3746 τὺ
3806 3685 3983 3764 μᾶννα

2404 3780 2611 3848 ἧσοιες,
2641 3780 2732 3831 καὶ
2773 3780 2863 3832 τὸν
2897 3782 3029 3832 Θεὸν
3063 3782 3359 3846 ὠνείδιζες.
3391 3786 3555 3852 Λέγει
3579 3786 3686 3855 γὰρ
3716 3788 3743 3837 ό
3771 3789 3941 3841 Δαεὶδ
3971 3832 3984 3853 ,

2404 3870 2484 3921 ὅτι
2522 3888 2540 3920 ι
2576 3871 2695 3922 Ἔτι
2723 3870 2819 3940 τῆς
2848 3870 3101 3940 βρώσεως
3135 3871 3300 3942 οῦσής
3327 3875 3384 3925 ἐν
3410 3875 3487 3943 τῷ
3522 3878 3749 3945 στόματι
3778 3879 3983 3941 αὐτῶν,

2406 3960 2500 4011 καὶ
2531 3961 2666 4030 ὀργὴ
2712 3961 2808 4013 τοῦ
2852 3962 2986 4014 Θεοῦ
3034 3963 3203 4033 ἀνέϐη
3258 3964 3343 4016 ἐπ’
3374 3966 3590 4027 αὐτούς.
3622 3986 3639 4017 ι
3678 3968 3790 4019 Καὶ
3838 3972 3984 4040 ἡμᾶς

2405 4056 2531 4118 τοὺς
2592 4057 2950 4125 Χριστιανοὺς
3016 4059 3069 4110 τί
3127 4060 3287 4126 ὑμεῖς
3340 4060 3491 4130 ἔχετε
3538 4063 3848 4125 εἱπεῖν,ὂτι
3896 4068 3985 4116 τὸν

2408 4145 2536 4197 Υἱδν
2582 4146 2676 4199 τοῦ
2730 4147 2866 4199 Θεοῦ
2905 4150 3359 4218 προσκυνοῦμεν;
3403 4151 3546 4204 Ἀλλ’
3575 4154 3784 4215 εἴπατε,
3816 4156 3907 4207 διὰ
3936 4156 3986 4207 τί

2409 4238 2564 4306 ὑμεῖς
2594 4240 2717 4301 τοὺς
2766 4240 2917 4302 υἰοὺς
2948 4240 3102 4308 ὑμῶν
3131 4243 3224 4293 καὶ
3260 4243 3356 4303 τὰς
3380 4243 3705 4314 Θυγατέρας,
3729 4246 3804 4306 ὡς
3840 4247 3984 4313 λέγει

729 4343 784 4385 et
812 4347 917 4383 non
959 4340 1043 4383 est
1088 4330 1222 4383 ﬁdes
1250 4330 1303 4383 in
1340 4346 1406 4384 ca
1425 4333 1471 4362 ν’
1501 4370 1515 4393 ,
1555 4349 1572 4381 ι
1616 4338 1671 4383 et
1700 4345 1890 4383 rursus
1916 4348 1927 4383 :
1968 4348 1984 4379 ι
2008 4330 2295 4383 Generatie

2411 4330 2599 4393 Δαὸὶδ,
2636 4330 2864 4384 ὲοὺσατε
2897 4334 3011 4396 τοῖς
3066 4333 3386 4402 δαιμονίοις,
3418 4335 3495 4404 τῷ
3530 4336 3856 4405 Βεελφεγώρ
3888 4356 3899 4398 ;
3938 4336 3986 4388 τί

733 4439 893 4492 prava
915 4431 970 4476 et
997 4437 1277 4492 perversa,
1300 4424 1413 4476 huic
1437 4422 1625 4476 reddis
1645 4422 1876 4475 Domino
1897 4422 1976 4473 "1'
2004 4441 2021 4471 ι
2042 4421 2107 4475 Et
2133 4423 2304 4475 multa

730 4516 833 4568 alia
865 4514 1177 4569 testimonia
1217 4514 1285 4567 de
1320 4514 1477 4568 vobis
1521 4516 1659 4567 mala
1701 4521 2001 4567 occurrant
2029 4514 2083 4566 in
2106 4514 2309 4566 vestris

729 4620 756 4656 ει
793 4603 901 4655 Deo
929 4602 1236 4671 prophetiis
1264 4601 1507 4655 dicentia
1539 4620 1551 4654 :
1592 4619 1608 4650 ι
1634 4600 1804 4655 Filios
1844 4601 1993 4653 enim
2039 4600 2201 4670 genui
2251 4610 2308 4655 et

728 4696 983 4756 exaltavi,
1016 4695 1117 4765 ipsi
1145 4704 1328 4749 autem
1359 4702 1687 4764 Sprevcrunt
1733 4709 1859 4759 me;
1903 4694 2003 4748 bos
2050 4694 2306 4763 cognovit

734 4802 1102 4854 possessorem
1133 4802 1313 4848 suum,
1346 4796 1403 4841 et
1450 4787 1635 4839 asinus
1670 4800 1914 4854 praesepe
1959 4785 2166 4838 domini
2198 4785 2305 4847 sui,

734 4880 895 4933 Israel
927 4890 1109 4931 autem
1160 4893 1247 4931 me
1298 4894 1405 4930 non
1450 4877 1727 4946 cognovit,
1776 4884 1833 4929 et
1882 4876 2117 4945 populus
2150 4890 2307 4927 meus

734 4991 839 5025 non
868 4972 1151 5025 intellexit.
1206 4971 1291 5025 Va:
1334 4969 1478 5039 genti
1524 4969 1840 5038 peccatrici,
1892 4969 2096 5038 populo
2141 4968 2304 5037 pleno

735 5062 974 5131 peccatis
994 5062 1061 5114 ³³.
1094 5081 1111 5112 ι
1155 5062 1223 5115 Ει
1245 5076 1436 5113 rursus
1471 5059 1613 5112 idem
1649 5058 1913 5127 propheta
1956 5059 2123 5112 Isaias
2149 5058 2308 5111 vobis

734 5155 867 5207 dicit
894 5174 905 5206 :
944 5173 961 5203 ι
983 5152 1179 5206 Audite
1226 5151 1455 5205 verbum
1484 5150 1723 5213 Domini,
1770 5150 1970 5203 domus
2012 5149 2303 5212 Sodomae;

737 5243 999 5313 percipite
1026 5243 1198 5311 legem
1230 5242 1346 5305 Dei,
1375 5241 1573 5311 popule
1600 5240 1924 5293 Gomorrba:
1946 5241 2012 5291 ’⁵.
2050 5258 2065 5287 ι
2111 5238 2307 5291 Videte

736 5335 1012 5404 quomodo
1040 5335 1372 5394 Sodomitas,
1402 5342 1458 5386 et
1510 5332 1782 5391 iulideles.
1820 5332 2192 5401 populumque
2218 5330 2312 5381 de-

741 5438 974 5481 mentem
1005 5428 1225 5481 Jud;eos
1257 5434 1415 5479 vocet
1457 5427 1622 5489 Deus,
1672 5437 1729 5479 ct
1762 5424 2100 5485 idololatras,
2128 5434 2183 5475 ct
2226 5422 2308 5473 in-

738 5532 939 5585 gratos,
984 5529 1039 5572 et
1070 5518 1479 5587 generationem
1525 5531 1748 5585 pravam
1797 5527 1853 5569 et
1883 5532 2217 5585 perversam,
2252 5524 2309 5567 et

742 5608 879 5662 tiiios
908 5608 1271 5680 castigandus.
1314 5607 1412 5660 «Et
1439 5606 1888 5661 sacriﬁcaverunt
1934 5604 2221 5658 daemoniis
2252 5614 2302 5657 et

806 5786 849 5817 "’
884 5786 1053 5841 Exod.
1090 5805 1254 5850 .\.\.\'l,
1292 5790 1341 5842 ὦ.
1419 5789 1456 5818 ⁹¹
1496 5787 1636 5841 I‘sal.
1672 5803 1868 5850 uno,
1903 5786 1989 5839 30.

2064 5789 2103 5817 ⁵³³
2140 5786 2291 5838 Deut
2334 5797 2499 5845 ann,
2537 5780 2625 5835 ΞΟ.

2411 4424 2519 4493 γάρ
2546 4440 2559 4487 ;
2596 4423 2752 4491 ὑμεῖς
2777 4423 2915 4486 ὅλως
2952 4424 3133 4476 πίστιν
3162 4424 3315 4493 ἔχετε
3350 4442 3364 4488 ;
3396 4427 3470 4494 μὴ
3493 4426 3699 4492 γένοιτο
3732 4428 3744 4478 ι
3785 4429 3987 4479 Ἀκου-

2412 4531 2503 4566 σον
2531 4515 2809 4576 Μωῦσὲως
2833 4514 3083 4581 λέγοντος
3115 4515 3249 4583 πρὸς
3274 4515 3362 4567 τὸν
3386 4514 3515 4567 λαὸν
3541 4516 3740 4582 (καίτοι
3769 4534 3835 4584 γε
3868 4520 3985 4570 τότε

2410 4603 2669 4674 θεοσεϐὴς
2694 4599 2762 4672 ἦν
2782 4607 2810 4657 ό
2838 4604 2966 4667 λαὸς
2996 4604 3104 4656 τῶν
3156 4604 3446 4675 Ἐϐραίων)
3472 4649 3484 4668 ,
3518 4605 3635 4657 ἀλλ’
3663 4606 3906 4660 ἄκουσον
3938 4609 3987 4659 τί

2406 4696 2556 4763 λέγει
2591 4697 2830 4765 Μωϋσῆς
2852 4710 2865 4724 ⁸
2906 4714 2924 4745 ι
2958 4694 3081 4748 Ὀτι
3111 4696 3275 4762 γενεὰ
3306 4695 3724 4765 ὲξεστραμμένη
3755 4693 3985 4767 εἰσὶν,

2408 4786 2509 4838 οὐκ
2542 4784 2659 4837 ἔστι
2689 4787 2873 4847 πίστις
2900 4785 2957 4836 ὲν
2992 4785 3151 4855 αὐτῇ.
3186 4805 3203 4837 ι
3232 4786 3341 4839 Καὶ
3368 4786 3530 4838 πάλιν
3555 4804 3567 4817 ·
3607 4804 3624 4836 ι
3663 4787 3837 4838 Γενεὰ
3873 4807 3989 4842 axo-

2408 4876 2497 4929 λιὰ
2530 4877 2623 4928 καὶ
2650 4875 3077 4946 διεστραμμένη,
3097 4874 3273 4928 ταῦτα
3296 4876 3485 4947 Κυρίῳ
3511 4877 3897 4930 ἁνταποδίδοτε
3919 4897 3933 4945 ;
3964 4899 3981 4929 ι

2412 4969 2522 5022 Καὶ
2580 4968 2739 5021 ἄλλαι
2798 4968 2988 5037 μυρίαι
3037 4968 3336 5038 μαρτυρίαι
3391 4970 3517 5038 περὶ
3565 4968 3718 5036 ὑμῶν
3748 4972 3987 5042 πονηραί

2410 5060 2545 5112 εἰσιν
2574 5060 2631 5111 ἐν
2664 5061 2786 5121 ταῖς
2816 5059 3178 5128 προφητείαις
3228 5058 3385 5128 ὑμῶν
3413 5061 3485 5112 ἐκ
3510 5060 3602 5112 τοῦ
3649 5062 3787 5114 Θεοῦ
3836 5068 3985 5135 εἰρη-

2414 5151 2591 5218 μέναι.
2628 5168 2645 5200 ι
2686 5148 2848 5211 Υἰοὺς
2888 5149 3035 5219 γὰρ,
3064 5151 3249 5217 φησὶν,
3306 5151 3576 5221 ἐγέννησα
3624 5154 3718 5204 καὶ
3774 5154 3987 5221 ὖψωσα,

2414 5243 2567 5293 αὑτοὶ
2600 5242 2657 5293 δέ
2697 5260 2762 5311 με
2787 5241 3065 5311 ἠθέτησαν
3096 5258 3109 5271 '
3146 5241 3286 5309 ἔγνω
3315 5241 3440 5310 βοῦς
3481 5243 3571 5293 τὸν
3598 5246 3947 5314 κτησάμενον
3973 5287 3988 5306 ,

2415 5334 2509 5385 καὶ
2554 5334 2673 5396 ὄνος
2695 5334 2792 5403 τὴν
2842 5336 3049 5404 φάτνην
3088 5332 3182 5386 τοῦ
3228 5334 3421 5405 κυρίου
3456 5334 3642 5398 αὑτοῦ,
3683 5338 3905 5408 Ἰσραήλ
3935 5341 3987 5391 δέ

2416 5443 2483 5493 με
2537 5427 2636 5478 οὑκ
2684 5425 2845 5492 ἔγνω,
2875 5426 2968 5478 καὶ
2998 5428 3025 5479 ό
3054 5426 3181 5489 λαός
3221 5444 3322 5494 μου
3354 5427 3413 5478 οὑ
3444 5427 3697 5495 συνῆκεν.
3734 5430 3876 5481 υὺαι
3902 5432 3989 5481 ἔθα

2413 5534 2502 5578 νος
2531 5516 2868 5585 ἁμαρτωλὸν,
2908 5516 3031 5578 λαὸς
3089 5516 3300 5585 πλήρης
3330 5516 3630 5584 ἁμαρτιῶν.
3658 5536 3677 5568 ι
3718 5521 3831 5571 Καὶ
3886 5522 3991 5573 τεά.-

2414 5606 2497 5656 λιν
2528 5608 2555 5656 ὁ
2583 5604 2744 5666 αὐτὸς
2770 5606 3055 5675 προφήτης
3092 5605 3318 5667 Ἡσαΐας
3352 5605 3487 5675 πρὸς
3521 5602 3665 5672 ὑμᾶς
3687 5624 3701 5637 ·
3733 5627 3753 5659 ι
3802 5608 3994 5662 ἰὶκοὺο

2704 5784 2749 5814 ’³
2774 5781 2908 5836 ibid.
2944 5782 2996 5836 5.
3074 5782 3116 5812 ³⁸³
3145 5783 3248 5836 lsa.
3286 5799 3315 5843 ιη
3349 5783 3402 5847 ‘2,
3448 5784 3498 5838 -i.

3575 5787 3621 5817 ”
3649 5784 3787 5839 ibid.
3830 5786 3916 5841 10.
