4190 6438
214 413 358 474 15337
1242 417 1699 477 DlSPUTATlO
1734 416 2132 477 ADVERSUS
2168 419 2496 480 JUDEOS.
3330 412 3469 476 1238

208 539 343 574 σατε
368 525 524 589 λόγον
561 525 789 595 Κυρίου,
831 523 976 588 οἶκος
1003 526 1270 596 Σοδόμων⁸
1299 528 1593 597 προσέχετε
1618 526 1780 594 νόμον

1896 541 1991 578 ’1οη
2027 527 2158 590 Deo,
2185 535 2241 580 et
2272 528 2685 598 dercliquerunt
2710 528 2881 583 Deum
2917 527 3009 597 qui
3052 527 3183 582 fecit
3229 525 3373 590 illos,
3403 534 3459 580 et

207 612 372 669 θεοῦ.
405 612 532 674 λαὸς
567 614 867 684 Γομόρρας.
908 634 927 665 ι
971 616 1184 685 Ὁρᾶτε,
1216 618 1298 668 ὅτι
1342 619 1436 669 καὶ
1462 616 1776 684 Σοδομίτας,

1896 614 2066 665 iversi
2097 623 2226 667 sunt
2247 631 2276 668 a
2302 617 2413 669 Deo
2435 618 2528 683 qui
2558 616 2790 670 salvavit
2814 630 2911 669 cos
2928 615 2995 667 ".
3028 634 3045 664 ο

208 704 308 752 καὶ
343 702 627 768 ἀπίστους,
662 705 757 757 καὶ
787 705 914 757 λαὸν
941 708 1123 775 μωρὸν
1152 709 1279 768 τοὺς
1321 707 1605 767 Ἰουδαίους
1637 705 1787 769 λέγει
1824 702 1853 753 6
1876 701 2032 768 Θεὸς,
2060 705 2154 755 καὶ
2213 706 2588 768 εἰδωλοθύτας,
2613 709 2705 758 καὶ
2762 706 3112 777 ἀχαρίστους,
3136 706 3229 759 καὶ
3259 706 3453 772 γενεὰν

207 793 461 860 πονηρὰν
503 796 596 847 καὶ
651 796 1107 867 διεστραμμένην,
1136 801 1231 852 καὶ
1280 800 1444 852 τέκνα
1481 796 1763 868 μωμητὰ;
1807 810 1825 843 ι
1869 793 1976 845 Καὶ
2001 794 2199 848 ἔθυσαν
2225 797 2545 867 δαιμονίοις,
2611 800 2703 849 καὶ
2735 800 2795 851 οὐ
2851 798 2990 868 Θεῷ,
3036 801 3127 851 καὶ
3175 799 3456 866 ἐγκατέλι-

144 930 159 943 ,
211 902 317 935 πον
353 886 486 938 θεὸν
510 889 603 939 τὸν
630 890 930 956 ποιήσαντα
963 890 1178 953 αὐτοὺς,
1212 890 1305 942 καὶ
1336 893 1655 959 ἀπέστησαν
1679 888 1785 941 ἀπὸ
1822 883 1960 937 Θεοῦ
2000 888 2251 957 Σωτῆρος
2295 890 2491 942 αὐτῶν.
2532 909 2549 940 ο

297 975 717 1043 Ἐρευνήσωμεν
767 974 858 1031 οὖν
890 980 989 1041 τὰς
1048 980 1267 1049 Γραφὰς
1293 982 1497 1040 λοιπὸν,
1534 981 1629 1032 ἐὰν
1668 978 1796 1047 περὶ

211 1064 381 1116 ἄλλου
419 1067 734 1135 οίουδήποτε
778 1069 964 1132 ἔθνους
996 1071 1235 1125 τοσαῦτα
1266 1075 1293 1124 6
1328 1074 1462 1134 Θεὸς
1496 1074 1794 1142 κατήγγει-

212 1156 330 1210 λεν.
368 1158 478 1211 Καὶ
509 1162 618 1227 γὰρ
666 1161 722 1210 ὲν
762 1160 1156 1230 Ἰεροσολύμοις
1189 1164 1526 1232 πεντήκοντα
1554 1163 1646 1217 δύο
1698 1164 1792 1231 Ξτη

212 1250 517 1316 ἐποιήσατε
545 1250 761 1311 θύοντες
782 1254 839 1304 ἐν
860 1253 938 1322 τῷ
971 1253 1083 1321 ναῷ
1124 1254 1216 1305 τοῦ
1248 1254 1384 1305 Θεοῦ
1411 1258 1523 1318 τοῖς
1558 1255 1793 1316 εἰδώλοις

212 1336 310 1386 ἐπὶ
348 1339 615 1407 Μανασσῆ
649 1339 741 1390 τοῦ
768 1340 1028 1408 βασιλέως
1061 1344 1238 1410 ὑμῶν,
1268 1343 1677 1411 βεὸηλώσαντες
1701 1346 1792 1397 τὸν

214 1429 349 1480 ναὸν
383 1431 479 1481 καὶ
500 1433 597 1500 τὴν
625 1433 779 1484 πόλιν
814 1434 908 1486 τοῦ
931 1434 1062 1487 Θεοῦ
1088 1451 1104 1465 ⁶
1134 1436 1221 1487 διὰ
1244 1436 1402 1489 τοῦτο
1427 1439 1485 1491 ὲν
1511 1438 1789 1492 Βαϐυλῶνι

218 1521 317 1571 καὶ
346 1520 494 1586 ἅπαξ
526 1524 618 1574 καὶ
642 1524 723 1586 δὶς
754 1525 1073 1595 παρέδωκεν
1106 1529 1249 1596 ὑμᾶς
1276 1531 1303 1582 6
1325 1529 1458 1594 θεὸς
1500 1535 1615 1594 τοῖς
1641 1530 1787 1583 Χαλ-

214 1609 391 1670 δαίοις
416 1613 494 1672 εἰς
521 1614 897 1681 αἰχμαλωσίαν
920 1632 932 1644 ·
967 1612 1085 1668 εἶτα
1113 1619 1275 1670 πάλιν
1308 1620 1453 1688 ὑμᾶς
1487 1621 1606 1688 μεθ’
1636 1621 1788 1672 ἑϐδο-

1966 976 2311 1045 lnquiramus
2358 996 2490 1048 ergo
2523 979 2860 1049 Seripturas,
2889 994 2956 1031 an
2992 978 3059 1031 de
3092 979 3294 1046 populo
3335 995 3462 1048 quo-

1894 1085 2110 1138 cunque
2157 1072 2265 1124 alio
2313 1072 2457 1124 Deus
2506 1080 2651 1124 tanta
2700 1069 3131 1123 denuntiaverit.
3188 1069 3465 1135 Siquidem

1891 1160 2250 1232 Jerosolymis
2284 1163 2399 1216 duo
2429 1170 2480 1215 et
2534 1163 2929 1230 quinquaginta
2983 1161 3143 1214 anuis
3191 1160 3471 1213 sacriﬁea-

1891 1250 2051 1305 vistis
2083 1252 2135 1305 in
2188 1252 2280 1305 Dci
2330 1253 2532 1319 templo
2564 1253 2725 1305 idolis
2773 1251 2875 1303 sub
2925 1251 3170 1303 Manasse
3216 1267 3343 1318 rege
3375 1266 3471 1303 ve-

1901 1347 2035 1399 stre,
2064 1340 2419 1408 profanantes
2444 1340 2636 1391 urbem
2672 1348 2727 1392 et
2752 1339 3017 1405 templum
3046 1338 3164 1391 Dei.
3197 1341 3275 1392 0b
3306 1357 3468 1408 quam

1898 1443 2116 1481 causam
2167 1428 2442 1498 Babylone
2498 1429 2667 1482 semel
2734 1438 2790 1479 et
2847 1428 3044 1481 iterum
3098 1428 3323 1481 tradidit
3376 1444 3473 1482 vos

1898 1522 2044 1576 Deus
2110 1520 2382 1575 Chaldaais
2463 1522 2517 1574 in
2586 1521 2933 1574 servitutem.
2999 1520 3207 1573 Deinde
3276 1534 3472 1571 rursus

1897 1630 1994 1668 vos
2035 1630 2208 1668 annos
2236 1624 2359 1685 post
2398 1616 2738 1683 septuaginta
2780 1613 3081 1667 revocavit.
3114 1612 3271 1665 Modo
3308 1612 3474 1681 igitur

218 1702 470 1769 μήκοντα
530 1702 627 1774 ἐτη
688 1706 1070 1763 ἀνεκαλέσατο.
1110 1711 1271 1779 ’Λρτι
1302 1681 1394 1764 οῦν
1435 1681 1605 1765 τοῦτο
1651 1713 1789 1765 θέλω

1896 1706 2042 1759 istud
2077 1706 2198 1759 volo
2224 1722 2255 1759 a
2291 1707 2448 1760 vobis
2478 1706 2713 1759 discere.
2755 1705 2884 1758 Post
2924 1712 3169 1756 vestrum
3196 1701 3470 1772 Babylone

220 1791 418 1857 μαθεῖν
441 1792 499 1857 ἐξ
532 1794 683 1860 ὑμῶν
707 1811 719 1823 '
756 1799 894 1865 μετὰ
924 1798 984 1850 τὸ
1014 1799 1257 1853 ἀνελθεῖν
1286 1801 1429 1870 ὑμᾶς
1460 1805 1521 1854 ἐκ
1546 1803 1643 1872 τῆς
1674 1805 1795 1857 Βα-

218 1882 481 1946 ϐυλῶνος,
499 1884 594 1936 καὶ
615 1885 895 1954 κτισθῆναι
926 1890 990 1941 ἐκ
1018 1890 1267 1961 δευτέρου
1292 1892 1382 1944 τὸν
1408 1892 1533 1944 ναὸν
1559 1894 1707 1963 ὑμῶν
1738 1897 1793 1946 ὲν

231 1976 296 2025 Ίε
305 1974 497 2042 ροσολύ
508 1994 645 2045 μοις,
670 1981 761 2031 καὶ
788 1981 929 2047 ὑμᾶς
950 1984 1008 2034 ὲν
1020 1982 1167 2052 αὐτῷ
1194 1983 1272 2054 τῷ
1295 1985 1412 2055 Θεῷ
1429 1988 1792 2056 προσκυνοῦν-

216 2082 320 2125 τας
378 2067 561 2120 οὺκέτι
603 2072 713 2132 τοῖς
752 2071 990 2135 εἰδώλοις
1020 2072 1250 2127 ἐθύσατε
1275 2091 1288 2104 ο
1322 2077 1483 2129 ποίαν
1518 2079 1792 2148 ἁμαρτίαν

216 2158 516 2227 ἐποιήσατε
543 2158 770 2211 ἐνώπιον
799 2161 894 2213 τοῦ
926 2162 1101 2225 Θεοῦ;
1131 2166 1215 2217 ὅτι
1247 2166 1354 2219 ἰδοὺ
1379 2168 1672 2223 ὀκτακόσια
1700 2171 1793 2222 καὶ

216 2249 447 2301 πλείονα
510 2250 604 2319 ἔτη
658 2252 715 2303 ἐν
769 2252 915 2323 πάσῃ
960 2256 1026 2324 τῇ
1060 2258 1129 2325 γῇ
1180 2258 1559 2328 διεσκόρπισεν
1587 2261 1731 2329 ὑμᾶς
1763 2262 1791 2313 6

214 2340 377 2403 Θεὸς,
408 2341 503 2392 καὶ
534 2341 707 2409 ἧγαγε
740 2344 894 2395 Τῖτον
939 2348 1032 2397 καὶ
1072 2346 1486 2399 Οὐεσπασιανὸν
1508 2349 1616 2401 ἀπὸ
1662 2349 1793 2402 Ῥώ-

218 2448 351 2499 μης,
385 2432 480 2483 καὶ
514 2433 752 2499 ἔσφαξαν
783 2434 842 2499 ἐξ
871 2435 1024 2503 ὑμῶν
1060 2434 1162 2488 κᾶν
1204 2437 1398 2489 ἑκατὸν
1430 2439 1695 2509 μυριάδας
1732 2442 1790 2493 ἐν

228 2523 652 2593 Ἰεροσολύμοις,
693 2527 767 2580 ὡς
791 2527 939 2595 λέγει
969 2530 996 2580 ὁ
1026 2529 1288 2599 Ἰώσηπος
1308 2531 1336 2582 6
1365 2530 1518 2601 ὑμῶν
1554 2549 1792 2601 συγγρα-

214 2617 356 2680 φεὺς
408 2616 568 2682 μόνος
643 2616 818 2670 ταῦτα
905 2619 1235 2689 ἐκθέμενος·
1303 2621 1398 2675 καὶ
1468 2624 1791 2694 ἐνεπύρισαν

214 2709 313 2759 τὸν
366 2707 498 2759 ναὸν
548 2708 721 2778 ὑμῶν,
753 2710 842 2761 καὶ
866 2710 1171 2781 ήρήμωσαν
1203 2713 1265 2766 τί,
1290 2714 1673 2783 θυσιαστήριον
1698 2719 1794 2770 καὶ

214 2798 288 2851 τὰ
341 2800 499 2866 ἆγια,
529 2802 621 2853 καὶ
650 2804 749 2870 τὴν
806 2802 961 2854 πόλιν
1016 2804 1215 2869 πᾶσαν,
1255 2806 1348 2856 καὶ.
1374 2806 1473 2874 τὴν
1506 2806 1667 2871 Σιὼν,
1695 2810 1789 2860 καὶ

214 2890 654 2958 ᾑχμαλώτευσαν
681 2893 822 2962 ὑμᾶς
855 2910 871 2924 ο
913 2896 1007 2946 καὶ
1041 2896 1162 2947 ἐστὲ
1203 2898 1261 2949 ἐν
1306 2896 1457 2968 πάσῃ
1488 2901 1554 2967 τῇ
1585 2901 1654 2968 γῇ
1686 2900 1794 2950 διε..

219 2982 533 3051 σπαρμένοι
564 2985 658 3036 καὶ
682 2986 1127 3055 παρανομοῦντες
1144 2987 1247 3048 ἕως
1273 2988 1369 3056 τῆς
1388 2991 1643 3057 σήμερον.
1676 2991 1786 3042 Καὶ

220 3072 335 3123 ίδοὺ
360 3071 656 3126 ὀκτακόσια
688 3075 782 3127 καὶ
815 3076 1033 3128 πλείονα
1061 3076 1178 3144 ἔτη,
1209 3077 1283 3139 ὡς
1313 3077 1555 3145 εἴπομεν,
1588 3079 1647 3131 οὐ
1695 3079 1788 3131 θυ-

220 3164 564 3232 σιαστήριον,
596 3165 657 3218 οὐ
687 3164 936 3228 κιϐωτὸν,
968 3167 1027 3219 οὐ
1060 3169 1225 3220 τόπον
1247 3168 1339 3220 τοῦ
1369 3168 1559 3237 Πάσχα
1592 3170 1796 3237 φυλάτ-

218 3271 430 3315 τοντες.
462 3251 597 3307 Εῐπε
647 3255 753 3326 γὰρ
779 3260 806 3310 6
840 3257 971 3322 Θεὸς
1023 3258 1152 3326 ὑμῖν
1183 3273 1195 3287 ·
1230 3260 1495 3327 Μηδαμοῦ
1540 3261 1796 3329 ποιήσετε

219 3344 285 3394 τὸ
312 3342 527 3410 Πάσχα,
557 3345 605 3394 εί
638 3345 711 3414 μὴ
736 3347 793 3396 ὲν
823 3346 1179 3417 Ἰερουσαλήμ
1206 3362 1219 3376 ·
1246 3348 1379 3419 μηδὲ
1409 3351 1490 3411 είς
1522 3351 1796 3416 Αἴγυπτον

220 3432 528 3485 εἰσελθεῖν·
563 3434 671 3487 ίδοὺ
707 3435 755 3485 ot
781 3436 1013 3505 πατέρες
1041 3438 1192 3506 ὑμῶν
1231 3439 1645 3509 ἁμαρτήσαντες
1693 3442 1799 3494 ἀπ-

221 3524 419 3576 έλαϐον
433 3525 582 3576 δεύτε
594 3543 681 3596 ρον
695 3529 750 3578 ἐν
769 3528 1046 3581 Βαϐυλῶνι
1059 3530 1588 3600 αίχμαλωτευθέντες
1604 3535 1667 3585 ἐκ
1681 3535 1799 3586 δευ-

219 3620 383 3688 τέρου
404 3618 495 3671 καὶ
519 3618 769 3689 δευτέρου
789 3619 883 3672 τοῦ
907 3620 1034 3674 ναοῦ
1050 3623 1451 3691 ἐρημωθέντος,
1469 3626 1564 3678 καὶ
1584 3625 1799 3678 διαλλα-

220 3710 391 3777 γῆναι
409 3710 606 3772 αὐτοὺς
642 3711 732 3762 τὸν
749 3711 880 3762 θεὸν
909 3713 1005 3764 καὶ
1046 3713 1464 3783 οἰκοδομηθῆναι
1509 3716 1601 3767 τὸν
1635 3716 1796 3770 ναὸν⁸

224 3803 391 3869 ὑμεῖς
410 3802 466 3853 δὲ
492 3803 651 3854 ποίαν
676 3804 946 3872 ἁμαρτίαν
977 3805 1294 3873 ἐποιήσατε,
1316 3808 1409 3857 καὶ
1428 3806 1679 3876 τοιαύτην
1705 3826 1800 3877 με-

218 3892 423 3961 γάλην,
449 3894 530 3945 ὅτι
557 3894 740 3945 οὐκέτι
756 3896 974 3963 ἤγειρεν
1003 3895 1129 3963 ὑμῖν
1150 3896 1239 3946 τὸν
1262 3897 1428 3948 ναὺνὸ
1446 3898 1597 3960 Θεὸς,
1615 3900 1799 3951 οὐκέτι

223 3988 504 4052 ἀνήγαγεν
533 3986 676 4053 ὑμᾶς
705 3987 768 4037 ὲκ
797 3986 903 4038 τῶν
932 3986 1141 4055 ἐχθρῶν
1165 4004 1178 4048 ;
1206 3984 1312 4057 ἆρα
1338 3987 1579 4051 εἰδώλοις
1603 3990 1800 4043 ἐθύσα-

222 4093 286 4127 τε
316 4076 514 4144 ύμεῖς,
555 4077 632 4138 ὠς
674 4077 724 4128 οί
777 4079 1011 4147 πατέρες
1066 4079 1242 4148 ὑμῶν,
1280 4082 1405 4141 τοὺς
1465 4082 1610 4143 υἱοὺς
1648 4082 1801 4149 ὑμῶν

223 4167 323 4218 καὶ
389 4165 486 4226 τὰς
540 4165 896 4235 θυγατέρας;
953 4162 1065 4235 ἆρα
1126 4167 1294 4220 εἰκόνι
1353 4170 1800 4239 προσεκυνήσατε

222 4258 301 4319 ὠς
363 4258 607 4321 ὲκεῖνοις
667 4256 951 4325 Οὐδαμῶς.
999 4255 1148 4327 Ἀρα
1222 4259 1303 4319 είς
1368 4260 1458 4310 τὸν
1523 4259 1648 4311 ναδν
1721 4259 1800 4310 εί-

1896 1813 2226 1866 regressum,
2262 1806 2319 1852 et
2351 1798 2543 1864 templi
2565 1796 2734 1851 vestri
2770 1793 3250 1848 rezedilieationem
3286 1793 3473 1846 lliero-

1893 1894 2139 1963 solymis,
2172 1892 2347 1943 vosin
2394 1890 2487 1942 illo
2535 1889 2834 1942 adorantes
2863 1888 2994 1951 Deo,
3036 1903 3143 1940 non
3192 1886 3351 1939 idolis
3383 1901 3472 1939 sa-

1892 1983 2198 2037 eriticastis.
2221 1980 2391 2047 Quale
2411 1988 2697 2049 peccatum
2726 1979 2916 2048 egistis
2939 1993 3121 2032 coram
3150 1978 3304 2031 Deo?
3332 1977 3471 2031 Ecce

1892 2075 2039 2129 cnim
2071 2073 2399 2142 octingentis
2431 2080 2487 2125 et
2526 2070 2765 2139 amplius
2806 2072 2964 2123 annis
3013 2071 3066 2122 in
3107 2084 3325 2121 omnem
3358 2076 3468 2120 ter-

1893 2183 2007 2219 ram
2030 2165 2292 2234 dispersit
2321 2180 2419 2217 vos
2448 2164 2617 2224 Deus,
2658 2171 2713 2216 ct
2754 2163 2907 2215 duxit
2952 2160 3138 2215 Titum
3180 2167 3235 2214 et
3266 2160 3473 2228 Vespa—

1892 2258 2109 2312 sianum
2148 2258 2341 2318 Bouta,
2385 2264 2440 2308 et
2484 2254 2904 2308 trucidaverunt
2934 2269 3000 2307 ex
3048 2252 3206 2306 vobis
3250 2260 3472 2306 centum

1890 2347 2162 2419 myriadas
2189 2347 2620 2417 Hierosolymis,
2665 2356 2725 2401 ut
2783 2346 2919 2400 dicit
2965 2344 3241 2413 Iosephus
3278 2354 3474 2398 vestra:

1892 2439 2074 2510 gentis
2103 2438 2360 2507 scriptor,
2406 2439 2499 2507 qui
2548 2438 2699 2491 solus
2752 2437 2851 2489 ista
2888 2437 3161 2504 exposuit.
3211 2436 3470 2489 Vestrum

1894 2530 2158 2599 templum
2222 2529 2629 2589 incenderunt.
2684 2537 2738 2581 et
2788 2528 3114 2581 deleverunt
3180 2527 3350 2579 altare
3418 2533 3475 2579 et

1892 2633 2102 2687 sancta,
2133 2621 2327 2674 urbem
2361 2635 2580 2688 quoque
2628 2629 2681 2672 et
2732 2619 2885 2683 Sion,
2924 2627 2979 2672 et
3010 2634 3107 2671 vos
3154 2617 3207 2670 in
3236 2617 3475 2671 servitu-

1895 2724 2003 2768 tem
2034 2712 2367 2781 redegerunt
2389 2732 2402 2774 ;
2426 2720 2481 2764 et
2503 2712 2635 2764 estis
2669 2727 2767 2779 per
2795 2719 2964 2763 totam
2997 2719 3202 2764 terram
3234 2710 3471 2778 dispersi

1892 2815 1947 2859 et
1978 2804 2098 2858 sine
2138 2804 2256 2874 lege
2293 2819 2467 2871 usque
2512 2803 2714 2856 adhuc.
2769 2802 2833 2855 Et
2876 2817 3003 2854 ecce
3051 2801 3386 2871 octingentis
3419 2810 3476 2854 et

1892 2896 2127 2964 amplius
2157 2896 2338 2958 annis,
2394 2905 2455 2947 ut
2505 2894 2765 2955 diximus,
2815 2910 2995 2961 neque
3052 2894 3242 2956 altare,
3295 2909 3473 2961 neque

1892 3002 2100 3049 arcam,
2152 3001 2333 3055 neque
2384 2986 2563 3038 locum
2620 2985 2842 3038 Pascha).
2903 2986 3283 3048 conservatis;
3335 2985 3474 3037 dixit

1899 3078 2047 3130 enim
2081 3078 2228 3131 Deus
2258 3077 2452 3130 vobis:
2481 3076 2700 3130 Minime
2736 3075 2951 3129 facietis
2998 3076 3205 3129 Pascha
3262 3076 3366 3129 nisi
3419 3076 3471 3130 in

1902 3169 2243 3223 Hierusalem
2272 3186 2286 3233 ;
2316 3184 2495 3236 neque
2526 3169 2577 3220 in
2612 3166 2905 3236 Egyptum
2957 3166 3263 3235 regressuri
3295 3184 3308 3230 ;
3344 3182 3475 3221 ecce

1899 3270 2085 3331 patres
2126 3263 2319 3323 vestri,
2370 3275 2495 3313 eum
2550 3259 2948 3328 peccavissent,
2997 3259 3240 3312 secundo
3271 3260 3473 3327 captivi

1899 3353 2232 3422 Babylonem
2283 3350 2470 3414 ducti,
2512 3350 2757 3404 secundo
2801 3359 3012 3403 vastato
3062 3351 3290 3418 templo.
3336 3352 3478 3403 obti-

1899 3452 2141 3497 nuerunt
2165 3443 2409 3497 secundo
2441 3442 2495 3495 in
2527 3443 2755 3511 gratiam
2784 3442 2881 3494 Dei
2913 3440 3095 3494 redire
3120 3449 3176 3494 et
3208 3441 3474 3511 templum

1897 3532 2197 3596 :edilicari;
2253 3547 2351 3585 vos
2407 3532 2569 3599 quale
2631 3540 2918 3599 peceatum
2975 3530 3363 3595 commisistis,
3421 3540 3477 3584 et

1900 3632 2111 3677 tantum
2149 3622 2370 3692 quidem
2414 3629 2474 3675 ut
2524 3620 2665 3674 Deus
2715 3620 2873 3674 vobis
2919 3635 3026 3673 non
3081 3620 3477 3673 restauraverit

1901 3715 2190 3784 templum,
2221 3728 2399 3782 neque
2427 3727 2526 3765 vos
2560 3712 2629 3765 ab
2660 3711 2911 3764 hostibus
2953 3711 3275 3764 reduxerit?
3317 3711 3479 3765 idolis

1900 3807 2067 3877 igitur
2099 3806 2454 3860 sacriﬁeastis
2490 3819 2623 3866 vos,
2655 3812 2715 3856 ut
2744 3813 2930 3873 patres
2970 3803 3162 3866 vestri,
3208 3803 3350 3857 ﬁlios
3388 3820 3482 3857 ve-

1900 3908 2046 3952 stros
2062 3907 2116 3950 et
2139 3896 2316 3949 ﬁlias?
2344 3895 2659 3963 imaginem,
2686 3902 2743 3947 ut
2770 3894 2870 3957 illi,
2898 3893 3208 3948 adorastis?
3236 3893 3475 3949 Minime.

1900 3989 2044 4057 Ergo
2079 3988 2132 4040 in
2188 3986 2395 4057 templo
2450 3986 2654 4038 idolum
2707 3986 2999 4048 statuistis,
3054 3995 3114 4037 ut
3163 3986 3479 4039 Manasses'!

1902 4079 2199 4148 prophetas
2231 4076 2556 4129 occidistis?
2601 4075 2851 4129 Minime.
2885 4075 3056 4140 Quam
3091 4075 3161 4129 ob
3192 4091 3412 4130 causam
3450 4094 3481 4130 ιι

1902 4171 2013 4223 Deo
2041 4169 2115 4222 ita
2148 4168 2400 4223 derelicti
2430 4167 2566 4221 estis
2587 4167 2611 4219 ?
2632 4166 2794 4221 Certe
2830 4168 3080 4235 quamvis
3116 4182 3224 4219 non
3257 4166 3477 4229 dicatis,

1901 4259 2114 4329 lapides
2143 4259 2499 4313 clamabunt:
2541 4258 2687 4327 quod
2731 4275 2798 4311 ex
2840 4275 2950 4327 quo
2982 4258 3266 4312 Christum
3302 4258 3482 4311 cruci-

221 4347 394 4399 δωλον
454 4348 741 4415 ὲστήσατε,
772 4349 845 4411 ὡς
885 4348 914 4399 6
970 4349 1310 4418 Μανασσῆς;
1344 4345 1450 4419 ἄρα
1510 4352 1794 4420 προφήτας

1906 4352 2120 4414 lixistis,
2146 4350 2396 4404 derelicti
2428 4350 2629 4403 fuistis.
2671 4349 2755 4403 Ob
2805 4350 2855 4402 id
2909 4366 3083 4417 usque
3132 4350 3316 4403 adhuc
3343 4358 3399 4403 ct
3426 4350 3479 4401 in

223 4438 622 4503 ἁπεκτείνατε;
679 4439 964 4508 Οὐδαμῶς.
1025 4440 1182 4501 Τίνος
1242 4441 1426 4492 ἕνεκεν
1488 4442 1594 4494 ὑπὸ
1662 4442 1798 4495 Θεοῦ

223 4530 400 4593 οὕτως
446 4530 943 4600 ὲγκατελείςςθητες
983 4530 1256 4601 Ἀληθῶς.
1288 4532 1390 4584 κᾶν
1421 4533 1576 4600 ὑμεῖς
1611 4534 1685 4604 μὴ
1719 4534 1799 4587 εἵ-

224 4638 389 4690 πτ,τε,
413 4624 463 4673 ot
492 4621 627 4673 λίθοι
652 4623 1009 4686 κεκράξονται
1041 4639 1054 4653 ·
1088 4624 1171 4674 δτι
1213 4623 1304 4691 ἀφ’
1336 4616 1506 4693 οὗπερ
1538 4625 1631 4676 τὸν
1662 4628 1797 4695 Χρι-

224 4715 351 4767 στὸν
404 4712 809 4782 ἐσταυρώσατε,
852 4713 1308 4783 ὲγκατελείιρθητε
1333 4730 1347 4742 ο
1378 4716 1465 4768 διὰ
1506 4716 1666 4769 τοῦτο
1701 4719 1798 4787 μέ-

222 4820 314 4872 χρι
346 4803 442 4855 καὶ
499 4802 595 4855 νῦν
624 4804 714 4856 καὶ
744 4804 823 4864 εἰς
849 4804 939 4855 τὸν
980 4804 1154 4855 αίῶνα
1194 4806 1676 4873 ὲγκατελείφθητε,
1721 4808 1798 4860 δι-

221 4894 647 4965 εσκορπίσθητε,
665 4896 1042 4967 ὲγυμνώθητες
1071 4898 1173 4949 ἀπε
1182 4898 1412 4968 ρρίφητε
1429 4900 1521 4951 τοῦ
1542 4902 1672 4953 ναοῦ
1700 4905 1796 4955 καὶ

218 4988 319 5055 τῆς
348 4987 508 5041 Σιών.
535 4989 598 5041 Οί
622 4988 730 5057 γὰρ
752 4987 986 5057 πατέρες
1015 4989 1167 5058 ὑμῶν
1187 4992 1236 5043 ot
1268 4993 1792 5060 μοσχοποιήσαντες,

217 5081 269 5131 οἱ
300 5079 474 5131 πολλὰ
518 5082 1024 5150 παρανομήσαντες,
1066 5083 1161 5135 καί⁵
1205 5084 1269 5151 τῇ
1298 5084 1469 5136 είκόνι
1501 5087 1565 5154 τῇ
1615 5088 1790 5156 χρυσῇ

219 5170 721 5239 προσκυνήσαντες,
754 5173 849 5225 καὶ
876 5173 1001 5233 τοὺς
1034 5172 1182 5234 υἱοὺς
1232 5174 1413 5226 αὐτῶν
1445 5176 1538 5226 καὶ
1568 5176 1665 5237 τὰς
1697 5175 1789 5228 θυ-

215 5259 461 5327 γατὲρας
489 5258 566 5327 τῷ
589 5259 820 5329 διαϐόλῳ
845 5262 1127 5325 θύσαντες,
1158 5263 1526 5334 ἑϐδομήκοντα
1567 5266 1660 5336 ἐτη
1696 5270 1791 5321 καὶ

218 5347 415 5399 ἑκατὸν
441 5348 499 5398 ὲν
526 5347 801 5401 Βαϐυλῶνι
832 5351 1088 5421 Περσίδος
1127 5354 1529 5420 παιδευθέντες,
1550 5361 1783 5434 ἀνεκλή-

1903 4452 2229 4512 perpetuum
2293 4440 2579 4503 derelicti,
2636 4439 2907 4508 dispersi,
2956 4440 3182 4504 nudati,
3238 4440 3398 4510 ejecti
3449 4455 3481 4493 ο

1902 4531 2109 4599 templo
2131 4539 2184 4582 et
2214 4529 2346 4583 Sion
2392 4528 2713 4581 manebitis.
2747 4528 2935 4581 Patres
2968 4528 3115 4581 enim
3141 4528 3309 4581 vestri
3338 4528 3483 4581 vitu-

1901 4624 2013 4678 lum
2047 4622 2333 4691 ﬁngentes,
2372 4622 2427 4673 in
2480 4618 2668 4672 multis
2704 4620 2878 4688 legem
2914 4620 3203 4681 violantes,
3256 4634 3478 4673 auream

1904 4718 2197 4788 imaginem
2241 4717 2560 4777 adorantes,
2602 4713 2743 4766 ﬁlios
2793 4721 2848 4767 et
2896 4713 3036 4767 ﬁlias
3081 4728 3208 4767 suas
3253 4712 3478 4764 diabolo

1900 4811 2265 4873 immolantes,
2296 4817 2516 4862 centum
2560 4814 2616 4859 et
2646 4806 2989 4874 septuaginta
3028 4806 3187 4857 annis
3218 4804 3270 4856 in
3303 4803 3478 4872 Baby-

1898 4902 2021 4954 lone
2047 4898 2289 4952 Persidis
2309 4897 2514 4959 edocti,
2539 4895 2777 4947 revocati
2810 4904 2938 4947 sunt
2957 4911 2971 4959 ;
2992 4908 3089 4947 vos
3119 4894 3173 4946 in
3195 4894 3478 4947 Christum

1897 5000 2211 5062 peccantes,
2238 5004 2343 5041 non
2374 4987 2549 5039 solum
2582 4992 2801 5037 centum
2840 4992 2897 5037 et
2920 4983 3266 5052 septuaginta
3297 4985 3478 5048 annis,

1897 5083 1992 5138 sed
2016 5097 2189 5150 usque
2225 5080 2291 5134 ad
2312 5079 2843 5131 consummationem
2869 5075 3049 5129 smculi
3072 5075 3270 5145 abjecti
3299 5076 3481 5129 eritis.

1896 5178 2008 5232 Nos
2042 5183 2226 5229 autem
2264 5181 2453 5243 gentes
2491 5170 2585 5222 ﬁlii
2617 5169 2823 5223 Christi
2852 5168 3034 5221 vocati
3076 5183 3285 5232 sumus,
3312 5178 3366 5222 et
3402 5169 3415 5220 i
3443 5169 3475 5221 li

1897 5270 2191 5331 servimus,
2216 5276 2273 5319 et
2306 5266 2458 5317 illum
2518 5260 2890 5332 gloriﬁcamus
2920 5275 3026 5311 una
3065 5275 3191 5312 cum
3224 5259 3385 5312 Patre
3424 5268 3480 5311 et

1896 5371 2083 5424 sancto
2114 5362 2233 5429 ejus
2264 5356 2473 5425 Spiritu
2512 5354 2564 5406 in
2606 5351 2802 5405 saecula
2832 5349 3183 5403 sreculorum.
3211 5349 3405 5403 Amen.

222 5442 421 5505 θησαν.
477 5438 661 5508 Ὑμεῖς
693 5441 749 5492 δὲ
777 5442 824 5492 οἱ
878 5444 932 5494 ἐν
963 5442 1185 5514 Χριστῷ
1227 5447 1678 5522 ἁμαρτήσαντες,
1718 5463 1813 5532 οὐχ
1882 5459 2253 5524 ἑϐδομήκοντα
2303 5449 2423 5501 οὐδὲ
2467 5444 2658 5498 ἑκατὸν
2700 5442 2795 5510 ἔτη
2847 5442 3003 5513 μόνα,
3047 5440 3160 5494 ἀλλ’
3207 5440 3311 5503 ἕως
3381 5443 3479 5509 τῆς

225 5532 542 5595 συντελείας
594 5533 689 5586 τοῦ
741 5536 937 5600 αἰῶνος
990 5538 1336 5611 ὲξεόλήθητε.
1419 5545 1609 5615 Ἡμεῖς
1661 5551 1717 5603 δὲ
1769 5553 1839 5606 τὰ
1877 5552 2025 5619 ἔθνη,
2064 5548 2167 5599 υἱοὶ
2198 5540 2435 5611 Χριστοῦ
2493 5536 2823 5605 ὲκλήθημεν,
2886 5534 2981 5585 καὶ
3030 5532 3177 5601 αὐτῷ
3227 5532 3474 5584 δουλεύοι

228 5646 352 5700 μεν,
388 5627 483 5679 καὶ
510 5627 659 5698 αὐτῷ
687 5628 978 5700 δοξάζομεν
1000 5630 1116 5703 αμα
1149 5633 1226 5703 τῷ
1250 5638 1422 5707 Πατρὶ
1454 5641 1550 5693 σὺν
1578 5642 1655 5713 τῷ
1687 5645 1827 5714 ἁγίῳ
1855 5642 2020 5697 αὑτοῦ
2059 5638 2335 5705 Πνεύματι
2366 5635 2444 5694 εἰς
2484 5632 2610 5692 τοὺς
2650 5626 2854 5689 αἰῶνας
2878 5626 2988 5677 τῶν
3026 5623 3471 5695 αἰώνωνοἋμήν·

292 5724 340 5753 ’⁸
377 5722 588 5777 Baruch
619 5739 692 5786 tv,
726 5723 776 5775 7.
