4190 6438
1963 352 2022 409 S.
2066 354 2457 417 ANASTASII
2502 362 2824 420 SINAI'I‘J.‘

1561 708 1788 792 ΤΟΥ
1860 708 2236 801 ΑΥΤΟΥ
2306 720 2629 806 TPITII
2709 726 3266 816 ΕΡΩΤΙΙΣΙΣ.

1340 1039 1872 1129 EJUSDEM
1976 1044 2415 1134 TERTIA
2494 976 3441 1153 INTERROGATIO.

837 1390 1157 1445 Dicite‘mihi
1179 1409 1192 1443 :
1211 1389 1462 1443 Messiam
1485 1404 1651 1459 quem
1674 1390 1971 1459 exspectati
1994 1390 2327 1455 ttosJudaei,
2357 1394 2401 1450 Α
2502 1393 2620 1447 Εἵπι

2396 1427 2401 1449 .
2502 1393 2704 1447 Εἴπατέ
2733 1412 2856 1463 μοι·
2890 1398 2981 1449 τὸν
3013 1400 3337 1469 εἰλημμένον
3362 1404 3421 1457 ὃν
3449 1407 3734 1478 ἐκδέχεσθε
3767 1414 3933 1484 ὑμεῖς
3958 1420 4004 1469 0!

766 1482 892 1551 quis
923 1497 1045 1535 esse
1089 1481 1298 1535 debet?
1332 1481 1554 1535 Judzeus
1602 1482 1774 1551 legem
1824 1481 2023 1552 Moysis
2072 1498 2329 1550 sequens,
2447 1485 2620 1537 Ἰουδιι

2447 1485 2688 1538 Ἰουδαῖοι
2732 1487 2784 1539 τί
2835 1489 3022 1556 μέλλει
3060 1487 3199 1545 εἶναι
3230 1510 3244 1559 ;
3288 1496 3537 1561 Ἰουδαῖος
3571 1497 3681 1571 ἄρα
3715 1481 4004 1568 ἐξα-κολου-

763 1590 833 1627 an
864 1574 1212 1627 Christianus
1243 1590 1513 1642 spernens
1546 1582 1602 1626 et
1630 1574 2042 1642 transgrediens
2070 1575 2242 1642 legem
2275 1582 2332 1625 et
2433 1573 2541 1627 θῶν
2564 1578 2620 1629 τὸ

2433 1573 2541 1627 θῶν
2564 1578 2652 1629 τὸν
2681 1577 2844 1647 νόμον
2877 1581 3174 1647 Μωῦσὲως,
3206 1585 3238 1654 ἢ
3274 1587 3600 1657 Χριστιανὸς
3635 1602 4001 1666 καταφρονῶν

763 1667 1030 1721 sacriﬁcia
1061 1666 1327 1719 abolens?
1350 1665 1464 1718 scio
1486 1666 1631 1718 enim
1666 1666 1821 1719 vobis
1848 1664 2143 1718 dicendum
2166 1679 2287 1717 esse
2310 1680 2325 1717 :
2429 1666 2527 1719 καὶ
2553 1685 2620 1720 πα

2429 1666 2527 1719 καὶ
2553 1669 2906 1736 παραϐαίνων
2923 1672 3013 1724 τὸν
3035 1674 3199 1743 νόμον
3221 1678 3314 1729 καὶ
3344 1680 3441 1741 τὰς
3464 1681 3651 1746 θυσίας
3673 1688 3962 1742 καταλύων
3983 1735 3997 1756 ,

760 1758 981 1817 ludreus
1023 1766 1203 1811 estex
1238 1757 1463 1821 Iudaeis,
1496 1756 1641 1811 ﬁlius
1683 1755 1853 1810 David
1900 1756 2075 1825 patris
2129 1754 2324 1820 nostri,
2428 1751 2561 1811 Οἶδα
2592 1775 2620 1825 γ

2428 1751 2561 1811 Οἶδα
2592 1759 2722 1829 γὰρ,
2764 1764 2937 1814 εἰπεῖν
2965 1762 3137 1832 ἔχετε,
3166 1768 3247 1820 ὅτι
3286 1768 3541 1835 Ἰουδαῖός
3567 1776 3715 1827 ἐστιν
3750 1776 3812 1841 ἐξ
3860 1781 3995 1832 Ἰου-

756 1852 930 1923 legem
981 1864 1233 1910 servans,
1265 1848 1533 1901 sacriﬁcia
1581 1857 1903 1901 restaurans
1960 1857 2018 1901 ct
2077 1856 2323 1900 nostrum
2423 1849 2593 1902 δαίων

2423 1849 2593 1902 δαίων
2619 1854 2647 1903 ὁ
2676 1852 2788 1914 υἱὸς
2814 1855 2979 1908 Δα6⁴ιδ
3000 1856 3093 1908 τοῦ
3128 1859 3339 1928 πατρὸς
3376 1862 3551 1931 ὑμῶν,
3576 1868 3869 1931 φυλάττων
3903 1872 3996 1925 τὸν

755 1962 949 2014 genus.
975 1946 1149 2000 Dicite
1176 1944 1310 1997 mihi
1332 1962 1344 1997 :
1368 1940 1509 2009 Quot
1542 1939 1671 1996 anni
1695 1948 1825 1992 sunt
1851 1954 1880 1992 a
1912 1939 2088 2009 prima
2110 1939 2323 1993 Judmoo

754 2053 876 2090 rum
901 2038 1220 2105 captivitate
1241 2037 1344 2089 sub
1368 2036 1876 2090 Nabuchodonosor
1909 2032 2110 2089 Persa?
2136 2032 2321 2089 dicere

750 2137 1015 2196 possunt:
1042 2128 1186 2181 Mille
1215 2128 1343 2182 anni
1367 2136 1422 2181 et
1461 2128 1728 2197 amplius;
1763 2136 1820 2181 et
1852 2127 1924 2180 ita
1956 2127 2178 2197 quidem
2211 2138 2318 2182 est.

748 2220 817 2274 Et
852 2220 939 2274 his
978 2220 1105 2274 dico
1140 2238 1153 2272 :
1192 2219 1406 2283 Videte,
1439 2219 1586 2287 quod
1621 2220 1860 2284 dixistis,
1891 2219 2167 2275 Christum
2219 2237 2315 2274 ve-

746 2321 920 2366 strum
944 2312 1039 2381 qui
1087 2312 1237 2365 venit
1283 2312 1531 2366 Judzeum
1570 2327 1714 2378 esse,
1746 2320 1803 2365 et
1848 2313 2003 2366 illum
2045 2314 2312 2368 sacriﬁcia

744 2402 979 2457 Mosaiea
1027 2418 1296 2457 renovare
1353 2411 1410 2457 et
1462 2404 1771 2467 immolare,
1824 2413 1881 2457 et
1922 2405 2167 2457 nondum
2217 2421 2311 2456 ve-

742 2492 914 2555 nisse,
963 2502 1019 2545 et
1066 2509 1095 2546 a
1142 2492 1653 2547 Nabuchodonosor
1700 2494 1923 2562 quando
1967 2502 2087 2547 erat
2124 2496 2308 2549 Daniel

741 2584 1034 2654 Babylone,
1068 2584 1216 2638 tnille
1266 2592 1322 2638 et
1363 2584 1599 2653 amplius
1644 2600 1821 2638 annos
1870 2586 2179 2651 cIIluxisse;
2216 2601 2309 2639 ve-

740 2691 863 2728 rum
906 2674 1149 2728 dixistis.
1197 2674 1338 2729 Audi
1383 2691 1514 2744 ergo
1558 2686 1805 2743 attente;
1848 2687 1908 2730 et
1945 2678 2013 2741 si,
2056 2688 2114 2731 ut
2145 2679 2303 2742 dicis,

2424 1940 2606 2010 νόμον,
2632 1944 2998 2009 ἁνακαινίζων
3024 1948 3123 2010 τὰς
3165 1950 3356 2014 θυσίας
3384 1955 3476 2006 καὶ
3504 1956 3566 2008 τὸ
3601 1958 3758 2023 γένος
3787 1962 3943 2029 ὑμῶν
3976 1977 3995 1998 ·

2422 2033 2516 2083 καὶ
2547 2034 2667 2086 εἰπε
2726 2053 2836 2103 μοι,
2892 2037 3047 2090 πόσοι
3092 2040 3273 2107 χρόνοι
3311 2044 3451 2095 είσὶν
3501 2046 3607 2098 ἀπὸ
3634 2049 3732 2116 τῆς
3766 2054 3993 2121 πρώτης

2418 2123 2799 2197 αἰχμαλωσίας
2825 2125 2936 2179 τῶν
2971 2127 3244 2181 Ἰουδαίων
3269 2132 3361 2184 ἐπὶ
3383 2134 3859 2211 Ναϐουχοδονόσορ
3894 2143 3987 2196 τοῦ

2418 2217 2667 2287 Πέρσου;
2701 2214 2918 2288 ἔχουσιν
2958 2219 3133 2273 εἰπεῖν
3176 2220 3255 2274 ὅτι
3305 2223 3452 2291 χίλια
3487 2225 3579 2295 ἔτη
3628 2230 3723 2280 καὶ
3755 2231 3943 2284 πλεῖον
3971 2250 3985 2264 ·

2415 2309 2508 2361 καὶ
2528 2308 2703 2372 οὕτως
2729 2311 2843 2380 ἕχει
2868 2324 2883 2340 υ
2921 2309 3015 2364 καὶ
3041 2310 3162 2361 είπὲ
3186 2312 3398 2375 αὐτοῖς’
3427 2316 3661 2369 Βλέπετε
3686 2319 3740 2370 τί
3768 2322 3984 2385 εἴπατε,

2410 2400 2492 2452 ὅτι
2518 2401 2547 2451 ὁ
2569 2401 2860 2471 ἐρχόμενος
2890 2401 3121 2474 Χριστὸς
3153 2402 3306 2475 ὑμῶν
3341 2405 3591 2470 Ἰουδαῖος
3614 2411 3753 2473 ἐστι,
3778 2413 3871 2465 καὶ
3902 2415 3982 2468 ὅτι

2409 2489 2507 2551 τὰς
2538 2488 2731 2553 θυσίας
2754 2491 2854 2555 τὰς
2888 2494 3186 2556 Μωσαῖκὰς
3221 2494 3559 2563 ἁνακαινίζει
3596 2500 3683 2552 καὶ
3707 2500 3848 2563 θύει,
3885 2505 3981 2554 καὶ

2408 2578 2489 2631 ὅτι
2524 2580 2708 2649 ἀκμὴν
2737 2582 2835 2632 οὐκ
2858 2578 3009 2649 ἦλθε,
3044 2583 3139 2635 καὶ
3169 2586 3251 2636 ὅτι
3272 2586 3740 2661 Ναϐουχοδονότορ
3775 2592 3865 2646 ὅτε
3914 2589 3980 2665 ἦν

2409 2671 2609 2740 Δανιὴλ
2635 2674 2692 2724 ὲν
2742 2672 3044 2738 Βαϐυλῶνι,
3076 2675 3223 2743 χίλια
3255 2676 3347 2746 ἔτη
3376 2680 3481 2729 είσὶ
3512 2679 3545 2749 ἦ
3603 2681 3785 2735 πλεῖον
3825 2700 3840 2715 ·
3882 2688 3980 2738 καὶ

735 2766 959 2820 Jmlznus
983 2774 1067 2819 est
1094 2766 1187 2835 qui
1229 2766 1381 2819 venit
1410 2740 1687 2830 Christus,
1721 2740 1800 2821 etv
1826 2740 2093 2824 sacriﬁcia
2142 2740 2306 2824 debet
2340 2740 2380 2792 Β
2410 2762 2620 2831 ἀλήθεια

2410 2762 2669 2831 ἀλήθειαν
2697 2764 2906 2815 εἴπατε.
2940 2764 3208 2816 ’Λκουσον
3229 2765 3322 2818 οὖν
3361 2767 3481 2835 ἄρτι
3517 2773 3782 2840 νουνεχῶς
3815 2791 3831 2804 ·
3882 2778 3977 2829 καὶ

736 2855 934 2925 legalia
980 2855 1307 2921 instituere,
1364 2866 1423 2910 et
1473 2856 1716 2910 nondum
1794 2859 1972 2923 venit,
2030 2860 2305 2928 quonme

736 2946 926 3001 Daniel
962 2947 1231 3016 propheta
1261 2945 1397 2999 dicit
1436 2946 1490 3000 in
1539 2948 1654 3001 suis
1684 2947 2010 3013 visionibus,
2046 2960 2304 3019 tanquam

736 3037 806 3091 ab
844 3036 1177 3107 archangelo
1222 3036 1445 3091 Gabriel
1490 3038 1782 3093 ediscens:
1834 3059 1853 3091 ι
1898 3041 1979 3095 Ad
2024 3040 2303 3094 Christum

733 3131 931 3186 ducem
979 3130 1353 3185 liebdomades
1411 3146 1685 3184 annorum
1729 3134 2076 3202 septuaginta
2110 3134 2304 3188 abbre-

734 3222 895 3275 viatze
946 3230 1077 3275 sunt
1127 3236 1295 3289 super
1344 3221 1608 3289 populum
1655 3230 1809 3275 tuum
1836 3234 1894 3277 et
1919 3240 2084 3292 super
2110 3225 2301 3278 urbem

733 3319 1005 3375 sanctam,
1055 3320 1117 3365 ut
1169 3313 1510 3380 compleatur
1555 3311 1926 3381 peceatum".
1967 3332 1985 3363 ι
2027 3313 2094 3368 Ει
2137 3315 2301 3384 paulo

731 3410 889 3471 post:
924 3421 943 3452 ι
982 3402 1052 3458 Ut
1081 3402 1333 3470 signetur
1361 3402 1505 3456 visio
1532 3412 1587 3457 et
1622 3404 1925 3473 prophetaz,
1946 3413 2002 3457 et
2026 3414 2301 3474 ungantnr

682 3512 685 3513 '
729 3502 917 3547 sancta
944 3501 1284 3556 sanctorum,
1320 3504 1377 3547 et
1417 3493 1641 3549 tollatur
1668 3495 1997 3550 sacriﬁcium
2024 3506 2080 3550 et
2105 3497 2297 3551 obser-

729 3585 882 3639 vatio
918 3585 1056 3656 legis
1072 3585 1138 3639 ’⁸.
1180 3604 1197 3636 ι
1232 3585 1522 3640 Ostendite
1565 3601 1697 3656 ergo
1730 3602 1881 3641 nunc
1910 3589 2091 3653 nobis,
2120 3590 2300 3659 qualis

726 3676 985 3732 Christus
1027 3678 1247 3731 venerit
1285 3689 1511 3732 sanctus
1559 3687 1875 3732 sanctorum
1928 3689 2128 3734 unctus
2176 3691 2298 3750 post

728 3768 1080 3839 septuaginta
1126 3768 1524 3833 hebdomadas,
1559 3768 1612 3822 id
1649 3779 1755 3833 est,
1781 3771 2211 3841 quadringentos
2242 3780 2298 3825 et

727 3858 1022 3927 nonaginta
1054 3872 1229 3911 annos
1257 3872 1287 3911 a
1322 3858 1533 3919 Daniel,
1565 3859 1660 3928 qui
1701 3861 2034 3914 sacriﬁcium
2065 3870 2123 3915 et
2159 3862 2297 3931 legis

726 3950 1166 4003 observationem
1183 3949 1529 4019 abrogaverit
1542 3952 1565 4003 ?
1577 3950 1805 4017 Quando
1818 3953 2095 4006 sublatum
2112 3962 2195 4008 est
2210 3969 2296 4005 sa—

2405 2852 2517 2915 ὲὰν,
2552 2853 2629 2911 ὡς
2683 2854 2881 2921 λέγεις,
2900 2855 3151 2917 Ἰουδαῖός
3215 2858 3362 2909 ἐστιν
3404 2861 3451 2927 δ”
3484 2861 3783 2930 ἐρχόμενος
3841 2867 3975 2934 Χρι-

2407 2942 2672 3003 στος,καὶ
2707 2943 2895 3006 θυσίας
2948 2945 3130 3014 μέλλει
3184 2948 3416 3015 νομικὰς
3471 2952 3715 3019 ποιῆσαι,
3744 2956 3841 3005 καὶ
3893 2959 3975 3009 ὅτι

2403 3033 2587 3101 ἀκμὴν
2632 3034 2733 3086 οὐκ
2786 3030 2942 3104 ἦλθε,
2976 3036 3089 3099 πῶς
3117 3038 3312 3108 Δανιὴλ
3340 3042 3367 3091 ὁ
3404 3043 3690 3111 προφήτης
3719 3044 3869 3111 λέγει
3917 3051 3974 3101 ἐν

2403 3126 2521 3184 ταῖς
2553 3124 2720 3176 αὑτοῦ
2745 3125 3017 3194 ὀράσεσιν,
3045 3126 3121 3187 ὥς
3150 3130 3177 3179 ὁ
3203 3130 3536 3201 ἀρχάγγελος
3572 3134 3810 3205 Γαϐριὴλ
3847 3155 3973 3189 συν-

2403 3214 2594 3274 ετίζων
2621 3213 2796 3277 οὕτως
2829 3231 2845 3246 ο
2882 3233 2901 3266 t
2945 3217 3089 3279 Ἕως
3116 3219 3352 3288 Χριστοῦ
3384 3224 3646 3292 ἡγεμόνος
3675 3226 3972 3295 ἑϐδομάδες

2400 3302 2536 3355 ἐτῶν
2562 3303 2935 3374 ἑϐδομήκοντα
2967 3309 3275 3379 συνετμήθη
3303 3312 3394 3363 ἐπὶ
3438 3312 3531 3364 τοῦ
3562 3313 3693 3366 λαοῦ
3731 3332 3826 3367 σου
3878 3322 3974 3371 καὶ

2400 3394 2493 3446 ἐπὶ
2521 3396 2621 3466 τὴν
2659 3396 2816 3449 πόλιν
2842 3397 2941 3466 τὴν
2969 3398 3131 3465 ἁγίαν
3176 3400 3269 3452 τοῦ
3324 3404 3742 3474 συντελεσθῆναι
3785 3409 3970 3480 ἀμαρ-

2397 3484 2541 3537 τίαν.
2588 3504 2607 3537 ι
2645 3488 2756 3540 Καὶ
2788 3489 2907 3557 μετ’
2935 3489 3093 3556 ὀλίγα
3120 3506 3133 3519 ·
3177 3508 3198 3542 ι
3236 3493 3347 3545 Καὶ
3378 3494 3471 3547 τοῦ
3506 3498 3803 3565 σφραγίσαι
3838 3501 3971 3569 δρα-

2400 3595 2484 3630 σιν
2535 3578 2629 3631 καὶ
2665 3581 2972 3649 προφήτας,
2999 3582 3089 3633 καὶ
3128 3582 3224 3636 τοῦ
3265 3584 3449 3651 χρίσαι
3483 3588 3615 3653 ᾶγια
3645 3590 3839 3654 ἁγίων,
3872 3593 3968 3645 τοῦ

2398 3672 2745 3741 καταργῆσαι
2814 3674 2914 3741 τὴν
2973 3673 3163 3725 θυσίαν
3227 3678 3321 3727 καὶ
3381 3678 3479 3748 τὴν
3561 3682 3801 3752 σπουδὴν
3869 3686 3971 3749 τὴν

2397 3759 2645 3828 νομικὴν.
2682 3777 2700 3809 ι
2729 3758 2950 3823 Δείξατε
3004 3760 3099 3813 οὖν
3142 3764 3273 3833 ἡμῖν
3324 3765 3485 3835 ἄρτι.
3528 3772 3677 3828 ποῖος
3730 3772 3970 3839 Χριστὸς

2394 3844 2525 3916 ἦλθε
2568 3852 2807 3918 χρισοεὶς
2839 3851 2994 3919 ἅγιος
3038 3854 3212 3920 ἁγίων
3262 3856 3401 3924 μετὰ
3446 3860 3545 3922 τὰς
3589 3862 3968 3931 ἑϐδομήκοντα

2397 3939 2697 4008 ἑϐδομάδας
2724 3980 2739 4001 ,
2770 3943 3019 3995 τουτέστι
3053 3944 3190 4012 μετά
3250 3949 3573 4016 τετρακόσια
3631 3953 3963 4021 ἐνενήκοντα

726 4038 1644 4109 oriﬁciumetlegisobservatio?Si
1672 4041 1837 4109 igitur
1850 4057 1957 4094 non
1979 4042 2289 4096 mentimini
2315 4061 2359 4122 ρ
2396 4028 2490 4098 ἔτη
2542 4031 2619 4081 ἀπ

2396 4028 2490 4098 ἔτη
2542 4030 2649 4082 ἀπὸ
2682 4032 2901 4101 Δανιὴλ,
2932 4036 3287 4103 καταργήσας
3334 4037 3431 4107 τὴν
3476 4039 3662 4093 θυσίαν
3722 4046 3819 4095 καὶ⁵
3863 4048 3966 4114 τὴν

725 4131 976 4185 dicentes
1003 4129 1250 4183 nomium
1289 4130 1505 4184 venisse
1545 4130 1846 4196 Christum,
1873 4132 1969 4187 sed
1998 4142 2290 4187 venturum

724 4235 867 4284 esse,
897 4221 1174 4275 ostendite
1212 4220 1374 4274 nobis
1427 4222 1606 4289 qualis
1645 4221 1901 4277 Christus
1940 4225 2126 4288 venit,
2169 4235 2293 4294 post

724 4312 1157 4380 quadringentos
1179 4320 1236 4366 et
1259 4311 1554 4379 nonaginta
1580 4328 1754 4366 annos
1780 4330 1809 4366 a
1837 4314 2045 4377 Daniel,
2066 4325 2291 4370 sanctus

723 4403 1087 4458 sanctorum?
1119 4403 1340 4456 Nullum
1368 4412 1550 4456 autem
1585 4403 1752 4457 alium
1783 4405 1955 4459 habes
1993 4406 2289 4461 ostenden-

722 4496 853 4548 dum
889 4495 1005 4547 hmc
1037 4493 1352 4556 facientem,
1385 4494 1491 4546 nisi
1529 4494 1715 4548 Jesum
1763 4491 2041 4549 Christum
2091 4498 2286 4551 Filium

723 4586 839 4642 Dei.
868 4586 937 4640 Et
965 4601 1184 4639 rursum
1206 4586 1274 4647 si,
1305 4601 1433 4639 vera
1464 4586 1775 4655 loquentes,
1807 4587 1991 4642 dicitis
2019 4589 2286 4643 sacriﬁcia

724 4674 935 4728 institui
984 4674 1174 4743 Iegalia
1221 4674 1426 4728 debere
1473 4675 1542 4729 ab
1584 4676 1679 4730 illo
1716 4676 1811 4745 qui
1858 4679 2008 4731 venit
2066 4678 2286 4733 Christo

720 4764 833 4816 Deo
878 4771 1090 4823 nostro,
1122 4761 1310 4815 Daniel
1338 4770 1529 4815 contra
1557 4762 1822 4816 mentitur
1854 4763 2041 4818 dicens
2067 4765 2287 4820 Christo

718 4856 978 4909 veniente
1011 4852 1369 4907 auferendum
1404 4868 1528 4908 esse
1558 4854 1888 4908 sacriﬁcium
1927 4865 1983 4909 et
2021 4856 2283 4910 observa-

721 4946 948 4998 tionem.
976 4942 1032 4997 Si
1064 4959 1164 4996 uos
1191 4942 1355 5013 igitur
1384 4957 1631 4996 erramus
1652 4958 1853 4996 novum
1883 4943 2087 4998 Christi
2119 4954 2284 5000 testa—

719 5044 966 5089 mentum
1003 5035 1370 5104 possidentes,
1399 5044 1454 5088 et
1496 5045 1679 5088 vester
1706 5033 1960 5089 Christus
1986 5036 2077 5103 qui
2111 5036 2280 5100 venit,

716 5136 877 5182 vetus
921 5134 1308 5180 testamentum
1359 5135 1415 5180 et
1453 5128 1627 5196 legem
1680 5127 1880 5198 Moysis
1923 5139 2173 5189 renovat,
2225 5139 2285 5183 ut

716 5219 923 5281 dicitis,
943 5218 1035 5272 ubi
1063 5217 1283 5272 demum
1310 5221 1610 5287 quaerimus
1635 5227 2023 5273 testamentum
2059 5221 2187 5275 illud
2214 5223 2283 5277 de

716 5325 827 5376 quo
878 5310 1017 5363 dixit
1052 5310 1196 5363 Deus
1221 5326 1320 5378 per
1352 5311 1645 5364 Jeremiam
1691 5313 2051 5381 prophetam:
2094 5334 2108 5364 ι
2141 5314 2281 5369 Ecce

2394 4125 2669 4189 νομικήν;
2719 4124 2815 4174 καὶ
2866 4123 2995 4176 πότε
3046 4124 3188 4195 ἤρθη
3258 4128 3291 4196 ἡ
3365 4131 3568 4201 σπουδὴ
3625 4135 3720 4184 καὶ
3775 4135 3810 4204 ἡ
3872 4136 3967 4188 θυ-

2394 4211 2483 4263 σία
2520 4212 2613 4263 τοῦ
2652 4214 2817 4281 νόμου
2848 4232 2861 4277 ;
2899 4216 2963 4269 El
3018 4216 3192 4269 οὖνού
3250 4217 3513 4286 ψεύδεσθε
3561 4222 3843 4289 λέγοντες,
3878 4226 3963 4278 ὅτι

2391 4300 2543 4354 οὔπω
2574 4299 2735 4372 ἦλθεν
2761 4307 2789 4356 ὁ
2842 4304 3095 4373 Χριστὸς,
3128 4307 3264 4360 ἀλλὰ
3322 4310 3528 4378 μέλλει,
3560 4312 3769 4376 δείξατε
3825 4317 3963 4382 ἡμῖν

2392 4396 2548 4456 ποῖος
2574 4394 2807 4462 Χριστὸς
2834 4391 2963 4464 ἦλθε
2993 4397 3138 4465 μετὰ
3159 4400 3486 4467 τετρακόσια
3508 4404 3833 4472 ἐνενήκοντα
3863 4407 3959 4475 ἔτη

2389 4482 2482 4534 τοῦ
2508 4483 2707 4554 Δανιὴλ
2739 4484 2893 4552 ἅγιος
2917 4486 3120 4552 ἀγίωνς
3165 4488 3303 4539 Ἀλλ’
3332 4491 3431 4541 οὐκ
3458 4491 3599 4558 ἔχεις
3637 4493 3800 4545 ἄλλον
3836 4497 3963 4549 τινὰ

2387 4574 2556 4639 δεῖξαι
2603 4574 2760 4627 τοῦτο
2820 4577 3140 4645 ποιήσαντα,
3170 4580 3217 4630 εἰ
3248 4580 3321 4648 μὴ
3361 4581 3567 4648 Ἰησοῦν
3592 4584 3826 4653 Χριστὸν
3867 4588 3961 4640 τον

2391 4662 2515 4714 Υίδν
2544 4663 2637 4715 τοῦ
2668 4664 2824 4716 Θεοῦ.
2860 4664 2970 4717 Καὶ
2993 4665 3176 4729 πάλιν,
3208 4669 3256 4719 εί
3286 4668 3639 4737 ἀληθεύοντες
3661 4673 3847 4738 λέγετε
3877 4676 3958 4728 ὅτι

2388 4751 2575 4814 θυσίας
2601 4753 2781 4820 μέλλει
2818 4757 2991 4805 ποιεῖν
3019 4756 3248 4824 νομικὰς
3282 4759 3310 4808 ὁ
3347 4761 3637 4828 ἐρχόμενος
3660 4762 3898 4832 Χριστὸς
3930 4769 3958 4818 ὁ

2385 4844 2519 4904 Θεὸς
2576 4843 2752 4912 ἡμῶν,
2798 4844 2981 4898 λοιπὸν
3030 4846 3231 4916 Δανιὴλ
3293 4848 3547 4915 ψεύδεται
3612 4853 3822 4919 λέγων.
3874 4856 3952 4907 ὅτι

2391 4951 2408 4983 ι
2446 4933 2679 5004 Χριστοῦ
2716 4934 3011 5003 ἐρχομένου
3052 4936 3356 5007 ἀρθήσεται
3381 4939 3541 4993 θυσία
3569 4942 3662 4994 καὶ
3686 4945 3946 5012 σπουδίμ

2384 5028 2496 5080 Καὶ
2525 5028 2573 5079 εἰ
2630 5028 2738 5094 ἄρα
2780 5028 2940 5095 ἡμεῖς
2975 5031 3397 5100 παρανομοῦμεν
3432 5033 3531 5101 τὴν
3582 5034 3711 5086 νέαν
3762 5035 3956 5106 διαθή-

2384 5134 2486 5187 κην
2507 5116 2600 5169 τοῦ
2632 5116 2867 5186 Χριστοῦ
2900 5118 3241 5187 κατέχοντες,
3275 5122 3368 5174 καὶ
3397 5122 3426 5171 ὁ
3466 5122 3759 5192 ἐρχόμενος
3820 5126 3955 5187 Χριο

2386 5208 2506 5268 στδς
2531 5208 2683 5276 ὑμῶν
2704 5208 2801 5276 τὴν
2826 5208 3060 5261 παλαιὰν
3085 5209 3181 5261 καὶ
3210 5210 3301 5263 τὸν
3328 5213 3491 5280 νόμον
3512 5214 3793 5275 Μωῦσέως
3817 5217 3949 5267 ἀνα-

2383 5301 2634 5364 καινίζει,
2674 5301 2746 5360 ὡς
2773 5300 2959 5367 λέγετε
2983 5315 2997 5329 ·
3048 5302 3150 5353 ποῦ
3184 5302 3368 5354 λοιπὸν
3396 5303 3663 5372 ζητοῦμεν
3692 5306 3793 5374 τὴν
3838 5306 3952 5359 δια-

714 5400 834 5455 dies
854 5401 1106 5463 veniunt,
1137 5412 1195 5454 et
1222 5411 1459 5455 statuam
1486 5402 1676 5456 domui
1699 5380 1861 5457 Israel
1893 5414 2279 5461 testamentum
2307 5380 2358 5438 D
2383 5393 2555 5462 θήκην
2614 5396 2620 5443 ί

2396 5393 2555 5462 λήκην
2614 5392 2828 5458 ἐκείνην
2858 5393 2956 5461 τὴν
3012 5394 3136 5464 περὶ
3164 5390 3232 5463 ἧς
3281 5390 3485 5447 εἶπεννὸ
3508 5395 3637 5456 Θεὸς
3672 5396 3738 5448 δι’
3790 5395 3946 5467 Ἰερε-

716 5506 937 5553 novum,
973 5507 1083 5545 non
1128 5492 1435 5546 secundum
1486 5503 1873 5549 testamentum
1929 5498 2075 5564 quod
2114 5501 2279 5556 statui

716 5582 965 5646 patribus
979 5598 1192 5646 eorum,
1206 5585 1427 5653 quando
1445 5586 1608 5640 eduxi
1626 5602 1722 5642 eos
1736 5599 1925 5644 eterra
1939 5588 2153 5660 .Egypti
2168 5595 2212 5625 ’³
2226 5594 2248 5644 '?
2260 5613 2276 5644 ι

785 5733 825 5763 ”
848 5733 981 5788 Dan.
1002 5752 1074 5802 ιχ,
1101 5735 1187 5789 2i.
1264 5739 1307 5769 ¹¹¹¹
1330 5738 1466 5793 Ibid.
1544 5742 1801 5796 "'Jercm.
1824 5760 1946 5809 nx,
1978 5745 2064 5805 ξῑι,
2085 5745 2165 5797 3:1.

2390 5486 2509 5550 μίου
2548 5482 2641 5535 τοῦ
2680 5484 2960 5552 προφήτου
2996 5500 3011 5515 ⁶
3048 5502 3067 5535 ι
3114 5485 3243 5537 Ἰδοὺ
3269 5486 3474 5555 ἡμέραι
3523 5486 3810 5555 ἔρχονται,
3852 5487 3946 5538 καὶ

2382 5575 2705 5645 δαθήσομαι
2764 5576 2844 5646 τῷ
2901 5577 3034 5646 οῑκῳ
3076 5576 3291 5647 Ἰσραὴλ
3316 5576 3581 5647 διαθήκην
3619 5578 3852 5647 καινὴν,
3882 5577 3944 5631 οὐ
