4190 6438
219 376 353 441 1241

1246 392 1703 455 DISPUTATIO
1739 397 2133 458 ADVERSUS
2167 397 2500 461 JUDEOS.

3324 403 3468 468 1242

215 488 363 540 κατὰ
387 487 487 559 τὴν
522 489 785 563 διαθήκην
810 494 881 565 ἢν
924 495 1181 568 διεθέμην
1226 503 1338 565 τοῖς
1376 505 1652 573 πατράσιν
1691 507 1769 558 αὺι

1895 508 2112 562 Etenim
2151 518 2445 578 postquam
2491 509 2598 566 illis
2638 510 2816 581 legem
2853 510 3119 576 dedisset,
3150 513 3288 569 dixit
3317 516 3463 572 Deus

202 577 341 639 τῶν,
376 581 536 648 ἡνίκα
592 584 862 652 ἐξήγαγον
910 588 1109 647 αὐτοὺς
1162 590 1226 642 ἐκ
1271 594 1373 662 γῆς
1401 595 1682 661 Αἰγύπτου
1712 612 1727 661 ;
1763 616 1781 649 ι

205 667 354 734 μετά
414 669 523 739 γὰρ
579 672 639 723 τὸ
682 672 903 743 δοθῆναι
964 676 1146 739 αὐτοῖς
1204 678 1295 731 τὸν
1342 680 1539 747 νόμον,
1579 680 1733 734 εἶπεν
1762 686 1790 737 6

201 758 344 819 Θεὸς
399 760 487 812 διὰ
546 762 771 816 ἸΙσαῖου
822 767 916 818 καὶ
971 768 1210 837 Μιχαίου
1271 770 1379 823 τῶν
1446 774 1739 843 προφητῶν
1772 791 1786 805 '

206 868 225 897 ι
264 850 390 901 Ὀτι
420 853 484 903 ἐκ
524 853 663 908 Σιὼν
691 856 1036 920 ἐξελεύσεται
1060 862 1248 929 νόμος,
1278 863 1370 914 καὶ
1392 862 1549 931 λόγος
1582 866 1787 934 Κυρίου

200 939 262 1003 ἐξ
302 940 695 1015 Ἰερουσαλήμ·
742 967 760 997 ι
787 948 928 1000 ὥστε
961 950 1056 1002 τοῦ
1081 952 1316 1022 Χριστοῦ
1348 953 1595 1018 ἐλθόντος
1624 957 1786 1020 αὐτὸς

196 1032 293 1083 τὸν
333 1034 455 1086 νέον
481 1036 647 1102 νόμον
680 1040 855 1108 ἤγαγε
888 1042 979 1093 καὶ
1008 1044 1103 1095 τὸν
1130 1043 1358 1096 παλαιὸν
1388 1047 1728 1116 ἐπλήρωσεν.

280 1124 350 1176 '0
385 1127 698 1194 Ἰουδαῖος*
738 1132 830 1194 Εἰς
866 1133 1153 1203 ἄνθρωπον
1185 1139 1661 1207 πεφουρκισμένον
1690 1140 1785 1193 καὶ

198 1217 497 1269 κατὰδικον
528 1220 800 1285 ἐλπίζετε,
834 1225 882 1273 oi
909 1226 1244 1292 Χριστιανοέ.
1285 1258 1354 1267 -
1406 1227 1468 1281 '0
1520 1233 1786 1297 Χριστια-

194 1308 342 1371 νόςυ
379 1308 444 1359 Τί
468 1310 584 1361 ἐστι
630 1312 959 1386 τιμιώτερον
1004 1318 1155 1387 παρά
1202 1318 1279 1387 τῷ
1322 1320 1460 1389 Θεῷ,
1494 1321 1784 1390 ἄνθρωπος

196 1398 229 1465 ἢ
260 1399 388 1466 ὄφις
431 1401 665 1469 χαλκοῦς
694 1405 753 1457 ὃν
797 1407 954 1475 ὑμεῖς
996 1414 1352 1476 προσκυνεῖτε
1398 1414 1779 1482 κρεμάμενον;

196 1489 352 1559 ΙΙλὴν
392 1492 627 1546 ἄκουσον
674 1498 815 1563 μετά
866 1501 1171 1562 συνέσεως·
1227 1503 1345 1554 ἀλλ’
1389 1504 1539 1572 ὅμως
1591 1506 1782 1557 εἶπατὲ

198 1600 334 1651 μοι,
391 1587 747 1656 ὲσταιίρωσαν
815 1593 864 1643 oi
940 1595 1173 1662 πατέρες
1243 1595 1396 1661 ὑμῶν
1457 1614 1578 1649 τινα
1635 1597 1781 1665 λεγόο

195 1691 365 1740 μενον
410 1675 619 1745 Ἰησοῦν
656 1680 926 1750 Χριστόνς
977 1687 1064 1736 ναὶ
1114 1686 1146 1755 ἦ
1198 1684 1295 1749 οῦ;
1354 1686 1448 1738 καὶ
1492 1686 1579 1740 διὰ
1621 1689 1779 1741 ποίαν

192 1766 383 1818 αἰτίαν
440 1770 825 1839 ἐσταυρώσατε
873 1776 1076 1839 αὑτὸνς
1131 1778 1275 1828 Διότι
1329 1778 1641 1844 παράνομος
1687 1775 1775 1848 ἦν,

1893 615 1992 668 per
2020 599 2214 651 Isaiam
2243 608 2299 651 et
2327 599 2601 652 Michaeam
2628 601 2959 671 prophetas:
2992 621 3009 652 ι
3037 601 3116 655 Ex
3139 601 3270 655 Sion
3289 604 3465 656 exibit

1892 689 1999 751 lex,
2062 698 2119 742 et
2171 690 2403 762 verbum
2471 691 2688 744 Domini
2754 708 2821 745 ex
2879 693 3187 747 Jerusalem
3211 697 3250 746 '.
3298 711 3316 744 ι
3382 694 3461 747 Ita

1888 778 2145 833 Christus
2180 795 2304 833 cum
2336 781 2506 846 venit,
2531 796 2728 835 novam
2762 783 2937 852 legem
2966 783 3197 838 adduxit
3223 790 3281 838 et
3305 792 3461 836 vete-

1890 886 2005 925 rem
2036 870 2305 939 implevit.

1954 1124 2189 1179 Juda'us.
2207 1125 2263 1179 In
2289 1124 2565 1179 hominem
2584 1124 3309 1181 crueitixumetdamnatum
3334 1142 3457 1196 spe-

1886 1217 2038 1279 ratis,
2062 1217 2384 1271 Christiani.
2417 1246 2487 1257 -—
2517 1218 2870 1271 Christianus.
2916 1216 3051 1283 Quis
3076 1228 3161 1272 est
3187 1219 3460 1273 excellen-

1887 1310 1993 1362 tior
2017 1310 2160 1378 ame
2190 1311 2382 1372 Deum,
2411 1309 2576 1362 homo
2605 1325 2673 1362 an
2707 1324 2938 1379 serpens
2964 1324 3142 1362 aereus
3166 1324 3329 1377 quem
3359 1324 3463 1362 vos

1883 1402 2128 1455 adoratis
2154 1418 2482 1469 suspensum
2504 1402 2527 1453 ?
2547 1409 2786 1454 attamen
2812 1402 2938 1455 audi
2967 1416 3092 1454 cum
3123 1400 3454 1453 attentione.

1884 1491 1989 1544 Sed
2018 1491 2184 1543 dicite
2221 1492 2352 1543 mihi
2378 1508 2391 1543 :
2425 1492 2821 1544 crucilixerunt
2860 1500 3043 1558 patres
3072 1490 3241 1544 vestri
3267 1506 3461 1559 quem-

1880 1580 2006 1634 dam
2035 1581 2369 1648 appellatum
2408 1581 2595 1635 Jesum
2638 1580 2964 1633 Christum?
3002 1580 3075 1632 ita
3101 1596 3169 1633 an
3206 1581 3359 1633 non?
3389 1579 3456 1633 Et

1880 1673 2097 1741 qualem
2127 1671 2199 1725 ob
2232 1688 2451 1725 causam
2497 1672 2935 1725 rrueilixerunt?
2968 1671 3047 1725 Eo
3076 1671 3223 1739 quod
3272 1671 3453 1740 legum

1879 1762 2113 1814 violator
2136 1770 2275 1821 erat,
2307 1771 2361 1815 et
2397 1762 2570 1828 legem
2618 1771 2675 1814 ct
2707 1760 2947 1813 Sabbata
2980 1758 3258 1813 abolebat.
3282 1759 3350 1812 Et
3386 1760 3457 1813 de

191 1857 293 1908 καὶ
345 1860 577 1912 κατέλυε
619 1862 714 1913 τὸν
753 1864 916 1931 νόμον
964 1868 1057 1917 καὶ
1096 1867 1156 1918 τὸ
1194 1868 1492 1922 Σάϐϐατον.
1552 1871 1658 1921 Καὶ
1688 1840 1769 1921 έιὰ

1879 1868 1989 1921 quo
2039 1853 2414 1921 pnedixerunt
2448 1852 2726 1919 prophetae
2782 1861 3079 1903 venturum
3127 1865 3250 1903 esse
3296 1850 3453 1903 illum

191 1953 351 2002 ποῖον
388 1953 662 2023 ἐκήρυξαν
692 1957 741 2007 οἱ
773 1959 1049 2027 προφῆται
1081 1958 1260 2011 ἐλθεῖν
1290 1962 1375 2013 ἐπ’
1404 1962 1648 2031 ἐσχάτων
1670 1963 1778 2014 τῶν

189 2040 443 2107 ἡμερῶν,
479 2041 573 2092 τοῦ
612 2043 921 2112 πραθῆναι.
968 2049 1061 2098 καὶ
1129 2048 1188 2100 τὸ
1220 2049 1383 2100 πόσου
1417 2048 1529 2118 ἕχει
1559 2049 1774 2119 πραθῆο

188 2146 318 2190 ναι,
369 2132 462 2181 καὶ
507 2132 589 2184 ὅτι
631 2133 743 2202 ἔχει
777 2136 1009 2203 ἀχθῆναι
1040 2140 1118 2199 εἰς
1150 2137 1378 2191 θάνατον
1410 2141 1503 2191 xa‘t
1530 2140 1607 2208 τῷ
1636 2140 1775 2211 ξύλῳ

188 2221 350 2288 ἣλοις
386 2226 576 2291 χεῖρας
609 2227 704 2276 καὶ
731 2228 897 2290 πόδας
929 2231 1413 2300 προσηλωθήσεται
1435 2272 1449 2295 ,
1500 2235 1592 2285 καὶ
1620 2236 1774 2297 ὄξους

188 2313 287 2363 καὶ
340 2314 508 2381 χολῆς
554 2316 849 2381 γεύσεται,
906 2321 1001 2371 καὶ
1038 2321 1121 2373 ὃτι
1161 2321 1325 2393 λόγχῃ
1361 2323 1773 2393 κεντηθήσεται,

186 2404 286 2453 καὶ
337 2404 366 2453 6
412 2406 639 2474 οὐρανὸς
684 2409 1144 2478 σκοτισθήσεται;
1182 2413 1291 2464 Καὶ
1320 2412 1574 2466 ἀδύνατον
1598 2410 1665 2483 ἦν
1700 2414 1775 2483 μὴ

188 2494 558 2563 πληρωθῆναι
612 2499 737 2560 τοὺς
778 2499 970 2566 λόγους
1007 2502 1114 2553 τῶν
1146 2503 1478 2572 προφητῶν*
1533 2504 1585 2555 τί
1629 2504 1774 2570 λέγει

182 2582 365 2634 ταῦτα
414 2586 631 2646 nivea;
689 2588 777 2647 Εἰς
822 2590 913 2639 τὸν
959 2591 1193 2660 Χριστόν
1226 2594 1382 2661 ἡμῶν
1422 2593 1700 2654 ἐγένοντο.
1736 2591 1768 2659 ἢ

184 2675 268 2735 εἰς
317 2675 409 2725 τὸν
451 2677 783 2745 εἰλημμένον
830 2680 984 2748 ὑμῶν
1036 2681 1291 2749 μέλλουσι
1336 2682 1616 2750 γίνεσθαι;
1665 2684 1774 2735 Καὶ

186 2763 237 2813 εἱ
278 2764 380 2831 μὲν
432 2766 513 2827 εἰς
544 2768 634 2817 τὸν
663 2769 1000 2837 εἰλημμένον
1033 2772 1193 2839 ὑμῶν
1226 2773 1479 2839 μέλλουσι
1505 2772 1772 2838 γίνεσθαι,

187 2855 308 2906 ίδοῦ
361 2857 454 2907 καὶ
501 2857 658 2925 ὑμεῖς
706 2861 785 2920 εἰς
828 2860 1115 2927 ἄνθρωπον
1166 2862 1457 2914 καταδικον
1491 2862 1771 2923 ἐλπίζετε·

182 2944 235 2994 εἰ
281 2943 341 2995 δὲ
392 2947 474 3005 εἰς
517 2947 609 2997 τὸν
648 2948 881 3016 Χριστὸν
918 2948 1078 3017 ἡμῶν
1138 2949 1315 3001 πάντα
1355 2950 1768 3018 ἐπληρώθησαν,

185 3034 630 3101 συγκαταθέντες
684 3038 873 3089 εἴπατε
928 3038 1027 3107 τὴν
1077 3038 1381 3108 ἀλήθειαν·
1438 3042 1485 3090 εί
1534 3040 1591 3090 δὲ
1646 3038 1769 3091 οῦτε

182 3127 267 3186 είς
316 3126 409 3177 τὸν
448 3127 718 3196 ἡμέτερον
752 3129 1025 3192 Χριστὸν,
1057 3128 1181 3181 οὔτε
1218 3132 1298 3190 εἰς
1324 3130 1417 3181 τὸν
1441 3129 1771 3198 εἰλημμένον

183 3216 365 3285 ὑμῶν,
406 3218 622 3279 πάντως
653 3219 701 3270 οἱ
729 3219 1010 3288 προφῆται
1040 3220 1353 3288 ψεύδονταν
1389 3221 1436 3271 εί
1462 3221 1519 3272 δὲ
1552 3220 1765 3272 στενοῦ-

184 3324 343 3377 μενοι
398 3308 621 3371 ἄκοντες
678 3310 993 3376 ὁμολογεῖτε
1049 3312 1130 3363 ὅτι
1182 3312 1273 3362 τὸν
1323 3310 1559 3379 Χριστὸν
1606 3312 1762 3381 ἡμῶν

183 3399 345 3466 κακῴ
369 3399 590 3469 θανάτῳ
610 3401 659 3451 οἱ
683 3402 919 3469 πατέρες
944 3401 1097 3469 ὑμῶν
1120 3402 1418 3468 ἐφόνευσαν
1438 3403 1511 3463 ὠς
1531 3402 1760 3471 κακοῦρ-

1877 1946 2141 1999 extremis
2166 1944 2364 1997 diebus
2394 1942 2767 2005 vendendum,
2791 1952 2847 1995 et
2866 1942 3055 2010 quanti
3078 1941 3454 2006 vendendum,

1876 2038 1943 2091 ad
1980 2050 2213 2090 mortem
2257 2037 2422 2090 etiam
2456 2035 2794 2095 ducendum,
2822 2044 2878 2088 ct
2909 2034 2961 2087 in
2990 2034 3142 2103 ligno
3164 2048 3364 2087 manus
3398 2044 3457 2086 et

1876 2132 2047 2199 pedes
2088 2132 2207 2198 ejus
2230 2131 2400 2183 clavis
2432 2128 2834 2197 trausfigendos
2862 2139 3005 2189 esse,
3053 2136 3108 2181 et
3140 2135 3362 2181 acetum
3394 2138 3452 2181 et

1874 2224 1946 2277 fel
1978 2232 2343 2291 gustaturnm,
2372 2230 2427 2273 et
2458 2221 2642 2273 lanoca
2693 2219 3109 2289 perforandum,
3140 2219 3451 2287 caelumque

1875 2315 2282 2367 obseurandum
2315 2313 2475 2365 esse?
2500 2327 2677 2379 neque
2718 2310 2979 2379 possibile
3023 2319 3170 2363 esset
3204 2325 3313 2363 non
3343 2309 3449 2362 im-

1879 2405 2013 2473 pleri
2044 2404 2212 2457 verba
2249 2403 2666 2471 prophetarum.
2693 2401 2835 2464 Quid
2882 2399 2997 2453 haec
3044 2398 3228 2452 omnia
3275 2398 3444 2467 signi-

1878 2491 2076 2543 ﬁcant?
2104 2491 2157 2542 in
2191 2498 2379 2541 nostro
2408 2488 2631 2541 Christo
2661 2488 2800 2540 facta
2830 2494 2979 2549 sunt,
3020 2501 3151 2538 num
3184 2484 3238 2537 in
3262 2494 3447 2539 vestro

1875 2582 2066 2636 Messia
2101 2581 2219 2633 fieri
2250 2580 2498 2633 debent?
2528 2588 2583 2632 et
2605 2579 2649 2630 si
2675 2580 2728 2631 in
2771 2586 2956 2630 vestro
2978 2576 3173 2629 Messia
3203 2574 3320 2627 ﬁeri
3345 2573 3449 2628 de-

1874 2673 2059 2734 beant,
2082 2686 2211 2725 ecce
2235 2681 2291 2724 et
2320 2686 2419 2723 vos
2446 2671 2498 2723 in
2532 2669 2811 2722 hominem
2841 2668 3163 2721 damnatum
3190 2664 3448 2734 speratis.

1874 2764 1930 2817 Si
1960 2778 2091 2815 vero
2118 2763 2172 2815 in
2198 2770 2385 2814 nostro
2411 2762 2634 2813 Christo
2663 2760 2845 2812 omnia
2881 2759 3103 2827 impleta
3141 2767 3294 2819 sunt,
3314 2756 3446 2810 sub-

1874 2855 2155 2907 mittentcs
2187 2868 2283 2907 vos
2317 2852 2600 2905 veritatem
2628 2850 2873 2903 fatemini
2897 2866 2912 2914 ;
2940 2849 3023 2902 sin
3051 2856 3235 2901 autem
3262 2862 3443 2915 neque

1873 2950 1927 3002 in
1962 2958 2149 3001 nostro
2182 2946 2424 3008 Christo,
2468 2960 2648 3013 neque
2707 2945 2759 2996 in
2803 2953 2989 2997 vestro
3047 2942 3261 3004 Messia,
3314 2958 3446 3011 pro-

1874 3043 2054 3111 phetze
2106 3054 2297 3094 omnes
2334 3038 2716 3101 mentiuntur;
2748 3036 2893 3104 quod
2948 3035 2993 3087 si
3038 3033 3233 3088 arctati
3275 3033 3447 3087 invite

1872 3132 2121 3187 fatemini
2154 3141 2406 3185 nostrum
2433 3130 2715 3183 Christum
2757 3128 2953 3182 acerba
2983 3135 3159 3180 morte
3189 3142 3218 3179 a
3245 3124 3445 3179 vestris

1870 3224 2122 3293 patrihus
2146 3238 2345 3276 caesum
2376 3237 2498 3275 esse
2531 3228 2591 3273 ut
2625 3220 3035 3273 malefactorem
3066 3226 3124 3272 ct
3154 3217 3293 3286 legis
3323 3217 3443 3269 vio-

1866 3317 2117 3379 latorem,
2146 3315 2441 3368 alferamus
2480 3311 2800 3380 prophetas,
2822 3320 2878 3365 et
2913 3310 3203 3363 videamus
3226 3324 3294 3361 an
3330 3323 3446 3361 ma-

1864 3403 2182 3455 lefactorem
2219 3401 2463 3455 dixerint
2495 3413 2661 3466 quem
2686 3413 2784 3451 vos
2806 3396 3182 3451 crucifixistis.

181 3505 282 3554 γον
337 3489 431 3540 τὸν
483 3488 576 3541 καὶ
624 3490 787 3559 νόμον
835 3490 1217 3558 καταλύοντα,
1272 3494 1587 3562 ἐνέγκωμεν
1636 3493 1764 3556 τοὺς
1803 3496 2128 3564 προφήτας,
2181 3492 2277 3545 καὶ
2330 3492 2530 3560 ἴδωμεν
2582 3490 2680 3542 ἐὰν
2721 3490 3028 3558 κακοῦργον
3088 3486 3291 3555 λέγωσι
3350 3484 3447 3539 τὸν

182 3581 275 3647 ὑφ’
303 3579 461 3649 ὑμῶν
488 3583 889 3653 σταυρωθέντα.

255 3673 467 3724 Εἴπατε
498 3673 557 3725 δέ
597 3692 686 3743 μοι
710 3715 725 3735 ,
774 3675 858 3737 τίς
891 3676 1042 3727 ἐστιν
1076 3676 1171 3729 ἐπὶ
1203 3675 1309 3744 γῆς
1338 3675 1761 3746 ἀναμάρτητοςς

182 3764 299 3828 καὶ,
334 3764 413 3825 ὼς
441 3766 473 3833 ἡ
508 3765 698 3835 Γραφὴ
728 3767 898 3834 λέγει,
939 3768 1115 3828 οὐδεὶς
1149 3768 1388 3837 καθαρὸς
1422 3768 1533 3821 ἀπὸ
1564 3769 1761 3837 ῥύπου,

179 3858 293 3909 οὐδ’
322 3858 391 3910 ἂν
442 3858 570 3926 μίαν
611 3861 825 3931 ἡμέραν
876 3863 908 3931 ἡ
954 3860 1067 3930 ζωὴ
1104 3862 1269 3914 αὑτοῦ
1296 3902 1309 3925 ,
1362 3863 1454 3915 καὶ
1493 3863 1649 3932 δῆλον
1678 3863 1762 3915 ὅτι

180 3949 359 4011 οὐδεὶς
396 3951 444 4000 εί
483 3950 643 4017 μόνος
672 3954 701 4002 6
729 3952 882 4014 Θεὸς.
934 3954 1039 4004 Καὶ
1071 3955 1394 4020 ἀκούσωμεν
1424 3953 1475 4004 τί
1510 3953 1639 4022 περὶ
1666 3954 1759 4005 τοῦ

180 4038 453 4101 παθόντος
479 4040 720 4109 Χριστοῦ
750 4042 909 4110 ὴμῶν
939 4045 968 4095 6
1001 4042 1225 4104 Ἡσαΐας
1254 4042 1428 4109 λέγει’
1473 4059 1490 4091 t
1516 4042 1600 4105 Ὠς
1629 4044 1762 4111 πρό-

180 4128 349 4180 ϐατον
382 4130 474 4179 ἐπὶ
503 4130 716 4201 σφαγὴν
745 4130 885 4200 ῆχθη
904 4172 917 4192 ,
963 4134 1053 4184 καὶ
1085 4132 1161 4193 ὡς
1190 4133 1361 4200 ἀμνὸς
1392 4134 1634 4185 ἐναντίον
1663 4132 1758 4185 τοῦ

179 4219 466 4288 κείροντος
496 4220 660 4271 αὑτὸν
687 4222 928 4287 ἄφωνοςο
967 4222 1074 4273 ἀπὸ
1104 4222 1213 4273 τῶν
1242 4223 1480 4290 ἀνομιῶν
1508 4222 1601 4274 τοῦ
1628 4222 1759 4277 λαοῦ

181 4325 286 4377 μου
335 4310 477 4378 ἤχθη
528 4310 608 4371 είς
658 4310 925 4364 θάνατον·
985 4307 1093 4365 και
1124 4313 1281 4365 δώσω
1321 4315 1449 4374 τοὺς
1488 4317 1761 4385 πονηροὺς

178 4401 302 4452 ἀντὶ
335 4401 434 4469 τῆς
464 4402 639 4470 ταφῆς
668 4404 834 4456 αὑτοῦ
855 4445 869 4467 ,
922 4406 1014 4457 καὶ
1042 4406 1168 4466 τοὺς
1198 4404 1484 4466 πλουσίους
1512 4406 1634 4457 ἀντὶ
1660 4405 1757 4457 τοῦ

1935 3678 2108 3732 Dicite
2122 3685 2305 3730 autem
2333 3676 2493 3738 mihi,
2520 3675 2646 3744 quis
2664 3683 2749 3729 est
2780 3675 2834 3727 in
2866 3684 3012 3728 terra
3033 3672 3155 3727 sine
3174 3674 3443 3742 peccato?

1860 3778 1937 3832 et,
1964 3779 2023 3823 ut
2053 3769 2191 3821 dicit
2228 3767 2539 3835 Scriptura.
2573 3781 2736 3819 nemo
2767 3781 2943 3834 purus
2967 3764 3175 3832 absque
3202 3765 3438 3829 macula,

1864 3862 2081 3915 tametsi
2150 3860 2315 3913 unius
2353 3859 2461 3912 diei
2497 3859 2609 3911 vita
2654 3860 2777 3926 ejus
2821 3858 2913 3921 sit,
2953 3872 3117 3910 nemo
3154 3864 3304 3911 certe
3333 3856 3437 3911 nisi

1862 3954 2012 4006 solus
2038 3952 2177 4006 heus
2194 3953 2235 4002 ’.
2256 3952 2559 4004 Audiamus
2582 3964 2729 4001 nunc
2749 3948 2882 4016 quid
2905 3948 2974 4001 de
3002 3958 3194 4001 nostro
3216 3947 3439 4003 Christo

1862 4038 2104 4107 patiente
2138 4038 2305 4090 Isaias
2333 4037 2519 4089 dicat:
2565 4052 2584 4085 ε
2624 4035 2912 4103 Tanquam
2946 4035 3066 4087 ovis
3097 4034 3164 4087 ad
3199 4036 3437 4088 occisio~

1860 4146 1985 4182 nem
2009 4129 2208 4181 ductus
2243 4136 2347 4187 est.
2377 4138 2433 4181 et
2460 4136 2718 4195 tanquam
2756 4140 2930 4193 agnus
2952 4140 3141 4178 coram
3172 4125 3441 4180 tondente

1859 4236 1918 4273 se
1946 4221 2363 4282 obmutescens;
2391 4228 2616 4287 propter
2640 4229 2857 4284 peccata
2886 4216 3069 4284 populi
3098 4216 3202 4269 mei
3237 4216 3447 4272 ductus.

1859 4318 1944 4363 cst
1970 4310 2037 4362 ad
2069 4318 2334 4373 mortem;
2376 4318 2431 4360 et
2460 4307 2603 4359 dabo
2633 4307 2830 4374 impios
2854 4321 2955 4373 pro
2985 4305 3269 4373 sepultura
3293 4307 3433 4374 ejus.

1858 4411 1915 4455 et
1944 4400 2147 4453 divites
2172 4414 2271 4467 pro
2294 4406 2473 4450 morte
2499 4398 2619 4465 ejus
2640 4413 2657 4460 ;
2678 4410 2746 4448 eo
2770 4396 2917 4463 quod
2950 4394 3298 4461 iniquitatem
3325 4412 3441 4452 non,

178 4491 415 4543 θανάτου
436 4508 451 4520 ·
508 4494 589 4545 ὄτι
639 4494 913 4563 ἁμαρτίαν
946 4496 1045 4547 οὐκ
1075 4496 1328 4564 ἐποίησεν
1349 4537 1363 4559 ,
1404 4496 1524 4548 οὐδὲ⁹
1556 4497 1757 4566 εὑρέθη

1868 4491 2073 4553 fecerit,
2105 4506 2284 4559 neque
2319 4488 2579 4542 inventus
2631 4488 2705 4540 sit
2737 4487 2897 4540 dolus
2947 4487 2999 4540 iu
3058 4502 3154 4539 ore
3187 4487 3357 4555 ejus‘.
3409 4506 3427 4536 ι

176 4584 324 4645 δόλος
375 4586 435 4636 ὲν
464 4584 542 4650 τῷ
586 4587 812 4655 στόματι
859 4588 1044 4641 αὐτοῦ.
1084 4607 1101 4637 ι
1127 4583 1275 4656 *Λρα
1302 4589 1401 4640 οὐκ
1435 4589 1757 4656 αἰσχύνεσθε

177 4673 402 4739 λοιπόν;
444 4675 550 4728 ἰδοὺ
585 4676 880 4743 προφανῶς
908 4679 1334 4747 ῄσχημονήσατε
1357 4695 1371 4710 ⁸
1424 4680 1614 4731 εἴπατε
1647 4680 1756 4749 γὰρ

174 4766 258 4819 ὅτι
312 4766 404 4817 διὰ
450 4767 512 4817 τὸ
555 4771 895 4836 παρανομεῖν
941 4768 1325 4837 ἐσταυρώσατε
1374 4771 1574 4833 αὐτὸν,
1632 4773 1661 4823 6
1697 4771 1753 4823 δὲ

174 4858 467 4926 προφήτης
500 4857 649 4923 λέγει
677 4859 759 4911 ὅτι
784 4859 1063 4927 ἁμαρτίαν
1092 4861 1193 4912 οὐκ
1219 4861 1463 4930 εποίησε.
1497 4862 1605 4912 Καὶ
1632 4862 1754 4913 ἐπεὶ

172 4948 352 5007 οὐδεὶς
372 4946 755 5015 ἀναμάρτητος
780 4951 829 5000 εί
856 4949 930 5016 μὴ
958 4948 1118 5015 μόνος
1142 4952 1170 5001 6
1191 4950 1343 5013 Θεὸς,
1372 4950 1528 5019 δῆλον
1553 4951 1634 5002 ὃτι
1658 4952 1751 5003 καὶ

174 5034 309 5093 Θεός
337 5034 486 5086 ἔστιν
515 5035 767 5103 ἀληθινὸς
794 5038 821 5088 6
848 5036 1180 5105 σταυρωθεὶς
1219 5037 1309 5104 ὑφ’
1343 5039 1497 5105 ὑμῶν
1520 5057 1533 5069 ·
1570 5038 1753 5108 ἀμαρ-

174 5126 297 5178 τίαν
327 5127 440 5195 γὰρ
468 5128 566 5178 οὐκ
594 5128 872 5197 ἐποίησεν,
904 5129 1024 5181 οὐδὲ
1054 5129 1251 5199 εὑρέθη
1280 5130 1426 5192 δόλος
1454 5132 1511 5182 ἐν
1535 5132 1611 5200 τῷ
1634 5132 1750 5184 στό-

178 5233 311 5284 ματι
362 5217 548 5272 αὑτοῦ.
580 5220 809 5288 Ἰδωμεν
839 5220 895 5271 δὲ
929 5220 982 5271 τί
1034 5222 1131 5273 καὶ
1172 5222 1221 5273 oi
1260 5221 1437 5275 λοιποὶ
1473 5225 1748 5293 προφῆται

177 5309 309 5377 περὶ
366 5307 463 5360 τοῦ
511 5309 781 5373 παθόντος
829 5312 1069 5380 Χριστοῦ
1105 5314 1262 5381 ἡμῶν
1305 5314 1594 5381 λέγουσιν·
1651 5316 1748 5367 ἐὰν

175 5396 251 5459 ὼς
300 5396 635 5467 κακοῦργον,
670 5399 704 5469 ἢ
738 5401 833 5453 ἐὰν
863 5402 936 5465 ὡς
968 5403 1175 5472 Κύριον
1199 5404 1361 5456 αὐτὸν
1387 5405 1708 5472 ὁμολογοῦσι
1731 5422 1744 5435 ο

176 5488 321 5556 τάχα
348 5487 458 5558 γὰρ
487 5489 551 5541 τὸ
574 5489 781 5559 πλῆθος
811 5492 919 5544 τῶν
947 5494 1240 5563 προφητῶν
1270 5495 1622 5563 ὲντρέπεσθε,
1655 5496 1747 5546 καὶ

178 5576 450 5647 φιμοῦσθε
491 5577 679 5632 λοιπὸν
710 5582 807 5634 τοῦ
835 5581 1016 5650 λέγειν
1047 5583 1189 5637 κατά
1215 5585 1456 5654 Χριστοῦ
1489 5585 1583 5638 καὶ
1609 5586 1745 5654 Χρι-

252 5716 273 5784 ¹ν
301 5752 479 5819 lsa.tt,
498 5751 553 5806 '5.
629 5752 770 5808 ’Job
797 5769 901 5819 xnv,
922 5754 974 5808 ~l.
1053 5756 1194 5809 ’isa.
1220 5771 1329 5819 Lm,
1348 5754 1401 5822 6,
1423 5756 1473 5809 7.

1858 4585 2000 4653 Ergo
2029 4598 2212 4636 nonne
2243 4582 2460 4635 tandem
2500 4595 2600 4633 vos
2646 4580 2858 4646 pudet?
2892 4594 2959 4632 en
2996 4578 3284 4633 manifeste
3310 4594 3433 4646 per-

1857 4688 2047 4728 sonam
2115 4672 2256 4725 male
2317 4670 2498 4739 agitis.
2581 4669 2756 4721 Dicite
2814 4667 2964 4720 enim
3024 4682 3123 4720 vos
3193 4675 3252 4719 ut
3297 4668 3443 4736 legis.

1855 4767 2179 4819 violatorem
2235 4760 2575 4816 cruciﬁxisse
2632 4775 2796 4827 quem
2857 4760 3124 4827 propheta
3157 4758 3293 4811 dicit
3321 4759 3429 4810 ini-

1854 4858 2118 4927 quitatem
2158 4870 2268 4908 non
2315 4854 2530 4907 fecisse.
2581 4852 2650 4905 Et
2684 4867 2809 4905 eum
2846 4865 3008 4904 nemo
3040 4850 3162 4903 sine
3205 4858 3435 4917 peccato

1858 4956 1942 5002 est
1979 4956 2178 5017 praeter
2213 4946 2390 4999 sohun
2432 4945 2629 5005 Deum,
2659 4942 2890 4995 evidens
2917 4948 3003 4993 est
3031 4940 3202 4993 Deum
3240 4954 3431 4992 verum

1857 5054 1978 5092 esse
2003 5053 2166 5106 quem
2195 5051 2293 5089 vos
2324 5034 2710 5093 crueilixistis;
2746 5032 3093 5099 iniquitatem
3122 5029 3270 5082 enim
3318 5043 3431 5085 non

1856 5128 2006 5191 fecit,
2041 5143 2218 5195 neque
2252 5126 2508 5178 inventus
2546 5131 2630 5175 est
2661 5123 2820 5174 dolus
2852 5121 2906 5172 in
2936 5135 3031 5173 ore
3060 5120 3199 5187 ejus.
3231 5116 3428 5169 Videa-

1856 5232 1981 5271 mus
2025 5227 2207 5271 autcm
2258 5214 2389 5283 quid
2446 5222 2706 5282 praeterea
2756 5210 3040 5280 prophetae
3092 5209 3159 5261 dc
3206 5206 3429 5261 Christo

1854 5318 2044 5362 nostro
2094 5321 2254 5375 passo
2296 5305 2520 5369 dicant;
2572 5313 2757 5355 utrum
2805 5313 3058 5369 tanquam
3108 5298 3425 5353 malefacto-

1854 5416 1992 5462 rem,
2020 5416 2089 5453 an
2115 5409 2373 5466 tanquam
2402 5395 2695 5450 Dominum
2745 5393 2992 5447 indicant
3034 5390 3228 5444 illum?
3272 5386 3425 5441 brevi

1849 5493 1997 5545 enim
2029 5489 2383 5544 multitudine
2406 5486 2799 5556 prophetarum
2826 5481 3205 5544 movebimini,
3224 5488 3281 5533 et
3304 5488 3425 5533 tan-

1851 5583 1974 5638 dem
2025 5595 2122 5635 vos
2168 5579 2399 5650 pudebit
2432 5585 2622 5633 contra
2658 5575 2937 5631 Christum
2975 5583 3032 5630 et
3074 5571 3419 5628 Christianos
