4190 6438
138 356 284 420 ιὲίὸ

137 470 298 536 ἡμῶν
350 468 575 537 γέγονεν
612 471 639 524 6
672 471 1056 543 ἀναμάρτητος

136 560 511 633 ἐλευθερώσῃ,
539 564 631 613 καὶ
661 563 803 632 ζωὴν
825 563 1039 615 αἰώνιον
1061 566 1353 635 χαρίσηται
1371 571 1478 627 τοῖς
1501 585 1655 619 πιστε
1667 569 1722 619 ύ-

135 670 292 704 ουσιν
330 655 409 716 εἰς
441 656 623 706 αὐτόν.
656 658 865 725 ’Ὠσπερ
897 657 1003 725 γὰρ
1040 660 1196 724 ὑμεῖς
1228 659 1279 709 οί
1318 658 1560 711 Ἰουδαῖοι
1592 661 1714 711 ἑπι-

144 744 343 794 στεύστ
359 761 409 794 τε
460 746 535 812 τῷ
567 745 687 811 ὄφει
720 745 797 812 τῷ
828 746 1014 813 χαλκῷ
1052 748 1385 815 κρεμαμένη»
1421 749 1513 799 ἐπὶ
1541 748 1720 812 ξύλου,

140 836 628 903 ἐπικατηραμένου
674 837 825 898 ὄντος
874 839 979 888 ἀπὸ
1029 840 1229 900 παντὸς
1263 840 1453 907 θηρίου
1517 833 1724 901 οὗτινος

140 926 310 975 εἰκὼν
344 930 576 995 παρεῖχε
608 930 720 988 τοῖς
748 930 1031 995 προγόνοις
1062 930 1216 996 ὑμῶν
1236 946 1248 957 ·
1304 929 1378 989 ὼς
1408 931 1512 995 γαρ
1546 932 1573 981 6
1603 931 1724 997 ὄφις

140 1016 165 1064 6
216 1016 295 1083 μὴ
340 1014 552 1067 δάκνων
584 1017 725 1086 ὑπὲρ
755 1018 863 1068 τῶν
889 1019 1195 1071 δακνόντων
1227 1020 1400 1086 ὄφεων
1434 1020 1577 1087 ζωὴν
1604 1020 1727 1088 ἐφε-

145 1123 275 1172 ρεν,
338 1107 482 1158 οὕτω
533 1111 627 1159 καὶ
681 1108 709 1159 6
754 1110 985 1177 Χριστὸς
1038 1111 1423 1179 ἀναμάρτητος
1471 1111 1547 1161 ὢν
1588 1112 1727 1178 ὑπὲρ

141 1196 499 1264 ἁμαρτωλῶν
532 1198 889 1267 κρεμασθεὶς,
920 1198 1063 1268 ζωὴν
1094 1199 1171 1269 τῷ
1197 1203 1385 1269 κόσμῳ
1411 1201 1727 1271 ἐχαρίσατο.

146 1288 258 1339 Καὶ
312 1289 445 1357 περὶ
492 1289 586 1341 τοῦ
628 1290 891 1341 σκοτάσαι
938 1289 1034 1359 τὴν
1069 1292 1283 1360 ἡμέραν
1316 1292 1534 1359 ἐκείνην
1565 1308 1729 1343 σταυ-

149 1382 422 1449 ρουμένου
458 1382 693 1451 Χριστοῦ
714 1422 727 1444 ,
777 1382 874 1434 καὶ
910 1385 1093 1453 φωνὴν
1123 1384 1287 1436 αὑτοῦ
1316 1385 1569 1451 ἀφιέντος
1602 1384 1730 1435 ὃταν

145 1470 475 1532 ἐξέπνευσεν
499 1510 513 1528 ,
568 1472 657 1522 καὶ
700 1471 977 1539 σεισθῆναι
1024 1473 1115 1525 τὸν
1156 1473 1384 1542 οὐρανὸν
1424 1474 1517 1526 καὶ
1552 1475 1730 1526 πᾶσαν

144 1563 243 1627 τὴν
272 1561 381 1627 γῆν
410 1560 497 1611 διὰ
524 1560 621 1629 τὴν
648 1561 852 1630 τόλμαν
873 1562 1080 1633 ταύτην
1106 1563 1214 1616 τῶν
1238 1562 1531 1625 Ἰουδαίων,
1551 1567 1578 1616 ὁ
1600 1582 1731 1633 προ·

146 1656 331 1721 ᾳήτης
359 1653 520 1722 Ὠσηὲ
547 1654 731 1719 λέγει·
776 1673 795 1705 ί
826 1655 1016 1717 ’Ἥλιος
1047 1657 1142 1706 καὶ
1172 1657 1203 1723 ἠ
1237 1655 1433 1724 σελήνη
1463 1656 1731 1708 συσκοτά-

386 1746 480 1797 κα¹ι
514 1746 563 1797 οἱ
595 1746 819 1812 ἀστέρες
852 1745 911 1797 ού
943 1745 1171 1798 δώσουσι
1201 1745 1261 1797 τὸ
1291 1745 1492 1813 φέγγος
1520 1746 1728 1797 αὐτῶν·

148 1836 174 1884 ὁ
203 1834 261 1884 δὲ
298 1834 503 1900 Κύριος
536 1836 599 1885 ὲκ
627 1833 764 1885 Σιὼν
795 1834 1196 1903 ἀνακρὰξεται,
1253 1837 1346 1888 καὶ
1386 1835 1731 1905 σεισθήσεται

145 1929 173 1979 ὁ
202 1925 261 1977 οἱ.
276 1925 438 1992 ρανὸς
468 1926 560 1977 καὶ
588 1927 618 1995 ἡ
646 1927 737 1994 γῆ.
778 1945 797 1975 ι

220 2016 335 2067 Καὶ
362 2015 390 2065 6
416 2015 577 2067 Δαϐὶδ
598 2015 764 2082 λέγει’
805 2034 822 2066 ι
868 2016 1075 2067 Ἔδωκε
1106 2015 1292 2084 φωνὴν
1313 2015 1479 2067 αὑτοῦ
1511 2016 1539 2067 6
1569 2015 1734 2082 ’Υψι-

152 2124 300 2168 στος,
338 2105 605 2174 ἐσαλεύθη
637 2107 669 2175 ἡ
703 2106 792 2173 γῆ.
828 2124 845 2154 ι
890 2107 1018 2158 Ἰδοὺ
1050 2107 1143 2158 καὶ¹
1173 2107 1325 2158 αὐτοὶ
1370 2108 1571 2176 Κύριον
1616 2107 1732 2175 i335:-

153 2216 279 2250 στἰν
342 2196 436 2249 τὸν
481 2197 895 2267 ἐσταυρωμένον
934 2196 1280 2266 ὀνομάζουσι.
1313 2200 1423 2250 Καὶ
1462 2197 1735 2266 Ζαχαρίας

147 2293 174 2342 6
208 2292 500 2361 προφήτης
528 2291 712 2358 λέγει·
756 2308 773 2339 t
811 2290 918 2342 Καὶ
945 2289 1069 2358 ἥξει
1126 2289 1330 2360 Κύριος
1361 2292 1388 2341 6
1426 2290 1557 2351 Θεὸς
1590 2330 1604 2353 ,
1642 2290 1735 2341 καὶ

150 2384 359 2445 πάντες
387 2384 437 2435 οἱ
463 2383 605 2450 ἆγιοι
650 2383 764 2450 μετ’
793 2381 978 2435 αὐτοῦ·
1023 2381 1117 2435 κα)⁵
1150 2384 1208 2434 ἐν
1238 2385 1302 2450 τῇ
1335 2383 1517 2451 ἡμέρᾳ
1554 2382 1738 2452 ἐκείνῃ

150 2479 251 2528 οὐκ
290 2476 444 2526 ἔσται
480 2475 615 2542 φῶς,
657 2475 748 2527 καὶ
775 2475 871 2543 οὐχ
912 2475 1113 2545 ἡμέρα,
1151 2475 1274 2542 ουχὶ
1302 2474 1428 2540 νὺξ,
1474 2475 1567 2526 καὶ
1603 2474 1737 2543 πρὸς

151 2570 398 2638 ἑσπέραν
451 2570 602 2620 ἔσται
656 2567 793 2635 φῶς,
824 2568 917 2618 καὶ
947 2569 1133 2635 ἡμέρα
1163 2566 1349 2633 ἐκείνη
1398 2564 1615 2634 γνωστὴ
1661 2564 1738 2633 τῷ

148 1763 345 1807 σοσσι,

156 2660 372 2729 Κυρίῳ.
420 2677 439 2708 ι
491 2659 621 2710 Ἀπὸ
665 2659 773 2727 γὰρ
803 2657 950 2726 ὥρας
979 2656 1145 2726 ἕκτης
1173 2658 1274 2718 ’έως
1317 2655 1463 2722 ὥρας
1512 2656 1738 2723 ἐννάῖης

158 2749 351 2808 σκότος
386 2746 605 2812 ἐγένετο
638 2748 730 2799 ἐπὶ
765 2748 943 2797 πᾶσαν
993 2745 1091 2814 τὴν
1152 2745 1263 2813 γῆν.
1314 2744 1444 2795 Ἰδοὺ
1497 2744 1591 2794 καὶ
1635 2742 1739 2794 Ζαο

158 2837 358 2905 χαρίεις
402 2835 604 2906 Κύριον
640 2837 734 2888 καὶ
769 2836 900 2886 θεὸν
928 2836 1017 2886 τὸν
1048 2833 1432 2902 σταυρωθέντα
1461 2834 1736 2903 ὠνόμασε.

160 2929 271 2980 Καὶ
320 2929 417 2978 ἐὰν
460 2927 558 2994 μὲν
600 2927 787 2993 εἴπητε
827 2928 907 2978 ὅτι
947 2926 1120 2977 ταῦτα
1152 2927 1281 2994 περὶ
1322 2924 1417 2976 τοῦ
1470 2926 1737 2993 εἰλημμέ-

159 3034 254 3067 ve)
321 3013 477 3083 ὑμῶν
537 3014 814 3081 λέγουσιν’
884 3016 1015 3066 Ἰδοῦ
1070 3015 1257 3065 λοιπὸν
1312 3014 1405 3065 καὶ
1453 3014 1608 3083 ὑμεῖς
1663 3016 1739 3076 εἰς

160 3105 453 3174 ἄνθρωπον
532 3107 790 3173 μέλλοντα
854 3104 1242 3174 σταυρωθῆναι
1307 3105 1381 3165 ὡς
1451 3105 1741 3157 κατάδικον

331 3213 446 3247 ετε·
506 3197 616 3248 ἀλλ’
661 3198 759 3248 οὐκ
824 3196 970 3247 ἔστιν
1019 3196 1178 3258 ἄλλος
1220 3196 1248 3246 6
1305 3195 1739 3264 προφητευθεῖς,

163 3198 326 3260 ἐλπίς

165 3294 213 3343 εἰ
262 3294 337 3361 μὴ
371 3294 399 3342 6
434 3290 632 3358 Κύριος
678 3289 834 3359 ἡμῶν
878 3289 1085 3358 Ἰησοῦς
1129 3289 1363 3359 Χριστὸς
1412 3292 1439 3341 6
1474 3290 1600 3349 Υἱὸς
1649 3287 1742 3338 τοῦ

166 3385 325 3440 Θεοῦ.
356 3385 387 3434 6
414 3384 478 3433 ὲκ
508 3382 616 3432 τῶν
638 3383 880 3450 οὐρανῶν
911 3379 1207 3445 κατελθὼν,
1239 3382 1326 3431 καὶ
1361 3382 1659 3451 σαρκωθεὶς
1681 3382 1745 3432 ἐκ

173 3474 491 3542 Ιινεύματος
532 3474 684 3539 ἁγίου
724 3475 787 3523 ὲκ
818 3473 915 3542 τῆς
964 3472 1325 3541 ἁειπαρθένου
1380 3472 1621 3541 Μαρίας,
1656 3472 1747 3524 καὶ

170 3564 346 3617 ταῦτα
390 3562 576 3615 παθὼν
616 3562 702 3614 διὰ
746 3562 845 3631 τὴν
879 3562 972 3614 τοῦ
1020 3562 1228 3631 κόσμου
1266 3564 1557 3631 σωτηρίαν,
1615 3561 1747 3615 καθ-

174 3655 320 3723 άπερ
354 3652 787 3722 προηγγείλαντο
807 3669 869 3705 πε
882 3653 934 3721 pl.
954 3652 1117 3704 αὑτοῦ
1142 3655 1193 3704 oi
1215 3656 1511 3722 προφῆται,
1535 3654 1609 3716 ὡς
1634 3656 1749 3707 δια-

174 3746 460 3814 λεχθέντες
485 3745 583 3805 τὰς
612 3744 739 3811 περὶ
779 3743 1016 3812 Χριστοῦ
1056 3742 1363 3811 μαρτυρίας
1391 3760 1449 3794 τε
1490 3745 1583 3795 καὶ
1616 3760 1745 3812 προσ

176 3837 408 3907 φητείας
437 3832 616 3887 αὐτῶν
655 3834 1071 3902 παρηγάγομεν.
1122 3835 1229 3885 Καὶ
1266 3834 1395 3901 περὶ
1422 3834 1516 3885 τοῦ
1546 3835 1749 3900 ἀναλη-

176 3928 380 3994 φθῆναι
409 3924 571 3979 αὐτὸν
602 3926 659 3975 ὲν
681 3926 793 3985 τοῖς
814 3924 1063 3992 οὐρανοῖς
1090 3922 1185 3973 καὶ
1223 3922 1444 3974 καθίσαι
1470 3924 1533 3973 ὲκ
1560 3922 1751 3984 δεξιῶν

180 4018 270 4069 τοῦ
303 4014 465 4079 Θεοῦ,
499 4015 592 4067 καὶ
635 4013 769 4083 πρὸς
803 4013 1082 4082 Ζαχαρίαν
1106 4009 1281 4063 εἶπεν*
1331 4029 1350 4062 ι
1400 4013 1486 4063 Ἐν
1519 4014 1584 4080 τῇ
1616 4010 1753 4079 ἡμέ-

182 4127 250 4179 ρᾳ
284 4107 473 4177 ἐκείνῃ
502 4106 784 4174 στήσονται
814 4105 862 4155 οί
894 4103 1053 4165 πόδες
1074 4103 1280 4173 Κυρίου
1313 4103 1393 4164 είς
1414 4102 1472 4153 τὸ
1499 4102 1622 4171 ὅρος
1646 4101 1753 4152 τῶν

180 4198 381 4253 ἐλαιῶν
409 4199 471 4247 τὸ
500 4196 786 4247 κατέναντι
831 4193 1182 4263 Ἰερουσαλὴμ
1230 4194 1370 4245 κατὰ
1416 4192 1698 4252 ἀνατολάς.
1728 4208 1748 4241 ι

181 4294 290 4344 Καὶ
333 4287 638 4357 Ψαλμῳὸὸς
686 4286 854 4351 λέγει’
889 4302 907 4333 ι
950 4283 1155 4352 Ἐπέϐη
1190 4284 1283 4335 ἐπὶ
1316 4283 1621 4352 Χερουϐὶμ,
1662 4283 1754 4334 καὶ

182 4381 463 4449 ὲπετὰσθη
503 4379 595 4432 ἐπὶ
635 4377 918 4446 πτερύγων
952 4377 1188 4445 ἀνέμωνι
1215 4375 1309 4428 καὶ
1340 4376 1511 4445 ἀνέϐη
1541 4375 1673 4437 Θεὸς
1700 4377 1757 4427 ἐν

1154 364 1607 427 DlSPUTATlO
1645 370 2043 430 ADVERSUS
2082 371 2409 437 JUDEOS.

1088 514 1101 535 ,
1161 477 1246 527 ἵνα
1294 477 1537 546 κατάρας
1576 479 1721 545 ἡμᾶς

1842 480 1917 548 lui
1948 482 2067 536 sine
2120 493 2344 551 peccato
2389 492 2529 546 erat,
2578 492 2638 539 ut
2671 483 2961 539 maledicta
3010 492 3195 537 nostra
3222 484 3400 538 solve-

3261 374 3400 439 1216

1826 578 1929 632 ret,
1984 578 2039 624 et
2082 572 2249 625 vitam
2299 581 2562 627 :cternam
2617 575 2911 645 largiretur
2966 574 3320 627 credentibus
3350 576 3400 626 in

1823 678 1971 715 emn.
2020 662 2090 716 Ut
2145 665 2316 727 enim,
2377 681 2475 718 vos
2520 667 2717 729 Juda-i,
2782 667 3100 719 credidistis
3160 667 3402 733 serpenti

1823 768 1976 806 teneo
2030 755 2290 821 pendenti
2327 757 2378 809 in
2411 756 2579 825 ligno,
2635 758 2728 826 qui
2775 753 3108 811 inalcdietus
3142 774 3255 826 pra:
3284 773 3405 809 om-

1829 842 1995 896 nibus
2024 846 2243 897 caeteris
2291 846 2484 899 bestiis
2516 848 2730 914 signum
2762 847 3041 915 prazbebat
3079 849 3278 900 vestris
3309 863 3375 915 pa

1827 933 2026 996 tribus,
2060 944 2247 1003 utpote
2293 951 2400 987 non
2440 935 2699 989 mordens
2726 934 2826 989 hic
2855 951 3082 1004 serpens
3118 951 3227 1002 prae
3260 950 3407 987 mor-

1827 1025 2088 1079 dentibus
2129 1027 2481 1095 serpentibus
2521 1027 2685 1079 vitam
2716 1027 3014 1089 alfcrcbat,
3057 1027 3131 1079 ita
3162 1034 3214 1079 et
3245 1025 3405 1078 Chri-

1828 1127 1967 1180 stus,
2024 1136 2148 1172 cum
2204 1119 2321 1171 sine
2380 1128 2603 1186 peccato
2657 1127 2823 1177 esset,
2883 1133 2980 1186 pro
3025 1117 3410 1186 peccatoribus

1829 1225 2149 1277 suspensus,
2208 1209 2375 1262 vitam
2434 1208 2639 1261 mundo
2675 1210 2902 1277 largitus
2953 1218 3059 1262 est.
3126 1208 3191 1261 Et
3232 1208 3300 1261 de
3326 1214 3410 1259 te-

1830 1301 2019 1353 nebris
2064 1300 2173 1353 dici
2223 1301 2385 1352 istius
2420 1302 2474 1352 in
2506 1316 2617 1366 quo
2662 1301 2960 1353 cruciﬁxus
2996 1308 3080 1352 est
3131 1299 3406 1356 Christus.

1828 1402 1885 1445 et
1926 1393 1995 1446 de
2035 1407 2169 1444 voce
2222 1406 2386 1459 quam
2436 1392 2625 1444 emisit
2675 1390 2804 1443 dum
2858 1389 3186 1457 exspiraret,
3238 1399 3288 1443 et
3342 1391 3410 1442 de

1832 1494 2073 1537 tremore
2117 1483 2242 1536 εωιί
2295 1491 2351 1536 et
2410 1493 2568 1536 terra:
2620 1482 2789 1535 totius
2842 1490 3069 1549 preptcr
3127 1479 3269 1533 hanc
3318 1480 3412 1534 Ju-

1831 1575 2075 1628 dmorum
2113 1573 2419 1636 audaciam,
2457 1574 2723 1643 propheta
2780 1571 2920 1628 Osce
2953 1572 3132 1627 dicit:
3171 1590 3190 1623 ‹
3223 1571 3312 1626 Sol
3355 1583 3412 1626 et

1833 1667 1961 1719 luna
2009 1667 2481 1727 obscurabuntur,
2526 1674 2583 1718 et
2622 1666 2797 1719 stella:
2842 1680 2951 1717 non
2990 1665 3198 1717 dabunt
3226 1664 3413 1718 lumen

1834 1774 2020 1820 suum;
2071 1757 2337 1810 Dominus
2380 1767 2564 1808 autem
2605 1770 2669 1808 ex
2703 1754 2835 1808 Sion
2883 1755 3161 1819 clamabit,
3206 1762 3261 1809 et
3292 1770 3412 1809 mo-

1834 1846 2055 1901 vebitur
2099 1845 2299 1898 cmlum
2356 1851 2412 1896 et
2466 1851 2611 1896 terra
2648 1842 2710 1895 ⁸³.
2753 1860 2806 1915 »ε

1905 2024 2077 2081 David
2125 2041 2347 2093 quoque
2379 2024 2517 2080 dicit
2553 2042 2569 2097 ξ
2608 2044 2626 2075 ‹
2662 2024 2819 2077 Dedit
2847 2039 3036 2077 vocem
3072 2036 3227 2075 suam
3251 2020 3419 2074 Altis-

1836 2119 2030 2179 simus,
2063 2127 2332 2171 commota
2370 2125 2452 2169 est
2481 2126 2626 2169 terra
2658 2116 2699 2146 ιδ
2728 2135 2746 2165 ι
2786 2117 2862 2168 En
2895 2124 2951 2169 et
2991 2115 3091 2182 ipsi
3123 2112 3415 2165 Dominum

1838 2210 2165 2263 altissimum
2210 2209 2358 2261 hunc
2392 2208 2718 2259 cruciﬁxum
2761 2215 2982 2259 vocant.
3027 2205 3095 2257 Et
3124 2202 3418 2256 Zacharias

1838 2298 2111 2366 propheta
2147 2296 2323 2349 dicit:
2354 2316 2371 2347 ι
2410 2295 2605 2349 Veniet
2642 2296 2907 2348 Dominus
2943 2295 3110 2356 Deus,
3147 2302 3202 2345 et
3225 2306 3419 2345 omnes

1839 2389 2013 2443 sancti
2064 2404 2187 2441 cum
2232 2402 2331 2453 eo;
2361 2387 2498 2440 etin
2532 2386 2619 2440 die
2670 2388 2765 2439 illa
2813 2403 2923 2439 non
2975 2385 3082 2439 erit
3119 2385 3331 2445 lumen,
3362 2391 3420 2437 et

1840 2493 1949 2529 non
2006 2477 2113 2529 erit
2163 2476 2283 2529 dies
2336 2492 2515 2544 neque
2574 2493 2704 2537 nox,
2764 2484 2820 2529 et
2866 2477 2931 2530 ad
2970 2490 3254 2544 vesperam
3312 2475 3421 2527 erit

1842 2568 2049 2631 lumen,
2104 2576 2160 2621 et
2200 2567 2321 2620 dies
2368 2567 2458 2619 illa
2512 2578 2640 2622 nota
2684 2568 2912 2621 Domino
2962 2569 3022 2620 ¹⁶.
3065 2586 3082 2617 ι
3151 2567 3233 2621 Ab
3284 2567 3421 2619 hora

1841 2659 1989 2713 enim
2037 2666 2185 2712 sexta
2228 2658 2293 2711 ad
2352 2658 2543 2710 horam
2579 2675 2777 2711 nonam
2823 2657 3062 2712 tem-bra:
3111 2658 3263 2711 facta:
3295 2664 3423 2709 sunt

1843 2752 1898 2805 in
1932 2752 2242 2803 universam
2266 2757 2489 2803 terram.
2521 2749 2821 2802 Zacharias
2851 2751 3138 2803 Dominum
3167 2759 3218 2802 et
3248 2750 3420 2802 Deum

1844 2842 2167 2896 cruciﬁxum
2198 2840 2513 2908 appellavit.
2540 2840 2694 2904 Quod
2718 2841 2761 2894 si
2790 2841 2977 2894 dicitis
3000 2841 3118 2895 haec
3141 2840 3209 2895 de
3235 2850 3424 2893 vestro

1845 2929 2037 2983 Messia
2085 2929 2218 2989 dici,
2260 2944 2387 2982 ecce
2434 2928 2655 2983 demum
2693 2936 2752 2982 et
2776 2945 2873 2982 vos
2900 2929 2953 2981 in
2986 2928 3264 2982 hominem
3293 2943 3423 2982 cru-

1846 3020 2177 3088 ciﬁgendum
2227 3030 2287 3074 ut
2329 3021 2734 3073 malefactorem
2767 3020 3028 3088 speratis.
3062 3019 3167 3073 Sed
3198 3035 3305 3072 non
3342 3028 3427 3073 est

1791 3137 1811 3190 ι
1846 3112 1988 3164 alius
2014 3111 2106 3178 qui
2142 3110 2439 3178 praedictus
2472 3117 2555 3162 est
2601 3126 2629 3161 a
2679 3109 2988 3177 prophetis,
3020 3107 3125 3161 nisi
3161 3105 3428 3161 Dominus

1846 3211 2035 3254 noster
2076 3201 2237 3254 Iesus
2282 3200 2537 3252 Christus
2597 3199 2772 3252 Filius
2820 3199 2941 3262 Dei,
2991 3198 3087 3266 qui
3143 3197 3429 3251 descendit

1845 3294 1912 3345 de
1953 3292 2127 3353 cadis,
2174 3298 2231 3344 et
2282 3291 2599 3343 incarnatus
2639 3298 2725 3343 est
2763 3290 2829 3343 de
2890 3289 3099 3358 Spiritu
3146 3298 3334 3342 sancto
3361 3303 3430 3342 ex

1847 3383 2013 3437 Maria
2061 3382 2306 3450 Virgine,
2343 3389 2397 3432 et
2444 3380 2561 3433 haec
2608 3394 2802 3448 passus
2841 3388 2925 3433 est
2974 3388 3202 3447 propter
3236 3378 3427 3432 mundi

1846 3476 2108 3537 salutem,
2166 3482 2226 3525 ut
2285 3472 2791 3541 przenuntiaverant
2844 3471 2912 3524 de
2975 3471 3069 3546 illo
3123 3472 3426 3540 prophetat,

1848 3568 1923 3619 uti
1984 3567 2317 3618 disserentes
2374 3563 2683 3616 testimonia
2744 3562 2812 3615 de
2879 3562 3102 3616 Christo
3174 3571 3231 3617 et
3299 3580 3429 3632 pro-

1847 3658 2062 3727 phetias
2106 3656 2483 3725 produximus.
2519 3655 2585 3707 Et
2617 3656 2685 3707 de
2735 3654 2884 3708 illius
2929 3654 2981 3707 in
3024 3657 3198 3709 celos
3233 3671 3427 3709 ascen-

1850 3746 2005 3800 sione
2062 3753 2120 3798 et
2162 3746 2407 3798 sessione
2475 3743 2542 3797 ad
2590 3743 2873 3797 dexteram
2925 3745 3046 3807 Dei,
3102 3762 3131 3799 a
3166 3745 3430 3800 Zacharia

1851 3836 2056 3889 dicitur
2089 3853 2101 3887 :
2135 3854 2152 3885 ι
2189 3835 2244 3888 1η
2276 3834 2365 3887 illa
2391 3834 2477 3887 die
2503 3834 2726 3887 stabunt
2752 3834 2919 3903 pedes
2943 3835 3157 3889 Domini
3188 3835 3240 3888 in
3270 3852 3431 3889 mon-

1854 3935 1962 3980 tem
1990 3910 2266 3980 Olivarum
2295 3925 2559 3979 adversus
2587 3924 2889 3979 Jerusalem
2908 3925 2974 3979 ad
3002 3924 3282 3979 Orientem
3317 3927 3381 3980 “.
3408 3947 3425 3978 ι

1854 4019 1922 4071 Et
1958 4017 2240 4070 Psalmista
2275 4017 2410 4069 dicit
2444 4034 2458 4069 :
2498 4034 2516 4065 ι
2542 4016 2807 4069 Ascendit
2846 4033 3012 4086 super
3041 4017 3340 4071 Cherubim
3376 4027 3433 4072 et

1854 4107 2061 4159 volavit
2113 4121 2280 4174 super
2322 4121 2532 4174 pennas
2562 4114 2887 4169 ventorum;
2925 4115 2979 4159 et
3018 4105 3265 4159 ascendit
3290 4107 3433 4160 Deus

1856 4196 1911 4250 in
1949 4212 2082 4250 voce
2130 4196 2275 4249 tuba:
2311 4196 2376 4249 ³⁷.
2419 4214 2436 4246 ι
2484 4196 2589 4249 Et:
2641 4213 2658 4245 ι
2691 4195 2836 4249 Dixit
2886 4196 3151 4249 Dominus
3202 4195 3432 4248 Domina

1858 4302 1979 4339 meo
2012 4302 2025 4338 :
2068 4284 2207 4338 Sede
2241 4300 2271 4337 a
2321 4283 2529 4337 dextris
2563 4284 2702 4337 meis
2750 4284 2816 4348 ¹⁶,
2849 4303 2866 4334 ι
2901 4292 2956 4337 et
2988 4284 3135 4352 quod
3162 4284 3431 4352 sequitur.

1858 4374 2014 4441 Quod
2046 4384 2228 4428 autem
2264 4372 2514 4428 ascendit
2539 4371 2674 4442 quid
2703 4381 2807 4439 est,
2840 4360 2946 4427 nisi
2976 4373 3122 4443 quod
3152 4373 3435 4428 descendit

183 4470 540 4540 ἁλα).αγμῷ·›
565 4469 707 4522 καίοι
736 4464 899 4520 Εἶπεν
918 4468 947 4519 ὁ
971 4466 1168 4535 Κύριος
1184 4466 1260 4535 τῷ
1280 4466 1470 4537 Κυρίῳ
1489 4484 1588 4535 μου
1610 4483 1623 4496 ⁸
1645 4466 1757 4519 Κά-
1784 4457 1835 4514 D
1863 4468 2055 4537 prius?

184 4564 277 4617 θου
305 4566 373 4615 ἐκ
389 4560 575 4624 δεξιῶν
594 4577 717 4628 μου,
744 4577 762 4609 ι
795 4559 963 4610 καὶλτὰ
988 4558 1228 4627 ὲξῆςζΐὸ
1248 4557 1305 4608 δὲ
1328 4557 1498 4627 ἀνέϐη
1517 4557 1568 4608 τί
1586 4558 1754 4623 ἐστιν,

185 4658 230 4706 εἰ
270 4654 347 4721 μὴ
380 4654 462 4703 ὅτι
493 4649 696 4717 κατέὸη
727 4647 1021 4718 πρότερονς

259 4743 455 4809 Ὅμως
480 4741 574 4791 σὺν
606 4741 740 4790 πᾶσι
769 4738 878 4798 τοῖς
902 4735 1164 4804 ῥηθεῖσιν,
1196 4732 1255 4785 ού
1281 4733 1587 4803 προφήτας,
1621 4733 1758 4786 ἀλλὰ

185 4835 279 4886 καὶ
338 4831 623 4899 μάρτυρας
680 4827 808 4896 ύμῖν
856 4826 1031 4886 ἄλλως
1082 4823 1530 4893 προϐαλλόμεθα,
1561 4824 1758 4886 οἵτινες

190 4917 687 4991 παρηκολούθησαν
718 4917 816 4984 τὴν
850 4915 939 4968 τοῦ
980 4913 1217 4983 Χριστοῦ
1265 4914 1525 4984 ἐνσαρκον
1556 4930 1765 4984 παρου-

190 5015 335 5067 σίαν.
379 5010 488 5063 Καὶ
514 5009 623 5079 γὰρ
665 5010 759 5060 καὶ
792 5011 951 5077 ἡμεῖς
993 5008 1134 5075 ἆξιτερ
1173 5007 1438 5077 μέλλομεν
1470 5007 1672 5073 λέγειν,
1707 5007 1768 5062 ὲν

190 5102 589 5169 ὑπομνήμασιν
645 5097 816 5168 ἔχετε
860 5099 907 5149 οἱ
949 5097 1057 5165 γὰρ
1102 5098 1335 5166 πατέρες
1366 5097 1517 5166 ὑμῶν
1550 5098 1599 5149 οἱ
1638 5097 1767 5151 τότε

189 5194 310 5245 λίαν
338 5189 687 5259 ἡττηθέντες,
724 5187 819 5239 καὶ
855 5190 953 5255 τὴν
996 5185 1165 5257 ἧτταν
1206 5188 1285 5249 είς
1326 5190 1480 5256 νίκην
1512 5187 1767 5257 ἀνίκητον

191 5281 644 5349 ἀνακαλούμενοι,
668 5279 955 5331 ἐκέλευσαν
983 5279 1183 5348 μηδένα
1208 5280 1315 5329 τῶν
1333 5280 1599 5331 Ἰουδαίων
1630 5298 1767 5333 κατ-

193 5379 343 5445 έχειν
400 5374 539 5425 αὑτά
573 5371 863 5439 ἐγγράφως
906 5362 975 5421 τιᾶ
1019 5371 1166 5438 παρὰ
1210 5369 1302 5421 τοῦ
1352 5370 1585 5440 Χριστοῦ
1628 5388 1769 5441 πραο

194 5466 348 5526 κτέα,
381 5465 413 5533 ἢ
458 5463 592 5525 ὅλως
640 5461 820 5528 ζητεῖν
850 5460 882 5530 ἢ
912 5458 1330 5528 ἀναγινώσκειν,
1377 5461 1463 5512 ἵνα
1497 5461 1571 5529 μὴ
1601 5462 1632 5530 ἡ
1676 5479 1767 5530 (pt-

193 5556 420 5609 λοπονία
469 5556 583 5613 τοῖς
626 5552 837 5614 πολλοῖς
870 5551 1070 5620 γνῶσιν
1117 5552 1390 5624 παράσχῃ
1424 5550 1537 5605 ἀλλ’
1568 5552 1768 5604 εἰδόσιν

269 5669 311 5698 ’³
351 5667 467 5721 Jocl
509 5682 566 5732 u,
612 5665 693 5720 10.

193 5754 297 5800 Cu,
349 5740 394 5791 l.

806 5665 850 5698 ⁸⁸
888 5665 1029 5720 Psal.
1071 5682 1210 5723 κατι.
1251 5666 1301 5719 ί.

1420 5667 1461 5699 ¹⁸
1501 5665 1723 5720 Zachar.
1768 5684 1871 5730 κη’,
1907 5668 1957 5720 5.

1934 4742 2136 4796 Verum
2166 4742 2233 4795 ad
2280 4742 2396 4797 hrcc
2428 4757 2550 4811 qua:
2578 4740 2838 4802 diximus,
2865 4758 2971 4794 non
3002 4742 3317 4810 prophetas,
3342 4740 3437 4794 sed

1865 4832 2001 4885 alios
2022 4832 2178 4885 vobis
2200 4841 2368 4885 testes
2394 4831 2742 4901 proferimus,
2772 4835 2866 4901 qui
2886 4833 3058 4887 secuti
3085 4844 3212 4888 sunt
3235 4832 3436 4886 Chriin

1866 4921 2158 4975 adventum
2200 4924 2254 4974 in
2306 4937 2491 4975 carne.
2547 4923 2764 4976 Etenim
2814 4939 2935 4990 quae
2989 4939 3089 4976 nos
3127 4924 3310 4975 dicere
3342 4923 3408 4974 de

1868 5015 2081 5074 bemus,
2109 5012 2162 5065 in
2185 5014 2594 5067 eonunentariis
2620 5014 2862 5077 habetis;
2887 5023 3070 5081 patres
3096 5014 3242 5067 enim
3274 5015 3438 5065 vestri

1868 5113 1999 5156 tunc
2045 5105 2272 5156 omnino
2318 5104 2600 5171 prostrati,
2652 5105 2746 5156 sed
2796 5106 3006 5157 cladem
3044 5105 3097 5156 in
3152 5105 3439 5156 victoriam

1871 5193 2130 5245 invictam
2186 5203 2399 5246 mutare
2450 5196 2758 5262 cupientes,
2804 5196 3085 5264 jusserunt
3127 5194 3439 5247 .ludzeorum

1869 5284 2144 5337 neminem
2197 5285 2513 5354 conscripta
2565 5286 2767 5339 habere
2823 5303 2851 5337 a
2890 5286 3110 5339 Christo
3143 5294 3317 5353 gesta,
3350 5296 3443 5336 aut

1869 5376 2093 5427 omnino
2139 5390 2387 5442 quaerere
2423 5377 2507 5429 vel
2559 5376 2759 5443 legere,
2814 5391 2881 5427 ne
2930 5375 3213 5442 diligentia
3255 5373 3442 5426 multis

1869 5464 2118 5519 notitiam
2150 5465 2391 5518 aderret.
2422 5466 2620 5518 Verum
2664 5465 2965 5518 scientibus
3006 5464 3161 5517 vobis
3208 5464 3325 5516 htec
3354 5462 3442 5515 di-

1868 5558 2062 5621 cimus,
2106 5557 2355 5624 qnatnvis
2401 5556 2679 5609 occultare
2718 5556 3006 5608 veritatem
3041 5554 3109 5607 de
3146 5568 3296 5606 more
3345 5567 3443 5606 eo-

2076 5671 2118 5700 ¹⁸
2159 5670 2291 5722 ibid.
2338 5670 2377 5720 ῑ.
2491 5670 2529 5698 ¹⁷
2574 5670 2613 5722 ll
2671 5669 2800 5737 llcg.
2844 5684 2968 5727 xw,
3029 5665 3111 5718 ll.
3221 5665 3263 5695 “
3304 5664 3444 5718 Psal.
