4190 6438
753 325 884 386 1267

1946 331 2006 390 S.
2049 329 2451 391 ANASTASII
2492 332 2820 392 SINAITJi

3882 330 4016 396 1243

744 434 969 503 gaiuini.
1022 435 1217 492 Nonne
1248 453 1278 493 e
1318 438 1543 493 Perside
1575 438 1633 494 in
1662 440 2006 495 Palmstinam
2038 442 2327 496 devenisse

2434 444 2559 513 ὑμῖν
2602 443 2771 497 ταῦτα
2817 444 3069 514 λέγομεν,
3103 444 3211 497 κᾶν
3235 443 3457 514 κρύϐειν
3486 442 3586 514 τὴν
3612 443 3877 513 ἀλήθειαν
3912 448 4017 497 ὑπὸ

744 525 928 595 Magos
973 528 1262 583 audivistis
1289 528 1479 583 divino
1507 532 1680 585 stellze
1717 532 1945 584 oraculo
1979 531 2197 594 ductos,
2231 533 2325 601 qui

742 617 1023 672 Christum
1050 620 1347 677 adorantes
1376 623 1519 676 dona
1566 625 1946 693 protulerunt?
1971 639 2095 676 cum
2124 624 2328 692 quibus

748 708 912 761 vestri
960 711 1312 765 sacerdotum
1347 714 1628 783 principes
1669 715 1738 766 ab
1777 714 1991 767 llerode
2029 724 2159 768 tunc
2198 733 2325 784 rege

747 798 1069 869 interrogati
1099 820 1110 854 :
1148 804 1343 866 Dicite,
1380 805 1472 859 ubi
1506 805 1759 859 Christus
1788 806 2065 859 nascitur?
2094 822 2322 874 respon-

746 888 984 944 derunt:
1020 892 1077 945 In
1115 892 1393 946 Bethleem
1418 896 1641 949 civitate
1678 894 1899 960 .ludane,
1948 905 2007 947 ut
2040 897 2324 964 propheta:

745 986 967 1051 dicunt;
1023 988 1096 1041 ita
1150 997 1212 1039 ut
1270 988 1533 1051 llerodes,
1594 988 1799 1040 invidia
1841 987 2117 1040 nascentis
2155 986 2322 1052 regis,

748 1088 957 1131 tantum
1016 1096 1315 1147 puerorum
1371 1079 1706 1131 occisionem
1774 1079 2019 1146 jusserit.
2083 1078 2323 1131 Joannes

750 1168 990 1237 Baptista
1033 1186 1216 1223 nonne
1260 1186 1326 1223 ex
1364 1170 1568 1223 Jiiiheis
1605 1170 1817 1221 oritur?
1871 1171 1937 1220 ad
1993 1185 2157 1237 quem
2192 1179 2323 1222 tunc

748 1262 1020 1313 miserunt
1063 1262 1231 1314 vestri
1270 1270 1450 1329 patres
1499 1262 1901 1329 interrogantes
1960 1269 2146 1313 utrum
2181 1273 2324 1315 esset

746 1350 1019 1414 Christus,
1047 1362 1100 1405 et
1126 1353 1265 1405 dixit
1295 1369 1307 1404 :
1341 1370 1358 1401 ι
1396 1353 1512 1405 Non
1539 1369 1659 1405 smn
1681 1368 1813 1419 ego;
1858 1372 1875 1401 ι
1905 1353 1997 1404 se-l
2032 1354 2329 1406 ostendens

750 1441 858 1493 illis
889 1442 1168 1494 Christum
1209 1442 1347 1495 dixit
1377 1459 1388 1493 :
1429 1461 1445 1491 ι
1478 1442 1578 1494 llic
1614 1452 1698 1494 est
1727 1459 1901 1508 agnus
1936 1442 2029 1493 Dei
2063 1443 2157 1509 qui
2187 1442 2329 1494 tollit

750 1540 1035 1599 peccatmn
1075 1532 1266 1584 mundi
1314 1534 1377 1584 ".
1414 1551 1431 1581 ν

2434 536 2535 602 τῆς
2562 536 2853 603 συνηθείας
2881 535 3279 602 ἀναγκάζεσθε·
3325 538 3451 597 τοὺς
3480 535 3586 587 ἀπὸ
3626 536 3723 603 τῆς
3757 537 4017 605 Περσίδος

2436 624 2530 674 ἐπὶ
2560 626 2659 691 τὴν
2696 624 3060 694 Παλαιστίνην
3089 626 3432 695 περάσαντας
3468 626 3683 691 Μάγους
3711 626 3810 676 οὐκ
3854 629 3926 689 ἡκ
3965 626 4018 676 i3-

2437 730 2564 765 σατε
2590 717 2653 767 ἐκ
2680 714 2830 775 θείας
2860 717 3211 785 χρησμῳδίας
3244 718 3383 784 μετά
3420 716 3649 783 ἀστέρος
3688 717 4016 781 ἀγομένους,

2433 806 2483 856 οἳ
2533 805 2611 873 τῷ
2661 805 2878 876 Χριστῷ
2920 810 3395 876 προσκυνήσαντες
3437 806 3580 876 δῶρα
3630 809 4013 877 προσήγαγονς

2439 896 2560 965 μεθ’
2592 892 2666 950 ὦν
2718 898 2769 949 oi
2814 898 2933 950 τότε
2981 898 3136 967 ὑμῶν
3171 900 3447 968 ἀρχιερεῖς
3505 898 3581 965 τῷ
3637 899 3755 949 τότε
3808 896 4019 965 βασιλεῖ

2447 986 2661 1057 Ἡρώδῃ
2688 988 3061 1056 συντυχόντες,
3096 986 3239 1040 εἴπεο
3272 989 3380 1040 Ποῦ
3419 990 3447 1040 6
3472 986 3705 1055 Χριστὸς
3732 989 4015 1051 γεννᾶται·

2435 1078 2526 1130 καὶ
2550 1073 2700 1129 εἷπον
2733 1082 2907 1149 αὐτῷ·
2937 1082 3023 1132 Ἐν
3048 1078 3295 1149 Βηθλεὲμ
3323 1082 3388 1146 τῇ
3418 1078 3570 1129 πόλει
3604 1078 3700 1144 τῆς
3737 1076 4016 1137 Ἰουδαίας,

2435 1167 2615 1229 καθὼς
2643 1170 2692 1220 οἱ
2718 1173 2993 1241 προφῆται
3023 1171 3271 1236 λέγουσιν
3296 1185 3309 1197 ’
3347 1168 3420 1219 ib:
3444 1168 3535 1218 καὶ
3568 1168 3892 1234 ζηλώσαντα
3929 1168 4019 1217 τὸν

2447 1259 2696 1328 Ἡρώδην
2749 1260 2846 1328 τὴν
2886 1262 3220 1328 ἀναφυείσαν
3272 1257 3572 1327 βασιλείαν,
3610 1257 3710 1324 τὴν
3744 1255 4019 1321 τοσαύτην

2437 1352 2834 1420 παιδοσφαγίαν
2894 1352 3247 1421 ποιήσασθαι.
3324 1350 3577 1418 Ἰωάννης
3626 1351 3654 1399 ὁ
3708 1350 4021 1418 Βατττιστὴς

2436 1445 2536 1495 οὐκ
2581 1445 2638 1509 ἐξ
2681 1444 2947 1497 Ἰουδαίων
2988 1444 3319 1509 κατάγεταις
3368 1441 3503 1511 πρδς
3562 1440 3621 1491 δν
3665 1440 4021 1492 ἀπέσταλκαν

2435 1535 2557 1587 τότε
2586 1538 2634 1587 οί
2666 1536 2900 1605 πατέρες
2926 1535 3077 1602 ὑμῶν
3105 1535 3415 1603 ἐρωτῶντες
3437 1534 3483 1585 εί
3514 1531 3675 1591 αὐτὸς
3703 1532 3731 1582 6
3758 1531 4021 1597 Χριστὸς,

750 1626 841 1679 καὶ
877 1621 1049 1678 εἶπεν·
1090 1645 1107 1676 ι
1142 1628 1255 1678 Οὐκ
1286 1627 1404 1694 εἰμὶ
1434 1624 1569 1699 ἐγώή
1590 1646 1607 1676 ι
1644 1626 1779 1678 ἀλλὰ
1812 1625 1992 1690 δείξας
2020 1626 2205 1689 αὐτοῖς
2235 1626 2327 1678 τὸν
2360 1626 2595 1695 Χριστὸν
2627 1630 2779 1679 εἶπεν
2808 1643 2822 1656 ο
2857 1646 2874 1678 ι
2930 1622 3098 1689 Οὗτός
3163 1626 3311 1677 ἐστιν
3365 1625 3394 1675 6
3442 1624 3613 1693 ἀμνὸς
3686 1620 3780 1673 τοῦ
3823 1620 3963 1673 Θεοῦ
3995 1623 4023 1672 6

748 1719 922 1788 αἴρων
952 1720 1048 1788 τὴν
1083 1720 1358 1787 ἁμαρτίαν
1389 1719 1482 1771 τοῦ
1513 1720 1741 1786 κόσμου.
1780 1740 1798 1772 ι

822 1811 1090 1863 l’neterea
1121 1810 1451 1864 Nieodciniis
1500 1813 1757 1880 princeps
1790 1822 1997 1875 vester,
2034 1820 2089 1865 et
2124 1813 2325 1866 Natha-

2503 1810 2706 1863 Λοιπὸν
2742 1810 3053 1879 Νικόδημος
3084 1812 3111 1863 6
3144 1811 3329 1879 ἄρχων
3353 1807 3529 1878 ὑμῶν,
3566 1809 3660 1862 καὶ
3698 1806 4022 1875 Ναθαναὴλο

751 1902 894 1963 nael,
928 1910 981 1953 et
1009 1902 1210 1969 Josepli
1252 1902 1320 1953 ab
1347 1902 1697 1962 Arimathara,
1732 1910 1788 1955 et
1826 1904 2057 1957 Ilizesct
2094 1904 2329 1958 Alexan-

750 1993 867 2055 der,
901 1993 995 2061 qui
1045 2008 1171 2046 cum
1227 1992 1345 2060 ipse
1371 1994 1735 2047 comederunt
1766 1994 1820 2047 in
1853 1995 2057 2063 nuptiis
2089 1996 2329 2049 Simonis

749 2085 980 2150 Caliltci,
1033 2099 1159 2137 cum
1203 2100 1401 2151 aquam
1451 2087 1505 2136 in
1541 2087 1728 2138 viuum
1774 2087 2035 2151 mutavit;
2082 2087 2330 2142 seniores

747 2180 843 2247 qui
893 2187 952 2232 ut
991 2179 1151 2248 legati
1189 2196 1217 2232 a
1262 2178 1591 2234 centurione
1627 2178 1777 2231 missi
1804 2188 1931 2232 sunt
1965 2190 2188 2248 propter
2211 2181 2331 2249 ejus

752 2271 922 2324 tilium
972 2271 1323 2340 deprecaturi
1380 2289 1480 2341 pro
1536 2272 1694 2325 istius
1754 2274 1966 2333 salute;
2001 2274 2207 2341 Dignus
2247 2282 2331 2326 est

748 2365 919 2427 enim,
969 2364 1247 2428 dicebant,
1285 2366 1378 2433 qni
1411 2367 1515 2419 hoc
1543 2367 1841 2434 pncstahit.
1875 2384 1995 2418 nam
2027 2377 2170 2421 amat
2198 2382 2330 2434 gen-

753 2466 885 2519 tem,
939 2465 994 2510 et
1056 2473 1385 2527 synagogam
1436 2459 1552 2526 ipso
1604 2459 1897 2511 anlilieavit
1953 2460 2141 2525 nobis;
2200 2461 2329 2514 item

752 2546 934 2615 regius
984 2547 1086 2599 iste
1140 2548 1434 2615 proconsul
1493 2546 1665 2600 frater
1711 2549 1842 2603 Jairi
1892 2550 2329 2620 archisynagogi,

750 2640 909 2706 i-ujus
967 2637 1140 2689 tilium
1188 2654 1381 2690 sanum
1454 2638 1605 2701 fecit,
1667 2640 1829 2693 istius
1873 2657 2095 2709 quoque
2151 2643 2331 2695 Jairus

755 2729 923 2779 lratcr
984 2727 1314 2795 deprecatus
1366 2728 1542 2792 illum,
1598 2730 1692 2798 qui
1749 2728 1913 2782 filiam
1971 2730 2255 2784 suscitavit
2301 2748 2330 2783 e

753 2820 1021 2883 mortuis;
1080 2818 1317 2888 Caiphas
1374 2830 1507 2875 tunc
1555 2831 1739 2875 vester
1778 2838 2027 2876 summus
2083 2822 2331 2877 Pontifex

750 2907 847 2974 qui
901 2909 1230 2961 consulebat
1262 2926 1429 2961 unum
1463 2911 1739 2963 hominem
1777 2911 1939 2974 mori,
1972 2928 2038 2964 ne
2078 2912 2331 2965 universa

750 3014 888 3062 gens
942 3000 1182 3066 periret;
1216 3002 1373 3069 pueri
1407 3001 1574 3054 vestri
1629 3002 1933 3054 clamantes
1970 3018 1984 3054 :
2024 3021 2041 3049 4
2078 3002 2333 3055 llosanna

754 3087 891 3140 Filio
942 3089 1133 3149 David,
1175 3090 1520 3151 benedictus,
1555 3092 1648 3159 qui
1704 3093 1855 3145 venit
1890 3093 1943 3144 in
1975 3094 2193 3145 nomine
2223 3094 2327 3145 Do-

2433 1907 2525 1958 καὶ
2559 1906 2754 1974 Ἰωσὴφ
2776 1908 2803 1957 6
2833 1906 2928 1957 ἀπ’
2963 1905 3307 1972 ’Λριμαυίας,
3335 1903 3431 1954 καὶ
3467 1902 3629 1970 tegi;
3671 1903 3765 1953 καὶ
3792 1900 4024 1964 ὁἊλέξ-

2436 1998 2653 2065 ανδρος,
2696 1996 2745 2047 οἳ
2803 1997 2898 2048 καὶ
2933 1996 3236 2063 συνέφαγον
3265 1992 3413 2061 αύτῴ
3445 1994 3502 2045 ἐν
3540 1992 3616 2062 τῷ
3645 1992 3810 2061 γάμῳ
3840 1992 4023 2060 Σίμω·

2433 2105 2520 2150 νος
2557 2088 2652 2140 τοῦ
2680 2089 2984 2151 Γαλιλαίου,
3014 2090 3069 2139 ἐν
3100 2082 3142 2153 ᾧ
3185 2087 3277 2138 καὶ
3311 2086 3370 2138 τὸ
3403 2084 3550 2155 ὕδωρ
3584 2088 3661 2147 είς
3696 2080 3843 2137 οἶνον
3890 2099 4022 2153 μετ-

2433 2180 2647 2234 έϐαλεν.
2717 2182 2781 2232 Oi
2812 2179 3175 2249 πρεσϐύτεροι
3221 2180 3271 2230 οἰ
3320 2179 3413 2230 ἐπὶ
3461 2178 3761 2247 πρεσϐείαν
3800 2177 3895 2229 διὰ
3930 2178 4023 2229 τὸν

2432 2274 2598 2325 παῖδα
2629 2272 2722 2324 τού
2758 2272 3157 2341 ἑκατοντάρχου
3198 2270 3290 2323 ὑπ’
3320 2268 3485 2322 αὑτοῦ
3536 2268 3829 2330 σταλέντες
3860 2267 4021 2322 σκυλ-

2431 2363 2587 2432 λῆναι
2618 2363 2780 2415 αὐτὸν
2796 2364 2883 2415 διὰ
2904 2364 3001 2433 τὴν
3027 2362 3303 2432 σωτηρίαν
3325 2361 3508 2421 αὑτοῦ,
3539 2360 3723 2424 ’Ἄξιος
3741 2362 3853 2431 γάρ
3882 2361 4049 2421 ἐστιν

2432 2452 2619 2520 φησὶν,
2656 2450 2684 2503 ὃ
2737 2450 2964 2520 παρέξει
3018 2450 3212 2510 τοῦτο,
3244 2450 3434 2517 ἀγαπᾷ
3470 2449 3580 2517 γὰρ
3618 2450 3679 2499 τὸ
3723 2449 3881 2511 ἔθνος
3930 2450 4024 2499 καὶ

2432 2542 2528 2612 τὴν
2558 2542 2877 2611 συναγωγὴν
2904 2542 3063 2604 αὐτὸς
3093 2540 3443 2611 ᾠκοδόμησεν
3473 2539 3620 2606 ὑμῖν.
3653 2541 3710 2593 Ὀ
3738 2539 4025 2609 βασιλικίς

2432 2634 2460 2683 ὁ
2499 2632 2807 2693 ἀνθύπατος
2845 2633 2873 2682 6
2905 2631 3131 2699 ἀδελφὸς
3171 2630 3401 2700 Ἰαείρου
3441 2629 3535 2680 τοῦ
3561 2630 4023 2697 ἀρχισυναγώγου

2433 2718 2493 2775 οὗ
2524 2724 2613 2774 τὸν
2645 2722 2760 2773 υἱον
2793 2722 2919 2790 ὑγιῆ
2956 2721 3203 2790 ἐποίησε,
3233 2722 3262 2772 ὁ
3298 2722 3488 2773 τούτου
3522 2719 3750 2786 ἀδελφὸς
3793 2719 4026 2784 Ἰάειρος

2434 2811 2822 2881 παρακαλέσας
2861 2810 3023 2862 αὑτὸν
3082 2812 3176 2864 καὶ
3218 2810 3317 2881 τὴν
3370 2809 3647 2879 θυγατέρα
3699 2812 3929 2880 ἤγειρεν
3962 2812 4027 2863 ἐκ

2436 2904 2665 2971 νεκρῶν·
2709 2894 2964 2968 Κάϊάφας
2996 2904 3023 2953 ὀ
3048 2903 3168 2954 τότε
3208 2904 3501 2971 ἀρχιερεὺς
3537 2901 3689 2969 ὑμῶν
3718 2904 3747 2953 6
3781 2903 4027 2969 συμϐου-

2434 2993 2632 3055 λεύσας
2681 2993 2778 3044 ἕνα
2827 2994 3117 3060 ἄνθρωπον
3170 2992 3464 3044 ἀποθανεῖν
3520 2992 3617 3043 καὶ
3794 2992 3922 3043 ὅλον
3964 2992 4028 3043 τὸ

2436 3082 2585 3144 ἔθνος
2618 3083 2935 3136 ἀπολέσθαι.
2970 3084 3032 3133 Οἱ
3067 3082 3251 3142 παῖδες
3282 3082 3436 3149 ὑμῶν
3465 3082 3514 3132 οἱ
3542 3082 3663 3132 τότε
3695 3081 4026 3151 βοήσαντες,

756 3176 912 3237 ιιιίιιί,
960 3193 1051 3230 rex
1089 3178 1251 3232 Israel
1282 3180 1359 3243 ὐς
1397 3178 1421 3229 ι’
1454 3180 1623 3233 Judas
1654 3181 1965 3250 discipulus
2004 3183 2091 3235 cui
2127 3191 2329 3236 statuta

2444 3190 2460 3221 ι
2500 3172 2727 3224 Ὡσαννὰ
2750 3172 2826 3241 τῷ
2860 3171 2962 3238 υἱῲ
2980 3172 3164 3235 Δασιδ,
3193 3171 3557 3240 εὐλογημένος
3592 3172 3618 3221 6
3638 3172 3941 3241 ἐρχόμενος
3973 3174 4031 3224 ἐν

753 3276 883 3318 sunt
940 3269 1164 3336 triginta
1212 3283 1469 3338 argentea
1524 3281 1584 3326 ut
1637 3272 1790 3325 illum
1842 3275 2001 3328 vobis
2052 3275 2330 3340 traderet;

756 3358 960 3411 milites
1001 3360 1205 3427 quibus
1248 3361 1483 3414 dedistis
1524 3378 1802 3426 nummos,
1846 3373 1907 3416 iit
1959 3364 2210 3419 dicerent
2237 3382 2330 3419 ve-

756 3451 901 3503 nisse
925 3450 1228 3517 discipulos
1260 3453 1404 3505 illius
1443 3464 1603 3507 nocte
1641 3464 1699 3507 et
1728 3456 1919 3510 tulisse
1962 3456 2135 3521 illiilli,
2174 3459 2334 3512 nobis

754 3541 1206 3607 dormientibus;
1252 3543 1526 3611 .losephus
1571 3546 1808 3614 scriptor
1847 3556 2050 3605 vester.
2104 3550 2197 3617 qui
2265 3550 2332 3604 de

754 3633 976 3687 Christo
1024 3632 1183 3692 dixit.
1215 3635 1395 3689 virum
1419 3638 1627 3705 justum
1658 3648 1717 3690 et
1754 3638 1958 3690 bonum
1990 3639 2172 3693 divina
2205 3656 2331 3710 gra-

760 3725 833 3786 tia
871 3726 1207 3779 declaratum
1242 3744 1386 3789 esse,
1437 3727 1608 3795 signis
1634 3738 1690 3781 et
1722 3730 2005 3783 miraculis
2036 3732 2097 3784 in.
2132 3734 2333 3787 inultos

760 3814 1219 3868 benefacientem.
1248 3816 1436 3883 Cujus,
1464 3816 1769 3869 secundum
1806 3820 2152 3887 prophetam,
2194 3822 2335 3874 divi-

758 3916 949 3958 serunt
974 3907 1297 3960 vestimenta
1324 3916 1379 3959 et
1409 3914 1613 3960 sortem
1639 3909 1937 3964 miserunt?
1961 3912 2118 3980 cujus
2141 3928 2334 3967 manus

757 4003 814 4047 et
856 3994 1025 4063 pedes
1070 3994 1359 4047 foderunt?
1410 3994 1582 4059 Quem
1638 4008 1794 4051 aceto
1848 4008 1905 4053 et
1945 4000 2069 4054 felle
2105 4012 2332 4070 potave—

760 4092 890 4142 runt
944 4086 998 4139 in
1058 4086 1145 4139 siti
1200 4086 1348 4140 illius
1395 4089 1465 4143 de
1510 4104 1675 4143 cruce
1729 4090 2059 4159 pendentis?

830 4349 905 4402 De
940 4364 1052 4417 quo
1076 4348 1215 4402 dixit
1240 4348 1453 4419 Moyses
1487 4367 1499 4403 :
1539 4368 1557 4399 ‹
1595 4350 1866 4404 Videbitis
1895 4351 2062 4405 vitam
2097 4364 2332 4407 vestram

762 4452 886 4499 ante
920 4450 1129 4493 vestros
1161 4443 1353 4495 oculos
1385 4441 1737 4510 pendentem,
1769 4452 1825 4496 et
1862 4460 1971 4496 non
2007 4446 2282 4499 credetis?
2308 4466 2325 4497 ι

763 4532 895 4585 Nam
934 4532 976 4584 si
1010 4532 1311 4585 crederetis
1331 4533 1520 4602 Moysi,
1550 4534 1857 4589 crederetis
1882 4535 2049 4589 etiam
2079 4536 2325 4591 Christo.

766 4622 986 4682 Verum,
1040 4622 1184 4674 sicut
1237 4637 1346 4674 non
1405 4622 1700 4675 voluerunt
1735 4623 1810 4676 illi
1859 4625 2182 4679 obedientes
2212 4628 2330 4681 fieri

762 4723 943 4779 patres
968 4712 1155 4774 vestri,
1181 4712 1273 4767 sed
1307 4714 1626 4781 repulerunt
1648 4725 1703 4768 et
1723 4718 1972 4771 conversi
2007 4726 2138 4771 sunt
2164 4720 2332 4775 corde

759 4820 861 4857 suo
904 4804 960 4857 in
986 4803 1299 4875 Aigyptuin,
1335 4806 1584 4861 dicentes
1619 4807 1836 4861 Aaron:
1876 4809 1984 4862 Fac
2018 4810 2179 4864 nobis
2200 4810 2333 4865 deos

760 4896 851 4964 qui
886 4898 1197 4965 priecedant
1224 4913 1353 4957 nos;
1386 4898 1552 4969 Moysi
1579 4899 1726 4952 enim
1767 4899 1856 4953 isti
1885 4901 1980 4967 qui
2016 4901 2205 4954 eduxit
2233 4918 2335 4957 nos

759 5003 790 5041 e
834 4996 976 5041 terra
1021 4988 1256 5059 :Egypti,
1286 4992 1559 5044 nescimus
1589 4991 1720 5059 quid
1770 4992 2068 5057 acciderit;
2094 5002 2149 5047 et
2190 4995 2333 5049 fece-

761 5090 889 5130 runt
918 5080 1148 5131 vitulum
1201 5080 1254 5133 iu
1295 5081 1492 5134 diebus
1546 5082 1657 5134 i-llis
1695 5092 1749 5135 et
1778 5082 2126 5137 adduxerunt
2159 5085 2332 5137 sacri-

763 5169 881 5221 ﬁcia
925 5170 1089 5230 idolo.
1128 5180 1183 5224 et
1230 5173 1391 5226 lietati
1446 5181 1575 5226 sunt
1635 5173 1686 5225 in
1743 5175 2008 5243 Operibus
2068 5192 2330 5229 manuum

760 5274 1003 5312 suarum.
1056 5261 1183 5314 Illos
1227 5273 1409 5316 autem
1457 5263 1625 5317 vertit
1674 5265 1819 5317 Deus
1850 5273 1909 5318 et
1956 5265 2182 5318 tradidit
2211 5266 2331 5320 illos

762 5356 819 5400 nt
857 5351 1129 5405 servirent
1173 5353 1382 5407 militi-te
1436 5345 1562 5408 ccidi
1613 5356 1695 5419 ";
1734 5364 1793 5407 iit
1835 5356 2100 5425 scriptum
2135 5367 2220 5411 est
2274 5358 2329 5411 in

761 5437 905 5489 libro
932 5438 1327 5507 Prophetarum
1360 5461 1373 5495 :
1412 5463 1429 5493 ι
1466 5444 1586 5497 Non
1614 5444 2020 5500 immolationes
2051 5454 2107 5499 et
2161 5448 2331 5499 sacri-

764 5528 886 5583 ticia
915 5531 1194 5587 obtulistis
1221 5535 1351 5588 mihi
1399 5537 1561 5589 annis
1586 5536 1949 5607 quadraginta
1998 5538 2053 5592 in
2088 5537 2327 5603 deserto,

833 5706 875 5737 "
912 5708 1067 5763 Joan.
1111 5727 1147 5775 i,
1189 5710 1274 5766 ‘29.
1359 5714 1401 5742 "
1442 5712 1631 5767 Matth.
1674 5728 1781 5777 ni,
1822 5713 1876 5765 ‘J.

2435 3265 2659 3331 ὀνόματι
2689 3262 2894 3333 Κυρίου
2935 3263 3187 3331 βασιλεὺς
3221 3261 3315 3314 τοῦ
3366 3262 3638 3332 Ἰσραιλλ.»
3686 3263 3743 3315 Ὀ
3770 3263 4029 3332 μαθητὴς

2448 3354 2646 3416 Ἰούδας
2688 3355 2747 3417 ὃς
2778 3356 3046 3423 ἐστήσατο
3085 3354 3383 3425 τριάκοντα
3430 3354 3672 3423 ἀργύρια
3713 3355 3803 3405 ἵνα
3858 3354 4029 3406 αὑτὸν

2434 3445 2752 3515 παραδώσει
2783 3446 2933 3513 ὑμῖν.
2968 3447 3028 3496 Οί
3065 3446 3396 3514 στρατιῶται
3429 3439 3512 3506 οἷς
3538 3445 3778 3497 ἐδώκατε
3811 3446 3884 3498 τὰ
3918 3446 4029 3513 ἀρ-

2433 3537 2599 3606 γύρια
2632 3535 2774 3588 ὥστε
2818 3538 2994 3587 εἰπεῖν
3020 3536 3102 3587 ὅτι
3138 3536 3201 3588 Οί
3235 3535 3478 3604 μαθηταὶ
3515 3535 3679 3586 αὑτοῦ
3709 3535 3910 3594 νυκτὸς
3936 3537 4026 3588 ἐλ-

2435 3627 2619 3689 θόντες
2654 3626 2888 3695 ἔκλεψαν
2930 3627 3091 3679 αὐτὸν
3123 3626 3280 3695 ἡμῶν
3327 3626 3709 3696 κοιμωμένων.
3755 3626 4029 3696 Ἰώσηπος

2435 3720 2463 3771 ὁ
2501 3717 2857 3786 συγγραφεὺς
2897 3715 3050 3786 ὑμῶν
3074 3716 3133 3777 ὃς
3163 3716 3351 3784 εἴρηκε
3387 3717 3512 3784 περὶ
3548 3714 3789 3785 Χριστοῦ
3822 3716 4025 3782 λέγων,

2435 3810 2629 3879 ἀνδρὸς
2668 3810 2879 3862 δικαίου
2935 3808 3029 3860 καὶ
3078 3807 3285 3875 ἀγαυοῦ
3318 3810 3383 3860 ἐκ
3425 3808 3576 3870 θείας
3623 3808 3849 3877 χάριτος
3894 3809 4025 3860 ἀνα-

2434 3901 2758 3969 δειχθέντος,
2791 3898 3040 3968 σημείοις
3072 3899 3167 3949 καὶ
3195 3898 3419 3966 τέρασιν
3441 3897 3859 3967 εὐεργετοῦντος
3892 3899 4027 3950 πολ·

2434 3992 2578 4054 λούς.
2603 3990 2760 4053 Τίνος
2790 3990 2932 4043 κατα
2958 3990 3052 4041 τὸν
3083 3992 3369 4059 προφήτην
3399 3990 3776 4058 διεμερίσαντο
3800 3992 3867 4042 τε
3896 3992 4026 4059 ἱμά-

2433 4105 2523 4140 τια
2550 4089 2643 4139 καί
2672 4085 2861 4137 ἔϐαλον
2893 4084 3125 4153 κλῆρον;
3156 4084 3302 4146 τίνος
3335 4086 3523 4154 χεῖρας
3554 4083 3648 4135 καὶ
3679 4084 3848 4146 πόδας
3879 4084 4028 4152 ὤρυ-

2436 4178 2532 4244 ξαν
2550 4179 2696 4243 ςτίνα
2724 4178 2843 4242 ὅξος
2867 4178 2962 4229 καὶ
2980 4176 3137 4246 χολὴν
3156 4175 3308 4228 ἐπότι
3320 4193 3418 4230 σαν
3443 4177 3520 4239 εἰς
3545 4176 3643 4246 τὴν
3663 4176 3826 4246 δίψαν
3853 4175 4027 4231 αὑτοῦ

2435 4272 2527 4323 ἐπὶ
2558 4268 2793 4339 σταυροῦ
2831 4268 3177 4337 κρεμαμένου
3199 4285 3213 4331 ;

2507 4362 2640 4431 Περὶ
2666 4361 2808 4423 τίνος
2835 4359 2890 4410 δέ
2911 4353 3032 4411 εἷπε
3054 4357 3297 4426 Μωῦσῆς
3318 4359 3401 4411 ὅτι
3431 4376 3450 4410 ι
3474 4358 3710 4427 Ὀψεσθε
3745 4359 3846 4430 τὴν
3875 4360 4025 4431 ζωὴν

2438 4452 2590 4521 ὑμῶν
2622 4450 2976 4520 κρεμαμένην
3026 4449 3290 4502 ἀπέναντι
3340 4449 3448 4501 τῶν
3502 4449 3802 4518 ὀφθαλμῶν
3830 4452 4013 4520 ὑμῶν,

2436 4544 2528 4595 καὶ
2557 4543 2616 4594 οὐ
2651 4542 2723 4611 μὴ
2755 4539 3108 4602 πιστεύσετε;
3145 4558 3161 4591 ι
3193 4539 3336 4592 ὥστε
3367 4540 3753 4593 sit-anteeant
3781 4542 4019 4614 Μωῦσῇ,

2429 4632 2746 4683 ἐπιστεύετε
2784 4629 2849 4681 ἂν
2886 4629 2983 4681 καὶ
3021 4627 3100 4697 τῷ
3127 4628 3369 4698 Χριστῷ·
3402 4629 3517 4681 ἀλλ’
3549 4629 3739 4698 ὥσπερ
3762 4631 3866 4683 οὐκ
3898 4632 4027 4699 ἠθέ-

2426 4720 2597 4787 λησαν
2620 4718 2770 4787 αύτῷ
2793 4718 3025 4785 ὑπήκοοι
3058 4717 3310 4784 γενέσθαι
3340 4718 3390 4770 oi
3418 4719 3651 4787 πατέρες
3676 4719 3856 4789 ἐμῶν,
3884 4721 4024 4774 ἀλλὰ

2431 4810 2722 4864 ἀπώσαντο
2751 4808 2847 4861 καὶ
2876 4808 3309 4880 ἀπεστράφησαν
3361 4811 3426 4879 τῇ
3484 4808 3682 4879 καρδίᾳ
3716 4810 3905 4862 αὐτῶν
3940 4814 4023 4874 είς

2431 4903 2725 4970 Αἴγυπτον,
2761 4899 3007 4962 εἰπόντες
3035 4900 3113 4969 τῷ
3147 4899 3376 4970 Ἀαρὼν,
3414 4901 3647 4969 Ποίησον
3682 4902 3817 4969 ἡμῖν
3861 4903 4017 4966 θεοὺς

2432 4992 2482 5045 οἳ
2531 4990 3003 5062 προπορεύσονται
3057 4989 3216 5059 ἡμῶν
3239 5006 3253 5020 ο
3306 4990 3335 5041 6
3363 4990 3472 5060 γὰρ
3506 4991 3742 5059 Eli-imit:
3774 4984 3934 5054 οὗτος
3960 4993 4019 5055 ὃς

2430 5085 2699 5152 ἐξήγαγεν
2727 5082 2871 5151 ἡμᾶς
2896 5082 2959 5132 ἐκ
2989 5080 3091 5149 γῆς
3120 5078 3420 5147 Αἰγύπτου.
3443 5080 3540 5131 οὐκ
3569 5079 3790 5148 οἴδαμεν
3828 5082 3883 5131 τε
3923 5083 4016 5148 γέ-

2430 5192 2586 5242 γονεν
2635 5172 2803 5242 αὐτῷ’
2863 5171 2955 5224 καὶ
3015 5171 3451 5238 ἐμοσχοποίησαν
3511 5172 3569 5221 ἐν
3624 5170 3747 5231 ταῖς
3774 5170 4017 5239 ἡμέραις

2431 5265 2691 5324 ἐκείναις,
2736 5261 2832 5313 καὶ
2872 5261 3147 5327 ἀνήγαγον
3176 5259 3367 5312 θυσίαν
3402 5259 3480 5329 τῷ
3521 5258 3745 5328 εἰδώλῳ,
3780 5262 3877 5312 καὶ
3927 5261 4016 5313 εὐ-

2439 5355 2725 5426 φραίνοντο
2759 5354 2814 5404 ἐν
2836 5354 2945 5413 τοῖς
2967 5353 3147 5418 ἔργοις
3178 5351 3282 5402 τῶν
3308 5351 3508 5419 χειρῶν
3535 5351 3737 5404 αὐτῶν·
3774 5350 4011 5418 ἔστρεψε

2437 5444 2493 5495 δὲ
2526 5446 2553 5496 ὁ
2582 5444 2711 5505 Θεὸς
2734 5442 2827 5494 καὶ
2866 5443 3178 5509 παρέδωκεν
3214 5441 3408 5501 αὐτοὺς
3439 5440 3722 5510 λατρεύειν
3742 5443 3812 5507 τῇ
3845 5456 4011 5508 στρα-

2436 5537 2527 5605 τιᾷ.
2554 5534 2649 5588 τοῦ
2672 5532 2922 5603 ούρανοῦ·
2956 5533 3136 5590 καθὼς
3169 5534 3477 5600 γέγραπται
3514 5535 3571 5585 ὲν
3600 5534 3667 5601 τῇ
3700 5531 3871 5601 βίϐλῳ
3901 5531 4011 5584 τῶν

1953 5712 1992 5743 ⁸¹
2030 5712 2232 5767 Jercm.
2269 5727 2383 5775 vni,
2420 5711 2473 5763 2.
