4190 6438
212 416 348 473 194')

1220 417 1671 475 DlSl’UTATlU
1710 419 2101 481 ADVERSUS
2138 422 2462 485 JUDJ‘IOS.

3311 442 3444 507 1930

202 522 508 595 προφητῶν
538 539 550 551 ·
604 543 621 574 ι
646 524 738 592 Μὴ
771 524 984 591 σφαγὰς
1020 527 1113 577 καὶ
1161 526 1348 587 θυσίας
1375 528 1761 596 προσηνέγκατέ

1845 530 2080 588 ιιΙοιιιιιε
2129 532 2313 594 Israel.
2348 546 2402 588 et
2446 539 2731 607 recepistis
2761 539 3172 599 tabernaculum
3208 547 3441 612 Moloch.

202 632 297 683 μοι
353 613 449 681 ἔτη
477 615 883 684 τεσσαράκοντα
910 617 967 666 ἐν
1001 620 1067 685 τῇ
1102 616 1312 683 ἐρήμῳ,
1343 612 1490 678 οἰκος
1536 618 1772 685 Ἰσραὴλ,

198 703 298 753 καὶ
326 702 622 755 ἀνελάὄετε
654 704 754 771 τὴν
782 704 985 774 σκηνὴν
1016 706 1109 756 τοῦ
1131 704 1333 773 Μυλὸχ.
1365 704 1460 757 καὶ
1487 705 1547 756 τὺ
1578 706 1776 774 ἄστρον

196 793 296 845 τοῦ
336 794 460 846 θεοῦ
510 794 665 862 ὑμῶν
715 794 930 862 Ῥεφὰν,
962 795 1088 857 τοὺς
1120 795 1318 858 τύπους
1357 797 1448 859 οὓς
1487 799 1774 868 ἐποιήσατε

198 888 535 953 προσκυνεῖν
552 886 755 945 αὑτοῖς·
786 905 804 935 ι
828 886 922 938 καὶ
942 887 1197 955 μετοικιῶ
1220 888 1362 955 ὑμᾶς
1389 890 1641 942 ἐπέκεινα
1671 892 1774 943 Βα-

197 973 445 1034 ϐυλῶνος
470 977 548 1036 εἰς
589 975 795 1044 σκηνὴν
824 973 919 1025 τοῦ
961 978 1284 1045 μαρτυρίου.
1316 977 1384 1045 ἣν
1414 982 1525 1040 τοῖς
1564 982 1774 1049 πατρα-

197 1079 288 1114 σιν
321 1063 479 1129 ὑμῶν
510 1066 568 1115 ἐν
599 1067 665 1133 τῇ
702 1066 915 1135 ἐρήμῳ,
944 1064 1125 1126 καθὼς
1149 1065 1430 1129 διετάξατο
1456 1072 1483 1121 ὁ
1502 1070 1673 1121 λαλῶν
1696 1070 1774 1139 τῷ

196 1154 338 1203 Mori
352 1156 411 1221 τῇ
461 1154 682 1222 ποιῆσαι
734 1156 905 1225 αὑτὴν
938 1154 1077 1206 κατὰ
1102 1154 1193 1206 τὸν
1223 1155 1393 1208 τύπον
1423 1158 1482 1208 ὃν
1518 1159 1770 1228 ἑωράκει⁸

195 1242 265 1307 ἦν
316 1242 414 1292 καὶ
465 1243 755 1310 εἰσήγαγον
812 1242 1180 1310 διαδεξάμενοι
1236 1246 1286 1296 οἰ
1339 1246 1572 1313 πατέρες
1617 1248 1773 1317 ὑμῶν

199 1334 346 1399 μετα
390 1332 564 1401 Ἰησοῦ
599 1334 656 1384 ὲν
681 1337 746 1402 τῇ
777 1333 1100 1401 κατασχέσει
1129 1334 1237 1385 τῶν
1275 1335 1443 1387 ἐθνῶν
1473 1332 1546 1389 ὦν
1573 1338 1772 1403 ἔξωσεν

194 1427 222 1471 ε
249 1423 386 1484 θεὸς
422 1423 528 1475 ἀπὸ
579 1423 871 1491 προσώπου
902 1425 1010 1475 τῶν
1058 1426 1309 1494 πατέρων
1349 1428 1501 1496 ὑμῶν
1530 1430 1631 1493 ἕως
1664 1430 1770 1482 τῶν

196 1512 426 1579 ἡμερῶν
457 1514 641 1573 Δαθὶδ,
676 1513 732 1573 ὃς
759 1509 882 1582 εὗρε
914 1515 1071 1583 χάριν
1097 1517 1329 1569 ἐνώπιον
1371 1517 1462 1567 τοῦ
1491 1518 1645 1580 Θεοῦ,
1676 1519 1771 1571 καὶ

195 1605 443 1671 ᾐτήσατο
478 1604 659 1672 εὑρεῖν
707 1605 970 1673 σκήνωμα
1002 1604 1081 1674 τῷ
1121 1607 1237 1676 Θεῴ
1274 1607 1481 1659 Ἰακώϐ⁸
1520 1608 1771 1677 Σολομὼν

194 1694 251 1744 δὲ
283 1693 637 1763 ᾠκοδόμησεν
666 1695 844 1764 ἐαυτῷ
878 1692 1045 1747 οἷκον·
1085 1697 1199 1749 ἀλλ’
1223 1699 1321 1766 οὑχ
1363 1701 1391 1751 ὁ
1420 1699 1680 1766 ’Ύψιστος
1712 1703 1768 1753 ἐν

194 1786 602 1854 χειροποιήτοις
627 1788 772 1847 ναοῖς
796 1790 1060 1847 κατοικεῖ,
1096 1788 1276 1849 καθὼς
1308 1790 1337 1839 ὁ
1366 1792 1649 1859 προφήτης
1678 1792 1765 1844 λέ-

194 1891 300 1939 γει·
340 1893 357 1924 ι
417 1876 474 1926 'U
517 1876 743 1945 οὐρανός
799 1892 890 1945 μοι
946 1877 1155 1946 θρόνος,
1205 1880 1323 1949 ήδέ
1360 1853 1429 1949 γή
1474 1853 1759 1934 ὑποπόδιον
1794 1853 1838 1912 Β

191 1963 304 2013 τῶν
360 1962 537 2014 ποδῶν
592 1980 717 2031 μου.
760 1982 875 2015 »--
912 1984 929 2015 ι
970 1966 1127 2017 Ποῖον
1178 1963 1326 2019 οἷκον
1378 1969 1761 2039 οἰκοδομήσετέ

194 2070 311 2119 μοι,
352 2052 499 2119 λέγει
539 2054 759 2124 Κύριος,
815 2055 848 2122 ἢ
894 2055 977 2115 τίς
1014 2055 1179 2118 τόπος
1220 2056 1318 2125 τῆς
1365 2059 1761 2123 καταπαύσεώς

194 2158 335 2207 μου;
368 2142 489 2209 οὐχὶ
538 2143 570 2210 ἡ
624 2143 745 2211 χείρ
792 2160 894 2210 μου
930 2143 1150 2212 ἐποίησε
1181 2144 1354 2196 ταῦτα
1403 2146 1611 2209 πάντα;
1640 2167 1657 2198 ι
1690 2179 1759 2189 —

193 2251 210 2279 ι
249 2230 327 2281 Ὠ
374 2232 636 2294 Ἰοαδαῖοι,
669 2233 1130 2304 σκληροτράχηλοι
1171 2236 1261 2287 καὶ
1294 2236 1656 2306 ἀπερίτμητοι
1689 2242 1755 2309 τῇ

187 2322 393 2391 καρδία
436 2324 529 2375 καὶ
574 2326 684 2385 τοῖς
718 2324 878 2388 ὠσὶν,
916 2325 1073 2392 ὑμεῖς
1114 2327 1201 2378 ἀεὶ
1244 2327 1322 2395 τῷ
1355 2329 1631 2399 Πνεύματι
1678 2332 1757 2400 τῷ

186 2413 333 2481 ἁγίῳ
370 2414 743 2476 ἀντιπίπτετε,
799 2414 872 2477 ὠς
925 2417 1015 2467 καὶ
1070 2416 1119 2467 οἰ
1165 2417 1395 2488 πατέρες
1432 2420 1602 2488 ὑμῶν’
1662 2422 1755 2473 καὶ

184 2502 523 2555 ἀπέκτειναν
543 2506 667 2566 τοὺς
699 2505 1271 2574 προκαταγγείλαντας
1308 2509 1436 2577 περὶ
1465 2510 1563 2579 τῆς
1599 2510 1753 2562 ἐλεύ-

185 2609 331 2655 σεως
363 2594 459 2645 τοῦ
502 2594 730 2647 δικαίου·
763 2598 824 2648 οὑ
871 2600 1050 2664 φονεῖς
1075 2600 1165 2649 καὶ
1191 2598 1441 2667 προδόται
1470 2602 1757 2669 γεγόνασιν

182 2684 234 2733 οἱ
264 2687 327 2736 ἐν
360 2685 717 2755 Ἰερουσαλὴμ
744 2689 975 2756 πατέρες
1009 2689 1194 2759 ὑμῶν;
1230 2710 1247 2741 ι
1281 2690 1437 2744 Θΰτω
1461 2694 1555 2745 καὶ
1576 2695 1754 2764 ὑμεῖς,

181 2777 232 2826 οἰ
273 2777 505 2829 ἐκείνων
556 2779 743 2842 παῖδες
790 2778 1015 2844 τούτους
1058 2782 1387 2851 μιμούμενοι
1428 2782 1529 2847 τὰς
1569 2786 1754 2853 φωνὰς

1874 630 1930 674 et
1972 632 2177 674 astrum
2234 624 2327 677 Dei
2379 628 2545 678 vestri
2601 629 2850 696 ltephan,
2888 631 3154 700 imagines
3185 650 3321 704 quas
3360 642 3443 695 ιε-

1873 711 2029 763 Cist-is
2066 712 2130 764 ad
2178 714 2515 767 adorandum
2548 718 2610 768 ".
2645 737 2662 768 ι
2692 719 2758 772 Ει
2794 721 3120 775 transferam
3156 738 3255 778 vos
3300 727 3441 782 ultra

1874 805 2199 875 Babylonem
2253 808 2305 862 iu
2344 808 2756 864 tabernaculum
2794 814 3089 869 testimonii
3136 817 3204 879 ³⁸,
3238 836 3256 868 ι
3294 819 3441 887 quod

1875 897 1928 948 in
1977 897 2197 950 deserto
2223 899 2471 966 patribus
2502 902 2722 962 vcstris.
2750 903 2886 956 sicut
2924 905 3203 961 mandavit.
3231 908 3442 980 Moyses

1872 987 2104 1056 loquens
2155 990 2271 1043 ﬁeri
2324 992 2625 1045 secundum
2657 996 2965 1063 exemplum
3001 998 3148 1065 quod
3197 1000 3437 1065 viderat;

1872 1079 2018 1146 quod
2066 1091 2349 1150 acceptum
2408 1080 2836 1136 introduxerunt
2884 1093 3067 1153 patres
3105 1089 3274 1142 vestri
3312 1105 3437 1143 cum

1870 1167 1999 1221 Jcsu
2051 1170 2103 1222 in
2160 1172 2524 1239 occupatione
2565 1174 2809 1241 gentium
2862 1191 3017 1243 quas-
3047 1179 3256 1245 expulit
3295 1180 3439 1235 Deus

1871 1272 1902 1310 τι
1947 1270 2242 1328 conspectu
2307 1271 2518 1329 patrum
2550 1273 2856 1317 vestrorum
2890 1280 3063 1334 usque
3092 1267 3159 1320 ad
3192 1268 3309 1323 dies
3340 1270 3438 1323 Da-

1870 1349 1983 1411 vid,
2015 1351 2108 1417 qui
2134 1352 2343 1404 invenit
2364 1354 2589 1420 gratiam
2615 1371 2801 1409 coram
2860 1357 2994 1423 Deo,
3049 1368 3107 1413 et
3138 1362 3439 1429 postulavit

1871 1448 1933 1491 ut
1975 1441 2277 1509 respiceret
2331 1443 2742 1499 tabernaculum
2779 1449 2887 1502 Deo
2929 1451 3118 1505 Jacob.
3176 1452 3435 1508 Salomon

1870 1541 2053 1584 autem
2098 1532 2392 1587 :edilicavit
2443 1536 2548 1588 sibi
2581 1536 2841 1606 domumj;
2887 1540 2981 1592 sed
3026 1540 3340 1597 Altissimus
3377 1544 3433 1597 in

1869 1622 2090 1690 templis
2150 1624 2477 1679 niauul‘aetis
2527 1643 2635 1681 non
2690 1628 2920 1693 habitat,
2974 1630 3120 1685 sicut
3169 1634 3435 1702 propheta

1865 1713 2001 1767 dicit
2035 1731 2046 1765 :
2086 1732 2103 1763 ι
2131 1714 2340 1769 Caelum
2371 1717 2503 1770 mihi
2540 1718 2795 1782 thronus,
2826 1731 2973 1775 terra
3017 1732 3199 1776 autem
3226 1725 3437 1779 scabel-

1865 1805 1976 1857 lum
2006 1806 2206 1872 pedum
2245 1823 2490 1862 meorum
2517 1811 2583 1862 “.
2614 1830 2633 1861 ι
2656 1841 2726 1851 -
2749 1829 2767 1861 ι
2791 1812 3015 1877 Qualem
3041 1814 3264 1868 domutn
3296 1816 3431 1869 mihi

1862 1894 2225 1960 :ediﬁcabitis,
2282 1897 2419 1951 dicit
2473 1900 2757 1964 Dominus,
2812 1912 2906 1955 aut
2957 1905 3082 1973 quis
3127 1906 3235 1960 erit
3280 1906 3433 1962 locus

1864 1985 2187 2039 morationis
2243 1990 2420 2041 meae?
2462 1990 2652 2045 Nonne
2703 2007 2897 2047 manus
2957 2010 3074 2050 mea
3137 1996 3267 2050 fecit
3317 1996 3431 2051 haec

1862 2074 2045 2127 omnia
2072 2076 2117 2109 ’⁸
2137 2076 2187 2128 ἳι
2210 2108 2277 2117 -
2305 2098 2322 2127 ι
2347 2077 2390 2132 Ο
2419 2080 2589 2133 Judaei
2615 2082 2767 2136 dura:
2789 2085 3019 2139 cervicis
3045 2093 3102 2139 et
3132 2086 3429 2142 incireulu‘

1861 2163 1961 2216 eisi
2010 2164 2176 2217 corde
2205 2175 2263 2219 et
2311 2168 2541 2221 auribus
2560 2210 2574 2234 ,
2605 2185 2703 2222 vos
2732 2186 2950 2240 semper
2976 2172 3209 2242 Spiritui
3237 2185 3430 2231 saneto

1861 2251 2140 2314 resistitis,
2181 2256 2343 2307 sicut:
2393 2267 2575 2325 patres
2607 2262 2801 2324 vestri;
2848 2273 2903 2315 et
2934 2264 3258 2319 occiderunt
3285 2282 3426 2335 pra:-

1859 2339 2178 2392 nuntiantes
2222 2341 2291 2394 de
2338 2345 2576 2398 adventu
2610 2347 2769 2416 justi.
2810 2348 2996 2404 Nonne
3045 2351 3429 2409 interfectores

1856 2437 1913 2481 ct
1962 2430 2272 2496 proditores
2313 2435 2439 2488 facti
2492 2447 2622 2490 sunt
2676 2439 2729 2491 in
2768 2439 3069 2495 Jerusalem
3120 2451 3306 2511 patres
3331 2459 3428 2497 ve-

1856 2518 1955 2572 stri
1990 2520 2064 2573 “?
2094 2539 2112 2571 ι
2148 2522 2223 2575 lta
2252 2533 2308 2576 et
2346 2540 2444 2579 vos
2493 2540 2685 2579 eorum
2722 2527 2842 2589 lilii,
2865 2545 2961 2583 eos
3010 2530 3291 2587 imitantes
3328 2549 3427 2586 vo—

1856 2624 1948 2664 ces
1975 2612 2364 2681 prophetarum
2402 2631 2509 2669 non
2538 2618 2851 2683 credentes,
2881 2622 3156 2675 Christum
3173 2623 3428 2680 odieutes

1854 2705 2209 2769 permanetis,
2244 2706 2339 2774 qui
2394 2709 2691 2776 accepistis
2718 2709 2893 2781 legem
2922 2712 2977 2766 in
3006 2712 3424 2783 dispositionem

1855 2794 2173 2861 angelorum
2224 2803 2276 2849 et
2323 2811 2433 2850 non
2485 2799 2827 2855 custodistis.

178 2869 295 2923 τών
325 2872 623 2970 προφητῶν
672 2874 1049 2942 ἀπιστοῦντες,
1086 2877 1433 2949 μισόχριστοι
1467 2878 1774 2951 διαμένετε,
1808 2886 2005 2953 οἵτινες
2034 2890 2257 2945 ἐλάϐετε
2289 2892 2381 2946 τὸν
2406 2894 2573 2964 νόμον
2628 2898 2712 2961 εἰς
2744 2897 3011 2968 διαταγὰς
3039 2901 3310 2970 ἀγγέλων,
3331 2904 3425 2959 καὶ

178 2961 284 3011 οὐκ
316 2959 643 3025 ἐφυλάξατε.

248 3055 420 3121 Λέγει
442 3056 502 3107 δὲ
534 3056 594 3109 τὸ
624 3056 843 3127 Πνεῦμα
888 3061 947 3110 τὸ
990 3060 1144 3126 ἅγιον
1174 3061 1262 3115 διὰ
1296 3064 1561 3131 στόματος
1588 3068 1751 3122 Δαῶδ

175 3144 274 3196 τοῦ
311 3148 614 3214 προφήτου·
650 3168 667 3199 ι
689 3149 935 3219 Σήμερον
964 3151 1059 3202 ἐὰν
1080 3152 1177 3221 τῆς
1193 3154 1375 3223 φωνῆς
1399 3156 1562 3208 αὑτοῦ
1584 3159 1748 3211 ἀκού-

176 3255 333 3308 σητε,
378 3240 454 3307 μὴ
508 3239 843 3309 σκληρύνητε
882 3240 980 3303 τὰς
1017 3242 1243 3309 καρδίας
1274 3243 1425 3312 ὑμῶν
1470 3244 1545 3307 ὡς
1577 3248 1634 3299 ἐν
1669 3249 1748 3317 τῷ

175 3331 636 3399 παραπικρασμῷ
679 3332 818 3383 κατά
853 3332 950 3401 τήν
980 3333 1193 3403 ἡμέραν
1220 3334 1315 3386 τοῦ
1351 3337 1663 3406 πειρασμοῦ
1693 3344 1748 3392 ἐν

172 3423 239 3485 τῇ
289 3421 504 3489 ἐρήμῳ,
533 3416 592 3473 οὗ
635 3422 934 3490 ἐπείρασαν
967 3441 1032 3491 με
1065 3425 1114 3475 οἰ
1158 3425 1388 3494 πατέρες
1417 3427 1593 3497 ὑμῶν,
1630 3429 1747 3481 ἐδο-

172 3511 424 3578 κίμασαν
470 3528 536 3579 με
586 3513 679 3564 καὶ
724 3510 862 3565 εἰδον
892 3514 961 3565 τὰ
999 3514 1136 3583 ἔργα
1180 3533 1305 3584 μου·
1336 3520 1745 3587 τεσσαράκοντα

170 3602 267 3670 ἔτη
292 3600 646 3668 προσώχθισα
671 3606 736 3672 τῇ
760 3606 919 3673 γενεᾷ
942 3605 1144 3674 ἐκείνῃ,
1166 3606 1258 3657 καὶ
1276 3602 1406 3660 εἶπα
1429 3624 1442 3638 ·
1460 3610 1574 3661 Ἀεὶ
1606 3610 1745 3662 πλα⁹

171 3691 378 3741 νῶνται
424 3694 487 3760 τῇ
527 3692 741 3762 καρδίαι
776 3693 929 3744 αὐτοὶ
962 3694 1017 3745 δὲ
1046 3694 1144 3746 οὑκ
1178 3693 1424 3762 ἔγνωσαν
1463 3699 1561 3760 τὰς
1592 3700 1744 3763 ὁδούς

173 3798 298 3848 μου·
324 3781 402 3841 ὠς
427 3780 616 3849 ὤμοσα
646 3783 703 3833 ἐν
730 3785 795 3852 τῇ
820 3783 954 3852 ὀργῇ
990 3801 1112 3851 μου,
1145 3784 1206 3837 Εἰ
1238 3787 1631 3841 εἰσελεύσονται
1664 3793 1744 3853 εἰς

168 3874 269 3941 τὴν
303 3872 651 3925 κατάπαυσίν
678 3890 803 3943 μου’
830 3893 848 3925 ι
884 3874 998 3928 ἀλλ’
1027 3877 1087 3929 οὑ
1125 3879 1323 3941 πάντες
1355 3881 1403 3931 οἱ
1439 3880 1742 3944 ἐξελθόντες

168 3964 265 4015 ἀπ’
289 3965 572 4031 Αἰγύπτου
596 3966 863 4033 εἰσῆλθον
893 3969 1310 4040 παρεπίκραναν
1350 3973 1458 4041 γὰρ
1485 3975 1535 4025 οἰ
1560 3991 1742 4044 παρα-

169 4054 470 4117 κούσαντες
520 4054 618 4107 καὶ
667 4057 1091 4125 ἀπιστήσαντες·
1131 4061 1244 4110 τίσι
1294 4058 1352 4111 δὲ
1403 4062 1740 4131 προσώχθισε

165 4146 578 4214 τεσσαράκοντα
609 4144 723 4215 ἐτη,
758 4146 806 4197 εἰ
846 4145 920 4216 μὴ
953 4149 1065 4208 τοῖς
1093 4148 1443 4219 ἀμαρτήσασι
1481 4152 1574 4203 καὶ
1606 4170 1741 4222 παρ-

166 4235 471 4288 ακούσασιν
491 4275 507 4300 ,
539 4229 613 4287 ὧν
655 4236 722 4286 τὰ
753 4234 902 4287 κῶλα
942 4235 1135 4291 ἔπεσον
1180 4240 1237 4289 ἐν
1276 4242 1342 4307 τῇ
1374 4241 1598 4309 ἐρήμῳ;
1629 4245 1737 4295 τίσι

165 4329 222 4380 δὲ
261 4326 449 4395 ὤμοσε
493 4326 567 4396 μή
596 4325 857 4378 εἰσελθεῖν
881 4328 957 4391 εἱς
983 4328 1083 4397 τὴν
1107 4329 1447 4388 κατάπαυσιν
1473 4332 1659 4394 αὑτοῦ,
1688 4335 1735 4386 εἰ

1924 3070 2066 3125 Dicit
2102 3081 2284 3125 autem
2328 3072 2568 3142 Spiritus
2596 3081 2822 3127 sanctus
2860 3089 2957 3143 per
2990 3091 3054 3129 os
3103 3078 3269 3132 David
3301 3096 3421 3149 pro-

1850 3164 2029 3233 pheta:
2060 3180 2072 3211 :
2108 3181 2124 3212 ι
2159 3163 2331 3217 Hodie
2361 3168 2406 3218 si
2438 3180 2629 3218 vocem
2660 3166 2782 3236 ejus
2807 3167 3111 3232 audieritis,
3145 3185 3214 3224 ne
3245 3170 3425 3225 obdu-

1850 3264 1967 3308 rato
2006 3255 2171 3309 corda
2192 3263 2374 3309 vestra
2404 3258 2548 3310 sicut
2583 3257 2637 3310 in
2663 3257 3087 3313 exacerbatione
3120 3262 3425 3315 secundum

1848 3346 1993 3400 diem
2044 3348 2362 3401 tentationis
2404 3349 2458 3401 in
2508 3349 2752 3412 deserto,
2808 3348 2862 3402 in
2908 3364 3021 3417 quo
3075 3358 3420 3407 tentaverunt

1850 3453 1933 3489 me
1974 3447 2159 3505 patres
2210 3438 2403 3500 vestri,
2444 3438 2815 3506 probaverunt
2867 3448 2925 3492 et
2970 3439 3227 3494 viderunt
3252 3456 3418 3512 Opera

1846 3542 1986 3579 mea.
2037 3524 2407 3595 Quadraginta
2451 3527 2610 3579 annis
2643 3526 2890 3580 infensus
2936 3525 3016 3580 fui
3075 3530 3416 3596 generatioui

1846 3616 1999 3678 huic,
2032 3625 2087 3669 et
2136 3616 2246 3668 dixi
2284 3633 2296 3667 :
2334 3614 2560 3683 Semper
2586 3615 2991 3680 errantcorde;
3024 3615 3126 3686 ipsi
3150 3632 3282 3672 vero
3308 3634 3415 3673 non

1844 3714 2218 3775 eugnoverunt
2258 3707 2376 3759 vias
2421 3721 2596 3770 meas;
2644 3706 2788 3759 sicut
2835 3708 3015 3776 juravi
3058 3707 3114 3761 in
3144 3707 3223 3760 ira
3254 3723 3412 3762 mea:

1844 3795 1898 3850 Si
1931 3796 2236 3850 inlroibuut
2266 3796 2319 3849 in
2341 3796 2584 3864 requiem
2608 3811 2784 3849 meam
2814 3797 2878 3849 ”.
2914 3815 2932 3846 ι
2964 3796 3069 3850 Sed
3094 3812 3203 3851 non
3224 3813 3418 3853 onmes

1841 3887 2048 3955 egressi
2102 3903 2171 3942 ex
2222 3886 2454 3957 {Egypto
2508 3886 2884 3950 introierunt;
2947 3887 3414 3942 exacerbaverunt

1841 3978 1988 4031 enim
2016 3994 2125 4031 non
2164 3979 2456 4031 audientes
2484 3993 2664 4046 neque
2703 3977 3011 4031 credentes.
3059 3977 3271 4043 Quibus
3312 3993 3416 4031 au-

1844 4078 1951 4121 tem
2005 4068 2251 4121 infensus
2279 4067 2383 4120 fuit
2414 4066 2773 4135 quadraginta
2807 4066 2988 4129 annis,
3036 4067 3138 4119 nisi
3175 4081 3413 4134 peccan-

1842 4159 1989 4211 tibus
2022 4166 2077 4211 et
2116 4173 2227 4211 non
2284 4156 2658 4219 audientibus,
2710 4172 2944 4226 quorum
2981 4156 3225 4209 membra
3270 4156 3417 4209 ccci-

1838 4248 2041 4302 derunt
2077 4248 2130 4300 in
2178 4247 2435 4301 deserto?
2478 4248 2689 4314 Quibus
2735 4258 2916 4302 autem
2941 4248 3149 4318 juravit
3193 4263 3303 4302 non
3330 4248 3419 4300 ina
3480 4302 3483 4303 ,

1843 4334 2091 4388 troituris
2127 4334 2180 4387 in
2220 4336 2470 4403 requiem
2519 4352 2697 4400 suam,
2725 4336 2830 4389 nisi
2877 4351 2984 4389 non
3018 4334 3414 4389 credentibus?

169 4420 243 4487 μὴ
282 4394 399 4478 τοῖς
450 4394 795 4485 ἀπιθήσασις
832 4418 939 4469 Καὶ
969 4394 1237 4486 βλέπομεν
1275 4420 1356 4471 ὅτι
1404 4423 1508 4474 οὑκ
1538 4423 1732 4491 ἠδυνή-

1845 4426 1905 4478 Ει
1941 4425 2189 4478 videmus
2211 4394 2316 4477 hos
2344 4441 2450 4478 non
2478 4427 2724 4494 potuisse
2754 4426 2825 4479 ob
2852 4425 3290 4479 incredulitatem
3324 4425 3411 4478 in-

166 4510 340 4578 θησαν
370 4507 630 4560 εἰσελθεῖν
685 4508 753 4559 δι’
788 4508 1080 4573 ἀπιστίαν,
1114 4508 1253 4578 πλὴν
1286 4511 1468 4563 Χαλὲϐ
1497 4514 1591 4566 τοῦ
1637 4516 1736 4566 Ἰε-

164 4599 341 4669 φωνὴ.
378 4600 471 4651 καὶ
505 4599 677 4665 Ἰησοῦ
710 4598 804 4651 τοῦ
836 4600 1012 4667 Ναυῆ’
1053 4600 1328 4664 ἑξακόσιαι
1369 4604 1735 4674 διεφθάρησαν

162 4688 427 4757 χιλιάδες,
460 4688 661 4751 ταύτας
688 4689 796 4756 γὰρ
820 4689 917 4750 τὰς
944 4688 1193 4756 χιλιάδας
1228 4685 1382 4743 εἶπεν
1416 4693 1733 4762 ἐξεληλυθό-

160 4798 255 4841 τας
304 4779 367 4842 ἐξ
406 4780 701 4845 Αἰγύπτουο
729 4778 823 4831 τοῦ
849 4779 957 4847 γὰρ
984 4779 1120 4831 Θεοῦ
1146 4785 1627 4852 παρεγγυήσαντος
1651 4788 1729 4849 εἰς

168 4870 262 4937 τήν
325 4868 744 4937 ἐπηγγελμένην
788 4871 997 4939 ἀπᾶραι
1044 4872 1167 4940 γῆν,
1214 4874 1465 4926 ἀντεῖπον
1508 4877 1728 4942 ἐκεῖνοι,

168 4956 599 5026 προϐαλλόμενοι
633 4958 723 5010 τὸν
762 4959 922 5026 φόϐον
967 4960 1059 5012 καὶ
1087 4961 1146 5013 τὸ
1172 4961 1398 5030 μέγεθος
1430 4964 1535 5015 τῶν
1570 4965 1729 5018 πολε-

166 5048 307 5114 μίων
326 5062 344 5075 ·
377 5042 438 5100 οὑ
482 5048 545 5116 δὴ
574 5049 733 5116 χάριν
779 5050 807 5099 ὁ
853 5050 961 5101 τῶν
991 5049 1127 5100 ὅλων
1154 5050 1285 5112 Θεὸς
1313 5053 1553 5117 ἅπαντας
1589 5059 1730 5110 κατά

162 5138 332 5206 μέρος
364 5137 421 5186 ἐν
448 5140 510 5204 τῇ
547 5138 740 5206 ἐρήμῳ
764 5139 1164 5203 κατανάλωσεν,
1196 5141 1323 5203 τοὺς
1354 5143 1575 5195 ἐκείνων
1608 5147 1735 5197 παῖ-

159 5228 255 5289 δας
284 5226 401 5278 ἀντ’
426 5227 650 5279 ἐκείνων
682 5230 998 5297 εἰσήγαγεν,
1026 5232 1189 5299 ήγουν
1216 5232 1341 5296 τοὺς
1380 5235 1513 5303 περὶ
1550 5236 1728 5289 Χαλέὂ

159 5317 255 5368 τοῦ
299 5318 566 5384 Ἰεχωνίου
600 5319 694 5369 καὶ¹
740 5319 912 5388 Ἰησοῦ
940 5320 1033 5372 τοῦ
1062 5322 1216 5393 Ναυῆ
1239 5325 1436 5388 αὑτοὺς
1458 5330 1730 5381 κατέπαυ-

164 5426 275 5459 σενο
310 5411 407 5460 καὶ
447 5410 494 5459 εἰ
534 5409 663 5479 περὶ
689 5409 785 5477 τῆς
822 5409 924 5476 γῆς
953 5410 1123 5479 αὐτῆς
1150 5414 1492 5468 κατάπαυσιν
1531 5420 1559 5469 ὁ
1590 5435 1722 5488 προ-

164 5506 343 5569 φήτης
392 5499 580 5569 εἴρηκε
634 5498 831 5551 Δαϐίδ·
876 5501 955 5561 εἰς
983 5501 1197 5570 ἐκείνην
1237 5504 1346 5573 γὰρ
1388 5503 1592 5574 Ἰησοῦς
1630 5507 1728 5559 αὑ-

236 5684 282 5713 ’³
320 5680 486 5737 Amos
523 5698 578 5749 ν,
615 5685 703 5740 26.

172 5765 280 5812 vni,
324 5756 409 5805 lt.

782 5688 824 5719 ³³
866 5685 997 5742 ibid.
1113 5687 1159 5717 ’⁸
1198 5685 1340 5740 Psal.
1384 5701 1522 5749 Lm,
1569 5686 1617 5738 t.

1730 5686 1773 5716 "
1814 5684 1917 5739 lsa.
1960 5700 2099 5750 uvi,
2140 5686 2191 5738 1.

1835 4515 2024 4577 troire,
2051 4524 2249 4584 praeter
2268 4514 2435 4568 Caleb
2463 4516 2637 4569 lilium
2660 4517 2929 4583 Jephone,
2974 4525 3031 4568 et
3062 4515 3192 4569 Jesu
3228 4516 3402 4569 ﬁlium

1834 4605 2003 4658 Nave.
2059 4604 2325 4657 Sexcenta
2381 4605 2552 4659 millia
2612 4606 2962 4671 interierunt,
2998 4604 3224 4658 totidem
3260 4605 3408 4659 enim

1832 4695 2000 4748 millia
2060 4694 2197 4747 dicit
2244 4695 2528 4763 Scriptura
2593 4711 2812 4765 egressa
2866 4711 2930 4749 ex
2993 4694 3245 4763 Egypto.
3292 4694 3407 4748 Deo

1836 4783 1981 4837 enim
2030 4781 2365 4835 concedente
2423 4792 2483 4835 ut
2521 4783 2574 4836 in
2625 4784 2950 4850 promissam
2992 4783 3135 4835 irent
3184 4790 3405 4845 terram,

1837 4871 2288 4925 contradixerunt
2328 4872 2429 4935 illi,
2464 4888 2579 4941 pra:
2611 4886 2670 4926 se
2707 4872 2945 4927 terentes
2976 4882 3182 4925 metum
3219 4881 3275 4925 et
3315 4887 3405 4923 ro-

1837 4962 1942 5016 bur
1972 4962 2232 5014 hostium.
2261 4960 2430 5027 Quam
2463 4962 2534 5014 ob
2568 4978 2790 5015 causam
2835 4962 3006 5015 totius
3045 4960 3235 5014 mundi
3264 4960 3408 5013 Deus

1836 5067 2026 5107 omnes
2075 5052 2322 5121 singulos
2349 5053 2401 5105 in
2453 5053 2669 5106 deserto
2713 5053 3011 5115 destruxit,
3047 5052 3187 5105 ﬁlios
3212 5066 3402 5105 eorum

1836 5158 1936 5212 pro
1984 5143 2093 5195 illis
2145 5143 2468 5206 introduxit,
2521 5144 2737 5197 scilicet
2770 5160 2867 5212 per
2907 5141 3073 5196 Caleb
3108 5140 3280 5195 ﬁlium
3312 5141 3403 5195 Je-

1834 5236 2016 5303 phoue
2059 5241 2116 5286 et
2153 5234 2279 5288 Jesu
2333 5233 2501 5287 ﬁlium
2559 5235 2704 5288 Nave
2735 5235 2821 5287 his
2856 5232 3099 5302 requiem
3136 5231 3306 5286 dedit.
3338 5231 3402 5283 Et

1834 5323 1901 5375 de
1946 5330 2093 5374 terra
2145 5320 2243 5373 ista
2295 5321 2538 5388 requiem
2589 5321 2727 5374 dixit
2770 5323 3037 5389 propheta
3082 5317 3285 5382 David;
3346 5318 3401 5370 in

1832 5427 1950 5465 eam
1972 5413 2118 5464 enim
2149 5411 2276 5464 Jesu
2308 5411 2429 5463 illos
2458 5410 2701 5478 requiem
2727 5410 2999 5478 perduxit.
3029 5409 3085 5462 lu
3104 5408 3194 5461 illa
3214 5414 3397 5459 autem

1832 5512 1952 5557 erat
2003 5504 2169 5555 etiam
2200 5500 2421 5555 divinus
2453 5502 2723 5568 interpres
2762 5500 2951 5565 David,
2986 5513 3111 5553 cum
3161 5498 3275 5551 haec
3322 5498 3402 5549 lo-

2270 5685 2315 5717 "
2362 5686 2485 5740 Aet.
2526 5699 2620 5747 vn,
2660 5682 2747 5745 51,
2788 5679 2876 5735 52.
2985 5678 3030 5709 “
3071 5676 3210 5733 Psal.
3257 5690 3401 5742 χειν,
