4190 6438
775 373 900 434 1251

768 499 932 538 cuius
992 481 1269 536 nuntiavit
1307 479 1550 549 requiem

768 575 1076 638 audieritis,
1117 594 1136 625 ι
1197 583 1254 626 et
1305 588 1426 640 qua:
1470 579 1798 638 sequuntur.

843 852 979 918 l'lrgc
1013 847 1344 916 relinquitur
1370 846 1512 898 alter
1551 846 1916 900 sabbatismus
1943 856 1998 899 et
2040 846 2210 900 altera
2250 861 2343 898 rc-

771 944 948 1009 quies,
999 957 1119 1010 quae
1156 948 1239 992 est
1284 940 1336 992 in
1397 940 1680 995 Christum
1713 939 1867 1004 ﬁdes,
1898 940 2040 993 sicut
2072 940 2208 994 dicit
2243 941 2346 993 lio-

774 1037 952 1086 minus
999 1051 1092 1100 per
1124 1033 1420 1085 Jeremiam
1460 1033 1780 1100 prophetam
1815 1047 1828 1084 :
1869 1050 1886 1080 ι
1923 1031 2063 1084 Ecce
2097 1030 2219 1083 dies
2248 1046 2343 1082 ve-

777 1134 954 1183 munt,
996 1134 1052 1176 et
1104 1135 1342 1177 statuam
1399 1123 1586 1174 domui
1647 1121 1808 1174 lsrael
1852 1129 1908 1174 et
1958 1119 2142 1172 dotnui
2204 1120 2345 1173 Juda

775 1221 1161 1265 testauu-utum
1225 1229 1424 1265 novum
1485 1212 1551 1264 ".
1590 1231 1608 1261 ι
1649 1211 1892 1263 Diecudo
1940 1225 2165 1273 novum,
2206 1209 2348 1262 anti-

773 1309 964 1371 quavit
1006 1306 1238 1371 primum
1293 1321 1305 1356 :
1365 1303 1526 1355 «Non
1574 1302 1879 1355 secundum
1957 1311 2344 1356 testamentum

773 1405 917 1460 quod
956 1392 1116 1444 statui
1158 1391 1409 1458 putribus
1438 1406 1630 1444 eorum
1667 1392 1720 1444 in
1751 1391 1840 1444 dic
1866 1407 1976 1460 quo
2004 1393 2345 1460 :‘pprehendi

776 1499 992 1535 ntauum
1032 1485 1150 1551 ejus
1178 1495 1236 1536 ut
1266 1486 1558 1536 educerem
1582 1498 1680 1535 eos
1707 1498 1738 1536 ο
1769 1491 1913 1536 terra
1943 1481 2181 1552 Aigypti,
2206 1499 2348 1551 quo-

775 1572 920 1623 niam
947 1572 1046 1639 ipsi
1077 1588 1183 1623 nou
1209 1579 1663 1638 (ιχςιιυειιινοι-ιιιιι
1703 1578 2086 1623 testamentum
2124 1585 2343 1633 meum;

774 1673 829 1713 et
865 1678 966 1730 ego
1001 1662 1210 1729 neglexi
1245 1678 1362 1722 eos,
1407 1661 1542 1713 dicit
1576 1661 1859 1723 Dominus,
1895 1661 2022 1729 quia
2070 1661 2214 1714 istud
2263 1669 2347 1713 est

779 1760 1164 1804 testamentum
1188 1751 1334 1818 quod
1355 1760 1591 1804 statuam
1614 1751 1799 1803 domui
1826 1751 2012 1811 Israel,
2038 1750 2174 1804 dans
2203 1752 2346 1819 leges

777 1859 924 1894 meas
954 1843 1006 1894 in
1041 1851 1278 1894 mentem
1321 1859 1532 1903 corum,
1563 1852 1618 1896 et
1648 1843 1702 1895 in
1731 1841 1896 1895 corde
1924 1857 2116 1895 eorum
2154 1843 2347 1894 inseri-
2381 1835 2420 1889 Β

779 1937 898 1987 bam
931 1954 1046 1997 eas,
1075 1947 1126 1989 el
1165 1955 1261 1989 ero
1298 1937 1380 1988 eis
1430 1936 1480 1988 in
1529 1937 1722 1998 Deum,
1765 1945 1820 1989 ct
1855 1936 1957 2003 ipsi
2015 1943 2178 1988 erunt
2216 1935 2347 1988 lltilll

779 2028 831 2079 in
863 2029 1122 2095 populum
1151 2029 1216 2080 η’.
1259 2047 1274 2072 δ
1300 2057 1365 2065 -—
1393 2048 1409 2076 ι
1441 2028 1610 2094 Igitur
1639 2027 1775 2080 lides
1803 2042 1870 2079 cx
1887 2027 2096 2089 auditu,
2130 2027 2351 2081 auditus

774 2128 955 2170 autent
1006 2133 1102 2186 per
1137 2119 1364 2170 verbum
1401 2118 1495 2171 Dei
1524 2119 1587 2178 ³ο,
1625 2137 1642 2169 ι
1683 2127 1902 2187 oportet
1937 2118 2083 2170 enim
2113 2119 2347 2186 primum

778 2209 989 2270 audire,
1037 2209 1235 2261 deinde
1291 2210 1345 2260 iu
1400 2219 1580 2263 mente
1620 2219 1675 2262 et
1721 2208 1887 2262 corde
1949 2210 2199 2276 accipere
2254 2209 2347 2262 Dei

777 2299 942 2351 verba
973 2309 1028 2352 et
1069 2300 1330 2362 credere;
1361 2301 1503 2351 sicut
1547 2318 1565 2349 ι
1595 2300 1868 2353 Abraham
1908 2301 2268 2354 crediditheo
2296 2310 2352 2354 et

779 2397 1091 2455 reputatum
1142 2389 1215 2440 illi
1251 2389 1303 2440 in
1333 2390 1599 2458 justitiam
1631 2390 1696 2444 ³¹.
1753 2409 1854 2439 ισ-
1876 2409 1894 2440 ι
1926 2390 2190 2454 Quoniam
2241 2406 2350 2444 non

775 2480 1165 2548 justilieabitur
1197 2496 1263 2532 ex
1314 2480 1575 2547 operibus
1623 2481 1757 2549 legis
1809 2481 1988 2533 omnis
2035 2497 2162 2534 caro
2197 2482 2256 2534 ⁸¹.
2325 2501 2344 2532 ι

775 2599 847 2608 --
875 2591 892 2621 ι
917 2572 1244 2638 Quicunque
1300 2572 1446 2624 enim
1479 2588 1544 2625 ex
1577 2573 1840 2640 operibus
1890 2573 2024 2642 legis
2066 2583 2213 2637 sunt,
2249 2575 2352 2626 sub

783 2660 1071 2712 maledicto
1104 2669 1266 2724 sunt;
1300 2661 1568 2728 scriptum
1592 2670 1674 2714 est
1710 2664 1856 2714 enim
1880 2680 1891 2712 :
1915 2664 2235 2718 .llaledietus
2258 2667 2349 2733 qui

780 2764 886 2800 non
926 2757 1207 2815 permanet
1231 2748 1284 2800 in
1313 2748 1571 2802 omnibus
1596 2765 1718 2817 quae
1747 2750 1949 2817 scripta
1972 2761 2099 2803 sunt
2130 2751 2183 2804 in
2208 2753 2352 2806 libro

780 2842 921 2906 legis
961 2841 1026 2894 ad
1079 2841 1388 2894 faciendum
1439 2858 1500 2895 ea
1555 2842 1617 2896 ³³.
1653 2861 1671 2894 ι
1726 2843 2011 2897 Neminem
2051 2855 2233 2899 autem
2297 2847 2349 2901 iu

782 2930 902 2996 lege
931 2929 1220 2996 justilicari
1266 2930 1408 2997 ame
1453 2931 1644 2992 Deum,
1696 2933 2046 3000 persl'iieuum
2082 2944 2185 2994 est.
2224 2939 2349 3004 quia

775 3021 958 3088 justus
1005 3036 1067 3072 ex
1117 3019 1221 3072 title
1261 3020 1405 3072 vivet
1439 3020 1483 3050 "‘
1533 3021 1587 3074 in
1648 3021 1806 3089 ipsis;
1847 3021 2121 3076 Abraham
2166 3035 2351 3079 autem

779 3110 1014 3164 credidit
1070 3111 1180 3162 Deo
1222 3119 1278 3163 et
1334 3119 1645 3178 reputatqu
1708 3122 1791 3164 est
1835 3111 1913 3164 illi
1959 3111 2014 3164 in
2053 3114 2342 3182 justitiam.

780 3202 1092 3255 l’rmvidens
1125 3201 1411 3270 Scriptura
1439 3220 1504 3256 ex
1554 3204 1657 3256 [ide
1702 3203 2128 3274 justiﬁcaturum
2156 3218 2345 3277 gentes
2371 3173 2417 3234 ε

780 3293 971 3356 Deum,
1026 3293 1414 3361 pneuuutiarit
1453 3294 1704 3348 Abrahze.

849 3499 1068 3555 Noscite
1107 3518 1237 3571 ergo
1277 3503 1380 3556 hos
1428 3505 1519 3572 qui
1571 3521 1638 3558 ex
1678 3505 1783 3561 ﬁde
1833 3517 1982 3572 sunt,
2032 3525 2154 3565 esse
2205 3511 2346 3567 ﬁlius

785 3591 1031 3644 Ahrabm.
1056 3612 1072 3642 ι
1102 3591 1526 3648 Λιιιιιιιίυιιιιιοιιι
1550 3596 1708 3651 dicta:
1725 3607 1851 3652 sunt
1877 3601 2267 3670 promissioncs
2291 3613 2348 3658 et

781 3683 973 3734 semini
1002 3683 1146 3750 ejus;
1171 3700 1278 3737 non
1323 3685 1456 3738 dieit
1489 3704 1503 3739 :
1532 3687 1587 3740 In
1610 3691 1910 3744 seminibus
1939 3694 2094 3760 quasi
2125 3695 2179 3747 in
2206 3698 2347 3748 mul-

783 3771 871 3831 tis,
918 3770 1012 3823 sed
1047 3773 1199 3836 quasi
1236 3773 1288 3825 in
1323 3790 1452 3838 uno,
1485 3775 1542 3829 In
1571 3779 1778 3832 semine
1813 3789 1924 3833 tuo.
1950 3781 2063 3836 lloc
2086 3793 2169 3838 est
2197 3787 2346 3840 enim

787 3868 1170 3913 testamentum
1193 3872 1317 3915 ante
1343 3865 1721 3920 continuatum
1753 3884 1782 3921 a
1809 3869 1919 3923 Deo
1946 3871 1999 3924 in
2028 3872 2304 3927 Christum
2327 3891 2342 3940 ;

782 3953 866 4004 lex
898 3969 1017 4020 quae
1055 3963 1176 4022 post
1203 3965 1478 4010 trecentos
1510 3959 1728 4027 triginta
1753 3977 1926 4015 annos
1952 3963 2090 4018 facta
2122 3975 2201 4019 est
2235 3983 2343 4022 non

782 4053 942 4097 nocet
963 4054 1022 4096 ut
1037 4046 1328 4114 abrogetur
1346 4049 1635 4115 promissio
1651 4052 1736 4103 ³⁸⁸.
1759 4070 1777 4102 ι
1803 4052 1869 4107 Ει
1887 4063 2046 4108 vetus
2064 4055 2344 4126 Scriptura

786 4141 1168 4186 testamentum
1217 4135 1310 4186 Dei
1363 4145 1522 4188 vocat
1579 4137 1720 4192 hanc
1771 4155 1892 4208 qua:
1939 4143 2007 4197 ad
2069 4146 2343 4201 Abraham

782 4225 920 4276 facta
965 4231 1049 4276 est
1097 4225 1424 4292 promissio;
1476 4228 1728 4294 promisit
1767 4241 1948 4286 autem
2006 4249 2106 4302 per
2156 4251 2341 4292 semen

781 4317 1011 4368 Abrahze
1063 4316 1468 4373 benedicendas
1522 4334 1643 4373 esse
1687 4331 1875 4389 gentes
1933 4325 2103 4380 totius
2153 4329 2343 4384 mundi

783 4409 906 4471 Dei;
943 4409 1044 4460 hoe
1099 4424 1230 4461 vero
1263 4425 1447 4463 semen
1501 4411 1616 4480 ipse
1664 4423 1747 4468 est
1780 4415 2044 4473 Dominus
2070 4418 2340 4476 Christus.

1968 368 2026 427 S.
2070 367 2467 426 ANASTASII
2509 369 2838 428 SINAITE

1600 495 1614 532 :
1655 497 1673 528 ι
1702 476 1876 532 llotlic
1915 477 1959 532 si
1990 492 2180 532 vocem
2232 480 2350 547 ejus
2380 487 2421 540 Α
2452 477 2579 540 τοὺς
2612 479 2975 530 κατέπαυσεν·
3013 479 3072 531 ἐν
3098 482 3234 551 αὐτῇ
3271 483 3325 534 δὲ
3357 479 3424 552 ἦν
3453 483 3545 535 καὶ
3569 483 3710 544 θεῖος
3737 484 3902 534 Δαϐὶί
3932 488 4021 537 ὅτε

3882 375 4018 436 12.32

2445 569 2617 621 ταῦτα
2664 571 2903 639 εἰρηκὼς
2945 572 3310 639 ἐπηγγείλατο
3357 577 3453 644 τὴν
3507 576 3890 627 κατάπαυσιν·
3941 577 4022 634 τὸ,

2453 677 2470 708 ι
2501 659 2743 728 Σήμερον
2781 660 2876 712 ἐὰν
2896 661 2994 730 τῆς
3023 662 3204 731 φωνῆς
3229 665 3392 717 αὐτοῦ
3440 664 3710 734 ἀκούσητε
3734 707 3748 728 ι
3774 684 3793 716 ³
3833 666 3927 718 *3"
3959 682 4023 715 τλ

2445 751 2590 816 ἑξῆς.

2520 861 2583 911 Ἀ
2595 878 2660 928 ρα
2684 860 2774 912 οῦν
2794 862 3146 916 ἀπολείπεται
3163 865 3245 917 ’ἑτε
3257 881 3347 934 ρος
3367 866 3732 935 σαϐϐατισμὸς
3750 868 3844 918 καὶ
3864 868 4023 933 ἑτέρα

2445 952 2808 1013 κατάπαυσις.
2831 954 2950 1020 ἥτις
2977 955 3124 1027 ἐστὶν
3143 958 3222 1017 εἰς
3242 958 3471 1024 Χριστὸν
3504 959 3704 1019 πίστις,
3726 958 3912 1018 καθὼς
3935 959 4022 1007 λέ-

2445 1056 2529 1106 γει
2564 1039 2762 1108 Κύριος
2782 1040 3145 1110 διαἹερεμίου
3174 1043 3265 1095 τοῦ
3285 1047 3582 1113 προφήτουο
3613 1041 3783 1098 (Ἲδοῦ
3813 1049 4019 1115 ἡμέραι

2445 1131 2688 1201 ἔρχονται
2722 1133 2813 1184 καὶ
2843 1134 3162 1202 διαθήσομαι
3222 1135 3299 1203 τῷ
3348 1137 3480 1205 οἴκῳ
3546 1137 3758 1207 Ἰσραὴλ
3797 1140 3892 1190 καὶ
3945 1138 4020 1203 τῷ

2444 1226 2576 1291 οἴκῳ
2610 1223 2775 1274 Ἰούδα
2803 1224 3065 1294 διαθήκην
3096 1228 3342 1294 καινήν·ι
3373 1228 3430 1278 ἐν
3470 1229 3546 1297 τῷ
3575 1229 3756 1295 λέγειν
3790 1229 4014 1296 καινὴν,

2447 1313 2795 1368 πεπαλαίωκε
2813 1316 2910 1382 τὴν
2939 1316 3178 1385 πρώτην
3204 1335 3221 1366 ι
3239 1318 3313 1369 Οὐ
3345 1318 3486 1370 κατὰ
3511 1319 3610 1388 τὴν
3645 1321 3915 1386 διαθήκην
3955 1321 4018 1388 ἦν

2446 1403 2700 1474 διεθέμην
2723 1408 2838 1468 τοῖς
2867 1409 3144 1477 πατράσιν
3171 1409 3349 1461 αὐτῶν
3384 1411 3442 1462 ἐν
3479 1411 3663 1480 ἡμέρα
3690 1411 4018 1478 ἐπιλαϐομὲ-

2447 1514 2537 1549 vos
2571 1515 2670 1567 μου
2705 1499 2800 1568 τῆς
2829 1498 3011 1569 χ-ιρὸς
3056 1500 3220 1552 αὐτοῦ
3249 1499 3536 1568 ἐξαγαγεῖν
3583 1503 3778 1566 αὐτοὺς
3816 1507 3884 1556 ἐκ
3915 1505 4016 1571 γῆς

2447 1589 2752 1655 Αἰγύπτου,
2809 1591 2892 1640 ὅτι
2937 1590 3091 1641 αὐτοὶ
3133 1592 3234 1644 οὐκ
3285 1592 3570 1660 ἐνέμειναν
3609 1593 3709 1659 τὴν
3741 1594 4016 1664 διαθήκην

2451 1694 2573 1745 μου·
2595 1680 2688 1730 καὶ
2715 1679 2827 1745 ἐγὼ
2858 1680 3108 1748 ἠμέλησα
3139 1681 3360 1746 αὐτοὺς,
3394 1684 3526 1751 φησὶ
3556 1682 3782 1752 Κύριος.
3811 1686 3896 1736 ὅτι
3923 1686 4015 1737 αὗν

2447 1785 2515 1835 τη
2555 1771 2586 1838 ὴ
2621 1769 2852 1839 διαθήκη
2890 1771 2956 1840 ἢν
2983 1770 3310 1842 διαθήσομαι
3347 1774 3425 1843 τῷ
3465 1774 3602 1842 οἴκῳ
3651 1776 3912 1846 Ἰσραὴλ,
3940 1777 4016 1829 δι-

2448 1859 2570 1920 δοὺς
2609 1859 2806 1928 νόμους
2846 1878 2946 1930 μου
2997 1863 3075 1924 εἰς
3115 1863 3213 1934 τὴν
3255 1863 3491 1917 διάνοιαν
3527 1866 3705 1918 αὐτῶν
3730 1906 3744 1929 ,
3780 1870 3878 1920 καὶ
3929 1869 4017 1920 ἐπὶ

2450 1951 2674 2020 καρδίαν
2704 1952 2882 2004 αὐτῶν
2911 1953 3200 2025 ἐπιγράψω
3229 1954 3443 2019 αὐτούς·
3481 1959 3573 2011 καὶ
3610 1959 3802 2029 ἔσομαι
3835 1961 4016 2024 αὐτοῖς

2451 2045 2530 2103 είς
2559 2043 2712 2104 Θεὸν,
2744 2043 2838 2095 καὶ
2862 2045 3013 2106 αἱς-τοὶ
3041 2046 3256 2099 ἔσονταί
3285 2065 3369 2115 μοι
3411 2050 3488 2112 εἰς
3511 2051 3656 2105 λαόν.
3691 2072 3709 2104 ι
3739 2083 3810 2092 ——
3832 2071 3851 2102 ι
3883 2056 4020 2123 Ἀρα

2449 2131 2540 2183 οῦν
2568 2133 2599 2200 ἡ
2634 2133 2814 2196 πίστις
2839 2133 2897 2198 ἐξ
2928 2137 3118 2204 ἀκοῆς,
3146 2139 3177 2205 ἠ
3203 2136 3247 2189 δ’
3278 2139 3414 2209 ἀκοὴ
3442 2139 3529 2192 διὰ
3553 2143 3799 2212 ῥήματος
3823 2143 4014 2197 Θεοῦί

2449 2223 2530 2275 δεῖ
2552 2223 2660 2292 γέερ
2715 2226 2930 2293 πρῶτον
2963 2228 3216 2292 ἀκοῦσαι,
3246 2226 3364 2284 εἶτα
3392 2235 3448 2284 ἐν
3486 2233 3694 2304 διανοίᾳ.
3733 2236 3830 2286 καὶ
3863 2239 3923 2288 ἐν
3955 2239 4019 2306 τῇ

2452 2316 2645 2384 καρδία
2689 2316 2946 2380 δέξασθαι
2992 2320 3085 2372 τοῦ
3119 2321 3253 2373 Θεοῦ
3308 2325 3528 2394 ῥήματα
3559 2326 3655 2378 καὶ
3703 2327 4022 2380 πιστεῦσαιο

2451 2405 2697 2475 καθάπερ
2726 2409 2816 2459 καί
2839 2427 2852 2439 ’
2890 2428 2909 2460 ε
2957 2411 3191 2482 Λϐραὰμ
3213 2414 3499 2468 ἐπίστευσε
3528 2417 3604 2486 τῷ
3635 2418 3776 2487 Θεῷ,
3797 2422 3894 2471 καὶ
3915 2421 4022 2473 ξλο.

2451 2497 2609 2567 γίσθη
2643 2498 2788 2568 αὑτῷ
2812 2501 2887 2564 είς
2917 2502 3279 2573 δικαιοσύνην.
3310 2526 3328 2558 ι
3363 2536 3431 2546 —-
3467 2527 3485 2558 ι
3526 2509 3669 2561 Διότι
3702 2512 3763 2561 οὐ
3801 2511 4023 2563 δικαιωο

2453 2589 2672 2657 θήσεται
2723 2592 2779 2657 ἐξ
2832 2592 3008 2662 ἔργων
3057 2595 3220 2665 νόμου
3262 2599 3408 2650 πᾶσα
3453 2600 3605 2668 σάρξ.
3648 2619 3668 2651 ι
3703 2631 3770 2641 -ο-
3809 2621 3827 2651 ι
3869 2604 4021 2655 Ὅσοι

2451 2680 2559 2746 γάρ
2585 2679 2643 2743 ἐξ
2668 2681 2842 2749 ἔργων
2871 2685 3035 2753 νόμου
3066 2686 3222 2748 εἰσὶν,
3255 2687 3358 2739 ὑπὸ
3389 2691 3630 2760 κατάραν
3657 2689 3783 2742 είσί·
3815 2698 4020 2762 γέγρα-

2453 2787 2582 2822 πται
2606 2772 2732 2841 γάρ·
2765 2774 3192 2846 Ἐπικατάρατος
3210 2777 3267 2840 ὃς
3291 2779 3389 2831 οὐκ
3411 2781 3634 2849 ἐμμένει
3667 2784 3725 2834 ἐν
3755 2786 3894 2835 πᾶσι
3915 2787 4022 2846 τοῖς

2451 2864 2858 2932 γεγραμμένοις
2893 2869 2948 2918 ἐν
2989 2868 3065 2937 τῷ
3110 2869 3297 2939 βιϐλίῳ
3323 2870 3417 2923 τοῦ
3467 2873 3629 2942 νόμον
3661 2874 3757 2927 τοῦ
3797 2876 4021 2944 ποιῆσαι

2453 2953 2607 3005 αὑτά*
2648 2973 2665 3004 ι
2701 2957 2780 3007 ὅτι
2813 2957 2866 3008 δὲ
2902 2961 2957 3009 ἐν
3009 2960 3157 3030 νόμῳ
3202 2963 3376 3026 οὐδεὶς
3399 2964 3695 3018 δικαιοῦται
3741 2969 3898 3035 παρὰ
3947 2968 4020 3036 τῷ

2451 3037 2588 3106 Θεῷ,
2621 3038 2778 3108 δῆλον
2810 3043 2892 3094 ὅτι
2922 3047 2950 3095 6
2983 3045 3187 3110 δίκαιος
3217 3049 3281 3101 ἐκ
3309 3051 3544 3115 πίστεως
3579 3053 3802 3124 ζήσεται
3830 3059 3891 3108 ἐν
3929 3059 4020 3110 αὑ-

2453 3131 2584 3190 τοῖς
2611 3133 2639 3182 6
2660 3130 2715 3183 δὲ
2764 3132 3010 3204 ’Λϐραὰμ
3049 3138 3335 3193 ἐπίστευσε
3374 3142 3451 3212 τῷ
3495 3143 3612 3213 Θεῷ
3643 3147 3739 3198 καὶ
3768 3147 4017 3218 ἐλογίσθη

2452 3220 2598 3290 αὐτῷ
2623 3222 2702 3285 εἰς
2726 3223 3090 3296 δικαιοσύνην·
3125 3231 3414 3297 προϊδοῦσα
3453 3233 3510 3284 δέ
3540 3237 3573 3302 ὴ
3613 3235 3804 3306 Γραφὴ
3832 3241 3920 3291 ὅτι
3959 3242 4018 3292 ἐκ

2452 3310 2687 3374 πίστεως
2715 3315 2913 3369 δικαιοῖ
2938 3319 3008 3371 τά
3027 3318 3151 3390 ἔθνη
3178 3322 3207 3373 6
3231 3321 3386 3388 Θεὸς,
3415 3327 3923 3394 προευηγγελίσατο
3945 3331 4017 3401 τῷ

2461 3401 2732 3475 Ἀϐραάμ.

2519 3515 2819 3570 Γινώσκετε
2857 3518 2948 3571 οῦν
2983 3521 3090 3591 ἄρα
3121 3523 3202 3574 ὅτι
3234 3525 3282 3575 oi
3305 3524 3368 3576 ἐκ
3394 3523 3651 3590 πίστεως,
3687 3521 3834 3582 οὗτοί
3879 3532 4014 3583 εἰσιν

2447 3604 2554 3656 υἱοὶ
2593 3604 2860 3677 ’Λϐραάμο
2892 3609 2970 3678 τῷ
2995 3610 3051 3662 δὲ
3093 3610 3344 3681 ’Λϐραάμ
3368 3614 3670 3684 ἐρρέθησαν
3699 3618 3754 3669 αἱ
3784 3620 4016 3687 ἐπαγγε-

2446 3697 2556 3751 λίαι
2588 3698 2771 3768 καὶτῷ
2803 3699 3074 3770 σπέρματι
3103 3702 3286 3754 αὐτοῦ’
3315 3704 3375 3755 οὺ
3402 3704 3568 3771 λέγει,
3587 3707 3672 3758 Ἐν
3703 3710 3814 3770 τοῖς
3841 3712 4012 3778 σπέρ-

2449 3803 2635 3856 μασιν,
2661 3787 2731 3849 ὡς
2751 3789 2840 3840 ἐπὶ
2856 3788 3083 3854 πολλῶν,
3107 3791 3220 3842 ἀλλ’
3252 3791 3325 3854 ὡς
3347 3795 3432 3860 ἐφ’
3459 3795 3595 3858 ἐνὸς,
3627 3795 3814 3867 Ἐντῷ
3842 3803 4012 3871 σπέρ-

2451 3877 2581 3946 ματί
2633 3894 2747 3930 σουο
2779 3878 2938 3931 τοῦτο
2981 3881 3089 3950 γάρ
3133 3883 3250 3933 ἐστι
3280 3881 3512 3954 διαθήκη
3544 3891 4012 3960 προκεκυρωμένη

2448 3966 2552 4018 ὑπὸ
2584 3966 2678 4019 τοῦ
2707 3968 2839 4048 Θεοῦ
2874 3970 2953 4032 είς
2981 3971 3237 4041 Χριστὸν,
3267 3972 3295 4025 6
3329 3975 3470 4043 μετὰ
3497 3978 3823 4045 τετρακόσια
3856 3983 4012 4051 τριά-

2449 4073 2611 4110 κοντα
2653 4058 2744 4128 ἔτη
2777 4059 3015 4126 γεγονὼς
3062 4062 3224 4131 νόμος
3246 4064 3349 4116 οὐκ
3387 4065 3582 4135 ἀκυροῖ
3609 4069 3691 4131 εἰς
3717 4068 3782 4121 τὸ
3805 4087 4014 4142 καταρ-

2446 4149 2610 4218 γῆσαι
2639 4149 2736 4220 τὴν
2765 4151 3115 4219 ἐπαγγελίαν·
3152 4155 3245 4207 καὶ
3268 4155 3303 4225 ὴ
3331 4156 3538 4210 παλαιὰ
3583 4159 3797 4230 Γραφὴῖ
3819 4161 4012 4231 διαθή-

2447 4255 2548 4308 κην
2573 4238 2666 4292 τοῦ
2695 4240 2828 4294 Θεοῦ
2857 4243 3012 4296 καλεῖ
3043 4243 3141 4314 τὴν
3172 4245 3305 4316 πρὸς
3344 4247 3436 4300 τὸν
3492 4248 3745 4320 Ἀϐραὰμ
3775 4269 4011 4323 γεγενη-

2449 4328 2618 4398 μένην
2649 4332 3015 4400 ἐπαγγελίαν⁸
3064 4336 3428 4405 ἐπηγγείλατο
3462 4337 3520 4392 δέ
3561 4339 3650 4394 διὰ
3696 4342 4012 4413 σπέρματος

2442 4420 2540 4472 τοῦ
2593 4421 2845 4493 Ἀϐραὰμ
2887 4425 3128 4494 εὐλογεῖν
3175 4427 3243 4480 τὰ
3291 4429 3420 4498 ἔθνη
3466 4431 3495 4483 6
3542 4431 3652 4484 τῶν
3687 4431 3828 4487 ὅλων
3856 4435 4010 4499 Θεόςο

781 4497 882 4548 l‘er
959 4495 1110 4549 illmu
1187 4499 1332 4550 enim
1413 4499 1619 4553 exitum
1707 4506 2003 4571 promissio
2082 4509 2340 4566 obtinuit.

2446 4511 2602 4565 τοῦτο
2625 4512 2682 4565 δὲ
2714 4515 2774 4566 τὸ
2816 4516 3037 4586 σπέρμα
3084 4518 3246 4582 αὐτός
3310 4495 3459 4574 ἐστιν
3494 4524 3524 4575 6
3569 4525 3850 4596 Δεσπότης
3879 4495 4016 4598 Χρί-

778 4586 909 4638 Nam
944 4586 986 4639 si
1015 4602 1079 4638 ex
1111 4587 1226 4655 lege
1255 4597 1340 4640 est
1367 4590 1675 4655 luereditas,
1708 4609 1818 4647 non
1861 4605 1943 4648 est
1990 4613 2056 4650 ex
2100 4602 2342 4668 promis-

778 4678 968 4741 sione;
1004 4678 1237 4732 Abl-aha)
1279 4691 1462 4733 autem
1514 4699 1612 4751 per
1653 4687 2074 4753 promissionem
2118 4691 2344 4747 donavit

779 4767 922 4819 Deus
946 4783 1154 4821 semen.
1177 4768 1319 4834 Quid
1347 4772 1515 4840 ergo?
1540 4773 1625 4827 lex
1649 4777 2150 4844 transgressionum
2176 4797 2340 4837 causa

777 4863 981 4907 statuta
1018 4867 1123 4917 est,
1157 4861 1462 4927 usquedmu
1513 4863 1728 4916 veniret
1775 4879 1963 4919 semen
2011 4868 2158 4936 quod
2211 4885 2341 4939 pro-

779 4946 1002 4998 missum
1029 4957 1167 5011 erat,
1200 4950 1265 5001 ad
1306 4951 1599 5006 utilitatem
1639 4962 1842 5008 statuta
1876 4966 1962 5010 est
1997 4957 2083 5011 lex
2126 4962 2344 5028 generis

779 5035 961 5104 hujus,
989 5054 1054 5091 ex
1084 5054 1194 5106 quo
1224 5055 1408 5093 semen
1436 5041 1569 5096 illud
1595 5043 1831 5098 debebat
1870 5050 2174 5106 secundum
2217 5069 2341 5108 car-

779 5140 904 5178 nem
943 5127 1133 5191 exire;
1181 5138 1383 5184 statuta
1421 5141 1505 5186 est
1541 5144 1722 5188 autem
1767 5127 1976 5208 angelis
2026 5143 2343 5199 ministran-

780 5219 947 5282 tibus,
992 5227 1048 5272 et
1102 5220 1264 5289 hujus
1310 5221 1648 5277 institutioni
1694 5226 1877 5297 Moyse
1915 5232 2210 5286 serviente.
2247 5233 2343 5288 Sin

778 5316 961 5359 autem
1020 5307 1243 5360 Iudaeus
1301 5309 1516 5364 vocaris
1576 5320 1633 5364 et
1695 5329 2016 5380 perseveras
2073 5319 2128 5372 in
2199 5320 2340 5390 lege,

778 5395 932 5462 quasi
975 5396 1029 5448 in
1077 5396 1196 5466 lege
1234 5397 1492 5467 glorians,
1537 5415 1635 5470 per
1679 5407 2170 5474 transgressionem
2211 5410 2344 5481 legis

779 5484 949 5538 Deum
989 5484 1314 5553 inhonoras;
1399 5489 1753 5546 circumcisio
1799 5496 1946 5548 enim
1997 5498 2244 5566 prodest,
2297 5502 2341 5555 si

849 5657 892 5686 "'
926 5656 1127 5712 Jerem.
1169 5676 1312 5722 xxxi,
1353 5663 1440 5715 5|.

1511 5665 1555 5695 ²⁹
1596 5663 1731 5720 ibid.
1775 5665 1860 5727 53,
1905 5671 1991 5722 35.

779 5723 826 5757 ⁸⁵
859 5728 1030 5782 tialat.
1063 5745 1119 5790 ιι,
1170 5731 1248 5783 l0.

1327 5733 1368 5762 ”
1401 5733 1574 5787 (lalat.
1604 5749 1680 5797 tu,
1730 5735 1806 5789 ll.
1872 5740 1934 5772 ³³·
1966 5739 2097 5792 ibid.
2139 5743 2220 5803 l6,
2260 5743 2340 5796 l7.

2071 5671 2114 5702 ³⁸
2159 5670 2312 5728 norit.
2355 5690 2404 5740 ιι,
2453 5677 2536 5731 l7.

2449 4599 2592 4659 στος·
2621 4599 2687 4651 δι’
2726 4601 2889 4654 αὑτοῦ
2919 4604 3028 4673 γὰρ
3060 4605 3232 4677 πέρας
3273 4609 3306 4677 ἡ
3355 4609 3644 4680 ὑπόσχεσις
3691 4615 3919 4669 ἔλαϐεν·
3965 4622 4013 4671 εἰ

2446 4688 2555 4757 γάρ
2600 4690 2664 4742 ἐκ
2710 4691 2875 4760 νόμον
2905 4693 2938 4762 ἡ
2972 4694 3325 4766 κληρονομία,
3365 4700 3464 4752 οὐκ
3494 4701 3640 4754 ἔστιν
3667 4704 3727 4767 ἐξ
3777 4707 4016 4776 ἐπαγγεο

2446 4777 2585 4840 λίαςο
2638 4779 2714 4848 τῷ
2755 4780 2812 4834 δὲ
2863 4782 3111 4854 Ἀϐραὰμ
3145 4786 3214 4838 δι’
3260 4789 3594 4858 ἐπαγγελίας
3625 4797 3950 4866 κεχάρισται
3987 4803 4016 4854 6

2448 4869 2579 4930 Θεὸς
2616 4869 2677 4922 τὸ
2712 4872 2953 4942 σπέρμα.
2980 4875 3043 4926 Τί
3074 4876 3194 4942 οῦν;
3238 4882 3266 4931 6
3299 4881 3460 4950 νόμος
3490 4882 3598 4934 τῶν
3644 4886 4016 4955 παραϐάσεων

2450 4958 2609 5051 χάριν
2642 4962 2966 5032 προσετέθη,
2993 4965 3152 5035 ἄχρις
3185 4961 3244 5020 οὗ
3279 4966 3410 5036 ἦλθε
3444 4973 3504 5025 τὸ
3531 4974 3751 5045 σπέρμα
3782 4978 3812 5030 ὂ
3843 4981 4017 5051 ἐπήγ-

2450 5049 2656 5138 γελται,
2702 5051 2783 5112 είς
2829 5053 3150 5122 ἐπιμέλειαν
3185 5059 3343 5129 ἐτέθη
3392 5064 3420 5114 6
3469 5063 3632 5132 νόμος
3677 5066 3773 5119 τοῦ
3808 5049 4016 5138 γένοῦς,

2452 5140 2511 5204 ἐξ
2541 5137 2602 5194 οὗ
2645 5143 2704 5195 τὸ
2755 5146 2976 5216 σπέρμα
3010 5149 3234 5216 ἔμελλεν
3269 5155 3445 5207 ἐκεῖνο
3490 5158 3630 5211 κατὰ
3664 5160 3846 5230 σάρκα
3893 5165 4020 5232 βλα-

2452 5234 2686 5326 στάνειν·
2732 5237 2890 5307 ἐτέθη
2933 5239 2988 5292 δὲ
3027 5243 3272 5309 ἀγγέλων
3319 5246 3780 5317 ὑπουργούντων,
3823 5257 3918 5307 καὶ
3956 5261 4019 5326 τῇ

2449 5323 2637 5376 τούτου
2666 5325 2809 5379 θέσει
2834 5330 3111 5395 Μωῦσέως
3145 5335 3538 5401 διακονοῦντος.
3573 5341 3634 5394 Εἰ
3668 5341 3725 5395 δέ
3768 5323 4020 5408 Ἰουδαῖος

2448 5413 2702 5483 ὀνομάζει
2732 5418 2826 5470 καὶ
2859 5422 3183 5495 ἐπαναπαύῃ
3216 5425 3292 5496 τῷ
3325 5429 3496 5498 νόμῳ,
3530 5430 3604 5493 ὡς
3631 5434 3688 5484 ἐν
3713 5434 3867 5504 νόμῳ
3894 5455 4020 5490 καυ-

2449 5505 2666 5572 χᾶσθαι,
2693 5507 2777 5560 διὰ
2796 5509 2894 5578 τῆς
2911 5513 3267 5581 παραϐάσεως
3282 5517 3372 5570 τοῦ
3391 5519 3554 5588 νόμου
3569 5521 3657 5573 τὸν
3669 5521 3804 5576 Θεὸν
3821 5525 4018 5594 ἀτιμάο

2616 5679 2656 5709 ³¹
2698 5680 2836 5738 Geu.
2884 5700 2968 5744 xv,
3011 5686 3260 5751 6;ltom.
3305 5706 3375 5754 tr,
3420 5692 3470 5746 5.
3551 5695 3594 5726 ³⁸
3633 5694 3810 5751 Galat.
3853 5713 3891 5763 ι,
3939 5699 4018 5759 Ιϋ.
