4190 6438
153 325 170 381 l
183 326 293 386 953

1175 323 1627 383 IllSPU'l'A'l‘lU
1660 323 2078 384 ADVERSUS.
2097 324 2421 385 JUDJSOS.

3289 332 3424 398 ιεδι

144 436 288 499 ζεις·
312 433 589 504 περιτομὴ
609 434 707 504 μὲν
721 434 939 503 ὠφελεῖ.
967 434 1061 488 ἐὰν
1081 441 1243 506 νόμον
1266 436 1546 506 πράσσειςο
1572 436 1667 487 ἐὰν
1686 437 1719 487 δ.

1845 438 2021 506 legem
2064 437 2484 504 observaveris;
2523 440 2569 494 si
2602 455 2733 495 vero
2762 450 3137 511 transgressor
3168 445 3304 515 legis
3339 466 3419 513 es,

144 526 490 596 παραϐάτης
530 528 699 594 νόμου
756 525 845 602 ᾖς,
887 531 919 599 ἡ
954 530 1226 599 περιτομή
1276 546 1370 581 σου
1411 528 1719 600 ἀκροϐυστίι

1847 527 2203 582 circumcisio
2234 538 2326 582 tua
2350 532 2677 598 przeputium
2704 531 2844 587 facta
2871 544 2994 595 est;
3029 534 3169 588 sicut
3205 536 3281 589 ait
3330 535 3425 590 Je-

141 618 363 680 γέγονε,
394 616 539 670 καθά
568 634 734 687 φησιν
769 618 1071 687 Ἱερεμίας,
1102 619 1182 671 ὃτι
1217 636 1236 670 ι
1266 619 1451 672 Πάντα
1503 620 1572 671 τὰ
1617 619 1743 688 ἔθνη

141 710 505 777 ἀπερίτμητα
542 714 605 779 τῇ
641 712 825 780 σαρκὶ,
863 714 891 763 ὁ
925 713 981 764 δέ
1015 708 1161 773 οἶκος
1195 712 1409 781 Ἰσραὴλ
1432 712 1741 781 ἀπερίτμη-

142 817 227 861 τος
242 804 311 870 τῇ
331 801 543 869 καρδία.
576 819 697 852 ι--σ
720 802 1129 872 Περιτμιιθῆναι
1144 802 1222 872 τῷ
1235 802 1353 871 Θεῴ
1369 803 1464 855 καὶ
1477 819 1743 872 περιτμη-

142 891 308 959 θῆναι
322 892 428 961 τὴν
461 893 937 963 άκροϐυστίαντῆς
952 892 1174 961 καρδίας
1198 891 1615 961 ὑμῶν.»-ιΔιά
1632 892 1741 959 γάρ

141 983 312 1049 νόμον
350 984 652 1050 ἐπίγνωσις
678 982 969 1053 ἁμαρτίας·
1006 984 1101 1035 νῦν
1131 984 1239 1051 γάρ
1263 982 1577 1051 δικαιοσύνη
1603 983 1738 1034 Θεοῦ

144 1076 538 1143 πεεξανέρωται
568 1076 997 1144 μαρτυρουμένη
1025 1074 1130 1126 ὑπὸ
1162 1075 1328 1144 νόμου
1355 1076 1448 1127 καὶ
1472 1074 1579 1126 τῶν
1607 1092 1739 1143 προσ

144 1166 359 1229 σητῶν·
394 1166 714 1234 δικαιοσύνη
748 1166 804 1218 δὲ
842 1165 979 1218 Θεοῦ
1011 1165 1101 1218 διὰ
1132 1166 1369 1228 πίστεως
1395 1165 1569 1234 Ἰησοῦ
1599 1168 1735 1235 Χρι-

144 1256 272 1308 στοῦ
310 1259 395 1319 εἰς
450 1261 660 1321 πάντας
699 1260 795 1311 καὶ⁸
827 1260 922 1311 ἐπὶ
955 1260 1167 1320 πάντας
1196 1260 1321 1320 τοὺς
1362 1260 1732 1320 πιστεύοντας,

138 1349 511 1419 δικαιούμεθα
539 1351 747 1422 δωρεὰν
772 1354 839 1420 τῇ
874 1352 1042 1404 αὐτοῦ
1068 1350 1251 1420 χάριτι
1280 1351 1370 1403 διὰ
1399 1353 1497 1420 τῆς
1525 1349 1730 1403 ἀπολυο

140 1441 403 1507 τρῶσεως
436 1440 538 1509 τῆς
571 1444 631 1493 ἐν
668 1442 892 1512 Χριστῷ
932 1440 1131 1511 Ἰησοῦ.
1178 1460 1197 1492 ι

211 1608 232 1639 ι
262 1588 615 1659 Λογιζόμεθα
661 1588 754 1643 οὖν
785 1588 968 1641 πίστει
1018 1588 1367 1642 δικαιοῦσθαι
1431 1589 1730 1656 ἄνθρωπον

145 1684 318 1750 χωρτς
366 1680 547 1751 ἐργων
578 1681 769 1751 νόμου.
796 1700 814 1733 ι
853 1681 952 1747 Τί;
992 1700 1011 1731 ι
1058 1682 1331 1733 Ἰουδαίων
1372 1682 1400 1733 δ
1445 1682 1577 1743 Θεὸς
1634 1682 1729 1751 μό-

1847 619 2049 673 remias
2070 637 2084 674 :
2109 641 2126 672 ι
2158 620 2361 677 Omnes
2380 632 2573 691 gentes
2594 624 2991 678 incircumcisa:
3017 640 3203 688 carne,
3228 627 3425 683 domus

1843 724 1981 763 vero
2003 711 2166 765 Israel
2193 713 2580 767 incircumcisa
2601 715 2769 767 corde
2787 716 2850 766 ".
2885 735 2902 766 ι
2930 747 2999 755 -
3034 735 3052 766 ι
3087 717 3421 771 Circumeidi

1842 800 1955 853 Deo
1992 810 2048 854 et
2087 802 2416 856 circumcidi
2467 804 2522 857 in
2566 805 2839 873 pra‘putio
2891 806 3074 859 cordis
3102 809 3273 861 vestri
3297 808 3362 863 ".
3399 828 3416 859 ι

1838 920 1911 929 -
1942 909 1959 941 ι
1994 891 2098 944 Per
2132 891 2310 961 legem
2355 893 2501 946 enim
2552 895 2797 963 cognitio
2845 896 3094 962 peccati;
3140 912 3289 948 ltllllc
3326 899 3419 967 ju-

1840 981 1990 1035 stitia
2030 983 2124 1036 Dei
2160 984 2508 1038 manifestata
2539 996 2622 1038 est
2655 986 2946 1039 testiﬁcata
2982 1002 3011 1039 a
3059 987 3177 1055 lege
3211 998 3265 1040 et
3295 1006 3421 1057 pre-

1838 1074 2059 1142 phetis;
2103 1076 2321 1144 jnstitia
2371 1084 2555 1129 autem
2604 1076 2698 1129 Dei
2736 1094 2831 1144 per
2867 1078 3028 1131 tidem
3059 1078 3185 1132 Jesu
3211 1080 3414 1133 Christi

1839 1162 1895 1214 in
1931 1178 2123 1217 omnes
2159 1174 2216 1217 et
2244 1180 2413 1233 super
2436 1179 2640 1217 omnes
2686 1166 3013 1228 credentes;
3045 1168 3415 1236 justilieamur

1836 1254 2005 1319 gratis
2042 1256 2163 1323 ejus
2214 1256 2391 1324 gratia
2447 1270 2547 1323 per
2597 1256 3036 1325 redemptionem
3088 1258 3145 1313 in
3194 1258 3415 1313 Christo

1833 1341 1964 1397 Jesu
1984 1344 2047 1397 ³⁷.
2089 1364 2107 1395 ι

1913 1594 1931 1626 ι
1991 1576 2343 1630 Arbitrantur
2399 1594 2534 1647 ergo
2604 1579 2710 1635 ﬁde
2776 1579 3070 1650 justiﬁcari
3131 1582 3409 1637 hominem

1831 1668 2040 1737 absque
2098 1670 2363 1738 operibus
2422 1670 2557 1740 legis
2579 1672 2644 1724 ³⁸.
2705 1689 2722 1721 ι
2780 1671 2967 1737 Quid?
3021 1690 3040 1723 ι
3093 1673 3407 1727 Judzeornm

145 1791 255 1833 νον,
290 1774 419 1841 οὐχὶ
464 1773 557 1824 καὶ
589 1773 798 1838 ἐθνῶν;
830 1775 917 1825 ναὶ
948 1776 1043 1826 καὶ
1090 1773 1258 1826 ἐθνῶν
1279 1790 1293 1803 ·
1326 1774 1560 1842 ἐπείπερ
1583 1768 1663 1835 εἷς
1697 1774 1719 1825 δ

1831 1768 2045 1811 tantum
2106 1760 2246 1813 Dens
2302 1768 2408 1823 est,
2458 1776 2567 1813 non
2616 1762 2781 1815 etiam
2830 1763 3118 1832 gentium?
3154 1774 3307 1819 certe
3353 1775 3412 1819 et

140 1864 275 1924 (εος
314 1863 374 1925 ὃς
406 1863 690 1917 δικαιώσει
728 1864 1034 1934 περιτομὴν
1068 1868 1132 1917 ἐκ
1168 1866 1405 1927 πίστεως
1433 1867 1524 1917 καὶ
1558 1867 1725 1933 ἀκρο-

139 1955 372 2006 ίυστίαν
423 1954 512 2007 διὰ
559 1956 832 2018 πίστεως⁸
865 1956 941 2016 ὼς
985 1957 1150 2024 νόμον
1194 1956 1287 2009 οῦν
1339 1956 1727 2026 καταργοῦμεν

138 2045 224 2096 Eii
259 2045 364 2112 τῆ;
398 2047 638 2107 πίστεως
666 2063 681 2110 ;
707 2045 781 2114 μὴ
807 2045 1038 2112 γένοιτο,
1059 2045 1194 2097 ἀλλὰ
1224 2046 1388 2114 νόμον
1418 2044 1673 2112 ἱστῶμεν.
1701 2062 1719 2094 ι

134 2166 203 2175 --
238 2155 259 2186 ι
288 2134 359 2187 Τί
385 2136 492 2205 γὰρ
528 2137 560 2204 ἡ
595 2136 786 2206 Γραφὴ
816 2136 1004 2204 λέγεις
1045 2136 1369 2189 Ἐπίστευσε
1395 2135 1451 2187 δὲ
1476 2135 1727 2205 Ἀϐραὰμ

134 2226 212 2295 τῷ
243 2225 393 2293 Θεῷ,
426 2228 525 2278 καὶ
553 2226 809 2295 ἐλογίσθη
836 2227 983 2297 αὐτῷ
1012 2228 1089 2289 είς
1121 2225 1488 2294 δικαιοσύνην.
1514 2245 1532 2276 ι
1564 2228 1725 2291 Λέγει

134 2321 246 2390 γάρ
295 2319 326 2370 ὁ
366 2317 534 2369 Δαὸίδ
562 2335 576 2349 ο
606 2336 625 2369 ι
648 2320 924 2387 Μακάριοι
966 2312 1042 2371 ὧν
1084 2318 1366 2387 ἀφέθησαν
1394 2319 1450 2369 αἱ
1480 2316 1721 2385 ἀνομίαι,

137 2412 236 2459 ναὶ
286 2403 363 2459 ὧι
426 2407 901 2477 ἁπεκαλύφθησαν
952 2411 1009 2463 αί
1062 2409 1375 2479 ἁμαρτίαι·
1453 2407 1722 2475 μακάριος

140 2500 311 2571 ἀνὴρ,
351 2493 396 2566 ᾧ
435 2501 497 2553 οῦ
545 2500 620 2571 μὴ
666 2501 954 2570 λογίσηται
1003 2501 1209 2572 Κύριος
1264 2502 1559 2572 ἁμαρτίαν.
1600 2518 1617 2550 ι
1653 2528 1720 2538 —

141 2608 161 2640 ι
201 2591 263 2639 ὐ
298 2596 489 2659 νῦςέος,
528 2592 683 2660 φησὶ,
727 2596 841 2654 τοῖς
884 2594 1259 2663 ἁμαρτάνουσι
1306 2593 1405 2662 τὴν
1451 2592 1724 2661 τιμωρίαν

135 2682 340 2748 ἐπάγει
367 2696 381 2709 ·
424 2699 443 2731 ι
471 2680 573 2732 ὁδέ
606 2682 891 2751 προφήτης
930 2682 1226 2752 μακαρίζει
1252 2684 1377 2743 τοὺς
1406 2680 1515 2733 τῶν
1545 2680 1714 2750 ἁμαρ-

132 2771 410 2839 τημάτων
445 2769 775 2840 δεξαμένους
805 2774 905 2842 τὴν
932 2773 1157 2840 ἄφεσιν·
1190 2774 1218 2825 ὁ
1254 2772 1602 2841 μακαρισμὺς
1631 2769 1723 2823 οῦν

134 2857 291 2921 οὗτος
336 2862 433 2912 ἐπὶ
474 2861 572 2929 τὴν
620 2864 925 2934 περιτομὴν
970 2864 1002 2933 ἦ
1050 2863 1145 2916 ἐπὶ
1176 2863 1275 2932 τὴν
1319 2862 1719 2930 άκροϐυστίαν;

135 2954 378 3019 λέγομεν
410 2952 493 3004 ὅτι
538 2952 795 3022 ἐλογίσθη
840 2954 918 3023 τῷ
959 2953 1213 3023 Ἀϐραὰμ
1253 2955 1286 3022 ή
1320 2954 1506 3013 πίστις
1536 2952 1615 3013 είς
1644 2952 1725 3003 δι·

136 3040 461 3110 καιοσύνην
483 3042 600 3103 πῶς
628 3039 721 3095 οὖν
743 3043 1017 3112 ἐλογίσθη,
1047 3044 1105 3094 ἐν
1132 3045 1401 3113 περιτομῇ
1432 3042 1565 3103 δντι,
1596 3041 1630 3110 ἢ
1663 3044 1722 3093 ἐν

1828 1850 2112 1918 gentium;
2145 1849 2406 1917 quoniam
2438 1866 2583 1905 unus
2633 1853 2779 1905 Dens
2818 1854 2911 1921 qui
2940 1854 3263 1922 justiﬁcabit
3296 1856 3409 1908 cir-

1827 1940 2221 1995 cumcisionem
2278 1957 2342 1994 ex
2399 1942 2504 1996 ﬁde
2554 1952 2611 1996 et
2673 1945 3003 2013 pneputium
3062 1961 3160 2015 per
3219 1947 3403 2000 ﬁdem.

1827 2028 2025 2097 Legem
2051 2043 2185 2097 ergo
2214 2029 2557 2082 destruimus
2578 2046 2675 2099 per
2704 2031 2906 2084 ﬁdem?
2927 2034 3089 2095 absit.
3110 2034 3205 2088 sed
3230 2036 3405 2104 legem

1826 2122 2125 2174 statuimus
2146 2122 2212 2172 ³⁹.
2250 2138 2268 2170 ι
2320 2150 2391 2159 --
2443 2140 2461 2171 ι
2495 2122 2636 2186 Quid
2688 2125 2835 2175 enim
2891 2124 3177 2193 Scriptura
3228 2128 3408 2181 dicit?

1825 2211 2078 2266 Credidit
2131 2214 2410 2266 Abraham
2460 2213 2572 2267 Deo
2623 2222 2679 2267 et
2729 2224 3042 2283 reputatum
3096 2227 3181 2272 est
3224 2220 3303 2274 illi
3348 2220 3402 2274 in

1820 2302 2092 2371 justitiam
2110 2305 2190 2369 ⁸ος
2230 2325 2247 2355 ι
2284 2306 2419 2358 dicit
2462 2307 2611 2358 enim
2666 2307 2877 2361 David:
2924 2328 2942 2359 ι
2983 2310 3134 2364 Beati
3166 2327 3401 2381 quorum

1825 2395 2069 2448 remissa:
2114 2406 2244 2450 sunt
2297 2397 2647 2465 iniquitates,
2690 2408 2748 2451 et
2787 2414 3025 2468 quorum
3077 2412 3217 2456 tecta
3274 2415 3402 2459 sunt

1824 2493 2087 2552 peccata;
2115 2486 2309 2541 beatus
2354 2488 2462 2553 vir,
2504 2488 2595 2543 cui
2644 2503 2752 2544 non
2802 2488 3097 2561 imputahit
3134 2493 3402 2551 Dominus

1825 2589 2111 2647 peceatum
2132 2582 2199 2635 δι.
2230 2601 2249 2633 ι
2280 2614 2349 2622 -
2377 2604 2396 2634 ι
2422 2583 2550 2651 Lex,
2578 2586 2778 2655 inquit,
2810 2590 3170 2657 peccantibus
3189 2593 3403 2662 suppli-

1824 2671 1969 2725 cium
2001 2672 2193 2738 all‘ert;
2233 2694 2251 2725 ι
2298 2676 2574 2744 Propheta
2630 2688 2813 2731 autem
2874 2678 3063 2734 beatos
3117 2681 3256 2736 dicit
3304 2685 3398 2753 qtti

1824 2771 2178 2832 peccatorum
2224 2776 2557 2835 receperunt
2606 2770 3009 2826 remissionem.
3058 2772 3183 2827 llzec
3230 2775 3401 2844 igitur

1824 2855 2111 2910 beatitudo
2164 2860 2220 2911 in
2271 2858 2747 2915 circumeisionem
2796 2877 2866 2915 an
2930 2863 2984 2916 in
3033 2866 3401 2933 przeputium?

1823 2944 2069 2998 Dicimus
2087 2946 2321 3000 Abrahm
2341 2957 2649 3016 reputatam
2675 2964 2797 3003 esse
2828 2949 2991 3003 ﬁdem
3019 2952 3071 3004 in
3090 2953 3394 3021 justitiam;

1823 3036 2103 3103 quomodo
2130 3052 2265 3106 ergo
2291 3048 2545 3107 reputata
2570 3049 2677 3104 est,
2712 3041 2767 3093 in
2802 3041 3225 3099 circumcisione
3241 3062 3309 3100 an
3342 3047 3397 3099 in

136 3135 481 3206 ἁκροὸυστίᾳ
510 3153 525 3199 ;
551 3136 708 3204 δῆλον
732 3135 831 3187 οὐκ
859 3135 919 3187 ἐν
938 3137 1232 3205 περιτομῇ,
1263 3135 1378 3186 ἀλλ’
1400 3137 1457 3185 ἐν
1479 3132 1719 3202 ἀκροϐυ-

1827 3128 2130 3196 praeputio?
2156 3128 2393 3183 Evidens
2439 3140 2543 3192 est,
2578 3147 2689 3184 non
2723 3132 2777 3186 in
2818 3134 3261 3200 circumcisione,
3300 3138 3395 3193 sed

136 3232 261 3299 στία
286 3244 303 3256 ·
326 3229 425 3279 καὶ
449 3228 678 3295 σημεῖον
710 3224 870 3277 ἔλαϐε
900 3225 1204 3293 περιτομῆς
1224 3223 1495 3293 σφραγίδα
1518 3223 1614 3289 τῆς
1642 3222 1723 3275 διο

137 3316 437 3386 καιοσῦνης
464 3317 563 3385 τῆς
594 3316 832 3379 πίστεως
869 3316 971 3384 τῆς
1006 3318 1063 3367 ἐν
1090 3319 1155 3385 τῇ
1173 3314 1511 3384 άκροὸυστία
1540 3314 1620 3375 είς
1658 3313 1721 3365 τὸ

135 3405 278 3461 εἶναι
302 3408 469 3461 αὑτὸν
496 3409 708 3476 πατέρα
731 3408 952 3461 πάντων
972 3406 1081 3458 τῶν
1102 3405 1462 3458 πιστευόντων
1479 3403 1723 3476 δι’ἀκρο-

136 3500 392 3563 ϐυστίας,
424 3502 504 3562 εἰς
537 3500 597 3553 τὸ
621 3499 943 3568 λογισθῆναι
969 3499 1063 3551 καὶ
1093 3498 1280 3560 αὐτοῖς
1313 3497 1413 3566 τὴν
1442 3495 1719 3549 δικαιοσύ-

135 3607 268 3660 νην*
302 3592 409 3643 καὶ
438 3591 654 3661 πατέρα
684 3589 994 3659 περιτομῆς
1028 3590 1089 3640 οὐ
1124 3590 1238 3651 τοῖς
1293 3589 1357 3640 ἐκ
1413 3588 1718 3657 περιτομῆς

137 3684 322 3749 μόνον,
357 3681 497 3735 ἀλλὰ
540 3682 637 3734 καὶ
677 3685 788 3743 τοῖς
820 3680 1090 3749 στοιχοῦσι
1124 3683 1237 3742 τοῖς
1287 3679 1457 3748 ἴχνεσι
1494 3677 1594 3746 τῆς
1623 3676 1715 3727 πί-

135 3791 331 3836 στεως,
387 3777 499 3834 τοῖς
560 3776 618 3825 ἐν
661 3778 727 3843 τῇ
782 3773 1118 3843 ἀκροϐυστίᾳ
1160 3770 1255 3823 τοῦ
1304 3771 1510 3840 πατρὸς
1558 3768 1713 3838 ὑμῶν

143 3869 403 3938 Ἀϐραάμ
419 3886 431 3897 ’
452 3868 512 3921 οὐ
533 3867 643 3937 γάρ
658 3866 746 3919 διὰ
763 3867 928 3936 νόμου
948 3867 983 3936 ἠ
1009 3862 1309 3931 ἐπαγγελία
1330 3862 1409 3933 τῷ
1437 3860 1708 3931 Ἀϐραὰμ,

130 3963 159 4032 ῆ
192 3962 276 4033 τῷ
312 3962 595 4030 σπέρματι
626 3958 821 4021 αὐτοῦ,
852 3959 911 4011 τὸ
947 3956 1284 4027 κληρονόμος
1310 3951 1446 4007 εῖναι
1477 3954 1707 4024 κόσμου,

128 4052 269 4104 ἀλλὰ
302 4051 655 4121 δικαιοσύνης
677 4050 915 4111 πίστεως
934 4066 947 4078 ·
976 4050 1005 4101 δ
1033 4050 1144 4119 γὰρ
1182 4049 1345 4115 νόμος
1369 4045 1538 4116 ὀργὴν
1574 4062 1710 4098 κατ-

127 4143 465 4213 εργάζεται·
501 4140 621 4202 ἐθος
668 4142 779 4209 γὰρ
822 4140 902 4207 τῷ
934 4139 1083 4208 νόμῳ
1148 4136 1401 4200 κολάζειν
1448 4136 1573 4197 τοὺς
1604 4151 1710 4185 πα-

124 4233 497 4299 ραϐαίνοντας
520 4247 534 4260 ο
566 4224 626 4283 οὒ
656 4229 764 4300 γὰρ
794 4230 895 4282 οὐκ
940 4228 1055 4281 ἐστι
1086 4228 1269 4297 νόμος,
1296 4225 1417 4279 οὐδὲ
1449 4224 1705 4295 παράόα-

124 4341 240 4386 σις-
276 4323 369 4375 διά
398 4322 556 4374 τοῦτο
582 4325 646 4374 ἐκ
677 4321 935 4383 πίστεως,
965 4319 1053 4371 ἵνα
1077 4319 1220 4371 κατὰ
1247 4318 1409 4387 χάριν
1440 4312 1498 4391 ᾖ,
1528 4316 1609 4374 είς
1643 4313 1704 4367 τδ

1826 3222 1881 3274 in
1908 3224 2199 3291 przeputio.
2242 3224 2309 3277 Et
2343 3224 2560 3294 signum
2600 3227 2808 3295 recepit
2852 3226 3295 3282 circumcisionis
3322 3229 3398 3283 si-

1824 3315 2116 3382 gnaculum
2147 3315 2376 3384 justitim
2427 3316 2551 3371 ﬁdei
2580 3332 2701 3386 quae
2730 3327 2850 3372 erat
2893 3319 2948 3372 in
3007 3320 3300 3388 praeputio,
3335 3330 3391 3374 ut

1821 3412 1970 3457 esset
2007 3414 2166 3473 pater
2212 3406 2457 3459 omnium
2510 3408 2854 3462 credentium
2904 3424 2971 3463 ex
3009 3410 3300 3479 praeputio,
3336 3426 3395 3465 ut

1821 3504 2110 3563 reputetur
2156 3505 2214 3551 et
2253 3498 2336 3551 eis
2390 3498 2444 3551 in
2483 3499 2776 3568 justitiam,
2811 3508 2868 3553 et
2897 3509 3054 3570 pater
3099 3504 3392 3557 circumci-

1818 3583 1992 3639 sionis
2022 3602 2130 3639 non
2160 3587 2247 3643 his
2273 3588 2367 3656 qui
2402 3596 2532 3642 sunt
2576 3604 2643 3642 ex
2691 3590 3117 3646 circumcisione
3153 3603 3387 3657 tantmn,

1817 3676 1913 3729 Sed
1940 3678 2105 3731 etiam
2139 3678 2227 3732 his
2252 3680 2344 3748 qui
2377 3688 2686 3749 sequuntur
2719 3682 2944 3751 vestigia
2979 3682 3129 3747 ﬁdei,
3169 3685 3223 3738 in
3249 3703 3387 3755 pra:-

1813 3771 1970 3835 putio
2027 3772 2198 3840 patris
2244 3774 2413 3827 vestri
2456 3774 2711 3828 Abrahze.
2748 3776 2865 3828 Non
2898 3777 3046 3829 enim
3078 3794 3175 3846 per
3208 3779 3384 3850 legem

1813 3858 2108 3927 promissio
2131 3861 2363 3917 Abraha:
2401 3872 2496 3917 aut
2545 3865 2743 3918 semini
2789 3866 2931 3934 ejus,
2962 3867 3232 3921 lmredem
3265 3886 3386 3925 esse

1813 3952 2027 4015 mundi,
2054 3952 2151 4006 sed
2190 3970 2292 4022 per
2312 3955 2584 4023 justitiam
2612 3955 2773 4021 ﬁdei;
2800 3957 2883 4011 let
2917 3958 3064 4011 enim
3094 3959 3229 4012 iram
3256 3977 3385 4029 ope-

1812 4052 1985 4109 ratur,
2012 4060 2208 4114 nempe
2234 4061 2355 4099 mos
2382 4054 2468 4100 est
2505 4047 2639 4116 legis
2689 4047 2883 4115 punire
2923 4056 3380 4119 transgressores.

1810 4134 1915 4190 Ubi
1941 4138 2089 4190 enim
2129 4152 2240 4191 non
2284 4146 2369 4192 est
2413 4140 2521 4201 lex,
2565 4155 2675 4193 non
2718 4150 2802 4194 est
2836 4142 3229 4210 transgressio;
3260 4142 3381 4197 ideo

1805 4241 1872 4281 ex
1907 4226 2037 4290 ﬁde,
2068 4237 2129 4282 ut
2154 4229 2455 4283 secundum
2493 4232 2722 4299 gratiam
2770 4231 2863 4289 sit.
2912 4240 2971 4285 ut
3023 4232 3180 4286 ﬁeret
3224 4233 3378 4289 ﬁrma

1808 4319 2106 4387 promissio
2144 4321 2293 4373 omni
2328 4320 2546 4385 semini,
2584 4336 2693 4375 non
2746 4322 2923 4375 solum
2968 4322 3115 4391 quod
3153 4338 3220 4377 ex
3260 4324 3377 4394 lege

122 4411 263 4466 εἶναι
291 4412 520 4481 βεϐαίαν
543 4412 641 4481 τὴν
666 4411 1004 4479 ἐπαγγελίαν
1033 4410 1195 4461 παντὶ
1211 4408 1289 4477 τῷ
1320 4408 1616 4477 σπέρματι,
1638 4407 1699 4459 οὐ

1827 4417 1909 4471 εει,
1965 4409 2061 4462 sed
2106 4408 2253 4477 quod
2293 4422 2379 4463 est
2425 4425 2493 4463 ex
2526 4408 2631 4463 ﬁde
2670 4410 2922 4472 Abrahae,
2951 4412 3045 4479 qui
3085 4423 3170 4466 est
3221 4422 3376 4481 pater

118 4502 196 4572 τῷ
216 4504 284 4553 ἐκ
306 4501 473 4569 νόμου
506 4501 683 4569 μόνον⁹
708 4499 844 4552 ἀλλὰ
862 4500 954 4550 καί¹
983 4498 1062 4567 τῷ
1091 4499 1154 4550 ἐκ
1178 4497 1408 4558 πίστεως
1426 4496 1694 4566 Ἀϐραὰμ,

117 4597 139 4642 ξ
148 4613 172 4656 ς
199 4596 324 4645 ἐστι
368 4593 556 4661 πατὴρ
584 4592 803 4644 πάντων
836 4590 1014 4659 ἡμῶν,
1048 4588 1231 4652 καθὼς
1249 4590 1581 4658 γέγραπται,
1616 4588 1699 4639 ὅτι

118 4683 347 4753 Πατέρα
403 4681 617 4733 πολλῶν
655 4680 823 4733 ἐθνῶν
862 4680 1083 4732 τέθεικά
1142 4695 1234 4735 σε·
1288 4678 1577 4731 κατέναντι
1636 4669 1697 4729 οὗ

117 4777 416 4830 ἐπίστευσε
452 4772 589 4825 Θεοῦ
631 4771 725 4823 τοῦ
767 4770 1157 4834 ζωοποιοῦντος
1183 4770 1308 4831 τοὺς
1347 4769 1574 4838 νεκροὺς
1605 4768 1700 4819 καὶ

118 4866 421 4926 ταὶοῦντος
454 4865 521 4916 τὰ
559 4865 632 4933 μὴ
662 4863 792 4915 ὄντα
819 4863 894 4924 ὼς
925 4862 1053 4914 ὄντα
1076 4878 1090 4891 θ
1119 4861 1179 4920 ὃς
1210 4863 1340 4930 παρ’
1366 4860 1579 4920 ἐλπίδα,
1610 4861 1697 4911 ἐπ’

116 4958 296 5009 ἐλπίδι
346 4956 691 5014 ἐπίστευσεν,
731 4955 811 5017 είς
859 4952 920 5004 τὸ
962 4951 1215 5019 γενέσθαι
1266 4952 1429 5004 αὑτὸν
1480 4951 1695 5019 πατέρα

116 5046 339 5097 πολλῶν
386 5043 579 5104 ἐθνῶν,
616 5043 836 5095 κατὰτὸ
871 5041 1183 5110 εἰρημένον,
1211 5039 1398 5102 Οὕτως
1431 5040 1583 5092 ἔσται
1617 5039 1693 5109 τῷ

1806 4498 2049 4551 omnium
2077 4506 2350 4561 nostrum,
2372 4500 2518 4553 sicut
2544 4502 2808 4568 scriptum
2849 4510 2933 4555 est
2957 4519 2971 4555 :
2996 4502 3209 4556 Patrem
3238 4506 3377 4558 mul-

1808 4594 1987 4639 tarum
2030 4589 2274 4656 gentiunt
2302 4590 2457 4657 posui
2493 4599 2581 4655 te;
2628 4601 2914 4659 propterea
2962 4592 3107 4660 quod
3135 4594 3373 4649 credidit

1808 4677 1978 4730 Deum
2010 4678 2101 4746 qui
2134 4678 2373 4733 viviﬁcat
2410 4687 2656 4734 mortuos
2696 4689 2752 4734 et
2797 4690 2958 4734 vocat
3006 4697 3069 4735 ea
3111 4699 3231 4751 quae
3261 4699 3369 4737 non

1808 4779 1937 4823 sunt
1971 4779 2229 4839 tanquam
2268 4772 2418 4837 sint;
2456 4772 2548 4840 qui
2579 4780 2770 4826 contra
2817 4788 2991 4840 spem,
3032 4774 3084 4825 in
3122 4788 3215 4841 spe
3254 4791 3370 4830 crc-

1804 4858 1964 4921 didit,
1997 4867 2057 4912 ut
2082 4858 2238 4913 ﬁeret
2268 4868 2422 4928 pater
2448 4860 2741 4912 multarum
2766 4860 3032 4928 gentium,
3065 4862 3366 4916 secundmn

1801 4951 1947 5019 quod
1982 4951 2189 5005 dictum
2224 4961 2343 5005 est:
2390 4951 2481 5004 Sic
2505 4953 2614 5005 erit
2640 4959 2696 5005 et
2730 4952 2923 5005 semini
2960 4962 3093 5013 tuo;
3124 4954 3217 5022 qui
3256 4971 3363 5007 nun

1799 5040 2106 5093 inﬁrmatus
2154 5041 2209 5094 in
2260 5042 2383 5102 ﬁde,
2416 5056 2524 5093 non
2559 5041 2929 5095 consideravit
2963 5057 3164 5110 corpus
3204 5057 3362 5097 suum

120 5133 405 5205 σπέρματί
446 5150 570 5185 σου·
617 5134 712 5185 καὶ
755 5132 829 5202 μὴ
888 5131 1195 5200 ἀσθενήσας
1243 5132 1308 5199 τῇ
1369 5129 1569 5191 πίστει,
1630 5131 1691 5181 οὐ

1827 5146 1897 5183 ιη]
1943 5142 2276 5191 emortuum,
2302 5139 2523 5184 centum
2551 5133 2660 5202 jam
2700 5147 2874 5186 annos
2896 5142 3075 5198 natus,
3098 5143 3153 5188 et
3184 5151 3361 5189 emor-

116 5227 419 5294 κατενόησε
466 5226 529 5276 τδ
578 5222 745 5276 αὑτοῦ
779 5222 939 5291 σῶμα
969 5222 1071 5291 ήδη
1099 5221 1530 5290 νενεκρωμένον,
1562 5222 1693 5273 ἐκα-

1827 5237 1939 5273 nam
1962 5222 2177 5274 vulvam
2200 5223 2377 5287 Sane;
2403 5223 2454 5276 in
2485 5224 2902 5291 promissionem
2928 5236 3107 5279 autem
3130 5227 3223 5281 Dei
3251 5244 3358 5282 non

114 5314 417 5383 τονταέτης
468 5330 573 5365 που
627 5312 931 5381 τυγχάνων,
979 5313 1075 5363 καὶ
1124 5310 1223 5381 τὴν
1266 5312 1532 5380 νέκρωσιν
1588 5312 1689 5379 τῆς

1828 5311 2059 5364 :esitavit
2104 5311 2427 5374 diﬁidentia,
2472 5313 2565 5366 sed
2595 5314 2935 5369 confortatus
2964 5326 3047 5369 est
3083 5317 3186 5371 ﬁde
3223 5318 3360 5373 dans

120 5405 340 5475 μήτρας
373 5402 620 5475 Σάρρας·
649 5404 728 5465 είς
760 5402 817 5453 δέ
849 5401 948 5471 τὴν
976 5399 1311 5469 ἐπαγγελίαν
1340 5399 1433 5453 τοῦ
1462 5398 1595 5451 Θεοῦ
1624 5402 1684 5452 οὑ

1827 5401 2018 5455 loriam
2065 5402 2200 5465 Deo,
2252 5401 2573 5471 plenissime
2618 5406 2798 5460 sciens
2845 5408 2972 5475 quia
3016 5424 3356 5477 qnzecunque

187 5631 230 5662 ⁸⁸
264 5630 471 5683 Jerem.
504 5641 578 5689 Ix,
615 5624 705 5677 26.
781 5623 825 5655 ³⁸
863 5622 1063 5677 Jerem.
1104 5638 1174 5686 tv,
1222 5622 1275 5677 4.
1352 5622 1391 5652 ³⁷
1425 5622 1578 5675 Rom.
1613 5638 1689 5686 ιιι,

1828 5621 1917 5675 29..
2029 5624 2071 5655 ³³
2096 5624 2233 5677 Ibid.
2258 5625 2345 5679 ΩΒ.
2460 5627 2503 5656 ³⁸
2529 5625 2665 5679 Ibid.
2685 5628 2875 5682 99-51.

118 5700 162 5734 ⁶¹
194 5699 339 5753 Psal.
376 5712 523 5760 xm,
557 5696 608 5758 l,
637 5694 694 5749 2.

2956 5630 2999 5659 ⁸⁸
3025 5630 3179 5683 Rom.
3208 5628 3351 5689 tv.3.
