4190 6438
762 348 902 413 1255

1968 342 2027 403 S.
2071 339 2468 400 ANASTASII
2505 340 2674 399 SINA
2689 338 2829 398 lT.-E

3879 338 4009 402 19.56

760 454 1015 527 promisit
1064 462 1262 523 potens
1290 465 1373 509 est
1421 463 1476 508 et
1519 452 1733 518 facere;
1767 452 1892 508 ideo
1921 461 1979 507 et
2018 462 2329 523 reputatum

2445 452 2680 520 Ξιεκρίθη
2725 454 2792 521 τῇ
2839 450 3087 522 ἀπιστίᾳ,
3131 450 3246 505 ἀλλ’
3291 451 3677 522 ἐνεδυναμώθη
3712 454 3778 522 τῇ
3825 457 4008 507 πίστει

759 555 844 601 est
872 545 952 599 illi
996 546 1051 599 in
1075 545 1347 614 justitiam
1369 546 1434 598 δ’.
1468 563 1486 596 ι

836 840 855 871 σ
879 819 996 872 Non
1022 828 1204 872 autem
1227 818 1490 884 scriptum
1522 824 1608 871 est
1632 825 1845 870 tantum
1870 825 2095 886 propter
2132 819 2331 886 ipsum,

757 910 889 979 quia
910 918 1222 977 reputatum
1239 916 1323 959 est
1341 908 1388 957 ei
1412 907 1465 958 in
1481 907 1773 975 justitiam,
1790 908 1951 959 sedet
1972 918 2330 975 propternos,

760 1003 963 1071 quibus
1011 1000 1358 1067 reputabitur
1398 1000 1756 1052 credentibus
1792 1000 1845 1051 in
1872 1016 1997 1051 enm
2033 1001 2123 1067 qui
2157 1001 2334 1052 susci-

762 1092 897 1143 lavit
936 1091 1122 1143 .Iesum
1173 1089 1455 1141 Christum
1505 1089 1794 1141 Dominum
1839 1100 2086 1141 nostrum
2121 1106 2150 1141 a
2190 1106 2334 1142 tuor-

762 1182 951 1235 tuis”.
990 1201 1009 1232 ›
1057 1212 1125 1220 —-
1160 1200 1177 1230 ι
1215 1181 1331 1234 Non
1361 1181 1506 1232 enim
1554 1195 1746 1233 omnes
1778 1183 1869 1249 qui
1905 1197 1969 1234 ex
2006 1182 2167 1235 Israel
2209 1190 2337 1235 sunt

766 1286 955 1324 semen
984 1272 1232 1325 Abrahae.
1261 1268 1355 1321 sed
1391 1269 1617 1321 virtutis
1640 1271 1837 1337 quaerit
1869 1272 2013 1323 Deus
2053 1273 2336 1337 cognatio-

760 1376 908 1424 nem,
943 1376 1116 1427 neque
1149 1359 1278 1426 quia
1325 1368 1456 1412 sunt
1501 1375 1686 1413 semen
1719 1360 1954 1412 Abraha:
1975 1401 1989 1422 ,
2019 1377 2211 1415 mones
2242 1363 2335 1416 ﬁlii

760 1452 881 1511 Dei,
912 1449 1005 1502 sed
1038 1450 1092 1501 in
1131 1450 1282 1500 lsaae
1318 1448 1607 1500 vocabitur
1648 1449 1745 1500 tibi
1774 1465 1958 1501 semen
1990 1467 2003 1512 ;
2038 1450 2089 1501 id
2121 1460 2204 1503 est
2228 1468 2335 1503 non

761 1540 860 1593 lilii
906 1538 1108 1599 carnis,
1144 1538 1198 1589 lii
1250 1537 1348 1590 lilii
1398 1548 1527 1591 sunt
1556 1538 1675 1601 Dei,
1704 1539 1797 1593 sed
1832 1539 1926 1592 ﬁlii
1958 1542 2337 1609 promissionis

761 1640 1088 1698 reputantur
1117 1630 1172 1681 in
1203 1643 1390 1681 semen
1409 1628 1473 1679 “.
1508 1648 1526 1678 ι
1566 1629 1714 1683 Sara:
1745 1629 1886 1683 ﬁlios
1926 1639 2081 1685 vocat
2113 1631 2207 1699 qui
2246 1647 2336 1685 sc-

760 1720 1004 1773 cundum
1034 1728 1245 1772 natura:
1290 1719 1543 1772 ordinem
1594 1722 1707 1773 nali
1756 1732 1906 1784 sunt,
1953 1724 2338 1790 promissionis

2432 541 2557 602 δοὺς
2588 542 2744 605 δόξαν
2778 540 2854 609 τῷ
2883 540 3033 609 Θεῷ·
3068 542 3161 593 καὶ
3191 542 3625 611 πληροφορηθιὶς
3658 544 3739 595 ὅτι
3771 544 3801 595 6
3832 545 4009 610 ἐπήγ-

2433 634 2621 699 γελται
2648 633 2868 695 δυνατός
2907 634 3022 685 ἐστι
3064 635 3159 685 καὶ
3190 634 3453 702 ποιῆσαιο
3487 635 3568 686 διδ
3616 636 3711 687 καὶ
3756 635 4008 705 ἐλογίσθη

2433 725 2581 793 αὐτῷ
2612 726 2688 784 είς
2720 723 3127 792 δικαιοσύνην.)

2509 835 2527 865 ‹
2557 818 2670 868 Οὐκ
2720 818 2935 885 ἐγράφη
2991 818 3045 868 δὲ
3099 818 3178 878 εἰς
3226 817 3388 869 αὑτὸν
3424 818 3603 884 μόνον,
3631 819 3712 869 ὅτι
3758 818 4010 887 ἐλογίσθη

2433 909 2580 976 αὐτῷ
2611 910 2690 968 εἰς
2724 908 3093 975 δικαιοσύνην,
3122 910 3258 960 ἀλλὰ
3283 912 3373 960 καὶ
3407 910 3471 959 δι’
3524 913 3687 977 ἡμᾶς,
3712 905 3790 970 οἷς
3827 912 4013 976 μέλλει

2433 995 2745 1062 λογίζεσθαι
2780 998 2892 1057 τοῖς
2946 997 3296 1048 πιστεύουσιν
3339 998 3431 1049 ἐπὶ
3472 999 3563 1049 τὸν
3602 999 3892 1065 ἐγείραντα
3926 1001 4014 1050 τὸν

2436 1089 2643 1159 Κύριον
2676 1090 2833 1158 ἡμῶν
2875 1090 3082 1157 Ἰησοῦν
3114 1091 3347 1156 Χριστὸν
3383 1093 3445 1142 ὲκ
3474 1092 3702 1159 νεκρῶν.
3745 1110 3763 1141 ι
3789 1121 3861 1131 --
3884 1109 3901 1138 ί
3938 1091 4011 1142 Οὐ

2434 1185 2543 1252 γάρ
2589 1184 2788 1244 πάντες
2836 1183 2885 1234 οἱ
2921 1181 2981 1246 ἐξ
3029 1182 3245 1251 Ἰσραὴλ
3293 1184 3513 1252 σπέρμα
3560 1184 3837 1251 Ἁϐραάμ,
3871 1182 4009 1233 ἀλλὰ

2435 1276 2531 1342 τῇς
2562 1274 2765 1343 ἀρετῆς
2796 1274 3047 1342 ἐπιζητεῖ
3085 1274 3182 1342 τὴν
3222 1277 3540 1340 συγγένειαν
3564 1290 3576 1302 ·
3614 1274 3723 1324 οὐδ’
3768 1274 3851 1325 ὅτι
3912 1273 4017 1324 εἰσὶ

2437 1367 2657 1433 σπέρμα
2691 1366 2963 1434 Ἁϐραάμ,
2998 1367 3195 1426 πάντες
3223 1366 3391 1417 τέκνα
3409 1364 3563 1425 Ηεοῦ,
3598 1364 3713 1416 ἀλλ’
3745 1367 3803 1416 ἐν
3832 1364 4018 1415 Ἰσαὰκ

2437 1455 2765 1522 κληθήσεταί
2810 1472 2893 1505 σοι
2930 1456 3174 1522 σπέρμα,
3210 1455 3513 1512 τουτέστιν,
3542 1455 3603 1506 οὐ
3628 1457 3697 1506 τὰ
3726 1455 3895 1506 τέκνα
3921 1454 4018 1522 τῆς

2438 1548 2658 1615 σαρκδς,
2692 1546 2868 1598 ταῦτα
2913 1548 3078 1597 τέκνι
3114 1546 3205 1598 τοῦ
3256 1547 3413 1609 θεοῦ,
3451 1546 3587 1599 ἀλλὰ
3628 1550 3693 1598 τά
3723 1548 3890 1599 τέκνα
3921 1548 4019 1615 τῆς

2437 1637 2769 1703 ἐπαγγελίας
2798 1637 3068 1702 λογίζεται
3093 1640 3171 1698 είς
3195 1638 3436 1705 σπέρμα.
3470 1657 3486 1688 ›
3520 1638 3737 1706 Σάρρας
3764 1638 3822 1688 δὲ
3851 1638 4020 1689 τέκνα

2439 1731 2594 1782 καλεί
2621 1731 2687 1781 τά
2720 1729 2860 1780 κατὰ
2890 1728 2987 1796 τὴν
3021 1729 3121 1795 τῆς
3170 1728 3384 1795 φύσεως
3427 1727 3751 1780 ἀκολουθίαν
3788 1744 4021 1796 γεγενη-

759 1823 968 1874 autetn,
1012 1812 1107 1878 qui
1138 1810 1442 1863 secundum
1470 1811 1703 1880 gratiam
1737 1813 1862 1866 lidei
1890 1813 2001 1867 dati
2030 1826 2177 1867 sunt.
2203 1815 2337 1885 l’ro-

2445 1823 2611 1890 μένα·
2649 1820 2982 1887 ἐπαγγελίας
3011 1819 3084 1879 δὲ,
3119 1820 3182 1871 τά
3213 1819 3354 1871 κατὰ
3402 1823 3563 1888 χάριν
3622 1822 4022 1889 παρεσχημένα

760 1903 1038 1957 missionis
1069 1902 1218 1956 enim
1258 1903 1489 1955 verbum
1543 1903 1648 1956 hoc
1692 1913 1819 1957 est:
1865 1924 1882 1954 ι
1928 1905 2190 1959 Revertar
2233 1907 2339 1962 hoc

759 1996 955 2050 eodem
990 2003 1261 2063 tempore,
1290 2004 1346 2047 et
1384 1996 1493 2049 erit
1518 1996 1666 2049 Sara:
1698 1996 1843 2050 ﬁlius
1862 1997 1907 2027 “
1932 2014 1947 2061 ;
1974 2016 1991 2047 ι
2010 2009 2206 2051 natura
2227 2014 2339 2051 Ile-

760 2096 941 2155 gante,
985 2102 1081 2154 per
1136 2086 1385 2139 divinum
1440 2086 1789 2155 privilegium
1834 2087 1983 2140 visus
2030 2097 2114 2141 est
2162 2098 2337 2158 pater.

758 2180 871 2231 Cur
926 2192 1057 2247 ergo
1113 2176 1387 2247 gloriaris,
1419 2192 1451 2229 ο
1484 2176 1696 2241 Judme,
1736 2178 1892 2246 quasi
1947 2180 2097 2232 solus
2152 2196 2340 2234 semen

760 2270 992 2324 Abrahae
1038 2269 1366 2338 appellcris?
1398 2284 1525 2322 naut
1588 2278 1645 2322 cl
1701 2270 1895 2331 lsmael
1951 2271 2185 2325 Abralia:
2223 2282 2341 2326 erat

763 2361 911 2414 ﬁlius
938 2371 994 2414 et
1029 2360 1449 2430 printogenitus.
1482 2361 1637 2425 Quod
1669 2363 1715 2414 si
1747 2363 2033 2416 existimas
2082 2363 2249 2416 istum
2282 2373 2342 2416 ut

763 2453 1129 2506 semiservum
1178 2454 1416 2521 ejectum
1456 2469 1575 2506 esse
1609 2469 1638 2506 a
1671 2455 2032 2523 cognatione;
2075 2456 2170 2508 sed
2201 2456 2342 2508 Seri-

763 2553 939 2612 ptura:
979 2560 1098 2597 mos
1127 2554 1212 2597 est
1242 2560 1309 2597 ex
1340 2545 1590 2613 patribus
1616 2554 1672 2598 et
1699 2562 1810 2598 non
1844 2562 1908 2599 ex
1936 2548 2204 2600 matribus
2245 2564 2339 2616 ge-

762 2631 1070 2703 nealogiam
1122 2644 1329 2697 texere,
1380 2642 1436 2686 et
1478 2635 1570 2702 qui
1613 2652 1680 2687 ex
1725 2636 1969 2688 Cbetura
2020 2638 2134 2689 nati
2190 2647 2339 2699 sunt,

762 2743 887 2779 cum
916 2736 1063 2780 esset
1092 2726 1292 2785 libera,
1332 2740 1520 2778 semen
1556 2727 1791 2780 Abralta:
1822 2744 1930 2779 non
1958 2729 2339 2796 appellantur;

762 2831 819 2874 et
844 2819 1133 2871 duodecim
1181 2818 1323 2869 lilios
1351 2818 1518 2871 Jacob
1552 2834 1583 2872 c
1628 2820 1795 2872 variis
1842 2821 2109 2873 matribus
2148 2822 2287 2884 nati,
2311 2837 2343 2874 e

764 2912 970 2979 quibus
995 2918 1238 2978 quatuor
1258 2910 1567 2974 scmiservi,
1606 2920 1663 2963 et
1692 2912 1937 2964 universi
1965 2922 2147 2964 tamen
2178 2914 2342 2965 Israel

764 3002 989 3055 nomine
1042 3001 1200 3069 potiti
1248 3012 1398 3058 sunt.
1433 3002 1659 3055 minime
1699 3017 1767 3055 ex
1806 3011 2041 3054 matrum
2074 3003 2343 3056 servitute

2439 1915 2536 1978 τῆς
2552 1912 2790 1973 πίστεως
2814 1927 2827 1940 ο
2853 1911 3183 1977 ἐπαγγελίας
3206 1912 3312 1980 γάρ
3336 1913 3364 1962 6
3398 1911 3584 1978 καιρὸς
3612 1907 3786 1974 οὗτος,
3812 1930 3831 1961 ι
3864 1911 4022 1964 Κατὰ

2439 2002 2532 2053 τὸν
2575 2000 2766 2069 καιρὸν
2802 1988 3011 2053 τοῦτον
3040 2002 3353 2070 ἐλεύσομαι,
3402 2003 3494 2053 καὶ
3540 2002 3694 2053 ἔσται
3727 2004 3796 2070 τῇ
3831 2003 4022 2072 Σάρρᾳ

2441 2093 2576 2154 υἱός.
2611 2111 2628 2142 ι
2680 2092 2789 2153 Τῆς
2830 2092 3045 2157 φύσεως
3093 2094 3461 2161 ἀπειρηκυίας
3494 2092 3632 2143 κατὰ
3676 2092 3831 2143 θείαν
3864 2092 4019 2158 cptio-

2438 2184 2628 2253 τιμίαν
2664 2183 2956 2252 ἀπεφάνθη
2991 2186 3202 2253 πατὴρ.
3238 2185 3336 2236 Διὰ
3374 2186 3425 2236 τί
3451 2183 3545 2236 οὖν
3574 2184 3751 2235 τοίνυν
3780 2182 4023 2251 μεγαλο-

2443 2278 2681 2345 φρονείς,
2746 2268 2791 2325 ὦ
2837 2275 3076 2335 Ἰουδαῑε,
3113 2276 3188 2335 ὡς
3245 2276 3402 2342 μόνος
3468 2275 3689 2342 σπέρμα
3766 2273 4024 2343 ’Λϐραὰμ

2444 2367 3016 2436 προσαγορευόμενος;
3050 2366 3145 2418 καὶ
3173 2368 3200 2417 ὁ
3248 2366 3474 2435 Ἰσμαὴλ
3511 2367 3604 2418 τοῦ
3658 2366 3914 2434 Ἀϐραὰμ
3955 2361 4023 2433 ἦν

2442 2458 2556 2520 υίὸς
2618 2459 2712 2509 καὶ
2752 2459 3119 2528 πρωτότοκος.
3176 2458 3236 2508 Εἰ
3291 2456 3347 2508 δὲ
3395 2456 3635 2526 νομίζεις
3692 2460 3905 2508 ἐκεῖνον
3950 2457 4024 2518 ὡς

2445 2552 2733 2621 ήμίδουλον
2763 2550 3127 2617 ἐκϐεϐλῆσθαι
3158 2549 3255 2615 τῆς
3297 2547 3636 2615 συγγενείας,
3665 2548 3783 2599 ἀλλ’
3816 2550 3885 2598 ὲκ
3918 2564 4020 2598 πα-

2441 2646 2613 2712 τέρων
2647 2643 2742 2695 καὶ
2766 2642 2864 2694 οὐκ
2897 2644 2957 2693 ἐκ
2983 2643 3235 2711 μητέρων
3262 2642 3599 2708 γενεαλογεῖν
3632 2641 3749 2702 ἔθος
3779 2644 3844 2709 τῇ
3879 2642 4026 2709 Γρα-

2445 2738 2541 2802 φῇν
2578 2740 2671 2786 καί
2699 2737 2745 2785 οἱ
2783 2737 2846 2785 ἐκ
2886 2734 2986 2801 τῆς
3033 2732 3310 2801 Χετοὺρας
3345 2732 3723 2801 γεγενημένοι,
3757 2732 4023 2799 ἐλευθέρα

2446 2827 2552 2893 γάρ
2584 2823 2745 2892 αὕτη,
2782 2825 2917 2874 ἀλλὰ
2949 2824 3168 2891 σπέρμα
3215 2822 3465 2890 ’Λϐραὰμ
3535 2822 3611 2891 μὴ
3652 2821 3985 2889 καλούμενοι
4008 2838 4021 2849 ·

2446 2915 2539 2966 καὶ
2572 2916 2696 2977 τοὺς
2734 2914 2798 2981 ιβ’
2835 2914 3031 2975 παῖδας
3076 2913 3169 2964 τοῦ
3210 2911 3403 2964 Ἰακὼϐ
3434 2916 3495 2964 ὲκ
3531 2912 3805 2979 διαφόρων
3842 2912 4021 2979 μητέ-

2451 3021 2560 3073 ρων
2600 3005 3017 3072 γεγενημένους,
3056 3004 3151 3055 καὶ
3195 3006 3321 3066 τοὺς
3360 3004 3630 3073 τέσσαρας
3662 3003 4022 3071 ἡμιδούλους,

765 3094 1025 3147 damnum
1052 3093 1218 3161 passi.
1260 3110 1278 3143 ι
1319 3092 1437 3146 Non
1461 3095 1638 3145 solum
1658 3093 1758 3156 illi,
1792 3094 1887 3146 sed
1926 3102 1982 3145 et
2016 3094 2341 3147 llebeecaex

2450 3094 2544 3145 καὶ
2569 3093 2724 3154 ὅλους
2768 3093 2985 3162 Ἰσραὴλ
3014 3094 3474 3161 χρηματίζοντας,
3506 3095 3599 3144 καὶ
3631 3092 3803 3161 μηδὲν
3829 3094 3898 3145 ἐκ
3925 3093 4028 3158 τῆς

769 3200 879 3238 uno
896 3185 1190 3237 concubitu
1213 3183 1362 3237 Isaac
1390 3185 1559 3252 patris
1589 3185 1761 3237 nostri
1786 3185 2027 3239 habens:
2053 3202 2178 3238 cum
2200 3186 2345 3238 enim

768 3276 1013 3328 nondum
1045 3277 1159 3328 nati
1191 3286 1377 3328 essent
1424 3291 1527 3327 nec
1566 3277 1774 3343 aliquid
1806 3277 2048 3344 egissent
2082 3276 2207 3327 boni
2253 3285 2349 3328 aut

770 3368 922 3430 mali,
984 3375 1044 3419 ut
1100 3367 1405 3419 secundum
1467 3366 1795 3420 electionem
1851 3368 2195 3434 propositum
2251 3366 2346 3419 Dei

769 3468 1040 3520 maneret,
1080 3474 1187 3510 non
1220 3474 1284 3510 ex
1313 3458 1578 3526 operibus
1611 3458 1705 3511 sed
1750 3474 1818 3510 ex
1853 3464 2104 3519 vocante,
2140 3454 2348 3509 dictum

770 3557 857 3603 est
884 3550 935 3603 ci
962 3568 975 3602 :
1004 3550 1174 3618 Major
1202 3549 1407 3602 serviet
1446 3550 1644 3603 minori
1664 3549 1728 3603 ³⁸.
1763 3569 1781 3600 ο

842 3815 983 3869 Νυιιι
1020 3814 1324 3873 existimas,
1361 3828 1393 3863 o
1421 3813 1629 3878 Judaee,
1664 3826 1891 3883 propter
1930 3816 2116 3870 Saram
2158 3817 2351 3886 prmla-

774 3915 887 3959 tum
933 3906 1102 3957 fuisse
1136 3905 1284 3957 lsaac
1325 3904 1539 3956 lsmaeli
1572 3914 1627 3957 et
1656 3905 1741 3958 bis
1771 3908 1863 3973 qui
1890 3923 1918 3959 c
1952 3907 2190 3961 Chetnra
2234 3908 2348 3961 nati

773 4004 901 4048 sunt
933 3993 1165 4046 Abrahae
1194 3992 1327 4043 lilii?
1354 3992 1494 4055 Quid
1543 3993 1752 4047 dixeris
1803 3996 1871 4048 de
1927 3997 2207 4051 llebeeca?
2251 3999 2349 4052 llic

772 4086 921 4137 enim
961 4099 1067 4135 una
1100 4094 1297 4145 mater,
1323 4098 1464 4135 unus
1488 4095 1806 4151 conceptus,
1832 4088 2046 4154 gemelli
2073 4100 2200 4141 sunt
2229 4091 2346 4143 lilii.

774 4172 831 4226 ld
861 4173 1007 4224 enim
1044 4170 1272 4232 iudicat,
1308 4187 1372 4223 ex
1422 4187 1530 4222 uno
1586 4174 1883 4226 concubitu
1927 4176 2155 4241 habens,
2210 4180 2350 4233 hanc

772 4263 968 4316 eodem
997 4271 1242 4328 tempore
1266 4271 1563 4329 utrumque
1583 4266 1923 4332 cenet-pisse.
1950 4268 2102 4320 Alter
2124 4272 2346 4337 quidem

774 4352 888 4406 Deo
917 4352 1172 4411 dilectus,
1212 4352 1349 4403 alter
1404 4362 1588 4404 autem
1637 4353 1836 4407 divina:
1875 4374 2021 4410 tilll‘tl)
2070 4360 2324 4428 indignus

2448 3186 2557 3238 τῶν
2617 3186 2867 3253 μητέρων
2920 3185 3373 3253 παραϋλαϐἐντας
3429 3184 3699 3245 δουλείαςο
3741 3186 3804 3235 οὗ
3860 3186 4026 3253 μόνον

2448 3276 2504 3327 δὲ
2547 3269 2714 3335 οὗτοι,
2768 3272 2903 3325 ἀλλὰ
2946 3274 3043 3324 καὶ
3086 3273 3352 3325 Ῥεϐέκκα
3382 3272 3440 3335 ἐξ
3469 3274 3584 3335 ἑνὸς
3610 3274 3799 3341 κοίτην
3829 3274 4029 3343 ἔχουσα

2463 3365 2648 3418 Ἰσαὰκ
2688 3365 2782 3416 τοῦ
2826 3365 3029 3433 πατρὸς
3067 3365 3223 3433 ἡμῶν
3249 3381 3260 3392 ·
3298 3366 3466 3434 μήπω
3511 3364 3620 3433 γὰρ
3651 3366 4031 3435 γεννηθέντων

2450 3456 2627 3507 αὐτῶν
2676 3457 2807 3523 μηδὲ
2867 3456 3192 3523 πραξάντων
3237 3473 3289 3507 τι
3338 3455 3596 3525 άγαθὺνῆ
3633 3458 3842 3509 κακόνθ
3872 3460 3964 3511 ἴνα
3996 3461 4028 3529 ἡ

2450 3547 2570 3599 κατ’
2601 3547 2827 3614 ἐκλογὴν
2868 3546 3121 3614 πρόθεσις
3140 3547 3234 3597 τοῦ
3267 3547 3399 3597 θεοῦ
3432 3547 3588 3617 μείνῃ
3615 3549 3718 3600 οὐκ
3743 3549 3803 3611 ἐξ
3826 3548 4029 3617 ἔργων,

2449 3638 2563 3691 ἀλλ’
2592 3641 2656 3690 ἐκ
2696 3638 2791 3688 τοῦ
2827 3636 3136 3698 καλοῦντος·
3168 3637 3366 3707 ερρέοη
3397 3637 3453 3689 δὲ
3483 3640 3641 3707 αὐτῇ,
3685 3657 3703 3688 ι
3745 3640 3804 3691 Ὀ
3824 3640 4032 3709 μείζων

2449 3729 2727 3781 δουλεύσει
2760 3729 2836 3795 τῷ
2875 3728 3144 3780 ἐλάσσονι.
3184 3747 3201 3777 ι

2526 3822 2595 3872 “ll
2625 3819 2883 3887 νομίζεις,
2915 3813 2959 3869 ὦ
3001 3818 3243 3881 Ἰουδαίε,
3276 3818 3364 3871 διὰ
3390 3818 3488 3888 τὴν
3506 3820 3723 3889 Σάρραν
3747 3838 4032 3891 προτιμη-

2452 3911 2609 3981 θῆναι
2631 3911 2722 3962 τὸν
2759 3909 2943 3961 Ἰσαὰκ
2959 3908 3051 3960 τοῦ
3086 3909 3307 3978 Ἰσμαὴλ
3334 3910 3427 3961 καὶ
3448 3910 3555 3960 τῶν
3582 3910 3688 3962 άπὸ
3708 3914 3808 3978 τῆς
3826 3913 4033 3964 X5106-

2455 4019 2551 4071 ρας
2573 4000 2927 4067 γεννωμένων
2948 3998 3153 4049 παίδων
3174 3998 3253 4066 τῷ
3269 3998 3516 4066 ’Λϐραάμ
3534 4014 3547 4061 ;
3565 3998 3615 4050 τί
3637 3999 3880 4069 ἂνεῖπης
3902 4002 4033 4071 περὶ

2449 4092 2549 4158 τῆς
2569 4090 2895 4151 Ῥεϐἐκκαςς
2927 4088 3160 4140 ἐνταῦθα
3181 4089 3290 4159 γὰρ
3318 4088 3413 4141 καὶ
3442 4088 3539 4156 μία
3576 4090 3782 4158 μήτηρ,
3806 4093 3904 4142 καὶ
3930 4092 4031 4160 μία

2453 4181 2735 4251 σύλληψις,
2768 4181 2977 4249 δίδυμοι
3006 4180 3114 4249 γὰρ
3144 4180 3192 4231 οἱ
3222 4180 3411 4240 παῖδες
3430 4193 3444 4207 ·
3474 4179 3634 4230 τοῦτο
3674 4180 3786 4247 γάρ
3813 4183 3936 4233 ἐστι
3970 4185 4033 4234 τὸ

2450 4272 2510 4334 ἐξ
2542 4271 2656 4332 ἐνὸς
2689 4271 2877 4337 κοίτην
2927 4271 3148 4337 ἔχουσα,
3181 4267 3303 4319 κατ’
3340 4268 3501 4319 αὑτὸν
3548 4268 3639 4320 τὸν
3688 4271 3887 4339 καιρὸν
3932 4275 4034 4341 ἀμ·

2452 4364 2713 4433 φοτὲρους
2759 4361 3049 4413 συνέλαϐεν
3072 4376 3083 4388 ·
3120 4359 3235 4412 ἀλλ’
3262 4361 3289 4411 6
3319 4360 3417 4429 μὲν
3471 4359 3747 4429 θεοφιλὴς,
3784 4364 3813 4413 6
3841 4364 3903 4416 δὲ
3930 4364 4031 4432 τῆς

773 4444 961 4510 Neque
989 4442 1496 4509 esxpeetavitDeus
1548 4444 1830 4497 actionmn
1884 4450 2341 4516 experimentum,

2454 4453 2603 4514 θείας
2662 4452 2987 4519 κηδεμονίας
3045 4451 3298 4514 ἀνάξιος⁸
3356 4449 3450 4502 καὶ
3506 4452 3605 4502 οὐκ
3647 4453 3714 4502 ἂν
3752 4451 4033 4520 ἔμεινενό

776 4532 873 4587 sed
911 4533 1129 4585 illorum
1170 4532 1537 4585 dill'erentiam
1577 4535 1850 4601 prtedhit.
1884 4538 2138 4591 l’rzedixit
2163 4550 2345 4594 autem

778 4620 1124 4689 prospiciens
1187 4621 1475 4689 utriusque
1537 4623 1992 4691 dispositionem;
2040 4645 2149 4681 non
2199 4633 2345 4684 enim

780 4713 980 4780 injusta
1016 4722 1098 4763 est
1132 4711 1352 4775 electio,
1379 4713 1473 4765 sed
1504 4715 1772 4783 cujusque
1823 4718 2059 4772 hominis
2110 4721 2346 4789 disposi-

781 4802 987 4853 tionem
1028 4802 1315 4863 eomitans,
1362 4813 1422 4855 ut
1462 4804 1724 4871 scriptum
1758 4816 1876 4859 est:
1912 4826 1929 4857 ι
1958 4808 2127 4863 Jacob
2159 4812 2348 4876 dilexi,

782 4892 921 4945 Esau
960 4902 1142 4944 autem
1191 4892 1317 4943 odio
1369 4894 1639 4960 habui”;
1699 4916 1716 4946 ι
1775 4899 1922 4965 quod
1975 4902 2120 4953 enim
2172 4920 2200 4956 ιι
2242 4905 2351 4957 Deo

779 4983 1008 5036 Abraha:
1064 4984 1274 5036 dictum
1335 4997 1455 5039 est:
1525 5007 1542 5035 ι
1599 4987 1658 5039 ltt
1710 4988 1860 5041 Isaae
1916 4992 2204 5045 vocabitur
2253 4995 2350 5048 tibi

780 5088 967 5126 semen
989 5075 1054 5137 “,
1096 5094 1113 5124 ι
1167 5076 1407 5128 ostendit
1452 5077 1674 5130 minime
1723 5096 1894 5148 genus
1952 5082 2352 5139 benedictionis

783 5165 1057 5234 particeps
1077 5181 1230 5229 esse;
1263 5183 1386 5219 nam
1405 5182 1652 5221 naturam
1677 5186 1785 5223 non
1811 5174 2226 5238 attenditDeus,
2254 5178 2349 5231 sed

785 5258 944 5311 ﬁdem
966 5258 1317 5319 etvirtutem,
1344 5261 1485 5313 sicut
1509 5263 1562 5315 in
1588 5260 1724 5315 Osee
1746 5264 1913 5317 dicit:
1951 5284 1967 5315 ι
1996 5267 2211 5321 Vocabo
2241 5286 2350 5324 non

786 5351 1045 5416 populum
1094 5366 1299 5413 meum,
1328 5354 1588 5419 pepulum
1621 5368 1825 5419 meum,
1852 5368 1906 5410 et
1929 5374 2038 5411 non
2072 5360 2349 5427 dilectam,

783 5440 1072 5505 dilectam;
1113 5452 1169 5497 et
1200 5444 1307 5498 erit
1338 5443 1390 5496 in
1423 5444 1541 5498 loco
1565 5445 1659 5500 ubi
1684 5448 1945 5504 inventus
1975 5460 2059 5505 est
2099 5452 2230 5521 ipsis
2258 5470 2356 5522 po-

856 5637 900 5667 “
931 5635 1088 5689 Rom.
1116 5653 1185 5693 Iv.
1220 5637 1367 5690 9-9.9.

789 5707 1022 5770 xxv,&3.

1445 5639 1490 5669 ”
1513 5639 1648 5696 ibid.
1679 5644 1767 5700 9-5.
1802 5644 1892 5700 Ἡ.

1100 5708 1145 5738 δ”
1174 5707 1305 5761 Gen.
1337 5724 1441 5768 ut,
1468 5708 1550 5763 l2.

1971 5646 2012 5677 ⁸⁵
2048 5648 2204 5702 Rom.
2241 5666 2312 5715 IS,
2354 5652 2385 5706 6
2416 5651 2466 5705 8.

2454 4544 2585 4599 Θεὸς
2638 4544 2746 4594 τῶν
2805 4542 3144 4611 πραγμάτων
3201 4543 3302 4610 τὴν
3359 4543 3576 4609 πεῖραν,
3632 4540 3747 4593 ἀλλ’
3796 4543 3864 4594 ὲκ
3922 4544 4033 4596 τῶν

2455 4635 2837 4703 πυῖσκομένων
2893 4633 2992 4702 τὴν
3054 4632 3259 4685 τούτων
3280 4632 3543 4701 διαφορὰν
3576 4635 3993 4703 προηγόρευσεν
4017 4654 4031 4667 ·

2458 4726 2831 4793 προηγόρευσε
2861 4724 2917 4776 δὲ
2959 4723 3058 4793 τὴν
3105 4724 3337 4775 ἑκάστου
3392 4726 3651 4793 πρόθεσιν
3684 4726 4030 4796 προμηθῶν·

2458 4815 2518 4865 οὐ
2547 4816 2654 4881 γάρ
2689 4814 2874 4874 ἄδικος
2912 4815 2944 4881 ὴ
2978 4813 3197 4880 ἐκλογὴ,
3229 4812 3367 4865 ἀλλὰ
3408 4817 3473 4883 τῇ
3510 4812 3764 4881 προθέσει
3796 4814 3911 4867 τῶν
3941 4819 4030 4870 ἀνι

2459 4905 2693 4975 θρώπων
2752 4905 3168 4973 συμϐαίνουσα,
3226 4904 3404 4968 καθὼς
3464 4906 3801 4973 γέγραπται,
3880 4925 3901 4956 ‹
3933 4908 4035 4959 Τὸν

2470 4995 2662 5047 Ἰακὼϐ
2694 4996 2979 5064 ἠγάπησα,
3026 4995 3117 5048 τὸν
3155 4995 3210 5047 δὲ
3250 4996 3419 5049 Ἡσαῦ
3457 4998 3718 5065 ἐμίσησα.
3770 5017 3789 5048 ι
3825 4999 3905 5050 Τὸ
3931 5002 4038 5070 γὰρ

2456 5087 2561 5138 ὑπὸ
2588 5086 2681 5137 τοῦ
2700 5086 2834 5137 Θεοῦ
2866 5086 3001 5155 πρὸς
3034 5085 3125 5137 τὸν
3163 5086 3415 5156 Ἀϐραάμ
3440 5087 3747 5155 εἰρημένον,
3776 5087 3863 5140 ὅτι
3895 5106 3916 5138 ι
3951 5090 4037 5141 Ἐν

2470 5177 2654 5229 Ἰσαάκ
2688 5176 3019 5245 κληθήσεταί
3049 5192 3131 5229 σοι
3170 5178 3413 5246 σπέρμα,
3438 5196 3457 5229 ι
3495 5177 3771 5231 δείκνυσιν
3800 5178 3881 5241 ὡς
3917 5180 4035 5232 οὐδὲ

2454 5269 2517 5321 τὸ
2558 5268 2654 5320 τοῦ
2703 5270 2892 5335 γένους
2940 5269 3087 5321 ἅπαν
3130 5270 3229 5338 τῆς
3265 5270 3516 5337 εὐλογίας
3556 5270 3909 5339 μετειληφώς
3934 5287 3948 5301 ·
3975 5271 4033 5324 οὐ

2456 5359 2564 5428 γάρ
2590 5362 2656 5427 τῇ
2690 5361 2849 5426 φύσει
2876 5360 3135 5429 προσέχει
3164 5360 3193 5411 6
3214 5359 3367 5423 Θεὸς,
3396 5360 3532 5412 ἀλλὰ
3558 5360 3741 5413 πίστιν
3773 5365 3873 5415 καὶ
3909 5365 4035 5433 ἀρε·

2458 5452 2554 5521 τὴν
2603 5454 2872 5521 ἐπιζητεῖ,
2910 5456 2985 5515 ὼς
3026 5452 3118 5503 καὶ
3148 5452 3205 5504 ἐν
3237 5451 3315 5521 τῷ
3349 5453 3506 5522 Ὠσηὲ
3536 5452 3719 5522 λέγει’
3754 5474 3774 5506 ι
3804 5454 4031 5509 Καλέσω

2550 5655 2589 5683 ³³
2623 5651 2758 5704 Cen.
2788 5668 2937 5717 mu,
2988 5649 3067 5703 10.
3171 5648 3217 5679 ⁸⁸
3249 5647 3407 5701 Ιίοω-
3443 5662 3516 5709 IX.
3550 5645 3737 5701 ‘0'"!-

3823 5650 3868 5684 δ’
3896 5650 4023 5707 Gen.
