4190 6438
201 450 341 513 1257

1234 450 1691 513 DISPU'I‘ATIU
1730 446 2127 509 ADVERSUS
2166 448 2493 506 JUl).‘EOS.

3345 447 3483 514 1258

194 563 294 616 τδν
315 564 392 615 Οὐ
422 563 549 616 λαόν
579 580 701 631 μου.
724 565 865 617 Λαόν
890 583 990 633 μου
1012 582 1020 591 ·
1043 566 1137 617 καὶ
1169 566 1262 633 τὴν
1285 564 1399 616 Οὐκ
1416 561 1801 632 ἠγαπημένην,

1924 560 2256 623 minsmcus,
2284 575 2404 625 nos,
2429 560 2531 630 ipsi
2548 560 2893 617 vocabuntur
2913 560 3009 615 ﬁlii
3036 561 3129 616 Dei
3146 561 3443 619 viventis”
3468 586 3482 629 ,

198 652 425 723 Ἢγαπη
435 654 602 723 μένην
626 671 639 683 ·
660 658 754 707 καὶ
775 655 925 708 ἔσται
969 658 1026 706 ἐν
1056 656 1131 723 τῷ
1151 656 1297 723 τόπῳ
1310 647 1371 706 οῦ
1391 652 1596 724 ἐρρέθη
1617 652 1798 713 αὐτοῖς

196 746 281 796 Οὐ
313 744 440 807 λαός
464 762 586 814 μου,
612 746 787 813 ὑμεῖς,
816 747 968 798 αὐτοὶ
1001 744 1360 814 κληθήσονται
1382 743 1487 795 υἱοὶ
1505 740 1640 794 Θεοῦ
1662 740 1800 804 ζῶν-

195 852 324 897 τος·
362 837 497 889 διότι
524 839 591 890 τὰ
618 838 745 906 Εθνη
801 838 868 889 τὰ
930 839 1002 907 μὴ
1035 835 1377 903 γινώσκοντα
1411 834 1797 901 δικαιοσύνην,

197 923 511 977 κατέλαϐον
531 925 880 995 δικαιοσύνην
904 944 914 955 ·
947 946 964 976 ι
993 924 1342 991 δικαιοσύνην
1368 924 1422 975 δὲ
1443 924 1591 989 λέγει
1611 923 1708 991 τὴν
1736 923 1798 975 ἐκ

194 1017 464 1079 πίστεως.
508 1016 723 1086 Ἰσραὴλ
764 1018 819 1069 δὲ
864 1018 1079 1069 διώκων
1115 1017 1277 1084 νόμον
1333 1016 1469 1077 ἰδίας
1518 1014 1796 1067 δικαιοσύ-

194 1127 322 1179 νης,
367 1109 717 1178 δικαιοσύνην
763 1111 862 1163 οὐκ
900 1110 1157 1177 ἓψθασεν.
1196 1108 1293 1160 Διά
1320 1109 1401 1175 τί,
1432 1108 1576 1159 Διότι
1606 1108 1706 1159 οὐκ
1734 1110 1797 1159 ὲκ

199 1202 469 1264 πίστεως,
496 1202 611 1253 ἀλλ’
642 1202 702 1265 ἐξ
731 1202 907 1269 ἔργων
951 1201 1117 1269 νόμου
1143 1216 1154 1227 ·
1192 1201 1449 1267 ἐνόμισαν
1485 1198 1596 1268 γὰρ
1638 1201 1800 1268 ἐπαρο

196 1293 321 1342 κεῖν
369 1292 551 1350 αὐτοῖς
598 1289 693 1360 τὴν
740 1290 885 1342 κατὰ
926 1291 1090 1357 νῦμον
1130 1293 1411 1343 πολιτείαν
1470 1293 1549 1352 εἰς
1606 1291 1798 1358 κτῆσιν

194 1383 574 1451 δικαιοσύνης,
606 1383 699 1434 καὶ
730 1383 966 1444 πίστεως
992 1384 1408 1452 κατεφρόνησαν
1426 1399 1439 1410 ·
1460 1376 1521 1434 οῦ
1554 1384 1616 1452 ὀὴ
1641 1383 1798 1451 χάριν

193 1473 297 1525 καὶ
337 1472 446 1523 τῶν
477 1472 573 1539 τῆς
612 1474 847 1535 πίστεως
877 1473 938 1523 οῦ
974 1474 1235 1541 μετέσχον
1282 1473 1530 1541 δωρεῶν·
1575 1492 1593 1521 ι
1618 1474 1794 1541 Προσ-

199 1562 412 1628 ἐκοψαν
440 1564 547 1631 γαρ
579 1562 655 1631 τῷ
704 1562 834 1631 λίθῳ
878 1562 965 1614 τοῦ
997 1563 1445 1632 προσκὸμματος,
1487 1563 1669 1619 καθὼς
1710 1565 1798 1629 γέ-

202 1672 487 1723 γραπται·
528 1654 659 1708 Ἰδοὺ
693 1655 884 1724 τίθημι
930 1657 987 1708 ἐν
1022 1656 1158 1706 Σιὼν
1188 1656 1332 1707 λίθον
1375 1658 1798 1726 προσκόμματος

200 1748 303 1797 καὶ
334 1746 543 1815 πέτραν
576 1746 897 1809 σκανδάλου,
941 1746 1035 1800 καὶ
1062 1748 1169 1807 πᾶς
1217 1749 1244 1798 ὁ
1279 1747 1551 1800 πιστεύων
1585 1750 1671 1800 ἐπ’
1697 1750 1797 1799 αῦ-

199 1840 300 1891 τον
341 1840 404 1891 οῦ
462 1841 1017 1911 καταισχυνθήσεται.
1087 1860 1103 1890 ο
1150 1842 1513 1910 ιΙροσπταίειν
1547 1839 1797 1895 εἰώθασιν

1900 651 2027 719 quia
2065 662 2255 719 gentes
2277 668 2385 706 non
2411 664 2808 721 cognoscentes
2836 653 3128 724 justitiam,
3164 655 3486 724 apprehen—

1900 740 2104 795 dcrunt
2128 741 2400 809 justitiam
2423 743 2470 772 πο
2495 758 2511 804 ;
2549 759 2567 792 ι
2603 742 2874 812 justitiam
2898 752 3082 797 autem
3110 741 3246 797 dicit
3269 758 3391 813 quae
3418 761 3485 799 ex

1904 831 2010 886 ﬁde
2046 841 2150 885 est.
2200 832 2367 886 Israel
2419 849 2573 893 vero,
2608 833 2871 887 scctaudo
2904 833 3078 903 legem
3113 836 3351 904 propria:
3397 836 3487 905 juo

1901 924 2087 985 stitizc.
2121 926 2187 979 ad
2217 926 2489 994 justitiam
2533 941 2643 979 non
2674 925 2945 994 pervenit.
2975 925 3154 991 Quare
3176 924 3351 995 ?quia
3380 940 3490 979 non

1900 1018 2124 1080 extide,
2164 1019 2258 1070 sed
2320 1034 2386 1070 ex
2450 1018 2717 1085 operibus
2794 1016 2947 1085 legis.
3025 1016 3495 1072 Existitnavcrunt

1899 1114 2045 1162 enim
2113 1109 2365 1163 suﬁiecre
2427 1109 2553 1172 sibi,
2604 1125 2727 1178 qua:
2773 1108 3080 1163 secundum
3131 1108 3305 1179 legem
3349 1118 3492 1169 erat,

1902 1204 2026 1255 vitae
2067 1200 2531 1254 consuetudinem
2566 1200 2631 1255 ad
2664 1200 3088 1269 comparandam
3119 1200 3409 1270 justitiam,
3432 1210 3494 1255 et

1904 1293 2064 1346 ﬁdem
2091 1302 2570 1361 contempserunt.
2618 1292 2991 1357 Quamobrem
3044 1292 3171 1346 ﬁdei
3221 1292 3493 1347 donorum

1903 1400 2010 1438 non
2039 1384 2264 1438 fuerunt
2301 1385 2636 1453 participes;
2670 1403 2688 1435 i
2727 1383 3091 1438 Oﬂcndertmt
3130 1385 3283 1439 cnim
3326 1384 3382 1439 in
3417 1385 3496 1439 la—

1901 1477 2084 1543 pidem
2122 1477 2469 1539 oﬁ'ensionis,
2514 1484 2575 1530 ut
2618 1476 2884 1545 scriptum
2916 1486 3001 1530 est
3026 1494 3038 1505 ·
3082 1476 3221 1532 Ecce
3261 1492 3407 1547 pono
3440 1478 3493 1530 iu

1902 1568 2033 1621 Sion
2082 1568 2320 1637 lapidem
2375 1567 2703 1623 oli'ensionis
2760 1576 2818 1622 et
2869 1578 3080 1637 petram
3128 1568 3398 1631 scantlali,
3442 1580 3497 1621 et

1902 1662 2081 1714 omnis
2104 1661 2197 1730 qui
2234 1660 2411 1715 credit
2454 1660 2510 1715 in
2546 1675 2673 1714 eum
2711 1675 2818 1715 non
2857 1659 3229 1714 confundetur
3250 1660 3317 1712 ".
3354 1680 3371 1711 ι
3405 1659 3497 1713 Oi-

1903 1752 2126 1806 l‘endei-e
2167 1754 2346 1806 solent
2393 1752 2488 1822 qui
2516 1751 2779 1806 aliorsum
2816 1766 3039 1807 sensum
3083 1751 3495 1821 Scripturarum

1904 1844 2350 1913 prophetieartuu
2393 1842 2694 1911 accipiunt,
2740 1853 2798 1895 et
2847 1843 2901 1896 in
2961 1844 3048 1897 via
3106 1844 3363 1913 progredi
3396 1860 3497 1898 uo-

200 1934 250 1982 οἱ
290 1931 530 2001 ἑτέρωσε
573 1935 666 1999 τὴν
712 1931 953 1983 διάνοιαν
993 1932 1103 1983 τῶν
1142 1932 1377 2001 Γραφῶν
1423 1932 1529 1984 τῶν
1584 1951 1784 2003 προτξηα

1932 1944 2047 1989 ιιηι.
2086 1935 2221 1988 Illud
2247 1938 2457 2003 experti
2487 1944 2616 1988 sunt
2641 1935 2854 1999 Judmi;
2890 1951 3014 1989 nam
3042 1935 3337 2003 superﬁuis
3365 1936 3501 2003 legis

203 2026 376 2075 τετῶν
425 2025 639 2091 ἔχοντες
678 2026 767 2075 καί
801 2025 899 2092 τὴν
932 2025 1051 2077 ὁδὸν
1102 2025 1433 2091 προκόπτειν
1460 2025 1559 2077 οὐκ
1593 2025 1802 2077 ἐθέλον-

206 2134 299 2177 τες
326 2134 336 2142 ·
382 2116 542 2168 τοῦτο
563 2116 897 2168 πεπόνθασιν
921 2119 967 2168 οἱ
1015 2117 1260 2170 Ἰουδαῖοι
1288 2132 1299 2145 ·
1331 2118 1459 2186 περὶ
1490 2118 1599 2185 γὰρ
1627 2116 1691 2187 δὴ
1733 2119 1800 2169 τὰ

204 2206 447 2274 περιττὰ
493 2207 587 2258 τοῦ
624 2208 787 2274 νόμου
821 2208 1060 2277 ἔχοντες,
1096 2208 1187 2260 τὸν
1216 2208 1326 2261 ὑπὸ
1352 2207 1464 2260 τῶν
1502 2208 1798 2277 προφητῶν

203 2298 739 2369 προσαγορευθέντα
789 2298 934 2351 ὶὶτιον
992 2300 1119 2351 ἰδεῖν
1153 2300 1252 2351 οῦκ
1290 2297 1588 2367 ἑθέλησαν·
1629 2299 1805 2349 καίτοι

208 2391 402 2458 σαφῶς
461 2392 510 2442 oi
551 2391 825 2459 προφῆται
892 2391 1320 2461 προεθέσπισαν,
1376 2390 1449 2454 ὡς
1513 2393 1542 2443 ὁ
1599 2390 1807 2451 τούτοις

206 2483 513 2547 πιστεύων,
555 2484 833 2552 μεγίστων
867 2483 1117 2547 τεύξεται
1144 2482 1364 2549 ἀγαθῶν
1388 2498 1399 2510 ·
1437 2499 1456 2531 ι
1486 2481 1661 2550 Ζῆλον
1692 2480 1802 2550 γὰρ

205 2575 349 2627 Ηεοῦ
411 2575 647 2642 ἔχουσιν,
678 2573 791 2625 ἀλλ’
829 2575 890 2626 οὐ
938 2576 1057 2628 κατ’
1103 2574 1400 2639 ἐπίγνωσιν
1428 2590 1441 2604 ·
1486 2572 1807 2637 ἀγνοοῦντες

206 2668 325 2737 γὰρ
357 2667 459 2734 τὴν
492 2665 583 2718 τοῦ
619 2666 755 2719 Θεοῦ
784 2666 1154 2734 δικαιοσύνην,
1182 2665 1273 2716 καὶ
1304 2664 1401 2735 τὴν
1439 2664 1574 2716 ἰδίαν
1597 2665 1799 2715 δικαιο-

212 2760 389 2827 οὗντμ
444 2757 736 2825 ζητοῦντες
788 2760 1002 2826 στῆσαι,
1054 2760 1121 2826 τῇ
1172 2757 1487 2826 δικαιοσύνῃ
1538 2755 1631 2807 τοῦ
1677 2754 1813 2805 Θεοῦ

207 2855 315 2921 οὐχ
363 2852 799 2904 ὑποτάσσονται·
832 2870 849 2899 ›
896 2850 1050 2910 τέλος
1100 2851 1208 2916 γὰρ
1256 2850 1421 2916 νόμου
1468 2848 1705 2917 Χριστὸς
1736 2849 1813 2906 εἰς

1908 2036 2187 2087 vacantes,
2214 2026 2306 2094 qui
2341 2041 2370 2078 a
2397 2026 2687 2095 prophetis
2716 2024 3014 2094 praedictus
3036 2025 3236 2086 fuerat,
3262 2026 3501 2094 lapidem

1906 2120 2096 2171 videre
2129 2119 2463 2181 uoluerunt;
2496 2133 2816 2187 quanquam
2847 2126 3037 2182 aperte
3084 2118 3367 2173 vaticinati
3392 2118 3505 2172 sint

1909 2210 2199 2277 propheta:
2246 2209 2393 2263 hunc
2430 2210 2524 2278 qui
2559 2210 2679 2263 istis
2722 2209 2998 2271 crederet,
3038 2209 3272 2264 maxima
3312 2224 3504 2265 consc-

1915 2306 2172 2352 eutnrma
2214 2315 2334 2353 csso
2364 2300 2525 2354 bona.
2567 2320 2586 2350 ς
2617 2300 2809 2356 Zelum
2831 2302 2978 2356 enim
3014 2298 3112 2355 Dei
3140 2301 3370 2364 habent,
3395 2317 3505 2355 non

1916 2400 2099 2443 autem
2158 2392 2463 2445 secundum
2530 2392 2839 2447 scientiam.
2876 2392 3200 2447 Nescientcs
3229 2393 3378 2448 enim
3410 2394 3508 2449 Dei

1913 2482 2204 2546 justitiam.
2260 2494 2309 2533 et
2352 2498 2504 2535 suam
2557 2484 2829 2553 justitiam
2888 2492 3198 2551 qtitereutcs
3242 2492 3508 2548 statuere,

1915 2573 2141 2640 justitia:
2197 2574 2287 2625 Dei
2346 2590 2453 2625 nitu
2506 2575 2901 2643 subjiciuntur.
2959 2575 3108 2630 Finis
3165 2576 3316 2631 enim
3374 2577 3513 2648 legis

1919 2664 2183 2719 Christus
2213 2665 2261 2715 in
2291 2666 2555 2732 justitiam
2601 2668 2750 2721 omni
2799 2667 3047 2722 credenti
3065 2669 3152 2731 5';
3189 2687 3207 2720 ι
3241 2669 3329 2726 lex
3363 2670 3513 2724 enim

1924 2769 2023 2809 nos
2054 2771 2270 2818 omnes,
2303 2755 2509 2809 scilicet
2545 2771 2765 2809 onmem
2795 2757 3095 2810 humanam
3128 2768 3417 2823 naturam,
3445 2759 3514 2813 ad

1930 2848 2224 2900 Dominum
2249 2847 2530 2901 Christum
2561 2847 2851 2902 conduxit.

209 2944 572 3014 δικαιοσύνην
603 2944 763 2996 παντὶ
791 2943 867 3012 τῷ
900 2945 1242 2995 πιστεύοντι·
1279 2946 1307 2994 ο
1346 2944 1454 3011 γὰρ
1487 2943 1648 3011 νόμος
1710 2942 1914 2999 πάντας
1954 2942 2123 3010 ἡμᾶς,
2158 2943 2324 3010 ἤγουν
2369 2944 2547 2994 πᾶσαν
2616 2944 2778 3011 φύσιν
2827 2944 3154 3015 ἀνθρώπων,
3216 2948 3355 3017 πρὸς
3417 2947 3515 3001 τὸν

211 3042 501 3107 Δεσπότήν
532 3039 766 3108 Χριστὸν
795 3040 1148 3107 εποδήγήοεν.

287 3134 397 3184 Τὸν
444 3131 539 3182 τοῦ
594 3132 759 3199 νόμον
828 3132 1007 3182 τοίνυν
1090 3132 1289 3197 πληροί
1359 3130 1559 3184 σκοπὸν
1634 3131 1661 3179 ὁ
1723 3146 1810 3179 πι-

1994 3130 2153 3199 Legis
2180 3128 2342 3183 ﬁnem
2378 3130 2571 3198 implet
2610 3131 2705 3200 qui
2740 3130 2921 3186 credit
2957 3131 3226 3187 Salvatori
3257 3131 3515 3198 Christo;

214 3223 433 3277 στεύων
487 3220 567 3289 τῷ
614 3221 827 3291 Σωτῆρι
874 3222 1134 3291 Χριστῷ·
1183 3222 1319 3273 διότι
1363 3221 1608 3289 περιέχει
1655 3222 1710 3271 ὲν
1745 3222 1809 3288 τῇ

1924 3221 2044 3275 ideo
2076 3222 2358 3274 invenitur
2413 3222 2469 3274 in
2507 3221 2790 3291 Scriptura
2814 3241 2831 3273 .-
2864 3241 2883 3275 ι
2918 3224 3059 3279 Ecce
3089 3239 3235 3294 pono
3278 3225 3336 3280 in
3381 3226 3514 3282 Sion

215 3316 419 3386 Γραφῇ
442 3330 454 3342 ·
487 3334 503 3363 ι
547 3314 677 3367 Ἰδοὺ
698 3315 885 3381 τίθημι
906 3316 959 3365 ἐν
975 3314 1109 3365 Σιὼν
1124 3312 1270 3365 λίθον
1287 3315 1698 3383 ἁκρογωνισῖον,
1722 3315 1811 3364 ὲκ-

217 3407 433 3467 λεκτῖιν,
456 3406 693 3473 ἔντιμον,
729 3406 820 3457 καὶ
839 3407 865 3456 ὁ
886 3406 1153 3457 πιστεύων
1174 3410 1248 3466 εἰς
1266 3406 1427 3458 αὑτὸν
1452 3406 1512 3457 οὐ
1535 3404 1608 3474 μὴ
1625 3421 1814 3457 καται-

220 3500 455 3569 σχυνϋῇ.
478 3519 493 3544 α
516 3496 676 3565 Ἡμῖν
697 3496 834 3566 οὖνὴ
856 3499 984 3566 τιμὴ
1006 3499 1113 3559 τοῖς
1138 3498 1503 3558 πιστεύουσιν,
1532 3495 1814 3547 ἀπειθοῦσι

218 3590 277 3641 δὲ
319 3588 474 3640 λίθον
530 3588 589 3639 ὃν
630 3586 1042 3657 ἀπεδοκίμασαν
1087 3590 1134 3639 οι
1188 3587 1619 3654 οἰκοδομοῦντες.
1664 3580 1814 3645 οἶτος

223 3679 468 3747 ἐγενήθη
506 3682 585 3741 εἰς
627 3679 865 3749 κεφαλὴν
901 3680 1103 3745 γωνίας
1148 3682 1239 3731 καὶ
1271 3679 1414 3730 λίθον
1458 3679 1815 3749 προσκόμμα-

225 3789 317 3833 τος
350 3772 448 3823 καὶ
480 3771 688 3840 πέτραν
720 3770 1040 3831 σκανδάλου,
1068 3771 1118 3822 οἳ
1155 3771 1527 3841 προκόπτουσι
1560 3769 1637 3839 τῷ
1666 3769 1822 3837 Λόγῳ

226 3862 592 3924 ἀπειθοῦντες
618 3864 697 3924 είς
741 3862 802 3913 ὃν
843 3863 936 3915 καὶ
989 3861 1256 3929 ἐτέθησαν
1277 3879 1291 3892 ·
1321 3882 1339 3913 ι
1377 3863 1537 3932 ἡμεῖς
1576 3860 1632 3913 δὲ
1657 3863 1707 3913 oi
1738 3878 1824 3913 πι-

232 3956 524 4017 στεύοντες
557 3958 650 4007 καὶ
677 3953 1090 4023 βαπτισθέντες.
1128 3974 1145 4004 ι
1175 3955 1332 4017 Γένος
1366 3954 1639 4015 ἐκλεκτδνι
1674 3952 1829 4022 βασί·

229 4053 378 4104 λειον
415 4049 740 4120 ἱεράτευμα,
771 4050 921 4111 ἔθνος
956 4051 1135 4115 ἅγιον,
1168 4050 1295 4112 λαὸς
1326 4052 1403 4112 είς
1435 4049 1790 4117 περιποίησιν
1813 4063 1824 4074 ·

229 4145 381 4205 ὅπως
413 4143 514 4203 τὰς
537 4142 739 4211 ἀρετὰς
770 4141 1181 4209 ὲξαγγείλωμεν
1212 4139 1307 4193 τοῦ
1334 4143 1397 4192 ὲκ
1426 4141 1655 4202 σκότους
1683 4141 1832 4209 ἡμᾶς

238 4234 569 4296 καλέσαντος
599 4234 679 4295 εἰς
696 4233 756 4284 τὸ
779 4232 1090 4298 θαυμαστὸν
1141 4232 1307 4285 αὑτοῦ
1365 4232 1480 4302 φῶς
1502 4249 1515 4263 ·
1542 4232 1591 4284 οἱ
1616 4233 1747 4283 ποτὲ
1774 4233 1832 4283 οὐ

233 4326 385 4388 λαὸς,
416 4324 511 4376 νῦν
531 4324 587 4376 δὲ
610 4324 735 4385 λαὸς
768 4324 926 4386 Θεοῦ,
958 4325 1007 4374 οί
1040 4323 1139 4376 οὐκ
1164 4324 1479 4393 ἠλεημένοι,
1511 4324 1606 4376 νῦν
1632 4323 1685 4375 δὲ
1726 4324 1838 4375 ελε-

234 4416 464 4488 ηθέντες
482 4432 494 4444 ·
508 4434 529 4466 ι
550 4443 617 4454 -—
643 4433 661 4465 ι
688 4413 794 4477 Οὓς
809 4414 903 4467 καὶ
917 4413 1178 4466 ἐκάλεσεν
1194 4415 1340 4483 ἡμᾶς
1355 4413 1414 4465 οὐ
1445 4412 1606 4482 μόνον
1631 4412 1687 4478 ἐξ
1708 4412 1840 4464 Ἰου-

231 4510 426 4569 δαίων,
449 4506 586 4560 ἁλλὰ
619 4507 711 4559 καὶ
730 4506 791 4569 ἐξ
823 4504 1013 4558 ἐθνῶν·
1037 4506 1113 4568 ὠς
1136 4506 1232 4558 καὶ
1262 4506 1321 4557 ὲν
1353 4504 1431 4573 τῷ
1468 4504 1627 4572 Ὠσηὲ
1666 4504 1836 4571 λέγει,

240 4621 259 4653 ι
291 4600 533 4654 Καλέσω
557 4598 648 4651 τὸν
665 4600 737 4650 Οὐ
760 4598 886 4649 λαὸν
908 4616 1028 4666 μου,
1047 4599 1187 4650 Λαόν
1205 4614 1325 4667 μου·
1350 4598 1556 4666 καὶτὴν
1580 4598 1695 4650 Οὐκ
1711 4598 1838 4665 ἡγα-

235 4694 521 4761 πημένην,
558 4690 952 4759 ἰιγαπημένην
974 4707 987 4719 ·
1008 4691 1103 4742 καὶ
1126 4690 1278 4743 ἔσται
1302 4692 1359 4742 ἐν
1382 4690 1459 4761 τῷ
1486 4691 1636 4759 τόπῳ
1658 4684 1719 4741 οὗ
1745 4691 1838 4759 ἐῤ-

240 4786 375 4855 ρέθη
396 4785 608 4847 αὐτοῖς,
635 4783 710 4835 Οὐ
734 4782 860 4844 λαός
882 4801 983 4851 μου
1003 4785 1182 4851 ὑμεῖς,
1205 4785 1322 4836 ἐκεῖ
1350 4782 1713 4852 κληθήσονται
1733 4786 1837 4836 υἱοὶ

240 4876 384 4931 θεοῦ
429 4874 654 4939 ζῶντος.
689 4895 810 4925 ι-ι
826 4877 978 4928 Ὅσοι
1001 4876 1108 4943 γὰρ
1133 4876 1409 4944 Πνεύματι
1432 4872 1569 4926 Θεοῦ
1590 4874 1834 4941 ἄγονται,

242 4959 396 5020 οὗτοί
427 4967 565 5017 εἰσιν
579 4966 687 5017 υἱοὶ
710 4946 865 5017 Θεοῦ.
879 4986 896 5016 ι
912 4964 1174 5026 -ιΤέλος
1188 4964 1296 5035 γὰρ
1323 4963 1488 5033 νόμου
1509 4964 1743 5033 Χριστὸς
1762 4966 1842 5025 εἰς

243 5054 597 5121 δικαιοσύνην
618 5056 782 5108 παντὶ
811 5055 889 5124 τῷ
913 5056 1246 5109 πιστεύοντι.
1263 5073 1282 5107 ι
1303 5055 1544 5122 Μωῦσῆς
1567 5053 1675 5123 γὰρ
1702 5055 1841 5122 γρά-

246 5163 340 5215 per.
368 5147 471 5213 τὴν
523 5146 875 5214 δικαιοσύνην
894 5148 992 5215 τὴν
1041 5149 1103 5198 ἐκ
1120 5145 1216 5199 τοῦ
1241 5146 1429 5215 νόμου,
1448 5146 1529 5198 ὃτι
1558 5146 1586 5197 ὁ
1612 5146 1843 5214 ποιήσας

247 5236 393 5291 αὐτὰ
419 5237 727 5307 ἄνθρωπος,
762 5238 987 5307 ζήσεται
1020 5240 1080 5289 ὲν
1109 5239 1291 5299 αὐτοῖς
1315 5254 1326 5265 ·
1363 5239 1395 5305 ἡ
1423 5238 1477 5289 δὲ
1508 5238 1570 5288 εκ
1604 5236 1839 5297 πίστεως

247 5330 569 5397 δικαιοσύνη
585 5328 757 5393 οῦτως
784 5330 950 5398 λέγει·
984 5332 1114 5400 «Μὴ
1143 5333 1303 5401 εἴπῃς
1324 5331 1381 5381 ἐν
1407 5334 1473 5399 τῇ
1500 5329 1697 5401 καρδίᾳ
1722 5345 1834 5381 σου·

251 5420 351 5483 Τίς
385 5418 721 5489 ἀναϐήσεται
766 5424 845 5484 εἰς
882 5422 974 5483 τὸν
1000 5422 1229 5492 οὐρανόν
1265 5439 1279 5487 ;
1310 5420 1560 5474 τουτέστι
1604 5422 1837 5491 Χριστὸν

253 5515 597 5578 καταγαγεῖν
626 5530 633 5538 ·
686 5513 741 5581 ἢ,
772 5514 868 5577 Τίς
914 5514 1287 5584 καταϐήσεται
1317 5515 1397 5575 είς
1429 5514 1529 5582 τὴν
1566 5512 1835 5575 ἄϐυσσονς

256 5604 512 5659 τουτέστι
559 5604 794 5673 Χριστὸν
833 5607 897 5659 ἐκ
953 5604 1165 5676 νεκρῶν
1217 5606 1539 5671 ἀναγαγεῖν.
1594 5603 1755 5655 Ἀλλὰ
1787 5604 1839 5654 τί

258 5694 441 5763 λέγεις
480 5692 679 5761 Ἐγγύς
735 5710 829 5746 σου
852 5694 914 5747 τὺ
936 5694 1089 5764 ῥῆμά
1116 5695 1264 5746 ἐστιν
1292 5692 1441 5762 ἐντῷ
1472 5693 1701 5761 στόματί
1726 5707 1843 5751 σου,

328 5808 377 5840 ⁴’
412 5805 542 5859 Osc.
571 5821 629 5866 ιι,
662 5804 751 5858 24.
832 5806 877 5836 ’⁸⁸
910 5806 1065 5861 Rom.
1094 5823 1164 5865 is.
1192 5807 1279 5857 50.

260 5894 321 5943 tl,
356 5876 415 5941 6,
462 5876 575 5930 8.³⁶
610 5875 746 5928 ibid.
779 5876 833 5939 9,
868 5876 955 5927 10.
1032 5877 1075 5906 ⁸⁸
1115 5882 1270 5929 lititit.
1311 5893 1382 5939 lx,
1415 5876 1505 5935 ‘21,
1529 5878 1615 5928 23}.

517 5968 786 6026 ΡΑτιιυι..
831 5966 948 6027 Gn.
994 5967 1318 6027 LXXXIX.

1876 4560 1917 4611 1)

1387 5809 1427 5835 “
1465 5807 1566 5859 lsa.
1612 5822 1802 5869 xxviii,
1846 5807 1950 5865 lﬁ;
2010 5807 2142 5858 Ilum
2207 5822 2277 5862 ix.
2314 5809 2400 5873 52,
2440 5811 2527 5865 5'3.

1695 5879 1738 5907 ⁵⁸
1774 5876 1926 5929 Rom.
1956 5892 2066 5939 \lll,
2116 5876 2199 5928 M.

1916 3310 2155 3379 lapidem
2192 3313 2536 3380 angularem,
2589 3313 2855 3378 electum,
2918 3313 3271 3379 honoratum,
3316 3326 3374 3372 et
3424 3319 3519 3388 qui

1918 3401 2097 3455 credit
2128 3401 2184 3454 in
2217 3417 2344 3455 eum
2374 3417 2487 3455 non
2552 3402 2953 3457 confundetur.
3012 3405 3185 3459 Nobis
3218 3406 3386 3476 igitur
3416 3409 3519 3463 ho-

1921 3508 2023 3546 uor
2058 3493 2458 3558 credentibus;
2492 3508 2600 3545 non
2636 3492 2995 3548 credentibus
3042 3505 3227 3550 autem
3279 3497 3519 3567 lapidem

1925 3601 2087 3651 quem
2120 3610 2127 3635 ἱ
2168 3612 2187 3651 η
2221 3585 2469 3639 robavcr-
2500 3595 2557 3638 ut
2584 3584 2946 3648 :e-liﬁcantes,
2970 3586 3063 3641 hic
3080 3587 3259 3643 factus
3280 3589 3334 3643 iu
3357 3601 3518 3660 caput

1926 3677 2131 3743 anguli,
2164 3686 2217 3729 et
2252 3677 2389 3745 lapis
2429 3676 2755 3731 offensionis
2810 3688 2865 3731 et
2920 3672 3077 3748 petra
3132 3681 3400 3745 scandali,
3436 3684 3523 3737 his

1927 3772 2021 3839 qui
2054 3771 2348 3825 oili-mlunt
2377 3772 2557 3826 Verbo
2584 3788 2692 3827 non
2721 3774 3014 3828 credentes
3045 3778 3094 3829 ei
3144 3777 3196 3830 in
3221 3793 3331 3847 quo
3357 3778 3520 3847 positi

1929 3860 2141 3915 sunt”.
2186 3879 2202 3909 ι
2239 3856 2351 3914 Nos
2382 3870 2567 3915 autem
2590 3864 2882 3919 credentes
2911 3874 2968 3919 et
2985 3864 3272 3935 baptizati,
3302 3885 3320 3919 ι
3351 3884 3525 3938 genus

1930 3953 2189 4016 electum,
2230 3954 2409 4020 iegalc
2445 3953 2839 4019 sacerdotium,
2875 3972 3009 4026 gens
3035 3966 3261 4023 sancta;
3289 3960 3527 4029 populus

1936 4044 1988 4095 in
2045 4044 2507 4111 acquisitioncm;
2546 4054 2608 4098 ut
2644 4046 2879 4101 virtutes
2932 4049 3331 4104 annuntiemus
3383 4052 3524 4120 ejus,

1936 4134 2029 4202 qui
2070 4134 2138 4187 de
2191 4136 2439 4190 tenebris
2485 4152 2585 4190 nos
2629 4137 2847 4192 vocavit
2874 4138 2929 4191 in
2960 4139 3289 4195 admirabile
3340 4141 3526 4196 lumen

1939 4220 2136 4287 suum;
2184 4226 2276 4292 qui
2321 4226 2617 4294 aliquando
2666 4243 2775 4281 non
2834 4228 3092 4297 populus,
3146 4246 3296 4283 nttnc
3341 4241 3527 4285 autem

1942 4316 2179 4385 populus
2232 4316 2366 4373 Dei;
2425 4318 2518 4385 qui
2568 4334 2677 4372 non
2734 4319 3171 4375 misericordiam
3221 4324 3529 4384 consecuti,

1945 4399 2092 4462 nunc
2160 4417 2342 4463 autem
2428 4410 2863 4465 misericordiam
2935 4413 3218 4467 consecuti
3243 4414 3327 4479 l";
3384 4433 3402 4465 ι
3463 4444 3533 4454 --

1952 4517 1971 4549 ι
2008 4498 2158 4565 Quos
2188 4501 2405 4554 vocavit
2453 4517 2555 4553 nos
2602 4517 2712 4555 non
2758 4503 2937 4558 solum
2972 4519 3040 4557 ex
3078 4501 3302 4569 Judteis,
3338 4503 3433 4558 sed
3464 4520 3531 4559 ex

1947 4589 2237 4657 gentibus;
2281 4600 2339 4642 ut
2364 4601 2419 4643 et
2449 4593 2501 4644 in
2532 4591 2671 4646 Osce
2700 4592 2871 4647 dicit:
2911 4612 2929 4644 ε
2970 4594 3189 4648 Vocabo
3217 4610 3329 4649 non
3351 4610 3529 4665 popu-

1945 4680 2059 4734 lum
2095 4697 2293 4733 meuiu
2326 4683 2588 4751 populum
2615 4698 2835 4750 meum;
2894 4699 3002 4738 non
3051 4684 3340 4749 dilectam,
3389 4685 3529 4739 dile-

1948 4780 2133 4831 ctam:
2167 4782 2224 4824 et
2255 4773 2363 4826 crit
2388 4774 2441 4827 iu
2472 4774 2593 4827 loco
2626 4776 2718 4830 tibi
2754 4776 3012 4830 inventus
3034 4785 3117 4831 est
3141 4776 3274 4845 ipsis
3296 4776 3533 4846 populus

1950 4878 2104 4917 meus
2138 4879 2254 4925 vos,
2293 4863 2365 4917 ibi
2403 4865 2753 4920 vocabuntur
2789 4866 2885 4920 ﬁlii
2922 4866 3015 4919 Dci
3055 4866 3293 4921 viventis
3314 4868 3382 4921 ".
3416 4884 3435 4918 ι
3465 4895 3536 4907 -ο

1950 4973 1968 5003 ι
2001 4953 2105 5020 Qui
2130 4955 2279 5010 enim
2307 4956 2504 5026 spiritu
2537 4958 2631 5012 Dei
2658 4966 2919 5028 aguntur,
2941 4960 2995 5012 hi
3021 4969 3151 5014 sunt
3182 4958 3278 5012 ﬁlii
3301 4958 3479 5013 Dei“.
3512 4978 3529 5008 ι

2047 5067 2065 5098 ι
2114 5049 2266 5103 Finis
2310 5051 2457 5103 enim
2493 5051 2630 5118 legis
2654 5050 2912 5106 Christus
2964 5052 3016 5104 iu
3062 5052 3333 5120 justitiam
3383 5053 3533 5103 omni

1945 5141 2217 5194 credenti.
2259 5160 2275 5191 ι
2320 5142 2532 5213 Moyses
2581 5144 2728 5196 enim
2784 5144 2979 5196 scribit
3032 5143 3100 5197 de
3159 5143 3375 5213 justitia
3413 5158 3536 5211 quae.

1946 5242 2029 5286 cst
2060 5249 2126 5287 ex
2151 5235 2289 5303 lege,
2330 5236 2594 5303 quoniam
2629 5238 2722 5306 qui
2767 5236 2961 5289 fecerit
2991 5252 3056 5289 ea
3086 5236 3275 5301 homo,
3306 5235 3453 5289 vivet
3479 5236 3535 5289 in

1948 5324 2075 5377 illis.
2108 5325 2183 5379 De
2230 5326 2440 5396 justitia
2481 5338 2665 5383 autem
2714 5344 2836 5397 qua!
2890 5340 2974 5382 est
3025 5344 3093 5383 ex
3122 5328 3228 5382 ﬁde
3261 5329 3334 5382 ita
3364 5326 3531 5381 dicit:

1953 5432 1970 5463 ι
1996 5414 2070 5469 Ne
2097 5415 2251 5469 dicas
2275 5417 2327 5469 in
2350 5418 2518 5471 corde
2551 5428 2667 5483 tuo,
2698 5418 2824 5487 quis
2850 5417 3112 5472 ascendet
3144 5418 3197 5471 in
3228 5415 3533 5484 cm]um,[id

1948 5518 2033 5560 est
2079 5507 2360 5561 Christum
2411 5510 2732 5564 deducere?
2781 5520 2875 5564 aut
2930 5511 3056 5578 quis
3112 5509 3415 5564 descendet
3481 5509 3535 5559 in

1950 5601 2231 5670 abyssum,
2254 5602 2306 5654 id
2331 5612 2418 5656 est
2437 5602 2723 5657 Christum
2745 5617 2773 5655 a
2801 5604 3035 5656 mortuis
3065 5601 3331 5683 reducere
3354 5600 3377 5653 Υ
3427 5598 3533 5652 Sed

1952 5692 2085 5759 quid
2114 5692 2290 5746 dicit?
2352 5695 2528 5763 PrOpe
2557 5707 2640 5749 est
2667 5707 2820 5750 tuum
2855 5694 3089 5751 verbum
3124 5695 3177 5747 iu
3205 5707 3302 5747 ore
3330 5700 3447 5755 tuo,
3477 5690 3529 5742 in

2659 5812 2701 5842 "
2734 5810 2892 5866 Boni.
2931 5827 2982 5866 x.
3015 5808 3067 5870 Ξ,
3101 5808 3171 5863 4.,
3263 5805 3309 5837 ⁸³
3341 5804 3356 5859 l
3385 5804 3533 5859 Petr.

3138 5973 3207 6027 40
