4190 6438
249 431 386 498 1261

1275 440 1731 504 DISPUTATIO
1766 436 2165 498 ADVERSUS
2202 441 2530 504 JUD.’EOS.

3383 451 3525 520 1262

240 545 937 621 τοῦτοὲξομολογησόμεθά
970 566 1053 603 σοι
1085 551 1145 604 ὲν
1176 551 1379 614 ἔθνεσι,
1414 548 1611 619 Κύριε,
1635 547 1734 601 καὶ
1758 545 1810 614 τῷ

1938 552 2151 612 gentes,
2187 554 2246 599 et
2293 547 2603 604 collaudato
2655 564 2808 616 cum,
2856 565 3052 607 omnes
3085 557 3355 624 populi”.
3393 580 3414 613 ι
3456 565 3525 620 Et

242 635 480 706 ὀνόματί
516 656 610 691 σου
634 640 932 709 ψάλλομεν.
965 660 983 691 ι
1018 641 1128 694 Καὶ
1178 640 1343 695 πάλιν
1378 640 1548 708 λέγει’
1583 658 1601 689 ι
1624 640 1833 691 Αἰνεῖτε

241 727 340 779 τὸν
368 727 597 798 Κύριον,
620 732 799 785 πάντα
826 730 975 800 ἔθνη,
1002 732 1097 785 καὶ
1125 731 1453 785 ὲπαινέσατε
1489 731 1670 792 αὑτὸν,
1698 730 1833 782 πάν·

242 835 339 881 τες
371 821 420 872 οἰ
446 822 587 874 λαοί.
622 840 641 873 ι
681 824 789 875 Καὶ
811 824 974 878 πάλιν
1017 822 1246 885 Ἥσαῒας
1286 823 1456 891 λέγει·
1499 842 1516 873 ι
1546 824 1655 876 Καὶ
1680 822 1831 875 ἔσται

244 908 379 980 ῥίζα
416 911 516 963 τοῦ
568 913 787 977 Ἰεσσαὶ,
820 914 914 966 καὶ
962 914 989 965 6
1013 913 1376 984 ἀνιστάμενος
1406 915 1600 984 ἄρχειν
1634 912 1828 975 ἐθνῶν,

240 1002 336 1053 ἐπ’
396 1003 562 1057 αὐτὸν
633 1005 761 1076 ἔθνη
838 1006 1155 1072 ἐλπιοῦσι,ι
1223 1007 1408 1070 καθὼς
1467 1007 1827 1074 γέγραπταιο

250 1110 270 1145 ι
294 1092 562 1163 Ὄψονται
582 1091 666 1158 οἷς
695 1098 797 1149 οὐκ
827 1098 1107 1169 ἀνηγγέλη
1140 1099 1272 1169 περὶ
1305 1096 1497 1162 αὑτοῦ,
1528 1098 1622 1150 καὶ
1651 1097 1700 1150 οἳ
1729 1097 1830 1150 οὐκ

238 1185 519 1254 ἀκηκόασι
556 1188 870 1255 συνήσουσι.
903 1206 922 1238 ι

312 1276 489 1329 Ὅταν
518 1277 573 1328 δὲ
601 1276 763 1328 πάλιν
791 1276 1000 1343 εἰσάγει
1029 1277 1120 1330 τὸν
1143 1279 1489 1347 πρωτότοκον
1521 1282 1600 1339 εἰς
1633 1279 1728 1347 τὴν
1754 1279 1831 1330 οξ-

238 1368 544 1436 κουμένην,
571 1366 721 1433 λέγει
747 1384 760 1396 ·
778 1385 795 1417 ι
822 1369 931 1419 Καὶ
957 1368 1439 1436 προσκυνείτωσαν
1456 1369 1605 1439 αὐτῷ
1631 1370 1828 1429 πάντες

236 1455 469 1522 ἄγγελοι
500 1455 659 1506 Θεοῦ.
681 1474 701 1505 ι
756 1454 912 1507 Οὕτω
960 1458 1053 1508 καὶ
1095 1459 1121 1507 ὁ
1151 1457 1283 1517 Θεὸς
1312 1457 1399 1508 διὰ
1440 1458 1533 1510 τοῦ
1565 1459 1829 1526 στόματος

233 1543 337 1598 τοῦ
394 1545 669 1615 μακαρίου
719 1548 884 1599 Δαϐὶδ
937 1547 1125 1613 λέγει’
1164 1566 1181 1597 ι
1214 1548 1394 1612 Ἃπαξ
1427 1549 1617 1618 ὤμοσα
1663 1551 1720 1600 ὲν
1752 1548 1831 1617 τῷ

236 1638 385 1709 ἁγίῳ
413 1655 541 1708 μου,
570 1640 619 1690 εἰ
655 1639 731 1708 τῷ
759 1640 926 1691 Δαϐὶδ
950 1639 1223 1709 ψεύσομαι
1246 1658 1260 1672 ο
1296 1642 1355 1694 τὸ
1406 1644 1630 1710 σπέρμα
1663 1641 1827 1695 αὑτοῦ

234 1730 320 1791 εἰς
362 1730 460 1781 τὸν
503 1728 676 1781 αἰῶνα
727 1730 899 1799 μένει.
938 1730 1031 1782 καὶ¹
1082 1730 1270 1799 θρόνος
1312 1729 1474 1784 αὑτοῦ
1521 1731 1597 1794 ὼς
1626 1734 1653 1784 ὀ
1679 1732 1826 1801 ἥλιος

232 1820 485 1873 ἐναντίον
520 1838 646 1889 μου,
680 1822 773 1873 καὶ
806 1820 881 1882 ὼς
913 1821 1107 1892 σελήνη
1163 1824 1577 1892 κατηρτισμὲνη
1616 1825 1696 1886 εἰς
1722 1825 1815 1876 τὸν

1937 648 2130 688 rursus
2174 634 2343 692 Isaias
2393 638 2563 692 dicit:
2607 659 2626 691 ι
2672 641 2742 695 Ει
2783 642 2891 697 erit
2929 643 3084 699 radix
3119 646 3292 715 Jesse,
3329 663 3387 708 et
3426 658 3521 724 qui

1934 725 2112 794 surgit.
2161 727 2232 781 ad
2285 729 2682 786 dominandum
2733 735 3011 804 gentibus,
3042 736 3098 792 in
3146 738 3300 795 illum
3333 756 3524 813 gentes

1933 818 2316 886 Sperabuut“,
2352 841 2371 874 ι
2420 823 2566 877 sicut
2593 826 2858 894 scriptum
2892 836 3011 884 est:
3041 849 3060 882 ι
3089 831 3371 889 Videbunt
3402 839 3523 906 qni-

1932 906 2037 961 bus
2076 923 2185 962 non
2220 913 2537 966 nuntiatum
2563 924 2647 969 est
2676 914 2745 969 de
2769 932 2857 983 eo,
2883 928 2939 973 et
2960 920 3054 989 qui
3080 937 3193 976 non
3222 923 3524 981 audierunt

1933 998 2244 1072 intelligent
2261 1006 2326 1058 ⁸⁸.
2370 1024 2388 1056 ι

1999 1265 2136 1321 Cum
2186 1279 2369 1324 autem
2406 1288 2605 1327 rursus
2647 1276 2957 1333 introducit
2990 1281 3419 1357 primogenitum
3462 1292 3518 1348 in

1930 1358 2120 1411 orbem
2150 1371 2445 1427 terrarum,
2468 1364 2601 1417 dicit
2626 1384 2638 1418 :
2668 1386 2685 1415 ι
2708 1367 2775 1420 Ει
2800 1370 3032 1427 adorent
3052 1390 3177 1429 eum
3200 1394 3393 1436 omnes
3422 1398 3520 1438 an-

1930 1450 2034 1516 geli
2081 1452 2261 1505 Dei“.
2315 1473 2333 1504 ι
2391 1454 2481 1509 Sic
2531 1457 2674 1512 Deus
2718 1476 2817 1528 per
2872 1477 2935 1516 os
2989 1464 3131 1521 beati
3186 1472 3357 1527 David
3404 1476 3515 1531 ait:

1937 1560 1955 1589 ι
1991 1542 2171 1596 Semel
2206 1546 2385 1614 juravi
2435 1549 2490 1603 in
2544 1563 2736 1607 saneto
2765 1569 2906 1617 meo,
2942 1557 2988 1611 si
3033 1558 3201 1613 David
3241 1567 3513 1631 mentiar;

1930 1648 2117 1687 semen
2174 1640 2294 1706 ejus
2354 1641 2407 1693 in
2462 1644 2723 1697 s:eculum
2778 1657 2983 1713 manet,
3030 1659 3086 1704 et
3135 1652 3369 1709 thronus
3398 1659 3519 1727 ejus

1927 1726 2073 1779 sicut
2110 1729 2188 1781 sol
2233 1730 2286 1783 in
2321 1744 2620 1801 conspectu
2661 1751 2805 1799 meo,
2837 1748 2887 1791 et
2932 1740 3078 1795 sicut
3112 1742 3240 1799 luna
3271 1726 3517 1815 perfecta

1929 1816 1983 1870 in
2009 1827 2369 1886 aztcrnum,et
2399 1824 2554 1877 testis
2590 1824 2645 1877 in
2677 1827 2817 1881 coelo
2851 1827 3112 1898 ﬁdelis",
3148 1855 3166 1887 ι
3200 1848 3257 1892 et
3281 1855 3516 1896 rursus:

232 1911 435 1975 αἰῶνα,
483 1912 580 1964 καὶ
625 1915 653 1962 6
695 1908 907 1979 μάρτυς
934 1912 992 1963 ὲν
1019 1912 1237 1981 οὐρανῷ
1269 1913 1479 1974 πιστός.
1512 1932 1528 1963 ι
1564 1915 1673 1965 Καὶ
1707 1916 1810 1969 πά-

1927 1923 1946 1957 ι
1982 1909 2187 1964 Ponam
2237 1912 2292 1965 in
2349 1915 2486 1967 mari
2538 1932 2760 1970 manum
2814 1922 2935 1990 ejus
2972 1931 3029 1977 et
3074 1926 3130 1979 in
3191 1929 3518 1991 ﬂuminibus

230 2000 346 2055 λιν⁹
388 2020 408 2053 ι
438 2002 687 2069 ϐήσομαι
728 2001 787 2053 ἐν
849 1999 1093 2069 Θαλάσσῃ
1146 2004 1307 2072 χεῖρα
1358 2003 1546 2065 αὑτοῦ,
1608 2004 1701 2055 καὶ
1758 2004 1818 2055 ἐν

230 2094 509 2161 ποταμοῖς
542 2091 722 2157 δεξιὰν
744 2092 938 2145 αὑτοῦ·
967 2093 1129 2156 αὐτὸς
1156 2095 1545 2145 ὲπικαλέσεταί
1579 2111 1669 2161 με,
1702 2094 1816 2145 Πα-

226 2184 338 2253 τήρ
364 2199 471 2251 μου
498 2177 552 2235 εἰ
583 2183 673 2245 σὺ,
704 2182 836 2246 Θεός
868 2200 970 2252 μου
1009 2184 1103 2236 καὶ
1133 2182 1487 2253 ἀντιλήπτωρ
1514 2185 1613 2252 τῆς
1642 2199 1819 2253 σωτη-

228 2274 355 2345 ρίας
389 2292 493 2344 μου
513 2290 526 2303 ’
559 2273 717 2341 κάγὼ
764 2274 1107 2344 πρωτότοκον
1140 2274 1377 2345 θήσομαι
1408 2277 1568 2327 αύτὶν
1613 2276 1816 2345 ὑψηλὸν

225 2366 385 2435 παρά
432 2369 545 2429 τοῖς
606 2365 886 2435 βασιλεῦσι
940 2366 1040 2435 τῆς
1085 2368 1211 2435 γῆς.
1273 2384 1292 2418 ι
1332 2366 1435 2430 ’⁸ος
1482 2369 1687 2421 ἐστινό
1720 2367 1813 2421 τοῦ

223 2457 363 2510 Θεοῦ
419 2458 596 2525 Λόγος
650 2458 742 2511 καὶ
798 2457 923 2520 Υἱὸς
982 2458 1296 2530 μονογενὴς,
1328 2460 1424 2513 καὶ
1464 2460 1576 2514 τῶν
1602 2460 1815 2516 αἰώνων

222 2548 490 2619 Ποιητής,
523 2549 618 2601 καὶ
652 2549 997 2620 Δημιουργὸς
1032 2550 1268 2604 πάντων.
1313 2551 1486 2604 Πόθεν
1517 2553 1574 2605 δὲ
1605 2554 1687 2616 εἰς
1716 2554 1815 2623 τὴν

219 2639 556 2709 οἰκουμένην
584 2639 923 2709 εἰσέρχεται;
959 2640 1074 2705 πῶς
1116 2642 1171 2694 δὲ
1214 2644 1559 2711 πρωτότοκος
1589 2647 1617 2695 6
1642 2646 1815 2697 Μονο-

220 2733 425 2801 γενής;
456 2731 617 2797 Πῶς;
649 2732 737 2784 διά
784 2733 880 2802 τῆς
924 2732 1239 2802 οἰκονομίας
1284 2735 1384 2804 τῆς
1434 2735 1601 2789 αὐτοῦ
1656 2740 1813 2790 ἐναν-

220 2822 598 2892 θρωπήσεως;
630 2822 693 2876 Εἰ
722 2823 780 2876 δὲ
814 2824 909 2876 καὶ
956 2823 1094 2892 μετά
1127 2824 1226 2895 τὴν
1259 2825 1676 2897 ὲνανθρώπησιν
1717 2830 1812 2881 αύ-

222 2915 320 2967 τὸν
349 2916 403 2968 οἱ
445 2914 666 2983 ἄγγελοι
694 2914 1136 2985 προσεκύνησαν,
1176 2915 1285 2985 πρὸ
1314 2917 1413 2987 τῆς
1457 2918 1810 2990 ὲνανθρωπή-

221 3022 368 3069 σεως
418 3005 624 3076 ταύτην
676 3005 827 3075 αὐτῷ
882 3004 983 3074 τὴν
1036 3005 1205 3077 τιμὴν
1253 3008 1316 3060 οὐ
1361 3009 1702 3081 προσέφερον
1746 3011 1811 3064 ἐκ

218 3098 462 3161 παντός;
496 3097 607 3149 Καὶ
639 3097 912 3167 πανταχοῦ
935 3093 1004 3169 ἦν
1034 3100 1062 3152 6
1085 3098 1236 3162 Θεὸς,
1268 3101 1363 3151 καὶ
1393 3102 1472 3164 εἰς
1502 3102 1601 3172 τὴν
1624 3103 1808 3156 οἰκου-

1924 1999 2206 2055 dexteram
2243 2004 2379 2073 ejus.
2417 2005 2536 2075 Ipse
2568 2009 2849 2065 invocabit
2891 2030 3013 2069 ine:
3058 2017 3221 2074 Pater
3261 2037 3420 2081 meus
3455 2044 3517 2082 es

1926 2100 2004 2154 tu,
2045 2093 2189 2147 Deus
2235 2111 2389 2150 meus
2435 2106 2489 2151 et
2535 2114 2824 2169 susceptor
2870 2106 3068 2161 salutis
3111 2126 3284 2176 mea};
3318 2126 3375 2170 et
3414 2133 3517 2188 ego

1922 2184 2351 2255 primogenitmu
2393 2205 2591 2257 ponam
2626 2191 2780 2246 illum
2818 2198 3096 2252 excelsum
3130 2217 3243 2271 pra:
3292 2184 3517 2278 regibus

1922 2279 2165 2334 terrm“.
2195 2298 2213 2329 ι
2242 2280 2292 2333 ls
2318 2288 2403 2335 est
2431 2281 2529 2335 Dei
2557 2283 2796 2337 Verbum
2824 2296 2879 2341 et
2906 2288 3078 2345 Filius
3097 2295 3516 2364 uuigenitus,et

1920 2368 2246 2422 smculorum
2276 2371 2487 2425 Auctor
2510 2384 2565 2427 et
2597 2374 2827 2430 Crcalor
2850 2382 3119 2439 omnium.
3149 2386 3299 2441 Unde
3326 2400 3514 2447 autem

1921 2457 1976 2509 in
2003 2458 2194 2513 orbem
2229 2460 2440 2515 intrat?
2473 2463 2761 2529 Quomodo
2791 2471 3198 2543 primogenitns
3228 2489 3283 2532 et
3315 2482 3513 2552 unige-

1921 2548 2113 2601 nitus?
2164 2550 2496 2615 Quomodo?
2529 2552 2668 2606 Num
2703 2572 2800 2624 per
2832 2574 2985 2613 suam
3031 2548 3513 2627 incarnationem?

1921 2637 2016 2693 Sin
2056 2650 2239 2695 autem
2271 2657 2396 2711 post
2430 2645 2863 2703 incarnationem
2902 2652 3054 2708 illum
3096 2662 3275 2727 angeli
3308 2662 3511 2720 adora-

1918 2740 2136 2797 verunt,
2163 2745 2291 2787 ante
2333 2735 2770 2793 incarnationem
2807 2744 3069 2800 eumdem
3115 2748 3193 2803 illi
3238 2752 3510 2812 honorem

1916 2838 2101 2878 nonne
2131 2825 2359 2880 omnino
2398 2829 2755 2885 contulerunt
2778 2834 2800 2885 ?
2823 2834 3039 2905 Ubique
3072 2851 3191 2896 erat
3237 2854 3298 2899 ut
3340 2846 3508 2913 Deus,

1916 2924 1972 2969 et
2005 2915 2058 2969 in
2082 2917 2274 2971 orbein
2306 2919 2534 2974 intravit
2565 2932 2627 2976 ut
2655 2923 2854 2980 homo:
2890 2946 2909 2977 ‹
2956 2927 3017 2982 ln
3047 2933 3256 2987 mundo
3281 2947 3422 3003 erat,
3450 2950 3509 2994 et

1919 3008 2156 3062 mundus
2190 3024 2290 3078 per
2328 3010 2507 3080 ipsum
2540 3011 2716 3069 lactus
2743 3025 2846 3080 est,
2880 3026 2938 3073 et
2967 3024 3210 3079 mundus
3243 3042 3371 3083 eum
3394 3046 3506 3087 non

1916 3100 2208 3168 cognovit;
2255 3101 2309 3154 in
2342 3104 2567 3171 propria
2599 3106 2772 3171 venit,
2821 3118 2876 3163 et
2905 3110 2991 3164 sui
3022 3128 3150 3167 eum
3199 3131 3312 3172 non
3347 3135 3505 3175 rece-

220 3190 403 3257 μένην
444 3188 696 3257 εἰσῆλθεν
737 3189 814 3253 ὡς
856 3189 1176 3261 ἄνθρωπος’
1214 3212 1231 3242 ι
1269 3191 1358 3245 Ἐν
1392 3194 1467 3263 τῷ
1496 3196 1687 3265 κόσμῳ
1720 3191 1807 3265 ἦν,

1915 3193 2197 3260 perunt“.
2232 3214 2247 3243 ι
2278 3193 2333 3248 Si
2354 3196 2503 3249 enim
2534 3196 2587 3249 in
2615 3198 2821 3253 mundo
2842 3209 2981 3265 erat,
3010 3209 3290 3272 quomodo
3317 3212 3505 3267 venit?

216 3280 318 3330 καὶ
340 3279 372 3331 6
412 3279 617 3347 κόσμος
643 3279 711 3332 δι’
746 3280 912 3333 αὑτοῦ
947 3281 1187 3348 ἐγένετο,
1224 3283 1317 3336 καὶ
1344 3286 1371 3336 ὀ
1406 3283 1610 3355 κόσμος
1647 3286 1810 3339 αὑτὸν

216 3371 320 3423 οὐκ
357 3368 503 3437 Εγνω
526 3385 539 3401 ’
586 3371 667 3434 εἰς
723 3371 793 3424 τά
849 3371 955 3424 ίδια
984 3367 1169 3442 ἦλθεν,
1202 3377 1293 3426 καὶ
1317 3375 1366 3427 οἰ
1399 3376 1518 3428 ίδιοι
1551 3376 1714 3430 αὑτὸν
1746 3379 1807 3430 οὐ

216 3461 562 3530 παρέλαϐον.
612 3480 631 3513 ι
677 3462 741 3515 Εἰ
769 3463 878 3533 γὰρ
908 3464 966 3515 ὲν
996 3463 1076 3534 τῷ
1103 3466 1293 3536 κόσμῳ
1324 3462 1411 3536 ἦν,
1455 3467 1572 3531 πῶς
1613 3467 1803 3540 ἦλθεν;

216 3554 270 3606 εἰ
307 3554 370 3605 δὲ
416 3548 572 3622 ἦλθε,
621 3553 739 3615 πῶς
786 3554 844 3605 ὲν
897 3554 976 3624 τῷ
1003 3556 1197 3626 διό-μῳ
1225 3551 1292 3628 ἦν
1318 3576 1331 3625 ;
1360 3559 1494 3612 ἀλλά
1519 3562 1614 3613 καὶ
1640 3564 1697 3614 ἐν
1730 3563 1807 3631 τῷ

216 3638 418 3707 κόσμῳ
455 3634 525 3708 ἦν
554 3638 629 3701 ὡς
684 3639 843 3703 Θεὸς,
873 3642 968 3693 καὶ
1004 3637 1169 3713 ἦιηεν
1201 3645 1274 3708 ὡς
1307 3646 1592 3714 ἄνθρωπος
1616 3665 1631 3681 ο
1663 3651 1807 3704 οὕτω

216 3730 317 3783 καὶ
350 3730 667 3800 Μονογενής
711 3731 862 3784 ἐστιν
911 3732 987 3795 ὠς
1043 3732 1199 3800 Θεὸς,
1236 3738 1331 3789 καὶ
1362 3740 1707 3808 πρωτότοκος
1730 3740 1804 3803 ὡς

213 3822 511 3892 ἄνθρωπος
549 3824 608 3875 ὲν
664 3820 879 3886 πολλοῖς
928 3823 1181 3894 ἀδελφοῖς
1206 3844 1222 3858 ο
1258 3822 1414 3893 οὗτος
1437 3832 1524 3884 ἀεί
1550 3831 1612 3885 τὸ
1637 3833 1805 3897 σέϐας

213 3912 379 3983 παρά
402 3913 514 3967 τῶν
540 3913 790 3982 ἀγγέλων
818 3915 1032 3987 ἐδέχετο
1054 3933 1067 3946 ·
1096 3913 1165 3989 ἦν
1190 3919 1298 3991 γὰρ
1322 3920 1453 3985 Θεὸς
1475 3922 1563 3976 ἀεί
1586 3940 1600 3955 ο
1629 3940 1800 3994 προσ-

213 4007 499 4076 εκύνησαν
544 4006 602 4060 δὲ
649 4008 813 4061 αὑτὸν
871 4010 966 4062 καὶ
1008 4009 1084 4073 ὡς
1139 4012 1453 4083 ἄνθρωπον.
1512 4016 1622 4069 Καὶ
1665 4018 1803 4088 πρὸς

214 4097 319 4166 μὲν
358 4097 489 4159 τοὺς
518 4097 787 4165 ἀγγέλους
823 4099 1000 4168 λέγει·
1034 4118 1053 4151 ι
1088 4098 1148 4155 '0
1178 4102 1348 4163 ποιῶν
1384 4106 1503 4168 τοὺς
1535 4106 1801 4175 ἀγγέλους

209 4188 385 4242 αὑτοῦ
418 4189 727 4258 πνεύματα,
752 4191 846 4243 καὶ
876 4192 1002 4267 τοὺς
1035 4194 1385 4263 λειτουργοὺς
1426 4197 1591 4250 αὐτοῦ
1627 4202 1801 4269 πυρὸς

209 4280 395 4351 φλόγα
420 4296 434 4310 ’
454 4299 473 4331 ⁸
518 4282 655 4351 πρὸς
687 4282 745 4335 δὲ
770 4282 862 4335 τὸν
890 4284 1049 4336 Υἱόν⁸
1092 4303 1109 4335 ι
1133 4286 1193 4337 ’0
1222 4285 1411 4357 θρόνος
1436 4305 1553 4353 σου,
1585 4291 1613 4343 6
1643 4290 1797 4358 Θεὸς,

206 4374 291 4434 εἰς
338 4370 434 4423 τὸν
463 4369 639 4425 αἰῶνα
667 4371 760 4424 τοῦ
799 4372 998 4437 αἰῶνος
1025 4389 1038 4404 °
1093 4375 1285 4444 ῥάϐδος
1314 4376 1610 4448 εὐθύτητος
1636 4381 1668 4450 ή
1703 4382 1799 4451 ῥά-

205 4461 336 4524 ϐδος
366 4460 469 4529 τῆς
500 4460 781 4530 βασιλείας
809 4480 902 4515 σου
926 4478 939 4491 ·
992 4465 1286 4534 ἠγάπησας
1325 4467 1675 4543 δικαιοσύνην
1705 4476 1799 4526 καὶ

1916 3285 2063 3353 quod
2096 3286 2140 3339 si
2172 3287 2341 3353 venit,
2371 3290 2651 3358 quomodo
2689 3290 2742 3345 in
2788 3295 2995 3347 mundo
3038 3300 3201 3351 erat?
3230 3302 3420 3371 utique
3447 3314 3505 3362 et

1918 3376 1973 3429 in
2002 3378 2209 3430 mundo
2260 3388 2381 3433 erat
2434 3388 2495 3435 ut
2537 3382 2704 3448 Deus,
2736 3394 2794 3438 et
2823 3386 2977 3441 venit
3008 3398 3069 3442 ut
3100 3389 3284 3446 homo.
3328 3394 3419 3450 Sic
3447 3407 3505 3452 et

1916 3469 2235 3539 unigenitus
2267 3479 2353 3525 est
2390 3482 2450 3527 ut
2492 3474 2661 3541 Deus,
2694 3485 2747 3531 et
2784 3479 3189 3550 primogenitus
3231 3494 3291 3541 ut
3337 3487 3504 3543 homo

1916 3559 1969 3612 iu
2008 3560 2197 3614 multis
2227 3561 2574 3618 fratribus".
2607 3565 2697 3620 Sic
2725 3568 2891 3621 etiam
2943 3586 3161 3642 semper
3188 3576 3399 3630 cultum
3431 3580 3502 3634 ab

1913 3652 2123 3721 angelis
2148 3653 2471 3723 recipiebat,
2509 3657 2655 3712 Deus
2685 3659 2833 3714 enim
2875 3676 3094 3731 semper
3118 3675 3272 3735 erat;
3306 3669 3502 3725 adora-

1912 3755 2114 3799 verunt
2164 3754 2351 3799 autem
2401 3747 2551 3801 illum
2597 3759 2657 3801 nt
2708 3750 3010 3807 hominem.
3062 3755 3133 3810 Et
3174 3758 3242 3811 ad
3277 3763 3502 3831 angelos

1912 3836 2134 3906 quidem
2180 3837 2351 3893 dicit:
2390 3858 2407 3889 ι
2435 3838 2538 3905 Qui
2572 3840 2950 3911 facitangelos
2993 3858 3124 3900 suos
3158 3850 3409 3918 spiritus,
3443 3865 3503 3910 et

1913 3929 2197 3983 ministros
2224 3946 2355 3984 suos
2382 3930 2657 3985 ﬂammam
2682 3933 2822 4004 ignis
2838 3935 2879 3965 '"
2898 3977 2913 4001 ,
2943 3954 2961 3987 ι
2991 3936 3061 3991 ad
3091 3938 3289 3995 Filium
3315 3954 3499 4000 autem

1909 4021 2075 4075 dicit:
2102 4040 2120 4073 ι
2141 4022 2402 4079 Thronus
2432 4033 2579 4091 tuus,
2600 4026 2765 4091 Deus,
2786 4027 2840 4081 in
2866 4030 3127 4084 saeculum
3145 4034 3367 4101 saeculi;
3389 4036 3502 4090 vir-

1909 4131 1973 4184 ga
2006 4116 2375 4181 rectitudinis,
2424 4118 2574 4186 virga
2607 4120 2758 4188 regni
2793 4121 2914 4183 tui;
2951 4121 3192 4178 dilexisti
3224 4126 3496 4196 justitiam

1910 4215 1965 4260 et
1988 4207 2154 4261 odisti
2188 4209 2534 4277 iniquitatem
2563 4227 2576 4261 τ
2605 4219 2895 4279 propterea
2932 4213 3087 4266 unxit
3113 4222 3164 4269 te
3198 4216 3345 4272 Deus
3371 4228 3495 4273 tuus

1908 4298 2030 4352 oleo
2050 4299 2251 4353 laetitia:
2279 4313 2389 4368 prze
2416 4301 2768 4355 consortibus
2789 4302 2896 4355 tuis
2916 4305 2981 4357 ⁷³.
3009 4323 3025 4355 ι
3054 4304 3159 4359 Per
3180 4307 3285 4361 hee
3307 4319 3496 4378 aperte.

1907 4391 2153 4445 ostendit
2183 4392 2406 4461 angelos
2437 4394 2660 4460 quidem
2694 4403 2933 4448 creatam
2978 4395 3182 4452 habere
3213 4408 3491 4463 naturam.

1909 4482 2253 4551 unigenitum
2278 4497 2408 4535 vero
2441 4483 2638 4536 Filium
2679 4485 2977 4538 inercatam
3005 4496 3061 4540 et
3106 4497 3400 4557 mternam;
3436 4505 3498 4547 ut

206 4554 488 4625 ἐμίσησας
522 4556 756 4625 ἀνομίαν
778 4571 791 4584 ·
823 4555 911 4608 διὰ
956 4557 1115 4609 τοῦτο
1163 4558 1347 4629 έχρισέ
1383 4578 1440 4613 σε
1468 4564 1497 4616 6
1527 4562 1659 4626 Θεός
1704 4582 1797 4617 σου

1915 4576 2054 4629 Deus
2085 4574 2231 4628 enim
2283 4584 2550 4628 aeternum
2600 4575 2766 4631 habet
2810 4577 3094 4643 thronum,
3146 4587 3203 4632 et
3265 4597 3492 4648 regnum

204 4646 397 4698 ἔλαιον
425 4644 801 4713 ἀγαλλιάσεως
833 4648 987 4718 παρὰ
1014 4650 1141 4712 τοὺς
1175 4651 1439 4721 μετόχους
1485 4671 1600 4707 σου.
1645 4675 1663 4706 ι
1701 4658 1800 4711 Διὰ

204 4736 374 4792 τοῦτο
432 4737 621 4805 σαφῶς
670 4738 839 4804 ἔδειξε
908 4740 1035 4803 τοὺς
1092 4743 1189 4811 μὲν
1251 4745 1518 4812 ἀγγέλους
1573 4751 1798 4820 κτιστὴν

205 4830 443 4900 ἔχοντας
469 4828 651 4897 φύσιν,
679 4829 772 4882 τοῦ
803 4830 859 4882 δὲ
904 4832 1225 4899 μονογενοῦς
1252 4833 1384 4887 Υἰοῦ
1415 4837 1670 4893 ἀκτιστον
1707 4844 1800 4894 καὶ

206 4923 388 4977 ἀῒδιον
411 4936 427 4951 ⁸
457 4919 533 4985 ὡς
574 4919 685 4990 γὰρ
717 4920 850 4983 Θεὸς
880 4923 1101 4981 αἰώνιον
1124 4923 1236 4993 ἔχει
1268 4926 1363 4978 τὸν
1392 4928 1604 4997 θρόνον,
1630 4932 1797 5003 ἄναρο

206 5028 306 5082 χον
345 5010 449 5081 τὴν
499 5009 780 5079 βασιλείαν
826 5010 920 5064 καὶ
951 5012 1309 5085 ἀτελεύτητον
1332 5033 1344 5047 ⁸
1380 5020 1441 5071 τὸ
1469 5020 1547 5084 δὲ,
1581 5041 1598 5074 t
1635 5024 1799 5091 Ἠγά-

209 5120 398 5174 πησας
433 5102 783 5174 δικαιοσύνην
813 5104 910 5158 καὶ
963 5106 1231 5177 ἐμίσησας
1270 5111 1521 5181 ἀνομίαν,
1554 5134 1573 5167 ι
1609 5120 1701 5171 καὶ
1731 5120 1798 5172 τὰ

208 5197 366 5266 ἑξῆς,
391 5195 537 5248 κατά
579 5194 641 5248 τὸ
694 5194 1035 5265 ἀνθρώπινον
1062 5200 1279 5272 εἴρηται
1302 5217 1318 5232 ·
1352 5204 1446 5256 καὶ
1478 5208 1587 5277 γὰρ
1608 5211 1636 5262 ὁ
1665 5226 1798 5282 προ-

207 5288 393 5357 φήτης
456 5283 706 5352 Ἡσαΐας,
748 5285 817 5337 τὰ
856 5284 986 5355 περὶ
1034 5287 1131 5339 τοῦ
1193 5289 1541 5367 Ἐμμανουὴλ
1597 5299 1799 5368 προοε-

210 5379 437 5442 σπείσας,
469 5380 565 5430 καὶ
606 5376 781 5431 ταῦτα
821 5378 1213 5448 προστέθεικε’
1252 5401 1271 5435 ι
1315 5386 1453 5455 Πρὶν
1502 5390 1707 5457 γνῶναι
1736 5396 1796 5448 τὸ

210 5471 430 5526 παιδίον
450 5471 652 5539 ἀγαθὸν
677 5471 710 5543 ἢ
739 5472 931 5536 κακὸν,
974 5474 1192 5528 ἀπειθεῖ
1224 5481 1459 5553 πονηρίᾳ
1507 5485 1602 5539 τοῦ
1633 5489 1794 5542 ἐκλέ-

210 5564 411 5632 ξασθαι
433 5565 495 5617 τὸ
526 5565 753 5632 ἀγαθόν.
785 5584 804 5617 ι
850 5566 963 5620 Καὶ
993 5569 1025 5637 ἡ
1058 5570 1233 5639 χρίσις
1266 5571 1325 5625 δὲ
1370 5575 1430 5628 ού
1462 5577 1562 5649 τῆς
1604 5581 1793 5656 θεότη-

1909 4666 2185 4734 principio
2211 4674 2263 4716 et.
2306 4665 2413 4718 ﬁne
2440 4680 2651 4724 carens.
2690 4665 2807 4719 haec
2837 4681 3002 4720 vero:
3068 4687 3086 4718 ι
3127 4669 3492 4738 Dilcxistiju-

1907 4757 2110 4811 stitiam
2143 4766 2197 4810 et
2230 4756 2392 4811 odisti
2424 4757 2791 4825 iniquitatem,
2837 4778 2854 4808 ι
2892 4762 3349 4819 etc.,seenndum
3386 4764 3490 4816 hu-

1904 4850 2221 4903 manitatem
2257 4849 2403 4903 dicta
2440 4860 2584 4901 sunt.
2623 4849 2839 4902 Etenim
2891 4850 3161 4919 propheta
3207 4852 3378 4905 Isaias
3421 4854 3491 4908 de

1902 4943 2226 4997 Emmanuel
2260 4942 2674 5013 prophetizans,
2707 4943 2823 4998 luce
2844 4942 3082 5012 adjecit:
3122 4962 3139 4995 ι
3178 4943 3488 5015 Antequam

1900 5036 2037 5089 sciat
2058 5050 2197 5104 puer
2227 5034 2430 5088 bonum
2463 5042 2556 5085 aut
2591 5033 2814 5097 malum,
2840 5032 3165 5101 reprobaret
3190 5034 3393 5088 malum
3429 5045 3489 5089 ιιι

1897 5128 2127 5197 eligeret
2176 5124 2464 5181 bonum".
2505 5145 2520 5173 ι
2565 5126 2631 5179 Ει
2677 5125 2865 5179 unctio
2899 5141 3007 5178 non
3045 5125 3354 5180 divinitatis
3380 5136 3485 5191 est,

1898 5220 1992 5274 sed
2021 5219 2407 5283 humanitatis;
2435 5237 2451 5267 ι
2473 5216 2664 5271 Oieum
2689 5218 2857 5279 enim,
2880 5218 3078 5287 inquit,
3103 5220 3485 5276 cxsultatiouis

1899 5328 2009 5382 pra:
2044 5311 2391 5365 consortibus
2432 5310 2562 5363 tuis.
2607 5328 2624 5359 ι
2664 5308 2960 5363 (ἳοῐιεοιειος
3005 5320 3188 5364 autem
3242 5328 3341 5365 nos
3387 5327 3482 5366 su-

1897 5419 2021 5457 mus
2048 5411 2103 5457 et
2137 5402 2433 5472 participes
2467 5416 2575 5454 non
2605 5400 2912 5455 divinitatis
2951 5401 3046 5456 sed
3101 5403 3481 5469 humanitatis,

1897 5497 2039 5549 sicut
2070 5495 2336 5564 scriptum
2370 5500 2490 5547 est:
2540 5511 2556 5542 ι
2593 5491 2696 5557 Qui
2726 5492 3035 5546 sanctificat
3067 5502 3124 5547 et
3152 5495 3248 5563 qui
3276 5497 3484 5551 sancti-

1898 5591 2155 5654 iicantur,
2183 5604 2247 5641 ex
2280 5601 2391 5639 uno
2421 5584 2710 5648 omnes“;
2745 5604 2762 5634 ι
2804 5594 2859 5639 et
2888 5585 2992 5638 hoc
3027 5584 3345 5641 humanitas
3374 5596 3478 5644 est.

315 5702 365 5785 βξ
564 5703 774 5785 531,1;
816 5706 875 5785 ’⁸⁵
907 5705 1265 5785 lsa._xu_,_10,_
1310 5712 1354 5745 ⁸⁸
1391 5716 1493 5770 lsa.
1533 5735 1624 5785 LII,
1655 5724 1747 5778 23.

1915 5727 2044 5781 Psal.
2073 5741 2211 5783 xcw,
2247 5723 2315 5785 8;
2345 5722 2513 5777 llebr.
2543 5739 2579 5785 ι,
2614 5724 2665 5775 tl.
2746 5725 2787 5753 ⁸⁷
2819 5722 2959 5778 l‘sal.
2994 5738 3243 5785 1.xxxvul,
3272 5724 3359 5785 56,
3389 5724 3477 5781 58.

210 5772 256 5805 ⁸⁸
286 5772 422 5828 ibid.
448 5772 539 5836 2-7,
563 5774 650 5827 ‘28.
730 5777 775 5806 ⁶⁹
804 5776 962 5830 .loan.
1002 5778 1049 5838 Ι,
1082 5778 1163 5837 10,
1210 5781 1293 5835 l2.

210 5841 256 5876 ’³
284 5843 389 5903 lsa.
417 5859 509 5908 ru,
550 5844 636 5898 li}.
753 5846 797 5877 "
837 5845 1000 5902 llebr.
1027 5864 1084 5909 ιι,
1118 5849 1197 5904 ll.

1407 5788 1453 5819 ⁷ο
1495 5790 1651 5847 Itoni.
1689 5811 1807 5860 vui,
1843 5797 1930 5851 29.

2025 5799 2065 5829 ’³
2111 5794 2249 5849 l’sal.
2293 5810 2408 5860 (Illl,
2434 5796 2501 5859 Il;
2534 5789 2701 5848 llebr.
2732 5810 2766 5859 ι,
2804 5795 2854 5846 8.
2933 5794 2975 5823 ⁷⁸
3001 5791 3145 5847 Psal.
3179 5797 3395 5859 ιιιγνῖι
3423 5797 3480 5852 ll.
