4190 6438
731 344 866 411 1:267

1922 353 1980 410 S.
2020 350 2414 410 ANASTASII
2461 352 2783 410 ΞΙΝΛΓΙῚΞ

3850 358 3993 422 126-3

728 473 918 512 omnes
946 458 1000 510 in
1028 456 1209 530 Moyse
1234 458 1542 528 baptizatos
1564 474 1683 514 esse
1716 459 1770 514 in
1797 460 1942 514 nube
1975 472 2031 516 et
2060 463 2113 515 in
2140 464 2300 527 mari,

2422 463 2639 532 ἰιῆλθον,
2656 464 2748 516 καὶ
2772 464 2969 525 πάντες
2992 464 3068 524 είς
3089 463 3175 516 τδν
3196 465 3436 536 Μωῦσῆν
3460 468 3825 523 ἐϐαπτίσαντο
3847 474 3901 524 ἐν
3918 478 3993 544 τῇ

727 560 783 604 et
806 565 997 606 omnes
1021 552 1268 605 eamdem
1300 567 1480 606 escam
1508 553 1846 621 Spiritualem
1867 555 2301 614 manducavisse,

728 650 994 695 etoinucs
1026 643 1280 697 eumdem
1311 655 1502 713 potum
1535 646 1876 714 spiritualem
1911 646 2140 707 bibisse;
2170 664 2185 693 ι
2220 646 2303 697 lli-

732 730 933 784 lwbant
979 741 1163 785 autem
1196 734 1262 786 de
1289 734 1560 803 spirituali
1589 744 1851 804 sequente
1877 751 1973 788 eos
1998 746 2172 803 petra,
2211 752 2302 803 pe-

732 835 812 876 tra
865 834 1048 877 autem
1101 835 1220 878 erat
1270 826 1651 880 Christus".i
1716 828 1840 882 llzee
1894 837 2077 881 autem
2136 828 2303 893 ﬁgura

730 924 1046 967 nostrarum
1102 931 1286 968 rerum
1334 928 1480 970 sunt.
1540 918 1682 970 Mare
1722 918 1866 970 eiiim
1902 918 2170 985 ﬁgurabat
2208 918 2303 969 ba-

729 1004 1062 1073 ptisterium,
1120 1005 1295 1059 nubes
1339 1008 1564 1075 gratiam
1596 1007 1854 1075 Spiritus,
1888 1007 2100 1076 Moyses
2127 1022 2310 1060 sacer»

729 1096 940 1159 dotem,
974 1098 1123 1163 virga
1148 1112 1401 1163 crucem;
1438 1099 1753 1168 ingrediens
1775 1100 2307 1152 autemettransiens

728 1187 895 1241 l-erael
931 1188 1236 1257 baptizatos
1270 1190 1613 1259 designabat,
1653 1200 2043 1259 persequentes
2068 1188 2305 1258 Egyptii

729 1282 1027 1343 «la-triones,
1078 1280 1192 1349 ipse
1242 1298 1374 1333 vero
1426 1284 1637 1338 Pharao
1684 1284 1857 1352 ligura
1911 1290 2029 1336 erat
2076 1282 2304 1337 diaboli.

730 1372 858 1425 l’nst
892 1372 1184 1425 transitum
1215 1374 1361 1427 enim
1418 1374 1676 1428 Israelita)
1725 1373 2102 1444 {Egyptiorum
2148 1384 2305 1442 pote-

730 1472 871 1517 state
906 1464 1120 1517 liberati
1168 1476 1318 1528 sunt,
1380 1477 1434 1519 et
1471 1482 1667 1518 manna
1707 1466 1776 1519 de
1808 1466 1948 1518 cwlo
1977 1476 2310 1533 acceperunt

734 1566 992 1625 tanquam
1035 1566 1223 1626 typum
1256 1558 1549 1626 quemdam
1584 1558 1824 1612 cmlestis
1859 1558 2018 1626 panis
2062 1557 2311 1626 corporis

730 1646 959 1701 Christi.
999 1647 1321 1700 lmitabatur
1348 1656 1531 1701 autem
1561 1655 1713 1715 petra
1740 1646 1955 1700 Domini
1989 1648 2161 1711 latus;
2200 1662 2313 1699 ma-

735 1739 884 1792 navit
927 1739 1075 1792 eniin
1130 1748 1330 1807 pra-ter
1368 1754 1519 1807 spem
1565 1739 1735 1793 rivus.
1770 1738 1837 1792 Et
1872 1738 2017 1792 idem
2066 1738 2170 1791 fuit
2200 1736 2311 1789 illis

734 1840 888 1899 petra
912 1831 1059 1900 quod
1089 1831 1250 1885 nobis
1276 1830 1527 1885 Christus
1553 1848 1567 1894 ;
1617 1830 1954 1899 sequebatur
2001 1840 2185 1884 autem
2213 1843 2310 1882 eos

737 1938 843 1975 non
886 1931 1062 1991 petra,
1101 1922 1195 1976 sed
1222 1922 1396 1991 gratia
1432 1921 1621 1976 divina
1647 1920 1854 1976 Christi
1900 1922 2024 1977 Filii
2059 1932 2116 1975 et
2142 1921 2308 1975 Verbi

736 2014 855 2075 Dei,
885 2028 1005 2081 qme
1034 2022 1243 2082 petram
1275 2014 1424 2067 illam
1456 2023 1647 2068 contra
1690 2028 1910 2066 onmem
1947 2028 2100 2082 spem
2132 2028 2307 2081 aqua-

737 2120 859 2158 rum
902 2106 1158 2159 emittere
1200 2107 1348 2159 rivos
1385 2107 1649 2172 faciebat;
1692 2106 1898 2160 etenim
1938 2106 1982 2160 si
2023 2114 2177 2175 petra
2215 2120 2314 2159 eos

736 2206 1085 2265 sequeretur,
1139 2206 1234 2250 aut
1304 2198 1406 2250 rivi
1460 2214 1490 2251 e
1544 2208 1723 2268 petra,
1784 2197 2066 2267 quomodo
2110 2198 2310 2252 iterum

735 2288 1009 2355 (‘glliSSt'lll
1040 2288 1224 2341 divina
1252 2302 1517 2356 aquarum
1551 2289 1875 2358 largitione?

2339 1799 2385 1857 Β
2417 1830 2499 1882 ἐὸἐ

2406 555 2602 624 νεφέλῃ
2651 556 2744 608 καὶ
2778 556 2835 606 ἐν
2864 558 2934 624 τῇ
2962 554 3228 626 θαλάσσῃ,
3256 561 3347 609 καὶ
3374 561 3575 622 πάντες
3600 561 3660 612 τὸ
3684 563 3818 614 αὑτὸ
3844 564 3994 633 βρῶ-

2409 663 2484 713 μα
2523 647 2889 712 πνευματικὸν
2938 647 3166 713 ἓςατον,
3216 652 3309 701 καὶ
3358 653 3555 713 πάντες
3588 654 3646 705 τὸ
3678 656 3810 708 αὐτὸ
3839 657 3999 725 πόμα

2407 738 2774 805 πνευματικὸν
2795 738 2963 789 ἔπιον
2988 760 3003 788 ι
3022 740 3242 791 ’Ἑπινον
3261 742 3368 810 γὰρ
3388 745 3448 794 ἐκ
3473 748 3849 815 πνευματικῆς
3868 748 3996 800 ἀκο-

2408 826 2703 895 λουθούσης
2736 828 2961 895 πέτρας,
2997 831 3029 898 ἡ
3060 830 3117 881 δὲ
3150 832 3323 900 πέτρα
3350 828 3418 901 ἦν
3450 834 3477 883 ὀ
3506 836 3794 905 Χριστόςλ
3839 838 3996 891 Ταῦ-

2407 934 2473 969 τα
2498 918 2551 969 8‘:
2585 920 2773 983 τύπος,
2802 922 2956 987 φησι,
2987 922 3096 972 τῶν
3128 922 3406 993 ὑμετέρων
3435 927 3615 976 ἐκῖῖνα
3636 944 3646 955 ·
3680 930 3713 997 ἡ
3743 928 3995 981 θάλασσα

2409 1010 2515 1078 γὰρ
2546 1011 2797 1078 ἐμιμεῖτο
2816 1012 2925 1079 τὴν
2953 1012 3364 1082 κολυμϐήθρα),
3393 1018 3425 1085 ἡ
3460 1017 3516 1069 δὲ
3544 1020 3739 1089 νεφέλη
3772 1020 3873 1090 τὴν
3899 1021 3999 1088 νά-

2412 1118 2497 1170 ριν
2526 1101 2618 1153 τοῦ
2651 1102 2989 1171 Πνεύματος,
3020 1106 3049 1156 ὁ
3078 1106 3317 1174 Μωῦσῆς
3342 1107 3397 1159 δέ
3425 1108 3516 1160 τὸν
3542 1111 3710 1178 ἱερέα,
3735 1113 3769 1180 ἡ
3797 1111 3999 1181 ῥάϐδος

2410 1194 2465 1246 δὲ
2500 1194 2590 1244 τὸν
2626 1196 2890 1260 σταυρὸν,
2942 1199 2969 1248 ὁ
3002 1196 3059 1249 δὲ
3101 1197 3327 1250 διελθὼν
3370 1201 3463 1253 καὶ
3498 1204 3742 1271 περάσας
3773 1204 4001 1274 Ἰσραὴλ

2410 1287 2535 1348 τοὺς
2560 1286 2990 1355 βαπτιζομένους
3012 1288 3366 1359 μιμούμενος,
3382 1292 3430 1341 οἰ
3452 1290 3507 1343 δὲ
3526 1291 3815 1356 διώκοντες
3832 1292 4002 1361 Αίγύ-

2411 1394 2555 1429 πτιοι
2588 1378 2757 1429 τύπον
2790 1376 2896 1430 τῶν
2923 1378 3195 1447 δαιμόνων
3227 1380 3521 1450 ἐπλήρουν,
3557 1383 3721 1445 αὐτὸς
3747 1385 3803 1436 δὲ
3836 1387 3865 1437 ό
3890 1386 4002 1437 4'1-

2415 1466 2530 1536 ραὼ
2560 1466 2725 1518 εἰκὼν
2751 1463 2819 1536 ἦν
2849 1468 2940 1520 τοῦ
2966 1468 3214 1523 διαϐόλου
3242 1487 3255 1500 ·
3304 1473 3441 1540 μετὰ
3468 1475 3577 1542 γὰρ
3610 1476 3709 1542 τὴν
3737 1476 4000 1528 διάϐασιν

2411 1558 2462 1609 οἱ
2496 1558 2827 1627 Ἰσραηλῖται
2860 1559 2962 1626 τῆς
2995 1561 3107 1611 τῶν
3138 1563 3449 1628 Αἰγυπτίων
3479 1564 3798 1628 δυναστείας
3833 1568 4001 1636 ἠλευ-

2414 1646 2768 1717 θερώθησαν
2827 1650 2923 1702 καὶ
2973 1650 3036 1702 τὸ
3083 1653 3258 1720 μάννα
3306 1655 3599 1725 οὐρανόθεν
3636 1657 3712 1720 ὡς
3749 1659 3808 1709 ἐν
3840 1659 4002 1729 τύπῳ

2413 1740 2519 1789 τινὶ
2569 1740 2661 1791 τοῦ
2712 1739 2964 1809 οὐρανίου
3006 1742 3171 1811 ἄρτου
3217 1743 3312 1795 τοῦ
3352 1744 3605 1814 σώματος
3630 1746 3724 1800 τοῦ
3754 1749 4001 1819 Χριστοῦ

2512 1828 2686 1893 ξαντο’
2720 1830 2975 1901 ἐμιμεῖτο
3002 1832 3056 1885 δὲ
3085 1836 3179 1887 καὶ
3208 1837 3241 1905 ἡ
3273 1836 3448 1906 πέτρα
3476 1837 3575 1908 τὴν
3598 1837 3691 1891 τοῦ
3716 1842 4001 1894 Δεσπότου

2416 1922 2657 1992 πλευράν
2683 1939 2695 1952 ⁸
2752 1923 3015 1977 άνέίὶλυσε
3056 1926 3168 1997 γὰρ
3209 1926 3371 1985 εὐθὺς
3404 1930 3534 1998 παρ’
3562 1928 3756 1983 ἐλπίδα
3798 1930 3868 1984 τὰ
3902 1934 3999 1986 νά-

2417 2032 2601 2083 ματα·
2662 2015 2753 2069 καὶ
2798 2015 2959 2069 τοῦτο
2998 2012 3067 2087 ἦν
3112 2019 3340 2081 ἐκείνοις
3388 2022 3420 2091 ἡ
3459 2020 3635 2092 πέτρα
3679 2022 3817 2092 ὅπερ
3856 2025 3998 2093 ἡμῖν

2414 2106 2442 2156 ὀ
2486 2106 2724 2174 Χριστός
2746 2124 2759 2137 ·
2818 2107 3107 2176 ἠκολούθει
3148 2109 3204 2161 δὲ
3256 2112 3348 2163 καὶ
3382 2112 3567 2175 αὑτοῖς
3602 2114 3701 2184 οὑχ
3732 2114 3767 2183 ἡ
3798 2113 4002 2183 πέτρα,

2418 2195 2533 2249 ἀλλ’
2582 2199 2613 2267 ἡ
2666 2196 2784 2249 θεία
2825 2199 2986 2267 χάρις
3016 2199 3254 2268 Χριστοῦ
3288 2200 3381 2253 τοῦ
3413 2202 3541 2255 Υἱου
3574 2205 3666 2255 καὶ
3695 2204 3872 2271 Λόγου
3908 2203 4005 2256 τοῦ

2418 2289 2576 2346 Θεοῦ.
2615 2291 2647 2353 ἡ
2682 2290 2776 2342 καὶ
2805 2289 2906 2357 τὴν
2936 2290 3145 2359 πέτραν
3174 2291 3393 2360 ἐκείνην
3432 2293 3562 2362 παρ’
3589 2294 3781 2347 ἐλπίδα
3818 2296 4006 2347 πᾶσαν

736 2380 1016 2446 ἀναδείξαι
1065 2380 1134 2431 τὰ
1181 2384 1372 2452 ῥεῖθρα
1413 2383 1520 2433 τῶν
1553 2381 1764 2434 ὑδάτων
1806 2383 2315 2451 παρασκευάσασα·
2358 2381 2407 2433 εί
2442 2381 2550 2450 γὰρ
2590 2382 2622 2449 ἡ
2694 2381 2871 2452 πέτρα
2938 2382 3121 2444 αὐτοῖς
3151 2384 3460 2453 ἠκολούθει,
3496 2386 3530 2457 ἦ
3564 2386 3634 2439 τὰ
3665 2384 3768 2455 τῆς
3797 2386 4008 2455 πέτρας

740 2473 983 2539 νάματα,
1021 2472 1139 2531 πῶς
1170 2466 1326 2531 αὖθις
1357 2471 1657 2540 ἐδεήθησαν
1690 2471 1902 2524 ὑδάτων
1926 2470 2025 2541 τὴν
2051 2471 2203 2524 θείαν
2226 2472 2386 2541 χάριν
2417 2489 2430 2532 ;

803 2561 919 2616 Viri
945 2562 1203 2616 Israelita:
1231 2572 1287 2616 et
1316 2562 1407 2630 qui
1440 2562 1641 2616 timetis
1668 2564 1861 2626 Deum,
1885 2563 2071 2617 audite
2098 2581 2109 2614 :
2144 2563 2318 2616 «Deus

737 2655 903 2721 elegit
931 2663 1114 2723 patres
1138 2664 1354 2709 vestros
1382 2665 1437 2707 et
1468 2655 1682 2723 plebem
1711 2655 1973 2709 cxaltavit
2002 2670 2127 2707 cum
2172 2664 2319 2707 esset

742 2747 918 2800 incola
943 2746 996 2799 in
1026 2744 1277 2815 liigypto,
1311 2756 1365 2798 et
1398 2746 1451 2798 in
1482 2746 1707 2798 brachio
1736 2746 1953 2799 excelso
1977 2745 2166 2798 eduxit
2199 2760 2316 2807 eos,

738 2848 796 2894 et
845 2855 942 2908 per
972 2839 1331 2907 quadraginta
1383 2854 1651 2893 annorum
1692 2848 1911 2906 tempus
1948 2836 2318 2890 circumduxit

739 2947 838 2985 eos
870 2930 924 2984 in
957 2930 1196 2994 deserto,
1223 2941 1279 2984 et
1308 2931 1598 2985 destruens
1626 2939 1813 2997 gentes
1848 2938 2055 2998 septem
2088 2930 2140 2982 in
2174 2939 2317 2982 terra

739 3022 1024 3080 Chanaan.
1059 3020 1209 3075 dedit
1238 3021 1346 3075 illis
1382 3022 1434 3074 in
1460 3020 1836 3076 luercditatcm
1875 3029 2075 3073 terram
2102 3035 2315 3073 eorum.

743 3113 811 3167 Et
842 3122 1029 3181 postea
1054 3111 1471 3182 quadringentis
1495 3120 1551 3164 et
1579 3110 1977 3180 quinquaginta
2010 3110 2189 3173 annis,
2223 3108 2323 3162 de-

743 3203 1062 3272 ditjudiees
1094 3220 1267 3271 usque
1295 3202 1361 3256 ad
1399 3202 1995 3271 Samuel.propbetam.
2030 3202 2096 3254 Et
2124 3198 2323 3253 exinde

744 3297 1171 3366 postulaverunt
1217 3311 1422 3363 regem,
1456 3305 1511 3348 et
1537 3295 1689 3348 dedit
1729 3294 1811 3346 eis
1840 3294 1967 3346 Sanl
2003 3293 2174 3345 [ilium
2208 3293 2322 3354 Cis,

746 3386 928 3439 virum
976 3385 1043 3438 de
1092 3384 1235 3438 tribu
1287 3384 1568 3452 Benjarnin
1618 3385 1778 3437 annis
1823 3383 2217 3451 quadraginta;
2269 3391 2324 3434 et

746 3486 933 3533 amoto
959 3478 1074 3541 illo,
1102 3478 1395 3530 suscitavit
1426 3493 1526 3545 pro
1563 3477 1655 3528 itio
1688 3474 1856 3527 David
1892 3476 1946 3528 in
1997 3490 2203 3543 regem,
2235 3473 2323 3526 cui

750 3569 1130 3622 testimonium
1164 3569 1462 3636 perbibens
1490 3568 1668 3622 dixit:
1710 3566 1900 3621 Inveni
1948 3566 2120 3619 David
2153 3566 2323 3619 lilium

748 3662 922 3722 Jesse,
947 3679 965 3711 ι.
984 3663 1124 3714 irnm
1151 3660 1453 3714 secundum
1479 3676 1573 3713 eor
1597 3675 1803 3724 meum,
1831 3659 1924 3727 qui
1948 3658 2111 3711 faciet
2134 3672 2327 3711 omnes

748 3755 1064 3807 voluntates
1097 3769 1266 3806 ineas.
1304 3752 1477 3820 liuius
1502 3752 1648 3805 Deus
1677 3767 1746 3806 ex
1772 3750 1981 3805 semine
2019 3749 2324 3803 secundum

752 3843 1173 3910 promissionem
1223 3841 1415 3895 eduxit
1466 3842 1698 3894 salutem
1752 3840 1940 3903 Israel,
1996 3839 2327 3908 pnedieante

749 3935 958 3988 Joanne
993 3943 1118 3986 ante
1148 3933 1341 3986 faciem
1373 3933 1642 3987 adventus
1668 3932 1789 4001 ejus
1817 3932 2091 4001 baptisma
2152 3932 2328 3999 νωιιὶ-

752 4025 937 4078 tenti:e.
971 4024 1175 4092 popqu
1206 4024 1393 4077 Israel.
1426 4022 1564 4077 Cum
1598 4023 1853 4090 impleret
1880 4031 2062 4074 autem
2086 4022 2328 4075 Joannes

750 4130 973 4170 cursent
997 4128 1178 4174 suum.
1200 4113 1418 4166 dicebat
1440 4130 1483 4165 ει
1508 4112 1681 4177 Quem
1710 4126 1795 4165 me
1815 4110 2160 4163 arbitramini
2184 4126 2327 4173 esse,

749 4224 859 4263 non
884 4222 1002 4261 sum
1027 4223 1162 4277 ego;
1192 4206 1286 4260 sed
1315 4222 1440 4261 ecce.
1464 4207 1615 4259 venit
1636 4218 1758 4275 post
1780 4222 1864 4259 me
1893 4208 2051 4273 cujus
2076 4222 2183 4258 non
2208 4221 2326 4258 sum

2497 2562 2720 2632 ’Δνδρες
2764 2564 3093 2633 Ἰσραηλῖται
3144 2564 3240 2617 καὶ
3278 2564 3330 2617 οἱ
3358 2562 3688 2633 φοϐούμενοι
3724 2563 3816 2617 τὸν
3847 2564 4008 2632 Θεὸν,

2423 2654 2725 2706 ἀκούσατε·
2782 2655 2839 2707 '0
2869 2656 3000 2717 Θεὸς
3042 2655 3325 2722 ἐξελέξατο
3371 2658 3498 2719 τοὺς
3536 2654 3784 2725 πατέρας
3827 2656 4010 2725 ὑμῶν,

2425 2746 2518 2798 καὶ
2550 2744 2641 2796 τὸν
2672 2744 2799 2797 λαὸν
2830 2744 3045 2813 ὕψωσεν
3068 2748 3126 2798 ἐν
3152 2749 3217 2815 τῇ
3245 2747 3509 2815 παροικίᾳ
3539 2748 3596 2798 ἐν
3622 2749 3689 2813 τῇ
3714 2746 4011 2817 Αἰγύπτῳ,

2425 2839 2520 2890 καί
2573 2837 2713 2906 μετὰ
2761 2836 3049 2906 βραχίονος
3083 2837 3289 2906 ὑψηλοῦ
3324 2838 3593 2905 ἐξήγαγεν
3620 2838 3822 2901 αὐτοὺς
3848 2879 3865 2902 ,
3917 2841 4014 2912 καὶ

2366 2980 2391 3001 η
2424 2928 2498 2991 ὡς
2543 2930 3054 2998 τεσσαρακονταετῆ
3100 2929 3292 2999 χρόνον
3331 2930 3776 2999 ἐτροποφόρησεν
3807 2932 4014 2995 αὑτοὺς

2425 3021 2483 3071 ἐν
2515 3022 2579 3089 τῇ
2609 3020 2821 3089 ἐρήμῳ,
2861 3021 2955 3072 καὶ
2984 3019 3231 3073 καθελὼν
3264 3018 3391 3087 ἔθνη
3422 3017 3563 3070 ἑπτά
3595 3020 3653 3069 ἐν
3684 3021 3753 3088 γῇ
3784 3020 4016 3074 Χαναὰν

2426 3110 2971 3180 κατεκληρονόμησεν
3002 3110 3186 3172 αὑτοῖς
3215 3110 3315 3180 τὴν
3341 3111 3444 3179 γῆν
3471 3110 3652 3163 αὐτῶν
3672 3126 3687 3141 ο
3739 3110 3838 3163 καὶ
3874 3110 4016 3179 μετά

2424 3198 2598 3251 ταῦτα
2626 3198 2700 3261 ὡς
2727 3200 2876 3252 ἔτεσι
2900 3201 3275 3267 τετρακοσίοις
3305 3202 3399 3252 καὶ
3425 3202 3785 3269 πεντήκοντα,
3808 3200 4017 3261 ἔδωκεν

2427 3292 2617 3361 κριτὰς
2649 3292 2752 3352 ἓως
2780 3292 3033 3361 Σαμουὴλ.
3063 3291 3155 3343 τοῦ
3184 3293 3488 3362 προςήτου·
3524 3292 3614 3344 καὶ
3642 3292 3860 3344 ἐκεῖθεν
3884 3294 4017 3362 ᾐτή-

2428 3398 2591 3434 σαντο
2621 3382 2847 3450 βασιλέα
2867 3421 2883 3443 ,
2932 3382 3027 3435 καὶ
3059 3382 3263 3435 ἔδωκεν
3289 3382 3474 3444 αὑτοῖς
3503 3384 3528 3434 ὁ
3555 3383 3688 3444 Θεὸς
3717 3386 3809 3435 τὸν
3836 3382 4017 3435 Σαοὺλ

2428 3474 2541 3525 υἱὸν
2586 3474 2722 3537 Κίς,
2777 3474 2947 3543 ἄνδρα
2994 3475 3059 3525 ἐκ
3102 3472 3277 3541 φυλῆς
3313 3473 3574 3542 Βενιαμὶν
3609 3473 3700 3542 ἔτη
3730 3474 4013 3544 τεσσαρά·

2428 3578 2626 3616 κονταθ
2678 3564 2771 3616 καὶ
2818 3565 3167 3634 μεταστήσας
3203 3563 3397 3629 αὑτὸν,
3445 3565 3669 3634 ἤγειρεν
3698 3565 3817 3618 ἀντ’
3846 3566 4016 3618 αὑτοῦ

2426 3653 2518 3706 τὸν
2548 3653 2714 3705 Δαδὶδ
2740 3655 2819 3715 εἰς
2855 3652 3103 3722 βασιλέα,
3137 3645 3181 3719 ᾧ
3213 3652 3307 3705 καὶ
3339 3647 3459 3704 εἷπε
3492 3653 3880 3722 μαρτυρήσας·
3909 3650 4016 3709 Εἷ-

2430 3762 2522 3814 ρον
2550 3743 2716 3796 Δαὸὶδ
2750 3745 2841 3795 τὸν
2873 3742 2967 3797 τοῦ
3006 3742 3237 3808 Ἰεσσαὶ,
3277 3744 3450 3815 ἄνδρα
3484 3745 3626 3798 κατὰ
3653 3745 3754 3815 τὴν
3782 3746 4018 3816 καρδίαν

2431 3854 2531 3907 μου
2550 3877 2565 3903 ,
2623 3836 2684 3899 ὃς
2732 3838 2955 3905 ποιήσει
3000 3837 3183 3890 πάντα
3213 3836 3280 3889 τὰ
3311 3837 3596 3906 θελήματά
3625 3853 3763 3906 μου*
3817 3839 4017 3891 τούτου

2428 3932 2456 3980 ὁ
2489 3929 2621 3991 Θεὸς
2666 3929 2774 3980 άπὸ
2819 3928 2912 3980 τοῦ
2962 3929 3279 3998 σπέρματος
3312 3929 3435 3981 κατ’
3466 3928 3805 3996 ἐπαγγελίαν
3838 3932 4020 4001 ᾗγαγε

2427 4019 2504 4088 τῷ
2544 4019 2759 4089 Ἰσραὴλ
2794 4020 3091 4089 σωτηρίαν,
3130 4021 3579 4089 προκηρύξαντος
3616 4020 3871 4073 Ἰωάννου
3912 4024 4020 4094 προ

2428 4110 2720 4180 προσώπου
2770 4110 2870 4180 τῆς
2915 4110 3123 4162 εἰσόδου
3161 4109 3329 4161 αὐτοῦ
3374 4109 3660 4179 βάπτισμα
3722 4114 4023 4179 μετανοίας

2428 4203 2508 4273 τῷ
2549 4203 2804 4273 Ἰσραήλ·
2856 4202 2931 4263 ὡς
2976 4202 3034 4254 δὲ
3084 4202 3326 4270 ἐπλήρου
3364 4201 3615 4270 Ἰωάννης
3662 4201 3756 4254 τὸν
3790 4203 4020 4273 δρόμον,

749 4302 949 4370 dignus
998 4300 1366 4353 ealeeamenta
1414 4299 1612 4368 pedum
1657 4298 1926 4351 solvere.»
1962 4297 2075 4351 Viri
2102 4297 2322 4359 fratres,

2431 4295 2614 4362 ἔλεγε·
2658 4313 2675 4343 ι
2707 4294 2841 4346 Τίνα
2862 4311 2927 4361 με
2962 4292 3236 4345 ὑπονοεῖτε
3266 4288 3436 4357 εἷναι;
3462 4293 3563 4345 οὑκ
3585 4293 3701 4361 εἰμὶ
3727 4292 3870 4362 ὲγόν
3907 4297 4023 4349 ἀλλ’

752 4391 848 4444 lilii
885 4391 1105 4460 generis
1132 4390 1387 4452 Abralne,
1421 4400 1476 4441 et
1524 4389 1615 4456 qui
1646 4389 1700 4441 in
1730 4387 1886 4440 vobis
1913 4388 2105 4440 timent
2132 4387 2324 4449 Deum,

748 4480 907 4532 vobis
934 4479 1165 4533 verbum
1193 4479 1385 4533 salutis
1426 4479 1593 4547 hujus
1622 4478 1849 4530 missum
1898 4487 2001 4529 est.
2045 4478 2147 4541 Qui
2181 4476 2325 4529 enim

751 4570 1075 4625 habitabant
1093 4569 1397 4623 Jerusalem
1425 4578 1479 4622 et
1508 4570 1788 4638 principes
1814 4569 1965 4637 ejus,‘
1990 4568 2138 4639 hunc
2179 4567 2331 4635 igno-

751 4672 936 4717 rantes
961 4670 1019 4715 et
1052 4677 1215 4714 voces
1246 4660 1667 4730 prophetarum,
1703 4675 1825 4728 quae
1865 4676 1964 4728 per
1994 4675 2155 4713 omne
2196 4658 2330 4711 Sab-

751 4755 937 4808 batmu
962 4754 1243 4822 leguntur,
1270 4751 1585 4819 jndieantes
1606 4750 2006 4820 impleverunt;
2041 4758 2097 4803 et
2124 4749 2327 4801 nullam

750 4860 971 4899 causam
1005 4843 1199 4895 mortis
1254 4841 1620 4905 invenientes,
1680 4842 1954 4909 petierunt
1996 4855 2026 4893 a
2056 4839 2232 4893 Pilato
2269 4845 2329 4891 ut

752 4938 1124 4989 interlieerent
1155 4949 1304 4986 eum.
1345 4933 1594 5001 Cumque
1625 4940 2101 4984 eonsummassent
2142 4932 2326 4983 omnia

752 5042 871 5094 quae
892 5026 960 5079 de
993 5040 1064 5079 eo
1094 5024 1295 5093 scripta
1321 5033 1498 5085 erant,
1530 5023 1871 5092 deponentes
1898 5038 1928 5075 e
1959 5022 2106 5091 ligno
2135 5036 2331 5091 posue-

753 5126 885 5170 runt
916 5117 972 5170 in
1006 5126 1448 5169 monumentum.
1492 5116 1634 5168 Deus
1670 5130 1806 5169 vero
1838 5113 2122 5167 suscitavit
2150 5128 2276 5166 eum
2300 5128 2329 5165 a

755 5205 1019 5270 mortuis;
1052 5205 1147 5273 qui
1178 5205 1330 5258 visus
1359 5215 1441 5259 est
1476 5221 1573 5274 per
1597 5205 1863 5272 plurimos
1886 5204 2005 5259 dies
2033 5205 2086 5257 in
2120 5203 2327 5258 Sabba-

756 5300 824 5351 tis
848 5313 1041 5350 eorum
1077 5316 1107 5352 ιι
1137 5297 1357 5352 (ἱειΙίΙεεα
1393 5299 1447 5351 in
1491 5298 1833 5361 Jerusalem;
1866 5296 1961 5365 qui
2008 5305 2177 5350 testes
2212 5297 2331 5365 ejus

754 5390 880 5443 facti
910 5397 1039 5443 sunt
1074 5390 1127 5442 in
1154 5390 1309 5459 plebe
1340 5392 1416 5455 (et
1448 5392 1500 5444 in
1532 5390 1818 5459 discipulis
1838 5391 1958 5460 ejus
1979 5389 2329 5459 etapostolis.

757 5491 880 5551 post
904 5484 1367 5538 resurrectionem
1390 5500 1545 5538 suam
1570 5485 1723 5539 visus
1737 5484 1933 5538 diebus
1948 5484 2329 5553 quadraginta.

759 5574 1078 5646 colloquens
1109 5592 1234 5631 cum
1263 5578 1344 5632 eis
1374 5579 1442 5633 de
1478 5594 1647 5649 regno
1680 5580 1992 5648 ccelorum),
2027 5578 2120 5648 qui
2144 5586 2196 5632 et
2236 5594 2331 5630 nn-

825 5750 1049 5803 "ICHI'
1109 5752 1209 5803 ›.ι
1264 5752 1279 5805 i

2436 4384 2545 4437 ἰδοὺ
2578 4383 2802 4453 ἔρχεται
2840 4385 2957 4451 μετ’
2984 4384 3085 4451 ἐμὲ
3120 4378 3181 4436 οὗ
3210 4383 3313 4436 οὐκ
3341 4384 3459 4451 εἰμὶ
3488 4383 3639 4448 ἄξιος
3670 4384 3732 4435 τὸ
3762 4384 4023 4455 ὑπόδημα

2432 4473 2539 4527 τῶν
2588 4473 2766 4526 ποδῶν
2813 4473 3043 4525 λῦσαι.»
3077 4475 3303 4543 ’Ἄνδρες
3367 4472 3611 4540 ἀδελφοὶ,
3670 4474 3779 4525 υἱοῖ¹
3827 4476 4026 4543 γένους

2445 4564 2649 4635 Ἀϐραᾶ
2661 4583 2699 4633 μ
2749 4564 2844 4616 καὶ
2873 4564 2921 4615 oi
2956 4565 3014 4615 ἐν
3047 4565 3177 4633 ὑμῖν
3221 4563 3545 4633 φοϐούμενοι
3576 4565 3669 4615 τὸν
3698 4565 3860 4629 Θεὸν,
3896 4568 4026 4635 ὑμῖν

2433 4660 2463 4710 ὁ
2489 4657 2660 4725 Λόγος
2693 4657 2789 4723 τῆς
2818 4654 3089 4724 σωτηρίας
3115 4654 3319 4725 ταύτης
3346 4656 3652 4723 ἀπεστάλη·
3684 4657 3734 4707 οἱ
3762 4656 3878 4726 γὰρ
3904 4674 4027 4710 κατ-

2434 4748 2759 4816 οικήσαντες
2802 4745 3023 4815 Ἰσραὴλ
3072 4747 3167 4798 καὶ⁸
3203 4747 3256 4797 οἱ
3288 4748 3550 4817 ἄρχοντες
3583 4747 3791 4810 αὑτῶν,
3830 4749 4026 4802 τοῦτον

2428 4839 2801 4908 ἀγνοήσαντες
2850 4838 2947 4891 καὶ
2994 4839 3095 4900 τὰς
3144 4838 3327 4903 φωνάς
3374 4837 3485 4890 τῶν
3525 4839 3831 4908 προφητῶν
3884 4844 4026 4895 κατὰ

2429 4932 2537 4985 πᾶν
2583 4930 2860 4983 Σάϐϐατον
2910 4929 3464 4999 ἀναγινωσκομένας,
3526 4933 3817 5000 κρίναντες
3850 4932 4023 5002 ἐπλή-

2432 5038 2633 5094 ρωσαν
2671 5023 2766 5073 καὶ
2799 5020 3071 5090 μηδεμίαν
3101 5021 3287 5074 αἰτίαν
3314 5021 3552 5076 θανάτου
3582 5022 3863 5091 εὑρόντες,
3892 5024 4025 5093 ᾔτη-

2433 5133 2534 5168 σαν
2557 5115 2649 5168 τὸν
2681 5113 2915 5168 Πιλάτον
2937 5115 3294 5183 ἀναιρεθῆναι
3335 5114 3519 5169 αὐτόν.
3563 5115 3649 5178 Ὠς
3672 5115 3729 5168 δὲ
3763 5114 4025 5169 ἐτέλεσαν

2441 5206 2622 5258 πάντα
2657 5205 2788 5275 περὶ
2814 5204 2981 5257 αὑτοῦ
3012 5206 3396 5275 γεγραμμένα,
3427 5206 3750 5269 καθελόντες
3786 5208 3900 5259 ἀπὸ
3926 5208 4024 5259 τοῦ

2442 5299 2598 5363 ξύλου
2631 5298 2838 5368 ἔθηκαν
2868 5298 2948 5361 εἰς
2978 5300 3243 5367 μνημεῖον
3261 5314 3274 5328 ⁸
3310 5300 3340 5351 ὁ
3363 5298 3420 5352 δὲ
3443 5298 3577 5362 Θεὸς
3603 5300 3831 5371 ἤγειρεν
3857 5300 4026 5357 αὑτὸν

2439 5394 2504 5445 ἐκ
2553 5391 2763 5462 νεκρῶν
2782 5431 2796 5452 ,
2842 5390 2901 5453 ὃς
2932 5390 3090 5460 ὤφθη
3123 5390 3217 5444 ἐπὶ
3244 5391 3459 5462 ἡμέρας
3486 5391 3703 5454 πλείους
3729 5395 3849 5455 τοῖς
3878 5392 4026 5445 Σάδ-

2440 5485 2600 5538 ϐασιν
2632 5483 2813 5537 αὐτῶν
2844 5484 2953 5537 άπὸ
2978 5483 3079 5551 τῆς
3100 5483 3395 5547 Γαλιλαίας
3422 5484 3505 5548 είς
3541 5484 3924 5555 Ἰερουσαλὴμ,
3947 5484 4030 5537 οτ-

2441 5592 2584 5641 τινες
2623 5576 2900 5646 μάρτυρες
2930 5574 3098 5629 αὑτοῦ
3128 5576 3417 5644 γεγόνασιν
3450 5578 3509 5629 ἐν
3538 5576 3614 5647 τῷ
3640 5575 3756 5645 λαῷ
3785 5575 3882 5630 καὶ
3910 5576 4027 5637 τοῖς
