4190 6438
229 364 371 433 1269

1252 380 1707 444 DISPUTATIO
1742 387 2142 449 ADVERSUS
2180 391 2507 452 JUDEOS.

3368 386 3503 452 1270

225 486 507 556 μαθηταῖς
539 485 707 539 αὑτοῦ
737 486 832 540 καὶ
859 488 1205 554 ἀποστόλοις,
1237 494 1373 562 μετά
1398 497 1495 566 τὴν
1521 498 1785 553 ἁνάστασι

1931 504 2013 558 bis
2042 508 2441 561 mintiaverunt
2490 516 2547 560 et
2597 503 2759 560 nobis
2802 501 3058 557 similiter
3089 500 3342 556 nuntiant
3378 517 3498 555 eam

220 577 392 629 αὑτοῦ
425 580 796 648 ὀπτανόμενος
828 580 923 632 ἐπὶ
951 580 1168 651 ἡμέρας
1198 588 1631 653 τεσσαράκοντα,
1670 591 1810 661 ὡμίο

217 666 303 722 λει
362 673 551 736 αὐτοῖς
604 672 672 725 τά
724 673 853 743 περὶ
898 674 1003 743 τῆς
1047 674 1325 745 βασιλείας
1374 680 1484 734 τῶν
1529 682 1809 752 οὐρανῶν·

215 760 422 826 οἵτινες
479 764 574 815 καὶ
624 763 755 834 ὑμῖν
808 765 1238 836 εὑηγγελίσαντο
1293 771 1387 823 καὶ
1433 773 1565 842 ήμῖν
1611 776 1811 843 ὁμοίως

215 852 679 921 εὐαγγελίζονται
725 858 827 928 τὴν
864 860 1001 930 πρὸς
1036 863 1165 925 τοὺς
1202 865 1446 935 πατέρας
1477 869 1811 937 ἐπαγγελίαν

1918 613 2041 665 qua:
2066 599 2130 651 :ul
2169 610 2354 668 patres
2383 607 2597 652 vestros
2641 595 3003 667 repromissio
3035 594 3177 649 facta
3215 605 3319 657 est,
3356 611 3499 664 quo-

1920 689 2066 741 niam
2102 691 2243 743 hanc
2269 690 2416 742 Deus
2444 687 2768 756 adimplevit
2800 688 2923 740 liliis
2952 700 3172 750 eorum,
3212 686 3374 739 nobis
3407 701 3497 740 re-

1919 782 2192 836 suscitans
2220 782 2407 835 Jcsuin
2433 798 2447 841 ;
2475 780 2623 836 sicut
2652 788 2708 834 et
2744 779 2799 833 in
2835 780 3051 834 Psalmo
3074 779 3347 849 scriptum
3373 789 3457 833 est
3483 798 3494 831 ι

1926 890 1943 922 ι
1980 872 2150 925 Filius
2178 888 2338 927 meus
2362 887 2421 926 es
2450 880 2529 933 tu,
2559 885 2662 941 ego
2691 870 2855 924 hodie
2882 870 3044 940 genui
3073 880 3122 925 te
3146 871 3247 923 ⁸⁸.»

214 946 546 1013 γενομένην,
578 946 660 999 ὃτι
693 946 900 1014 ταύτην
932 952 960 1003 ό
986 949 1119 1014 Θεὸς
1148 954 1548 1026 ἐκπεπλήρωκε
1576 963 1690 1025 τοῖς
1713 962 1928 1025 τέκνοις
1956 963 2155 1025 αὐτῶν,
2190 966 2322 1033 ἡμῖν
2388 963 2699 1031 ἀναστήσας
2765 959 2999 1031 Ἰησοῦν⁸
3036 963 3109 1025 ὡς
3177 962 3269 1015 καὶ
3338 962 3395 1012 ἐν
3426 959 3499 1029 τῷ

212 1036 423 1105 ψαλμῷ
448 1038 776 1108 γέγραπται.
803 1058 820 1091 ι
864 1042 989 1104 Υἱός
1021 1060 1123 1112 μου
1144 1041 1195 1098 εἶ
1228 1047 1314 1113 σὺ,
1355 1050 1467 1116 ἐγὼ
1503 1053 1742 1122 σήμερον
1780 1054 2089 1125 γεγέννηκά
2118 1072 2194 1108 σε.
2238 1075 2255 1106 ›

284 1125 413 1177 Ὀτι
446 1127 501 1178 δὲ
545 1128 844 1198 ἀνέστησεν
876 1133 1039 1185 αὑτὸν
1085 1136 1150 1188 ἐκ
1183 1138 1394 1208 νεκρῶν
1432 1143 1631 1211 μηκέτι
1677 1146 1808 1214 μέλ-

213 1211 381 1305 λοντα
414 1215 780 1288 ὑποστρέφειν
810 1223 889 1286 είς
916 1222 1241 1297 διαφθορὰν,
1279 1230 1454 1296 οὑτως
1479 1211 1769 1305 εἰρήκασιν
1796 1252 1808 1265 '

216 1304 344 1358 Ὀτι
368 1307 527 1361 δώσω
578 1310 707 1380 ὑμῖν
759 1312 828 1366 τά
877 1316 997 1369 ὅσια
1031 1320 1198 1373 Δαὸὶδ
1232 1321 1299 1375 τὰ
1335 1328 1502 1379 πιστά
1522 1304 1541 1359 ον
1587 1304 1669 1381 διὸ
1718 1331 1812 1383 καὶ

212 1395 273 1446 ἐν
304 1397 479 1468 ἐτέρῳ
504 1399 686 1467 λέγει’
725 1422 744 1455 ι
774 1405 849 1457 Οὑ
879 1406 1073 1472 δώσεις
1114 1411 1207 1465 τὸν
1232 1413 1377 1468 ὅσιόν
1406 1434 1500 1470 σου
1536 1418 1663 1472 ἰδεῖν
1688 1421 1806 1473 δια-

212 1484 484 1555 φθοράν.»
518 1489 685 1543 Δαϐὶδ
737 1492 836 1561 μὲν
873 1495 983 1565 γὰρ
1024 1500 1091 1568 τῇ
1128 1499 1234 1571 ἰδίᾳ
1264 1506 1428 1574 γενεᾷ
1457 1507 1809 1579 ὑπηρετήσας

208 1580 288 1672 τῇΔ
332 1578 430 1631 τοῦ
477 1581 617 1635 Θεοῦ
654 1584 856 1656 βουλῇ,
904 1586 1172 1661 ἐκοιμήθη
1206 1594 1302 1645 καὶ
1332 1598 1637 1669 προσετέθη
1672 1578 1809 1672 πρὸς

208 1669 341 1759 τοὺς
392 1672 639 1743 πατέρας
688 1677 892 1745 αὑτοῦ,
952 1681 1049 1735 καὶ
1097 1678 1208 1736 οἶδε
1254 1686 1587 1759 διαφθοράν·
1637 1669 1804 1748 avet

207 1757 238 1809 6
268 1759 408 1824 Θεὸς
442 1764 699 1835 ήγειρεν,
752 1769 855 1822 οὑκ
877 1743 993 1824 ὀἶδε
1024 1743 1630 1847 διαφθοράν..Γνωστὸν
1659 1743 1803 1839 ἔστω
1832 1743 1878 1801 Β

209 1849 364 1945 ὑμῖν,
407 1853 602 1945 ἄνδρες
647 1858 905 1930 ἀδελφοὶ,
962 1864 1046 1918 ὅτι
1095 1865 1186 1919 διὰ
1232 1868 1390 1924 τοῦτο
1435 1874 1567 1943 ὑμῖν
1606 1878 1802 1945 ἄςρεσις

206 1942 499 2014 ἁμαρτιῶν
545 1952 975 2020 καταγγέλλεται
999 1994 1015 2017 ,
1067 1959 1162 2011 καὶ
1195 1960 1303 2014 ἀπὸ
1334 1964 1555 2020 πάντων
1593 1960 1669 2021 ὧν
1698 1971 1801 2023 οὑκ

204 2034 516 2109 ἠδυνήθητε
544 2041 604 2093 ἐν
625 2042 705 2112 τῷ
726 2044 877 2115 νόμῳ
900 2048 1182 2115 Μωῦσέως
1202 2052 1586 2127 δικαιωθῆναι,
1608 2062 1667 2113 ἐν
1686 2061 1801 2114 τού·

202 2140 287 2195 τῳ
317 2128 429 2190 πᾶς
452 2129 481 2180 ό
506 2132 780 2186 πιστεύων
807 2134 1139 2194 δικαιοῦταιο
1168 2141 1400 2214 βλέπετε
1424 2143 1521 2201 οῦν
1547 2150 1623 2220 μή
1645 2151 1801 2204 ἐπέλ-

204 2214 277 2287 θῃ
302 2219 391 2287 ἐφ’
419 2219 550 2290 ὑμῖν
580 2223 642 2276 τὸ
669 2226 961 2297 εἰρημένον
994 2233 1052 2284 ὲν
1078 2234 1192 2298 τοῖς
1220 2214 1794 2309 προφήταιςίιίΊδετε,

201 2309 254 2405 οἱ
309 2316 746 2405 καταφρονηταὶ,
784 2319 879 2371 καὶ
928 2321 1248 2393 θαυμάσατε
1300 2329 1396 2381 καὶ
1436 2331 1793 2405 ἀφανίσθητε,

200 2397 287 2494 ότι
323 2399 513 2494 ’ἔργον
565 2404 680 2472 ἐγὼ
725 2408 1034 2480 ἐργάζομαι
1084 2415 1145 2467 ἐν
1189 2419 1310 2480 ταῖς
1353 2397 1589 2491 ἡμέραις
1616 2397 1793 2494 ὑμίῦν,

198 2490 345 2585 δηῗοὺ
405 2493 481 2561 μὴ
527 2497 860 2569 πιστεύσητε
886 2502 983 2555 ἐάν
1038 2522 1126 2568 τις
1194 2490 1517 2581 ἐκδιηγῆται
1586 2490 1734 2585 ὑμῖν.
1771 2536 1789 2568 ι

211 2580 450 2672 ἶῌσαΐας
473 2585 530 2639 δὲ
559 2590 754 2659 κράζει
788 2593 928 2663 ὑπὲρ
958 2596 1050 2649 τοῦ
1082 2600 1299 2671 Ἰσραήλ
1329 2580 1503 2672 λέγων
1525 2621 1539 2633 ·
1606 2580 1638 2657 ι⁷
1668 2608 1796 2662 Ἐὰν

199 2665 234 2741 ᾖ
260 2671 291 2723 6
314 2673 559 2744 ἀριθμὸς
586 2677 696 2731 τῶν
723 2682 854 2735 υἱῶν
871 2683 1087 2754 Ἰσραὴλ
1110 2665 1452 2760 ὡσεὶ-ἄμμος
1473 2693 1575 2764 τῆς
1597 2696 1794 2751 θαλάσο

200 2779 335 2831 σης,
372 2765 437 2818 τὸ
467 2768 821 2842 κατάλειμμα
855 2773 1160 2845 σωθήσεται
1183 2794 1197 2808 ο
1238 2778 1399 2849 λόγον
1427 2782 1537 2854 γὰρ
1604 2803 1794 2841 συντε-

198 2855 494 2924 τμημένον
530 2862 749 2931 ποιήσει
776 2864 985 2936 Κύριος
1014 2866 1109 2919 ἐπὶ
1132 2868 1233 2939 τῆς
1261 2870 1386 2941 γῆς,
1419 2891 1438 2925 ι
1464 2874 1541 2938 ὡς
1584 2878 1793 2932 ἀνωθεν

196 2944 456 3038 προεῖδεν
485 2947 514 2999 6
538 2949 647 3003 τῶν
670 2950 809 3005 ὅλων
831 2953 987 3018 Θεὸς,
1026 2960 1121 3011 καὶ
1150 2958 1280 3022 τοὺς
1309 2964 1376 3031 τῇ
1406 2962 1591 3018 πίστει
1623 2984 1792 3038 προσ-

1979 1146 2136 1213 Quod
2190 1158 2372 1203 autem
2434 1149 2720 1203 suscitavit
2753 1162 2880 1202 cum
2909 1162 2941 1201 a
2976 1144 3212 1199 mortuis
3272 1144 3501 1198 minime

1912 1255 2269 1295 reversurum
2304 1243 2361 1296 in
2388 1241 2827 1310 corruptionem,
2871 1240 2944 1293 ita
2973 1238 3112 1292 dixit
3145 1254 3159 1291 :
3192 1236 3329 1303 Quia
3355 1236 3500 1291 dabo

1910 1333 2066 1387 vobis
2120 1343 2309 1388 saneta
2365 1332 2536 1387 David
2589 1331 2794 1389 ﬁdelia.
2841 1330 3078 1399 ideoque
3139 1329 3273 1383 alias
3324 1328 3497 1382 dicit:

1916 1442 1934 1474 ι
1964 1424 2085 1478 Non
2115 1423 2273 1477 dabis
2312 1433 2562 1477 sanctum
2595 1433 2748 1477 tuum
2797 1422 2987 1477 videre
3016 1418 3448 1488 corruptionem.
3473 1437 3492 1468 ι

1908 1516 2081 1571 David
2136 1516 2285 1570 enim
2321 1517 2375 1570 in
2426 1532 2525 1571 sua
2581 1516 2961 1587 generatione,
3010 1528 3136 1567 cum
3200 1511 3499 1565 obsecutus

1906 1608 2104 1664 fuisset
2152 1610 2425 1664 voluntati
2490 1610 2610 1673 Dei,
2663 1608 2927 1662 dormivit
2977 1615 3033 1660 et
3080 1605 3365 1675 appositus
3416 1614 3503 1659 est

1906 1702 1975 1757 ad
2020 1710 2206 1770 patres
2234 1717 2388 1766 suos,
2425 1709 2483 1757 et
2517 1700 2659 1755 vidit
2688 1699 3134 1769 corruptionem;
3172 1713 3336 1768 quem
3366 1712 3498 1752 vero

1906 1796 2054 1849 Deus
2074 1796 2384 1858 suscitavit,
2425 1808 2539 1849 non
2561 1793 2701 1847 vidit
2725 1792 3166 1863 corruptionem.
3196 1789 3399 1843 Notum
3428 1788 3501 1843 sit

1905 1887 2085 1951 vobis,
2134 1886 2240 1940 viri
2275 1885 2495 1952 fratres,
2530 1887 2660 1956 quia
2690 1894 2922 1955 propter
2964 1884 3071 1937 hoc
3106 1881 3263 1936 vobis
3298 1880 3498 1937 remis-

1904 1978 1988 2032 sio
2037 1991 2392 2048 peccatorum
2450 1977 2834 2038 annuntiatur,
2882 1972 3038 2029 etab
3090 1970 3350 2025 omnibus
3376 1969 3502 2039 qui-

1905 2070 2009 2126 bus
2034 2087 2144 2127 non
2172 2070 2441 2141 poteratis
2471 2068 2528 2122 in
2562 2070 2682 2137 lege
2711 2065 2881 2135 Moysi
2906 2062 3239 2135 justiticari;
3285 2060 3341 2114 in
3372 2059 3496 2125 hoc,

1901 2164 2085 2219 omnis
2130 2163 2226 2233 qui
2274 2162 2472 2227 credit,
2510 2159 2870 2232 justiticatur.
2907 2155 3103 2211 Videte
3141 2169 3273 2225 ergo
3304 2168 3373 2207 ne
3403 2168 3498 2208 su-

1900 2256 2192 2326 perveniat
2239 2255 2397 2310 vobis
2449 2252 2597 2324 quod
2645 2251 2857 2307 dictum
2910 2259 2996 2306 cst
3046 2250 3103 2303 in
3156 2244 3493 2318 prophetis:

1904 2365 1925 2401 ι
1957 2347 2173 2411 Videte,
2207 2352 2639 2414 contemptores,
2670 2350 2728 2396 et
2760 2338 3111 2397 admiramini
3139 2347 3196 2392 et
3220 2336 3495 2408 disperdi-

1899 2440 2068 2505 mini;
2122 2440 2252 2509 quia
2296 2454 2437 2508 opus
2495 2450 2697 2506 operor
2746 2450 2847 2504 ego
2896 2433 2952 2488 in
3021 2431 3220 2487 diebus
3271 2431 3494 2498 vestris,

1898 2529 2046 2601 quod
2088 2544 2201 2583 non
2232 2526 2513 2588 credetur,
2561 2523 2607 2578 si
2643 2522 2769 2593 quis
2815 2517 3162 2575 enarraverit
3192 2516 3350 2571 vobis
3375 2517 3439 2571 3’.
3470 2535 3489 2567 ι

1897 2621 2065 2676 Isaias
2089 2628 2274 2674 autem
2306 2619 2506 2671 clamat
2534 2630 2698 2683 super
2724 2612 2911 2671 lsracl,
2939 2610 3130 2664 dicens
3162 2626 3175 2661 :
3207 2627 3223 2659 ι
3248 2606 3304 2662 Si
3326 2606 3497 2663 fuerit

1896 2723 2166 2763 numerus
2213 2706 2451 2760 ﬁliorum
2498 2703 2663 2757 Israel
2698 2710 2757 2754 ut
2806 2714 2972 2754 arena
3015 2698 3205 2761 maris,
3247 2697 3494 2768 reliquiae

1898 2800 2297 2864 salvabuntur;
2332 2797 2564 2852 verbum
2596 2796 2742 2848 enim
2775 2792 3160 2847 abbreviatum
3186 2790 3351 2845 faciet
3383 2791 3489 2846 Do-

1896 2893 2080 2947 minus
2128 2905 2294 2960 supcr
2331 2900 2531 2943 terram
2568 2889 2670 2951 9°,»
2729 2894 2791 2939 ιιι
2830 2900 2862 2939 a
2912 2883 3187 2955 principio
3237 2882 3494 2952 prazvid'rt

1896 2984 2068 3039 totius
2116 2980 2309 3037 mundi
2356 2981 2502 3034 Dous
2554 2985 2609 3031 ct
2648 2993 2745 3031 eos
2770 2976 2867 3047 qui
2917 2976 2973 3030 in
3033 2975 3200 3029 ﬁdem
3236 2974 3494 3045 ingrede-

192 3035 480 3147 ελθόνῗας,
514 3039 611 3093 καὶ
643 3044 771 3106 τοὺς
798 3047 866 3116 τῇ
897 3047 1134 3119 ἀπιστία
1163 3054 1529 3122 νενοσηκότας
1548 3073 1561 3087 ·
1600 3035 1790 3131 ἐπειδὴ

1897 3081 2113 3135 rentur,
2134 3079 2191 3126 ct
2211 3086 2307 3126 eos
2335 3070 2430 3140 qui
2456 3035 3139 3123 inl'idelitateiaborarent.
3168 3064 3325 3133 Quod
3340 3066 3487 3121 enim

192 3127 307 3223 γάρ
327 3129 585 3223 λέγουσιν
610 3134 826 3203 ὀλίγους
851 3137 909 3205 ἐξ
933 3140 1115 3195 αὑτῶν
1138 3141 1395 3214 δεχθῆναι
1417 3147 1479 3201 τὸ
1501 3127 1786 3223 κήρυγμα,

190 3218 322 3277 τοὺς
351 3219 413 3272 δὲ
442 3219 637 3286 ἄλλους
668 3224 918 3290 ἅπαντας
948 3227 1009 3292 ἐξ
1034 3230 1253 3302 ἀπάτης
1280 3236 1508 3304 φεύγειν
1529 3218 1789 3308 ,ἐδέίξεν

190 3308 407 3363 ἄνωθεν
438 3312 615 3367 ταῦτα
645 3316 994 3387 προρηθέντα
1014 3335 1028 3350 ·
1063 3323 1166 3376 οὑκ
1196 3323 1262 3377 ἂν
1290 3326 1677 3398 ὑπερῦάλλωσι
1712 3333 1791 3403 τῷ

191 3403 399 3495 πλήθει
448 3406 561 3460 τῶν
605 3408 859 3478 ἀριθμῶν
903 3414 997 3465 καὶ
1042 3415 1337 3483 μιμοῦνται
1374 3420 1473 3489 τῆς
1510 3420 1788 3495 θαλάσσης

190 3493 551 3587 τὸν-ψάμμον
574 3513 589 3529 ⁸
638 3500 739 3570 οὑχ
779 3501 1021 3568 ἅπαντες
1046 3507 1328 3573 τεύξονται
1357 3511 1458 3581 τῆς
1485 3493 1785 3587 σωτηρίας,

188 3584 395 3678 ἀλλ’ῗοὶ
426 3590 492 3659 τῇ
520 3588 704 3643 πίστει
731 3594 1119 3664 κοσμούμενοι·
1151 3599 1248 3653 τοῦ
1274 3600 1384 3673 γὰρ
1411 3584 1789 3678 συντετμημέ-

188 3693 285 3730 νου
320 3677 486 3746 λόγου
518 3680 583 3735 δν
615 3684 835 3753 ποιήσει
862 3684 1071 3755 Κύριος
1094 3729 1109 3755 ,
1164 3690 1265 3761 τὴν
1295 3692 1480 3748 πίστιν
1513 3677 1743 3752 ἐκάλεσε
1768 3716 1782 3732 ο

187 3769 285 3821 καὶ
338 3770 394 3822 oi
444 3774 511 3841 τῇ
562 3773 747 3828 πίστει
794 3780 1221 3849 προσελθόντες,
1258 3779 1407 3839 οὗτοι
1440 3788 1786 3860 ὑπάρχουσιν

187 3861 239 3912 οι
277 3862 391 3916 ὑπὸ
423 3862 518 3915 τοῦ
554 3867 837 3938 προφήτου
871 3872 1295 3946 ἐγκατάλειμμα
1321 3880 1678 3950 κακούμενοι,
1705 3884 1786 3936 οἶα

185 3966 336 4015 τινες
366 3952 457 4006 διὰ
484 3954 719 4022 πίστεως
749 3959 1114 4031 σωθήσονται.

259 4044 334 4097 Ἦ
385 4044 488 4099 οὑκ
527 4049 706 4103 οἴδατε
750 4053 844 4106 καὶ
896 4055 956 4108 ὲν
997 4056 1155 4129 Ἠλίᾳ
1203 4060 1258 4113 τί
1288 4060 1437 4130 λέγει
1481 4066 1513 4135 ή
1550 4066 1779 4136 Γραφή;

191 4136 291 4201 Ὃς
320 4138 643 4208 ἐντυγχάνει
689 4142 769 4214 τῷ
809 4144 929 4216 Θεῷ
963 4150 1110 4203 κατά
1156 4151 1251 4205 τοῦ
1301 4154 1518 4225 Ἰσραήλ
1568 4158 1742 4225 λέγων
1766 4177 1777 4188 ·

190 4245 211 4279 ι
239 4227 443 4301 Κύριε,
473 4234 598 4297 τοὺς
624 4238 914 4309 προφήτας
950 4256 1047 4295 σου
1079 4243 1430 4313 ἀπέκτειναν,
1464 4248 1558 4301 καὶ
1590 4251 1657 4303 τά
1690 4251 1781 4304 Ου-

184 4323 485 4393 σιαστήριά
515 4342 609 4378 σου
646 4330 1025 4401 κατέσκαψαν,
1052 4337 1208 4403 κάγὼ
1238 4339 1572 4411 ὑπελείφθην
1596 4345 1774 4409 μόνος,

1898 3164 2087 3219 dicant
2103 3179 2309 3234 paucos
2332 3179 2399 3218 ex
2419 3163 2528 3217 illis
2546 3160 2817 3230 recepisse
2850 3158 3319 3229 prmdicationem,
3351 3158 3491 3215 alios

1898 3264 2082 3308 autem
2115 3269 2309 3308 omnes
2351 3262 2411 3305 ut
2455 3251 2525 3305 ab
2571 3265 2763 3305 errore
2808 3250 3021 3320 fugere,
3065 3249 3429 3306 ostenderunt
3455 3266 3486 3310 ε

1897 3345 2176 3416 principio
2212 3344 2331 3399 haec
2371 3343 2652 3413 praedicta.
2682 3341 2803 3395 Non
2835 3349 3102 3410 superant
3134 3340 3487 3399 multitudine

1896 3438 2116 3492 numeri
2152 3452 2256 3492 nec
2309 3435 2599 3505 adaequant
2643 3448 2865 3488 arenam
2907 3433 3111 3499 maris;
3159 3448 3270 3487 non
3302 3442 3484 3489 tamen

1895 3540 2090 3581 omnes
2149 3524 2529 3593 adipiscentur
2567 3522 2823 3586 salutem,
2869 3521 2966 3577 sed
3014 3522 3108 3593 qui
3143 3522 3249 3579 lide
3277 3538 3484 3578 ornan-

1897 3626 2021 3680 tur;
2077 3614 2460 3669 abbreviatum
2510 3613 2657 3667 enim
2685 3611 2912 3666 verbum
2968 3611 3117 3681 quod
3162 3611 3329 3667 faciet
3380 3613 3485 3668 Do-

1895 3707 2079 3761 minus
2124 3706 2287 3760 lidem
2314 3704 2551 3771 indicat;
2584 3712 2641 3759 et
2667 3704 2763 3773 qui
2798 3705 2851 3757 in
2880 3703 3043 3758 [idem
3073 3704 3481 3775 ingrediuntur,

1895 3799 1950 3852 hi
2003 3808 2133 3852 sunt
2169 3812 2201 3851 a
2245 3797 2526 3867 propheta
2582 3796 2827 3866 reliquiae
2862 3796 3059 3859 vocati,
3107 3806 3162 3850 et
3194 3810 3293 3865 per
3319 3795 3481 3851 ﬁdem

1892 3891 2275 3947 salvabuntur.

1962 4078 2154 4130 Nonne
2206 4075 2361 4136 scitis
2421 4076 2556 4144 quid
2603 4076 2656 4128 in
2686 4075 2804 4128 Elia
2831 4076 2969 4129 dicit
3006 4075 3334 4145 Scriptura?
3384 4077 3477 4147 qui

1890 4167 2004 4221 Deo
2050 4173 2239 4222 contra
2273 4165 2433 4219 Israel
2470 4165 2607 4219 dicit
2638 4181 2652 4220 :
2691 4165 2981 4227 «Domine.
3018 4165 3314 4235 prophetas
3355 4176 3480 4222 tuos

1889 4259 2236 4322 occiderunt,
2285 4256 2481 4312 altaria
2524 4268 2616 4313 tua
2643 4265 2987 4319 everterunt,
3020 4268 3076 4314 et
3121 4272 3223 4329 ego
3252 4258 3479 4315 relictus

1889 4367 2009 4405 sum
2057 4350 2228 4412 solus,
2263 4357 2320 4404 et
2348 4358 2606 4418 qumrunt
2638 4350 2876 4402 animam
2911 4364 3088 4403 meam
3136 4366 3168 4405 a
3222 4364 3330 4405 me.
3368 4349 3477 4408 Sed

182 4414 281 4466 καὶ
314 4412 543 4485 ζητοῦσι
569 4418 669 4488 τὴν
703 4420 879 4493 ψυχήν
908 4440 1010 4492 μου
1055 4427 1151 4479 ἀπ’
1181 4428 1317 4499 ἐμοῦ
1342 4448 1355 4461 ·
1389 4432 1524 4485 ἀλλὰ
1556 4435 1606 4486 τί
1630 4436 1777 4502 λέγει

1895 4442 2019 4513 quid
2050 4442 2188 4497 dicit
2209 4441 2259 4495 ei
2315 4439 2616 4495 revelatio?
2651 4439 2873 4508 Reliqui
2897 4439 3033 4493 mihi
3063 4447 3271 4509 septem
3304 4440 3475 4494 millia

180 4505 337 4575 αὑτῷ
367 4509 394 4559 6
418 4513 839 4581 χρηματισμόςς
877 4516 1187 4571 Κατέλιπον
1209 4522 1431 4592 ἐμαυτῷ
1455 4526 1781 4597 ἑπτακισχι-

179 4594 330 4659 λίους
356 4596 583 4667 ἄνδρας,
618 4601 817 4666 οἵτινες
855 4605 957 4658 οὑκ
995 4606 1250 4678 ἔκαμψαν
1285 4613 1414 4680 γόνυ
1453 4619 1519 4684 τῇ
1553 4594 1726 4671 Βάαλ(
1752 4639 1771 4671 ι

180 4686 306 4740 κατ’
332 4689 565 4754 ἐκεῖνον,
594 4693 751 4762 φησὶ,
779 4695 871 4747 τὸν
904 4698 1097 4765 καιρὸν
1120 4700 1313 4754 πολλαὶ
1345 4708 1604 4774 μυριάδες
1636 4704 1779 4778 ἦσαν

178 4778 260 4848 τῷ
286 4779 529 4850 Ἰσραὴλ,
556 4784 651 4836 καὶ
677 4785 877 4849 πάντες
898 4787 1238 4861 Ἰσραηλῖται
1262 4794 1627 4866 ὡνομάζοντο“
1662 4802 1776 4855 ἀλλ’

178 4870 349 4923 ὁτῶν
401 4872 540 4926 ὅλων
594 4874 727 4939 Θεὸς
766 4878 877 4932 τῶν
923 4881 1351 4954 ἑπτακισχιλίων
1405 4890 1594 4944 ἑαυτὸν
1642 4892 1776 4947 Θεὸν

178 4966 620 5036 προσηγόρευσε,
656 4970 783 5035 τοὺς
817 4971 875 5026 δὲ
919 4974 1112 5041 ἄλλους
1142 4979 1551 5051 ἀπεδοκίμασεν
1598 4985 1774 5039 ἄπαν-

176 5071 301 5120 ταςο
337 5058 367 5110 6
398 5057 583 5127 μέντοι
627 5065 920 5135 προφήτης
958 5068 1053 5120 καὶ
1096 5069 1256 5124 τοῦτο
1305 5072 1491 5143 ἠγνόει
1518 5115 1534 5139 ,
1576 5080 1670 5132 καὶ
1715 5082 1774 5133 ὲν

177 5146 334 5219 αὑπῷ
363 5150 513 5222 μόνῳ
551 5152 620 5207 τὰ
646 5152 877 5225 λείψανα
907 5158 1178 5221 σώζεσθαι
1213 5163 1314 5234 τῆς
1339 5165 1622 5233 εὑεεὸείας
1656 5171 1761 5225 ἐνόο

180 5240 333 5311 μιζι’
368 5242 527 5297 οὐδὲν
555 5242 650 5300 οῦν
678 5249 866 5303 καινὸν
897 5251 993 5305 καὶ
1023 5255 1329 5324 παράδοξον
1350 5297 1365 5321 ,
1396 5259 1447 5310 εἰ
1478 5261 1574 5313 καὶ
1612 5262 1773 5332 ὑμεῖς

177 5335 453 5404 ἀγνοεῖτε,
483 5337 612 5403 τοὺς
645 5340 705 5409 ἐξ
739 5341 896 5412 ὑμῶν
934 5344 1015 5416 τῷ
1061 5346 1282 5420 Σωτῆρι
1303 5356 1765 5422 πεπιστευκότας,

174 5427 273 5491 ob;
294 5428 430 5482 λαὸν
467 5430 497 5482 6
538 5431 649 5484 τῶν
678 5432 817 5487 ὅλων
848 5438 1250 5507 προσαγορεύει
1279 5441 1435 5506 Θεός·
1469 5443 1644 5510 οὑτως
1674 5445 1768 5503 οὖν

179 5518 277 5574 καὶ
302 5522 365 5574 ἐν
401 5520 498 5574 νῦν
531 5524 710 5595 καιρῷ
746 5525 953 5597 λεῖμμα
990 5530 1109 5583 κατ’
1139 5531 1373 5604 ἐκλογὴν
1414 5536 1635 5605 χάριτος
1678 5541 1769 5606 γέ-

248 5702 299 5736 ⁸⁸
325 5705 447 5761 Act.
482 5722 599 5770 xtlt,
629 5708 815 5765 17-55.
912 5712 955 5743 "9
997 5714 1132 5769 iluitl.
1166 5719 1352 5775 5441.

182 5771 344 5833 Rem.
406 5776 625 5843 11,24.
704 5784 748 5814 ’³
789 5782 948 5839 Rom.
994 5801 1069 5851 χι,
1105 5771 1259 5853 {ﬁt}.

1878 4535 2149 4597 virorum,
2191 4532 2285 4601 qui
2323 4546 2433 4585 non
2463 4538 2840 4585 curvavcrunt
2862 4545 3005 4600 genu
3039 4540 3167 4586 ante
3190 4530 3317 4585 Baal
3350 4531 3419 4587 ".
3448 4551 3467 4582 ι

1880 4626 1997 4690 Illo,
2040 4624 2239 4694 inquit,
2294 4632 2543 4693 tempore
2590 4622 2765 4676 multa
2796 4621 2967 4677 millia
2999 4632 3158 4678 erant
3190 4623 3246 4676 in
3277 4622 3469 4688 Israel,

1879 4727 1939 4771 ct-
1973 4732 2166 4771 omnes
2191 4716 2451 4770 lsraelita:
2475 4714 2916 4784 appellabantur.
2948 4713 3055 4770 Sed
3080 4714 3250 4769 totius
3276 4714 3469 4770 mundi

1880 4813 2024 4866 Deus
2065 4821 2274 4879 septem
2328 4810 2561 4863 millium
2594 4810 2765 4863 Deum
2798 4823 2857 4862 se
2884 4822 3005 4862 esse
3052 4806 3209 4873 dixit,
3240 4817 3471 4865 cancros

1877 4912 2061 4958 autem
2107 4919 2302 4958 omnes
2349 4904 2558 4973 rejeeit.
2606 4902 2882 4971 Propheta
2927 4910 3110 4956 tamen
3152 4901 3260 4956 hoc
3309 4902 3463 4971 igno-

1880 4996 2057 5057 rabat,
2094 5005 2149 5050 et
2184 4996 2237 5050 in
2287 5011 2346 5050 se
2390 4997 2507 5050 solo
2557 4996 2823 5065 reliquias
2868 4994 3065 5049 salvari
3097 4994 3320 5063 pietatis
3351 4994 3467 5050 exi-

1876 5088 2156 5142 stimabat.
2217 5088 2438 5142 Minime
2488 5088 2657 5157 igitur
2686 5087 2888 5141 mirum
2934 5096 2991 5141 et
3022 5096 3368 5153 extraneum,
3414 5090 3461 5142 si

1874 5191 1973 5230 vos
2006 5176 2109 5244 ipsi
2146 5176 2432 5245 ignoratis,
2466 5191 2563 5231 eos
2598 5176 2692 5244 qui
2731 5191 2795 5229 ex
2844 5176 3005 5229 vobis
3038 5176 3092 5229 in
3116 5176 3457 5232 Salvatorem

1874 5265 2255 5328 crediderunt,
2322 5281 2463 5336 quos
2512 5268 2779 5337 populum
2841 5268 3011 5321 totius
3069 5268 3259 5322 mundi
3315 5269 3459 5324 Deus

1874 5366 2051 5410 vocat.
2096 5355 2176 5410 Ita
2228 5370 2361 5424 ergo
2400 5365 2456 5411 ct
2490 5358 2546 5413 in
2604 5358 2707 5411 hoc
2743 5366 2988 5426 tempore
3052 5358 3300 5428 reliquias
3361 5376 3460 5425 per

1871 5447 2061 5515 gratiae
2101 5448 2428 5504 electionem
2477 5450 2637 5503 facta:
2696 5458 2856 5510 sunt;
2902 5450 3071 5517 gratia
3116 5459 3300 5505 autem
3347 5469 3455 5505 non

1870 5557 1933 5594 ex
1959 5543 2239 5610 operibus,
2263 5557 2389 5597 cum
2419 5558 2541 5612 qua!
2563 5557 2627 5596 cx
2651 5541 2911 5610 operibus
2952 5558 3056 5597 non
3090 5542 3159 5595 sit
3188 5544 3363 5611 gratia
3385 5548 3455 5598 ⁸³.

1454 5727 1496 5755 ⁸ο
1542 5725 1643 5781 lsu.
1689 5742 1740 5787 .\,
1767 5729 1853 5789 '22,
1885 5731 1987 5791 25;
2023 5731 2179 5785 llum.
2214 5748 2285 5793 ιλ,
2323 5733 2411 5796 27,
2445 5732 2535 5785 '28.
2616 5733 2658 5762 “‘
2705 5729 2767 5783 Ill
2814 5729 2942 5797 lieg.
2981 5744 3088 5786 xu,
3121 5730 3223 5793 ἰθ,
3268 5746 3317 5792 x,
3354 5730 3456 5793 18;
