4190 6438
183 430 323 493 1:273

1191 432 1640 493 IllSl'U'l‘ATlO
1682 427 2077 491 ADVERSUS
2104 427 2135 488 J
2148 426 2433 488 UDxEOS.

3311 414 3452 488 127/9

176 544 267 596 διὰ
299 544 355 596 τί
383 547 622 614 τρώγετε
652 548 713 600 τὸ
734 546 989 615 ὀρνίθιον,
1019 543 1046 596 ὃ
1078 544 1517 612 ἀκαθαρτότατον
1550 543 1747 595 πάντως

1871 538 2025 592 nium
2064 533 2522 590 immundissimm
2556 532 2720 586 sunt?
2777 529 3001 585 Pontica
3027 530 3173 583 enim
3220 544 3447 598 serpen-

179 635 304 686 ἐστί
335 653 349 699 ;
388 638 640 687 ποντικὸν
690 636 785 687 καὶ
813 635 966 701 θνρεις
991 633 1161 684 ἐσθίει
1192 634 1287 683 καὶ
1320 634 1499 684 πᾶσαν
1522 630 1766 699 ἀκαθαρ-

180 720 328 773 σίαν·
368 722 470 791 τὴν
499 723 553 775 δὲ
585 722 827 791 χελιδόνα
861 723 923 773 οὐ
954 720 1194 789 τρώγετε
1241 720 1632 791 καθαρωτέραν
1676 718 1766 772 οὖ·-

180 828 284 865 σαν
317 813 418 880 τῆς
465 813 696 883 ὄρνιθος·
731 812 854 865 οὔτε
901 814 963 864 τὸ
1016 812 1195 863 σίπιον
1234 810 1475 881 καθαρὸν
1508 811 1605 862 καὶ
1634 809 1766 863 αὐτὸ

175 906 237 956 δν
288 906 387 957 καὶ
438 906 778 975 ἀναίμακτον
826 905 924 957 καὶ
976 903 1364 971 καθαρώτερον
1398 903 1498 972 τῆς
1528 900 1761 970 ὄρνιθος,

176 997 275 1048 καὶ
340 996 675 1066 σκηνώματα
733 1012 829 1050 και
884 997 1182 1066 θνησιμαῖα
1237 995 1450 1058 ἐσθίει,
1519 992 1659 1046 αὐτὰ
1706 992 1763 1045 δὲ

175 1085 435 1153 οὐδαμῶς
458 1099 475 1114 ·
528 1086 705 1148 θέλεις
753 1085 942 1155 μαθεῖν
994 1086 1061 1138 δι’
1088 1087 1154 1155 ἢν
1186 1086 1362 1138 αἰτίαν
1407 1082 1559 1137 εἶπεν
1584 1083 1760 1144 ὀΘεδς

171 1176 262 1227 διὰ
298 1176 578 1237 Μωῦσέως
616 1179 727 1239 τοῖς
757 1176 1025 1239 Ἰουδαίοις
1050 1179 1123 1247 μὴ
1146 1178 1378 1247 τρώγειν
1397 1178 1457 1228 τὸ
1480 1176 1757 1246 χοιρίδιονς

169 1268 254 1317 ὅτι
288 1268 351 1318 ὲν
374 1268 637 1336 Αἰγύπτῳ
671 1268 821 1329 ὄντες
864 1270 1003 1338 μετά
1029 1272 1137 1322 τῶν
1162 1272 1472 1337 Αἰγυπτίων
1498 1311 1513 1331 ,
1574 1271 1761 1340 ἤσθιον

167 1357 263 1409 τὸν
292 1360 498 1427 χοῖρον,
533 1357 620 1410 τὸν
648 1359 703 1411 δέ
733 1359 859 1429 βοῦν
887 1362 977 1413 καὶ
1006 1362 1098 1414 τὸν
1118 1362 1319 1432 τράγον
1364 1362 1457 1414 καὶ
1493 1362 1584 1414 τὸν
1621 1360 1759 1413 κύνα

166 1448 426 1501 ἐσέϐοντο
454 1450 504 1501 οἱ
526 1450 806 1515 Αἰγύπτιοι
833 1452 908 1515 ὡς
936 1453 1119 1515 θεούς·
1154 1455 1216 1505 ἐκ
1245 1454 1433 1507 τούτου
1458 1456 1552 1506 καὶ
1572 1457 1759 1508 Boco-

158 1537 415 1604 ρεῖς,διά
438 1540 499 1591 τὸ
518 1540 608 1592 τὸν
636 1542 764 1607 βοῦν
787 1544 1061 1597 σέϐεσθαι·
1089 1545 1181 1597 καὶ
1204 1544 1448 1598 Κυνῖτιιι
1476 1545 1562 1598 διὰ
1587 1545 1646 1597 τὸ
1668 1545 1757 1597 τὸν

167 1629 309 1681 κύνα
332 1631 613 1683 σέϐεσθαι·
644 1632 725 1685 διὸ
756 1635 849 1686 καὶ
896 1635 1133 1688 Ἰουδαῖοι
1161 1636 1473 1706 μετάὖτῶν
1495 1637 1665 1700 ὄντες,
1688 1638 1757 1692 τὰ

166 1720 261 1787 ἔθη
298 1721 485 1773 αὐτῶν
518 1725 853 1792 ἐκράτησαν·
890 1726 1175 1795 ἐξαγαγὼν
1208 1726 1301 1782 οὖν
1332 1730 1528 1793 αὐτοὺς
1566 1732 1596 1783 ὁ
1624 1730 1755 1791 Θεὸς

164 1813 223 1875 ἐξ
243 1813 557 1880 Αἰγύπτου,
582 1816 754 1870 θέλων
781 1818 1089 1887 ἀποστῆσαι
1114 1821 1213 1881 τὰς
1235 1822 1461 1890 καρδίας
1482 1822 1665 1874 αὐτῶν
1696 1824 1754 1888 ἐξ

1877 631 2024 684 tibus
2069 628 2235 683 alitur
2272 637 2328 680 et
2366 624 2623 679 omnibus
2666 623 2957 686 sordibus;
3009 628 3065 675 et
3095 621 3446 676 hirundinem

1874 738 1981 776 nou
2031 720 2320 775 comeditis
2378 718 2728 789 mundiorem
2788 716 2891 768 hac
2936 728 3066 776 ave,
3114 728 3294 780 neque
3353 714 3448 767 σύ-

1872 831 1998 866 πιον
2058 815 2204 882 quod
2254 826 2453 881 purum
2504 819 2561 864 et
2620 809 2800 877 ipsmu
2876 816 2963 860 est
3010 814 3067 859 et
3124 805 3444 873 sanguinem

1872 909 2089 977 fugiens
2136 918 2193 962 et
2242 921 2341 960 ave
2383 906 2483 959 ista
2514 902 2798 963 mundius,
2833 908 2889 954 et
2933 900 3132 953 domus
3168 899 3359 954 sordes
3392 909 3449 953 et

1871 1016 2065 1055 carnes
2098 1008 2381 1055 emortuus
2438 996 2701 1059 comedit,
2750 994 2843 1047 illa
2892 1006 3027 1047 vero
3058 992 3304 1045 minime.
3355 992 3447 1047 Vis

1870 1095 2081 1147 discere
2129 1106 2292 1160 quam
2342 1090 2413 1141 ob
2449 1103 2666 1140 causam
2692 1084 2895 1138 dixerit
2924 1084 3070 1137 Deus
3100 1098 3197 1151 per
3228 1083 3446 1154 Moysen

1867 1184 2070 1239 .ludzeis
2108 1197 2219 1235 non
2271 1180 2415 1234 vesci
2476 1179 2683 1232 suillo?
2729 1178 2883 1245 quia,
2937 1192 3062 1230 cuin
3111 1176 3165 1229 in
3216 1175 3447 1246 Aigyplo

1866 1283 2052 1329 essent
2089 1289 2211 1327 eum
2257 1271 2546 1341 1Egyptiis,
2599 1269 2794 1321 suibus
2836 1267 3221 1326 vescebantur,
3253 1267 3446 1324 bovem

1866 1376 2051 1420 autem
2114 1373 2170 1417 et
2226 1362 2443 1417 hircum
2516 1370 2572 1414 et
2632 1374 2824 1413 canem
2886 1358 3139 1412 colebant
3203 1369 3261 1411 ut
3312 1360 3449 1415 deos

1864 1456 2143 1527 Aigyptii;
2191 1454 2338 1508 unde
2380 1451 2687 1519 Βοσορεῖς,
2737 1452 2866 1519 quia
2924 1451 3139 1512 bovem,
3176 1460 3231 1503 et
3269 1453 3447 1505 Evr!-

1867 1564 1984 1610 rm,
2034 1547 2161 1615 quia
2190 1558 2384 1599 canem
2416 1543 2717 1598 colebant:
2759 1541 2932 1595 Judaei
2971 1551 3177 1604 autem,
3227 1541 3446 1609 quando

1863 1656 1987 1695 cum
2036 1639 2145 1693 illis
2192 1646 2368 1701 erant,
2408 1652 2592 1690 mores
2628 1650 2822 1689 eorum
2866 1634 3261 1702 sequebantur.
3300 1636 3447 1689 Deus

1862 1747 2012 1802 ergo,
2039 1747 2163 1785 cum
2193 1746 2262 1785 ex
2284 1729 2515 1798 [Egypto
2539 1741 2636 1781 eos
2655 1726 2955 1787 eduxisset,
2983 1736 3039 1779 et
3062 1725 3227 1779 corda
3249 1740 3445 1781 eorum

1861 1839 2117 1879 amovere
2150 1822 2318 1875 vellet
2368 1820 2438 1873 ab
2498 1819 2583 1872 his
2613 1816 3067 1887 quadrupedibus
3108 1832 3249 1886 quos
3292 1819 3444 1875 cole-

162 1898 238 1955 ὧν
265 1906 621 1975 τετραπόδων
660 1908 911 1963 ἐσέϐοντο
952 1911 1010 1962 ἐν
1044 1909 1324 1981 Αἰγύπτῳ,
1360 1914 1747 1985 ἐνομοθέτησεν

1860 1916 1991 1968 bant
2036 1911 2303 1982 Egyptii,
2333 1910 2507 1978 legem
2543 1908 2651 1961 illis
2701 1907 2895 1962 statuit
2931 1914 2992 1961 ut
3039 1922 3161 1975 qua:
3205 1906 3315 1961 illic
3342 1907 3442 1963 ha-

160 1996 351 2058 αὖτοῖς
399 1998 467 2049 τὲ
519 2000 661 2067 ᾰπερ
704 1996 849 2069 εἶχεν
901 2003 1019 2053 ἐκεῖ
1059 2002 1230 2054 σεπτὰ
1272 2004 1367 2056 καὶ
1397 2010 1748 2076 προσκυνητά

160 2086 431 2153 σφάττειν
485 2090 717 2142 ἐνταῦθα
775 2091 867 2143 καὶ
917 2091 1138 2144 ἐσθίειν·
1194 2094 1281 2146 ἵνα
1337 2096 1413 2159 ὡς
1455 2098 1747 2163 σφάζοντες

156 2178 308 2230 αύτά
357 2179 456 2231 καὶ
501 2178 793 2243 ἐσθίοντες,
849 2183 1047 2250 μηκέτι
1095 2185 1283 2237 λοιπὸν
1311 2186 1541 2256 τιμῶσιν
1567 2190 1743 2240 αύτέι·

154 2268 249 2317 τὸν
280 2267 341 2319 δὲ
377 2268 561 2338 χοῖρον
604 2270 771 2339 ὅνπερ
798 2272 988 2341 ἤσθιον
1020 2274 1100 2336 εἰς
1122 2276 1419 2343 Αἴγυπτον,
1453 2280 1743 2347 παρήγγει-

153 2356 248 2409 λεν
289 2358 481 2421 αὐτοῖς
505 2360 693 2413 τούτου
731 2362 806 2436 μὴ
834 2364 1114 2430 γεύεσθαι,
1164 2366 1262 2436 οὐχ
1309 2367 1384 2430 ὡς
1432 2369 1745 2441 ἀκαθάρτου

153 2451 327 2502 αὐτοῦ
363 2451 538 2515 δντος,
574 2454 688 2506 ἀλλ’
720 2454 806 2507 ἵνα
839 2458 912 2526 μὴ
946 2463 1281 2527 στρέφωνται
1330 2463 1451 2523 ταῖς
1495 2464 1745 2528 καρδίαις

154 2540 346 2593 αὐτῶν
384 2542 445 2594 ἐν
469 2544 747 2614 Αἰγύπτῳ·
780 2547 871 2598 καὶ
913 2548 1061 2607 ὅπως
1090 2549 1523 2620 ἀναγκαζόμενοι
1553 2553 1743 2605 τούτου

158 2630 237 2698 μὴ
274 2630 505 2695 ἐσθίειν,
536 2633 645 2685 τῶν
689 2635 862 2688 ἄλλων
892 2638 1047 2700 ζώων
1078 2640 1263 2695 λοιπὸν
1315 2642 1740 2714 καθαπτόμενοι,

156 2718 466 2785 σφάζοντες
494 2721 801 2791 τρώγωσιν,
851 2724 962 2779 οἷον
1008 2728 1099 2781 τὸν
1139 2728 1287 2797 βοῦν,
1304 2730 1397 2783 τὸν
1417 2733 1637 2802 τράγον,
1686 2736 1744 2787 τ’)

157 2808 462 2877 πρόϐατον,
500 2811 646 2882 ἀπερ
675 2814 749 2876 ὡς
775 2814 932 2878 θεοὺς
961 2820 1019 2870 ἐν
1058 2822 1121 2888 τῇ
1150 2820 1409 2892 Δίγύπτῳ
1433 2822 1586 2887 ὄντες
1618 2827 1742 2878 ἐσέ-

156 2903 341 2954 ϐοντο·
371 2904 467 2955 καὶ
504 2904 591 2956 διὰ
619 2906 718 2975 τὴν
745 2908 999 2979 τοιαύτην
1028 2912 1209 2964 αἰτίαν
1238 2914 1599 2988 ἐνομοθετήθη
1630 2921 1743 2981 τοῖς

169 2993 459 3056 Ἰουδαίοις
492 2996 565 3065 μὴ
616 2996 817 3050 ἐσθίειν
862 3002 955 3051 τὸν
1006 3005 1207 3072 χοῖρον,
1242 3006 1360 3075 οὐχὶ
1407 3006 1464 3057 δὲ
1502 3007 1570 3059 δι’
1605 3009 1741 3060 ἀκα-

159 3084 418 3153 θαρσίαν·
452 3085 574 3137 ἐπεί
597 3088 733 3140 εἰσιν
763 3088 898 3142 ἄλλα
926 3093 1363 3166 ἀκαθαρτότερα,
1392 3097 1467 3160 ὡς
1494 3098 1738 3169 εἴπομεν,

159 3176 254 3226 καὶ
300 3174 722 3248 βιϐρωσκόμενα
766 3180 863 3232 καὶ
903 3184 1055 3253 παρὰ
1101 3184 1377 3250 Ἰουδαίοις
1402 3203 1417 3217 ·
1446 3189 1561 3242 ἀλλ’
1585 3190 1681 3260 οὐχ
1712 3193 1741 3245 ὁ

1861 2006 2093 2057 buerant
2150 2000 2463 2055 veneranda
2509 2007 2566 2053 et
2614 1998 2916 2063 adoranda,
2968 1995 3060 2050 hic
3092 1997 3444 2055 immolarent

1856 2105 1912 2149 et
1954 2094 2337 2156 comedercnt;
2391 2091 2466 2144 ita
2500 2098 2562 2143 ut
2602 2089 2950 2143 immolantes
2976 2098 3032 2142 et
3061 2088 3439 2156 eomedentes,

1858 2203 1967 2241 non
2014 2186 2256 2256 amplius
2289 2185 2649 2238 honorarent.
2688 2182 2853 2236 Suem
2890 2189 3074 2235 autem
3105 2198 3216 2250 quo
3247 2198 3441 2237 vesce-

1857 2279 2054 2331 bantur
2105 2275 2439 2345 iu/Egypto,
2482 2274 2744 2343 przecepit
2797 2274 2901 2326 illis
2951 2288 3020 2326 ne
3060 2276 3437 2336 cometlerent,

1858 2385 1964 2423 non
2009 2368 2158 2438 quod
2187 2366 2507 2420 immundus
2539 2374 2712 2425 esset,
2754 2364 2847 2416 sed
2880 2378 2949 2417 ne
2986 2373 3442 2418 converterentur

1854 2459 2117 2513 cordibus
2164 2458 2280 2512 suis
2314 2456 2383 2511 ad
2428 2454 2754 2525 Egyptum:
2802 2464 2858 2508 et
2900 2464 2962 2507 ut
2992 2456 3166 2508 coacti
3195 2470 3292 2509 sue
3330 2470 3441 2511 non

1854 2550 2026 2613 vesci,
2069 2549 2281 2617 reliqua
2338 2546 2599 2601 animalia
2658 2554 2961 2609 sumentes,
2999 2546 3349 2601 immolarent
3381 2555 3440 2602 et

1853 2642 2248 2705 comedercnt,
2300 2648 2364 2692 ut
2417 2638 2637 2699 bovem,
2693 2636 2931 2700 hircum,
2992 2652 3173 2699 ovem,
3221 2652 3344 2706 qua:
3376 2646 3440 2692 ut

1851 2736 1985 2789 deos
2019 2734 2074 2786 in
2112 2732 2345 2802 Egypto
2376 2729 2656 2784 colebant.
2715 2729 2841 2783 llaec
2883 2744 3082 2797 nempe
3137 2744 3304 2784 causa
3335 2730 3439 2785 fuit

1851 2842 1951 2881 cur
1988 2826 2077 2879 lex
2112 2824 2253 2878 facta
2296 2822 2370 2877 sit
2416 2820 2621 2876 Judaeis
2655 2835 2810 2875 suem
2860 2836 2973 2874 non
3025 2820 3214 2884 edere,
3256 2836 3438 2891 neque

1851 2928 2077 2988 prepter
2106 2914 2548 2976 immunditiam;
2584 2929 2710 2967 cum
2762 2913 2871 2966 sint
2908 2912 3014 2965 alia
3046 2912 3435 2979 immundiora,

1852 3021 1910 3065 ut
1959 3009 2220 3071 diximus,
2254 3007 2460 3076 quibus
2507 3005 2679 3059 Judmi
2727 3013 3067 3066 vescuntur;
3099 3019 3221 3073 qua:
3251 3014 3435 3059 autem

1851 3103 1994 3155 Deus
2018 3115 2131 3153 non
2153 3097 2435 3153 immunda
2462 3096 2594 3151 fecit
2618 3110 2721 3149 nec
2744 3095 2981 3159 vocavit,
3014 3094 3109 3149 sed
3139 3104 3195 3149 et
3215 3094 3435 3150 abunde

1850 3193 2011 3248 nobis
2046 3192 2199 3247 dedit
2256 3191 2324 3244 ad
2380 3189 2741 3250 vescendum,
2781 3194 2838 3241 ct
2871 3187 2939 3241 ad
2980 3187 3120 3241 alios
3178 3202 3434 3242 necessa-

161 3264 295 3327 θεὸς
327 3265 505 3319 ταῦτα
556 3269 843 3340 ἀκάθαρτα
885 3273 1159 3343 ἐποίησεν,
1195 3276 1227 3346 ἦ
1266 3276 1571 3347 ὠνόμασεν,
1606 3282 1742 3334 ἀλλὰ

1853 3285 1958 3337 rios
1982 3298 2135 3337 usus.
2167 3281 2408 3345 Etenim,
2458 3288 2660 3349 prmtcr
2688 3277 3120 3333 immolationem
3165 3286 3222 3331 et
3252 3292 3431 3344 esum,

163 3356 256 3408 καὶ
296 3354 421 3409 λίαν
450 3359 585 3427 ἡμῖν
611 3360 749 3412 αὐτὰ
781 3362 1095 3434 ἐδωρήσατο
1138 3367 1361 3429 ἐσθίειν,
1392 3372 1486 3423 καὶ
1514 3375 1593 3434 είς
1622 3374 1741 3426 ἐτέ-

162 3464 263 3513 ρας
288 3448 599 3516 ἀναγκαίας
630 3453 860 3521 χρήσεις
888 3455 1059 3512 ταῦτα
1090 3456 1290 3511 ἔδωκεν
1317 3458 1482 3530 ἔχειν·
1512 3464 1605 3515 καὶ
1632 3464 1741 3535 γὰρ

164 3538 334 3609 χωρὶς
361 3538 457 3591 τοῦ
494 3542 769 3609 σφαγῆναι
805 3546 901 3597 καὶ
932 3546 1206 3618 βρωθῆναι
1237 3552 1329 3604 καὶ
1355 3552 1522 3621 ἄλλην
1546 3556 1742 3624 χρῆσιν

163 3630 258 3680 καὶ
300 3629 553 3683 δουλείαν
598 3632 731 3701 ἡμῖν
770 3636 947 3689 ποιεῖν
1002 3636 1227 3692 δύναται
1256 3640 1285 3691 ὁ
1314 3640 1464 3709 βοῦς,
1512 3643 1575 3695 τὸ
1612 3645 1742 3716 ἀρο-

162 3721 323 3789 τριᾷν
364 3721 460 3772 καὶ
505 3723 575 3775 τὰ
622 3722 784 3777 λοιπά
834 3730 1220 3800 μετακομιδῆς,
1253 3732 1487 3785 καὶτῶν
1539 3735 1743 3789 λοιπῶν

164 3809 492 3877 γεωργικῶν
528 3815 970 3883 συμπονούμενος
1013 3819 1167 3885 ἡμῖν·
1225 3819 1287 3871 τὸ
1340 3822 1645 3892 πρόϐατον,
1680 3826 1743 3878 τὸ

163 3900 310 3966 ἔριον
349 3898 489 3968 πρὸς
518 3899 726 3953 ἔνδυσιν
771 3904 948 3972 ἡμῶν·
972 3906 1171 3976 ὁμοίως
1196 3909 1291 3962 καὶ
1320 3910 1381 3961 τὺ
1406 3912 1655 3979 αίγίδιον,
1680 3916 1742 3966 τὸ

161 3989 305 4055 γάλα
350 3991 447 4043 καὶ
483 3992 575 4043 τὸν
606 3994 769 4063 τυρὶν
803 3999 896 4048 καὶ
934 3999 1033 4060 τὰς
1077 4001 1288 4069 τρίχας·
1336 4003 1599 4068 ὡσαύτως
1646 4008 1742 4059 καὶ

162 4084 189 4132 ὸ
216 4079 394 4145 κύων,
425 4080 515 4133 διὰ
538 4081 601 4134 τὸ
627 4083 922 4151 φυλάσσειν
958 4088 1128 4141 ἐστιν·
1157 4092 1189 4160 ἡ
1220 4092 1382 4157 κάτα,
1418 4094 1507 4147 διὰ
1536 4096 1597 4148 τὸ
1636 4115 1740 4149 κα-

164 4171 436 4241 θαρίζειν·
472 4173 534 4226 τὸ
565 4174 819 4242 ὀρνίθιον,
852 4177 941 4230 διὰ
971 4180 1032 4232 τὸ
1062 4180 1189 4233 ὠόν·
1227 4184 1349 4237 οὐδὲ
1379 4190 1559 4257 χοῖρος
1586 4190 1740 4242 οὐδε-

166 4261 294 4329 μίαν
320 4260 490 4331 ἀλλην
512 4265 708 4333 χρῆσιν
729 4265 864 4335 ἔχει,
904 4271 951 4320 εί
988 4268 1063 4339 μὴ
1085 4269 1175 4324 διὰ
1198 4272 1260 4325 τὸ
1286 4275 1584 4344 βρωθῆναι,
1618 4280 1740 4333 ἐπεὶ⁵

161 4351 396 4422 ἄκαιρός
428 4353 579 4406 ἐστιν
607 4356 701 4409 καὶ
734 4356 1004 4427 ἄχρηστος
1031 4361 1125 4413 ἐπὶ¹
1151 4364 1252 4432 τῆς
1280 4365 1405 4433 γῆς·
1427 4368 1738 4440 ἀκάθαρτον

156 4441 212 4493 δὲ
260 4441 423 4510 ὑμεῖς
450 4443 501 4495 el
541 4444 776 4499 Ἰουδαῖοι
807 4447 971 4502 αὐτὸν
1011 4453 1238 4515 ποιεῖτε,
1266 4453 1355 4508 διὰ
1396 4457 1496 4528 τὴν
1536 4460 1739 4527 νηπίαν

159 4531 339 4600 ὑμῶν,
396 4534 474 4604 μὴ
513 4534 687 4590 θέλειν
731 4538 919 4593 τοῦτον
959 4541 1277 4614 ὠνήσασθαι
1328 4551 1424 4603 καὶ
1465 4553 1691 4623 τρέφειν
1717 4571 1732 4586 ·

1844 3374 2005 3427 aliam
2054 3371 2350 3425 utilitatem
2403 3377 2460 3424 et
2520 3368 2892 3423 ministerium
2953 3368 3114 3422 nobis
3172 3376 3435 3438 praestare

1844 3472 2023 3535 potest
2060 3463 2180 3525 bos,
2217 3463 2274 3516 in
2327 3460 2557 3523 arando,
2605 3461 2887 3526 vehendo,
2922 3469 2979 3514 et
3034 3460 3161 3514 aliis
3210 3460 3435 3517 rusticis

1843 3551 2110 3623 operibus
2157 3567 2259 3606 nos
2291 3550 2593 3620 adjuvans;
2626 3552 2770 3613 ovis,
2823 3551 3005 3604 lanam
3038 3550 3105 3604 ad
3137 3550 3433 3606 indumen-

1847 3656 1961 3699 tum
2021 3653 2271 3698 nostrum
2321 3651 2623 3711 praestans;
2682 3642 2943 3697 similiter
2987 3650 3047 3698 et
3098 3657 3286 3714 capra,
3324 3642 3430 3709 lac,

1843 3753 2087 3803 caseum,
2137 3746 2195 3793 et
2227 3737 2403 3807 pilos;
2436 3738 2590 3792 canis
2619 3736 2686 3791 ad
2720 3737 3139 3792 custodiendam
3174 3737 3427 3804 domum;

1843 3830 1967 3884 [clis
2012 3829 2080 3883 ad
2134 3829 2539 3902 mundandam;
2587 3829 2786 3898 gallina
2841 3837 3069 3899 propter
3117 3844 3274 3894 oves;
3336 3843 3432 3884 sus

1843 3922 2049 3977 nullam
2097 3921 2262 3975 aliam
2290 3920 2586 3975 utilitatem
2628 3921 2816 3986 habet,
2848 3921 2955 3975 nisi
2997 3929 3055 3975 ut
3081 3920 3426 3985 comedatur,

1843 4027 1969 4067 cum
2000 4010 2212 4065 inutilis
2241 4018 2298 4065 et
2329 4011 2528 4064 noxius
2559 4011 2631 4065 sit
2660 4021 2841 4068 terrm.
2867 4012 3215 4067 lmmundum
3244 4023 3428 4067 autem

1842 4116 1960 4165 vos,
1990 4100 2189 4163 Judmi,
2224 4101 2379 4155 illum
2416 4101 2617 4165 facitis,
2658 4119 2757 4171 per
2794 4103 3125 4169 socordiam,
3177 4104 3429 4161 nolentes

1844 4193 1999 4247 illttm
2027 4207 2214 4247 emere
2246 4201 2303 4247 et
2332 4193 2583 4259 nutrire;
2620 4210 2744 4247 nam
2780 4196 2826 4248 si
2867 4196 3081 4249 nutrire
3114 4196 3424 4263 volueritis,

1842 4285 1989 4354 quod
2026 4285 2266 4339 comedit
2304 4286 2425 4341 ovis
2457 4295 2513 4341 et
2541 4303 2730 4356 capra,
2775 4287 2880 4342 hoc
2911 4288 3055 4342 idem
3094 4297 3291 4342 natura
3328 4304 3425 4343 eo-

1842 4376 2013 4431 medit
2078 4392 2191 4431 sus.
2254 4376 2397 4430 Audi
2456 4387 2642 4431 autem
2705 4378 3046 4449 Scripturam
3100 4379 3421 4435 dicentem:

1846 4486 1865 4519 ι
1898 4467 2049 4523 Vidit
2107 4468 2251 4522 Deus
2288 4478 2491 4524 cuncta
2523 4484 2645 4539 qua:
2678 4471 2902 4535 fecerat,
2952 4479 3007 4525 et
3049 4479 3209 4525 erant
3265 4471 3425 4527 valde

1842 4559 1985 4613 bona
2034 4560 2101 4612 ⁸⁷.
2138 4576 2156 4609 ι

163 4625 316 4725 ἐπεὶ.
339 4625 628 4725 ἐὰν-θέλξις
660 4630 883 4725 θρέψειν
920 4634 1105 4698 αὐτὸν,
1142 4637 1197 4690 εί
1222 4656 1275 4690 τι
1306 4640 1509 4710 τρώγει
1547 4644 1610 4696 τὸ
1652 4647 1924 4716 πρόϐατον
1963 4649 2055 4701 καὶ
2092 4648 2155 4699 τὸ
2184 4646 2414 4715 αἰγίδιον
2442 4688 2457 4712 ,
2523 4647 2663 4717 αὕτη
2697 4650 2845 4703 ἐστίν
2874 4653 2971 4706 καὶ
3012 4655 3044 4725 ἡ
3073 4655 3212 4709 κατὰ
3259 4654 3422 4724 φύσιν

156 4717 343 4816 τροφὴ⁸
368 4718 464 4816 τοῦ
492 4720 697 4792 χοίρου·
728 4722 962 4780 ἄκουσον
987 4726 1044 4781 δέ
1074 4728 1175 4799 τῆς
1218 4730 1443 4805 Γραφῆς
1482 4736 1746 4810 λεγούσης
1768 4757 1783 4773 ·
1833 4760 1852 4793 ι
1887 4742 1994 4794 Καὶ
2049 4736 2192 4793 εἶδεν
2230 4741 2260 4792 ὁ
2313 4739 2446 4803 Θεὸς
2506 4742 2681 4795 πάντα
2730 4743 2831 4797 ὅσα
2867 4717 3143 4816 ἐποίησεν,
3181 4717 3282 4803 καί
3310 4748 3418 4804 ἰδοὺ

155 4812 299 4866 καλά
329 4812 471 4868 λίαν.
507 4833 526 4864 ι

223 4930 268 4962 ’⁷
310 4929 455 4987 Gen.
496 4947 534 4996 ι,
581 4932 669 4986 51.

182 5087 3404 5125 _.._———_______.._____.__________________________

1299 5220 1643 5306 ETEPA
1715 5220 2280 5311 ΕΡΩΤΗΣΙΣ.

1147 5489 1425 5583 ALIA
1504 5494 1792 5583 INTE
1817 5494 2466 5593 RROGATIO.

228 5746 361 5803 Ἐὰν
384 5744 521 5821 εἴπῃ
566 5765 648 5802 σοι
707 5748 976 5823 Ἐϐραῖος,
1009 5754 1134 5819 Πῶς
1162 5754 1215 5810 εί
1260 5758 1348 5823 σὺ,
1397 5760 1713 5832 Χριστιανὲ,

1894 5760 1950 5814 Si
1986 5762 2186 5817 dixerit
2242 5764 2339 5819 tibi
2379 5764 2639 5820 llcbrwus
2681 5784 2693 5820 :
2729 5768 3015 5835 Quomodo
3040 5786 3099 5827 es
3140 5781 3218 5835 tu,
3250 5770 3379 5827 Chri

152 5836 333 5892 τέκνον
363 5837 461 5893 τοῦ
508 5838 779 5911 Ἀϐραὰμ,
801 5843 1008 5910 ἐθνικὸς
1035 5845 1143 5914 (Iw;
1176 5848 1318 5920 ἐρεῖς
1342 5851 1491 5924 αὑτῷ
1511 5870 1523 5882 ·
1546 5853 1703 5908 Κατά

1810 5856 2007 5921 s'iane,
2034 5856 2179 5911 ﬁlius
2210 5857 2460 5922 Abrahzc,
2495 5859 2715 5926 gentilis
2745 5877 2869 5916 cum
2918 5863 3277 5919 sis?—-diecs
3301 5863 3404 5929 Illi:
