4190 6438
773 388 909 455 12⁵75

1966 392 2030 452 S.
2069 389 2459 451 ANASTASII
2501 389 2824 449 SlNAl'l‘AS

3870 376 4024 439 1276

766 503 1067 560 secundum
1105 503 1288 569 (idem,
1326 504 1469 559 sicut
1497 504 1704 560 dictum
1748 511 1835 560 est
1882 501 1964 559 llli
1997 520 2014 557 :
2064 520 2083 554 ι
2121 503 2336 559 Patrem

2443 500 2537 567 τὴν
2568 500 2770 562 πίστιν,
2797 497 2939 549 καθὰ
2962 496 3153 565 ἐλέχθη
3185 494 3353 563 αὐτῷ,
3389 493 3471 547 ὄτι
3506 509 3525 542 ι
3553 489 3770 561 Πατέρα
3792 488 4024 542 πολλῶν

768 596 1063 649 multarum
1092 598 1333 667 gentium
1365 599 1521 666 posui
1558 608 1609 651 te
1635 600 1701 654 “.
1740 619 1757 651 ι
1787 599 1870 653 Tu
1894 613 2049 661 vero,
2078 612 2111 650 ο
2130 598 2335 656 Judzee.

767 683 1045 751 quomodo
1098 684 1239 736 filius
1290 698 1351 737 es
1410 685 1677 740 Abrahm?
1735 687 1930 741 Nonne
1976 684 2143 738 lsaias
2202 685 2340 738 dixit

768 774 973 841 popqu
1035 783 1150 835 tuo,
1208 791 1227 823 ι
1262 774 1425 828 Pater
1468 775 1821 831 Amorrhmus
1893 787 1998 842 est,
2052 783 2108 828 et
2164 782 2339 827 mater

770 864 1011 918 Chett:ea
1051 865 1095 895 θ’
1126 882 1144 914 ι
1204 865 1325 917 ideo
1364 881 1465 933 ego
1515 868 1815 922 secundum
1850 852 2008 923 fidem
2048 869 2194 924 filius
2219 881 2341 921 sum

772 955 1024 1020 Abrahae,
1075 964 1133 1009 ιιι
1172 970 1303 1008 vero
1360 957 1712 1013 Amorrh:eus
1743 969 1800 1014 et
1830 961 2102 1016 Chettams
2132 978 2192 1015 cs
2221 975 2341 1014 mo-

769 1046 945 1101 ribus.

838 1138 1215 1209 Interrogatio.
1268 1144 1323 1197 Si
1361 1144 1561 1197 dixerit
1590 1145 1684 1197 tibi
1716 1144 1977 1198 llebneus
2010 1162 2021 1195 :
2053 1143 2342 1209 Quomodo

771 1229 952 1281 credis
988 1231 1041 1283 in
1071 1233 1435 1287 crucifixum?
1488 1234 1614 1287 audi
1650 1236 1988 1303 Scripturam
2018 1234 2293 1288 dicentem
2324 1252 2338 1287 :

776 1333 798 1370 ο
830 1319 1149 1376 Maledictus
1176 1324 1355 1377 omnis
1379 1326 1471 1394 qui
1508 1325 1711 1393 pendet
1738 1326 1791 1377 in
1820 1325 1965 1393 ligno
1997 1326 2035 1377 ¹.
2066 1344 2084 1375 ι
2112 1355 2178 1364 --
2200 1325 2297 1379 Dic
2325 1343 2337 1376 :

770 1407 816 1461 Ο
850 1409 1056 1471 Judzee,
1103 1414 1379 1479 quomodo
1433 1414 1612 1466 credis
1648 1423 1702 1465 tu
1738 1414 1979 1482 serpenti
2010 1429 2183 1476 .eneo,
2216 1428 2342 1466 cum

769 1498 842 1551 sit
893 1501 1216 1554 maledictus
1256 1518 1365 1569 pr:e
1414 1502 1669 1554 omnibus
1712 1502 1923 1565 bestiis,
1971 1504 2127 1571 cujus
2167 1503 2343 1570 imago

768 1590 936 1643 vitam
997 1593 1287 1659 praestabat
1337 1594 1445 1647 tuis
1492 1593 1777 1661 patribus?
1835 1594 1889 1645 Si
1929 1593 2075 1645 enim
2110 1593 2199 1646 ille
2225 1609 2343 1645 ser-

767 1695 906 1748 pens
950 1682 1041 1749 qui
1088 1699 1195 1735 non
1248 1685 1560 1745 mordebat,
1598 1700 1699 1751 pro
1745 1682 1814 1736 iis
1876 1682 1970 1750 qui
2016 1682 2342 1736 mordebant

771 1774 1125 1840 serpentibus
1175 1776 1342 1828 vitam
1389 1776 1671 1836 afferebat,
1710 1775 1783 1827 ita
1819 1782 1875 1826 et
1914 1773 2186 1835 Christus,
2218 1789 2340 1826 cum

2440 592 2609 643 ἐθνῶν
2637 590 2856 642 τέθεικά
2886 605 2964 639 σε·
3001 605 3018 637 ι
3052 587 3115 637 σὺ
3142 587 3220 649 δὲ,
3248 578 3293 637 ὦ
3327 585 3566 648 Ὶουδαῖε,
3599 582 3716 643 πῶς
3734 577 3784 633 εἷ
3818 582 4025 633 τέκνον

2439 682 2532 732 τοῦ
2585 681 2863 749 ’Λϐραάμς
2890 679 2989 746 οὐχ
3034 677 3260 737 ἸΙσαῖας
3298 670 3418 726 εἶπε
3454 674 3588 744 πρὸς
3610 673 3701 725 τὸν
3727 673 3856 724 λαόν
3891 689 4021 735 σου,

2438 774 2517 823 ὅτι
2554 788 2576 822 ‹
2620 771 2679 823 Ὀ
2710 771 2898 840 Πατὴρ
2936 768 3255 838 Ἀμορραῖος
3308 768 3476 830 ἐστιν,
3509 766 3620 835 ἡδὲ
3655 766 3840 834 μήτηρ
3869 766 4021 816 Χετ-

2439 859 2600 923 ταίας
2643 877 2661 910 ι
2696 860 2785 910 Διὸ
2834 856 3067 926 ἐγὼμὲν
3117 855 3259 907 κατά
3295 854 3393 925 τὴν
3442 854 3624 906 πίστιν
3668 854 3785 922 εἰμὶ
3816 854 4020 905 τέκνον

2438 951 2533 1003 τοῦ
2566 949 2835 1020 Ἀϐραάμ,
2857 949 2921 1001 σὺ
2951 948 3007 1001 δὲ
3026 948 3350 1018 ’Δμορῤαἰος
3373 948 3465 999 καὶ
3480 947 3735 1009 Χετταῖος
3755 946 3903 998 κατὰ
3922 946 4021 997 τὸν

2439 1041 2659 1109 τρόπον.

2524 1128 2861 1197 Ἐρώτησις.
2880 1129 3007 1182 Ἐάν
3025 1129 3156 1200 εἴπῃ
3179 1147 3261 1181 σοι
3298 1128 3569 1198 Ἐϐραῖος,
3592 1127 3715 1188 Πῶς
3731 1126 4021 1189 πιστεύεις

2441 1221 2521 1282 είς
2550 1220 2642 1272 τὸν
2680 1220 3120 1289 ἐσταυρωμένονς
3171 1220 3401 1272 ἄκουσον
3423 1218 3524 1286 τῆς
3568 1218 3607 1269 Γ
3615 1216 3793 1286 ραιρῆς
3825 1216 4023 1283 λεγού-

2444 1328 2602 1379 σης·‹
2626 1309 3059 1378 Ἐπικατάρατος
3086 1311 3192 1370 πᾶς
3219 1310 3246 1361 6
3277 1309 3625 1377 κρεμάμενος
3657 1308 3747 1359 ἐπὶ
3782 1305 3972 1369 ξύλου.
3995 1326 4014 1356 ι

2441 1432 2510 1441 —
2544 1402 2697 1453 Εἰπέ·
2747 1401 2871 1461 Πῶς
2921 1400 3217 1464 πιστεύεις,
3270 1417 3314 1451 ω
3359 1398 3593 1461 Ἰουδαῖε,
3644 1398 3720 1466 τῷ
3759 1398 3882 1465 ὄφει
3936 1396 4022 1464 τῷ

2443 1492 2650 1559 χαλκῷ,
2689 1491 2813 1543 ἐπεὶ
2842 1490 3228 1561 κατηραμένου
3273 1486 3436 1539 αὑτοῦ
3467 1486 3621 1547 ὄντος
3672 1486 3779 1536 ἀπὸ
3812 1485 4024 1545 παντὸς

2445 1581 2653 1650 θηρίου,
2691 1574 2895 1643 οὗτινος
2934 1584 2967 1650 ἠ
3020 1580 3204 1641 εἰκὼν,
3254 1577 3398 1647 ζωὴν
3448 1579 3676 1645 παρεῖχε
3730 1578 3846 1638 τοῖς
3902 1576 4023 1637 σοῖς

2443 1672 2762 1739 προγόνοις;
2792 1675 2840 1724 εἰ
2864 1673 2972 1742 γάρ
2996 1674 3024 1724 ὁ
3048 1671 3169 1739 ὄφις
3191 1672 3218 1722 6
3245 1670 3317 1739 μὴ
3350 1668 3581 1730 δάκνων,
3618 1668 3757 1736 ὑπὲρ
3783 1666 3890 1717 τῶν
3926 1665 4025 1732 δη·-

2446 1766 2650 1817 κὸντων
2703 1764 2878 1832 ὄφεων
2925 1764 3069 1833 ζωὴν
3129 1762 3342 1831 ἔφερεν,
3387 1762 3528 1812 οὕτω
3577 1760 3673 1811 καὶ
3718 1762 3747 1811 6
3779 1756 4025 1826 Χριστὸς

770 1863 889 1917 sine
938 1874 1163 1933 peccato
1215 1875 1378 1927 esset,
1440 1881 1539 1934 pro
1598 1864 1986 1934 peccatoribus
2037 1879 2341 1933 suspensus

2445 1855 2829 1925 ἀναμάρτητος
2881 1854 2977 1918 ῶν,
3038 1853 3181 1923 ὑπὲρ
3237 1849 3576 1921 ἁμαρτωλῶν
3638 1848 4024 1918 κρεμασθεὶς,

770 1955 937 2007 vitam
983 1954 1186 2006 mumlo
1234 1953 1460 2022 largitus
1492 1962 1595 2008 est.

838 2042 1212 2113 Interrogatio.
1267 2044 1323 2098 Si
1373 2054 1590 2114 Oportet
1634 2048 1952 2116 responderi
2004 2049 2209 2105 Judazis
2255 2049 2342 2103 di-

769 2136 1027 2189 centibus
1049 2138 1212 2190 nobis
1233 2156 1245 2190 :
1264 2137 1401 2202 Quia
1423 2139 1727 2192 secundum
1748 2150 1987 2195 vestram
2014 2142 2341 2197 sententiam

768 2242 880 2280 non
910 2236 1015 2292 est,
1047 2228 1140 2296 qui
1168 2245 1234 2282 ex
1270 2231 1435 2283 Maria
1470 2244 1630 2285 natus
1657 2242 1739 2286 est
1761 2234 1924 2299 Deus,
1961 2235 2169 2290 dicitur
2195 2237 2343 2290 enim

768 2318 988 2387 Moysen
1022 2319 1090 2373 de
1138 2321 1232 2372 illo
1280 2323 1635 2389 prophetasse
1686 2323 1957 2377 dicentem
1991 2341 2005 2377 :
2047 2345 2064 2376 ι
2100 2327 2344 2394 Prophe—

771 2419 883 2464 tam
932 2412 1091 2465 vobis
1141 2412 1430 2465 suscitabit
1476 2412 1739 2466 Dominus
1773 2415 1918 2467 Deus
1965 2430 2031 2469 ex
2081 2414 2346 2471 fratribus

769 2503 972 2556 vestris
1000 2503 1143 2556 sicut
1177 2518 1285 2564 me,
1326 2503 1502 2570 ipsum
1536 2502 1719 2555 audite
1750 2504 1792 2555 ².
1830 2522 1847 2552 ι
1903 2504 2129 2558 Videtur
2160 2515 2342 2558 autem

772 2593 983 2663 Moyses
1014 2593 1177 2646 homo
1225 2593 1394 2646 fuisse
1419 2603 1474 2645 et
1503 2594 1646 2646 Deus
1673 2594 1697 2643 ?
1716 2623 1784 2632 —
1814 2592 2115 2662 Responsio.
2146 2595 2344 2659 Judmi,

772 2684 993 2752 quando
1020 2683 1179 2736 vobis
1223 2684 1327 2737 hoc
1357 2684 1495 2736 dixit
1530 2684 1785 2753 Moyses?
1818 2693 2110 2753 antequam
2153 2700 2346 2739 ascen-

773 2774 930 2828 deret
990 2775 1045 2827 in
1100 2783 1362 2836 montem,
1416 2775 1511 2827 ubi
1574 2782 1817 2827 mutatus
1865 2783 1950 2828 est
2000 2775 2186 2829 vultus
2226 2776 2347 2843 ejus

774 2872 1052 2933 aspectus,
1096 2865 1170 2917 ita
1204 2872 1265 2917 ut
1310 2880 1418 2917 non
1477 2865 1770 2933 potueritis
1809 2880 1906 2918 vos
1953 2865 2107 2918 illum
2143 2865 2347 2920 intueri

775 2963 1003 3023 propter
1031 2953 1378 3021 splendorem
1411 2953 1567 3007 faciei
1617 2956 1758 3024 ejus,
1798 2955 1905 3008 nisi
1955 2955 2208 3008 habuerit
2249 2970 2348 3008 ve-

775 3044 912 3106 lum,
948 3058 1015 3095 an
1044 3059 1177 3097 vero
1204 3053 1490 3112 postquam
1524 3044 1647 3099 talis
1676 3046 1853 3099 factus
1873 3054 1957 3098 est
1987 3048 2106 3114 ejus
2132 3046 2349 3099 vultus?

2443 1943 2589 2012 ζωὴν
2610 1944 2686 2012 τῷ
2718 1944 2906 2012 κόσμῳ
2931 1941 3243 2011 ἐχαρίσατο.

2527 2034 2866 2100 Ἐρώτησις.
2896 2034 2956 2083 Εἰ
2988 2030 3093 2101 χρὴ
3122 2028 3493 2098 ἀπακριθῆναι
3521 2024 3794 2086 Ἰουδαίοις
3828 2022 4025 2089 λέγου-

2446 2143 2528 2177 σιν
2560 2126 2713 2193 ἡμῖν,
2744 2125 2824 2175 ὅτι
2871 2123 2999 2174 Ἰδοὺ
3034 2121 3174 2173 κατά
3198 2119 3296 2189 τὴν
3325 2117 3479 2187 ὑμῶν
3505 2116 3661 2179 δόξαν
3677 2114 3779 2167 οὐκ
3796 2110 3868 2184 ἦν
3896 2116 3925 2166 6
3957 2114 4027 2165 bc

2443 2214 2659 2283 Μαρίας
2696 2213 2910 2281 τεχθεὶς
2944 2213 2972 2263 6
2999 2211 3166 2277 Θεὸς,
3198 2210 3416 2277 λέγεται
3467 2207 3547 2259 δτι
3589 2205 3833 2273 Μωῦσῆς
3890 2202 4027 2271 περὶ

2459 2304 2626 2359 αὑτοῦ
2692 2304 3104 2373 προεφήτευσεν
3156 2301 3347 2363 εἰπὼν,
3386 2300 3466 2351 ὃτι
3502 2315 3520 2347 ι
3559 2296 3856 2364 Προφήτην
3891 2294 4030 2362 ὑμῖν

2446 2397 2743 2466 ἀναστήσει
2776 2394 2982 2463 Κύριος
3018 2395 3046 2446 6
3083 2392 3214 2454 Θεὸς
3247 2393 3310 2442 ὲκ
3342 2389 3452 2441 τῶν
3480 2386 3723 2454 ἀδελφῶν
3755 2384 3917 2453 ὑμῶν
3946 2383 4028 2447 ὡς

2445 2487 2567 2556 ἐμὲ,
2599 2486 2757 2537 αὑτὸν
2785 2483 3077 2535 άκούσατε’
3120 2500 3139 2533 ›
3178 2480 3426 2549 φαίνεται
3454 2478 3510 2530 δὲ
3542 2475 3780 2543 Μωῢσῆς
3813 2474 4029 2544 ἄνθρω-

2446 2593 2545 2639 πος
2583 2575 2659 2627 ῶν
2690 2575 2782 2627 καὶ
2809 2574 2941 2636 Θεός
2965 2591 2979 2639 ;
3006 2603 3077 2611 —
3108 2572 3464 2638 Ἀπόκρισις.
3487 2569 3549 2620 Oi
3595 2566 3865 2627 Ἰουδαῖοι,
3892 2565 4025 2617 πότε

2449 2668 2579 2735 ὑμῖν
2600 2664 2758 2717 τοῦτο
2778 2661 2896 2716 εἷπε
2924 2664 3168 2731 Μωῡσῆς
3194 2680 3207 2727 ;
3243 2661 3347 2730 πρὸ
3378 2659 3472 2711 τοῦ
3505 2657 3748 2711 ἀνελθεῖν
3773 2656 3941 2709 αὑτὸν
3969 2658 4028 2708 ὲν

2447 2757 2526 2826 τῷ
2575 2757 2713 2826 ὄρει,
2758 2758 2846 2808 ὅτε
2898 2754 3165 2823 ἐνηλλάγη
3210 2755 3243 2822 ἠ
3281 2752 3403 2819 ὄψις
3457 2749 3551 2802 τοῦ
3598 2748 3808 2817 χρωτὸς
3860 2745 4027 2799 αὑτοῦ

2448 2845 2589 2898 ὥστε
2633 2846 2708 2915 μὴ
2739 2844 3001 2896 δύνασθαι
3039 2844 3181 2912 ὑμᾶς
3211 2839 3479 2901 ἀτενίζειν
3505 2838 3650 2905 αὐτῷ
3678 2837 3766 2888 διὰ
3811 2835 3913 2905 τὴν
3948 2835 4031 2887 56-

2449 2937 2544 3001 ξαν
2572 2935 2666 2987 τοῦ
2702 2935 2991 3005 προσώπου
3016 2933 3199 2996 αὐτοῦ,
3236 2934 3284 2984 εἰ
3322 2931 3395 3001 μὴ
3428 2925 3539 2998 εἶχε
3576 2929 3636 2980 τὸ
3662 2927 3954 2996 κάλυμμα,
3992 2924 4027 2993 ἢ

2459 3026 2599 3094 μετὰ
2622 3027 2683 3077 τὸ
2711 3026 2965 3092 γενέσθαι
2998 3022 3238 3076 τοιοῦτον
3267 3023 3327 3074 τὸ
3355 3022 3646 3088 πρόσωπον
3669 3018 3839 3071 αὑτοῦ
3862 3036 3878 3083 ;
3909 3018 4030 3069 σύν-

774 3134 1079 3189 Convenite
1124 3144 1332 3199 autem,
1368 3137 1533 3189 etiam
1574 3136 1757 3200 inviti,
1796 3138 1899 3190 hoc
1931 3137 2084 3190 illum
2117 3136 2347 3200 dixisse,

2454 3117 2612 3170 θεσθε
2650 3117 2708 3169 δὲ
2751 3118 2846 3168 καὶ
2890 3118 2965 3185 μὴ
3002 3114 3336 3184 βουλόμενοι,
3364 3113 3445 3164 ὅτι
3498 3111 3635 3180 μετά
3668 3110 3732 3161 τὸ
3764 3108 4029 3176 γενέσθαι

777 3232 1067 3293 postquam
1113 3224 1292 3279 factus
1319 3234 1405 3278 est
1434 3226 1620 3278 vultus
1670 3227 1790 3295 ejus
1822 3227 1995 3296 gloria
2031 3226 2345 3295 splendens.

778 3312 870 3367 Sic
912 3323 968 3366 et
1008 3314 1179 3367 Filius
1209 3314 1303 3367 Dei
1335 3313 1587 3367 habitans
1621 3315 1674 3367 in
1706 3314 1865 3368 nobis
1895 3329 1995 3382 pro
2028 3314 2351 3369 indumento

778 3402 973 3456 habuit
1027 3403 1401 3457 habitaculum
1440 3404 1687 3473 corporis
1720 3405 1828 3467 sui,
1881 3405 2163 3459 occultans
2196 3421 2350 3458 suam

778 3494 1148 3547 divinitatem.
1204 3494 1676 3559 Quemadmodum
1725 3495 1944 3564 Moysen
2002 3510 2111 3548 non
2161 3506 2353 3564 potue-

779 3594 909 3638 runt
961 3586 1033 3638 ob
1074 3586 1230 3639 faciei
1266 3588 1387 3653 ejus
1435 3586 1664 3655 gloriam
1701 3586 1905 3640 intueri
1938 3594 2129 3653 aperto
2172 3588 2351 3651 vultu,

780 3677 856 3731 ita
896 3676 1068 3730 Filius
1111 3677 1207 3730 Dei
1267 3676 1608 3730 humanitate
1652 3676 1855 3730 velavit
1913 3676 2284 3732 divinitatem.

855 3864 997 3919 Deus
1020 3865 1327 3934 prtevidens
1352 3875 1592 3920 vestrum
1622 3882 1797 3936 genus
1830 3866 2029 3921 durum
2057 3876 2115 3921 et
2153 3866 2358 3937 impro-

792 3967 913 4009 ‘ium
941 3972 1082 4019 esse,
1106 3966 1163 4010 et
1199 3956 1530 4025 ejiciendum
1570 3957 1692 4011 fore
1723 3957 2149 4026 primogenitum
2182 3956 2357 4011 ﬁlium

786 4044 987 4108 Israel,
1043 4055 1099 4100 et
1153 4046 1598 4099 substituendum
1654 4061 1685 4098 e
1737 4046 1993 4115 gentibus
2056 4046 2355 4114 populum,

784 4145 977 4203 operte
1007 4136 1097 4188 illa
1130 4145 1186 4189 et
1217 4150 1343 4188 eum
1384 4136 1718 4189 obscuritate
1745 4150 1845 4204 per
1872 4150 1936 4187 os
1965 4135 2358 4203 prophetarum

785 4226 1003 4279 locutus
1025 4233 1128 4278 est.
1162 4224 1220 4279 Si
1244 4226 1390 4279 enim
1421 4225 1763 4294 cognovisset
1790 4240 1943 4279 suam
1971 4225 2184 4278 ruinam
2213 4226 2357 4279 invi-

786 4315 875 4368 dia
906 4316 1127 4383 plenum
1154 4322 1210 4367 et
1236 4323 1460 4383 peccato
1501 4314 1762 4367 refertum
1789 4323 2032 4368 vestrum
2061 4329 2252 4382 genus,
2288 4314 2358 4368 li~

788 4402 917 4457 bros
944 4419 1135 4457 omnes
1163 4403 1537 4466 cremavisset,
1568 4418 1635 4456 eo
1662 4401 1808 4471 quod
1849 4416 1959 4455 non
1995 4402 2228 4457 tolerare
2257 4416 2357 4471 po-

2453 3208 2514 3261 τὸ
2550 3208 2836 3278 πρόσωπον
2871 3207 3035 3260 αὑτοῦ
3068 3204 3481 3272 δεδοξασμένον
3529 3200 3672 3254 οὕτω
3716 3200 3815 3253 καὶ
3841 3200 3872 3251 6
3904 3199 4029 3261 Υἱὸς

2450 3299 2545 3352 τοῦ
2588 3297 2722 3351 Θεοῦ
2766 3296 3052 3367 σκηνώσας
3100 3297 3159 3348 ὲν
3196 3297 3329 3365 ἡμῖν
3362 3294 3483 3348 ἀντὶ
3514 3293 3870 3361 περιϐολαίου
3906 3292 4027 3358 ἔσχε

2453 3392 2542 3443 τὸν
2570 3391 2698 3443 ναὸν
2746 3389 2839 3440 τοῦ
2874 3387 3125 3457 σώματος
3158 3385 3346 3450 αὐτοῦ,
3391 3384 3650 3454 κρύπτων
3700 3382 3873 3436 αὑτοῦ
3930 3382 4029 3452 τὴν

2456 3480 2685 3547 θεότητα
2707 3495 2719 3507 ·
2750 3478 2808 3529 ὃν
2838 3477 3039 3545 τρόπον
3071 3476 3162 3527 τὸν
3202 3477 3441 3542 Μωῦσῆν
3475 3474 3577 3525 οὐκ
3613 3472 3887 3540 ἠδύναντο
3924 3472 4031 3524 ἀπὸ

2454 3570 2555 3637 τῆς
2585 3568 2741 3637 δόξης
2790 3566 2885 3619 τοῦ
2923 3568 3215 3635 προσώπου
3245 3564 3409 3616 αὐτοῦ
3468 3563 3767 3616 θεάσασθαι
3824 3562 4031 3631 γυμνὸν

2455 3666 2520 3732 τῇ
2550 3662 2691 3730 ὄψει,
2722 3660 2864 3712 οὕτω
2896 3659 2990 3711 καὶ
3028 3659 3056 3708 6
3094 3656 3221 3719 Υἱὸς
3264 3674 3358 3709 του
3387 3656 3519 3708 Θεοῦ
3550 3658 3616 3724 τῇ
3644 3654 4032 3725 ἀνθρωπότητι

2457 3755 2661 3825 ἔκρυψε
2685 3754 2783 3821 τὴν
2812 3752 3064 3820 θεότητα.

2543 3845 2600 3899 'U
2632 3844 2763 3906 Θεὸς
2791 3838 3053 3911 προειδὼς
3078 3837 3140 3890 τὸ
3173 3838 3329 3905 γένος
3360 3835 3511 3905 ὑμῶν
3543 3835 3627 3888 ὅτι
3653 3834 3897 3905 σκληρόν
3923 3834 4034 3886 ἐστι

2458 3937 2554 3991 καὶ
2596 3934 2850 4002 πονηρὸν,
2892 3937 2985 3984 καὶ
3023 3932 3105 3984 ὅτι
3135 3929 3532 3996 ἐκϐληθήσεται
3578 3929 3675 3996 μὲν
3698 3930 3727 3980 ὁ
3757 3926 4036 3997 πρωτότοο

2458 4046 2552 4092 κος
2599 4027 2714 4088 υἱὸς
2771 4023 3007 4093 Ἰσραὴλ,
3058 4021 3547 4091 ἀντεισαχθήσεται
3593 4020 3650 4072 δὲ
3687 4021 3716 4071 6
3751 4016 3813 4082 ἐξ
3867 4017 4035 4072 ἐθνῶν

2459 4119 2607 4184 λαὸς,
2638 4116 2865 4183 ἀσαφῶς
2907 4113 3082 4165 ταῦτα
3115 4112 3209 4165 καὶ
3246 4113 3362 4179 μετ’
3400 4108 3747 4179 ἐπικρύψεως
3787 4109 3884 4159 διὰ
3915 4108 4031 4160 016-

2465 4225 2635 4280 ματος
2660 4207 2768 4259 τῶν
2795 4202 3089 4275 προφητῶν
3123 4201 3544 4271 προηγόρευσενο
3571 4201 3618 4251 εί
3645 4199 3754 4267 γὰρ
3776 4198 3924 4266 ἔγνω
3942 4198 4037 4266 τὴν

2463 4298 2657 4354 ἑαυτοῦ
2690 4298 2961 4350 ἔκπτωσιν
2984 4293 3043 4346 τὸ
3064 4291 3259 4359 φθόνου
3290 4291 3599 4361 μεστὸν,καὶ
3621 4290 3829 4358 πλῆρες
3856 4291 4038 4359 ἀμαρ-

2458 4391 2582 4454 τίας
2611 4390 2764 4458 γένος
2799 4387 2973 4456 ὑμῶν,
3004 4383 3414 4457 πυρικαύστους
3450 4381 3515 4433 ἂν
3549 4378 3644 4441 τὰς
3682 4379 3907 4447 βίϐλους
3932 4380 4036 4430 πά-

788 4494 983 4548 tuisset
1036 4496 1089 4548 in
1139 4509 1197 4547 se
1247 4494 1450 4563 scripta
1484 4494 1739 4563 proferri,
1772 4508 1873 4546 nec
1923 4493 2182 4546 invidiam
2232 4492 2347 4547 inde

2465 4499 2563 4544 σας
2601 4479 2934 4548 πεποίηκεν,
2977 4476 3071 4530 ᾰτε
3107 4475 3172 4543 δὴ
3234 4472 3308 4542 μὴ
3360 4471 3660 4563 γράμματα
3689 4470 3884 4538 φέρειν
3916 4467 4037 4521 καθ’

789 4592 982 4638 contra
1016 4599 1074 4638 se
1101 4583 1188 4638 his
1217 4584 1506 4638 excitatam
1535 4584 1829 4637 sustinere.
1860 4582 1984 4636 llwe
2011 4583 2176 4651 igitur
2200 4599 2347 4638 caus:

2462 4570 2657 4624 ἑαυτοῦ
2702 4568 3065 4637 ἀνεχόμενον,
3114 4562 3407 4616 κάντεῦθεν
3457 4559 3659 4629 ζημίαν
3700 4560 3762 4611 οὐ
3806 4561 3911 4630 τὴν
3946 4576 4041 4611 τυς

2535 4661 2551 4665 -
2776 4662 2793 4665 ..
2981 4659 2991 4665 .
3117 4655 3138 4665 ο
3256 4657 3268 4665 ι
3338 4656 3347 4665 ι
3674 4650 3698 4665 υ
3860 4652 3873 4665 ι
3980 4644 4007 4665 Ψ

789 4681 895 4736 est,
924 4673 995 4726 ob
1021 4688 1184 4741 quam
1209 4681 1399 4742 operte
1424 4672 1729 4741 prophetici
1760 4673 1949 4741 scripti
1981 4650 2184 4726 fuerint
2213 4675 2339 4728 libri

2465 4661 2665 4733 χοῦσαν
2708 4662 2822 4720 τοῖς
2864 4659 3005 4726 μετά
3042 4655 3213 4707 ταῦτα
3252 4656 3589 4721 ἐπήνεγκεν·
3636 4650 3779 4719 αὕτη
3815 4652 3919 4720 μὲν
3948 4650 4040 4702 οὖν

790 4766 837 4819 si
883 4782 994 4820 non
1040 4740 1217 4819 credit
1247 4740 1355 4819 ibis
1400 4740 1810 4833 quiedicimus,
1856 4740 2043 4819 credat
2086 4764 2347 4833 propheta

2466 4754 2500 4821 ἡ
2538 4750 2708 4817 αἰτία,
2742 4749 2806 4801 δι’
2843 4750 2908 4816 ἢν
2939 4745 3161 4812 ἀσαφῶς
3207 4745 3262 4796 αἱ
3294 4740 3631 4812 προφητικαὶ
3668 4740 4037 4808 συνετέθησαν

793 4854 1021 4916 dicenti,
1050 4868 1231 4921 neque
1272 4852 1594 4921 cognovisti,
1635 4866 1812 4920 neque
1855 4850 2077 4915 audisti,
2111 4866 2289 4920 neque
2335 4866 2347 4905 :

2469 4843 2660 4915 βίϐλοι·
2700 4841 2791 4893 καὶ¹
2822 4840 2870 4891 εἰ
2900 4838 2975 4908 μὴ
3000 4834 3163 4908 πείθῃ
3192 4836 3305 4896 τοῖς
3343 4832 3677 4901 λεγομένοις,
3714 4830 3796 4898 τῷ
3830 4830 4038 4921 λέγοντι

791 4946 1065 5017 principio
1097 4944 1286 5013 aperui
1314 4959 1476 4997 aures
1501 4953 1656 5007 tuas;
1687 4943 1800 4997 scio
1832 4942 1981 4997 enim
2015 4942 2159 5012 quod
2191 4958 2347 5012 repu-

2456 4935 2646 4991 πείθου
2679 4932 2953 5002 προφήτῃ,
2998 4927 3119 4980 οὕτε
3152 4926 3343 4994 ἔγνως,
3390 4923 3515 4976 οὔτε
3568 4922 3848 4990 ⁴ιἰπίστασο
3876 4961 3891 4985 ,
3922 4919 4039 4973 οὔτε

794 5011 1345 5105 ἐπεπέτορυέηοῢίε.
1374 5033 1443 5087 Et
1463 5048 1608 5087 nunc
1626 5032 1849 5101 quidem
1872 5047 1940 5087 eo
1960 5011 2104 5101 quod
2126 5011 2269 5086 Deus
2292 5047 2347 5087 ex

2457 5030 2553 5085 ἀπ’
2585 5024 2765 5096 ἀρχῆς
2821 5020 3034 5091 ἀνέῳξά
3067 5036 3159 5073 σου
3192 5012 3326 5072 ὦτα·
3360 5017 3511 5087 ⁴ᾔδειν
3538 5014 3647 5082 γὰρ
3684 5014 3767 5066 ὅτι
3796 5011 4041 5066 ἀπειθῶν

795 5126 1029 5179 muliere
1070 5133 1231 5179 natus
1260 5125 1353 5189 sit,
1382 5123 1771 5178 scandalizaris
1803 5133 1860 5177 et
1886 5122 2111 5192 refugis.
2158 5122 2219 5176 In
2263 5122 2360 5176 de-

797 5224 969 5279 serto,
995 5215 1216 5284 quando
1238 5214 1334 5268 tibi
1366 5214 1717 5269 invisibiliter
1737 5220 1928 5267 etnon
1954 5212 2010 5265 in
2040 5226 2205 5266 carne
2235 5226 2365 5265 con-

798 5308 1121 5362 versabatur
1152 5307 1317 5371 Deus,
1347 5314 1404 5361 et
1434 5306 1707 5361 mirabilia
1732 5305 1822 5359 illa
1849 5312 2072 5373 propter
2101 5312 2153 5357 te
2182 5312 2366 5372 patra-

801 5398 916 5463 bat,
940 5411 1042 5453 cur
1072 5398 1129 5451 in
1159 5397 1327 5451 Deum
1350 5395 1657 5466 cogitabas?
1689 5393 1967 5463 quomodo
2000 5402 2190 5449 contra
2220 5392 2366 5461 Moy—

803 5502 921 5543 sem
952 5487 1293 5555 irascebaris,
1328 5488 1403 5542 ita
1448 5496 1511 5540 ut
1550 5501 1743 5556 parum
1786 5483 2025 5540 abfuerit
2064 5482 2197 5553 quin
2237 5496 2363 5537 eum

806 5577 1165 5648 lapidaveris?
1199 5577 1475 5649 quomodo
1502 5576 1901 5633 benefactorem
1943 5575 2276 5644 relinquens,
2309 5573 2364 5627 in

877 5761 921 5792 "
957 5758 1091 5817 Gen.
1129 5777 1256 5827 xvn,
1310 5763 1360 5817 5.
1465 5765 1509 5799 ι’
1550 5764 1661 5818 lino
1686 5761 1880 5818 EZCt‘ll.
1918 5775 2022 5825 m,
2071 5760 2120 5812 ’5.

2464 5117 2804 5183 ἀπειθήσεις
2842 5113 2937 5165 καὶ
2981 5111 3078 5164 νῦν
3114 5110 3214 5180 μὲν
3249 5109 3332 5162 ὅτι
3373 5107 3503 5170 Θεὸς
3534 5107 3600 5159 ἐκ
3636 5105 3901 5173 γυναικὸς
3930 5119 4038 5171 γενι

2461 5212 2642 5273 νᾶται,
2674 5204 3005 5275 σκανδαλίζῃ
3050 5203 3145 5256 καὶ
3179 5199 3483 5268 ἀποπηδᾷς’
3510 5195 3650 5249 κατά
3680 5195 3740 5248 δὲ
3778 5193 4035 5264 τῆν’ἐρη-

2475 5317 2595 5369 μον,
2612 5301 2702 5352 ὅτε
2730 5314 2812 5350 σοι
2846 5296 3096 5366 ἀοράτως
3127 5293 3221 5345 καὶ
3244 5290 3305 5344 οὑ
3334 5290 3425 5342 διὰ
3452 5286 3654 5358 σαρκὸς
3683 5282 4038 5353 συνανεστρι-

2472 5407 2602 5462 φετο
2625 5392 2654 5443 6
2681 5390 2832 5453 Θεὸς,
2864 5388 2959 5441 καὶ
2989 5386 3058 5441 τά
3082 5383 3362 5455 παράδοξα
3390 5382 3571 5433 ἐκεῖνα
3592 5377 3684 5430 διὰ
3710 5377 3774 5429 σὲ
3812 5378 4038 5445 ιτερατ-

2471 5482 2685 5552 ούργει,
2766 5480 2909 5543 τινος
2965 5479 3152 5531 ἕνεκεν
3204 5474 3454 5542 ὲφρόνεις
3511 5469 3652 5523 κατά
3709 5467 3881 5531 Θε6ν;
3926 5465 4038 5525 πῶς

2471 5572 2756 5643 ὴγριαίνου
2797 5570 2942 5625 κατὰ
2988 5568 3267 5630 Μωῦσέως
3290 5606 3305 5629 ,
3339 5564 3415 5624 ὡς
3454 5559 3634 5631 μικρῴ
3668 5558 3764 5612 καὶ
3803 5555 4039 5610 λιθολευ-

2227 5760 2241 5789 ¹
2282 5756 2437 5811 Deut.
2469 5772 2575 5821 xxi,
2606 5754 2716 5819 ‘25;
2779 5751 2950 5809 Galat.
3013 5764 3091 5814 ιιι,
3132 5746 3214 5802 l3.
3288 5746 3310 5777 '
3368 5742 3527 5797 Deut.
3570 5751 3723 5799 mn,
3782 5735 3870 5790 15.
