4190 6438
180 380 331 447 1277

1203 398 1659 459 DISPUTATIO
1699 398 2097 461 ADVERSUS
2137 402 2464 465 JUD.’EOS.

3333 409 3469 479 1278

176 499 388 564 στῆσαι
418 495 622 561 αὑτὸνς
686 497 807 562 πῶς
855 499 949 553 τὸν
994 502 1293 573 εὐεργέτην
1350 507 1766 578 ἀπολιμπάνων,

1874 506 2167 579 lEgyplum
2208 510 2409 565 reverti
2444 510 2744 581 cupiebas?
2786 516 3080 586 responde.
3117 518 3356 576 Evidens
3382 529 3472 578 est

174 589 278 641 ἐπὶ
313 588 418 660 τὴν
445 588 721 656 Αἴγυπτον
752 590 1186 665 παλινδρομῆσαι
1213 598 1600 666 ἐφιλονείκεις;
1641 601 1778 653 ἀπό-

172 696 397 750 κριναι*
430 680 651 752 εὔδηλον
677 680 789 745 οὖν,
819 683 902 736 ὃτι
927 687 954 737 ὁ
976 685 1137 748 αὐτὸς
1163 683 1215 739 εἷ
1242 689 1337 742 καὶ
1362 691 1461 743 οὐκ
1483 691 1777 760 ἠλλοίωσαι

173 770 205 822 ὃ
239 770 367 824 τότε
396 771 831 843 σκληροκὰρδιος
860 777 955 827 καὶ
988 778 1119 848 περὶ
1147 777 1238 831 τὸν
1265 780 1561 851 εὐεργέτην
1596 784 1774 851 ἀγνώ-

180 880 331 931 μων.
371 864 400 914 ὁ
439 862 601 925 αὐτὸς
652 864 893 934 δηλονότι
941 869 1035 919 καὶ
1088 866 1183 921 νῦν
1226 871 1253 920 ὁ
1293 871 1643 941 ἐκπειράζων
1686 875 1777 927 τὸν

173 953 323 1004 θεόν
343 971 356 981 ·
389 954 511 1006 τότε
535 955 627 1007 καὶ
654 954 848 1022 λέγων’
885 957 945 1009 ΕΞ
971 958 1117 1012 ἐστιν
1140 962 1343 1031 ἐνήμίν
1372 963 1597 1033 Κύριος,
1621 964 1653 1035 ἧ
1679 965 1770 1032 οὓς

172 1045 248 1096 τὰ
276 1046 424 1098 αὑτά
458 1048 627 1110 ποιεῖς
666 1049 752 1100 ἐπ’
787 1049 936 1119 αὐτῷ
975 1053 1067 1104 καὶ
1094 1052 1190 1105 νῦν
1221 1054 1309 1106 ὅτε
1339 1053 1407 1107 δι’
1436 1057 1586 1125 ἡμᾶς
1617 1056 1775 1127 ἐνην-

177 1135 530 1206 θρώπησεν⁸
589 1139 821 1208 ὀφείλων
861 1141 1170 1214 ὁλοσχερῶς
1228 1146 1570 1217 εὐχαριστεῖν
1626 1148 1775 1218 αὐτῷ

176 1228 381 1283 τούτου
439 1230 648 1284 ἕνεκεν·
682 1230 827 1286 καθά
874 1252 978 1287 που
1009 1237 1229 1300 πάντως
1276 1238 1371 1290 καὶ
1424 1240 1517 1291 ἐπὶ
1552 1241 1630 1308 τῷ
1665 1240 1774 1293 τῶν

176 1322 527 1391 σωματικῶν
586 1324 778 1378 παθῶν
832 1326 1003 1396 ίατρῷ
1048 1330 1225 1381 ποιεῖν
1274 1329 1568 1400 εἰώθαμεν,
1609 1332 1773 1401 ἡνίκα

176 1414 278 1465 καὶ
317 1413 525 1483 μᾶλλον
553 1415 648 1467 ἐπὶ
673 1415 765 1468 τὸν
795 1416 1055 1470 νοσοῦντα
1082 1417 1287 1488 βαδίζει
1317 1420 1545 1488 συχνῶς,
1573 1421 1667 1472 καὶ
1699 1421 1772 1491 μὴ

173 1504 324 1574 πρὸς
352 1506 417 1557 τὸ
461 1505 661 1560 ἑαυτοῦ
703 1506 928 1577 ἀφορῶν
969 1508 1187 1581 ἀξίωμα
1222 1511 1525 1578 συγκύπτει
1561 1512 1657 1564 ἐπὶ
1704 1513 1774 1565 τὰ

174 1594 336 1666 παθη
380 1597 478 1650 κα)⁸
508 1597 777 1663 δυσωδίας
808 1600 1089 1669 ἀνέχεται,
1126 1600 1212 1654 ἴνα
1256 1603 1333 1672 δῷ
1362 1603 1461 1672 τὴν
1488 1603 1672 1672 ὑγείαν
1698 1603 1774 1674 τῷ

175 1705 251 1740 κα
259 1704 473 1756 μνοντι.

250 1781 318 1832 Εἰ
339 1782 399 1834 δὲ
428 1780 603 1835 ταῦτα
634 1784 810 1847 οὕτως
833 1783 972 1855 ἔχει,
999 1785 1119 1848 πῶς
1149 1785 1509 1855 ἀμφιϐάλλεις
1538 1787 1618 1841 ἑτι
1641 1787 1769 1859 περὶ

172 1874 618 1941 τρισυποστάτου
660 1874 950 1945 θεότητος;
1011 1877 1127 1940 πῶς
1184 1878 1245 1929 οὺ
1299 1880 1627 1949 προσκυνεῖς
1676 1879 1768 1933 τὸν

172 1964 350 2026 Υἱὸνς
402 1964 520 2028 πῶς
559 1967 621 2018 οὐ
662 1967 949 2031 πιστεύεις
987 1969 1066 2039 τῷ
1107 1969 1418 2040 Πνεῦματις
1482 1971 1623 2025 Ἀλλ’
1676 1974 1771 2028 ἕνα

174 2051 452 2123 κηρύσσει
472 2054 606 2108 Θεὸν
644 2058 677 2125 ἡ
710 2056 923 2128 Γραφή.
962 2059 1074 2112 Καὶ
1119 2060 1173 2112 τί
1213 2063 1318 2130 χρὴ
1352 2061 1525 2115 πολλὰ
1550 2062 1767 2131 λέγειν;

174 2144 318 2213 ἄφες
348 2146 445 2198 τὸν
490 2145 738 2213 Ἡσαΐαν,
769 2148 1096 2220 παρὰὸραμε
1121 2152 1213 2206 τὸν
1246 2153 1433 2218 Δαϐὶδ,
1465 2155 1557 2207 καὶ
1590 2158 1770 2209 πᾶσαν

174 2235 378 2306 ἑτέραν
412 2237 659 2307 Γραφὴν,
692 2238 759 2291 δι’
782 2232 917 2310 ῶνὴ
970 2241 1266 2313 ζωαρκικὴ
1308 2244 1477 2314 Τριὰς
1532 2248 1770 2315 μεγαλο-

175 2326 381 2393 φώνως
423 2328 798 2398 κηρύσσεται’
864 2333 959 2385 ἐπὶ
1018 2332 1118 2404 τὴν
1168 2334 1374 2405 σκηνὴν
1429 2336 1621 2391 ἄνελθε
1674 2339 1769 2390 τοῦ

189 2417 475 2487 Ἀϐραὰμ,
533 2420 629 2472 καὶ
679 2422 955 2491 σκόπησον
985 2424 1251 2493 ἀκριϐῶς,
1273 2425 1418 2489 τίνες
1445 2444 1504 2479 τε
1536 2423 1676 2498 ἦσαν
1719 2430 1768 2481 οἱ

174 2508 441 2575 ὀφθέντες
471 2510 642 2581 αὐτῷ,
682 2514 779 2565 καὶ
826 2514 983 2568 πόσοι
1018 2516 1111 2570 τὸν
1156 2516 1410 2587 ἀριθμὸν,
1438 2518 1539 2570 ὅσα
1578 2536 1637 2571 τε
1675 2520 1769 2573 καὶ

174 2593 265 2652 οἷα
315 2600 458 2668 πρὸς
489 2603 687 2662 αὐτοὺς
716 2603 746 2655 ὁ
775 2605 1127 2677 πατριάρχης
1175 2607 1443 2678 λελάληκε
1468 2625 1483 2641 ο
1516 2610 1768 2683 καθάπερ

174 2692 285 2761 γὰρ
330 2692 526 2763 τελείῳ
570 2695 669 2763 τὴν
717 2695 925 2764 γνῶσιν
970 2697 1084 2752 ὄντι
1130 2698 1207 2769 τῷ
1254 2700 1528 2772 Ἀϐραὰμ,
1566 2705 1659 2756 καὶ
1692 2705 1769 2767 ῶς

173 2787 334 2854 τρεῖς
376 2786 684 2854 ἐφαίνοντο,
716 2788 812 2842 καὶ
840 2790 917 2853 ὡς
939 2786 1022 2854 εἷς
1054 2791 1381 2861 διελέγοντο,
1403 2794 1546 2849 οὕτω
1576 2798 1768 2852 κάκεῖ-

174 2895 269 2941 νος
319 2880 562 2933 ὲποιεττο
614 2881 753 2951 πρὸς
804 2882 1001 2945 αὐτοὺς
1042 2885 1141 2954 τὴν
1186 2885 1442 2950 διάλεξινι
1486 2907 1504 2941 ι
1558 2890 1769 2944 Ἐκκλί-

175 2986 336 3031 νατε,
367 2970 565 3040 Κύριε,
613 2971 787 3041 λέγων
817 2974 955 3044 πρός
987 2992 1077 3044 με.
1114 2995 1134 3027 ι
1188 2975 1255 3030 Τί
1279 2977 1472 3031 τούτου
1506 2980 1615 3050 γὰρ
1645 2980 1766 3033 ἀδο-

174 3062 443 3132 ξότερον;
481 3064 535 3117 τί
560 3065 659 3134 τῆς
690 3066 959 3137 ὁμοτίμου
990 3067 1221 3136 Τριὰδος
1244 3072 1762 3143 ὲμφαντικώτερον;

186 3154 542 3208 Ἐκκλίνατε
584 3156 684 3223 μὲν
716 3151 812 3210 οὖν
844 3157 1223 3228 πληθυντικῶς
1248 3161 1441 3226 εἰπὼν,
1478 3163 1541 3217 τὸ
1576 3164 1765 3233 διάφο-
1792 3196 1836 3257 C

177 3262 275 3313 ρον
319 3246 432 3299 τῶν
473 3248 789 3315 προσώπων
816 3248 1038 3321 ᾐνίξατο
1057 3266 1075 3284 ο
1104 3254 1325 3320 Κύριος
1371 3255 1415 3307 δ’
1446 3252 1515 3308 αὖ
1548 3256 1765 3323 ἑνικῶς,

173 3336 277 3407 τὴν
323 3338 457 3407 μίαν
484 3339 665 3393 αὐτῶν
690 3342 920 3411 ἐνέφηνε
958 3343 1121 3411 φύσιν
1151 3346 1246 3397 καὶ
1279 3346 1595 3417 κυριότητα·
1629 3352 1677 3401 εἰ
1707 3350 1766 3403 δὲ

173 3429 311 3480 Θεὸν
338 3429 441 3498 μὲν
471 3427 611 3483 εῐναι
642 3431 730 3484 τὸν
764 3433 861 3486 ἕνα
894 3433 1094 3502 λέγεις,
1123 3437 1390 3503 ἀγγέλους
1428 3439 1481 3491 δὲ
1506 3441 1630 3503 τοὺς
1653 3441 1767 3494 λοι-

175 3520 339 3585 ποὺς,
375 3522 625 3593 μέμηνας
645 3525 908 3595 ἀτεχνῶς,
937 3528 1032 3580 καὶ
1064 3528 1274 3596 γελοῖός
1309 3548 1400 3600 μοι
1437 3533 1601 3603 φαίνῃ
1625 3551 1764 3588 παν-

172 3611 405 3665 τάπασι·
438 3614 570 3666 πότε
610 3614 718 3687 γὰρ
743 3617 793 3669 οἱ
836 3617 1015 3671 δοῦλοι
1047 3620 1125 3690 τῷ
1148 3622 1397 3695 Δεσπότῃ
1432 3626 1764 3691 συγκαθίσαι

173 3706 513 3775 ὴνέσχοντος
556 3709 687 3762 πότε
717 3710 762 3763 δ’
806 3707 873 3765 αὖ
922 3712 1058 3765 Θεοῦ
1111 3713 1501 3785 ὀπτανομένου,
1533 3719 1627 3772 δύο
1654 3722 1765 3785 ,καὶ

174 3798 376 3867 μόνους
405 3801 674 3867 ἀγγέλους
703 3804 1136 3875 δορυφοροῦντας
1192 3810 1508 3880 ἠκούσαμεν
1532 3829 1547 3875 ;
1578 3813 1763 3867 ἔκτοτε

172 3890 306 3957 γοῦν
355 3892 620 3961 ὁμότιμός
668 3912 726 3947 τε
779 3897 875 3949 καὶ
917 3898 1208 3968 σύνθρονος
1274 3901 1404 3969 ἁγία
1464 3904 1634 3973 Τριάς
1684 3907 1763 3978 τῷ

182 3981 441 4053 ’Δϐραάμ
468 3985 817 4055 ὲγνωρίζετο.
843 3988 907 4040 Τί
936 3989 1073 4059 πρὸς
1105 3990 1275 4043 ταῦτα
1311 3993 1417 4062 φής
1443 4010 1458 4056 ;
1498 3994 1573 4056 ὼς
1617 3994 1763 4051 κύων

172 4073 267 4125 καὶ
300 4073 461 4136 αὖθις
496 4076 634 4128 κατὰ
670 4077 769 4146 τῆς
810 4077 1069 4147 ἀληθείας
1108 4080 1350 4153 λυττᾷςς
1398 4085 1447 4136 εἰ
1469 4086 1528 4137 ὲν
1565 4087 1762 4157 Τριάδι

170 4163 349 4233 λέγων
398 4168 428 4219 ὀ
468 4167 602 4231 Θεὸς
647 4173 1057 4239 προσκυνεῖται,
1090 4173 1175 4226 ἵνα
1226 4174 1278 4226 τί
1333 4192 1402 4244 με
1458 4178 1612 4246 παρά
1652 4181 1761 4233 τῶν

170 4254 474 4326 προφητῶν
505 4258 779 4328 ἀριδήλως
830 4260 900 4313 τὰ
942 4263 1073 4331 περὶ
1128 4263 1321 4317 τούτου
1351 4264 1650 4338 διεμηνύθη
1682 4268 1761 4338 τῷ

181 4345 446 4415 Ἰσραήλ;
486 4348 597 4401 Καὶ
627 4350 794 4402 ἄκουε
831 4353 887 4403 ἐν
917 4353 1180 4424 Αἰγύπτῳ
1212 4355 1383 4409 πάλαι
1414 4358 1506 4410 τὸν
1543 4360 1759 4428 Ἰσραὴλ

168 4436 428 4492 πλεῖστον
463 4438 825 4510 διατρίψαντα
856 4445 1067 4513 χρόνον,
1096 4448 1191 4499 καὶ
1225 4448 1324 4517 τὴν
1355 4449 1619 4503 πολύθεον
1650 4452 1757 4503 τῶν

1882 602 2071 671 igitur,
2106 613 2157 656 te
2183 604 2440 657 eumdem
2466 620 2589 660 esse
2616 621 2719 662 nec
2749 617 3043 674 mutatum,
3075 611 3169 681 qui
3203 621 3333 668 tunc
3367 614 3467 668 du-

1881 710 1978 747 rus
2001 693 2167 748 corde
2193 702 2249 748 et
2278 694 2333 747 in
2366 694 2774 752 benefactorem
2810 700 3059 769 ingratus
3097 700 3290 767 fueris,
3325 703 3465 759 idem

1878 787 2164 842 C\idCDlCl‘
2215 796 2272 841 et
2320 804 2467 843 nunc
2523 796 2743 848 tentans
2790 791 2982 846 Deum.
3035 794 3191 848 Tunc
3246 812 3467 865 quoque

1879 877 2017 932 dicis
2046 897 2057 931 :
2092 879 2261 933 Estne
2294 878 2557 935 Dominus
2606 881 2790 946 nobis,
2836 885 3059 937 annon?
3110 886 3300 940 eadem
3334 886 3469 941 facis

1880 968 1934 1022 in
1985 969 2141 1023 illum
2183 985 2330 1024 nunc
2378 987 2502 1024 cum
2550 982 2777 1041 propter
2806 987 2908 1026 nos
2938 972 3105 1026 homo
3142 974 3318 1028 factus
3346 985 3458 1042 est;

1876 1061 2008 1116 dum
2062 1061 2297 1116 deberes
2349 1073 2497 1118 totus
2546 1064 2617 1118 ob
2669 1066 2809 1120 hanc
2864 1081 3086 1119 causam
3145 1066 3198 1120 in
3266 1069 3465 1137 gratias

1876 1170 2191 1224 erumpere,
2226 1157 2369 1211 sicut
2392 1158 2621 1211 omnino
2656 1158 2711 1211 in
2742 1160 3110 1228 corporalium
3145 1159 3463 1214 morborum

1878 1247 2094 1301 medico
2119 1264 2279 1318 agere
2308 1250 2570 1313 solemus,
2603 1249 2823 1318 quando
2849 1250 3153 1319 praesertim
3191 1261 3464 1319 aegrotati-

1879 1350 1987 1396 tem
2020 1342 2204 1396 visitat
2252 1342 2594 1412 frequenter.
2626 1354 2684 1399 et
2715 1344 2921 1399 nullam
2954 1343 3023 1399 de
3069 1360 3167 1398 sua
3199 1344 3463 1415 dignitate

1876 1440 2147 1492 rationem
2198 1440 2407 1496 habens
2465 1441 2850 1512 aggritudincm
2913 1443 3133 1513 inspicit
3181 1452 3237 1498 et
3291 1443 3464 1499 malos

1876 1528 2079 1585 odores
2107 1532 2360 1598 sustinet,
2394 1542 2455 1588 ut
2489 1533 2781 1590 sanitatem
2814 1533 2907 1589 det
2938 1534 3245 1605 aegrotanti.

1946 1793 2103 1859 Quod
2149 1793 2195 1849 si
2241 1794 2315 1849 ita
2363 1809 2422 1849 se
2454 1793 2570 1850 haec
2601 1792 2877 1857 habeant,
2923 1793 3201 1865 quomodo
3241 1794 3464 1851 dubitas

1878 1885 2061 1941 adhuc
2084 1884 2151 1940 de
2178 1887 2318 1939 trina
2342 1886 2398 1940 in
2430 1886 2805 1940 subsistentiis
2834 1885 3162 1940 divinitate?
3184 1886 3463 1956 quomodo

1879 1978 2079 2033 Filium
2133 1995 2243 2031 non
2303 1976 2533 2031 adoras?
2579 1976 2859 2046 quomodo
2910 1978 2967 2032 in
3025 1977 3296 2048 Spiritum
3352 1994 3463 2033 non

1878 2069 2266 2127 credis?——At
2313 2084 2484 2137 unum
2534 2068 2707 2123 Deum
2759 2070 3020 2138 praedicat
3067 2069 3463 2139 Scriptura.—

1877 2161 2019 2228 Quid
2049 2160 2273 2230 prodest
2316 2160 2488 2214 multa
2532 2159 2757 2214 dicere?
2802 2160 2953 2213 Mitte
2997 2160 3214 2226 Isaiam,
3243 2162 3462 2231 praeteri

1879 2251 2069 2315 David,
2114 2263 2169 2306 et
2216 2266 2433 2305 omnem
2482 2252 2750 2320 reliquam
2785 2250 3148 2320 Scripturam,
3180 2266 3279 2320 per
3321 2266 3462 2321 quos

1875 2353 2079 2398 attcrna
2111 2343 2269 2397 Trias
2295 2358 2489 2413 magna
2517 2358 2649 2396 voce
2684 2343 3044 2411 prtedicatur;
3076 2341 3366 2411 ingredere
3404 2342 3461 2397 in

1875 2438 2109 2492 Abraba:
2159 2434 2596 2499 tabernaculum,
2648 2443 2705 2488 et
2747 2434 2974 2488 adverte
3022 2441 3202 2498 caute,
3235 2435 3462 2503 quinam

1873 2529 2082 2585 fuerint
2112 2528 2208 2598 qui
2252 2527 2330 2582 illi
2360 2533 2757 2596 apparuerunt,
2795 2535 2928 2595 quot
2958 2540 3213 2591 numero,
3254 2532 3311 2579 et
3339 2541 3463 2595 quae

1874 2629 1932 2676 et
1953 2620 2134 2689 qualia
2157 2620 2223 2673 ad
2251 2619 2374 2673 illos
2403 2617 2717 2687 patriarcha
2748 2616 2970 2671 locutus
2997 2615 3185 2669 fuerit.
3212 2615 3283 2671 Ut
3312 2613 3462 2669 enim

1874 2713 2177 2784 perfectam
2210 2711 2579 2782 cognitionem
2624 2708 2872 2771 babenti,
2901 2707 3134 2761 Abralne
3165 2706 3317 2759 velut
3349 2712 3465 2760 tres

1874 2814 2269 2878 apparuerunt,
2307 2814 2363 2858 et
2398 2812 2656 2871 tanquam
2691 2816 2832 2854 unus
2872 2798 3266 2869 loquebantur,
3303 2797 3462 2852 simi-

1872 2897 2112 2967 literque
2136 2904 2188 2951 et
2217 2896 2332 2965 ipse
2360 2891 2799 2949 accommodavit
2825 2906 2986 2945 suum
3014 2889 3079 2943 ad
3106 2888 3230 2942 illos
3254 2901 3463 2943 sermo-

1872 3005 2000 3044 nem
2029 3006 2043 3042 :
2076 3008 2094 3040 ι
2128 2986 2431 3047 Declinate,
2462 2985 2691 3039 Domine
2718 2981 2965 3053 (inquit),
2990 2980 3059 3035 ad
3085 2995 3172 3035 me
3200 2980 3241 3034 ³.
3271 2997 3290 3032 ι
3317 2976 3463 3045 Quid

1870 3082 2019 3136 enim
2050 3088 2373 3135 extraneum
2409 3078 2613 3147 magis?
2646 3075 2780 3146 quid
2830 3074 3029 3129 melius
3057 3072 3323 3142 aequalem
3356 3069 3460 3125 bo-

1870 3186 2007 3225 norc
2049 3169 2305 3224 Triadem
2352 3168 2696 3224 declararet?
2741 3167 3009 3220 Declinate
3054 3163 3341 3235 pluraliter
3374 3162 3462 3216 di-

1869 3276 2021 3323 cens,
2039 3260 2419 3313 diversitatem
2438 3272 2802 3330 personarum
2829 3255 3189 3327 signiﬁcavit;
3210 3253 3456 3317 Domine,

1868 3351 2224 3422 singulariter
2243 3366 2409 3404 unam
2430 3364 2619 3404 earum
2645 3348 2910 3402 indicavit
2936 3356 3187 3401 naturam
3205 3354 3260 3401 et
3283 3359 3458 3402 unum

1867 3442 2233 3496 dominatum.
2263 3441 2419 3507 Quod
2452 3442 2497 3496 si
2536 3442 2706 3495 Deum
2747 3457 2868 3496 esse
2913 3456 3085 3494 unum
3118 3439 3279 3503 dicis,
3326 3440 3458 3496 reli-

1866 3548 2006 3601 quos
2032 3548 2161 3586 vero
2192 3532 2437 3601 angelos,
2473 3530 2678 3585 deliras
2719 3530 2907 3594 stulte,
2936 3537 2992 3583 et
3024 3528 3293 3583 ridiculus
3320 3529 3457 3584 mihi

1866 3624 2090 3678 omnino
2121 3624 2347 3678 videris.
2385 3623 2618 3689 Quando
2665 3623 2815 3678 enim
2866 3621 3009 3676 servi
3047 3636 3173 3675 cum
3225 3622 3458 3676 Domino

1865 3716 2056 3770 sedere
2087 3715 2340 3784 permissi
2373 3715 2536 3769 sunt?
2561 3715 2785 3784 quando
2826 3714 2938 3767 Deo
2968 3725 3289 3783 apparente,
3319 3712 3458 3768 duos

1864 3808 2044 3862 solum
2077 3807 2299 3877 angelos
2328 3807 2594 3861 satellites
2622 3821 2744 3860 esse
2771 3804 3125 3859 audivimus?
3152 3804 3230 3858 Ex
3265 3819 3332 3859 eo
3357 3803 3458 3875 igi-

1866 3906 1957 3951 tur
2011 3907 2257 3965 temporc
2310 3897 2540 3966 aequalis
2593 3896 2804 3949 honore
2856 3906 2913 3949 et
2964 3895 3211 3965 potentia
3265 3904 3455 3949 sancta

1864 3989 2024 4043 Trias
2055 3989 2286 4042 Abrahae
2322 3988 2541 4057 cognita
2588 3987 2712 4041 fuit.
2762 3986 2901 4052 Quid
2940 3987 3009 4040 ad
3050 3988 3166 4041 haec
3210 3985 3457 4042 dixeris?

1862 4096 1931 4133 an
1964 4080 2116 4132 velut
2143 4079 2297 4132 canis
2329 4078 2567 4146 amplius
2596 4085 2787 4130 contra
2819 4076 3112 4130 veritatem
3145 4075 3364 4131 rabias?
3385 4105 3455 4121 -υ-

1862 4170 1916 4225 Si
1952 4171 2004 4224 in
2032 4169 2252 4232 Triade,
2287 4168 2447 4231 dicis,
2483 4169 2628 4222 Deus
2652 4167 2937 4230 aduratur,
2965 4182 3065 4221 cur
3098 4183 3128 4220 a
3161 4167 3451 4237 prophetis

1860 4263 2006 4316 clare
2057 4262 2174 4316 hmc
2224 4277 2334 4314 non
2383 4259 2630 4329 exposita
2684 4270 2813 4313 sunt
2847 4258 3308 4313 lsrael?—Audi
3345 4276 3358 4312 :
3391 4257 3453 4313 in

1857 4352 2091 4423 Egypto
2134 4352 2266 4405 olim
2323 4350 2488 4404 Israel
2544 4351 2706 4421 longo
2740 4361 2987 4421 tempore
3033 4359 3363 4416 morantem,
3395 4359 3454 4406 et

1860 4444 2176 4514 polythcum
2209 4440 2589 4511 Egyptiorum
2633 4442 2841 4495 cultum
2871 4449 3450 4512 cognoscentem,non

167 4531 485 4598 Αἰγυπτίων
517 4533 876 4602 μεμαθηκότα
903 4536 1223 4607 θρησκείαν,
1260 4542 1361 4593 οὑκ
1403 4543 1649 4612 ἐναργῶς
1690 4547 1757 4597 τὰ

1868 4534 2011 4588 clara
2053 4533 2121 4586 de
2153 4531 2375 4595 Triade,
2407 4531 2499 4601 qui
2531 4533 2717 4586 omnia
2762 4533 2826 4586 ad
2882 4532 3176 4586 utilitatem
3212 4531 3450 4586 admini-

167 4622 297 4690 περὶ
326 4620 431 4690 τῆς
469 4622 700 4692 Τριάδος
722 4626 749 4677 ὁ
776 4625 951 4678 πάντα
973 4628 1107 4698 πρὸς
1135 4628 1197 4681 τὸ
1237 4630 1518 4701 συμφέρον
1547 4636 1755 4685 οίκονο-

171 4710 288 4780 μῶν
330 4710 465 4775 Θεὸς
503 4713 853 4777 ἐξεπαίδευσέ
896 4717 1166 4786 δόγματα,
1220 4720 1307 4773 ἵνα
1355 4722 1430 4793 μὴ
1482 4725 1754 4794 πρόφασιν

168 4800 419 4855 ἐντεῦθεν
440 4802 730 4868 πολυθεῒας
743 4806 943 4871 λαϐὼν,
970 4811 1051 4871 είς
1073 4811 1172 4879 τὴν
1191 4811 1300 4864 τῶν
1325 4814 1643 4878 Λοίγυπτίων
1660 4817 1754 4868 καὶ

168 4888 326 4957 αὖθις
375 4896 723 4969 ἐπαναζεύξῃ
760 4899 1003 4970 πλάνην·
1053 4902 1139 4969 ἐφ’
1178 4896 1224 4970 ᾧ
1272 4903 1333 4955 τὺ
1379 4905 1479 4967 τῆς
1523 4906 1753 4976 Τριάδος

170 4986 470 5058 μυστήριον
501 4988 684 5057 σοφῶς
729 4993 905 5063 πάντη
946 4995 1040 5045 καὶ
1074 4995 1435 5064 οἰκονομικῶς
1466 4996 1753 5051 συνεσκία-

169 5094 279 5131 σεν*
316 5080 365 5131 εἰ
397 5079 507 5148 γὰρ
545 5082 605 5146 ἐξ
634 5083 810 5154 ἀρχῆς
842 5084 1013 5155 αὐτῆς
1043 5086 1170 5149 τοὺς
1202 5087 1442 5148 τελείους
1484 5092 1753 5159 προσενήο

174 5185 287 5237 nx:
316 5169 534 5237 λόγους,
565 5172 782 5235 πάντως
818 5173 885 5226 ἂν
909 5176 936 5226 ὁ
964 5176 1328 5240 δυσκάθεκτος
1348 5179 1748 5249 ἀπεσκίρτησεν

178 5258 419 5330 Ἰσραὴλ,
449 5262 546 5315 καὶ
579 5262 719 5333 πρὸς
748 5264 840 5317 τὸν
888 5265 1080 5337 πρώην
1128 5268 1599 5339 ἐπαλινδρόμησεν
1634 5270 1747 5323 ὄλε-

168 5350 313 5419 θρον·
347 5351 397 5403 εἰ
429 5352 543 5423 γάρ
580 5355 675 5407 καὶ
708 5357 948 5410 τοιοῦτον
992 5358 1205 5412 ἀκούων
1236 5361 1409 5423 οὐδὲν,
1440 5362 1603 5415 αὐτοῦ
1651 5363 1752 5432 μὲν

166 5438 258 5493 τοῦ
280 5441 401 5505 ἑνὸς
425 5442 820 5499 ἐπελανθάνετο
842 5449 965 5501 καθ’
990 5449 1140 5521 ὥραν
1169 5451 1328 5516 Θεοῦ,
1362 5453 1665 5522 ὁλοσχερῶς
1693 5454 1750 5507 δὲ

167 5530 261 5599 τῆς
276 5532 664 5605 Αἰγυπτιακῆς
689 5537 945 5602 ἀσεϐείας
969 5539 1255 5611 ἐξήρτητο,
1276 5542 1329 5594 τί
1348 5542 1449 5594 οὐκ
1470 5543 1537 5595 ἂν
1562 5543 1751 5614 ἐποίη-

173 5639 282 5685 σεν,
325 5625 382 5678 ετ
429 5641 496 5691 γε
528 5629 870 5699 παραχρῆμα
922 5633 1195 5703 κατήκοος
1234 5633 1467 5704 Τριάδος
1494 5632 1750 5702 ἐγένετο;

1861 4633 2019 4688 strat,
2056 4624 2202 4677 Deus
2235 4623 2463 4676 tradidit
2497 4622 2774 4692 dogmata,
2824 4639 2894 4677 ne
2931 4622 3058 4676 inde
3101 4622 3449 4677 occasionem

1859 4713 2211 4787 polythcismi
2257 4728 2502 4777 sumens,
2537 4713 2591 4767 in
2634 4729 2880 4768 errorem
2912 4712 3287 4784 Egyptiorum
3320 4729 3448 4768 rur-

1859 4825 1955 4865 sus
2003 4806 2295 4861 incideret.
2329 4805 2697 4877 Quamobrem
2746 4804 2969 4860 Triadis
3010 4805 3329 4877 mysterium
3358 4820 3445 4860 sa-

1858 4902 2077 4971 picntcr
2120 4898 2414 4953 admodum
2451 4906 2507 4952 ct
2542 4897 2755 4952 utiliter
2801 4896 3158 4952 inumbravit.
3196 4895 3252 4952 Si
3297 4896 3445 4952 enim

1857 5008 1889 5046 a
1935 4990 2206 5060 principio
2272 4998 2524 5059 apertum
2576 4989 2645 5043 de
2707 4989 2797 5043 illa
2845 5005 3158 5043 sermonem
3202 4988 3443 5056 tulisset,

1859 5083 2084 5139 omnino
2113 5082 2370 5137 restitans
2398 5081 2716 5136 calcitraret
2753 5082 2942 5145 lsrael,
2969 5089 3026 5136 et
3059 5080 3126 5135 ad
3152 5080 3444 5152 pristinam

1858 5182 2231 5231 reverteretur
2269 5173 2661 5243 perditionem.
2713 5172 2770 5227 Si
2821 5172 2969 5227 enim
3019 5173 3155 5227 nihil
3189 5172 3295 5227 tale
3342 5187 3442 5227 au-

1857 5268 2037 5335 diens,
2087 5268 2262 5338 ipsius
2315 5268 2482 5321 unius
2526 5266 2620 5319 Dei
2672 5267 2936 5320 continuo
2985 5265 3440 5331 obliviscebatur,

1857 5375 2194 5431 prorsusque
2246 5375 2315 5413 ex
2373 5357 2749 5428 Egyptiorum
2812 5356 3094 5426 impietate
3142 5355 3441 5427 pendebat,

1857 5453 1991 5523 quid
2027 5468 2138 5506 non
2167 5451 2390 5523 egisset,
2432 5449 2477 5502 si
2518 5449 2703 5503 statim
2735 5448 2803 5503 de
2831 5447 3032 5502 Triade
3060 5456 3249 5517 aperte
3276 5445 3437 5501 audi-

1858 5543 2067 5600 visset?
2095 5543 2199 5598 hos
2230 5543 2380 5614 ipsos
2411 5542 2783 5596 cxistimassct
2811 5541 2883 5596 ob
2925 5555 3215 5595 numerum
3250 5537 3441 5597 videre

1862 5635 2000 5691 deos
2034 5634 2240 5690 multos
2263 5631 2359 5702 qui
2388 5632 2443 5686 in
2470 5631 2701 5703 {Egypto
2728 5630 3124 5697 adorabantur.

172 5717 358 5779 αὖτοὺς
391 5718 460 5772 ἂν
489 5720 730 5786 ὲκείνους
759 5723 933 5779 ἐδόκει
976 5725 1066 5779 διὰ
1114 5726 1174 5779 τὸ
1213 5725 1417 5794 πλῆθος
1452 5729 1581 5796 όρᾷν
1613 5728 1738 5791 τοὺς
1780 5726 1836 5781 ἐν
1870 5726 2125 5794 Αἰγύπτῳ
2171 5724 2680 5795 προσκυνουμένους
2715 5722 3075 5795 παμπόλλους
3116 5718 3293 5783 θεούς.

236 5827 256 5861 ³
284 5826 424 5886 Gen.
463 5845 615 5895 ιηιι,
646 5833 696 5887 ii.
