  <div class='ocr_page' id='page_1' title='image "/cluster/home/n/w/nwhite01/storage/ocr_20150623/89/nnc1.0046980172/667.png"; bbox 0 0 4190 6438; ppageno 0'>
   <div class='ocr_carea' id='block_1_1' title="bbox 765 334 901 399">
    <p class='ocr_par' dir='ltr' id='par_1_1' title="bbox 765 334 901 399">
     <span class='ocr_line' id='line_1_1' title="bbox 765 334 901 399; baseline -0.015 0"><span class='ocrx_word' id='word_1_1' title='bbox 765 334 901 399; x_wconf 76' lang='lat'>1283</span> 
     </span>
    </p>
   </div>
   <div class='ocr_carea' id='block_1_2' title="bbox 1950 330 2836 394">
    <p class='ocr_par' dir='ltr' id='par_1_2' title="bbox 1950 330 2836 394">
     <span class='ocr_line' id='line_1_2' title="bbox 1950 330 2836 394; baseline 0 -2"><span class='ocrx_word' id='word_1_2' title='bbox 1950 334 2008 394; x_wconf 89' lang='lat' dir='ltr'>S.</span> <span class='ocrx_word' id='word_1_3' title='bbox 2052 330 2449 393; x_wconf 83' lang='lat' dir='ltr'><strong>ANASTASII</strong></span> <span class='ocrx_word' id='word_1_4' title='bbox 2494 335 2836 394; x_wconf 56' lang='lat' dir='ltr'>SINAITIE.</span> 
     </span>
    </p>
   </div>
   <div class='ocr_carea' id='block_1_3' title="bbox 3893 332 4030 395">
    <p class='ocr_par' dir='ltr' id='par_1_3' title="bbox 3893 332 4030 395">
     <span class='ocr_line' id='line_1_3' title="bbox 3893 332 4030 395; baseline 0 0"><span class='ocrx_word' id='word_1_5' title='bbox 3893 332 4030 395; x_wconf 72' lang='grc'>1284</span> 
     </span>
    </p>
   </div>
   <div class='ocr_carea' id='block_1_4' title="bbox 759 438 4029 519">
    <p class='ocr_par' dir='ltr' id='par_1_4' title="bbox 759 438 4029 519">
     <span class='ocr_line' id='line_1_4' title="bbox 759 438 4029 519; baseline -0.007 -19"><span class='ocrx_word' id='word_1_6' title='bbox 759 446 952 508; x_wconf 86' lang='grc' dir='ltr'>κακῶς</span> <span class='ocrx_word' id='word_1_7' title='bbox 1011 444 1162 515; x_wconf 79' lang='grc' dir='ltr'>ἡμᾶς</span> <span class='ocrx_word' id='word_1_8' title='bbox 1213 438 1667 519; x_wconf 46' lang='grc' dir='ltr'>συκοφαντοῦσιν.</span> <span class='ocrx_word' id='word_1_9' title='bbox 1696 440 1746 493; x_wconf 78' lang='grc' dir='ltr'>οἱ</span> <span class='ocrx_word' id='word_1_10' title='bbox 1781 440 2164 503; x_wconf 84' lang='grc' dir='ltr'>ἀϐασανίστως</span> <span class='ocrx_word' id='word_1_11' title='bbox 2200 442 2344 509; x_wconf 80' lang='grc' dir='ltr'>ἆπερ</span> <span class='ocrx_word' id='word_1_12' title='bbox 2376 462 2415 517; x_wconf 65' lang='grc' dir='ltr'>Α</span> <span class='ocrx_word' id='word_1_13' title='bbox 2448 462 2555 508; x_wconf 79' lang='grc' dir='ltr'>ναι,</span> <span class='ocrx_word' id='word_1_14' title='bbox 2596 445 2628 515; x_wconf 77' lang='grc' dir='ltr'>ἢ</span> <span class='ocrx_word' id='word_1_15' title='bbox 2664 444 2825 513; x_wconf 62' lang='grc' dir='ltr'>τυχὸν</span> <span class='ocrx_word' id='word_1_16' title='bbox 2855 441 3039 513; x_wconf 66' lang='grc' dir='ltr'>χρυσῷ</span> <span class='ocrx_word' id='word_1_17' title='bbox 3074 441 3105 511; x_wconf 66' lang='grc' dir='ltr'><strong>ἢ</strong></span> <span class='ocrx_word' id='word_1_18' title='bbox 3140 442 3317 513; x_wconf 54' lang='grc' dir='ltr'>πηλῷ,</span> <span class='ocrx_word' id='word_1_19' title='bbox 3352 442 3495 497; x_wconf 71' lang='grc' dir='ltr'>ὥστε</span> <span class='ocrx_word' id='word_1_20' title='bbox 3526 444 3901 514; x_wconf 69' lang='grc' dir='ltr'>σκεπασοῆναι</span> <span class='ocrx_word' id='word_1_21' title='bbox 3935 446 4029 497; x_wconf 74' lang='grc' dir='ltr'>τδν</span> 
     </span>
    </p>
   </div>
   <div class='ocr_carea' id='block_1_5' title="bbox 762 531 2338 608">
    <p class='ocr_par' dir='ltr' id='par_1_5' title="bbox 762 531 2338 608">
     <span class='ocr_line' id='line_1_5' title="bbox 762 531 2338 608; baseline -0.004 -17"><span class='ocrx_word' id='word_1_22' title='bbox 762 538 1043 608; x_wconf 86' lang='grc' dir='ltr'>βούλονται</span> <span class='ocrx_word' id='word_1_23' title='bbox 1072 533 1455 606; x_wconf 65' lang='grc' dir='ltr'>ἐρευγόμενον</span> <span class='ocrx_word' id='word_1_24' title='bbox 1494 533 1551 597; x_wconf 82' lang='grc' dir='ltr'>ἐξ</span> <span class='ocrx_word' id='word_1_25' title='bbox 1583 532 1983 601; x_wconf 87' lang='grc' dir='ltr'>ὐποδείγματος</span> <span class='ocrx_word' id='word_1_26' title='bbox 2008 532 2065 584; x_wconf 82' lang='grc' dir='ltr'>δέ</span> <span class='ocrx_word' id='word_1_27' title='bbox 2094 531 2157 583; x_wconf 76' lang='grc' dir='ltr'>τὸ</span> <span class='ocrx_word' id='word_1_28' title='bbox 2184 532 2338 599; x_wconf 75' lang='grc' dir='ltr'>λεγό-</span> 
     </span>
    </p>
   </div>
   <div class='ocr_carea' id='block_1_6' title="bbox 763 621 2341 700">
    <p class='ocr_par' dir='ltr' id='par_1_6' title="bbox 763 621 2341 700">
     <span class='ocr_line' id='line_1_6' title="bbox 763 621 2341 700; baseline -0.003 -18"><span class='ocrx_word' id='word_1_29' title='bbox 763 646 924 700; x_wconf 82' lang='grc' dir='ltr'>μενον</span> <span class='ocrx_word' id='word_1_30' title='bbox 956 629 1292 696; x_wconf 86' lang='grc' dir='ltr'>σαφέστερον</span> <span class='ocrx_word' id='word_1_31' title='bbox 1322 627 1590 695; x_wconf 74' lang='grc' dir='ltr'>δείξομεν·</span> <span class='ocrx_word' id='word_1_32' title='bbox 1634 626 1835 678; x_wconf 77' lang='grc' dir='ltr'>ὑπόθου</span> <span class='ocrx_word' id='word_1_33' title='bbox 1867 629 2015 694; x_wconf 83' lang='grc' dir='ltr'>τρεῖς</span> <span class='ocrx_word' id='word_1_34' title='bbox 2043 621 2182 677; x_wconf 86' lang='grc' dir='ltr'>εἷναι</span> <span class='ocrx_word' id='word_1_35' title='bbox 2213 626 2341 695; x_wconf 83' lang='grc' dir='ltr'>στή-</span> 
     </span>
    </p>
   </div>
   <div class='ocr_carea' id='block_1_7' title="bbox 760 715 2341 790">
    <p class='ocr_par' dir='ltr' id='par_1_7' title="bbox 760 715 2341 790">
     <span class='ocr_line' id='line_1_7' title="bbox 760 715 2341 790; baseline -0.004 -16"><span class='ocrx_word' id='word_1_36' title='bbox 760 723 856 784; x_wconf 87' lang='grc' dir='ltr'>λας</span> <span class='ocrx_word' id='word_1_37' title='bbox 890 722 1096 790; x_wconf 81' lang='grc' dir='ltr'>χαλκᾶς</span> <span class='ocrx_word' id='word_1_38' title='bbox 1120 734 1133 747; x_wconf 88' lang='grc'><strong>·</strong></span> <span class='ocrx_word' id='word_1_39' title='bbox 1173 718 1268 770; x_wconf 72' lang='grc' dir='ltr'>καὶ</span> <span class='ocrx_word' id='word_1_40' title='bbox 1298 718 1398 787; x_wconf 80' lang='grc' dir='ltr'>τὴν</span> <span class='ocrx_word' id='word_1_41' title='bbox 1426 717 1552 785; x_wconf 88' lang='grc' dir='ltr'>μίαν</span> <span class='ocrx_word' id='word_1_42' title='bbox 1584 718 2001 787; x_wconf 82' lang='grc' dir='ltr'>ἐκπυρωθεῖσαν</span> <span class='ocrx_word' id='word_1_43' title='bbox 2031 717 2215 783; x_wconf 82' lang='grc' dir='ltr'>ἄκρως</span> <span class='ocrx_word' id='word_1_44' title='bbox 2248 715 2341 767; x_wconf 71' lang='grc' dir='ltr'>καὶ</span> 
     </span>
    </p>
   </div>
   <div class='ocr_carea' id='block_1_8' title="bbox 763 800 2339 881">
    <p class='ocr_par' dir='ltr' id='par_1_8' title="bbox 763 800 2339 881">
     <span class='ocr_line' id='line_1_8' title="bbox 763 800 2339 881; baseline -0.005 -17"><span class='ocrx_word' id='word_1_45' title='bbox 763 812 958 881; x_wconf 77' lang='grc' dir='ltr'>ῥάϐδον</span> <span class='ocrx_word' id='word_1_46' title='bbox 992 812 1048 861; x_wconf 87' lang='grc' dir='ltr'>ἐν</span> <span class='ocrx_word' id='word_1_47' title='bbox 1077 812 1142 877; x_wconf 67' lang='grc' dir='ltr'>τῇ</span> <span class='ocrx_word' id='word_1_48' title='bbox 1172 808 1318 877; x_wconf 74' lang='grc' dir='ltr'>χειρὶ</span> <span class='ocrx_word' id='word_1_49' title='bbox 1348 807 1518 875; x_wconf 83' lang='grc' dir='ltr'>αὐτῆς</span> <span class='ocrx_word' id='word_1_50' title='bbox 1548 807 1966 875; x_wconf 85' lang='grc' dir='ltr'>προστεθεῖσαν·</span> <span class='ocrx_word' id='word_1_51' title='bbox 2002 800 2122 857; x_wconf 82' lang='grc' dir='ltr'>εἶτα</span> <span class='ocrx_word' id='word_1_52' title='bbox 2152 805 2339 873; x_wconf 84' lang='grc' dir='ltr'>ἐπειδὴ</span> 
     </span>
    </p>
   </div>
   <div class='ocr_carea' id='block_1_9' title="bbox 763 894 2339 965">
    <p class='ocr_par' dir='ltr' id='par_1_9' title="bbox 763 894 2339 965">
     <span class='ocr_line' id='line_1_9' title="bbox 763 894 2339 965; baseline -0.003 -13"><span class='ocrx_word' id='word_1_53' title='bbox 763 902 818 953; x_wconf 89' lang='grc' dir='ltr'>αί</span> <span class='ocrx_word' id='word_1_54' title='bbox 873 898 1029 952; x_wconf 80' lang='grc' dir='ltr'>ἄλλαι</span> <span class='ocrx_word' id='word_1_55' title='bbox 1080 896 1174 949; x_wconf 79' lang='grc' dir='ltr'>δύο</span> <span class='ocrx_word' id='word_1_56' title='bbox 1220 894 1475 956; x_wconf 83' lang='grc' dir='ltr'>ἀϐλαϐεῖς</span> <span class='ocrx_word' id='word_1_57' title='bbox 1518 896 1633 955; x_wconf 86' lang='grc' dir='ltr'>τοῖς</span> <span class='ocrx_word' id='word_1_58' title='bbox 1679 894 2153 965; x_wconf 80' lang='grc' dir='ltr'>προσαπτομένοις</span> <span class='ocrx_word' id='word_1_59' title='bbox 2180 895 2339 959; x_wconf 76' lang='grc' dir='ltr'>εἰσὶν,</span> 
     </span>
    </p>
   </div>
   <div class='ocr_carea' id='block_1_10' title="bbox 764 984 2341 1058">
    <p class='ocr_par' dir='ltr' id='par_1_10' title="bbox 764 984 2341 1058">
     <span class='ocr_line' id='line_1_10' title="bbox 764 984 2341 1058; baseline -0.004 -16"><span class='ocrx_word' id='word_1_60' title='bbox 764 992 899 1058; x_wconf 83' lang='grc' dir='ltr'>αὐτὴ</span> <span class='ocrx_word' id='word_1_61' title='bbox 942 989 1001 1041; x_wconf 91' lang='grc' dir='ltr'>δέ</span> <span class='ocrx_word' id='word_1_62' title='bbox 1054 989 1335 1054; x_wconf 79' lang='grc' dir='ltr'>ἀνέπαφος</span> <span class='ocrx_word' id='word_1_63' title='bbox 1368 986 1457 1039; x_wconf 82' lang='grc' dir='ltr'>διὰ</span> <span class='ocrx_word' id='word_1_64' title='bbox 1486 987 1585 1057; x_wconf 82' lang='grc' dir='ltr'>τὴν</span> <span class='ocrx_word' id='word_1_65' title='bbox 1612 988 1923 1056; x_wconf 80' lang='grc' dir='ltr'>λαϐρότητα</span> <span class='ocrx_word' id='word_1_66' title='bbox 1952 987 2053 1054; x_wconf 75' lang='grc' dir='ltr'>τῆς</span> <span class='ocrx_word' id='word_1_67' title='bbox 2083 984 2341 1056; x_wconf 79' lang='grc' dir='ltr'>ἐκπυρώο</span> 
     </span>
    </p>
   </div>
   <div class='ocr_carea' id='block_1_11' title="bbox 765 1077 2340 1148">
    <p class='ocr_par' dir='ltr' id='par_1_11' title="bbox 765 1077 2340 1148">
     <span class='ocr_line' id='line_1_11' title="bbox 765 1077 2340 1148; baseline -0.002 -16"><span class='ocrx_word' id='word_1_68' title='bbox 765 1097 922 1143; x_wconf 83' lang='grc' dir='ltr'>σεως,</span> <span class='ocrx_word' id='word_1_69' title='bbox 955 1080 1106 1148; x_wconf 70' lang='grc' dir='ltr'>παρὰ</span> <span class='ocrx_word' id='word_1_70' title='bbox 1132 1077 1290 1129; x_wconf 88' lang='grc' dir='ltr'>τοῦτο</span> <span class='ocrx_word' id='word_1_71' title='bbox 1319 1080 1586 1147; x_wconf 88' lang='grc' dir='ltr'>τέσσαρες</span> <span class='ocrx_word' id='word_1_72' title='bbox 1612 1079 1805 1148; x_wconf 81' lang='grc' dir='ltr'>στῆλαί</span> <span class='ocrx_word' id='word_1_73' title='bbox 1833 1082 1937 1131; x_wconf 80' lang='grc' dir='ltr'>εἰσι</span> <span class='ocrx_word' id='word_1_74' title='bbox 1964 1080 2055 1130; x_wconf 78' lang='grc' dir='ltr'>καὶ</span> <span class='ocrx_word' id='word_1_75' title='bbox 2073 1078 2133 1131; x_wconf 91' lang='grc' dir='ltr'>οὐ</span> <span class='ocrx_word' id='word_1_76' title='bbox 2155 1080 2340 1148; x_wconf 89' lang='grc' dir='ltr'>τρεῖς;</span> 
     </span>
    </p>
   </div>
   <div class='ocr_carea' id='block_1_12' title="bbox 763 1169 2349 1240">
    <p class='ocr_par' dir='ltr' id='par_1_12' title="bbox 763 1169 2349 1240">
     <span class='ocr_line' id='line_1_12' title="bbox 763 1169 2349 1240; baseline -0.001 -18"><span class='ocrx_word' id='word_1_77' title='bbox 763 1172 796 1240; x_wconf 81' lang='grc' dir='ltr'>ἦ</span> <span class='ocrx_word' id='word_1_78' title='bbox 828 1173 926 1236; x_wconf 58' lang='grc' dir='ltr'>τῆς</span> <span class='ocrx_word' id='word_1_79' title='bbox 959 1172 1093 1231; x_wconf 80' lang='grc' dir='ltr'>ἰδίας</span> <span class='ocrx_word' id='word_1_80' title='bbox 1122 1170 1315 1237; x_wconf 78' lang='grc' dir='ltr'>ἐξέστη</span> <span class='ocrx_word' id='word_1_81' title='bbox 1345 1170 1561 1237; x_wconf 85' lang='grc' dir='ltr'>φύσεως</span> <span class='ocrx_word' id='word_1_82' title='bbox 1596 1172 1624 1221; x_wconf 82' lang='lat'>6</span> <span class='ocrx_word' id='word_1_83' title='bbox 1654 1171 1856 1237; x_wconf 78' lang='grc' dir='ltr'>χαλκὸς</span> <span class='ocrx_word' id='word_1_84' title='bbox 1887 1169 2184 1238; x_wconf 66' lang='grc' dir='ltr'>πυρωθεῖς,</span> <span class='ocrx_word' id='word_1_85' title='bbox 2224 1170 2349 1237; x_wconf 68' lang='grc' dir='ltr'>οὐχὶ</span> 
     </span>
    </p>
   </div>
   <div class='ocr_carea' id='block_1_13' title="bbox 762 1253 2339 1332">
    <p class='ocr_par' dir='ltr' id='par_1_13' title="bbox 762 1253 2339 1332">
     <span class='ocr_line' id='line_1_13' title="bbox 762 1253 2339 1332; baseline -0.001 -18"><span class='ocrx_word' id='word_1_86' title='bbox 762 1264 819 1314; x_wconf 77' lang='grc' dir='ltr'>δέ</span> <span class='ocrx_word' id='word_1_87' title='bbox 857 1264 1055 1332; x_wconf 75' lang='grc' dir='ltr'>μᾶλλον</span> <span class='ocrx_word' id='word_1_88' title='bbox 1107 1262 1431 1331; x_wconf 81' lang='grc' dir='ltr'>προσθήκην</span> <span class='ocrx_word' id='word_1_89' title='bbox 1486 1262 1584 1327; x_wconf 82' lang='grc' dir='ltr'>μὲν</span> <span class='ocrx_word' id='word_1_90' title='bbox 1620 1260 1777 1312; x_wconf 77' lang='grc' dir='ltr'>ἔλαϐε</span> <span class='ocrx_word' id='word_1_91' title='bbox 1820 1261 1920 1329; x_wconf 81' lang='grc' dir='ltr'>τὴν</span> <span class='ocrx_word' id='word_1_92' title='bbox 1952 1260 2046 1311; x_wconf 81' lang='grc' dir='ltr'>τοῦ</span> <span class='ocrx_word' id='word_1_93' title='bbox 2074 1260 2241 1328; x_wconf 69' lang='grc' dir='ltr'>’τυρὸς</span> <span class='ocrx_word' id='word_1_94' title='bbox 2279 1253 2339 1313; x_wconf 74' lang='grc' dir='ltr'>οῦ</span> 
     </span>
    </p>
   </div>
   <div class='ocr_carea' id='block_1_14' title="bbox 765 1353 2339 1422">
    <p class='ocr_par' dir='ltr' id='par_1_14' title="bbox 765 1353 2339 1422">
     <span class='ocr_line' id='line_1_14' title="bbox 765 1353 2339 1422; baseline -0.003 -16"><span class='ocrx_word' id='word_1_95' title='bbox 765 1355 862 1406; x_wconf 75' lang='grc' dir='ltr'>καὶ</span> <span class='ocrx_word' id='word_1_96' title='bbox 908 1354 1006 1422; x_wconf 78' lang='grc' dir='ltr'>την</span> <span class='ocrx_word' id='word_1_97' title='bbox 1054 1354 1339 1421; x_wconf 78' lang='grc' dir='ltr'>ἐνέργειαν</span> <span class='ocrx_word' id='word_1_98' title='bbox 1379 1355 1651 1421; x_wconf 77' lang='grc' dir='ltr'>ἐκτήσατο</span> <span class='ocrx_word' id='word_1_99' title='bbox 1684 1353 1782 1420; x_wconf 75' lang='grc' dir='ltr'>τῆς</span> <span class='ocrx_word' id='word_1_100' title='bbox 1815 1355 2001 1404; x_wconf 66' lang='grc' dir='ltr'>οὖσία-</span> <span class='ocrx_word' id='word_1_101' title='bbox 2034 1370 2091 1403; x_wconf 77' lang='grc' dir='ltr'>τε</span> <span class='ocrx_word' id='word_1_102' title='bbox 2127 1353 2220 1405; x_wconf 69' lang='grc' dir='ltr'>καὶ</span> <span class='ocrx_word' id='word_1_103' title='bbox 2255 1354 2339 1403; x_wconf 85' lang='grc' dir='ltr'>ἐν-</span> 
     </span>
    </p>
   </div>
   <div class='ocr_carea' id='block_1_15' title="bbox 767 1442 2343 1511">
    <p class='ocr_par' dir='ltr' id='par_1_15' title="bbox 767 1442 2343 1511">
     <span class='ocr_line' id='line_1_15' title="bbox 767 1442 2343 1511; baseline -0.003 -15"><span class='ocrx_word' id='word_1_104' title='bbox 767 1445 985 1511; x_wconf 82' lang='grc' dir='ltr'>εργείας</span> <span class='ocrx_word' id='word_1_105' title='bbox 1038 1446 1128 1497; x_wconf 77' lang='grc' dir='ltr'>καὶ</span> <span class='ocrx_word' id='word_1_106' title='bbox 1174 1444 1487 1510; x_wconf 83' lang='grc' dir='ltr'>δυνάμεως;</span> <span class='ocrx_word' id='word_1_107' title='bbox 1537 1445 1631 1494; x_wconf 75' lang='grc' dir='ltr'>καὶ</span> <span class='ocrx_word' id='word_1_108' title='bbox 1666 1442 1842 1504; x_wconf 77' lang='grc' dir='ltr'>ἄλλως</span> <span class='ocrx_word' id='word_1_109' title='bbox 1874 1442 1927 1492; x_wconf 74' lang='grc' dir='ltr'>δὲ</span> <span class='ocrx_word' id='word_1_110' title='bbox 1960 1443 2020 1492; x_wconf 67' lang='grc' dir='ltr'>τὸ</span> <span class='ocrx_word' id='word_1_111' title='bbox 2049 1442 2343 1509; x_wconf 71' lang='grc' dir='ltr'>λεγόμενον</span> 
     </span>
    </p>
   </div>
   <div class='ocr_carea' id='block_1_16' title="bbox 766 1528 2341 1602">
    <p class='ocr_par' dir='ltr' id='par_1_16' title="bbox 766 1528 2341 1602">
     <span class='ocr_line' id='line_1_16' title="bbox 766 1528 2341 1602; baseline -0.003 -16"><span class='ocrx_word' id='word_1_112' title='bbox 766 1535 1244 1602; x_wconf 84' lang='grc' dir='ltr'>διασαφηνίσωμεν</span> <span class='ocrx_word' id='word_1_113' title='bbox 1270 1548 1282 1561; x_wconf 87' lang='grc'><strong>·</strong></span> <span class='ocrx_word' id='word_1_114' title='bbox 1324 1533 1466 1584; x_wconf 82' lang='grc' dir='ltr'>ἔστω</span> <span class='ocrx_word' id='word_1_115' title='bbox 1505 1528 1641 1583; x_wconf 81' lang='grc' dir='ltr'>εἶναι</span> <span class='ocrx_word' id='word_1_116' title='bbox 1678 1535 1828 1602; x_wconf 83' lang='grc' dir='ltr'>τρεῖς</span> <span class='ocrx_word' id='word_1_117' title='bbox 1860 1533 2021 1583; x_wconf 75' lang='grc' dir='ltr'>πάλιν</span> <span class='ocrx_word' id='word_1_118' title='bbox 2054 1533 2341 1600; x_wconf 77' lang='grc' dir='ltr'>άδριάντας</span> 
     </span>
    </p>
   </div>
   <div class='ocr_carea' id='block_1_17' title="bbox 766 1622 2346 1695">
    <p class='ocr_par' dir='ltr' id='par_1_17' title="bbox 766 1622 2346 1695">
     <span class='ocr_line' id='line_1_17' title="bbox 766 1622 2346 1695; baseline -0.003 -18"><span class='ocrx_word' id='word_1_119' title='bbox 766 1627 1019 1695; x_wconf 73' lang='grc' dir='ltr'>χαλκούςο</span> <span class='ocrx_word' id='word_1_120' title='bbox 1059 1624 1154 1677; x_wconf 76' lang='grc' dir='ltr'>καὶ</span> <span class='ocrx_word' id='word_1_121' title='bbox 1184 1624 1578 1694; x_wconf 68' lang='grc' dir='ltr'>ἀιαχρισθῆναι</span> <span class='ocrx_word' id='word_1_122' title='bbox 1608 1624 1785 1692; x_wconf 75' lang='grc' dir='ltr'>κηρῷ,</span> <span class='ocrx_word' id='word_1_123' title='bbox 1823 1624 1992 1691; x_wconf 76' lang='grc' dir='ltr'>ἤγουν</span> <span class='ocrx_word' id='word_1_124' title='bbox 2021 1622 2346 1692; x_wconf 82' lang='grc' dir='ltr'>ἀναμαχθῆ-</span> 
     </span>
    </p>
   </div>
   <div class='ocr_carea' id='block_1_18' title="bbox 2447 534 4029 605">
    <p class='ocr_par' dir='ltr' id='par_1_18' title="bbox 2447 534 4029 605">
     <span class='ocr_line' id='line_1_18' title="bbox 2447 534 4029 605; baseline -0.001 -16"><span class='ocrx_word' id='word_1_125' title='bbox 2447 536 2646 605; x_wconf 71' lang='grc' dir='ltr'>χαλκὸν</span> <span class='ocrx_word' id='word_1_126' title='bbox 2700 536 2795 587; x_wconf 80' lang='grc' dir='ltr'>καὶ</span> <span class='ocrx_word' id='word_1_127' title='bbox 2844 534 3025 603; x_wconf 85' lang='grc' dir='ltr'>ἀφανῆ</span> <span class='ocrx_word' id='word_1_128' title='bbox 3075 534 3334 601; x_wconf 87' lang='grc' dir='ltr'>γενέσθαι</span> <span class='ocrx_word' id='word_1_129' title='bbox 3382 538 3447 605; x_wconf 80' lang='grc' dir='ltr'>τῇ</span> <span class='ocrx_word' id='word_1_130' title='bbox 3493 534 3642 604; x_wconf 55' lang='lat' dir='ltr'>64am-</span> <span class='ocrx_word' id='word_1_131' title='bbox 3680 536 3826 604; x_wconf 84' lang='grc' dir='ltr'>λέγει</span> <span class='ocrx_word' id='word_1_132' title='bbox 3861 536 4029 590; x_wconf 79' lang='grc' dir='ltr'>αὐτὸν</span> 
     </span>
    </p>
   </div>
   <div class='ocr_carea' id='block_1_19' title="bbox 2451 624 4027 696">
    <p class='ocr_par' dir='ltr' id='par_1_19' title="bbox 2451 624 4027 696">
     <span class='ocr_line' id='line_1_19' title="bbox 2451 624 4027 696; baseline 0.001 -20"><span class='ocrx_word' id='word_1_133' title='bbox 2451 625 2713 695; x_wconf 80' lang='grc' dir='ltr'>βλαϐῆναί</span> <span class='ocrx_word' id='word_1_134' title='bbox 2744 640 2827 685; x_wconf 80' lang='grc' dir='ltr'>τις</span> <span class='ocrx_word' id='word_1_135' title='bbox 2858 625 2937 686; x_wconf 88' lang='grc' dir='ltr'>εἰς</span> <span class='ocrx_word' id='word_1_136' title='bbox 2967 624 3065 691; x_wconf 86' lang='grc' dir='ltr'>τὴν</span> <span class='ocrx_word' id='word_1_137' title='bbox 3094 624 3230 676; x_wconf 82' lang='grc' dir='ltr'>ἰδίαν</span> <span class='ocrx_word' id='word_1_138' title='bbox 3257 624 3466 689; x_wconf 82' lang='grc' dir='ltr'>οὐσίαν,</span> <span class='ocrx_word' id='word_1_139' title='bbox 3493 625 3584 677; x_wconf 85' lang='grc' dir='ltr'>διὰ</span> <span class='ocrx_word' id='word_1_140' title='bbox 3611 625 3709 694; x_wconf 79' lang='grc' dir='ltr'>τὴν</span> <span class='ocrx_word' id='word_1_141' title='bbox 3734 627 3827 679; x_wconf 83' lang='grc' dir='ltr'>τοῦ</span> <span class='ocrx_word' id='word_1_142' title='bbox 3853 625 4027 696; x_wconf 79' lang='grc' dir='ltr'>κηροῦ</span> 
     </span>
    </p>
   </div>
   <div class='ocr_carea' id='block_1_20' title="bbox 2447 715 4026 784">
    <p class='ocr_par' dir='ltr' id='par_1_20' title="bbox 2447 715 4026 784">
     <span class='ocr_line' id='line_1_20' title="bbox 2447 715 4026 784; baseline 0.003 -17"><span class='ocrx_word' id='word_1_143' title='bbox 2447 716 2481 784; x_wconf 83' lang='grc' dir='ltr'><strong>ἢ</strong></span> <span class='ocrx_word' id='word_1_144' title='bbox 2529 718 2637 768; x_wconf 88' lang='grc' dir='ltr'>τῶν</span> <span class='ocrx_word' id='word_1_145' title='bbox 2690 716 2863 768; x_wconf 81' lang='grc' dir='ltr'>ἄλλων</span> <span class='ocrx_word' id='word_1_146' title='bbox 2920 715 3260 784; x_wconf 77' lang='grc' dir='ltr'>πρόσληψιν,</span> <span class='ocrx_word' id='word_1_147' title='bbox 3328 716 3389 769; x_wconf 89' lang='grc' dir='ltr'>οὐ</span> <span class='ocrx_word' id='word_1_148' title='bbox 3444 717 3592 784; x_wconf 85' lang='grc' dir='ltr'>λέγει</span> <span class='ocrx_word' id='word_1_149' title='bbox 3642 716 3697 769; x_wconf 79' lang='grc' dir='ltr'>δὲ</span> <span class='ocrx_word' id='word_1_150' title='bbox 3754 716 4026 781; x_wconf 72' lang='grc' dir='ltr'>σώζεσθαι</span> 
     </span>
    </p>
   </div>
   <div class='ocr_carea' id='block_1_21' title="bbox 2450 805 4028 879">
    <p class='ocr_par' dir='ltr' id='par_1_21' title="bbox 2450 805 4028 879">
     <span class='ocr_line' id='line_1_21' title="bbox 2450 805 4028 879; baseline 0.003 -20"><span class='ocrx_word' id='word_1_151' title='bbox 2450 808 2507 859; x_wconf 91' lang='grc' dir='ltr'>ἐν</span> <span class='ocrx_word' id='word_1_152' title='bbox 2537 807 2686 876; x_wconf 85' lang='grc' dir='ltr'>αὐτῷ</span> <span class='ocrx_word' id='word_1_153' title='bbox 2718 809 2813 868; x_wconf 68' lang='grc' dir='ltr'>τὰς</span> <span class='ocrx_word' id='word_1_154' title='bbox 2844 805 2937 857; x_wconf 75' lang='grc' dir='ltr'>δύο</span> <span class='ocrx_word' id='word_1_155' title='bbox 2968 806 3064 858; x_wconf 88' lang='grc' dir='ltr'>τοῦ</span> <span class='ocrx_word' id='word_1_156' title='bbox 3089 825 3147 859; x_wconf 90' lang='grc' dir='ltr'>τε</span> <span class='ocrx_word' id='word_1_157' title='bbox 3181 806 3382 876; x_wconf 80' lang='grc' dir='ltr'>χαλκοῦ</span> <span class='ocrx_word' id='word_1_158' title='bbox 3421 810 3515 860; x_wconf 79' lang='grc' dir='ltr'>καὶ</span> <span class='ocrx_word' id='word_1_159' title='bbox 3543 808 3636 861; x_wconf 79' lang='grc' dir='ltr'>τοῦ</span> <span class='ocrx_word' id='word_1_160' title='bbox 3664 810 3835 879; x_wconf 87' lang='grc' dir='ltr'>κηροῦ</span> <span class='ocrx_word' id='word_1_161' title='bbox 3868 810 3901 879; x_wconf 80' lang='grc' dir='ltr'>ἦ</span> <span class='ocrx_word' id='word_1_162' title='bbox 3930 809 4028 864; x_wconf 83' lang='grc' dir='ltr'>τοῦ</span> 
     </span>
    </p>
   </div>
   <div class='ocr_carea' id='block_1_22' title="bbox 2450 894 4029 970">
    <p class='ocr_par' dir='ltr' id='par_1_22' title="bbox 2450 894 4029 970">
     <span class='ocr_line' id='line_1_22' title="bbox 2450 894 4029 970; baseline 0.004 -20"><span class='ocrx_word' id='word_1_163' title='bbox 2450 899 2650 968; x_wconf 64' lang='grc' dir='ltr'>χρυσοῦ</span> <span class='ocrx_word' id='word_1_164' title='bbox 2687 899 2876 968; x_wconf 77' lang='grc' dir='ltr'>φύσεις</span> <span class='ocrx_word' id='word_1_165' title='bbox 2903 898 3252 967; x_wconf 83' lang='grc' dir='ltr'>ἁλωϐήτους;</span> <span class='ocrx_word' id='word_1_166' title='bbox 3293 894 3409 951; x_wconf 83' lang='grc' dir='ltr'>εἶτα</span> <span class='ocrx_word' id='word_1_167' title='bbox 3445 900 3518 968; x_wconf 77' lang='grc' dir='ltr'>μὴ</span> <span class='ocrx_word' id='word_1_168' title='bbox 3546 901 3820 969; x_wconf 80' lang='grc' dir='ltr'>δυνάμεθα</span> <span class='ocrx_word' id='word_1_169' title='bbox 3848 901 4029 970; x_wconf 85' lang='grc' dir='ltr'>λέγειν</span> 
     </span>
    </p>
   </div>
   <div class='ocr_carea' id='block_1_23' title="bbox 2450 992 4031 1064">
    <p class='ocr_par' dir='ltr' id='par_1_23' title="bbox 2450 992 4031 1064">
     <span class='ocr_line' id='line_1_23' title="bbox 2450 992 4031 1064; baseline 0.003 -20"><span class='ocrx_word' id='word_1_170' title='bbox 2450 993 2724 1062; x_wconf 81' lang='grc' dir='ltr'>τέσσαρας</span> <span class='ocrx_word' id='word_1_171' title='bbox 2769 992 3022 1061; x_wconf 86' lang='grc' dir='ltr'>γενέσθαι</span> <span class='ocrx_word' id='word_1_172' title='bbox 3070 992 3267 1055; x_wconf 71' lang='grc' dir='ltr'>αὐτοὺς</span> <span class='ocrx_word' id='word_1_173' title='bbox 3311 992 3632 1063; x_wconf 72' lang='grc' dir='ltr'>ἀνδριάντας</span> <span class='ocrx_word' id='word_1_174' title='bbox 3679 994 3764 1049; x_wconf 74' lang='grc' dir='ltr'>διά</span> <span class='ocrx_word' id='word_1_175' title='bbox 3808 996 3912 1064; x_wconf 79' lang='grc' dir='ltr'>τὴν</span> <span class='ocrx_word' id='word_1_176' title='bbox 3942 1013 4031 1063; x_wconf 81' lang='grc' dir='ltr'>γιο</span> 
     </span>
    </p>
   </div>
   <div class='ocr_carea' id='block_1_24' title="bbox 2451 1083 4028 1157">
    <p class='ocr_par' dir='ltr' id='par_1_24' title="bbox 2451 1083 4028 1157">
     <span class='ocr_line' id='line_1_24' title="bbox 2451 1083 4028 1157; baseline 0.004 -23"><span class='ocrx_word' id='word_1_177' title='bbox 2451 1085 2682 1153; x_wconf 88' lang='grc' dir='ltr'>νομένην</span> <span class='ocrx_word' id='word_1_178' title='bbox 2712 1083 3031 1153; x_wconf 74' lang='grc' dir='ltr'>προσθήκην</span> <span class='ocrx_word' id='word_1_179' title='bbox 3053 1098 3066 1112; x_wconf 91' lang='grc'><strong>·</strong></span> <span class='ocrx_word' id='word_1_180' title='bbox 3104 1083 3299 1136; x_wconf 84' lang='grc' dir='ltr'>οὐκοῦν</span> <span class='ocrx_word' id='word_1_181' title='bbox 3331 1084 3406 1152; x_wconf 77' lang='grc' dir='ltr'>τῷ</span> <span class='ocrx_word' id='word_1_182' title='bbox 3436 1085 3585 1152; x_wconf 87' lang='grc' dir='ltr'>αὐτῴ</span> <span class='ocrx_word' id='word_1_183' title='bbox 3614 1087 4028 1157; x_wconf 78' lang='grc' dir='ltr'>παραδείγματι</span> 
     </span>
    </p>
   </div>
   <div class='ocr_carea' id='block_1_25' title="bbox 2448 1174 4030 1244">
    <p class='ocr_par' dir='ltr' id='par_1_25' title="bbox 2448 1174 4030 1244">
     <span class='ocr_line' id='line_1_25' title="bbox 2448 1174 4030 1244; baseline 0.003 -19"><span class='ocrx_word' id='word_1_184' title='bbox 2448 1175 2521 1235; x_wconf 75' lang='grc' dir='ltr'>ὡς</span> <span class='ocrx_word' id='word_1_185' title='bbox 2576 1174 2639 1224; x_wconf 82' lang='grc' dir='ltr'>ἐκ</span> <span class='ocrx_word' id='word_1_186' title='bbox 2690 1174 2798 1226; x_wconf 87' lang='grc' dir='ltr'>τῶν</span> <span class='ocrx_word' id='word_1_187' title='bbox 2852 1174 3060 1243; x_wconf 80' lang='grc' dir='ltr'>μικρῶν</span> <span class='ocrx_word' id='word_1_188' title='bbox 3116 1174 3183 1225; x_wconf 85' lang='grc' dir='ltr'>τά</span> <span class='ocrx_word' id='word_1_189' title='bbox 3235 1176 3449 1241; x_wconf 86' lang='grc' dir='ltr'>μεγάλα</span> <span class='ocrx_word' id='word_1_190' title='bbox 3495 1178 3891 1244; x_wconf 74' lang='grc' dir='ltr'>στοχάσασθαι,</span> <span class='ocrx_word' id='word_1_191' title='bbox 3930 1179 4030 1232; x_wconf 72' lang='grc' dir='ltr'>καὶ</span> 
     </span>
    </p>
   </div>
   <div class='ocr_carea' id='block_1_26' title="bbox 2453 1262 4028 1335">
    <p class='ocr_par' dir='ltr' id='par_1_26' title="bbox 2453 1262 4028 1335">
     <span class='ocr_line' id='line_1_26' title="bbox 2453 1262 4028 1335; baseline 0.004 -22"><span class='ocrx_word' id='word_1_192' title='bbox 2453 1262 2723 1331; x_wconf 80' lang='grc' dir='ltr'>ἀμυδραῖς</span> <span class='ocrx_word' id='word_1_193' title='bbox 2770 1278 2908 1313; x_wconf 79' lang='grc' dir='ltr'>τισιν</span> <span class='ocrx_word' id='word_1_194' title='bbox 2940 1262 3111 1314; x_wconf 71' lang='grc' dir='ltr'>εἰκόσι</span> <span class='ocrx_word' id='word_1_195' title='bbox 3154 1262 3253 1331; x_wconf 80' lang='grc' dir='ltr'>τὴν</span> <span class='ocrx_word' id='word_1_196' title='bbox 3288 1262 3552 1332; x_wconf 83' lang='grc' dir='ltr'>ἀλήθειαν</span> <span class='ocrx_word' id='word_1_197' title='bbox 3578 1266 4028 1335; x_wconf 69' lang='grc' dir='ltr'>ἐνοπτρίσασθαι,</span> 
     </span>
    </p>
   </div>
   <div class='ocr_carea' id='block_1_27' title="bbox 2452 1350 4028 1422">
    <p class='ocr_par' dir='ltr' id='par_1_27' title="bbox 2452 1350 4028 1422">
     <span class='ocr_line' id='line_1_27' title="bbox 2452 1350 4028 1422; baseline 0.004 -20"><span class='ocrx_word' id='word_1_198' title='bbox 2452 1354 2664 1421; x_wconf 78' lang='grc' dir='ltr'>νοήσεις</span> <span class='ocrx_word' id='word_1_199' title='bbox 2697 1352 2790 1402; x_wconf 70' lang='grc' dir='ltr'>καὶ</span> <span class='ocrx_word' id='word_1_200' title='bbox 2823 1352 2913 1402; x_wconf 64' lang='grc' dir='ltr'>ἐπὶ</span> <span class='ocrx_word' id='word_1_201' title='bbox 2945 1350 3178 1420; x_wconf 79' lang='grc' dir='ltr'>Χριστοῦ</span> <span class='ocrx_word' id='word_1_202' title='bbox 3210 1350 3303 1403; x_wconf 76' lang='grc' dir='ltr'>δύο</span> <span class='ocrx_word' id='word_1_203' title='bbox 3331 1350 3429 1419; x_wconf 78' lang='grc' dir='ltr'>μὲν</span> <span class='ocrx_word' id='word_1_204' title='bbox 3456 1352 3555 1414; x_wconf 73' lang='grc' dir='ltr'>τὰς</span> <span class='ocrx_word' id='word_1_205' title='bbox 3582 1354 3792 1420; x_wconf 87' lang='grc' dir='ltr'>φύσεις,</span> <span class='ocrx_word' id='word_1_206' title='bbox 3821 1354 3952 1422; x_wconf 88' lang='grc' dir='ltr'>μίαν</span> <span class='ocrx_word' id='word_1_207' title='bbox 3972 1356 4028 1408; x_wconf 74' lang='grc' dir='ltr'>δὲ</span> 
     </span>
    </p>
   </div>
   <div class='ocr_carea' id='block_1_28' title="bbox 2449 1444 4026 1515">
    <p class='ocr_par' dir='ltr' id='par_1_28' title="bbox 2449 1444 4026 1515">
     <span class='ocr_line' id='line_1_28' title="bbox 2449 1444 4026 1515; baseline 0.001 -20"><span class='ocrx_word' id='word_1_208' title='bbox 2449 1446 2549 1511; x_wconf 70' lang='grc' dir='ltr'>τὴν</span> <span class='ocrx_word' id='word_1_209' title='bbox 2597 1445 2896 1495; x_wconf 74' lang='grc' dir='ltr'>ὑπόστασιν</span> <span class='ocrx_word' id='word_1_210' title='bbox 2919 1459 2933 1472; x_wconf 89' lang='grc'><strong>·</strong></span> <span class='ocrx_word' id='word_1_211' title='bbox 2981 1444 3076 1493; x_wconf 71' lang='grc' dir='ltr'>καὶ</span> <span class='ocrx_word' id='word_1_212' title='bbox 3110 1444 3431 1513; x_wconf 75' lang='grc' dir='ltr'>προσθήκην</span> <span class='ocrx_word' id='word_1_213' title='bbox 3462 1447 3526 1515; x_wconf 78' lang='grc' dir='ltr'>τῇ</span> <span class='ocrx_word' id='word_1_214' title='bbox 3555 1446 3742 1515; x_wconf 81' lang='grc' dir='ltr'>Τριάδι</span> <span class='ocrx_word' id='word_1_215' title='bbox 3771 1446 4026 1513; x_wconf 84' lang='grc' dir='ltr'>γενέσθαι</span> 
     </span>
    </p>
   </div>
   <div class='ocr_carea' id='block_1_29' title="bbox 2451 1534 3118 1605">
    <p class='ocr_par' dir='ltr' id='par_1_29' title="bbox 2451 1534 3118 1605">
     <span class='ocr_line' id='line_1_29' title="bbox 2451 1534 3118 1605; baseline 0.001 -17"><span class='ocrx_word' id='word_1_216' title='bbox 2451 1536 2701 1605; x_wconf 67' lang='grc' dir='ltr'>οὐδαμῶς</span> <span class='ocrx_word' id='word_1_217' title='bbox 2734 1534 3118 1597; x_wconf 79' lang='grc' dir='ltr'>ὐποπτεύσεις.</span> 
     </span>
    </p>
   </div>
   <div class='ocr_carea' id='block_1_30' title="bbox 764 1731 4028 1857">
    <p class='ocr_par' dir='ltr' id='par_1_30' title="bbox 764 1731 4028 1857">
     <span class='ocr_line' id='line_1_30' title="bbox 764 1731 4028 1857; baseline -0.001 -64"><span class='ocrx_word' id='word_1_218' title='bbox 764 1740 883 1793; x_wconf 90' lang='lat' dir='ltr'>Duo</span> <span class='ocrx_word' id='word_1_219' title='bbox 924 1738 991 1791; x_wconf 84' lang='lat' dir='ltr'>dc</span> <span class='ocrx_word' id='word_1_220' title='bbox 1026 1737 1129 1790; x_wconf 79' lang='lat' dir='ltr'>hoc</span> <span class='ocrx_word' id='word_1_221' title='bbox 1169 1745 1495 1805; x_wconf 76' lang='lat' dir='ltr'>argumento</span> <span class='ocrx_word' id='word_1_222' title='bbox 1542 1736 1846 1805; x_wconf 76' lang='lat' dir='ltr'>fragmenta</span> <span class='ocrx_word' id='word_1_223' title='bbox 1893 1737 2074 1805; x_wconf 71' lang='lat' dir='ltr'>lugere</span> <span class='ocrx_word' id='word_1_224' title='bbox 2104 1745 2187 1789; x_wconf 76' lang='lat' dir='ltr'>cst</span> <span class='ocrx_word' id='word_1_225' title='bbox 2241 1731 2635 1857; x_wconf 48' lang='grc' dir='ltr'>ἰῗιρὲωοιίὒτέ)</span> <span class='ocrx_word' id='word_1_226' title='bbox 2783 1735 3008 1789; x_wconf 81' lang='lat' dir='ltr'>Joannis</span> <span class='ocrx_word' id='word_1_227' title='bbox 3039 1736 3357 1790; x_wconf 79' lang='lat' dir='ltr'>Damasccni</span> <span class='ocrx_word' id='word_1_228' title='bbox 3412 1733 3620 1787; x_wconf 81' lang='lat' dir='ltr'>I’alrol.</span> <span class='ocrx_word' id='word_1_229' title='bbox 3674 1741 3808 1788; x_wconf 68' lang='lat' dir='ltr'>(om.</span> <span class='ocrx_word' id='word_1_230' title='bbox 3839 1734 4028 1801; x_wconf 69' lang='lat' dir='ltr'>XCIV,</span> 
     </span>
     <span class='ocr_line' id='line_1_31' title="bbox 2198 1821 2655 1857; baseline -0.004 0"><span class='ocrx_word' id='word_1_231' title='bbox 2198 1821 2304 1857; x_wconf 86' lang='lat' dir='ltr'>co.</span> <span class='ocrx_word' id='word_1_232' title='bbox 2346 1842 2376 1857; x_wconf 89' lang='grc'>..</span> <span class='ocrx_word' id='word_1_233' title='bbox 2455 1844 2468 1857; x_wconf 90' lang='grc'>.</span> <span class='ocrx_word' id='word_1_234' title='bbox 2570 1842 2573 1843; x_wconf 48' lang='grc' dir='ltr'><em>ν</em></span> <span class='ocrx_word' id='word_1_235' title='bbox 2642 1842 2655 1855; x_wconf 93' lang='grc'>.</span> 
     </span>
    </p>
   </div>
   <div class='ocr_carea' id='block_1_31' title="bbox 2198 1821 2655 1866">
    <p class='ocr_par' dir='ltr' id='par_1_31' title="bbox 2198 1821 2655 1866">
     <span class='ocr_line' id='line_1_32' title="bbox 2198 1821 2655 1866; baseline -0.009 -7"><span class='ocrx_word' id='word_1_236' title='bbox 2198 1821 2304 1859; x_wconf 71' lang='lat' dir='ltr'>con.</span> <span class='ocrx_word' id='word_1_237' title='bbox 2341 1821 2468 1866; x_wconf 68' lang='lat' dir='ltr'>2w,</span> <span class='ocrx_word' id='word_1_238' title='bbox 2498 1821 2655 1857; x_wconf 75' lang='lat' dir='ltr'>ww.</span> 
     </span>
    </p>
   </div>
   <div class='ocr_carea' id='block_1_32' title="bbox 2358 1988 2441 2049">
    <p class='ocr_par' dir='ltr' id='par_1_32' title="bbox 2358 1988 2441 2049">
     <span class='ocr_line' id='line_1_33' title="bbox 2358 1988 2441 2049; baseline 0.048 -4"><span class='ocrx_word' id='word_1_239' title='bbox 2358 1988 2441 2049; x_wconf 90' lang='lat' dir='ltr'>II.</span> 
     </span>
    </p>
   </div>
   <div class='ocr_carea' id='block_1_33' title="bbox 781 2095 4036 2170">
    <p class='ocr_par' dir='ltr' id='par_1_33' title="bbox 781 2095 4036 2170">
     <span class='ocr_line' id='line_1_34' title="bbox 781 2095 4036 2170; baseline -0.001 -16"><span class='ocrx_word' id='word_1_240' title='bbox 781 2103 1170 2155; x_wconf 71' lang='grc' dir='ltr'>’Λναστίισίου</span> <span class='ocrx_word' id='word_1_241' title='bbox 1206 2099 1563 2165; x_wconf 70' lang='grc' dir='ltr'>Ἀντιοχείας</span> <span class='ocrx_word' id='word_1_242' title='bbox 1608 2098 1683 2170; x_wconf 42' lang='grc' dir='ltr'>-ἑκ</span> <span class='ocrx_word' id='word_1_243' title='bbox 1725 2095 1844 2150; x_wconf 83' lang='grc' dir='ltr'>τῶν</span> <span class='ocrx_word' id='word_1_244' title='bbox 1882 2095 2041 2150; x_wconf 82' lang='grc' dir='ltr'>Κατὰ</span> <span class='ocrx_word' id='word_1_245' title='bbox 2075 2096 2180 2150; x_wconf 80' lang='grc' dir='ltr'>τοῦ</span> <span class='ocrx_word' id='word_1_246' title='bbox 2206 2096 2355 2150; x_wconf 82' lang='grc' dir='ltr'>διαι-</span> <span class='ocrx_word' id='word_1_247' title='bbox 2392 2113 2433 2169; x_wconf 76' lang='grc' dir='ltr'><strong>Β</strong></span> <span class='ocrx_word' id='word_1_248' title='bbox 2461 2100 2535 2164; x_wconf 84' lang='grc' dir='ltr'>ὡς</span> <span class='ocrx_word' id='word_1_249' title='bbox 2586 2098 2652 2152; x_wconf 86' lang='grc' dir='ltr'>ἂν</span> <span class='ocrx_word' id='word_1_250' title='bbox 2695 2100 2778 2170; x_wconf 79' lang='grc' dir='ltr'>εἴη</span> <span class='ocrx_word' id='word_1_251' title='bbox 2812 2099 3081 2167; x_wconf 81' lang='grc' dir='ltr'>λεγόντων</span> <span class='ocrx_word' id='word_1_252' title='bbox 3122 2098 3279 2169; x_wconf 78' lang='grc' dir='ltr'>ἡμῶν</span> <span class='ocrx_word' id='word_1_253' title='bbox 3325 2100 3405 2152; x_wconf 79' lang='grc' dir='ltr'>δτι</span> <span class='ocrx_word' id='word_1_254' title='bbox 3442 2099 3517 2170; x_wconf 78' lang='grc' dir='ltr'>μὴ</span> <span class='ocrx_word' id='word_1_255' title='bbox 3549 2098 3858 2152; x_wconf 73' lang='grc' dir='ltr'>διαλλάττει</span> <span class='ocrx_word' id='word_1_256' title='bbox 3891 2101 4036 2153; x_wconf 71' lang='grc' dir='ltr'>κατέ.</span> 
     </span>
    </p>
   </div>
   <div class='ocr_carea' id='block_1_34' title="bbox 1454 2168 1656 2233">
    <p class='ocr_par' dir='ltr' id='par_1_34' title="bbox 1454 2168 1656 2233">
     <span class='ocr_line' id='line_1_35' title="bbox 1454 2168 1656 2233; baseline 0 -14"><span class='ocrx_word' id='word_1_257' title='bbox 1454 2168 1656 2233; x_wconf 76' lang='grc' dir='ltr'>τητοῦ.</span> 
     </span>
    </p>
   </div>
   <div class='ocr_carea' id='block_1_35' title="bbox 844 2272 2348 2347">
    <p class='ocr_par' dir='ltr' id='par_1_35' title="bbox 844 2272 2348 2347">
     <span class='ocr_line' id='line_1_36' title="bbox 844 2272 2348 2347; baseline 0.001 -17"><span class='ocrx_word' id='word_1_258' title='bbox 844 2278 963 2330; x_wconf 83' lang='grc' dir='ltr'>Κᾶν</span> <span class='ocrx_word' id='word_1_259' title='bbox 998 2278 1124 2346; x_wconf 80' lang='grc' dir='ltr'>μιᾶς</span> <span class='ocrx_word' id='word_1_260' title='bbox 1155 2272 1297 2330; x_wconf 79' lang='grc' dir='ltr'>εἷναί</span> <span class='ocrx_word' id='word_1_261' title='bbox 1326 2293 1455 2329; x_wconf 89' lang='grc' dir='ltr'>ποτε</span> <span class='ocrx_word' id='word_1_262' title='bbox 1485 2278 1703 2344; x_wconf 81' lang='grc' dir='ltr'>λέγεται</span> <span class='ocrx_word' id='word_1_263' title='bbox 1736 2276 1952 2345; x_wconf 81' lang='grc' dir='ltr'>φύσεως</span> <span class='ocrx_word' id='word_1_264' title='bbox 1983 2280 2011 2329; x_wconf 96' lang='lat'>6</span> <span class='ocrx_word' id='word_1_265' title='bbox 2040 2278 2348 2347; x_wconf 81' lang='grc' dir='ltr'>ἄνθρωπος,</span> 
     </span>
    </p>
   </div>
   <div class='ocr_carea' id='block_1_36' title="bbox 771 2368 2355 2438">
    <p class='ocr_par' dir='ltr' id='par_1_36' title="bbox 771 2368 2355 2438">
     <span class='ocr_line' id='line_1_37' title="bbox 771 2368 2355 2438; baseline 0.003 -18"><span class='ocrx_word' id='word_1_266' title='bbox 771 2370 870 2438; x_wconf 83' lang='grc' dir='ltr'>οὐχ</span> <span class='ocrx_word' id='word_1_267' title='bbox 925 2372 953 2422; x_wconf 87' lang='lat'>6</span> <span class='ocrx_word' id='word_1_268' title='bbox 989 2370 1109 2422; x_wconf 86' lang='grc' dir='ltr'>καθ’</span> <span class='ocrx_word' id='word_1_269' title='bbox 1139 2371 1370 2422; x_wconf 74' lang='grc' dir='ltr'>ἕκαστον</span> <span class='ocrx_word' id='word_1_270' title='bbox 1395 2410 1409 2429; x_wconf 98' lang='grc'>,</span> <span class='ocrx_word' id='word_1_271' title='bbox 1462 2368 1578 2420; x_wconf 76' lang='grc' dir='ltr'>ἀλλ’</span> <span class='ocrx_word' id='word_1_272' title='bbox 1610 2371 1638 2420; x_wconf 85' lang='lat'>6</span> <span class='ocrx_word' id='word_1_273' title='bbox 1670 2370 1918 2433; x_wconf 81' lang='grc' dir='ltr'>καθόλου,</span> <span class='ocrx_word' id='word_1_274' title='bbox 1953 2370 2043 2423; x_wconf 67' lang='grc' dir='ltr'>διὰ</span> <span class='ocrx_word' id='word_1_275' title='bbox 2070 2370 2131 2422; x_wconf 74' lang='grc' dir='ltr'>τὸ</span> <span class='ocrx_word' id='word_1_276' title='bbox 2158 2373 2355 2424; x_wconf 74' lang='grc' dir='ltr'>ταυτὸν</span> 
     </span>
    </p>
   </div>
   <div class='ocr_carea' id='block_1_37' title="bbox 774 2461 2354 2531">
    <p class='ocr_par' dir='ltr' id='par_1_37' title="bbox 774 2461 2354 2531">
     <span class='ocr_line' id='line_1_38' title="bbox 774 2461 2354 2531; baseline 0.001 -18"><span class='ocrx_word' id='word_1_277' title='bbox 774 2462 870 2514; x_wconf 87' lang='grc' dir='ltr'>τοῦ</span> <span class='ocrx_word' id='word_1_278' title='bbox 902 2463 1073 2525; x_wconf 85' lang='grc' dir='ltr'>είδους</span> <span class='ocrx_word' id='word_1_279' title='bbox 1124 2464 1215 2514; x_wconf 76' lang='grc' dir='ltr'>καὶ</span> <span class='ocrx_word' id='word_1_280' title='bbox 1247 2462 1346 2530; x_wconf 75' lang='grc' dir='ltr'>τὴν</span> <span class='ocrx_word' id='word_1_281' title='bbox 1375 2462 1474 2530; x_wconf 82' lang='grc' dir='ltr'>τῆς</span> <span class='ocrx_word' id='word_1_282' title='bbox 1506 2461 1855 2528; x_wconf 78' lang='grc' dir='ltr'>κατασκευῆς</span> <span class='ocrx_word' id='word_1_283' title='bbox 1885 2462 2213 2531; x_wconf 81' lang='grc' dir='ltr'>ὁμοιότητα,</span> <span class='ocrx_word' id='word_1_284' title='bbox 2252 2465 2354 2531; x_wconf 75' lang='grc' dir='ltr'>τῆς</span> 
     </span>
    </p>
   </div>
   <div class='ocr_carea' id='block_1_38' title="bbox 770 2551 2352 2624">
    <p class='ocr_par' dir='ltr' id='par_1_38' title="bbox 770 2551 2352 2624">
     <span class='ocr_line' id='line_1_39' title="bbox 770 2551 2352 2624; baseline 0.001 -19"><span class='ocrx_word' id='word_1_285' title='bbox 770 2553 987 2622; x_wconf 82' lang='grc' dir='ltr'>φύσεως</span> <span class='ocrx_word' id='word_1_286' title='bbox 1019 2555 1141 2605; x_wconf 69' lang='grc' dir='ltr'>ἀντὶ</span> <span class='ocrx_word' id='word_1_287' title='bbox 1168 2553 1262 2604; x_wconf 85' lang='grc' dir='ltr'>τοῦ</span> <span class='ocrx_word' id='word_1_288' title='bbox 1293 2551 1476 2605; x_wconf 84' lang='grc' dir='ltr'>κοινοῦ</span> <span class='ocrx_word' id='word_1_289' title='bbox 1507 2552 1683 2615; x_wconf 79' lang='grc' dir='ltr'>εἴδους</span> <span class='ocrx_word' id='word_1_290' title='bbox 1715 2552 1809 2604; x_wconf 78' lang='grc' dir='ltr'>καὶ</span> <span class='ocrx_word' id='word_1_291' title='bbox 1830 2551 1925 2604; x_wconf 87' lang='grc' dir='ltr'>τοῦ</span> <span class='ocrx_word' id='word_1_292' title='bbox 1951 2554 2352 2624; x_wconf 77' lang='grc' dir='ltr'>παραπλησίως</span> 
     </span>
    </p>
   </div>
   <div class='ocr_carea' id='block_1_39' title="bbox 780 2644 2358 2715">
    <p class='ocr_par' dir='ltr' id='par_1_39' title="bbox 780 2644 2358 2715">
     <span class='ocr_line' id='line_1_40' title="bbox 780 2644 2358 2715; baseline 0.001 -18"><span class='ocrx_word' id='word_1_293' title='bbox 780 2645 1087 2713; x_wconf 76' lang='grc' dir='ltr'>πεφυκέναι</span> <span class='ocrx_word' id='word_1_294' title='bbox 1133 2644 1585 2714; x_wconf 89' lang='grc' dir='ltr'>λαμϐανομένης·</span> <span class='ocrx_word' id='word_1_295' title='bbox 1636 2644 1731 2694; x_wconf 80' lang='grc' dir='ltr'>καὶ</span> <span class='ocrx_word' id='word_1_296' title='bbox 1765 2644 1927 2697; x_wconf 80' lang='grc' dir='ltr'>πάλιν</span> <span class='ocrx_word' id='word_1_297' title='bbox 1956 2646 2017 2695; x_wconf 91' lang='grc' dir='ltr'>οὐ</span> <span class='ocrx_word' id='word_1_298' title='bbox 2045 2646 2225 2698; x_wconf 82' lang='grc' dir='ltr'>τοίνυν</span> <span class='ocrx_word' id='word_1_299' title='bbox 2260 2648 2358 2715; x_wconf 88' lang='grc' dir='ltr'>μία</span> 
     </span>
    </p>
   </div>
   <div class='ocr_carea' id='block_1_40' title="bbox 791 2735 2358 2806">
    <p class='ocr_par' dir='ltr' id='par_1_40' title="bbox 791 2735 2358 2806">
     <span class='ocr_line' id='line_1_41' title="bbox 791 2735 2358 2806; baseline 0 -16"><span class='ocrx_word' id='word_1_300' title='bbox 791 2739 951 2806; x_wconf 75' lang='grc' dir='ltr'>φύσις</span> <span class='ocrx_word' id='word_1_301' title='bbox 978 2736 1155 2806; x_wconf 73' lang='grc' dir='ltr'>ψυχῆς</span> <span class='ocrx_word' id='word_1_302' title='bbox 1180 2754 1237 2787; x_wconf 87' lang='grc' dir='ltr'>τε</span> <span class='ocrx_word' id='word_1_303' title='bbox 1269 2738 1360 2789; x_wconf 78' lang='grc' dir='ltr'>καὶ</span> <span class='ocrx_word' id='word_1_304' title='bbox 1388 2735 1668 2805; x_wconf 82' lang='grc' dir='ltr'>σώματος’</span> <span class='ocrx_word' id='word_1_305' title='bbox 1704 2737 1738 2805; x_wconf 79' lang='grc' dir='ltr'>ἡ</span> <span class='ocrx_word' id='word_1_306' title='bbox 1769 2736 1867 2803; x_wconf 81' lang='grc' dir='ltr'>μὲν</span> <span class='ocrx_word' id='word_1_307' title='bbox 1891 2737 2001 2806; x_wconf 81' lang='grc' dir='ltr'>γὰρ</span> <span class='ocrx_word' id='word_1_308' title='bbox 2023 2737 2215 2804; x_wconf 84' lang='grc' dir='ltr'>λογική</span> <span class='ocrx_word' id='word_1_309' title='bbox 2240 2738 2358 2790; x_wconf 86' lang='grc' dir='ltr'>ἐστι</span> 
     </span>
    </p>
   </div>
   <div class='ocr_carea' id='block_1_41' title="bbox 780 2827 2359 2899">
    <p class='ocr_par' dir='ltr' id='par_1_41' title="bbox 780 2827 2359 2899">
     <span class='ocr_line' id='line_1_42' title="bbox 780 2827 2359 2899; baseline -0.001 -15"><span class='ocrx_word' id='word_1_310' title='bbox 780 2829 875 2884; x_wconf 70' lang='lat' dir='ltr'><strong><em>xal</em></strong></span> <span class='ocrx_word' id='word_1_311' title='bbox 908 2829 1066 2897; x_wconf 80' lang='grc' dir='ltr'>νοερὰ</span> <span class='ocrx_word' id='word_1_312' title='bbox 1104 2832 1197 2881; x_wconf 73' lang='grc' dir='ltr'>καὶ</span> <span class='ocrx_word' id='word_1_313' title='bbox 1225 2827 1548 2896; x_wconf 82' lang='grc' dir='ltr'>ἀσώματος,</span> <span class='ocrx_word' id='word_1_314' title='bbox 1594 2827 1655 2879; x_wconf 83' lang='grc' dir='ltr'>τὸ</span> <span class='ocrx_word' id='word_1_315' title='bbox 1683 2827 1739 2879; x_wconf 74' lang='grc' dir='ltr'>δὲ</span> <span class='ocrx_word' id='word_1_316' title='bbox 1775 2828 1921 2897; x_wconf 79' lang='grc' dir='ltr'>παχύ</span> <span class='ocrx_word' id='word_1_317' title='bbox 1952 2846 2009 2880; x_wconf 84' lang='grc' dir='ltr'>τε</span> <span class='ocrx_word' id='word_1_318' title='bbox 2042 2830 2137 2882; x_wconf 77' lang='grc' dir='ltr'>καὶ</span> <span class='ocrx_word' id='word_1_319' title='bbox 2167 2829 2359 2899; x_wconf 77' lang='grc' dir='ltr'>θνητὸν</span> 
     </span>
    </p>
   </div>
   <div class='ocr_carea' id='block_1_42' title="bbox 777 2918 2359 2988">
    <p class='ocr_par' dir='ltr' id='par_1_42' title="bbox 777 2918 2359 2988">
     <span class='ocr_line' id='line_1_43' title="bbox 777 2918 2359 2988; baseline -0.001 -14"><span class='ocrx_word' id='word_1_320' title='bbox 777 2922 875 2974; x_wconf 70' lang='grc' dir='ltr'>καὶ</span> <span class='ocrx_word' id='word_1_321' title='bbox 903 2920 1095 2985; x_wconf 81' lang='grc' dir='ltr'>ἄλογον</span> <span class='ocrx_word' id='word_1_322' title='bbox 1114 2936 1127 2948; x_wconf 91' lang='grc'><strong>·</strong></span> <span class='ocrx_word' id='word_1_323' title='bbox 1163 2919 1226 2971; x_wconf 89' lang='grc' dir='ltr'>οὐ</span> <span class='ocrx_word' id='word_1_324' title='bbox 1261 2920 1391 2986; x_wconf 81' lang='grc' dir='ltr'>μιᾶς</span> <span class='ocrx_word' id='word_1_325' title='bbox 1417 2918 1472 2971; x_wconf 80' lang='grc' dir='ltr'>δὲ</span> <span class='ocrx_word' id='word_1_326' title='bbox 1507 2918 1628 2971; x_wconf 86' lang='grc' dir='ltr'>κατ’</span> <span class='ocrx_word' id='word_1_327' title='bbox 1655 2918 1847 2969; x_wconf 88' lang='grc' dir='ltr'>οὐσίαν</span> <span class='ocrx_word' id='word_1_328' title='bbox 1874 2919 2359 2988; x_wconf 84' lang='grc' dir='ltr'>ἀντιδιαιρούμενα</span> 
     </span>
    </p>
   </div>
   <div class='ocr_carea' id='block_1_43' title="bbox 773 3008 2360 3080">
    <p class='ocr_par' dir='ltr' id='par_1_43' title="bbox 773 3008 2360 3080">
     <span class='ocr_line' id='line_1_44' title="bbox 773 3008 2360 3080; baseline -0.003 -17"><span class='ocrx_word' id='word_1_329' title='bbox 773 3010 1014 3080; x_wconf 85' lang='grc' dir='ltr'>φύσεως,</span> <span class='ocrx_word' id='word_1_330' title='bbox 1049 3010 1110 3062; x_wconf 87' lang='grc' dir='ltr'>οὐ</span> <span class='ocrx_word' id='word_1_331' title='bbox 1146 3011 1273 3079; x_wconf 81' lang='grc' dir='ltr'>μιᾶς</span> <span class='ocrx_word' id='word_1_332' title='bbox 1306 3010 1413 3078; x_wconf 83' lang='grc' dir='ltr'>ἄρα</span> <span class='ocrx_word' id='word_1_333' title='bbox 1441 3026 1504 3077; x_wconf 90' lang='grc' dir='ltr'>γε</span> <span class='ocrx_word' id='word_1_334' title='bbox 1531 3009 1719 3071; x_wconf 77' lang='grc' dir='ltr'>οὐσίας</span> <span class='ocrx_word' id='word_1_335' title='bbox 1744 3011 1773 3060; x_wconf 83' lang='lat'>6</span> <span class='ocrx_word' id='word_1_336' title='bbox 1798 3009 2109 3079; x_wconf 78' lang='grc' dir='ltr'>ἄνθρωπος·</span> <span class='ocrx_word' id='word_1_337' title='bbox 2144 3009 2240 3061; x_wconf 81' lang='grc' dir='ltr'>καὶ</span> <span class='ocrx_word' id='word_1_338' title='bbox 2267 3008 2360 3061; x_wconf 86' lang='grc' dir='ltr'>ἄλ·-</span> 
     </span>
    </p>
   </div>
   <div class='ocr_carea' id='block_1_44' title="bbox 774 3099 2359 3171">
    <p class='ocr_par' dir='ltr' id='par_1_44' title="bbox 774 3099 2359 3171">
     <span class='ocr_line' id='line_1_45' title="bbox 774 3099 2359 3171; baseline -0.003 -16"><span class='ocrx_word' id='word_1_339' title='bbox 774 3102 884 3165; x_wconf 86' lang='grc' dir='ltr'>λως</span> <span class='ocrx_word' id='word_1_340' title='bbox 928 3101 1039 3171; x_wconf 92' lang='grc' dir='ltr'>γάρ</span> <span class='ocrx_word' id='word_1_341' title='bbox 1085 3100 1285 3168; x_wconf 82' lang='grc' dir='ltr'>φάναι,</span> <span class='ocrx_word' id='word_1_342' title='bbox 1332 3103 1382 3152; x_wconf 91' lang='grc' dir='ltr'>εί</span> <span class='ocrx_word' id='word_1_343' title='bbox 1417 3102 1525 3164; x_wconf 79' lang='grc' dir='ltr'>πᾶς</span> <span class='ocrx_word' id='word_1_344' title='bbox 1553 3102 1678 3170; x_wconf 84' lang='grc' dir='ltr'>ὅρος</span> <span class='ocrx_word' id='word_1_345' title='bbox 1707 3100 1815 3151; x_wconf 88' lang='grc' dir='ltr'>τῶν</span> <span class='ocrx_word' id='word_1_346' title='bbox 1845 3100 2222 3169; x_wconf 74' lang='grc' dir='ltr'>ὑποκειμένων</span> <span class='ocrx_word' id='word_1_347' title='bbox 2253 3099 2359 3169; x_wconf 85' lang='grc' dir='ltr'>φύ-</span> 
     </span>
    </p>
   </div>
   <div class='ocr_carea' id='block_1_45' title="bbox 776 3189 2363 3262">
    <p class='ocr_par' dir='ltr' id='par_1_45' title="bbox 776 3189 2363 3262">
     <span class='ocr_line' id='line_1_46' title="bbox 776 3189 2363 3262; baseline -0.003 -17"><span class='ocrx_word' id='word_1_348' title='bbox 776 3193 915 3246; x_wconf 85' lang='grc' dir='ltr'>σεὼν</span> <span class='ocrx_word' id='word_1_349' title='bbox 941 3195 1059 3245; x_wconf 87' lang='grc' dir='ltr'>ἐστι</span> <span class='ocrx_word' id='word_1_350' title='bbox 1091 3191 1413 3262; x_wconf 76' lang='grc' dir='ltr'>δηλωτικδς,</span> <span class='ocrx_word' id='word_1_351' title='bbox 1448 3190 1665 3258; x_wconf 78' lang='grc' dir='ltr'>λέγεται</span> <span class='ocrx_word' id='word_1_352' title='bbox 1698 3189 1818 3242; x_wconf 71' lang='grc' dir='ltr'>καθ’</span> <span class='ocrx_word' id='word_1_353' title='bbox 1844 3190 2075 3259; x_wconf 79' lang='grc' dir='ltr'>ὁρισμὸν</span> <span class='ocrx_word' id='word_1_354' title='bbox 2105 3189 2248 3252; x_wconf 76' lang='grc' dir='ltr'>ζῶον</span> <span class='ocrx_word' id='word_1_355' title='bbox 2277 3189 2363 3240; x_wconf 87' lang='grc' dir='ltr'>λο-</span> 
     </span>
    </p>
   </div>
   <div class='ocr_carea' id='block_1_46' title="bbox 773 3281 2361 3354">
    <p class='ocr_par' dir='ltr' id='par_1_46' title="bbox 773 3281 2361 3354">
     <span class='ocr_line' id='line_1_47' title="bbox 773 3281 2361 3354; baseline -0.003 -17"><span class='ocrx_word' id='word_1_356' title='bbox 773 3286 930 3353; x_wconf 76' lang='grc' dir='ltr'>γικὸν</span> <span class='ocrx_word' id='word_1_357' title='bbox 961 3285 1154 3354; x_wconf 82' lang='grc' dir='ltr'>θνητὸν</span> <span class='ocrx_word' id='word_1_358' title='bbox 1182 3286 1211 3336; x_wconf 88' lang='lat'>6</span> <span class='ocrx_word' id='word_1_359' title='bbox 1238 3283 1543 3351; x_wconf 84' lang='grc' dir='ltr'>ἄνθρωπος·</span> <span class='ocrx_word' id='word_1_360' title='bbox 1578 3284 1638 3335; x_wconf 90' lang='grc' dir='ltr'>οὐ</span> <span class='ocrx_word' id='word_1_361' title='bbox 1666 3282 1872 3334; x_wconf 73' lang='grc' dir='ltr'>ταυτὸν</span> <span class='ocrx_word' id='word_1_362' title='bbox 1894 3282 1951 3333; x_wconf 83' lang='grc' dir='ltr'>δὲ</span> <span class='ocrx_word' id='word_1_363' title='bbox 1978 3282 2117 3334; x_wconf 88' lang='grc' dir='ltr'>κατά</span> <span class='ocrx_word' id='word_1_364' title='bbox 2144 3281 2361 3349; x_wconf 80' lang='grc' dir='ltr'>φύσεως</span> 
     </span>
    </p>
   </div>
   <div class='ocr_carea' id='block_1_47' title="bbox 774 3372 2356 3443">
    <p class='ocr_par' dir='ltr' id='par_1_47' title="bbox 774 3372 2356 3443">
     <span class='ocr_line' id='line_1_48' title="bbox 774 3372 2356 3443; baseline -0.002 -16"><span class='ocrx_word' id='word_1_365' title='bbox 774 3375 938 3442; x_wconf 89' lang='grc' dir='ltr'>λόγον</span> <span class='ocrx_word' id='word_1_366' title='bbox 969 3375 1033 3427; x_wconf 78' lang='grc' dir='ltr'>τὸ</span> <span class='ocrx_word' id='word_1_367' title='bbox 1058 3374 1276 3441; x_wconf 81' lang='grc' dir='ltr'>λογικὸν</span> <span class='ocrx_word' id='word_1_368' title='bbox 1307 3373 1386 3443; x_wconf 84' lang='grc' dir='ltr'>τῷ</span> <span class='ocrx_word' id='word_1_369' title='bbox 1412 3372 1621 3442; x_wconf 84' lang='grc' dir='ltr'>θνητῷ,</span> <span class='ocrx_word' id='word_1_370' title='bbox 1656 3374 1757 3424; x_wconf 85' lang='grc' dir='ltr'>οὐκ</span> <span class='ocrx_word' id='word_1_371' title='bbox 1786 3373 1895 3441; x_wconf 85' lang='grc' dir='ltr'>ἄρα</span> <span class='ocrx_word' id='word_1_372' title='bbox 1930 3374 2060 3440; x_wconf 81' lang='grc' dir='ltr'>μιᾶς</span> <span class='ocrx_word' id='word_1_373' title='bbox 2086 3373 2172 3440; x_wconf 77' lang='grc' dir='ltr'>εἴη</span> <span class='ocrx_word' id='word_1_374' title='bbox 2203 3374 2231 3424; x_wconf 88' lang='grc' dir='ltr'><strong>ὁ</strong></span> <span class='ocrx_word' id='word_1_375' title='bbox 2258 3372 2356 3424; x_wconf 83' lang='grc' dir='ltr'>ἄν-</span> 
     </span>
    </p>
   </div>
   <div class='ocr_carea' id='block_1_48' title="bbox 781 3462 2354 3536">
    <p class='ocr_par' dir='ltr' id='par_1_48' title="bbox 781 3462 2354 3536">
     <span class='ocr_line' id='line_1_49' title="bbox 781 3462 2354 3536; baseline -0.002 -18"><span class='ocrx_word' id='word_1_376' title='bbox 781 3466 1001 3536; x_wconf 82' lang='grc' dir='ltr'>θρωπος</span> <span class='ocrx_word' id='word_1_377' title='bbox 1024 3466 1238 3533; x_wconf 78' lang='grc' dir='ltr'>φύσεως</span> <span class='ocrx_word' id='word_1_378' title='bbox 1263 3465 1403 3518; x_wconf 84' lang='grc' dir='ltr'>κατά</span> <span class='ocrx_word' id='word_1_379' title='bbox 1424 3464 1515 3517; x_wconf 77' lang='grc' dir='ltr'>τὸν</span> <span class='ocrx_word' id='word_1_380' title='bbox 1535 3464 1628 3518; x_wconf 90' lang='grc' dir='ltr'>τοῦ</span> <span class='ocrx_word' id='word_1_381' title='bbox 1650 3464 1855 3517; x_wconf 75' lang='grc' dir='ltr'>οἰκείου</span> <span class='ocrx_word' id='word_1_382' title='bbox 1878 3462 2111 3532; x_wconf 83' lang='grc' dir='ltr'>ὁρισμοῦ</span> <span class='ocrx_word' id='word_1_383' title='bbox 2133 3463 2354 3515; x_wconf 76' lang='grc' dir='ltr'>κανόναο</span> 
     </span>
    </p>
   </div>
   <div class='ocr_carea' id='block_1_49' title="bbox 787 3553 2362 3625">
    <p class='ocr_par' dir='ltr' id='par_1_49' title="bbox 787 3553 2362 3625">
     <span class='ocr_line' id='line_1_50' title="bbox 787 3553 2362 3625; baseline -0.003 -16"><span class='ocrx_word' id='word_1_384' title='bbox 787 3559 839 3609; x_wconf 86' lang='grc' dir='ltr'>εἰ</span> <span class='ocrx_word' id='word_1_385' title='bbox 877 3557 935 3610; x_wconf 73' lang='grc' dir='ltr'>δέ</span> <span class='ocrx_word' id='word_1_386' title='bbox 973 3556 1182 3625; x_wconf 86' lang='grc' dir='ltr'>λέγοιτό</span> <span class='ocrx_word' id='word_1_387' title='bbox 1223 3573 1353 3609; x_wconf 86' lang='grc' dir='ltr'>ποτε</span> <span class='ocrx_word' id='word_1_388' title='bbox 1399 3558 1528 3625; x_wconf 77' lang='grc' dir='ltr'>μιᾶς</span> <span class='ocrx_word' id='word_1_389' title='bbox 1560 3555 1776 3624; x_wconf 86' lang='grc' dir='ltr'>φύσεως</span> <span class='ocrx_word' id='word_1_390' title='bbox 1810 3557 1839 3607; x_wconf 87' lang='grc' dir='ltr'><strong>ὁ</strong></span> <span class='ocrx_word' id='word_1_391' title='bbox 1868 3554 2189 3625; x_wconf 81' lang='grc' dir='ltr'>ἄνθρωπος,</span> <span class='ocrx_word' id='word_1_392' title='bbox 2239 3553 2362 3606; x_wconf 79' lang='grc' dir='ltr'>ἀντὶ</span> 
     </span>
    </p>
   </div>
   <div class='ocr_carea' id='block_1_50' title="bbox 2455 2189 4037 2262">
    <p class='ocr_par' dir='ltr' id='par_1_50' title="bbox 2455 2189 4037 2262">
     <span class='ocr_line' id='line_1_51' title="bbox 2455 2189 4037 2262; baseline -0.002 -16"><span class='ocrx_word' id='word_1_393' title='bbox 2455 2210 2576 2246; x_wconf 86' lang='grc' dir='ltr'>τινα</span> <span class='ocrx_word' id='word_1_394' title='bbox 2637 2193 2849 2261; x_wconf 81' lang='grc' dir='ltr'>φύσεως</span> <span class='ocrx_word' id='word_1_395' title='bbox 2898 2192 3159 2261; x_wconf 74' lang='grc' dir='ltr'>διαφορὰν</span> <span class='ocrx_word' id='word_1_396' title='bbox 3212 2192 3496 2262; x_wconf 83' lang='grc' dir='ltr'>ἄνθρωπος</span> <span class='ocrx_word' id='word_1_397' title='bbox 3542 2192 3858 2260; x_wconf 76' lang='grc' dir='ltr'>ἀνθρώπου,</span> <span class='ocrx_word' id='word_1_398' title='bbox 3917 2189 4037 2243; x_wconf 68' lang='lat' dir='ltr'>an:</span> 
     </span>
    </p>
   </div>
   <div class='ocr_carea' id='block_1_51' title="bbox 2456 2281 4035 2352">
    <p class='ocr_par' dir='ltr' id='par_1_51' title="bbox 2456 2281 4035 2352">
     <span class='ocr_line' id='line_1_52' title="bbox 2456 2281 4035 2352; baseline -0.001 -15"><span class='ocrx_word' id='word_1_399' title='bbox 2456 2284 2719 2346; x_wconf 80' lang='grc' dir='ltr'>ὡσαύτως</span> <span class='ocrx_word' id='word_1_400' title='bbox 2749 2284 2895 2352; x_wconf 82' lang='grc' dir='ltr'>ἔχειν</span> <span class='ocrx_word' id='word_1_401' title='bbox 2926 2282 3176 2351; x_wconf 77' lang='grc' dir='ltr'>ἀλλήλοις</span> <span class='ocrx_word' id='word_1_402' title='bbox 3209 2283 3517 2350; x_wconf 81' lang='grc' dir='ltr'>πεφύκασιν</span> <span class='ocrx_word' id='word_1_403' title='bbox 3546 2282 3855 2351; x_wconf 84' lang='grc' dir='ltr'>ἄνθρωποι,</span> <span class='ocrx_word' id='word_1_404' title='bbox 3891 2281 4035 2335; x_wconf 86' lang='grc' dir='ltr'>κατά</span> 
     </span>
    </p>
   </div>
   <div class='ocr_carea' id='block_1_52' title="bbox 2459 2372 4035 2442">
    <p class='ocr_par' dir='ltr' id='par_1_52' title="bbox 2459 2372 4035 2442">
     <span class='ocr_line' id='line_1_53' title="bbox 2459 2372 4035 2442; baseline 0 -17"><span class='ocrx_word' id='word_1_405' title='bbox 2459 2373 2550 2425; x_wconf 78' lang='grc' dir='ltr'>τὸν</span> <span class='ocrx_word' id='word_1_406' title='bbox 2582 2374 2682 2442; x_wconf 74' lang='grc' dir='ltr'>τῆς</span> <span class='ocrx_word' id='word_1_407' title='bbox 2714 2373 3027 2433; x_wconf 74' lang='grc' dir='ltr'>συστάσεως</span> <span class='ocrx_word' id='word_1_408' title='bbox 3056 2372 3249 2437; x_wconf 85' lang='grc' dir='ltr'>λόγον,</span> <span class='ocrx_word' id='word_1_409' title='bbox 3286 2372 3426 2425; x_wconf 78' lang='grc' dir='ltr'>ῶστέ</span> <span class='ocrx_word' id='word_1_410' title='bbox 3457 2375 3551 2425; x_wconf 79' lang='grc' dir='ltr'>καὶ</span> <span class='ocrx_word' id='word_1_411' title='bbox 3580 2374 3668 2441; x_wconf 75' lang='grc' dir='ltr'>ὑφ’</span> <span class='ocrx_word' id='word_1_412' title='bbox 3698 2375 3793 2425; x_wconf 75' lang='grc' dir='ltr'>ἕνα</span> <span class='ocrx_word' id='word_1_413' title='bbox 3825 2375 4035 2435; x_wconf 84' lang='grc' dir='ltr'>πάντας</span> 
     </span>
    </p>
   </div>
   <div class='ocr_carea' id='block_1_53' title="bbox 2461 2464 4037 2535">
    <p class='ocr_par' dir='ltr' id='par_1_53' title="bbox 2461 2464 4037 2535">
     <span class='ocr_line' id='line_1_54' title="bbox 2461 2464 4037 2535; baseline -0.001 -17"><span class='ocrx_word' id='word_1_414' title='bbox 2461 2465 2759 2531; x_wconf 84' lang='grc' dir='ltr'>ἀνάγεσθαι</span> <span class='ocrx_word' id='word_1_415' title='bbox 2785 2465 3040 2533; x_wconf 72' lang='grc' dir='ltr'>ὁρισμόψ</span> <span class='ocrx_word' id='word_1_416' title='bbox 3076 2464 3170 2516; x_wconf 71' lang='grc' dir='ltr'>καὶ</span> <span class='ocrx_word' id='word_1_417' title='bbox 3196 2465 3256 2516; x_wconf 83' lang='grc' dir='ltr'>οὐ</span> <span class='ocrx_word' id='word_1_418' title='bbox 3282 2464 3582 2533; x_wconf 82' lang='grc' dir='ltr'>παράδοξον</span> <span class='ocrx_word' id='word_1_419' title='bbox 3605 2465 3667 2535; x_wconf 81' lang='grc' dir='ltr'>δὴ</span> <span class='ocrx_word' id='word_1_420' title='bbox 3695 2465 3875 2520; x_wconf 82' lang='grc' dir='ltr'>τοῦτο.</span> <span class='ocrx_word' id='word_1_421' title='bbox 3900 2467 4037 2517; x_wconf 70' lang='grc' dir='ltr'>ὅπου</span> 
     </span>
    </p>
   </div>
   <div class='ocr_carea' id='block_1_54' title="bbox 2462 2554 4040 2625">
    <p class='ocr_par' dir='ltr' id='par_1_54' title="bbox 2462 2554 4040 2625">
     <span class='ocr_line' id='line_1_55' title="bbox 2462 2554 4040 2625; baseline -0.002 -17"><span class='ocrx_word' id='word_1_422' title='bbox 2462 2574 2525 2623; x_wconf 87' lang='grc' dir='ltr'>γε</span> <span class='ocrx_word' id='word_1_423' title='bbox 2572 2557 2664 2607; x_wconf 73' lang='grc' dir='ltr'>καὶ</span> <span class='ocrx_word' id='word_1_424' title='bbox 2698 2556 2871 2607; x_wconf 76' lang='grc' dir='ltr'>πάντα</span> <span class='ocrx_word' id='word_1_425' title='bbox 2910 2555 3025 2623; x_wconf 76' lang='grc' dir='ltr'>ἃμα</span> <span class='ocrx_word' id='word_1_426' title='bbox 3057 2554 3284 2607; x_wconf 75' lang='grc' dir='ltr'>καθόλου</span> <span class='ocrx_word' id='word_1_427' title='bbox 3317 2555 3386 2607; x_wconf 76' lang='grc' dir='ltr'>τὰ</span> <span class='ocrx_word' id='word_1_428' title='bbox 3414 2557 3617 2625; x_wconf 63' lang='grc' dir='ltr'>γενητὰ</span> <span class='ocrx_word' id='word_1_429' title='bbox 3669 2556 3889 2618; x_wconf 82' lang='grc' dir='ltr'>κτιστὰ,</span> <span class='ocrx_word' id='word_1_430' title='bbox 3926 2556 4040 2607; x_wconf 60' lang='grc' dir='ltr'>εἴτε</span> 
     </span>
    </p>
   </div>
   <div class='ocr_carea' id='block_1_55' title="bbox 2462 2645 4043 2716">
    <p class='ocr_par' dir='ltr' id='par_1_55' title="bbox 2462 2645 4043 2716">
     <span class='ocr_line' id='line_1_56' title="bbox 2462 2645 4043 2716; baseline 0.001 -19"><span class='ocrx_word' id='word_1_431' title='bbox 2462 2646 2658 2713; x_wconf 81' lang='grc' dir='ltr'>λογικά</span> <span class='ocrx_word' id='word_1_432' title='bbox 2688 2646 2804 2713; x_wconf 85' lang='grc' dir='ltr'>εἴη,</span> <span class='ocrx_word' id='word_1_433' title='bbox 2844 2646 2956 2696; x_wconf 83' lang='grc' dir='ltr'>εἴτε</span> <span class='ocrx_word' id='word_1_434' title='bbox 2991 2645 3299 2714; x_wconf 73' lang='grc' dir='ltr'>σωματικὰ,</span> <span class='ocrx_word' id='word_1_435' title='bbox 3336 2648 3465 2716; x_wconf 84' lang='grc' dir='ltr'>μιᾶς</span> <span class='ocrx_word' id='word_1_436' title='bbox 3498 2646 3609 2698; x_wconf 78' lang='grc' dir='ltr'>ἐσθ’</span> <span class='ocrx_word' id='word_1_437' title='bbox 3640 2647 3725 2699; x_wconf 83' lang='grc' dir='ltr'>ὅτε</span> <span class='ocrx_word' id='word_1_438' title='bbox 3759 2662 4043 2714; x_wconf 85' lang='grc' dir='ltr'>προσαγο-</span> 
     </span>
    </p>
   </div>
   <div class='ocr_carea' id='block_1_56' title="bbox 2467 2730 4043 2806">
    <p class='ocr_par' dir='ltr' id='par_1_56' title="bbox 2467 2730 4043 2806">
     <span class='ocr_line' id='line_1_57' title="bbox 2467 2730 4043 2806; baseline -0.007 -20"><span class='ocrx_word' id='word_1_439' title='bbox 2467 2734 2697 2804; x_wconf 86' lang='grc' dir='ltr'>ρεύομεν</span> <span class='ocrx_word' id='word_1_440' title='bbox 2727 2734 2939 2802; x_wconf 72' lang='grc' dir='ltr'>φύσεως</span> <span class='ocrx_word' id='word_1_441' title='bbox 2970 2734 3092 2786; x_wconf 87' lang='grc' dir='ltr'>κατ’</span> <span class='ocrx_word' id='word_1_442' title='bbox 3122 2736 3257 2787; x_wconf 78' lang='grc' dir='ltr'>αὐτὸ</span> <span class='ocrx_word' id='word_1_443' title='bbox 3284 2736 3344 2787; x_wconf 82' lang='grc' dir='ltr'>τὺ</span> <span class='ocrx_word' id='word_1_444' title='bbox 3371 2730 3514 2789; x_wconf 76' lang='grc' dir='ltr'>εἶναι</span> <span class='ocrx_word' id='word_1_445' title='bbox 3540 2736 3762 2806; x_wconf 78' lang='grc' dir='ltr'>γενητὰ,</span> <span class='ocrx_word' id='word_1_446' title='bbox 3785 2736 3920 2803; x_wconf 74' lang='grc' dir='ltr'>πρὸς</span> <span class='ocrx_word' id='word_1_447' title='bbox 3949 2737 4043 2788; x_wconf 81' lang='grc' dir='ltr'>ἀν-</span> 
     </span>
    </p>
   </div>
   <div class='ocr_carea' id='block_1_57' title="bbox 2461 2824 4043 2896">
    <p class='ocr_par' dir='ltr' id='par_1_57' title="bbox 2461 2824 4043 2896">
     <span class='ocr_line' id='line_1_58' title="bbox 2461 2824 4043 2896; baseline 0 -19"><span class='ocrx_word' id='word_1_448' title='bbox 2461 2825 2801 2894; x_wconf 82' lang='grc' dir='ltr'>τιδιαστολὴν</span> <span class='ocrx_word' id='word_1_449' title='bbox 2849 2824 2951 2892; x_wconf 82' lang='grc' dir='ltr'>τῆς</span> <span class='ocrx_word' id='word_1_450' title='bbox 2994 2826 3253 2877; x_wconf 86' lang='grc' dir='ltr'>ἀκτίστου</span> <span class='ocrx_word' id='word_1_451' title='bbox 3305 2826 3400 2877; x_wconf 74' lang='grc' dir='ltr'>καὶ</span> <span class='ocrx_word' id='word_1_452' title='bbox 3442 2827 3707 2896; x_wconf 81' lang='grc' dir='ltr'>ἁγενήτου</span> <span class='ocrx_word' id='word_1_453' title='bbox 3748 2826 3901 2887; x_wconf 81' lang='grc' dir='ltr'>θείας</span> <span class='ocrx_word' id='word_1_454' title='bbox 3935 2826 4043 2894; x_wconf 83' lang='grc' dir='ltr'>φύ·</span> 
     </span>
    </p>
   </div>
   <div class='ocr_carea' id='block_1_58' title="bbox 2465 2916 4044 2987">
    <p class='ocr_par' dir='ltr' id='par_1_58' title="bbox 2465 2916 4044 2987">
     <span class='ocr_line' id='line_1_59' title="bbox 2465 2916 4044 2987; baseline 0.003 -19"><span class='ocrx_word' id='word_1_455' title='bbox 2465 2934 2640 2980; x_wconf 90' lang='grc' dir='ltr'>σεως,</span> <span class='ocrx_word' id='word_1_456' title='bbox 2691 2916 2767 2977; x_wconf 86' lang='grc' dir='ltr'>ὼς</span> <span class='ocrx_word' id='word_1_457' title='bbox 2819 2916 3063 2985; x_wconf 81' lang='grc' dir='ltr'>ἐναργῶς</span> <span class='ocrx_word' id='word_1_458' title='bbox 3109 2916 3274 2986; x_wconf 65' lang='grc' dir='ltr'>ἱδηλοῖ</span> <span class='ocrx_word' id='word_1_459' title='bbox 3325 2918 3462 2987; x_wconf 67' lang='grc' dir='ltr'>πρὸς</span> <span class='ocrx_word' id='word_1_460' title='bbox 3503 2920 3612 2980; x_wconf 89' lang='grc' dir='ltr'>τοῖς</span> <span class='ocrx_word' id='word_1_461' title='bbox 3652 2917 3831 2979; x_wconf 79' lang='grc' dir='ltr'>ἄλλοις</span> <span class='ocrx_word' id='word_1_462' title='bbox 3869 2918 4044 2972; x_wconf 74' lang='grc' dir='ltr'>ἅπασι</span> 
     </span>
    </p>
   </div>
   <div class='ocr_carea' id='block_1_59' title="bbox 2462 3004 4041 3075">
    <p class='ocr_par' dir='ltr' id='par_1_59' title="bbox 2462 3004 4041 3075">
     <span class='ocr_line' id='line_1_60' title="bbox 2462 3004 4041 3075; baseline 0.001 -18"><span class='ocrx_word' id='word_1_463' title='bbox 2462 3004 2804 3067; x_wconf 78' lang='grc' dir='ltr'>διδασκάλοις</span> <span class='ocrx_word' id='word_1_464' title='bbox 2838 3008 2866 3057; x_wconf 88' lang='lat'>6</span> <span class='ocrx_word' id='word_1_465' title='bbox 2895 3007 2952 3056; x_wconf 86' lang='grc' dir='ltr'>ἐν</span> <span class='ocrx_word' id='word_1_466' title='bbox 2984 3006 3159 3072; x_wconf 83' lang='grc' dir='ltr'>ἁγίοις</span> <span class='ocrx_word' id='word_1_467' title='bbox 3190 3006 3511 3069; x_wconf 84' lang='grc' dir='ltr'>Ἀθανάσιος</span> <span class='ocrx_word' id='word_1_468' title='bbox 3562 3009 3620 3059; x_wconf 87' lang='grc' dir='ltr'>ἐν</span> <span class='ocrx_word' id='word_1_469' title='bbox 3650 3008 3726 3075; x_wconf 80' lang='grc' dir='ltr'>τῷ</span> <span class='ocrx_word' id='word_1_470' title='bbox 3758 3008 3902 3059; x_wconf 86' lang='grc' dir='ltr'>κατά</span> <span class='ocrx_word' id='word_1_471' title='bbox 3930 3007 4041 3059; x_wconf 90' lang='grc' dir='ltr'>τῶν</span> 
     </span>
    </p>
   </div>
   <div class='ocr_carea' id='block_1_60' title="bbox 2466 3095 4043 3166">
    <p class='ocr_par' dir='ltr' id='par_1_60' title="bbox 2466 3095 4043 3166">
     <span class='ocr_line' id='line_1_61' title="bbox 2466 3095 4043 3166; baseline 0.003 -20"><span class='ocrx_word' id='word_1_472' title='bbox 2466 3095 2928 3165; x_wconf 79' lang='grc' dir='ltr'>βλασφημούντων</span> <span class='ocrx_word' id='word_1_473' title='bbox 2960 3097 3020 3148; x_wconf 81' lang='grc' dir='ltr'>τὸ</span> <span class='ocrx_word' id='word_1_474' title='bbox 3052 3097 3274 3166; x_wconf 84' lang='grc' dir='ltr'>Πνεῦμα</span> <span class='ocrx_word' id='word_1_475' title='bbox 3306 3099 3365 3147; x_wconf 74' lang='grc' dir='ltr'>τὸ</span> <span class='ocrx_word' id='word_1_476' title='bbox 3394 3098 3551 3165; x_wconf 75' lang='grc' dir='ltr'>ἅγιον</span> <span class='ocrx_word' id='word_1_477' title='bbox 3611 3098 3810 3150; x_wconf 70' lang='grc' dir='ltr'>οὑτωσὶ</span> <span class='ocrx_word' id='word_1_478' title='bbox 3832 3098 4043 3165; x_wconf 82' lang='grc' dir='ltr'>λέγων’</span> 
     </span>
    </p>
   </div>
   <div class='ocr_carea' id='block_1_61' title="bbox 2465 3187 4049 3259">
    <p class='ocr_par' dir='ltr' id='par_1_61' title="bbox 2465 3187 4049 3259">
     <span class='ocr_line' id='line_1_62' title="bbox 2465 3187 4049 3259; baseline 0.001 -18"><span class='ocrx_word' id='word_1_479' title='bbox 2465 3187 2589 3241; x_wconf 76' lang='grc' dir='ltr'>Ὀτι</span> <span class='ocrx_word' id='word_1_480' title='bbox 2632 3188 2690 3241; x_wconf 75' lang='grc' dir='ltr'>δὲ</span> <span class='ocrx_word' id='word_1_481' title='bbox 2738 3189 2849 3241; x_wconf 79' lang='grc' dir='ltr'>ἄνω</span> <span class='ocrx_word' id='word_1_482' title='bbox 2878 3188 2981 3257; x_wconf 83' lang='grc' dir='ltr'>τῆς</span> <span class='ocrx_word' id='word_1_483' title='bbox 3007 3189 3241 3251; x_wconf 81' lang='grc' dir='ltr'>κτίσεώς</span> <span class='ocrx_word' id='word_1_484' title='bbox 3270 3190 3386 3242; x_wconf 90' lang='grc' dir='ltr'>ἐστι</span> <span class='ocrx_word' id='word_1_485' title='bbox 3415 3191 3474 3241; x_wconf 73' lang='grc' dir='ltr'>τὸ</span> <span class='ocrx_word' id='word_1_486' title='bbox 3503 3192 3747 3259; x_wconf 74' lang='grc' dir='ltr'>Πνεῦμα,</span> <span class='ocrx_word' id='word_1_487' title='bbox 3784 3190 3883 3242; x_wconf 78' lang='grc' dir='ltr'>καὶ</span> <span class='ocrx_word' id='word_1_488' title='bbox 3915 3188 4049 3243; x_wconf 78' lang='grc' dir='ltr'>ἄλλο</span> 
     </span>
    </p>
   </div>
   <div class='ocr_carea' id='block_1_62' title="bbox 2468 3277 4047 3350">
    <p class='ocr_par' dir='ltr' id='par_1_62' title="bbox 2468 3277 4047 3350">
     <span class='ocr_line' id='line_1_63' title="bbox 2468 3277 4047 3350; baseline 0.001 -21"><span class='ocrx_word' id='word_1_489' title='bbox 2468 3277 2571 3347; x_wconf 81' lang='grc' dir='ltr'>μὲν</span> <span class='ocrx_word' id='word_1_490' title='bbox 2604 3279 2757 3348; x_wconf 86' lang='grc' dir='ltr'>παρὰ</span> <span class='ocrx_word' id='word_1_491' title='bbox 2788 3279 2886 3349; x_wconf 82' lang='grc' dir='ltr'>τὴν</span> <span class='ocrx_word' id='word_1_492' title='bbox 2917 3279 3024 3331; x_wconf 89' lang='grc' dir='ltr'>τῶν</span> <span class='ocrx_word' id='word_1_493' title='bbox 3053 3279 3295 3350; x_wconf 88' lang='grc' dir='ltr'>γενητῶν</span> <span class='ocrx_word' id='word_1_494' title='bbox 3322 3284 3508 3347; x_wconf 80' lang='grc' dir='ltr'>φύσιν,</span> <span class='ocrx_word' id='word_1_495' title='bbox 3547 3281 3677 3334; x_wconf 83' lang='grc' dir='ltr'>ίδιον</span> <span class='ocrx_word' id='word_1_496' title='bbox 3705 3281 3763 3332; x_wconf 89' lang='grc' dir='ltr'>δέ</span> <span class='ocrx_word' id='word_1_497' title='bbox 3791 3280 3893 3348; x_wconf 81' lang='grc' dir='ltr'>τῆς</span> <span class='ocrx_word' id='word_1_498' title='bbox 3921 3280 4047 3331; x_wconf 78' lang='grc' dir='ltr'>θεό-</span> 
     </span>
    </p>
   </div>
   <div class='ocr_carea' id='block_1_63' title="bbox 2464 3367 4045 3437">
    <p class='ocr_par' dir='ltr' id='par_1_63' title="bbox 2464 3367 4045 3437">
     <span class='ocr_line' id='line_1_64' title="bbox 2464 3367 4045 3437; baseline 0 -18"><span class='ocrx_word' id='word_1_499' title='bbox 2464 3384 2648 3437; x_wconf 88' lang='grc' dir='ltr'>τητος,</span> <span class='ocrx_word' id='word_1_500' title='bbox 2674 3367 2849 3431; x_wconf 80' lang='grc' dir='ltr'>ἔξεστι</span> <span class='ocrx_word' id='word_1_501' title='bbox 2878 3367 2973 3421; x_wconf 77' lang='grc' dir='ltr'>καὶ</span> <span class='ocrx_word' id='word_1_502' title='bbox 2995 3369 3060 3420; x_wconf 88' lang='grc' dir='ltr'>ἐκ</span> <span class='ocrx_word' id='word_1_503' title='bbox 3082 3367 3274 3420; x_wconf 86' lang='grc' dir='ltr'>τούτου</span> <span class='ocrx_word' id='word_1_504' title='bbox 3306 3368 3467 3421; x_wconf 85' lang='grc' dir='ltr'>πάλιν</span> <span class='ocrx_word' id='word_1_505' title='bbox 3494 3368 3745 3433; x_wconf 88' lang='grc' dir='ltr'>συνιδεῖν,</span> <span class='ocrx_word' id='word_1_506' title='bbox 3774 3370 3872 3421; x_wconf 80' lang='grc' dir='ltr'>καὶ</span> <span class='ocrx_word' id='word_1_507' title='bbox 3894 3367 4045 3435; x_wconf 70' lang='grc' dir='ltr'><strong>ἑξῆς·</strong></span> 
     </span>
    </p>
   </div>
   <div class='ocr_carea' id='block_1_64' title="bbox 2465 3455 4050 3529">
    <p class='ocr_par' dir='ltr' id='par_1_64' title="bbox 2465 3455 4050 3529">
     <span class='ocr_line' id='line_1_65' title="bbox 2465 3455 4050 3529; baseline -0.001 -17"><span class='ocrx_word' id='word_1_508' title='bbox 2465 3460 2568 3513; x_wconf 88' lang='grc' dir='ltr'>οὐκ</span> <span class='ocrx_word' id='word_1_509' title='bbox 2612 3458 2720 3529; x_wconf 83' lang='grc' dir='ltr'>ἀρα</span> <span class='ocrx_word' id='word_1_510' title='bbox 2752 3475 2817 3526; x_wconf 88' lang='grc' dir='ltr'>γε</span> <span class='ocrx_word' id='word_1_511' title='bbox 2846 3455 2939 3511; x_wconf 79' lang='grc' dir='ltr'>οὐν</span> <span class='ocrx_word' id='word_1_512' title='bbox 2991 3461 3119 3528; x_wconf 82' lang='grc' dir='ltr'>μιᾶς</span> <span class='ocrx_word' id='word_1_513' title='bbox 3151 3458 3236 3528; x_wconf 80' lang='grc' dir='ltr'>εἴη</span> <span class='ocrx_word' id='word_1_514' title='bbox 3268 3458 3484 3527; x_wconf 88' lang='grc' dir='ltr'>φύσεως</span> <span class='ocrx_word' id='word_1_515' title='bbox 3510 3460 3538 3513; x_wconf 87' lang='grc' dir='ltr'><strong>ὁ</strong></span> <span class='ocrx_word' id='word_1_516' title='bbox 3564 3458 3686 3512; x_wconf 74' lang='grc' dir='ltr'>καθ’</span> <span class='ocrx_word' id='word_1_517' title='bbox 3710 3458 3923 3511; x_wconf 73' lang='grc' dir='ltr'>ἕκαστα</span> <span class='ocrx_word' id='word_1_518' title='bbox 3952 3459 4050 3511; x_wconf 60' lang='grc' dir='ltr'>καὶ</span> 
     </span>
    </p>
   </div>
   <div class='ocr_carea' id='block_1_65' title="bbox 2469 3548 4055 3621">
    <p class='ocr_par' dir='ltr' id='par_1_65' title="bbox 2469 3548 4055 3621">
     <span class='ocr_line' id='line_1_66' title="bbox 2469 3548 4055 3621; baseline 0.002 -18"><span class='ocrx_word' id='word_1_519' title='bbox 2469 3550 2673 3619; x_wconf 78' lang='grc' dir='ltr'>ἄτομος</span> <span class='ocrx_word' id='word_1_520' title='bbox 2699 3548 2989 3620; x_wconf 79' lang='grc' dir='ltr'>ἄνθρωπος</span> <span class='ocrx_word' id='word_1_521' title='bbox 3009 3587 3025 3613; x_wconf 88' lang='grc'>,</span> <span class='ocrx_word' id='word_1_522' title='bbox 3078 3550 3215 3603; x_wconf 87' lang='grc' dir='ltr'>ἀλλά</span> <span class='ocrx_word' id='word_1_523' title='bbox 3249 3552 3379 3621; x_wconf 83' lang='grc' dir='ltr'>μιᾶς</span> <span class='ocrx_word' id='word_1_524' title='bbox 3413 3550 3513 3621; x_wconf 80' lang='grc' dir='ltr'>μὲν</span> <span class='ocrx_word' id='word_1_525' title='bbox 3544 3550 3924 3618; x_wconf 81' lang='grc' dir='ltr'>ὑποστάσεως,</span> <span class='ocrx_word' id='word_1_526' title='bbox 3955 3549 4055 3606; x_wconf 81' lang='grc' dir='ltr'>δύο</span> 
     </span>
    </p>
   </div>
   <div class='ocr_carea' id='block_1_66' title="bbox 791 3634 2784 3717">
    <p class='ocr_par' dir='ltr' id='par_1_66' title="bbox 791 3634 2784 3717">
     <span class='ocr_line' id='line_1_67' title="bbox 791 3634 2784 3717; baseline -0.003 -18"><span class='ocrx_word' id='word_1_527' title='bbox 791 3646 888 3699; x_wconf 88' lang='grc' dir='ltr'>τοῦ</span> <span class='ocrx_word' id='word_1_528' title='bbox 932 3648 1106 3710; x_wconf 84' lang='grc' dir='ltr'>είδους</span> <span class='ocrx_word' id='word_1_529' title='bbox 1151 3646 1216 3700; x_wconf 81' lang='grc' dir='ltr'>τὸ</span> <span class='ocrx_word' id='word_1_530' title='bbox 1260 3646 1361 3717; x_wconf 85' lang='grc' dir='ltr'>τῆς</span> <span class='ocrx_word' id='word_1_531' title='bbox 1388 3645 1608 3714; x_wconf 84' lang='grc' dir='ltr'>φύσεως</span> <span class='ocrx_word' id='word_1_532' title='bbox 1635 3645 2125 3716; x_wconf 86' lang='grc' dir='ltr'>παραλαμϐάνεται</span> <span class='ocrx_word' id='word_1_533' title='bbox 2152 3645 2325 3714; x_wconf 76' lang='grc' dir='ltr'>ὄνομα</span> <span class='ocrx_word' id='word_1_534' title='bbox 2344 3658 2360 3673; x_wconf 77' lang='grc' dir='ltr'>ο</span> <span class='ocrx_word' id='word_1_535' title='bbox 2390 3634 2433 3692; x_wconf 88' lang='lat' dir='ltr'>C</span> <span class='ocrx_word' id='word_1_536' title='bbox 2466 3640 2523 3692; x_wconf 84' lang='grc' dir='ltr'>δέ</span> <span class='ocrx_word' id='word_1_537' title='bbox 2550 3638 2784 3709; x_wconf 81' lang='grc' dir='ltr'>φύσεων.</span> 
     </span>
    </p>
   </div>
   <div class='ocr_carea' id='block_1_67' title="bbox 2385 3876 2498 3940">
    <p class='ocr_par' dir='ltr' id='par_1_67' title="bbox 2385 3876 2498 3940">
     <span class='ocr_line' id='line_1_68' title="bbox 2385 3876 2498 3940; baseline 0.018 -2"><span class='ocrx_word' id='word_1_538' title='bbox 2385 3876 2498 3940; x_wconf 86' lang='grc' dir='ltr'>ΙΙΙ.</span> 
     </span>
    </p>
   </div>
   <div class='ocr_carea' id='block_1_68' title="bbox 1279 3991 3540 4065">
    <p class='ocr_par' dir='ltr' id='par_1_68' title="bbox 1279 3991 3540 4065">
     <span class='ocr_line' id='line_1_69' title="bbox 1279 3991 3540 4065; baseline 0.001 -13"><span class='ocrx_word' id='word_1_539' title='bbox 1279 3991 1362 4052; x_wconf 82' lang='grc' dir='ltr'>ΙΝ</span> <span class='ocrx_word' id='word_1_540' title='bbox 1407 3992 1649 4054; x_wconf 85' lang='lat' dir='ltr'>ILLUD</span> <span class='ocrx_word' id='word_1_541' title='bbox 1683 4014 1698 4053; x_wconf 92' lang='lat'><strong>:</strong></span> <span class='ocrx_word' id='word_1_542' title='bbox 1734 3991 2105 4054; x_wconf 80' lang='lat' dir='ltr'><strong><em>CREAVIT</em></strong></span> <span class='ocrx_word' id='word_1_543' title='bbox 2143 3991 2361 4053; x_wconf 82' lang='lat' dir='ltr'>DEUS</span> <span class='ocrx_word' id='word_1_544' title='bbox 2401 3991 2869 4055; x_wconf 85' lang='lat' dir='ltr'>SECUNDUM</span> <span class='ocrx_word' id='word_1_545' title='bbox 2915 3992 3384 4065; x_wconf 79' lang='lat' dir='ltr'>IMAGINEM,</span> <span class='ocrx_word' id='word_1_546' title='bbox 3420 4000 3540 4063; x_wconf 82' lang='lat' dir='ltr'>etc.</span> 
     </span>
    </p>
   </div>
   <div class='ocr_carea' id='block_1_69' title="bbox 851 4118 4003 4190">
    <p class='ocr_par' dir='ltr' id='par_1_69' title="bbox 851 4118 4003 4190">
     <span class='ocr_line' id='line_1_70' title="bbox 851 4118 4003 4190; baseline 0 -15"><span class='ocrx_word' id='word_1_547' title='bbox 851 4119 1246 4175; x_wconf 76' lang='grc' dir='ltr'>Ἄναστασίου</span> <span class='ocrx_word' id='word_1_548' title='bbox 1261 4119 1665 4188; x_wconf 80' lang='grc' dir='ltr'>πρεσϐυτέρου</span> <span class='ocrx_word' id='word_1_549' title='bbox 1696 4118 1830 4187; x_wconf 76' lang='grc' dir='ltr'>περὶ</span> <span class='ocrx_word' id='word_1_550' title='bbox 1858 4119 1984 4173; x_wconf 83' lang='grc' dir='ltr'>τοῦ·</span> <span class='ocrx_word' id='word_1_551' title='bbox 2015 4137 2034 4169; x_wconf 77' lang='grc' dir='ltr'>ι</span> <span class='ocrx_word' id='word_1_552' title='bbox 2061 4119 2417 4171; x_wconf 81' lang='grc' dir='ltr'>Κατέίκόνα</span> <span class='ocrx_word' id='word_1_553' title='bbox 2446 4122 2545 4172; x_wconf 81' lang='grc' dir='ltr'>καὶ</span> <span class='ocrx_word' id='word_1_554' title='bbox 2575 4122 2704 4172; x_wconf 77' lang='grc' dir='ltr'>καθ’</span> <span class='ocrx_word' id='word_1_555' title='bbox 2731 4122 3016 4188; x_wconf 65' lang='grc' dir='ltr'>ἐμοῖωσιν</span> <span class='ocrx_word' id='word_1_556' title='bbox 3042 4119 3161 4173; x_wconf 77' lang='grc' dir='ltr'>ὑπὸ</span> <span class='ocrx_word' id='word_1_557' title='bbox 3188 4120 3339 4174; x_wconf 81' lang='grc' dir='ltr'>Θεοῦ</span> <span class='ocrx_word' id='word_1_558' title='bbox 3366 4118 3766 4188; x_wconf 76' lang='grc' dir='ltr'>κατασκευῆς,</span> <span class='ocrx_word' id='word_1_559' title='bbox 3791 4122 4003 4190; x_wconf 66' lang='grc' dir='ltr'>λόγος.</span> 
     </span>
    </p>
   </div>
   <div class='ocr_carea' id='block_1_70' title="bbox 1750 4238 3093 4311">
    <p class='ocr_par' dir='ltr' id='par_1_70' title="bbox 1750 4238 3093 4311">
     <span class='ocr_line' id='line_1_71' title="bbox 1750 4238 3093 4311; baseline 0.001 -18"><span class='ocrx_word' id='word_1_560' title='bbox 1750 4240 1909 4311; x_wconf 68' lang='grc' dir='ltr'>(ΛΜΞ.</span> <span class='ocrx_word' id='word_1_561' title='bbox 1938 4238 2060 4305; x_wconf 76' lang='lat' dir='ltr'>MM,</span> <span class='ocrx_word' id='word_1_562' title='bbox 2086 4238 2344 4309; x_wconf 75' lang='lat' dir='ltr'>Scriptur.</span> <span class='ocrx_word' id='word_1_563' title='bbox 2373 4240 2541 4294; x_wconf 79' lang='lat' dir='ltr'>Vcter.</span> <span class='ocrx_word' id='word_1_564' title='bbox 2571 4241 2773 4297; x_wconf 70' lang='lat' dir='ltr'>collect.</span> <span class='ocrx_word' id='word_1_565' title='bbox 2812 4242 2921 4307; x_wconf 81' lang='lat' dir='ltr'>VII,</span> <span class='ocrx_word' id='word_1_566' title='bbox 2950 4242 3093 4310; x_wconf 75' lang='lat'>192.)</span> 
     </span>
    </p>
   </div>
   <div class='ocr_carea' id='block_1_71' title="bbox 860 4358 2374 4431">
    <p class='ocr_par' dir='ltr' id='par_1_71' title="bbox 860 4358 2374 4431">
     <span class='ocr_line' id='line_1_72' title="bbox 860 4358 2374 4431; baseline -0.004 -14"><span class='ocrx_word' id='word_1_567' title='bbox 860 4362 1180 4431; x_wconf 82' lang='grc' dir='ltr'>Παρέϐαλόν</span> <span class='ocrx_word' id='word_1_568' title='bbox 1210 4378 1314 4413; x_wconf 89' lang='grc' dir='ltr'>τινι</span> <span class='ocrx_word' id='word_1_569' title='bbox 1343 4360 1452 4412; x_wconf 91' lang='grc' dir='ltr'>τῶν</span> <span class='ocrx_word' id='word_1_570' title='bbox 1478 4358 1787 4429; x_wconf 82' lang='grc' dir='ltr'>ἐξηγητῶν,</span> <span class='ocrx_word' id='word_1_571' title='bbox 1812 4360 1910 4413; x_wconf 80' lang='grc' dir='ltr'>καὶ</span> <span class='ocrx_word' id='word_1_572' title='bbox 1931 4358 2117 4427; x_wconf 74' lang='grc' dir='ltr'>ἔλεγεν</span> <span class='ocrx_word' id='word_1_573' title='bbox 2142 4360 2224 4411; x_wconf 86' lang='grc' dir='ltr'>ὅτι</span> <span class='ocrx_word' id='word_1_574' title='bbox 2244 4359 2374 4411; x_wconf 87' lang='grc' dir='ltr'>ποτέ</span> 
     </span>
    </p>
   </div>
   <div class='ocr_carea' id='block_1_72' title="bbox 788 4449 2375 4523">
    <p class='ocr_par' dir='ltr' id='par_1_72' title="bbox 788 4449 2375 4523">
     <span class='ocr_line' id='line_1_73' title="bbox 788 4449 2375 4523; baseline -0.003 -16"><span class='ocrx_word' id='word_1_575' title='bbox 788 4453 1219 4523; x_wconf 73' lang='grc' dir='ltr'>φιλολογοῦντος</span> <span class='ocrx_word' id='word_1_576' title='bbox 1271 4449 1434 4504; x_wconf 88' lang='grc' dir='ltr'>αὐτοῦ</span> <span class='ocrx_word' id='word_1_577' title='bbox 1487 4449 1586 4519; x_wconf 84' lang='grc' dir='ltr'>τὴν</span> <span class='ocrx_word' id='word_1_578' title='bbox 1636 4450 1787 4519; x_wconf 85' lang='grc' dir='ltr'>ἱεράν</span> <span class='ocrx_word' id='word_1_579' title='bbox 1831 4450 2094 4520; x_wconf 85' lang='grc' dir='ltr'>Γραφὴν,</span> <span class='ocrx_word' id='word_1_580' title='bbox 2152 4449 2375 4517; x_wconf 83' lang='grc' dir='ltr'>ἐγένετο</span> 
     </span>
    </p>
   </div>
   <div class='ocr_carea' id='block_1_73' title="bbox 789 4541 2371 4616">
    <p class='ocr_par' dir='ltr' id='par_1_73' title="bbox 789 4541 2371 4616">
     <span class='ocr_line' id='line_1_74' title="bbox 789 4541 2371 4616; baseline -0.004 -15"><span class='ocrx_word' id='word_1_581' title='bbox 789 4541 1052 4616; x_wconf 76' lang='grc' dir='ltr'>ἐξαίφνης</span> <span class='ocrx_word' id='word_1_582' title='bbox 1108 4545 1298 4614; x_wconf 81' lang='grc' dir='ltr'>ὥσπερ</span> <span class='ocrx_word' id='word_1_583' title='bbox 1348 4542 1723 4612; x_wconf 78' lang='grc' dir='ltr'>διανοιχθῆναι</span> <span class='ocrx_word' id='word_1_584' title='bbox 1773 4541 1942 4594; x_wconf 91' lang='grc' dir='ltr'>αὐτοῦ</span> <span class='ocrx_word' id='word_1_585' title='bbox 1984 4542 2110 4604; x_wconf 83' lang='grc' dir='ltr'>τοὺς</span> <span class='ocrx_word' id='word_1_586' title='bbox 2149 4544 2371 4612; x_wconf 81' lang='grc' dir='ltr'>νοερούς</span> 
     </span>
    </p>
   </div>
   <div class='ocr_carea' id='block_1_74' title="bbox 790 4635 2369 4710">
    <p class='ocr_par' dir='ltr' id='par_1_74' title="bbox 790 4635 2369 4710">
     <span class='ocr_line' id='line_1_75' title="bbox 790 4635 2369 4710; baseline -0.004 -16"><span class='ocrx_word' id='word_1_587' title='bbox 790 4640 1103 4710; x_wconf 78' lang='grc' dir='ltr'>ὀφθαλμοὺς</span> <span class='ocrx_word' id='word_1_588' title='bbox 1155 4639 1248 4691; x_wconf 77' lang='grc' dir='ltr'>καὶ</span> <span class='ocrx_word' id='word_1_589' title='bbox 1290 4636 1493 4689; x_wconf 76' lang='grc' dir='ltr'>ἰδέσθαι</span> <span class='ocrx_word' id='word_1_590' title='bbox 1542 4638 1723 4688; x_wconf 79' lang='grc' dir='ltr'>πᾶσαν</span> <span class='ocrx_word' id='word_1_591' title='bbox 1758 4636 1857 4705; x_wconf 86' lang='grc' dir='ltr'>τὴν</span> <span class='ocrx_word' id='word_1_592' title='bbox 1890 4635 2237 4706; x_wconf 76' lang='grc' dir='ltr'>κατασκευὴν</span> <span class='ocrx_word' id='word_1_593' title='bbox 2270 4638 2369 4705; x_wconf 80' lang='grc' dir='ltr'>τῆς</span> 
     </span>
    </p>
   </div>
   <div class='ocr_carea' id='block_1_75' title="bbox 791 4727 2367 4797">
    <p class='ocr_par' dir='ltr' id='par_1_75' title="bbox 791 4727 2367 4797">
     <span class='ocr_line' id='line_1_76' title="bbox 791 4727 2367 4797; baseline -0.004 -11"><span class='ocrx_word' id='word_1_594' title='bbox 791 4732 1025 4793; x_wconf 85' lang='grc' dir='ltr'>κτίσεως</span> <span class='ocrx_word' id='word_1_595' title='bbox 1053 4731 1145 4784; x_wconf 80' lang='grc' dir='ltr'>καὶ</span> <span class='ocrx_word' id='word_1_596' title='bbox 1172 4729 1391 4784; x_wconf 80' lang='grc' dir='ltr'>πάντων</span> <span class='ocrx_word' id='word_1_597' title='bbox 1421 4727 1529 4779; x_wconf 92' lang='grc' dir='ltr'>τῶν</span> <span class='ocrx_word' id='word_1_598' title='bbox 1555 4729 1612 4779; x_wconf 85' lang='grc' dir='ltr'>ἐν</span> <span class='ocrx_word' id='word_1_599' title='bbox 1640 4727 1777 4796; x_wconf 87' lang='grc' dir='ltr'>αὐτῇ</span> <span class='ocrx_word' id='word_1_600' title='bbox 1811 4728 1911 4797; x_wconf 85' lang='grc' dir='ltr'>τὴν</span> <span class='ocrx_word' id='word_1_601' title='bbox 1940 4729 2125 4780; x_wconf 80' lang='grc' dir='ltr'>εἰκόνα</span> <span class='ocrx_word' id='word_1_602' title='bbox 2157 4728 2250 4780; x_wconf 77' lang='grc' dir='ltr'>καὶ</span> <span class='ocrx_word' id='word_1_603' title='bbox 2276 4728 2367 4779; x_wconf 84' lang='grc' dir='ltr'>τύ-</span> 
     </span>
    </p>
   </div>
   <div class='ocr_carea' id='block_1_76' title="bbox 791 4816 2364 4889">
    <p class='ocr_par' dir='ltr' id='par_1_76' title="bbox 791 4816 2364 4889">
     <span class='ocr_line' id='line_1_77' title="bbox 791 4816 2364 4889; baseline -0.001 -16"><span class='ocrx_word' id='word_1_604' title='bbox 791 4837 893 4873; x_wconf 90' lang='grc' dir='ltr'>πον</span> <span class='ocrx_word' id='word_1_605' title='bbox 912 4822 1010 4886; x_wconf 84' lang='grc' dir='ltr'>τῆς</span> <span class='ocrx_word' id='word_1_606' title='bbox 1031 4820 1434 4889; x_wconf 84' lang='grc' dir='ltr'>ἁνθρωπήσεως</span> <span class='ocrx_word' id='word_1_607' title='bbox 1459 4816 1554 4869; x_wconf 90' lang='grc' dir='ltr'>τοῦ</span> <span class='ocrx_word' id='word_1_608' title='bbox 1579 4817 1714 4869; x_wconf 77' lang='grc' dir='ltr'>Θεοῦ</span> <span class='ocrx_word' id='word_1_609' title='bbox 1734 4817 1910 4884; x_wconf 79' lang='grc' dir='ltr'>Λόγου</span> <span class='ocrx_word' id='word_1_610' title='bbox 1933 4818 2364 4888; x_wconf 82' lang='grc' dir='ltr'>διαγράφουσαν·</span> 
     </span>
    </p>
   </div>
   <div class='ocr_carea' id='block_1_77' title="bbox 789 4905 2367 4977">
    <p class='ocr_par' dir='ltr' id='par_1_77' title="bbox 789 4905 2367 4977">
     <span class='ocr_line' id='line_1_78' title="bbox 789 4905 2367 4977; baseline -0.004 -12"><span class='ocrx_word' id='word_1_611' title='bbox 789 4912 883 4965; x_wconf 80' lang='grc' dir='ltr'>καὶ</span> <span class='ocrx_word' id='word_1_612' title='bbox 898 4910 986 4963; x_wconf 83' lang='grc' dir='ltr'>διὰ</span> <span class='ocrx_word' id='word_1_613' title='bbox 1006 4908 1165 4960; x_wconf 88' lang='grc' dir='ltr'>τοῦτό</span> <span class='ocrx_word' id='word_1_614' title='bbox 1191 4923 1357 4977; x_wconf 85' lang='grc' dir='ltr'>φησιν</span> <span class='ocrx_word' id='word_1_615' title='bbox 1377 4906 1407 4959; x_wconf 82' lang='lat'>6</span> <span class='ocrx_word' id='word_1_616' title='bbox 1432 4905 1641 4968; x_wconf 80' lang='grc' dir='ltr'>Παῦλος</span> <span class='ocrx_word' id='word_1_617' title='bbox 1667 4906 1794 4975; x_wconf 83' lang='grc' dir='ltr'>περί</span> <span class='ocrx_word' id='word_1_618' title='bbox 1818 4905 2077 4975; x_wconf 84' lang='grc' dir='ltr'>Χριστοῦ,</span> <span class='ocrx_word' id='word_1_619' title='bbox 2110 4908 2215 4960; x_wconf 88' lang='grc' dir='ltr'>ὃτι·</span> <span class='ocrx_word' id='word_1_620' title='bbox 2250 4926 2266 4957; x_wconf 80' lang='grc' dir='ltr'>ι</span> <span class='ocrx_word' id='word_1_621' title='bbox 2286 4908 2367 4959; x_wconf 75' lang='grc' dir='ltr'>Τἀ</span> 
     </span>
    </p>
   </div>
   <div class='ocr_carea' id='block_1_78' title="bbox 790 4998 2364 5069">
    <p class='ocr_par' dir='ltr' id='par_1_78' title="bbox 790 4998 2364 5069">
     <span class='ocr_line' id='line_1_79' title="bbox 790 4998 2364 5069; baseline -0.005 -12"><span class='ocrx_word' id='word_1_622' title='bbox 790 5005 967 5057; x_wconf 76' lang='grc' dir='ltr'>πάντα</span> <span class='ocrx_word' id='word_1_623' title='bbox 1014 5001 1081 5053; x_wconf 84' lang='grc' dir='ltr'>δι’</span> <span class='ocrx_word' id='word_1_624' title='bbox 1115 5000 1280 5052; x_wconf 83' lang='grc' dir='ltr'>αὐτοῦ</span> <span class='ocrx_word' id='word_1_625' title='bbox 1318 5000 1414 5052; x_wconf 78' lang='grc' dir='ltr'>καὶ</span> <span class='ocrx_word' id='word_1_626' title='bbox 1448 5000 1528 5060; x_wconf 90' lang='grc' dir='ltr'>εἰς</span> <span class='ocrx_word' id='word_1_627' title='bbox 1557 4998 1721 5050; x_wconf 84' lang='grc' dir='ltr'>αὐτὸν</span> <span class='ocrx_word' id='word_1_628' title='bbox 1750 4998 1997 5067; x_wconf 89' lang='grc' dir='ltr'>ἐκτίσθη.</span> <span class='ocrx_word' id='word_1_629' title='bbox 2027 5017 2045 5049; x_wconf 75' lang='grc' dir='ltr'>ι</span> <span class='ocrx_word' id='word_1_630' title='bbox 2084 4998 2206 5069; x_wconf 81' lang='grc' dir='ltr'>Χρὴ</span> <span class='ocrx_word' id='word_1_631' title='bbox 2238 4999 2364 5057; x_wconf 78' lang='grc' dir='ltr'>τοὺς</span> 
     </span>
    </p>
   </div>
   <div class='ocr_carea' id='block_1_79' title="bbox 792 5088 2363 5163">
    <p class='ocr_par' dir='ltr' id='par_1_79' title="bbox 792 5088 2363 5163">
     <span class='ocr_line' id='line_1_80' title="bbox 792 5088 2363 5163; baseline -0.004 -16"><span class='ocrx_word' id='word_1_632' title='bbox 792 5094 969 5163; x_wconf 86' lang='grc' dir='ltr'>σοφῶς</span> <span class='ocrx_word' id='word_1_633' title='bbox 1003 5092 1097 5144; x_wconf 74' lang='grc' dir='ltr'>καί</span> <span class='ocrx_word' id='word_1_634' title='bbox 1133 5091 1441 5160; x_wconf 84' lang='grc' dir='ltr'>ἐχεφρόνως</span> <span class='ocrx_word' id='word_1_635' title='bbox 1480 5088 1771 5158; x_wconf 84' lang='grc' dir='ltr'>μέλλοντας</span> <span class='ocrx_word' id='word_1_636' title='bbox 1798 5091 2049 5158; x_wconf 67' lang='grc' dir='ltr'>συζητεῖν</span> <span class='ocrx_word' id='word_1_637' title='bbox 2090 5090 2230 5158; x_wconf 81' lang='grc' dir='ltr'>μετὰ</span> <span class='ocrx_word' id='word_1_638' title='bbox 2254 5088 2363 5142; x_wconf 91' lang='grc' dir='ltr'>τῶν</span> 
     </span>
    </p>
   </div>
   <div class='ocr_carea' id='block_1_80' title="bbox 791 5179 2363 5253">
    <p class='ocr_par' dir='ltr' id='par_1_80' title="bbox 791 5179 2363 5253">
     <span class='ocr_line' id='line_1_81' title="bbox 791 5179 2363 5253; baseline -0.004 -16"><span class='ocrx_word' id='word_1_639' title='bbox 791 5183 1085 5253; x_wconf 82' lang='grc' dir='ltr'>αἰρετικῶν</span> <span class='ocrx_word' id='word_1_640' title='bbox 1134 5182 1265 5251; x_wconf 85' lang='grc' dir='ltr'>περί</span> <span class='ocrx_word' id='word_1_641' title='bbox 1308 5180 1418 5233; x_wconf 83' lang='grc' dir='ltr'>τῶν</span> <span class='ocrx_word' id='word_1_642' title='bbox 1465 5179 1561 5233; x_wconf 86' lang='grc' dir='ltr'>τοῦ</span> <span class='ocrx_word' id='word_1_643' title='bbox 1601 5180 1838 5249; x_wconf 77' lang='grc' dir='ltr'>Χριστοῦ</span> <span class='ocrx_word' id='word_1_644' title='bbox 1872 5181 2150 5249; x_wconf 82' lang='grc' dir='ltr'>ἰδιοτήτων</span> <span class='ocrx_word' id='word_1_645' title='bbox 2183 5181 2363 5247; x_wconf 87' lang='grc' dir='ltr'>λόγον,</span> 
     </span>
    </p>
   </div>
   <div class='ocr_carea' id='block_1_81' title="bbox 792 5270 2365 5347">
    <p class='ocr_par' dir='ltr' id='par_1_81' title="bbox 792 5270 2365 5347">
     <span class='ocr_line' id='line_1_82' title="bbox 792 5270 2365 5347; baseline -0.001 -22"><span class='ocrx_word' id='word_1_646' title='bbox 792 5276 912 5347; x_wconf 70' lang='grc' dir='ltr'>ἦτοι</span> <span class='ocrx_word' id='word_1_647' title='bbox 940 5279 1071 5343; x_wconf 74' lang='grc' dir='ltr'>περὶ</span> <span class='ocrx_word' id='word_1_648' title='bbox 1095 5273 1367 5341; x_wconf 78' lang='grc' dir='ltr'>θελήσεως</span> <span class='ocrx_word' id='word_1_649' title='bbox 1396 5272 1431 5341; x_wconf 82' lang='grc' dir='ltr'>ἢ</span> <span class='ocrx_word' id='word_1_650' title='bbox 1462 5271 1588 5341; x_wconf 69' lang='grc' dir='ltr'>περὶ</span> <span class='ocrx_word' id='word_1_651' title='bbox 1618 5271 1894 5339; x_wconf 75' lang='grc' dir='ltr'>ἐνεργείας</span> <span class='ocrx_word' id='word_1_652' title='bbox 1927 5270 2031 5339; x_wconf 87' lang='grc' dir='ltr'>πρὸ</span> <span class='ocrx_word' id='word_1_653' title='bbox 2056 5270 2256 5332; x_wconf 83' lang='grc' dir='ltr'>παντὸς</span> <span class='ocrx_word' id='word_1_654' title='bbox 2281 5271 2365 5323; x_wconf 87' lang='grc' dir='ltr'>λό-</span> 
     </span>
    </p>
   </div>
   <div class='ocr_carea' id='block_1_82' title="bbox 792 5357 2363 5432">
    <p class='ocr_par' dir='ltr' id='par_1_82' title="bbox 792 5357 2363 5432">
     <span class='ocr_line' id='line_1_83' title="bbox 792 5357 2363 5432; baseline -0.002 -18"><span class='ocrx_word' id='word_1_655' title='bbox 792 5379 890 5432; x_wconf 90' lang='grc' dir='ltr'>γου</span> <span class='ocrx_word' id='word_1_656' title='bbox 939 5363 1186 5414; x_wconf 81' lang='grc' dir='ltr'>ἀπαιτεῖν</span> <span class='ocrx_word' id='word_1_657' title='bbox 1222 5360 1417 5422; x_wconf 81' lang='grc' dir='ltr'>αὐτοὺς</span> <span class='ocrx_word' id='word_1_658' title='bbox 1454 5359 1745 5428; x_wconf 78' lang='grc' dir='ltr'>ἐγγράφως</span> <span class='ocrx_word' id='word_1_659' title='bbox 1780 5357 2035 5411; x_wconf 74' lang='grc' dir='ltr'>ἐκθέσθαι</span> <span class='ocrx_word' id='word_1_660' title='bbox 2069 5359 2195 5421; x_wconf 72' lang='grc' dir='ltr'>τούς</span> <span class='ocrx_word' id='word_1_661' title='bbox 2229 5359 2363 5411; x_wconf 82' lang='grc' dir='ltr'>ὐπο-</span> 
     </span>
    </p>
   </div>
   <div class='ocr_carea' id='block_1_83' title="bbox 792 5448 2362 5525">
    <p class='ocr_par' dir='ltr' id='par_1_83' title="bbox 792 5448 2362 5525">
     <span class='ocr_line' id='line_1_84' title="bbox 792 5448 2362 5525; baseline -0.004 -17"><span class='ocrx_word' id='word_1_662' title='bbox 792 5454 1214 5525; x_wconf 81' lang='grc' dir='ltr'>γεγραμμένους</span> <span class='ocrx_word' id='word_1_663' title='bbox 1242 5452 1401 5521; x_wconf 84' lang='grc' dir='ltr'>ὃρους</span> <span class='ocrx_word' id='word_1_664' title='bbox 1425 5467 1439 5482; x_wconf 88' lang='grc'><strong>·</strong></span> <span class='ocrx_word' id='word_1_665' title='bbox 1497 5451 1555 5515; x_wconf 77' lang='grc' dir='ltr'>ἐξ</span> <span class='ocrx_word' id='word_1_666' title='bbox 1590 5449 1772 5502; x_wconf 87' lang='grc' dir='ltr'>αὐτῶν</span> <span class='ocrx_word' id='word_1_667' title='bbox 1800 5448 1907 5518; x_wconf 65' lang='grc' dir='ltr'>γὰρ</span> <span class='ocrx_word' id='word_1_668' title='bbox 1942 5449 2179 5519; x_wconf 78' lang='grc' dir='ltr'>εὐχερῶς</span> <span class='ocrx_word' id='word_1_669' title='bbox 2207 5449 2362 5517; x_wconf 79' lang='grc' dir='ltr'>ἐλέγο</span> 
     </span>
    </p>
   </div>
   <div class='ocr_carea' id='block_1_84' title="bbox 794 5543 2365 5618">
    <p class='ocr_par' dir='ltr' id='par_1_84' title="bbox 794 5543 2365 5618">
     <span class='ocr_line' id='line_1_85' title="bbox 794 5543 2365 5618; baseline -0.003 -17"><span class='ocrx_word' id='word_1_670' title='bbox 794 5564 947 5618; x_wconf 78' lang='grc' dir='ltr'>χεται</span> <span class='ocrx_word' id='word_1_671' title='bbox 980 5550 1013 5615; x_wconf 76' lang='grc' dir='ltr'><strong>ἡ</strong></span> <span class='ocrx_word' id='word_1_672' title='bbox 1048 5545 1327 5618; x_wconf 83' lang='grc' dir='ltr'>ἀφροσύνη</span> <span class='ocrx_word' id='word_1_673' title='bbox 1358 5544 1540 5598; x_wconf 86' lang='grc' dir='ltr'>αὐτῶν</span> <span class='ocrx_word' id='word_1_674' title='bbox 1565 5560 1578 5573; x_wconf 91' lang='grc'>·</span> <span class='ocrx_word' id='word_1_675' title='bbox 1634 5543 1729 5596; x_wconf 81' lang='grc' dir='ltr'>δύο</span> <span class='ocrx_word' id='word_1_676' title='bbox 1774 5543 1884 5612; x_wconf 80' lang='grc' dir='ltr'>γάρ</span> <span class='ocrx_word' id='word_1_677' title='bbox 1936 5543 2280 5612; x_wconf 88' lang='grc' dir='ltr'>τελειότητας</span> <span class='ocrx_word' id='word_1_678' title='bbox 2314 5546 2365 5597; x_wconf 84' lang='grc' dir='ltr'>οἱ</span> 
     </span>
    </p>
   </div>
   <div class='ocr_carea' id='block_1_85' title="bbox 798 5632 2362 5707">
    <p class='ocr_par' dir='ltr' id='par_1_85' title="bbox 798 5632 2362 5707">
     <span class='ocr_line' id='line_1_86' title="bbox 798 5632 2362 5707; baseline -0.003 -16"><span class='ocrx_word' id='word_1_679' title='bbox 798 5640 943 5707; x_wconf 71' lang='grc' dir='ltr'>ἅγιοι</span> <span class='ocrx_word' id='word_1_680' title='bbox 971 5638 1214 5707; x_wconf 84' lang='grc' dir='ltr'>Πατέρες</span> <span class='ocrx_word' id='word_1_681' title='bbox 1242 5637 1502 5704; x_wconf 73' lang='grc' dir='ltr'>εἰρήκασι</span> <span class='ocrx_word' id='word_1_682' title='bbox 1536 5636 1594 5686; x_wconf 83' lang='grc' dir='ltr'>ἐν</span> <span class='ocrx_word' id='word_1_683' title='bbox 1623 5632 1700 5702; x_wconf 79' lang='grc' dir='ltr'>τῷ</span> <span class='ocrx_word' id='word_1_684' title='bbox 1729 5634 1971 5704; x_wconf 76' lang='grc' dir='ltr'>Χριστῷ,</span> <span class='ocrx_word' id='word_1_685' title='bbox 2008 5634 2250 5688; x_wconf 84' lang='grc' dir='ltr'>τουτέστι</span> <span class='ocrx_word' id='word_1_686' title='bbox 2277 5637 2362 5688; x_wconf 87' lang='grc' dir='ltr'>τέ-</span> 
     </span>
    </p>
   </div>
   <div class='ocr_carea' id='block_1_86' title="bbox 798 5724 2360 5794">
    <p class='ocr_par' dir='ltr' id='par_1_86' title="bbox 798 5724 2360 5794">
     <span class='ocr_line' id='line_1_87' title="bbox 798 5724 2360 5794; baseline 0.001 -15"><span class='ocrx_word' id='word_1_687' title='bbox 798 5728 939 5782; x_wconf 74' lang='grc' dir='ltr'>λειον</span> <span class='ocrx_word' id='word_1_688' title='bbox 967 5727 1128 5783; x_wconf 82' lang='grc' dir='ltr'>αὐτὸν</span> <span class='ocrx_word' id='word_1_689' title='bbox 1151 5727 1281 5782; x_wconf 75' lang='grc' dir='ltr'>ὄντα</span> <span class='ocrx_word' id='word_1_690' title='bbox 1305 5727 1363 5781; x_wconf 71' lang='grc' dir='ltr'>ἐν</span> <span class='ocrx_word' id='word_1_691' title='bbox 1387 5724 1603 5794; x_wconf 71' lang='grc' dir='ltr'>Θεότητι</span> <span class='ocrx_word' id='word_1_692' title='bbox 1630 5724 1829 5794; x_wconf 77' lang='grc' dir='ltr'>ὁμοίιος</span> <span class='ocrx_word' id='word_1_693' title='bbox 1854 5728 1946 5778; x_wconf 73' lang='grc' dir='ltr'>καὶ</span> <span class='ocrx_word' id='word_1_694' title='bbox 1973 5724 2172 5778; x_wconf 82' lang='grc' dir='ltr'>τέλειον</span> <span class='ocrx_word' id='word_1_695' title='bbox 2196 5726 2251 5778; x_wconf 68' lang='grc' dir='ltr'>ἐν</span> <span class='ocrx_word' id='word_1_696' title='bbox 2274 5728 2360 5781; x_wconf 79' lang='grc' dir='ltr'>ἀν·</span> 
     </span>
    </p>
   </div>
   <div class='ocr_carea' id='block_1_87' title="bbox 2475 4359 4055 4431">
    <p class='ocr_par' dir='ltr' id='par_1_87' title="bbox 2475 4359 4055 4431">
     <span class='ocr_line' id='line_1_88' title="bbox 2475 4359 4055 4431; baseline 0.002 -19"><span class='ocrx_word' id='word_1_697' title='bbox 2475 4359 2820 4431; x_wconf 78' lang='grc' dir='ltr'>θρωπὸτητι·</span> <span class='ocrx_word' id='word_1_698' title='bbox 2876 4361 2958 4413; x_wconf 90' lang='grc' dir='ltr'>δεῖ</span> <span class='ocrx_word' id='word_1_699' title='bbox 3001 4359 3181 4413; x_wconf 85' lang='grc' dir='ltr'>τοίνυν</span> <span class='ocrx_word' id='word_1_700' title='bbox 3238 4361 3490 4414; x_wconf 78' lang='grc' dir='ltr'>ἀπαιτεῖν</span> <span class='ocrx_word' id='word_1_701' title='bbox 3522 4360 3719 4423; x_wconf 77' lang='grc' dir='ltr'>αὐτοὺς</span> <span class='ocrx_word' id='word_1_702' title='bbox 3754 4363 4055 4431; x_wconf 81' lang='grc' dir='ltr'>δριστικῶς</span> 
     </span>
    </p>
   </div>
   <div class='ocr_carea' id='block_1_88' title="bbox 2472 4451 4052 4523">
    <p class='ocr_par' dir='ltr' id='par_1_88' title="bbox 2472 4451 4052 4523">
     <span class='ocr_line' id='line_1_89' title="bbox 2472 4451 4052 4523; baseline 0.001 -20"><span class='ocrx_word' id='word_1_703' title='bbox 2472 4453 2645 4503; x_wconf 79' lang='grc' dir='ltr'>εἰπεῖν</span> <span class='ocrx_word' id='word_1_704' title='bbox 2682 4452 2733 4503; x_wconf 80' lang='grc' dir='ltr'>εἴ</span> <span class='ocrx_word' id='word_1_705' title='bbox 2762 4468 2825 4518; x_wconf 91' lang='grc' dir='ltr'>γε</span> <span class='ocrx_word' id='word_1_706' title='bbox 2861 4452 2956 4503; x_wconf 72' lang='grc' dir='ltr'>καὶ</span> <span class='ocrx_word' id='word_1_707' title='bbox 2986 4452 3322 4505; x_wconf 77' lang='grc' dir='ltr'>ἐπίστανται.</span> <span class='ocrx_word' id='word_1_708' title='bbox 3376 4480 3445 4490; x_wconf 93' lang='lat'><strong>—-</strong></span> <span class='ocrx_word' id='word_1_709' title='bbox 3491 4451 3557 4503; x_wconf 89' lang='grc' dir='ltr'>Τί</span> <span class='ocrx_word' id='word_1_710' title='bbox 3587 4452 3733 4504; x_wconf 75' lang='grc' dir='ltr'>ἐστιν</span> <span class='ocrx_word' id='word_1_711' title='bbox 3760 4452 3886 4521; x_wconf 86' lang='grc' dir='ltr'>ὅρος</span> <span class='ocrx_word' id='word_1_712' title='bbox 3916 4454 4052 4523; x_wconf 80' lang='grc' dir='ltr'>ὁμο-</span> 
     </span>
    </p>
   </div>
   <div class='ocr_carea' id='block_1_89' title="bbox 2471 4539 4054 4610">
    <p class='ocr_par' dir='ltr' id='par_1_89' title="bbox 2471 4539 4054 4610">
     <span class='ocr_line' id='line_1_90' title="bbox 2471 4539 4054 4610; baseline 0.001 -17"><span class='ocrx_word' id='word_1_713' title='bbox 2471 4542 2654 4593; x_wconf 86' lang='grc' dir='ltr'>ουσίου</span> <span class='ocrx_word' id='word_1_714' title='bbox 2688 4541 2942 4610; x_wconf 80' lang='grc' dir='ltr'>ἀληθοῦς.</span> <span class='ocrx_word' id='word_1_715' title='bbox 3001 4539 3065 4592; x_wconf 86' lang='grc' dir='ltr'>Τί</span> <span class='ocrx_word' id='word_1_716' title='bbox 3108 4543 3256 4593; x_wconf 83' lang='grc' dir='ltr'>ἐστιν</span> <span class='ocrx_word' id='word_1_717' title='bbox 3286 4542 3411 4609; x_wconf 88' lang='grc' dir='ltr'>ὄρος</span> <span class='ocrx_word' id='word_1_718' title='bbox 3438 4541 3649 4594; x_wconf 88' lang='grc' dir='ltr'>τελείου</span> <span class='ocrx_word' id='word_1_719' title='bbox 3674 4542 3951 4605; x_wconf 71' lang='grc' dir='ltr'>ἐντελοῦς.</span> <span class='ocrx_word' id='word_1_720' title='bbox 3986 4544 4054 4597; x_wconf 83' lang='grc' dir='ltr'>Τί</span> 
     </span>
    </p>
   </div>
   <div class='ocr_carea' id='block_1_90' title="bbox 2472 4631 4055 4703">
    <p class='ocr_par' dir='ltr' id='par_1_90' title="bbox 2472 4631 4055 4703">
     <span class='ocr_line' id='line_1_91' title="bbox 2472 4631 4055 4703; baseline 0.001 -17"><span class='ocrx_word' id='word_1_721' title='bbox 2472 4634 2620 4686; x_wconf 86' lang='grc' dir='ltr'>ἐστιν</span> <span class='ocrx_word' id='word_1_722' title='bbox 2650 4633 2773 4702; x_wconf 82' lang='grc' dir='ltr'>ὅρος</span> <span class='ocrx_word' id='word_1_723' title='bbox 2802 4632 2981 4701; x_wconf 64' lang='grc' dir='ltr'>Ιέιυχῆς</span> <span class='ocrx_word' id='word_1_724' title='bbox 3009 4631 3256 4699; x_wconf 77' lang='grc' dir='ltr'>λογικῆς.</span> <span class='ocrx_word' id='word_1_725' title='bbox 3296 4633 3361 4684; x_wconf 88' lang='grc' dir='ltr'>Τί</span> <span class='ocrx_word' id='word_1_726' title='bbox 3392 4634 3540 4686; x_wconf 87' lang='grc' dir='ltr'>ἐστιν</span> <span class='ocrx_word' id='word_1_727' title='bbox 3567 4632 3691 4703; x_wconf 87' lang='grc' dir='ltr'>ὅρος</span> <span class='ocrx_word' id='word_1_728' title='bbox 3718 4633 3902 4703; x_wconf 75' lang='grc' dir='ltr'>ψυχῆς</span> <span class='ocrx_word' id='word_1_729' title='bbox 3929 4634 4055 4687; x_wconf 78' lang='grc' dir='ltr'>ἀλό-</span> 
     </span>
    </p>
   </div>
   <div class='ocr_carea' id='block_1_91' title="bbox 2471 4723 4052 4794">
    <p class='ocr_par' dir='ltr' id='par_1_91' title="bbox 2471 4723 4052 4794">
     <span class='ocr_line' id='line_1_92' title="bbox 2471 4723 4052 4794; baseline 0.001 -17"><span class='ocrx_word' id='word_1_730' title='bbox 2471 4742 2593 4792; x_wconf 90' lang='grc' dir='ltr'>γου.</span> <span class='ocrx_word' id='word_1_731' title='bbox 2632 4724 2742 4777; x_wconf 86' lang='lat' dir='ltr'>Kal</span> <span class='ocrx_word' id='word_1_732' title='bbox 2772 4726 2921 4784; x_wconf 81' lang='grc' dir='ltr'>ποῖος</span> <span class='ocrx_word' id='word_1_733' title='bbox 2950 4724 3072 4794; x_wconf 84' lang='grc' dir='ltr'>ὄρος</span> <span class='ocrx_word' id='word_1_734' title='bbox 3102 4724 3200 4793; x_wconf 82' lang='grc' dir='ltr'>τῆς</span> <span class='ocrx_word' id='word_1_735' title='bbox 3229 4723 3408 4794; x_wconf 74' lang='grc' dir='ltr'>ψυχῆς</span> <span class='ocrx_word' id='word_1_736' title='bbox 3437 4724 3531 4777; x_wconf 88' lang='grc' dir='ltr'>τοῦ</span> <span class='ocrx_word' id='word_1_737' title='bbox 3560 4724 3819 4794; x_wconf 80' lang='grc' dir='ltr'>Χριστοῦ.</span> <span class='ocrx_word' id='word_1_738' title='bbox 3859 4726 3972 4779; x_wconf 89' lang='lat' dir='ltr'>Kal</span> <span class='ocrx_word' id='word_1_739' title='bbox 4000 4726 4052 4779; x_wconf 84' lang='grc' dir='ltr'>τί</span> 
     </span>
    </p>
   </div>
   <div class='ocr_carea' id='block_1_92' title="bbox 2471 4812 4047 4885">
    <p class='ocr_par' dir='ltr' id='par_1_92' title="bbox 2471 4812 4047 4885">
     <span class='ocr_line' id='line_1_93' title="bbox 2471 4812 4047 4885; baseline 0.001 -17"><span class='ocrx_word' id='word_1_740' title='bbox 2471 4817 2586 4868; x_wconf 87' lang='grc' dir='ltr'>ἐστι</span> <span class='ocrx_word' id='word_1_741' title='bbox 2620 4814 2884 4883; x_wconf 67' lang='grc' dir='ltr'>σαρκικδν</span> <span class='ocrx_word' id='word_1_742' title='bbox 2911 4812 3141 4883; x_wconf 81' lang='grc' dir='ltr'>θέλημα.</span> <span class='ocrx_word' id='word_1_743' title='bbox 3181 4814 3290 4865; x_wconf 86' lang='lat' dir='ltr'>Kal</span> <span class='ocrx_word' id='word_1_744' title='bbox 3323 4813 3376 4865; x_wconf 90' lang='grc' dir='ltr'>τί</span> <span class='ocrx_word' id='word_1_745' title='bbox 3404 4814 3572 4885; x_wconf 75' lang='grc' dir='ltr'>ψυχή.</span> <span class='ocrx_word' id='word_1_746' title='bbox 3615 4816 3722 4868; x_wconf 88' lang='lat' dir='ltr'>Kal</span> <span class='ocrx_word' id='word_1_747' title='bbox 3756 4815 3810 4868; x_wconf 90' lang='grc' dir='ltr'>τί</span> <span class='ocrx_word' id='word_1_748' title='bbox 3837 4813 4047 4870; x_wconf 80' lang='grc' dir='ltr'>θεῖκὸν.</span> 
     </span>
    </p>
   </div>
   <div class='ocr_carea' id='block_1_93' title="bbox 2470 4905 4050 4975">
    <p class='ocr_par' dir='ltr' id='par_1_93' title="bbox 2470 4905 4050 4975">
     <span class='ocr_line' id='line_1_94' title="bbox 2470 4905 4050 4975; baseline -0.001 -16"><span class='ocrx_word' id='word_1_749' title='bbox 2470 4937 2539 4949; x_wconf 93' lang='grc'><strong><em>-</em></strong></span> <span class='ocrx_word' id='word_1_750' title='bbox 2567 4908 2678 4959; x_wconf 85' lang='lat' dir='ltr'>Kal</span> <span class='ocrx_word' id='word_1_751' title='bbox 2708 4906 2802 4958; x_wconf 82' lang='grc' dir='ltr'>ἐὰν</span> <span class='ocrx_word' id='word_1_752' title='bbox 2831 4906 2958 4968; x_wconf 86' lang='grc' dir='ltr'>τοὺς</span> <span class='ocrx_word' id='word_1_753' title='bbox 2985 4905 3418 4974; x_wconf 86' lang='grc' dir='ltr'>προειρημένους</span> <span class='ocrx_word' id='word_1_754' title='bbox 3447 4906 3607 4974; x_wconf 85' lang='grc' dir='ltr'>ὅρους</span> <span class='ocrx_word' id='word_1_755' title='bbox 3638 4906 3927 4975; x_wconf 82' lang='grc' dir='ltr'>πατρικῶς</span> <span class='ocrx_word' id='word_1_756' title='bbox 3956 4908 4050 4961; x_wconf 79' lang='grc' dir='ltr'>καὶ</span> 
     </span>
    </p>
   </div>
   <div class='ocr_carea' id='block_1_94' title="bbox 2469 4997 4047 5069">
    <p class='ocr_par' dir='ltr' id='par_1_94' title="bbox 2469 4997 4047 5069">
     <span class='ocr_line' id='line_1_95' title="bbox 2469 4997 4047 5069; baseline 0 -17"><span class='ocrx_word' id='word_1_757' title='bbox 2469 5000 2568 5069; x_wconf 80' lang='grc' dir='ltr'>οὐχ</span> <span class='ocrx_word' id='word_1_758' title='bbox 2604 4997 2932 5066; x_wconf 83' lang='grc' dir='ltr'>Ἑλληνικῶς</span> <span class='ocrx_word' id='word_1_759' title='bbox 2964 4997 3197 5067; x_wconf 81' lang='grc' dir='ltr'>διορίσαι</span> <span class='ocrx_word' id='word_1_760' title='bbox 3235 4998 3556 5066; x_wconf 88' lang='grc' dir='ltr'>ίσχύσωσιν,</span> <span class='ocrx_word' id='word_1_761' title='bbox 3593 4997 3652 5061; x_wconf 81' lang='grc' dir='ltr'>ἐξ</span> <span class='ocrx_word' id='word_1_762' title='bbox 3682 4998 3866 5051; x_wconf 85' lang='grc' dir='ltr'>αὐτῶν</span> <span class='ocrx_word' id='word_1_763' title='bbox 3895 4999 4047 5067; x_wconf 78' lang='grc' dir='ltr'>ἐλεγο</span> 
     </span>
    </p>
   </div>
   <div class='ocr_carea' id='block_1_95' title="bbox 2469 5089 4048 5162">
    <p class='ocr_par' dir='ltr' id='par_1_95' title="bbox 2469 5089 4048 5162">
     <span class='ocr_line' id='line_1_96' title="bbox 2469 5089 4048 5162; baseline -0.001 -18"><span class='ocrx_word' id='word_1_764' title='bbox 2469 5092 2688 5162; x_wconf 78' lang='grc' dir='ltr'>χόμενοι</span> <span class='ocrx_word' id='word_1_765' title='bbox 2723 5091 3012 5143; x_wconf 73' lang='grc' dir='ltr'>πίπτουσιν</span> <span class='ocrx_word' id='word_1_766' title='bbox 3034 5106 3045 5119; x_wconf 79' lang='lat'>&#39;</span> <span class='ocrx_word' id='word_1_767' title='bbox 3106 5089 3296 5159; x_wconf 87' lang='grc' dir='ltr'>ῶσπερ</span> <span class='ocrx_word' id='word_1_768' title='bbox 3333 5092 3441 5159; x_wconf 77' lang='grc' dir='ltr'>γὰρ</span> <span class='ocrx_word' id='word_1_769' title='bbox 3477 5090 3743 5160; x_wconf 81' lang='grc' dir='ltr'>ἀνελλιπῆ</span> <span class='ocrx_word' id='word_1_770' title='bbox 3776 5090 3913 5145; x_wconf 79' lang='grc' dir='ltr'>Θεὸν</span> <span class='ocrx_word' id='word_1_771' title='bbox 3940 5092 4048 5144; x_wconf 81' lang='grc' dir='ltr'>δεί-</span> 
     </span>
    </p>
   </div>
   <div class='ocr_carea' id='block_1_96' title="bbox 2473 5181 4047 5251">
    <p class='ocr_par' dir='ltr' id='par_1_96' title="bbox 2473 5181 4047 5251">
     <span class='ocr_line' id='line_1_97' title="bbox 2473 5181 4047 5251; baseline 0.002 -17"><span class='ocrx_word' id='word_1_772' title='bbox 2473 5199 2660 5235; x_wconf 88' lang='grc' dir='ltr'>κνυσιν</span> <span class='ocrx_word' id='word_1_773' title='bbox 2713 5183 2746 5251; x_wconf 82' lang='grc' dir='ltr'>ἡ</span> <span class='ocrx_word' id='word_1_774' title='bbox 2794 5181 2931 5250; x_wconf 86' lang='grc' dir='ltr'>πρὸς</span> <span class='ocrx_word' id='word_1_775' title='bbox 2971 5182 3062 5233; x_wconf 84' lang='grc' dir='ltr'>τὸν</span> <span class='ocrx_word' id='word_1_776' title='bbox 3098 5183 3312 5251; x_wconf 82' lang='grc' dir='ltr'>Πατέρα</span> <span class='ocrx_word' id='word_1_777' title='bbox 3347 5184 3701 5251; x_wconf 84' lang='grc' dir='ltr'>ὁμοουσιότης</span> <span class='ocrx_word' id='word_1_778' title='bbox 3733 5183 3827 5235; x_wconf 83' lang='grc' dir='ltr'>τὸν</span> <span class='ocrx_word' id='word_1_779' title='bbox 3853 5184 4047 5251; x_wconf 79' lang='grc' dir='ltr'>Λόγον,</span> 
     </span>
    </p>
   </div>
   <div class='ocr_carea' id='block_1_97' title="bbox 2472 5271 4050 5343">
    <p class='ocr_par' dir='ltr' id='par_1_97' title="bbox 2472 5271 4050 5343">
     <span class='ocr_line' id='line_1_98' title="bbox 2472 5271 4050 5343; baseline -0.001 -17"><span class='ocrx_word' id='word_1_780' title='bbox 2472 5272 2646 5335; x_wconf 85' lang='grc' dir='ltr'>οῦτως</span> <span class='ocrx_word' id='word_1_781' title='bbox 2696 5274 2761 5325; x_wconf 84' lang='grc' dir='ltr'>ἐκ</span> <span class='ocrx_word' id='word_1_782' title='bbox 2808 5272 3009 5333; x_wconf 75' lang='grc' dir='ltr'>παντὸς</span> <span class='ocrx_word' id='word_1_783' title='bbox 3053 5271 3257 5341; x_wconf 80' lang='grc' dir='ltr'>τρόπου</span> <span class='ocrx_word' id='word_1_784' title='bbox 3315 5274 3410 5325; x_wconf 86' lang='grc' dir='ltr'>καὶ</span> <span class='ocrx_word' id='word_1_785' title='bbox 3458 5271 3718 5343; x_wconf 81' lang='grc' dir='ltr'>ἀνελλιπῆ</span> <span class='ocrx_word' id='word_1_786' title='bbox 3756 5272 3925 5327; x_wconf 78' lang='grc' dir='ltr'>αὐτὸν</span> <span class='ocrx_word' id='word_1_787' title='bbox 3959 5275 4050 5327; x_wconf 81' lang='grc' dir='ltr'>ἀν-</span> 
     </span>
    </p>
   </div>
   <div class='ocr_carea' id='block_1_98' title="bbox 2474 5361 4047 5433">
    <p class='ocr_par' dir='ltr' id='par_1_98' title="bbox 2474 5361 4047 5433">
     <span class='ocr_line' id='line_1_99' title="bbox 2474 5361 4047 5433; baseline -0.001 -17"><span class='ocrx_word' id='word_1_788' title='bbox 2474 5364 2692 5433; x_wconf 90' lang='grc' dir='ltr'>θρωπον</span> <span class='ocrx_word' id='word_1_789' title='bbox 2726 5362 3025 5431; x_wconf 82' lang='grc' dir='ltr'>παρίστησι</span> <span class='ocrx_word' id='word_1_790' title='bbox 3061 5364 3092 5429; x_wconf 81' lang='grc' dir='ltr'>ἡ</span> <span class='ocrx_word' id='word_1_791' title='bbox 3128 5362 3265 5431; x_wconf 70' lang='grc' dir='ltr'>πρὸς</span> <span class='ocrx_word' id='word_1_792' title='bbox 3294 5363 3442 5432; x_wconf 78' lang='grc' dir='ltr'>ἡμᾶς</span> <span class='ocrx_word' id='word_1_793' title='bbox 3471 5361 3568 5414; x_wconf 86' lang='grc' dir='ltr'>τοῦ</span> <span class='ocrx_word' id='word_1_794' title='bbox 3599 5361 3856 5431; x_wconf 81' lang='grc' dir='ltr'>σώματος</span> <span class='ocrx_word' id='word_1_795' title='bbox 3882 5363 4047 5417; x_wconf 83' lang='grc' dir='ltr'>αὐτοῦ</span> 
     </span>
    </p>
   </div>
   <div class='ocr_carea' id='block_1_99' title="bbox 2474 5452 3307 5524">
    <p class='ocr_par' dir='ltr' id='par_1_99' title="bbox 2474 5452 3307 5524">
     <span class='ocr_line' id='line_1_100' title="bbox 2474 5452 3307 5524; baseline -0.001 -16"><span class='ocrx_word' id='word_1_796' title='bbox 2474 5456 2569 5509; x_wconf 84' lang='grc' dir='ltr'>καὶ</span> <span class='ocrx_word' id='word_1_797' title='bbox 2601 5453 2704 5523; x_wconf 81' lang='grc' dir='ltr'>τῆς</span> <span class='ocrx_word' id='word_1_798' title='bbox 2729 5452 2909 5523; x_wconf 81' lang='grc' dir='ltr'>ψυχῆς</span> <span class='ocrx_word' id='word_1_799' title='bbox 2935 5454 3307 5524; x_wconf 84' lang='grc' dir='ltr'>ὁμοουσιότης.</span> 
     </span>
    </p>
   </div>
   <div class='ocr_carea' id='block_1_100' title="bbox 2548 5544 4046 5620">
    <p class='ocr_par' dir='ltr' id='par_1_100' title="bbox 2548 5544 4046 5620">
     <span class='ocr_line' id='line_1_101' title="bbox 2548 5544 4046 5620; baseline 0.001 -22"><span class='ocrx_word' id='word_1_800' title='bbox 2548 5544 2979 5615; x_wconf 82' lang='grc' dir='ltr'>Παρακαλοῦμεν</span> <span class='ocrx_word' id='word_1_801' title='bbox 2999 5546 3123 5609; x_wconf 81' lang='grc' dir='ltr'>τοὺς</span> <span class='ocrx_word' id='word_1_802' title='bbox 3147 5548 3204 5598; x_wconf 87' lang='grc' dir='ltr'>ἐν</span> <span class='ocrx_word' id='word_1_803' title='bbox 3236 5545 3424 5616; x_wconf 83' lang='grc' dir='ltr'>Κυρίῳ</span> <span class='ocrx_word' id='word_1_804' title='bbox 3447 5546 3887 5617; x_wconf 76' lang='grc' dir='ltr'>ἀδελφοῦςὴμῶν</span> <span class='ocrx_word' id='word_1_805' title='bbox 3910 5550 4046 5620; x_wconf 64' lang='grc' dir='ltr'>μετὰ</span> 
     </span>
    </p>
   </div>
   <div class='ocr_carea' id='block_1_101' title="bbox 2479 5636 4042 5708">
    <p class='ocr_par' dir='ltr' id='par_1_101' title="bbox 2479 5636 4042 5708">
     <span class='ocr_line' id='line_1_102' title="bbox 2479 5636 4042 5708; baseline 0.001 -19"><span class='ocrx_word' id='word_1_806' title='bbox 2479 5636 2680 5703; x_wconf 75' lang='grc' dir='ltr'>πολλῆς</span> <span class='ocrx_word' id='word_1_807' title='bbox 2762 5636 3045 5697; x_wconf 79' lang='grc' dir='ltr'>εὐλαϐείας</span> <span class='ocrx_word' id='word_1_808' title='bbox 3113 5638 3209 5690; x_wconf 78' lang='grc' dir='ltr'>καὶ</span> <span class='ocrx_word' id='word_1_809' title='bbox 3269 5636 3645 5707; x_wconf 73' lang='grc' dir='ltr'>περισκέψεως</span> <span class='ocrx_word' id='word_1_810' title='bbox 3696 5639 4042 5708; x_wconf 58' lang='grc' dir='ltr'>διαλέγεσθαι</span> 
     </span>
    </p>
   </div>
   <div class='ocr_carea' id='block_1_102' title="bbox 2474 5725 4043 5801">
    <p class='ocr_par' dir='ltr' id='par_1_102' title="bbox 2474 5725 4043 5801">
     <span class='ocr_line' id='line_1_103' title="bbox 2474 5725 4043 5801; baseline 0.003 -23"><span class='ocrx_word' id='word_1_811' title='bbox 2474 5727 2610 5796; x_wconf 61' lang='lat' dir='ltr'>r96;</span> <span class='ocrx_word' id='word_1_812' title='bbox 2652 5726 2777 5789; x_wconf 80' lang='grc' dir='ltr'>τούς</span> <span class='ocrx_word' id='word_1_813' title='bbox 2812 5725 3113 5790; x_wconf 79' lang='grc' dir='ltr'>ἀντιδίκους</span> <span class='ocrx_word' id='word_1_814' title='bbox 3139 5725 3229 5781; x_wconf 83' lang='grc' dir='ltr'>τὸν</span> <span class='ocrx_word' id='word_1_815' title='bbox 3272 5728 3399 5799; x_wconf 80' lang='grc' dir='ltr'>περὶ</span> <span class='ocrx_word' id='word_1_816' title='bbox 3424 5728 3718 5798; x_wconf 85' lang='grc' dir='ltr'>ἐνεργειῶν</span> <span class='ocrx_word' id='word_1_817' title='bbox 3750 5730 3849 5786; x_wconf 82' lang='grc' dir='ltr'>καὶ</span> <span class='ocrx_word' id='word_1_818' title='bbox 3884 5729 4043 5801; x_wconf 62' lang='grc' dir='ltr'>θελη-</span> 
     </span>
    </p>
   </div>
  </div>
