4190 6438
1449 493 3345 531 m—w~—w——
3361 489 3447 526 ..⁵

234 529 317 535 ...-
335 529 450 535 ο.--
465 522 1448 534 —.—.————_——————-——————-—-—-—-———

1506 689 1672 730 ANNO
1718 687 1944 731 DOMINI
1991 687 2212 731 DXCIX.

911 892 2582 1108 ANASTASIUS
2734 897 2828 1098 Ι

767 1264 1922 1379 ANTIOCHENUS
2019 1261 2940 1378 EPISCOPUS.

1599 1659 2103 1752 NOTITIA

1836 1855 1886 1912 Ι.

1057 2017 1132 2069 Ex
1166 2016 1442 2070 GALLAND.
1487 2011 1600 2065 l'et.
1655 2011 1879 2064 Patrum
1919 2012 2173 2066 Bibliolh.
2213 2023 2248 2066 t.
2285 2014 2395 2082 ΧΗ,
2437 2031 2488 2086 p.
2520 2033 2650 2074 xv“.

289 2321 334 2376 l.
398 2323 758 2382 Anastasms,
817 2332 1019 2388 genere
1059 2317 1418 2379 Palmslinus,
1474 2317 1816 2386 professione
1853 2320 2192 2387 monachus,
2240 2337 2367 2376 cum
2405 2324 2759 2380 eruditorum
2794 2327 3079 2400 plerisque
3112 2344 3255 2402 quos
3281 2332 3468 2391 laudat

217 2415 517 2469 Fabricius
549 2417 611 2484 (l
637 2413 686 2483 ),
730 2411 1158 2481 distinguendus
1191 2412 1417 2464 omnino
1444 2411 1667 2465 videtur
1696 2411 1764 2466 ab
1789 2414 2082 2466 Anastasio
2109 2413 2320 2468 Sinaita
2353 2416 2446 2484 qui
2475 2418 2718 2488 Μωῦσῆς
2743 2419 2861 2482 νέος
2893 2435 2924 2475 a
2952 2419 3160 2479 Graecis
3192 2427 3469 2482 recentio-

216 2507 380 2559 ribus
413 2505 659 2568 dicitur,
708 2512 770 2557 ut
798 2503 965 2557 refert
998 2503 1287 2556 Simonius
1321 2502 1438 2570 (2).
1501 2502 1851 2572 Quapropter
1880 2505 2108 2558 minime
2135 2507 2453 2561 audiendus
2476 2515 2562 2561 est
2586 2509 2953 2577 Nicephorus,
2992 2513 3088 2581 qui
3113 2513 3468 2569 Anastasium

211 2595 287 2650 de
317 2611 430 2664 quo
465 2596 744 2663 loquimur
788 2609 898 2647 non
929 2594 1106 2647 solum
1150 2608 1276 2647 cum
1307 2593 1516 2647 Sinaita
1544 2595 1857 2658 confundit,
1901 2595 1996 2648 sed
2029 2605 2084 2649 et
2110 2612 2236 2649 cum
2266 2599 2441 2650 altero
2465 2598 3024 2668 Anastasiojuniore,
3056 2603 3150 2670 qui
3176 2604 3469 2658 Anastasio

212 2688 285 2740 de
330 2702 443 2753 quo
492 2687 582 2738 hic
625 2686 903 2754 loquimur
954 2685 1009 2736 in
1043 2684 1366 2751 episcopatu
1434 2685 1732 2748 successit,
1781 2696 1839 2739 ct
1870 2701 2015 2739 anno
2050 2687 2153 2740 609
2177 2687 2384 2740 Christi
2419 2697 2626 2757 martyr
2653 2690 2920 2742 occubuit
2960 2690 3088 2760 (5).
3144 2692 3470 2746 Anastasius

211 2781 408 2847 itaque
459 2791 581 2848 post
614 2779 885 2830 Domnum
917 2777 1032 2830 sive
1063 2776 1394 2829 Domninum
1437 2777 1504 2828 ad
1540 2778 1725 2830 sedem
1757 2778 2214 2847 'l‘heopolitanam
2251 2791 2346 2833 seu
2377 2781 2781 2836 Antiochenam
2819 2782 2926 2835 fuit
2950 2793 3199 2837 evectus.
3242 2784 3467 2838 Initium

207 2875 337 2940 ejus
368 2871 723 2939 pontificatus
746 2875 903 2939 juxta
931 2869 1228 2937 Nicephori
1258 2867 1555 2922 Chronicon
1587 2886 1651 2923 ac
1683 2869 2040 2939 Theophanis
2070 2872 2320 2936 Tabulas,
2353 2890 2417 2926 ex
2449 2873 2599 2942 Pagii
2631 2872 2707 2943 (4)
2738 2883 2795 2927 et
2820 2873 3110 2942 chnienii
3142 2875 3216 2944 (5)
3244 2885 3468 2929 senten-

210 2968 312 3030 tia,
354 2965 679 3034 illigandum
710 2978 857 3016 anno
889 2963 1015 3025 559,
1053 2977 1212 3015 secus
1243 2971 1409 3030 atque
1440 2963 1532 3014 alii
1567 2963 1664 3030 qui
1691 2971 1942 3017 statuunt
1972 2980 2180 3018 annum
2212 2965 2338 3018 561.
2395 2965 2528 3034 Ejus
2552 2967 2702 3019 enim
2731 2966 3023 3030 decessor,
3061 2966 3156 3036 qui
3187 2982 3333 3021 anno
3361 2968 3469 3022 545

206 3060 616 3116 Antiochenam
647 3057 833 3111 sedem
868 3057 1133 3118 obtinuit,
1176 3072 1353 3110 annos
1389 3058 1451 3109 M
1484 3073 1603 3110 cam
1631 3058 1933 3111 Ecclesiam
1971 3059 2202 3124 rexisse,
2241 3060 2492 3128 adeoque
2527 3058 2878 3113 Anastasium
2908 3066 3158 3113 nostrum
3186 3073 3335 3113 anno
3359 3060 3463 3114 559

208 3168 594 3207 successorem
649 3151 908 3204 habuisse
961 3150 1323 3217 comperitnr.
1387 3151 1495 3202 lies
1524 3151 1592 3202 ab
1621 3166 1688 3203 eo
1717 3153 1980 3218 praeclare
2009 3161 2190 3219 gestas
2221 3152 2520 3220 descripsit
2552 3153 2822 3219 Evagrius
2849 3152 2948 3223 (6).
2989 3152 3086 3206 Vir
3115 3151 3329 3206 scilicet
3359 3152 3465 3207 fuit

206 3256 330 3300 tum
372 3245 446 3298 ob
487 3245 821 3298 eminentem
852 3243 980 3296 vita:
1014 3243 1370 3296 sanctitatem
1399 3282 1412 3305 ,
1469 3251 1584 3295 tum
1619 3244 1690 3296 ob
1716 3244 1972 3296 eximiam
2001 3244 2312 3298 doctrinam
2349 3245 2557 3312 ubique
2589 3244 2644 3297 in
2670 3243 2897 3298 Oriente
2924 3252 3228 3314 spectatus.
3266 3245 3457 3315 Magna

205 3340 448 3407 insuper
477 3340 789 3392 constantia
819 3347 876 3392 et
900 3337 1071 3391 animi
1101 3337 1435 3389 celsitudine
1468 3337 1523 3389 in
1551 3346 1714 3390 rectae
1743 3338 1868 3390 fidei
1896 3338 2221 3392 defensione
2247 3340 2515 3408 praeditus
2540 3340 2709 3394 fuisse
2739 3341 3087 3408 perhibetur.
3136 3340 3463 3411 Imperatori

207 3446 452 3500 namque
479 3431 795 3484 Justiniano
829 3432 884 3484 in
916 3430 1171 3483 haeresim
1197 3429 1824 3496 Aphthartodocitarum
1854 3431 2005 3498 lapso
2044 3429 2276 3484 firmiter
2303 3432 2523 3486 obstitit
2564 3449 2579 3485 :
2613 3432 2708 3501 qui
2737 3440 3030 3502 propterea
3058 3433 3237 3504 ipsum
3262 3435 3461 3489 exsilio

208 3529 461 3596 relegare
492 3527 856 3592 decreverat;
895 3526 1016 3589 sed,
1052 3525 1354 3593 improviso
1381 3525 1498 3578 fato
1531 3525 1822 3594 perculsus
1854 3541 2001 3578 anno
2027 3527 2151 3586 565.
2181 3528 2432 3596 iniquum
2461 3527 2758 3582 consilium
2792 3527 3060 3597 perﬁcere
3085 3528 3234 3583 haud
3256 3531 3460 3599 potuit.

207 3623 354 3677 Illud
388 3633 572 3679 tamen
605 3625 818 3694 aliquot
847 3633 971 3694 post
1000 3640 1174 3678 annos
1213 3625 1515 3693 perfecisse
1547 3626 1910 3695 intelligimus
1945 3627 2122 3679 nihilo
2147 3627 2447 3694 aequiorem
2481 3627 2538 3680 in
2567 3638 2821 3682 sanctum
2852 3628 3163 3682 antistitem
3188 3626 3463 3683 Justinia-

205 3718 266 3771 ni
319 3727 620 3786 cognatum
674 3719 954 3774 Justinum
1007 3719 1288 3788 juniorem
1313 3759 1328 3783 ,
1386 3719 1481 3788 qui
1517 3735 1644 3774 eum
1677 3730 1872 3773 octavo
1904 3720 2122 3790 imperii
2149 3737 2295 3775 anno
2328 3721 2675 3776 Antiochena
2701 3723 2830 3776 sedc
2857 3722 3201 3786 deturbavit,
3241 3723 3462 3793 ipsique

205 3809 541 3879 Gregorium
590 3812 811 3865 suffecit
865 3813 1123 3866 asceterii
1173 3814 1378 3866 montis
1409 3812 1542 3866 Sina
1578 3814 1920 3881 prmfectum.
1979 3815 2055 3869 De
2090 3815 2176 3869 his
2214 3831 2283 3868 ex
2315 3815 2551 3886 Evagrio
2581 3817 2900 3882 erudimur,
2940 3818 3034 3887 qui
3069 3819 3325 3887 pluribus
3359 3819 3461 3874 ista

207 3904 570 3975 prosequitur
602 3905 717 3970 (7).
764 3903 913 3958 l-lanc
945 3905 1222 3959 Anastasii
1257 3905 1665 3973 depositionem
1703 3921 1846 3974 aegre
1876 3906 2174 3960 admodum
2205 3908 2332 3961 tulit
2363 3907 2666 3977 Gregorius
2698 3910 2943 3979 Magnus.
2985 3910 3218 3964 Exstant
3247 3911 3464 3981 aliquot

206 4000 334 4066 ejus
359 3997 613 4065 epistolze
640 3997 739 4066 (8)
774 3995 841 4047 ad
875 3997 1132 4052 eumdem
1167 3997 1574 4052 Antiochenum
1605 4001 1919 4066 praesulem,
1959 3999 2014 4052 in
2040 3999 2246 4068 quibus
2277 4000 2456 4068 ipsum
2491 4000 2736 4068 impense
2763 4002 2950 4055 laudat
2996 4018 3009 4053 :
3054 4010 3287 4056 testatus
3319 4019 3462 4072 pra:-

209 4095 359 4142 terea
417 4103 477 4142 se
531 4088 677 4156 apud
726 4085 1116 4141 screnissimos
1162 4087 1419 4139 dominos
1471 4088 1820 4155 (Mauritium
1852 4090 2082 4158 ejusque
2114 4088 2287 4142 filium
2316 4089 2736 4159 Theodosium)
2781 4091 3017 4146 summis
3042 4093 3302 4160 precibus
3330 4110 3462 4163 sug-

205 4182 519 4251 gestionem
550 4181 774 4241 fecisse,
811 4189 873 4233 ut
903 4182 1024 4234 viro
1055 4181 1378 4234 beatissimo
1415 4196 1551 4234 suus
1579 4182 1758 4234 honor
1786 4184 2199 4236 restitueretur.

281 4272 345 4325 ll.
381 4273 714 4326 Pontilicatu
743 4273 912 4326 cessit
937 4273 1263 4326 Anastasius
1294 4289 1440 4327 anno
1468 4273 1571 4328 569
1619 4283 1857 4328 exeunte
1889 4276 1974 4328 vel
2000 4284 2216 4339 exacto,
2247 4282 2537 4345 postquam
2564 4277 2744 4347 prima
2768 4277 2889 4335 vice
2916 4279 3151 4335 sedisset
3176 4285 3462 4352 annos“,

208 4363 304 4430 ἔτη
342 4359 438 4425 ια’,
471 4371 532 4416 ut
562 4362 802 4416 habetur
836 4362 890 4414 in
920 4363 1222 4430 Nicephori
1248 4361 1504 4417 Chronico
1538 4380 1602 4417 ac
1628 4364 1986 4436 TheOphanis
2019 4366 2264 4431 Tabulis;
2300 4369 2461 4438 cujus
2491 4376 2788 4437 propterea
2819 4371 3075 4425 exsilium
3103 4373 3288 4427 minus
3313 4384 3460 4428 recte

208 4454 387 4507 refert
417 4454 619 4523 Pagius
645 4453 739 4520 (9)
774 4454 841 4507 ad
874 4469 1082 4507 annum
1113 4454 1237 4508 565.
1303 4455 1478 4509 Porro
1517 4455 1841 4526 Gregorius,
1870 4458 2050 4512 eidem
2080 4459 2348 4514 suffectus
2377 4474 2524 4514 anno
2553 4460 2686 4525 570,
2722 4461 3026 4517 Ecclesiam
3059 4467 3460 4522 Antiochenam

209 4545 422 4599 rexisse
476 4561 653 4614 usque
686 4545 756 4598 ad
793 4547 1077 4600 ineuntem
1110 4563 1316 4600 annum
1352 4550 1457 4602 595
1493 4558 1836 4619 compertum
1893 4552 1954 4606 ilt
2002 4568 2069 4605 ex
2111 4553 2476 4621 inscriptione
2521 4553 2801 4609 Orationis
2847 4573 3009 4625 quam
3045 4558 3240 4613 habuit
3270 4569 3460 4616 noster

205 4637 556 4699 Anastasius,
579 4651 704 4690 cum
735 4647 860 4705 post
884 4652 1062 4691 annos
1092 4648 1204 4690 tres
1229 4649 1289 4692 et
1309 4639 1522 4708 viginti,
1543 4641 1805 4697 thronum
1831 4658 1993 4696 suum
2024 4644 2454 4713 patriarchalem
2485 4662 2682 4700 rursus
2707 4648 2938 4716 recepit.
2973 4647 3215 4720 Hujusce
3237 4650 3460 4707 Oratio-

205 4728 295 4781 nis
350 4726 775 4796 inscriptionem
831 4729 912 4783 sic
957 4730 1132 4783 refert
1178 4729 1510 4786 Lambecius
1551 4731 1688 4801 (10)
1730 4751 1742 4786 :
1783 4736 1856 4787 To

1802 4735 1891 4787 Γοῦ
1934 4737 2100 4788 αὑτοῦ
2136 4737 2493 4790 Ἀναστασίου
2538 4740 2882 4810 πατριάρχου
2922 4742 3253 4812 Ἀντιοχείας
3281 4745 3457 4812 Λόγος

202 4818 446 4886 ὁπηνίκα
476 4819 784 4885 ἐπανῆλθεν
816 4823 910 4874 ἐπὶ
939 4823 1030 4874 τὸν
1057 4823 1248 4892 θρόνον
1280 4823 1369 4876 διὰ
1397 4823 1565 4893 τριῶν
1596 4827 1692 4877 καὶ
1718 4827 1857 4879 εἴκοε

1803 4843 1892 4880 oet
1919 4828 2150 4897 χρόνων,
2182 4847 2237 4884 κ.
2268 4848 2321 4884 τ.
2346 4830 2397 4883 λ.
2431 4830 2688 4899 Ejusdem
2713 4833 2987 4888 Anastasii
3011 4839 3331 4904 patriarcha:
3349 4841 3458 4893 An-

203 4907 434 4960 tiocbem'
483 4906 699 4975 Oratio,
746 4927 867 4964 cum
892 4921 1007 4981 post
1039 4930 1208 4966 annos
1243 4916 1427 4983 viginti
1458 4925 1583 4980 tres,
1616 4917 1685 4969 ad
1708 4918 1887 4970 sedem
1920 4921 2099 4973 rediit.
2161 4917 2278 4986 Qua
2327 4923 2396 4976 de
2439 4922 2804 4992 inscriptione
2844 4926 3068 4999 Pagium
3099 4929 3210 4998 (Η)
3240 4939 3297 4986 et
3321 4932 3456 4989 Bos-

203 4998 394 5051 cbium
426 4999 555 5067 (l2)
587 5002 843 5056 consulas
870 5004 1060 5057 velim.
1099 5005 1360 5059 Eamdem
1393 5022 1616 5076 quoque
1645 5010 1844 5064 recitat
1872 5011 2189 5081 Lequienus
2221 5014 2350 5083 (15)
2392 5033 2404 5068 :
2445 5016 2539 5070 sed
2576 5018 2724 5070 aliud
2755 4998 2934 5088 egisse
2964 5021 3189 5076 videtur
3213 5025 3299 5077 vir
3323 5039 3454 5080 eru-

201 5089 392 5153 ditus,
441 5091 574 5145 dum
601 5094 874 5148 scriberet
897 5097 1246 5151 Anastasium
1280 5099 1452 5155 fuisse
1486 5115 1515 5151 a
1545 5103 1800 5157 Mauritio
1829 5105 2161 5174 imperatore
2195 5106 2554 5162 Antiochenaa
2583 5109 2697 5164 sedi
2730 5111 3047 5164 restitutum
3081 5116 3317 5167 uicesimo
3344 5125 3453 5167 ter-

279 5265 359 5398 ξι)
395 5267 609 5346 Fabric.
636 5269 771 5351 Bibl.
799 5271 965 5353 Grut.
994 5273 1084 5333 IX.
1119 5291 1239 5344 pag.
1261 5275 1387 5330 515.
1502 5353 1504 5355 ρ
1879 5281 2040 5357 epist.
2067 5275 2169 5344 59;
2212 5293 2268 5336 et
2295 5283 2395 5336 lib.
2420 5301 2511 5345 vn,
2538 5285 2702 5351 epist.
2725 5288 2815 5350 27,
2853 5289 2989 5344 edit.
3015 5291 3118 5344 BB.

302 5340 358 5398 2)
393 5335 604 5390 Simon.
638 5339 772 5392 Bibl.
804 5344 963 5393 chon.
998 5351 1035 5394 t.
1066 5344 1131 5398 ll.
1163 5361 1282 5398 ean.
1312 5345 1432 5398 ΗΞ.
1465 5362 1586 5398 nae.
1611 5350 1699 5398 27.
1953 5353 2026 5398 (9i
2065 5352 2212 5398 Paci.
2243 5353 2307 5398 ad
2333 5371 2462 5398 ann-
2491 5355 2609 5398 563-
2645 5357 2671 5398 ἃ
2697 5357 2729 5398 3

302 5340 358 5423 ἓξ
393 5335 604 5423 ἕίιηρπε-
638 5339 772 5423 Ξίθέ
804 5342 963 5423 τίῐςνίαῗ-
998 5351 1035 5394 ί·
1066 5335 1282 5423 [κέδρο
1312 5345 1432 5406 “‘2.
1465 5350 1699 5423 Das-21
1917 5335 2030 5423 ’μη
2065 5335 2212 5423 Pagi.
2243 5335 2749 5423 adsumsi

820 5410 1109 5496 Hist.oeefl.
1143 5406 1410 5479 Ιὶὺίχνιιι,
1438 5406 1672 5485 capti“.
1952 5406 2061 5496 (ill)
2104 5406 2292 5474 ιιῐωι).
2340 5406 2751 5478 Commenl."
2797 5427 2934 5480 Bibl,
2975 5427 3175 5484 Cas".
3221 5431 3316 5486 lib.
3356 5448 3448 5496 γη,

303 5473 354 5557 ε)
394 5473 637 5557 pugna
665 5479 1068 5557 ann.§til_,§2.
1195 5553 1240 5557 __
1369 5473 1461 5557 f'__
1506 5473 1519 5485 '
1877 5506 1930 5557 τι.
1957 5473 2078 5543 ‘159’.

395 5543 777 5638 ὲεηυξθηὰρτ.
805 5543 1000 5638 Christ:
1037 5561 1165 5603 tom.
1195 5553 1260 5611 ll.
1287 5554 1488 5638 p.334.
1879 5543 1891 5557 ’
1953 5581 1955 5606 l

1334 5554 1488 5638 λ754.
1879 5543 1891 5557 ’
2100 5561 2254 5638 fagi.
2285 5562 2507 5638 ad_ann.
2535 5565 2656 5638 594:
2689 5565 2750 5635 ᾗῇ
2778 5567 2807 5619 ιι
2838 5582 2989 5638 seqq.

393 5613 589 5704 Evalgr.
618 5615 1124 5704 liis-taecclLIibLIv,
1153 5611 1386 5691 capJO.
1953 5611 2507 5704 lléjﬂBo‘scjhf
2616 5611 3064 5704 ﬁdiifaiiiib'éh.,
3103 5639 3169 5692 ad
3201 5640 3321 5697 Act.
3351 5641 3447 5697 SS.

278 5681 1067 5767 (Ζ)Ξηυ-Ιίίξγκίῖξιιψ-δαϐσ
1114 5681 1155 5767 '_
1221 5681 1286 5767 ζμ
1352 5763 1410 5767 ,μ
1883 5681 2794 5767 mr‘n.iv.Jul;plosﬁiﬁhiisi

277 5751 356 5819 (8)
389 5751 644 5821 Greg.M.
694 5751 872 5817 nutu,
918 5761 1082 5825 epist.
1126 5763 1176 5822 7,
1218 5761 1310 5827 εδ,
1346 5763 1451 5827 26;
1501 5773 1556 5819 et
1595 5766 1692 5819 lib.
1720 5783 1772 5830 ν,

1595 5766 1692 5819 lib.
1720 5783 1772 5830 ν,
1955 5769 2064 5834 (ιδ)
2104 5751 2388 5837 ιμρψιίὲιιζ
2408 5751 2738 5827 ονῖᾶίιῖὲδίῗ
2753 5751 2885 5830 iam.
2915 5778 2980 5839 ιι,
3015 5795 3066 5846 ρ.
3094 5779 3213 5833 756.

527 5847 798 5909 Parnm.
842 5855 956 5911 Gn.
979 5855 1302 5916 LXXXIX.
2997 5869 3065 5929 [ιι
