4190 6438
755 391 880 457 1291
1808 390 1867 448 S.
1911 386 2375 448 ANASTASIUS
2417 385 2975 446 ANTIOCHENUS.
3867 377 4009 440 1292

749 511 822 560 tio
855 521 998 560 anno
1027 514 1214 558 exacto
1250 521 1310 557 ex
1341 520 1440 573 quo
1474 500 1842 572 pontiﬁcatum
1872 504 2067 555 inierat
2094 503 2262 572 (14);
2322 517 2449 555 cum
2486 504 2671 570 potius
2717 502 2960 554 scribere
2994 499 3302 560 debuisset,
3341 515 3400 551 ex
3429 514 3529 567 quo
3560 496 3872 566 pontiﬁcatu
3902 498 4003 546 ah—

747 601 954 654 dicatus
1004 600 1202 669 fuerat.
1262 599 1438 652 Aliter
1489 597 1635 650 haud
1682 597 1789 651 sibi
1835 606 2114 651 constaret
2153 597 2210 651 ν.
2241 597 2302 651 C.
2337 613 2401 651 ex
2433 599 2608 665 posita
2644 608 2791 650 recte
2823 597 2891 649 ab
2922 611 2989 649 eo
3020 606 3329 665 temporum
3359 594 3788 664 supputatione,
3832 607 4003 661 quam

749 692 917 761 paulo
965 701 1093 746 ante
1147 689 1432 760 praemisit.
1495 691 1683 760 Itaque
1716 689 1844 744 anni
1877 689 2071 759 Viginti
2106 699 2221 745 tres
2255 706 2363 744 non
2395 690 2463 742 ah
2495 689 2632 742 inito
2660 690 2981 758 pontiﬁcatu
3009 689 3287 742 Anastasii
3324 705 3471 741 anno
3501 689 3622 751 559,
3667 686 3760 740 sed
3796 687 3866 739 ab
3897 702 4002 738 an-

749 801 823 840 no
849 788 975 852 570,
1011 803 1121 859 quo
1148 787 1253 840 fuit
1284 787 1555 858 dejectus,
1594 785 1924 841 numerandi
1960 786 2186 840 omnino
2217 795 2375 848 sunt,
2413 783 2662 851 adeoque
2697 784 2764 838 de
2797 782 3044 854 ejusdem
3079 787 3399 836 reversione
3435 783 3504 836 ad
3536 797 3657 836 eam
3685 781 3874 833 sedem
3905 795 4003 832 ac-

750 879 1015 948 cipiendi.

819 997 907 1050 lll.
969 996 1123 1052 llaud
1156 1013 1317 1052 secus
1347 1011 1411 1049 ac
1437 995 1729 1064 inscriptio
1760 994 2130 1047 Lambeeiana
2161 993 2409 1061 loquitur
2435 992 2703 1059 Evagrius
2730 1008 2742 1053 (
2765 991 2883 1060 15).
2943 988 3049 1042 Sed
3097 989 3233 1042 illud
3285 989 3337 1043 in
3372 989 3567 1058 primis
3597 986 3998 1041 attendendum

750 1087 898 1155 quod
948 1089 1025 1141 ait
1078 1088 1222 1141 idem
1272 1087 1574 1139 historicus
1599 1126 1611 1148 ,
1678 1085 2008 1153 Gregorium
2055 1085 2290 1144 scilicet,
2329 1085 2382 1136 in
2415 1083 2588 1135 nostri
2619 1082 2904 1134 Athanasii
2934 1082 3114 1134 locum
3148 1080 3468 1141 sulIectum,
3510 1091 3792 1133 mortuum
3826 1079 4005 1132 fuisse

750 1195 861 1247 quo
898 1187 1144 1246 tempore
1195 1177 1555 1230 Antiocheam
1587 1175 1848 1228 Ecclesia:
1884 1173 2214 1243 pra-sidebat
2241 1174 2587 1229 Anastasius.
2619 1173 2757 1226 llinc
2789 1176 2914 1244 jure
2947 1175 3124 1240 arguit
3154 1174 3404 1227 Valesius
3435 1174 3792 1228 Anastasium
3832 1177 4007 1244 paulo

748 1285 875 1328 ante
929 1282 1163 1326 mortem
1215 1270 1466 1340 Gregorii
1513 1269 1681 1322 luisse
1715 1270 1766 1320 in
1800 1269 1986 1321 sedem
2050 1269 2457 1322 Antiochenam
2494 1266 2837 1319 restitutum.
2899 1264 3014 1330 Qua
3064 1264 3130 1317 de
3171 1281 3227 1318 re
3277 1265 3444 1319 latius
3485 1267 3651 1320 verba
3691 1267 3825 1321 facit
3865 1269 4009 1323 Bos-

750 1367 914 1421 chius
943 1365 1096 1434 (16).
1159 1364 1543 1432 Nicephorus,
1602 1363 1654 1414 in
1700 1360 1980 1423 Chronico,
2019 1377 2111 1412 sea:
2140 1379 2307 1414 annos
2345 1361 2688 1430 pontilicatui
2723 1362 2845 1428 ejus
2875 1359 3122 1412 secundo
3157 1359 3374 1418 tribuit,
3413 1359 3505 1427 ἔτη
3539 1360 3623 1423 ς’;
3667 1363 3904 1422 rectius,
3946 1376 4009 1415 ut

749 1460 993 1521 videtur,
1035 1457 1392 1525 TheOphanis
1426 1455 1665 1519 Tabulw,
1696 1473 1864 1508 annos
1900 1471 2152 1524 qumque,
2187 1455 2282 1519 ἐτη
2309 1460 2371 1504 ε’.
2411 1452 2647 1506 Sanctus
2684 1453 2832 1506 enim
2879 1449 3176 1518 Gregorius
3221 1452 3508 1518 epistolam
3546 1453 3612 1505 ad
3645 1454 4007 1508 Anastasium

745 1551 1028 1618 juniorem
1063 1550 1182 1617 ejus
1211 1563 1589 1601 successorem
1620 1549 1845 1615 scripsit
1875 1563 2021 1600 anno
2053 1547 2176 1608 599,
2215 1544 2517 1597 indictione
2545 1544 2599 1606 2,
2652 1561 2839 1598 mense
2868 1542 3131 1596 Januario
3164 1543 3292 1610 (l7)
3335 1561 3347 1595 :
3395 1545 3640 1612 adeoque
3672 1561 4007 1614 supremum

750 1642 896 1696 diem
928 1641 1134 1695 obierit
1161 1640 1488 1693 Anastasius
1515 1639 1701 1691 senior
1727 1652 1873 1690 anno
1900 1637 2244 1705 praecedente
2273 1635 2395 1696 598,
2423 1650 2535 1703 quo
2565 1636 2823 1688 Kalendis
2849 1631 3276 1700 Septembribus
3302 1633 3667 1687 inchoabatur
3694 1636 3931 1690 indictio
3953 1639 4007 1692 2.

751 1731 843 1786 Sic
874 1730 1126 1800 pluribus
1155 1729 1355 1797 l’agius
1378 1729 1513 1795 (18).
1551 1727 1608 1780 In
1639 1727 1888 1780 eamdem
1923 1726 2254 1779 sententiam
2285 1725 2450 1792 l’agio
2477 1725 2770 1793 przeiverat
2801 1725 3070 1777 Baronius
3101 1723 3153 1774 in
3180 1725 3562 1778 notationibus
3587 1727 3651 1780 ad
3677 1727 4010 1798 Martyrolo-

750 1825 891 1892 gium
927 1822 1065 1891 (19)
1116 1839 1128 1873 :
1177 1821 1308 1874 licet
1344 1829 1534 1888 postea
1570 1820 1623 1872 in
1653 1820 1980 1880 Annalibus,
2017 1827 2227 1871 mutato
2255 1819 2510 1879 consilio,
2543 1833 2749 1870 annum
2780 1819 3036 1872 statuerit
3060 1820 3184 1872 599.
3222 1819 3405 1886 Atque
3441 1818 3581 1887 (20)
3617 1822 3711 1873 alii
3747 1825 4007 1889 quidem,

753 1935 894 1988 quos
924 1919 1072 1972 inter
1109 1917 1378 1970 Boschius
1406 1915 1564 1982 (2|),
1612 1913 1935 1966 doctissimo
1964 1913 2253 1966 Annalium
2281 1914 2752 1965 ecclesiasticarum
2781 1912 2995 1979 parenti
3033 1912 3406 1965 accedendum
3434 1914 3620 1981 potius
3650 1916 4006 1972 existimant.

755 2011 986 2071 Verum,
1026 2009 1070 2062 si
1105 2007 1383 2075 Menologii
1412 2005 1739 2067 Graecorum,
1778 2021 1990 2059 necnon
2023 2005 2346 2056 Tabularum
2375 2005 2851 2058 ecclesiasticarum
2904 2005 3225 2058 attendatur
3255 2007 3563 2059 auctoritas
3585 2046 3599 2068 ,
3657 2022 3785 2060 cum
3826 2009 4004 2078 Pagii,

754 2113 869 2154 tum
914 2100 1067 2168 prior
1098 2097 1315 2149 Baronii
1347 2097 1623 2149 sententia
1659 2096 1998 2164 pnelercnda
2027 2095 2264 2148 videtur.
2328 2093 2384 2146 ln
2435 2110 2502 2147 eo
2545 2100 2692 2148 enim
2738 2096 3014 2149 Anastasii
3046 2097 3286 2164 elogium
3337 2096 3426 2148 die
3455 2096 3524 2147 20
3555 2099 3764 2152 mensis
3795 2101 4008 2168 Aprilis

752 2194 1110 2262 consignatur
1142 2189 1279 2258 (22)
1317 2206 1327 2238 :
1359 2189 1414 2241 in
1446 2188 1530 2240 his
1559 2199 1742 2240 autem
1777 2203 1828 2239 χι
1855 2187 2123 2240 Kalendas
2148 2186 2317 2238 Maias
2347 2186 2726 2240 anniversaria
2758 2188 2877 2255 ejus
2907 2189 3171 2240 memoria
3201 2189 3466 2242 recolitur
3499 2189 3648 2255 (25).
3698 2191 3836 2254 Qua:
3872 2208 4008 2246 sane

753 2283 1026 2354 temporis
1057 2281 1398 2342 notationes,
1438 2278 1795 2331 indictionum
1820 2278 1855 2330 2
1886 2278 2262 2346 praecedentes
2291 2293 2400 2346 qua
2428 2279 2632 2346 scripta
2659 2279 2913 2347 Gregorii
2941 2280 3119 2348 Magni
3147 2283 3381 2349 epistola
3409 2294 3710 2338 memorata
3741 2289 4009 2354 perhihe-

755 2387 866 2440 tur,
903 2389 1108 2428 annum
1144 2371 1420 2424 Anastasii
1447 2370 1809 2423 emortualem
1839 2371 1942 2422 598
1967 2368 2320 2424 confirmant.

821 2491 908 2545 IV.
953 2488 1226 2543 Anastasii
1257 2487 1492 2541 senioris
1523 2485 1777 2554 prsesulis
1804 2485 2134 2539 Antiocheni
2169 2487 2375 2556 scripta
2410 2503 2532 2556 qum
2558 2489 3028 2542 circumferuntur
3059 2501 3186 2542 sunt
3212 2492 3504 2559 ejusmodi,
3531 2504 3697 2561 prout
3721 2511 3785 2547 ea
3813 2513 4004 2550 recc-u-

752 2589 836 2633 set
868 2580 1162 2634 Fabricius
1189 2577 1330 2646 (21)
1366 2595 1376 2628 :
1411 2579 1545 2643 Περὶ
1575 2575 1684 2626 τῶν
1718 2575 1837 2627 καθ’
1863 2578 2012 2644 ἡμᾶς
2041 2576 2220 2644 ὀρθῶν
2249 2577 2351 2645 τῆς
2379 2579 2407 2628 ἁ

2346 2595 2351 2634 ς
2379 2578 2638 2647 ἀληθείας
2667 2578 2956 2646 δογμάτων
2980 2579 3142 2646 Λόγοι
3167 2581 3227 2632 ε’.
3257 2581 3330 2634 De
3358 2585 3552 2635 nostris
3585 2588 3741 2638 rectis
3775 2589 4001 2660 dogma-

752 2673 887 2724 tibus
918 2669 1156 2724 veritatis
1191 2667 1473 2719 Orationes
1501 2666 1753 2733 quinque.

963 2763 1004 2816 1.
1045 2761 1120 2815 De
1147 2759 1244 2814 SS.
1275 2759 1553 2812 Triuitate.

965 2854 1030 2907 II.
1069 2852 1143 2904 De
1174 2850 1649 2918 incircumscripto.

963 2947 1053 2998 ΙΙΙ.
1092 2945 1168 2997 De
1200 2946 1378 2996 divina
1411 2945 1721 3005 a~couomia,
1759 2943 1935 3005 idest,
1971 2945 2035 2993 de
2063 2943 2452 2998 incarnatione.

961 3036 1049 3091 IV.
1089 3035 1164 3087 De
1196 3033 1440 3103 passione
1472 3041 1520 3083 et
1551 3033 1978 3100 impassibilitate
2007 3031 2222 3086 Christi.

960 3133 1023 3186 V.
1067 3132 1144 3185 De
1180 3131 1569 3182 resurrectione
1596 3128 1810 3181 Christi.

753 3227 862 3281 llas
914 3225 1162 3294 quinque
1209 3222 1501 3275 Orationes
1554 3219 1830 3273 Stevartio
1880 3218 2192 3283 debemus,
2248 3221 2343 3290 qui
2395 3235 2492 3275 cas
2540 3221 2594 3275 in
2639 3237 2741 3275 suo
2781 3224 3032 3277 Auctario
3075 3226 3358 3281 lectionum
3402 3233 3749 3302 antiquarunt
3781 3233 3994 3289 Canisii

749 3335 818 3372 ex
867 3317 1124 3371 versione
1179 3314 1458 3367 Francisei
1503 3311 1800 3375 Turriani,
1857 3311 2035 3365 edidit
2087 3311 2404 3380 lngolstadii

2348 3312 2408 3366 lii
2461 3328 2607 3366 anno
2651 3315 2808 3368 1616.
2873 3316 3103 3370 Exstant
3137 3329 3402 3386 prmterca
3429 3339 3495 3377 ex
3527 3324 3717 3377 eadem
3747 3326 4003 3381 versione

751 3413 808 3466 in
838 3409 1201 3465 Bibliothecis
1233 3409 1457 3462 Patrum
1491 3405 1811 3459 Coloniensi
1843 3414 1898 3458 et
1933 3405 2309 3473 Lugdunensi.
2367 3405 2552 3460 Greece
2587 3423 2757 3478 porro
2787 3409 3066 3464 habentur
3097 3414 3151 3465 in
3183 3414 3517 3469 bibliotheca
3542 3417 3809 3471 Vaticana
3848 3418 4004 3488 (25),

752 3505 1171 3561 Vindobonensi
1215 3503 1343 3572 (26)
1395 3501 1630 3569 aliisque
1683 3499 1827 3552 haud
1877 3502 2090 3569 paucis.
2157 3501 2390 3554 Videtur
2431 3511 2658 3556 sanctus
2699 3505 2898 3572 prmsul
2944 3505 3044 3558 has
3075 3506 3366 3562 Orationes
3395 3509 3595 3563 litteris
3619 3510 4005 3580 consignasse,

750 3599 908 3662 dum,
938 3598 1006 3650 ab
1035 3597 1275 3650 Ecclesia
1301 3609 1399 3647 sua
1425 3593 1769 3647 Antiochena
1803 3595 1997 3661 procul
2031 3594 2254 3656 absens,
2283 3595 2451 3647 vitam
2487 3595 2543 3648 in
2571 3597 2768 3650 exsilio
2797 3608 3005 3666 ageret.
3042 3601 3294 3654 Amicum
3319 3603 3467 3656 enim
3494 3604 3814 3671 quemdam,
3847 3605 4006 3673 cujus

755 3693 977 3744 hortatu
1011 3704 1107 3742 eas
1139 3687 1396 3757 digessit,
1419 3687 1656 3754 benigne
1686 3687 2046 3754 compellans,
2084 3696 2322 3741 testatur
2350 3688 2461 3757 (27)
2497 3705 2556 3742 se
2585 3691 2758 3744 multa
2791 3693 2981 3759 paucis
3007 3694 3300 3763 complecti
3344 3713 3359 3749 :
3402 3695 3468 3749 Et
3501 3698 3764 3765 fortassis,
3795 3698 4003 3766 inquit,

753 3781 1144 3834 accommodate
1171 3781 1240 3832 ad
1268 3788 1472 3847 tempus
1497 3780 1635 3848 quod
1659 3783 1910 3848 suppetit,
1941 3787 1988 3831 et
2019 3781 2088 3832 ad
2115 3782 2350 3849 inopiam
2383 3781 2641 3835 librorum
2673 3800 2779 3852 qua
2807 3785 3133 3839 laboramus.

824 3897 890 3952 Υ.
930 3896 1221 3950 Orationes
1248 3893 1519 3962 ejusmodi
1555 3893 1840 3961 excipiunt
1869 3907 2157 3946 sermones
2179 3893 2230 3956 5,
2268 3907 2502 3960 quorum
2533 3885 2772 3963 primum
2803 3907 2858 3949 et
2887 3899 3120 3950 alterum
3153 3899 3205 3952 in
3233 3900 3728 3955 Annuntiationem
3756 3902 4008 3972 Deipara‘.

756 3987 1022 4057 Virginis,
1076 3985 1330 4054 Lugduni
1374 3985 1703 4037 Batavorum
1747 3997 1893 4036 anno
1934 3982 2071 4036 1619
2122 3982 2312 4036 Graece
2361 3985 2609 4052 vulgavit
2635 3987 2690 4038 in
2720 4001 2887 4053 Opere
2920 3986 3197 4040 l’ariorum
3230 3989 3527 4041 divinorum
3554 3990 3796 4044 Joannes
3826 3992 4006 4045 Meur-

753 4081 872 4135 sius
897 4080 1010 4148 (28)
1040 4097 1052 4130 :
1086 4094 1116 4132 e
1143 4079 1303 4147 cujus
1333 4077 1633 4145 exemplari
1660 4077 1852 4128 Latine
1881 4075 2163 4130 redditum
2199 4085 2492 4145 utrumque
2516 4077 2942 4131 Gra'cw-Latina'
2973 4078 3194 4132 Patrum
3223 4079 3560 4133 Bibliotheca
3592 4097 3724 4133 novo
3749 4083 4009 4136 Auctario

754 4171 992 4225 intexuit
1019 4168 1431 4231 Combelisius;
1488 4166 1582 4235 qui
1615 4175 1674 4220 et
1704 4181 2013 4220 sermonem
2046 4165 2262 4218 addidit
2298 4167 2353 4219 in
2380 4166 2943 4236 Transligurationem
2979 4169 3041 4221 D.
3070 4170 3133 4222 N.
3165 4169 3215 4223 J.
3241 4169 3301 4223 C.
3332 4169 3484 4235 (29),
3517 4184 3583 4222 ex
3616 4170 3788 4239 Regio
3813 4173 4009 4227 codice

755 4264 952 4315 :nutilo
983 4265 1036 4314 i..
1069 4261 1174 4314 line
1201 4260 1566 4327 descriptum.
1607 4256 1782 4311 Porro
1812 4271 1934 4324 quae
1961 4255 2190 4308 deerant
2220 4255 2274 4308 in
2302 4255 2453 4308 edito
2479 4255 2888 4310 Combelisiano
2918 4259 3194 4326 supplevit
3221 4275 3286 4312 ex
3317 4259 3610 4314 Lambecio
3641 4261 3772 4332 (50)
3808 4265 4008 4320 Fabri-

755 4355 876 4407 cius
899 4353 1049 4422 (3i);
1090 4351 1234 4404 unde
1263 4351 1354 4404 illa
1383 4350 1817 4417 desumpsimus,
1851 4357 1912 4400 ut
1938 4361 2039 4400 suo
2061 4347 2185 4400 loco
2217 4347 2554 4400 monuimus.

827 4447 924 4501 His
953 4447 1190 4514 denique
1222 4443 1574 4497 subdidimus
1604 4440 1851 4510 ejusdem
1875 4440 2152 4492 Anastasii
2181 4440 2513 4508 patriarchae
2538 4441 2884 4510 Theopoleos
2911 4444 3238 4513 opusculum
3266 4442 3339 4497 De
3365 4446 3533 4498 tribus
3559 4450 4007 4519 quadragesimis,

755 4558 784 4593 a
810 4539 1084 4594 (lotelerio
1121 4539 1174 4590 in
1209 4538 1387 4590 lucem
1419 4537 1682 4588 emissum
1710 4533 1865 4600 (52).
1924 4532 1999 4585 De
2031 4548 2142 4600 quo
2174 4533 2291 4585 haec
2317 4533 2503 4587 clarus
2531 4535 2712 4589 editor
2735 4535 2863 4605 (55)
2898 4553 2910 4590 :
2952 4555 2968 4586 ο
3005 4534 3237 4597 Citatur,
3275 4536 3478 4605 inquit,
3508 4554 3830 4608 quanquam
3861 4543 4008 4597 indi-

759 4630 1019 4698 ligentius
1047 4646 1076 4681 a
1104 4627 1397 4700 Theodoro
1428 4625 1751 4678 Balsamone
1784 4624 2030 4692 Epistola
2062 4623 2130 4676 de
2154 4624 2384 4692 jejuniis
2409 4667 2424 4691 ,
2475 4643 2638 4696 quam
2697 4629 2968 4697 superiori
3011 4638 3160 4682 tomo
3204 4629 3516 4693 edidimus;
3575 4631 3696 4694 ubi,
3729 4637 4004 4702 quemad-

749 4722 980 4776 modum
1031 4719 1099 4774 ad
1142 4717 1584 4772 Constitutiones
1629 4718 1996 4785 apostolicas,
2053 4719 2294 4772 diximus
2339 4720 2407 4773 de
2436 4719 2664 4789 jejuniis
2692 4718 3010 4773 Grrcorum
3054 4731 3108 4773 et
3149 4719 3216 4774 de
3245 4735 3436 4774 eorum
3473 4722 3653 4776 tribus
3678 4723 4000 4797 Quadrage-

756 4811 944 4876 simis,
996 4811 1052 4862 in
1097 4809 1373 4863 Anastasii
1403 4808 1711 4878 qumstione
1736 4808 1835 4871 61,
1870 4819 1927 4863 et
1959 4811 2011 4863 in
2043 4811 2166 4864 loco
2191 4810 2422 4864 Joannis
2444 4810 2603 4864 Citrii
2633 4811 2776 4880 apud
2806 4812 3068 4864 Allatium
3107 4811 3180 4864 De
3205 4829 3468 4876 consens.,
3503 4815 3595 4878 Ill,
3624 4815 3721 4879 12,
3758 4833 3865 4873 nec
3897 4837 4006 4874 non

758 4909 815 4962 in
846 4905 1034 4976 τεερίεο
1064 4902 1121 4958 8.
1148 4902 1300 4957 Salue
1327 4901 1363 4955 1.
1393 4901 1492 4955 100
1515 4910 1570 4955 et
1593 4901 1725 4964 153,
1774 4911 1940 4972 atque
1972 4905 2026 4956 in
2059 4904 2256 4958 Morini
2290 4905 2533 4974 Antiquis
2559 4905 3010 4973 pmniteutialibus
3040 4920 3093 4974 p.
3119 4905 3211 4968 89,
3242 4905 3364 4959 185.
3418 4906 3532 4961 Nec
3564 4907 3778 4964 Latinis
3807 4911 4005 4969 defue-

972 5085 1352 5160 liequienallr.
1382 5085 1572 5140 Christ.
1592 5097 1645 5160 _t,_
1673 5087 1734 5150 ΙΙ,
1770 5101 1824 5154 p.
1852 5085 1974 5140 756.
2443 5154 2482 5160 ‘_

2443 5085 2616 5160 _(25)
2656 5085 2870 5160 Fabric.
2917 5084 3075 5160 Bibl;
3227 5094 3360 5140 tom.
3387 5086 3480 5151 IX,
3528 5103 3685 5158 pagg.
3715 5089 3826 5143 522
3850 5106 4003 5160 seqq.

831 5154 946 5226 (l5)
980 5154 1180 5225 Evagr.
1210 5157 1304 5210 lib.
1333 5173 1404 5217 γι,
1439 5172 1560 5224 cap.
1584 5158 1675 5210 24.
2433 5154 2486 5223 (Ε

1509 5173 1560 5224 p.
1584 5158 1675 5210 24.
2433 5154 2713 5226 (Εάῃὶον.
2743 5165 2782 5208 ι.
2819 5155 2904 5226 XL
2926 5172 2989 5226 p.
3016 5155 3163 5226 595.)

865 5224 945 5298 ⁸6)
980 5224 1253 5298 Boseli._l.
1277 5241 1322 5278 c.
1352 5242 1504 5298 num.
1532 5227 1652 5298 456.
1714 5294 1737 5298 _
2040 5296 2080 5298 __
2210 5294 2227 5298 Α
2283 5295 2296 5298 ,
2504 5226 2520 5293 1

2210 5294 2227 5298 Α
2283 5295 2296 5298 Α
2651 5225 2838 5298 hianti.
3041 5224 3414 5298 Bibliothecar.
3446 5237 3577 5282 tom.
3614 5229 3658 5292 1,
3691 5245 3746 5298 p.
3775 5230 3865 5284 15.

861 5297 946 5367 1⁸7)
969 5295 1140 5367 Greg.
1174 5296 1272 5348 lib.
1297 5312 1369 5360 Is,
1396 5296 1560 5364 epist.
1584 5295 1671 5350 49.
1703 5294 1843 5364 Opp.
1879 5305 2010 5349 tom.
2040 5296 2105 5357 ll,
2132 5294 2326 5364 p.962,
2505 5295 2617 5367 (26)
2651 5295 2908 5367 Lambec.
2945 5294 3040 5347 lib.
3062 5313 3163 5367 su,
3199 5313 3317 5367 pag.
3341 5297 3460 5351 167.

835 5314 884 5378 (ι
905 5314 946 5356 ι)
977 5314 1140 5366 ιιι-ες.
1174 5314 1272 5348 nu.
1297 5314 1369 5360 Ix,
1396 5314 1560 5364 epun.
1584 5314 1671 5350 ου.
1703 5314 1843 5364 Upp.
1879 5314 2010 5349 tom.
2042 5314 2105 5357 ιι,
2132 5314 2326 5364 ιιυυτ,
2505 5314 2617 5362 (τυ)
2652 5314 2908 5348 Lamncc.
2945 5314 3040 5347 nu.
3073 5314 3163 5356 vn,
3235 5316 3244 5349 :

763 5364 902 5421 cdil.
925 5366 1024 5418 BB.
2507 5365 2618 5433 (27)
2655 5367 2842 5420 Anast.
2874 5364 3027 5417 Orat.
3055 5365 3106 5425 1,
3137 5365 3164 5434 §

836 5436 950 5573 (l8)
986 5437 1132 5505 Pagi.
1166 5435 1230 5489 ad
1261 5451 1388 5488 ann.
1416 5435 1538 5496 599,
1567 5433 1668 5504 52.

836 5507 925 5570 (19
985 5505 1184 5559 Baron.
1217 5505 1282 5559 ad
1304 5506 1578 5573 Martyrol.
1611 5505 1664 5558 d.
1687 5504 1749 5556 21
1789 5506 1944 5573 Apr.,
1972 5515 2082 5560 not.
2109 5521 2152 5557 ρ.

2507 5434 2618 5502 (28)
2657 5436 2858 5488 .‘lleurs.
2902 5434 3025 5486 Var.
3055 5433 3160 5488 div.
3196 5453 3260 5505 pa
3301 5454 3350 5501 ιζ.
3379 5439 3464 5499 19,
3487 5438 3575 5493 55.

1930 5546 1944 5570 ,
1972 5515 2082 5560 not.
2109 5521 2152 5557 ρ.
2508 5506 2620 5573 (29)
2655 5504 2902 5558 Οοιιὼρΐ.
2928 5503 3058 5557 Νου.
3090 5506 3240 5558 Auct.
3263 5453 3400 5561 ἶευι.
3430 5507 3575 5564 ΡΡ.1

834 5503 946 5579 (19)
985 5503 1184 5579 _Baron.
1217 5505 1282 5559 ad
1304 5503 1582 5579 .\l_a_rtyrol_.
1611 5505 1664 5558 d.
1687 5504 1749 5556 21
1789 5506 1944 5573 Apr.,
1972 5515 2082 5560 not.
2109 5521 2152 5557 ρ.
2508 5506 2620 5579 (29)
2655 5504 2902 5579 Combel‘.
2928 5503 3058 5579 Nov.
3090 5503 3240 5558 Auct.
3263 5503 3400 5561 Bibl.
3430 5507 3540 5564 PP.
3561 5517 3694 5562 tom.
3722 5509 3764 5571 l,
3799 5527 3852 5579 p.
3883 5512 4005 5566 849.

836 5575 948 5641 (20)
984 5577 1056 5630 lo.
1092 5574 1159 5646 ad
1186 5591 1314 5646 ann.
1341 5573 1463 5638 599,
1497 5573 1522 5643 §
1548 5576 1599 5646 8.
1832 5645 1837 5646 ί
1865 5645 1906 5646 η

1865 5645 1906 5646 η
2506 5573 2617 5646 (50)
2655 5574 3046 5646 Lambec._lib.
3077 5591 3192 5646 fut,
3227 5592 3348 5646 pag.
3378 5580 3495 5632 H7.

858 5647 947 5717 21)
986 5645 1184 5717 Bosel).
1219 5645 1254 5717 l_.
1281 5660 1328 5698 c.
1363 5661 1484 5713 pag.
1514 5645 1601 5703 99.
1635 5659 1785 5717 num.
1809 5645 1937 5717 _460.
2505 5657 2513 5703 l

2505 5643 2616 5717 (51)
2655 5645 2866 5717 Eabrie.
2885 5643 3034 5717 βίω.
3061 5643 3152 5717 Gr.
3185 5643 3318 5717 tom:
3344 5647 3432 5706 IX,
3462 5664 3516 5717 p.
3542 5648 3664 5702 553.

858 5716 946 5790 2:2)
982 5713 1172 5790 ⁸ξζρηοι.
1206 5715 1373 5790 Grato.
1411 5725 1550 5790 part.
1577 5730 1652 5790 I_tl,
1682 5730 1736 5782 p.
1759 5715 1846 5770 6-1.
2505 5723 2513 5775 l

2505 5714 2615 5790 (52)
2651 5715 2832 5790 Cotel.
2862 5713 3019 5790 _l‘lct'l.
3065 5713 3420 5790 Gallianum.
3453 5713 3582 5772 iam.
3613 5719 3700 5784 lll,
3729 5735 3854 5790 pag.
3882 5720 4007 5776 125.

855 5785 946 5852 25)
988 5785 1262 5854 Martyrol.
1293 5784 1440 5838 llam.
1473 5787 1532 5837 2|
1572 5785 1700 5852 Apr.
2507 5806 2510 5834 ι

2507 5784 2616 5853 (33)
2655 5784 2725 5837 lu.
2761 5784 2895 5838 ibid.
2932 5799 3085 5854 pagg.
3111 5785 3214 5836 (iiii
3245 5801 3359 5855 seq.
