  <div class='ocr_page' id='page_1' title='image "/cluster/home/n/w/nwhite01/storage/ocr_20150623/89/nnc1.0046980172/675.png"; bbox 0 0 4190 6438; ppageno 0'>
   <div class='ocr_carea' id='block_1_1' title="bbox 738 375 874 440">
    <p class='ocr_par' dir='ltr' id='par_1_1' title="bbox 738 375 874 440">
     <span class='ocr_line' id='line_1_1' title="bbox 738 375 874 440; baseline 0.015 -6"><span class='ocrx_word' id='word_1_1' title='bbox 738 375 874 440; x_wconf 66' lang='lat'><strong>1529‘.)</strong></span> 
     </span>
    </p>
   </div>
   <div class='ocr_carea' id='block_1_2' title="bbox 1901 397 2930 461">
    <p class='ocr_par' dir='ltr' id='par_1_2' title="bbox 1901 397 2930 461">
     <span class='ocr_line' id='line_1_2' title="bbox 1901 397 2930 461; baseline 0.005 -7"><span class='ocrx_word' id='word_1_2' title='bbox 1901 397 1961 455; x_wconf 93' lang='lat' dir='ltr'><strong>S.</strong></span> <span class='ocrx_word' id='word_1_3' title='bbox 2005 397 2402 458; x_wconf 76' lang='lat' dir='ltr'><strong>ANASTASII</strong></span> <span class='ocrx_word' id='word_1_4' title='bbox 2465 399 2930 461; x_wconf 75' lang='lat' dir='ltr'><strong>AN&#39;I&#39;IUCIIENI</strong></span> 
     </span>
    </p>
   </div>
   <div class='ocr_carea' id='block_1_3' title="bbox 3862 405 4000 469">
    <p class='ocr_par' dir='ltr' id='par_1_3' title="bbox 3862 405 4000 469">
     <span class='ocr_line' id='line_1_3' title="bbox 3862 405 4000 469; baseline 0.007 -1"><span class='ocrx_word' id='word_1_5' title='bbox 3862 405 4000 469; x_wconf 88' lang='lat' dir='ltr'><strong>I300</strong></span> 
     </span>
    </p>
   </div>
   <div class='ocr_carea' id='block_1_4' title="bbox 733 489 4000 580">
    <p class='ocr_par' dir='ltr' id='par_1_4' title="bbox 733 489 4000 580">
     <span class='ocr_line' id='line_1_4' title="bbox 733 489 4000 580; baseline 0.008 -39"><span class='ocrx_word' id='word_1_6' title='bbox 733 489 829 551; x_wconf 81' lang='lat' dir='ltr'><strong>eti,</strong></span> <span class='ocrx_word' id='word_1_7' title='bbox 863 491 1077 548; x_wconf 75' lang='lat' dir='ltr'><strong>oﬂit&#39;ina</strong></span> <span class='ocrx_word' id='word_1_8' title='bbox 1126 497 1417 564; x_wconf 88' lang='lat' dir='ltr'><strong>prodiisse.</strong></span> <span class='ocrx_word' id='word_1_9' title='bbox 1461 499 1672 557; x_wconf 80' lang='lat' dir='ltr'><strong>Monuit</strong></span> <span class='ocrx_word' id='word_1_10' title='bbox 1713 505 1882 557; x_wconf 90' lang='lat' dir='ltr'><strong>etiam</strong></span> <span class='ocrx_word' id='word_1_11' title='bbox 1929 503 2314 560; x_wconf 82' lang='lat' dir='ltr'><strong>llenselienius</strong></span> <span class='ocrx_word' id='word_1_12' title='bbox 2367 518 2501 562; x_wconf 89' lang='lat' dir='ltr'><strong>tom.</strong></span> <span class='ocrx_word' id='word_1_13' title='bbox 2531 508 2574 562; x_wconf 90' lang='lat' dir='ltr'><strong>ll</strong></span> <span class='ocrx_word' id='word_1_14' title='bbox 2605 510 2806 577; x_wconf 90' lang='lat' dir='ltr'><strong>April.,</strong></span> <span class='ocrx_word' id='word_1_15' title='bbox 2843 526 2894 579; x_wconf 92' lang='lat' dir='ltr'><strong>p.</strong></span> <span class='ocrx_word' id='word_1_16' title='bbox 2927 509 3052 570; x_wconf 58' lang='lat'><strong>85$,</strong></span> <span class='ocrx_word' id='word_1_17' title='bbox 3082 509 3231 563; x_wconf 90' lang='lat' dir='ltr'><strong>illius</strong></span> <span class='ocrx_word' id='word_1_18' title='bbox 3281 521 3534 580; x_wconf 85' lang='lat' dir='ltr'><strong>tempore</strong></span> <span class='ocrx_word' id='word_1_19' title='bbox 3584 512 3798 565; x_wconf 84' lang='lat' dir='ltr'><strong>nullum</strong></span> <span class='ocrx_word' id='word_1_20' title='bbox 3825 512 4000 566; x_wconf 63' lang='lat' dir='ltr'><strong>[uisae</strong></span> 
     </span>
    </p>
   </div>
   <div class='ocr_carea' id='block_1_5' title="bbox 734 585 3990 675">
    <p class='ocr_par' dir='ltr' id='par_1_5' title="bbox 734 585 3990 675">
     <span class='ocr_line' id='line_1_5' title="bbox 734 585 3990 675; baseline 0.009 -43"><span class='ocrx_word' id='word_1_21' title='bbox 734 596 917 651; x_wconf 83' lang='lat' dir='ltr'><strong>regem</strong></span> <span class='ocrx_word' id='word_1_22' title='bbox 953 585 1244 642; x_wconf 85' lang='lat' dir='ltr'><strong>Persarum</strong></span> <span class='ocrx_word' id='word_1_23' title='bbox 1270 592 1572 647; x_wconf 89' lang='lat' dir='ltr'><strong>Arenatum</strong></span> <span class='ocrx_word' id='word_1_24' title='bbox 1594 636 1609 659; x_wconf 94' lang='lat'><strong>,</strong></span> <span class='ocrx_word' id='word_1_25' title='bbox 1636 596 1731 650; x_wconf 88' lang='lat' dir='ltr'><strong>sed</strong></span> <span class='ocrx_word' id='word_1_26' title='bbox 1769 606 1889 666; x_wconf 92' lang='lat' dir='ltr'><strong>post</strong></span> <span class='ocrx_word' id='word_1_27' title='bbox 1915 595 2221 663; x_wconf 88' lang='lat' dir='ltr'><strong>Chosroen,</strong></span> <span class='ocrx_word' id='word_1_28' title='bbox 2249 600 2343 669; x_wconf 88' lang='lat' dir='ltr'><strong>qui</strong></span> <span class='ocrx_word' id='word_1_29' title='bbox 2383 603 2544 655; x_wconf 85' lang='lat' dir='ltr'><strong>annis</strong></span> <span class='ocrx_word' id='word_1_30' title='bbox 2578 601 3162 672; x_wconf 77' lang='lat' dir='ltr'><strong>duodequinquaginta</strong></span> <span class='ocrx_word' id='word_1_31' title='bbox 3191 604 3434 672; x_wconf 69' lang='lat' dir='ltr'><strong>prazl‘uit.</strong></span> <span class='ocrx_word' id='word_1_32' title='bbox 3473 605 3826 660; x_wconf 87' lang='lat' dir='ltr'><strong>llormisdam</strong></span> <span class='ocrx_word' id='word_1_33' title='bbox 3859 622 3990 675; x_wconf 65' lang='lat' dir='ltr'><strong>rego</strong></span> 
     </span>
    </p>
   </div>
   <div class='ocr_carea' id='block_1_6' title="bbox 731 681 1469 754">
    <p class='ocr_par' dir='ltr' id='par_1_6' title="bbox 731 681 1469 754">
     <span class='ocr_line' id='line_1_6' title="bbox 731 681 1469 754; baseline 0.018 -28"><span class='ocrx_word' id='word_1_34' title='bbox 731 689 894 730; x_wconf 78' lang='lat' dir='ltr'><strong>nasse</strong></span> <span class='ocrx_word' id='word_1_35' title='bbox 923 681 1086 735; x_wconf 88' lang='lat' dir='ltr'><strong>annis</strong></span> <span class='ocrx_word' id='word_1_36' title='bbox 1116 683 1469 754; x_wconf 85' lang='lat' dir='ltr'><strong>quindecim.|</strong></span> 
     </span>
    </p>
   </div>
   <div class='ocr_carea' id='block_1_7' title="bbox 798 771 2348 860">
    <p class='ocr_par' dir='ltr' id='par_1_7' title="bbox 798 771 2348 857">
     <span class='ocr_line' id='line_1_7' title="bbox 798 771 2348 857; baseline 0.008 -31"><span class='ocrx_word' id='word_1_37' title='bbox 798 771 890 827; x_wconf 73' lang='lat' dir='ltr'><strong>2i.</strong></span> <span class='ocrx_word' id='word_1_38' title='bbox 926 776 1219 840; x_wconf 73' lang='lat' dir='ltr'><strong>Anastasii.</strong></span> <span class='ocrx_word' id='word_1_39' title='bbox 1260 780 1580 837; x_wconf 86' lang='lat' dir='ltr'><strong>Damasceni</strong></span> <span class='ocrx_word' id='word_1_40' title='bbox 1613 792 1672 838; x_wconf 88' lang='lat' dir='ltr'><strong>et</strong></span> <span class='ocrx_word' id='word_1_41' title='bbox 1701 785 1938 839; x_wconf 91' lang='lat' dir='ltr'><strong>aliorum</strong></span> <span class='ocrx_word' id='word_1_42' title='bbox 1984 787 2287 857; x_wconf 73' lang='grc' dir='ltr'><strong>ἐρωτήσεις</strong></span> <span class='ocrx_word' id='word_1_43' title='bbox 2320 804 2348 839; x_wconf 68' lang='lat' dir='ltr'><strong>a</strong></span> 
     </span>
    </p>
   </div>
   <div class='ocr_carea' id='block_1_8' title="bbox 2422 771 4000 860">
    <p class='ocr_par' dir='ltr' id='par_1_8' title="bbox 2422 788 4000 860">
     <span class='ocr_line' id='line_1_8' title="bbox 2422 788 4000 860; baseline 0.001 -22"><span class='ocrx_word' id='word_1_44' title='bbox 2422 789 2450 839; x_wconf 73' lang='grc' dir='ltr'>ιὶ</span> <span class='ocrx_word' id='word_1_45' title='bbox 2491 789 2752 851; x_wconf 73' lang='grc' dir='ltr'><strong>πίστεως.</strong></span> <span class='ocrx_word' id='word_1_46' title='bbox 2786 788 2911 843; x_wconf 78' lang='lat' dir='ltr'><strong>Mss.</strong></span> <span class='ocrx_word' id='word_1_47' title='bbox 2946 788 3203 844; x_wconf 81' lang='lat' dir='ltr'><strong>Lambcc.</strong></span> <span class='ocrx_word' id='word_1_48' title='bbox 3239 788 3374 854; x_wconf 78' lang='lat' dir='ltr'><strong>VIII,</strong></span> <span class='ocrx_word' id='word_1_49' title='bbox 3407 806 3461 860; x_wconf 89' lang='lat' dir='ltr'><strong>p.</strong></span> <span class='ocrx_word' id='word_1_50' title='bbox 3493 790 3618 845; x_wconf 75' lang='lat'><strong>556.</strong></span> <span class='ocrx_word' id='word_1_51' title='bbox 3653 789 3857 858; x_wconf 91' lang='lat' dir='ltr'><strong>Incipit</strong></span> <span class='ocrx_word' id='word_1_52' title='bbox 3887 806 3900 841; x_wconf 78' lang='grc' dir='ltr'>ε</span> <span class='ocrx_word' id='word_1_53' title='bbox 3933 789 4000 840; x_wconf 72' lang='grc' dir='ltr'><strong>Τί</strong></span> 
     </span>
    </p>
   </div>
   <div class='ocr_carea' id='block_1_9' title="bbox 727 866 2348 948">
    <p class='ocr_par' dir='ltr' id='par_1_9' title="bbox 727 866 2322 946">
     <span class='ocr_line' id='line_1_9' title="bbox 727 866 2322 946; baseline 0.01 -31"><span class='ocrx_word' id='word_1_54' title='bbox 727 866 1030 932; x_wconf 72' lang='grc' dir='ltr'><strong>πιττεύεις,</strong></span> <span class='ocrx_word' id='word_1_55' title='bbox 1067 870 1384 940; x_wconf 78' lang='grc' dir='ltr'><strong>Χριστιανὲ,</strong></span> <span class='ocrx_word' id='word_1_56' title='bbox 1421 874 1515 928; x_wconf 73' lang='grc' dir='ltr'>καὶ</span> <span class='ocrx_word' id='word_1_57' title='bbox 1551 874 1688 938; x_wconf 79' lang='grc' dir='ltr'><strong>πῶς.</strong></span> <span class='ocrx_word' id='word_1_58' title='bbox 1719 874 1903 946; x_wconf 81' lang='lat' dir='ltr'><strong>[Conf.</strong></span> <span class='ocrx_word' id='word_1_59' title='bbox 1931 887 2048 931; x_wconf 91' lang='lat' dir='ltr'><strong>not.</strong></span> <span class='ocrx_word' id='word_1_60' title='bbox 2081 878 2146 931; x_wconf 87' lang='lat' dir='ltr'><strong>ad</strong></span> <span class='ocrx_word' id='word_1_61' title='bbox 2185 886 2322 931; x_wconf 87' lang='lat' dir='ltr'><strong>sccl.</strong></span> 
     </span>
    </p>
   </div>
   <div class='ocr_carea' id='block_1_10' title="bbox 2422 866 2618 948">
    <p class='ocr_par' dir='ltr' id='par_1_10' title="bbox 2445 878 2618 948">
     <span class='ocr_line' id='line_1_10' title="bbox 2445 878 2618 948; baseline 0 -17"><span class='ocrx_word' id='word_1_62' title='bbox 2445 896 2500 931; x_wconf 90' lang='grc' dir='ltr'>ιι.</span> <span class='ocrx_word' id='word_1_63' title='bbox 2538 878 2618 948; x_wconf 71' lang='grc' dir='ltr'>[ιι.</span> 
     </span>
    </p>
   </div>
   <div class='ocr_carea' id='block_1_11' title="bbox 801 959 4003 1042">
    <p class='ocr_par' dir='ltr' id='par_1_11' title="bbox 801 959 4003 1042">
     <span class='ocr_line' id='line_1_11' title="bbox 801 959 4003 1042; baseline 0.003 -30"><span class='ocrx_word' id='word_1_64' title='bbox 801 959 890 1012; x_wconf 70' lang='lat'><strong>29.</strong></span> <span class='ocrx_word' id='word_1_65' title='bbox 922 960 1211 1030; x_wconf 77' lang='grc' dir='ltr'><strong>Κεφάλαια</strong></span> <span class='ocrx_word' id='word_1_66' title='bbox 1241 966 1354 1019; x_wconf 69' lang='lat' dir='ltr'><strong>sive</strong></span> <span class='ocrx_word' id='word_1_67' title='bbox 1386 965 1562 1034; x_wconf 79' lang='lat' dir='ltr'><strong>capita</strong></span> <span class='ocrx_word' id='word_1_68' title='bbox 1609 976 1835 1022; x_wconf 84' lang='lat' dir='ltr'><strong>centum</strong></span> <span class='ocrx_word' id='word_1_69' title='bbox 1881 970 1949 1023; x_wconf 91' lang='lat' dir='ltr'><strong>ad</strong></span> <span class='ocrx_word' id='word_1_70' title='bbox 1982 969 2234 1039; x_wconf 81' lang='lat' dir='ltr'><strong>Sergium</strong></span> <span class='ocrx_word' id='word_1_71' title='bbox 2270 970 2666 1025; x_wconf 80' lang='lat' dir='ltr'><strong>scltolasticum</strong></span> <span class='ocrx_word' id='word_1_72' title='bbox 2694 971 2942 1026; x_wconf 90' lang='lat' dir='ltr'><strong>citantur</strong></span> <span class='ocrx_word' id='word_1_73' title='bbox 2970 973 3022 1025; x_wconf 93' lang='lat' dir='ltr'><strong>in</strong></span> <span class='ocrx_word' id='word_1_74' title='bbox 3049 972 3279 1028; x_wconf 80' lang='lat' dir='ltr'><strong>Joannis</strong></span> <span class='ocrx_word' id='word_1_75' title='bbox 3308 973 3641 1028; x_wconf 89' lang='lat' dir='ltr'><strong>Antiocheui</strong></span> <span class='ocrx_word' id='word_1_76' title='bbox 3667 972 3874 1042; x_wconf 75' lang='lat' dir='ltr'><strong>eclogis</strong></span> <span class='ocrx_word' id='word_1_77' title='bbox 3913 986 4003 1024; x_wconf 80' lang='lat' dir='ltr'><strong>as-</strong></span> 
     </span>
    </p>
   </div>
   <div class='ocr_carea' id='block_1_12' title="bbox 731 1053 2669 1140">
    <p class='ocr_par' dir='ltr' id='par_1_12' title="bbox 731 1053 2669 1140">
     <span class='ocr_line' id='line_1_12' title="bbox 731 1053 2669 1140; baseline 0.008 -34"><span class='ocrx_word' id='word_1_78' title='bbox 731 1053 926 1108; x_wconf 87' lang='lat' dir='ltr'><strong>ceticis</strong></span> <span class='ocrx_word' id='word_1_79' title='bbox 962 1072 1092 1110; x_wconf 89' lang='lat' dir='ltr'><strong>mss.</strong></span> <span class='ocrx_word' id='word_1_80' title='bbox 1125 1059 1268 1126; x_wconf 87' lang='lat' dir='ltr'><strong>apud</strong></span> <span class='ocrx_word' id='word_1_81' title='bbox 1299 1061 1650 1116; x_wconf 78' lang='lat' dir='ltr'><strong>Lambecium</strong></span> <span class='ocrx_word' id='word_1_82' title='bbox 1683 1066 1746 1129; x_wconf 88' lang='lat' dir='ltr'><strong>V,</strong></span> <span class='ocrx_word' id='word_1_83' title='bbox 1780 1083 1832 1134; x_wconf 93' lang='lat' dir='ltr'><strong>p.</strong></span> <span class='ocrx_word' id='word_1_84' title='bbox 1873 1067 1990 1121; x_wconf 73' lang='lat' dir='ltr'><strong>l03.</strong></span> <span class='ocrx_word' id='word_1_85' title='bbox 2028 1066 2110 1137; x_wconf 76' lang='grc'><strong>[1).</strong></span> <span class='ocrx_word' id='word_1_86' title='bbox 2133 1067 2241 1120; x_wconf 71' lang='lat'><strong>225</strong></span> <span class='ocrx_word' id='word_1_87' title='bbox 2266 1067 2357 1121; x_wconf 89' lang='lat' dir='ltr'><strong>ed.</strong></span> <span class='ocrx_word' id='word_1_88' title='bbox 2409 1067 2669 1140; x_wconf 77' lang='lat' dir='ltr'><strong>Kollar.].</strong></span> 
     </span>
    </p>
   </div>
   <div class='ocr_carea' id='block_1_13' title="bbox 798 1147 2348 1234">
    <p class='ocr_par' dir='ltr' id='par_1_13' title="bbox 798 1147 2348 1231">
     <span class='ocr_line' id='line_1_13' title="bbox 798 1147 2348 1231; baseline 0.011 -32"><span class='ocrx_word' id='word_1_89' title='bbox 798 1147 887 1202; x_wconf 76' lang='lat'><strong>‘25.</strong></span> <span class='ocrx_word' id='word_1_90' title='bbox 920 1149 1300 1217; x_wconf 88' lang='lat' dir='ltr'><strong>Deﬁnitiones,</strong></span> <span class='ocrx_word' id='word_1_91' title='bbox 1319 1156 1611 1224; x_wconf 73' lang='grc' dir='ltr'><strong>Κεφάλαια</strong></span> <span class='ocrx_word' id='word_1_92' title='bbox 1634 1161 1974 1228; x_wconf 55' lang='lat' dir='ltr'><strong>aperi/noon</strong></span> <span class='ocrx_word' id='word_1_93' title='bbox 2001 1161 2111 1231; x_wconf 78' lang='grc' dir='ltr'><strong>ρνβ¹</strong></span> <span class='ocrx_word' id='word_1_94' title='bbox 2131 1159 2299 1230; x_wconf 70' lang='grc'><strong>(162),</strong></span> <span class='ocrx_word' id='word_1_95' title='bbox 2328 1163 2348 1215; x_wconf 80' lang='grc' dir='ltr'>ὃ</span> 
     </span>
    </p>
   </div>
   <div class='ocr_carea' id='block_1_14' title="bbox 2422 1147 3996 1234">
    <p class='ocr_par' dir='ltr' id='par_1_14' title="bbox 2422 1160 3996 1234">
     <span class='ocr_line' id='line_1_14' title="bbox 2422 1160 3996 1234; baseline -0.003 -20"><span class='ocrx_word' id='word_1_96' title='bbox 2422 1181 2484 1215; x_wconf 73' lang='lat' dir='ltr'><strong>va</strong></span> <span class='ocrx_word' id='word_1_97' title='bbox 2509 1166 2566 1215; x_wconf 78' lang='grc' dir='ltr'>ὲν</span> <span class='ocrx_word' id='word_1_98' title='bbox 2590 1166 2702 1225; x_wconf 83' lang='grc' dir='ltr'>τοῖς</span> <span class='ocrx_word' id='word_1_99' title='bbox 2729 1163 2895 1226; x_wconf 79' lang='grc' dir='ltr'><strong>θείοις</strong></span> <span class='ocrx_word' id='word_1_100' title='bbox 2920 1163 3154 1234; x_wconf 74' lang='grc' dir='ltr'><strong>δόγμασι</strong></span> <span class='ocrx_word' id='word_1_101' title='bbox 3181 1164 3475 1226; x_wconf 77' lang='grc' dir='ltr'><strong>διαπαντὸς</strong></span> <span class='ocrx_word' id='word_1_102' title='bbox 3501 1163 3829 1233; x_wconf 67' lang='grc' dir='ltr'><strong>ἐμφέρεται.</strong></span> <span class='ocrx_word' id='word_1_103' title='bbox 3859 1160 3996 1214; x_wconf 80' lang='lat' dir='ltr'><strong>Mss.</strong></span> 
     </span>
    </p>
   </div>
   <div class='ocr_carea' id='block_1_15' title="bbox 729 1241 2348 1328">
    <p class='ocr_par' dir='ltr' id='par_1_15' title="bbox 729 1241 2348 1328">
     <span class='ocr_line' id='line_1_15' title="bbox 729 1241 2348 1328; baseline 0.011 -35"><span class='ocrx_word' id='word_1_104' title='bbox 729 1241 782 1294; x_wconf 92' lang='lat' dir='ltr'><strong>in</strong></span> <span class='ocrx_word' id='word_1_105' title='bbox 811 1243 946 1297; x_wconf 86' lang='lat' dir='ltr'><strong>hihi.</strong></span> <span class='ocrx_word' id='word_1_106' title='bbox 973 1247 1239 1302; x_wconf 69' lang='lat' dir='ltr'><strong>Caesarea.</strong></span> <span class='ocrx_word' id='word_1_107' title='bbox 1281 1252 1516 1320; x_wconf 81' lang='lat' dir='ltr'><strong>Incipit:</strong></span> <span class='ocrx_word' id='word_1_108' title='bbox 1556 1254 1891 1326; x_wconf 64' lang='grc' dir='ltr'><strong>Ἰίίπειδήπερ</strong></span> <span class='ocrx_word' id='word_1_109' title='bbox 1931 1257 2100 1326; x_wconf 65' lang='grc' dir='ltr'>χωρὶς</span> <span class='ocrx_word' id='word_1_110' title='bbox 2136 1257 2348 1328; x_wconf 77' lang='grc' dir='ltr'><strong>ὀρθοδὸξ</strong></span> 
     </span>
    </p>
   </div>
   <div class='ocr_carea' id='block_1_16' title="bbox 2422 1241 4001 1328">
    <p class='ocr_par' dir='ltr' id='par_1_16' title="bbox 2429 1253 4001 1328">
     <span class='ocr_line' id='line_1_16' title="bbox 2429 1253 4001 1328; baseline -0.003 -17"><span class='ocrx_word' id='word_1_111' title='bbox 2429 1298 2442 1311; x_wconf 93' lang='grc'><strong>.</strong></span> <span class='ocrx_word' id='word_1_112' title='bbox 2484 1259 2613 1312; x_wconf 77' lang='lat' dir='ltr'><strong>Vide</strong></span> <span class='ocrx_word' id='word_1_113' title='bbox 2648 1259 2978 1322; x_wconf 81' lang='lat' dir='ltr'><strong>Nesselium,</strong></span> <span class='ocrx_word' id='word_1_114' title='bbox 3007 1268 3159 1328; x_wconf 92' lang='lat' dir='ltr'><strong>parte</strong></span> <span class='ocrx_word' id='word_1_115' title='bbox 3179 1274 3252 1321; x_wconf 81' lang='lat' dir='ltr'><strong>tv,</strong></span> <span class='ocrx_word' id='word_1_116' title='bbox 3289 1275 3342 1326; x_wconf 91' lang='lat' dir='ltr'><strong>p.</strong></span> <span class='ocrx_word' id='word_1_117' title='bbox 3374 1259 3465 1320; x_wconf 70' lang='grc'><strong>45,</strong></span> <span class='ocrx_word' id='word_1_118' title='bbox 3493 1274 3548 1310; x_wconf 89' lang='grc' dir='ltr'>ιι.</span> <span class='ocrx_word' id='word_1_119' title='bbox 3579 1256 3661 1310; x_wconf 72' lang='grc' dir='ltr'><strong>Μ.</strong></span> <span class='ocrx_word' id='word_1_120' title='bbox 3699 1255 3860 1309; x_wconf 69' lang='grc' dir='ltr'>ι’ω.</span> <span class='ocrx_word' id='word_1_121' title='bbox 3887 1253 4001 1307; x_wconf 78' lang='lat' dir='ltr'><strong>De-</strong></span> 
     </span>
    </p>
   </div>
   <div class='ocr_carea' id='block_1_17' title="bbox 731 1342 4002 1424">
    <p class='ocr_par' dir='ltr' id='par_1_17' title="bbox 731 1342 4002 1424">
     <span class='ocr_line' id='line_1_17' title="bbox 731 1342 4002 1424; baseline 0.003 -32"><span class='ocrx_word' id='word_1_122' title='bbox 731 1342 1013 1397; x_wconf 76' lang='lat' dir='ltr'><strong>tinitiunes</strong></span> <span class='ocrx_word' id='word_1_123' title='bbox 1050 1361 1116 1399; x_wconf 84' lang='lat' dir='ltr'><strong>ex</strong></span> <span class='ocrx_word' id='word_1_124' title='bbox 1167 1347 1459 1402; x_wconf 81' lang='lat' dir='ltr'><strong>Anastasio</strong></span> <span class='ocrx_word' id='word_1_125' title='bbox 1507 1350 1761 1420; x_wconf 85' lang='lat' dir='ltr'><strong>aliisque.</strong></span> <span class='ocrx_word' id='word_1_126' title='bbox 1817 1353 1893 1406; x_wconf 83' lang='lat' dir='ltr'><strong>De</strong></span> <span class='ocrx_word' id='word_1_127' title='bbox 1925 1354 2084 1407; x_wconf 91' lang='lat' dir='ltr'><strong>codd.</strong></span> <span class='ocrx_word' id='word_1_128' title='bbox 2123 1353 2439 1409; x_wconf 76' lang='lat' dir='ltr'><strong>Vindobon.</strong></span> <span class='ocrx_word' id='word_1_129' title='bbox 2491 1356 2724 1424; x_wconf 81' lang='lat' dir='ltr'><strong>aliisque</strong></span> <span class='ocrx_word' id='word_1_130' title='bbox 2786 1355 2898 1408; x_wconf 55' lang='lat' dir='ltr'><strong>\‘id.</strong></span> <span class='ocrx_word' id='word_1_131' title='bbox 2933 1355 3000 1407; x_wconf 90' lang='lat' dir='ltr'><strong>ad</strong></span> <span class='ocrx_word' id='word_1_132' title='bbox 3039 1355 3130 1422; x_wconf 73' lang='lat'><strong>§2</strong></span> <span class='ocrx_word' id='word_1_133' title='bbox 3175 1355 3267 1407; x_wconf 94' lang='lat' dir='ltr'><strong>ﬁn.</strong></span> <span class='ocrx_word' id='word_1_134' title='bbox 3303 1353 3492 1406; x_wconf 88' lang='lat' dir='ltr'><strong>adnot.</strong></span> <span class='ocrx_word' id='word_1_135' title='bbox 3541 1383 3612 1391; x_wconf 93' lang='lat'><strong>—-</strong></span> <span class='ocrx_word' id='word_1_136' title='bbox 3656 1350 3898 1419; x_wconf 71' lang='lat' dir='ltr'><strong>.‘llosquze</strong></span> <span class='ocrx_word' id='word_1_137' title='bbox 3943 1349 4002 1402; x_wconf 88' lang='lat' dir='ltr'><strong>in</strong></span> 
     </span>
    </p>
   </div>
   <div class='ocr_carea' id='block_1_18' title="bbox 727 1435 2348 1516">
    <p class='ocr_par' dir='ltr' id='par_1_18' title="bbox 727 1435 2348 1511">
     <span class='ocr_line' id='line_1_18' title="bbox 727 1435 2348 1511; baseline 0.009 -24"><span class='ocrx_word' id='word_1_138' title='bbox 727 1435 850 1487; x_wconf 84' lang='lat' dir='ltr'><strong>cod.</strong></span> <span class='ocrx_word' id='word_1_139' title='bbox 886 1436 970 1497; x_wconf 12' lang='lat' dir='ltr'><strong>illi,</strong></span> <span class='ocrx_word' id='word_1_140' title='bbox 997 1436 1295 1502; x_wconf 83' lang='lat' dir='ltr'><strong>Anastasii,</strong></span> <span class='ocrx_word' id='word_1_141' title='bbox 1321 1441 1650 1508; x_wconf 79' lang='lat' dir='ltr'><strong>patriarcha:</strong></span> <span class='ocrx_word' id='word_1_142' title='bbox 1673 1444 1929 1498; x_wconf 85' lang='lat' dir='ltr'><strong>Antioch.</strong></span> <span class='ocrx_word' id='word_1_143' title='bbox 1959 1446 2348 1511; x_wconf 75' lang='lat' dir='ltr'><strong>Deﬁnitioncs;</strong></span> 
     </span>
    </p>
   </div>
   <div class='ocr_carea' id='block_1_19' title="bbox 2422 1435 4000 1516">
    <p class='ocr_par' dir='ltr' id='par_1_19' title="bbox 2422 1441 4000 1516">
     <span class='ocr_line' id='line_1_19' title="bbox 2422 1441 4000 1516; baseline -0.004 -18"><span class='ocrx_word' id='word_1_144' title='bbox 2422 1447 2612 1514; x_wconf 80' lang='lat' dir='ltr'><strong>neipit.</strong></span> <span class='ocrx_word' id='word_1_145' title='bbox 2645 1448 2868 1509; x_wconf 78' lang='grc' dir='ltr'><strong>Ἰστέον,</strong></span> <span class='ocrx_word' id='word_1_146' title='bbox 2893 1447 2987 1500; x_wconf 75' lang='grc' dir='ltr'><strong>καί</strong></span> <span class='ocrx_word' id='word_1_147' title='bbox 3015 1447 3090 1516; x_wconf 83' lang='grc' dir='ltr'><strong>μὴ</strong></span> <span class='ocrx_word' id='word_1_148' title='bbox 3116 1446 3434 1513; x_wconf 74' lang='grc' dir='ltr'><strong>ἁγνοητέον.</strong></span> <span class='ocrx_word' id='word_1_149' title='bbox 3473 1443 3529 1497; x_wconf 73' lang='lat' dir='ltr'><strong>V.</strong></span> <span class='ocrx_word' id='word_1_150' title='bbox 3557 1443 3796 1497; x_wconf 71' lang='lat' dir='ltr'><strong>Mattlnei</strong></span> <span class='ocrx_word' id='word_1_151' title='bbox 3828 1441 4000 1501; x_wconf 81' lang='lat' dir='ltr'><strong>nolit.</strong></span> 
     </span>
    </p>
   </div>
   <div class='ocr_carea' id='block_1_20' title="bbox 727 1526 997 1597">
    <p class='ocr_par' dir='ltr' id='par_1_20' title="bbox 727 1526 997 1597">
     <span class='ocr_line' id='line_1_20' title="bbox 727 1526 997 1597; baseline 0.007 -19"><span class='ocrx_word' id='word_1_152' title='bbox 727 1526 879 1580; x_wconf 81' lang='lat' dir='ltr'><strong>citat.</strong></span> <span class='ocrx_word' id='word_1_153' title='bbox 943 1544 997 1597; x_wconf 86' lang='lat' dir='ltr'><strong>p.</strong></span> 
     </span>
    </p>
   </div>
   <div class='ocr_carea' id='block_1_21' title="bbox 731 1617 1340 1692">
    <p class='ocr_par' dir='ltr' id='par_1_21' title="bbox 731 1617 1340 1692">
     <span class='ocr_line' id='line_1_21' title="bbox 731 1617 1340 1692; baseline 0.005 -21"><span class='ocrx_word' id='word_1_154' title='bbox 731 1617 773 1678; x_wconf 89' lang='lat' dir='ltr'><strong>I,</strong></span> <span class='ocrx_word' id='word_1_155' title='bbox 803 1633 856 1687; x_wconf 92' lang='lat' dir='ltr'><strong>p.</strong></span> <span class='ocrx_word' id='word_1_156' title='bbox 894 1620 998 1674; x_wconf 68' lang='lat' dir='ltr'><strong>HI</strong></span> <span class='ocrx_word' id='word_1_157' title='bbox 1027 1637 1140 1692; x_wconf 87' lang='lat' dir='ltr'><strong>seq.</strong></span> <span class='ocrx_word' id='word_1_158' title='bbox 1172 1622 1340 1677; x_wconf 70' lang='lat' dir='ltr'><strong>IIARL.</strong></span> 
     </span>
    </p>
   </div>
   <div class='ocr_carea' id='block_1_22' title="bbox 737 1817 2318 1845">
    <p class='ocr_par' dir='ltr' id='par_1_22' title="bbox 737 1817 2318 1845">
     <span class='ocr_line' id='line_1_22' title="bbox 737 1817 2318 1845; baseline 0.003 -4"><span class='ocrx_word' id='word_1_159' title='bbox 737 1817 2318 1845; x_wconf 58' lang='lat' dir='ltr'>W</span> 
     </span>
    </p>
   </div>
   <div class='ocr_carea' id='block_1_23' title="bbox 1055 1528 4001 1595">
    <p class='ocr_par' dir='ltr' id='par_1_23' title="bbox 1055 1528 4001 1595">
     <span class='ocr_line' id='line_1_23' title="bbox 1055 1528 4001 1595; baseline 0.001 -15"><span class='ocrx_word' id='word_1_160' title='bbox 1055 1528 1179 1592; x_wconf 59' lang='lat'><strong>524,</strong></span> <span class='ocrx_word' id='word_1_161' title='bbox 1238 1547 1293 1582; x_wconf 87' lang='grc' dir='ltr'><strong>ιι.</strong></span> <span class='ocrx_word' id='word_1_162' title='bbox 1331 1530 1384 1584; x_wconf 87' lang='lat'><strong>8.</strong></span> <span class='ocrx_word' id='word_1_163' title='bbox 1414 1561 1485 1572; x_wconf 93' lang='lat'><strong>—</strong></span> <span class='ocrx_word' id='word_1_164' title='bbox 1519 1530 1765 1588; x_wconf 82' lang='lat' dir='ltr'><strong>\‘enetiis</strong></span> <span class='ocrx_word' id='word_1_165' title='bbox 1808 1535 1864 1589; x_wconf 92' lang='lat' dir='ltr'><strong>in</strong></span> <span class='ocrx_word' id='word_1_166' title='bbox 1917 1535 2040 1588; x_wconf 89' lang='lat' dir='ltr'><strong>cod.</strong></span> <span class='ocrx_word' id='word_1_167' title='bbox 2103 1534 2379 1588; x_wconf 80' lang='lat' dir='ltr'><strong>Marciano</strong></span> <span class='ocrx_word' id='word_1_168' title='bbox 2438 1537 2564 1590; x_wconf 70' lang='lat'><strong>9.37.</strong></span> <span class='ocrx_word' id='word_1_169' title='bbox 2629 1536 2683 1589; x_wconf 82' lang='lat' dir='ltr'><strong>V.</strong></span> <span class='ocrx_word' id='word_1_170' title='bbox 2745 1538 2816 1590; x_wconf 83' lang='lat' dir='ltr'><strong>el.</strong></span> <span class='ocrx_word' id='word_1_171' title='bbox 2872 1536 3083 1590; x_wconf 69' lang='grc' dir='ltr'><strong>Μοιριιὶ</strong></span> <span class='ocrx_word' id='word_1_172' title='bbox 3139 1534 3278 1589; x_wconf 74' lang='lat' dir='ltr'><strong>Bibl.</strong></span> <span class='ocrx_word' id='word_1_173' title='bbox 3306 1552 3432 1588; x_wconf 73' lang='lat' dir='ltr'><strong>nus.</strong></span> <span class='ocrx_word' id='word_1_174' title='bbox 3471 1532 3565 1587; x_wconf 82' lang='lat' dir='ltr'><strong>Gr.</strong></span> <span class='ocrx_word' id='word_1_175' title='bbox 3597 1542 3652 1586; x_wconf 90' lang='lat' dir='ltr'><strong>et</strong></span> <span class='ocrx_word' id='word_1_176' title='bbox 3680 1532 3827 1595; x_wconf 87' lang='lat' dir='ltr'><strong>Lat.,</strong></span> <span class='ocrx_word' id='word_1_177' title='bbox 3857 1540 4001 1584; x_wconf 90' lang='lat' dir='ltr'><strong>tom.</strong></span> 
     </span>
    </p>
   </div>
   <div class='ocr_carea' id='block_1_24' title="bbox 2768 1825 4008 1850">
    <p class='ocr_par' dir='ltr' id='par_1_24' title="bbox 2768 1825 4008 1850">
     <span class='ocr_line' id='line_1_24' title="bbox 2768 1825 4008 1850; baseline -0.003 -1"><span class='ocrx_word' id='word_1_178' title='bbox 2768 1825 4008 1850; x_wconf 55' lang='grc' dir='ltr'><em>Μ</em></span> 
     </span>
    </p>
   </div>
   <div class='ocr_carea' id='block_1_25' title="bbox 1315 1987 3397 2080">
    <p class='ocr_par' dir='ltr' id='par_1_25' title="bbox 1315 1987 3397 2080">
     <span class='ocr_line' id='line_1_25' title="bbox 1315 1987 3397 2080; baseline 0.003 -8"><span class='ocrx_word' id='word_1_179' title='bbox 1315 1987 1930 2079; x_wconf 84' lang='lat' dir='ltr'><strong>ANAS&#39;I‘ASII</strong></span> <span class='ocrx_word' id='word_1_180' title='bbox 2017 1987 2770 2080; x_wconf 80' lang='lat' dir='ltr'><strong>ANTIOCHENI</strong></span> <span class='ocrx_word' id='word_1_181' title='bbox 2853 1989 3397 2079; x_wconf 84' lang='lat' dir='ltr'><strong>EPISCOPI</strong></span> 
     </span>
    </p>
   </div>
   <div class='ocr_carea' id='block_1_26' title="bbox 2169 2226 2552 2358">
    <p class='ocr_par' dir='ltr' id='par_1_26' title="bbox 2169 2226 2552 2358">
     <span class='ocr_line' id='line_1_26' title="bbox 2169 2226 2552 2358; baseline -0.018 0"><span class='ocrx_word' id='word_1_182' title='bbox 2169 2226 2552 2358; x_wconf 84' lang='lat' dir='ltr'><strong>VITA</strong></span> 
     </span>
    </p>
   </div>
   <div class='ocr_carea' id='block_1_27' title="bbox 1542 2463 3164 2536">
    <p class='ocr_par' dir='ltr' id='par_1_27' title="bbox 1542 2463 3164 2536">
     <span class='ocr_line' id='line_1_27' title="bbox 1542 2463 3164 2536; baseline -0.002 -15"><span class='ocrx_word' id='word_1_183' title='bbox 1542 2464 1694 2532; x_wconf 67' lang='lat' dir='ltr'><strong>(Acta</strong></span> <span class='ocrx_word' id='word_1_184' title='bbox 1719 2472 2047 2535; x_wconf 74' lang='lat' dir='ltr'><strong>sanctorum,</strong></span> <span class='ocrx_word' id='word_1_185' title='bbox 2076 2466 2250 2536; x_wconf 83' lang='lat' dir='ltr'><strong>April.</strong></span> <span class='ocrx_word' id='word_1_186' title='bbox 2295 2473 2335 2518; x_wconf 90' lang='lat' dir='ltr'><strong>t.</strong></span> <span class='ocrx_word' id='word_1_187' title='bbox 2370 2464 2436 2529; x_wconf 91' lang='lat' dir='ltr'><strong>Il,</strong></span> <span class='ocrx_word' id='word_1_188' title='bbox 2463 2482 2515 2535; x_wconf 87' lang='lat' dir='ltr'><strong>p.</strong></span> <span class='ocrx_word' id='word_1_189' title='bbox 2556 2468 2651 2520; x_wconf 77' lang='lat' dir='ltr'><strong>83l</strong></span> <span class='ocrx_word' id='word_1_190' title='bbox 2682 2484 2695 2526; x_wconf 83' lang='lat'>;</span> <span class='ocrx_word' id='word_1_191' title='bbox 2729 2463 2832 2520; x_wconf 87' lang='lat' dir='ltr'><strong>Iul.</strong></span> <span class='ocrx_word' id='word_1_192' title='bbox 2871 2475 2908 2519; x_wconf 91' lang='lat' dir='ltr'><strong>t.</strong></span> <span class='ocrx_word' id='word_1_193' title='bbox 2937 2466 3026 2531; x_wconf 83' lang='lat' dir='ltr'><strong>IV,</strong></span> <span class='ocrx_word' id='word_1_194' title='bbox 3048 2469 3164 2520; x_wconf 55' lang='lat' dir='ltr'><strong>97A</strong></span> 
     </span>
    </p>
   </div>
   <div class='ocr_carea' id='block_1_28' title="bbox 1737 2781 2960 2828">
    <p class='ocr_par' dir='ltr' id='par_1_28' title="bbox 1737 2781 2960 2828">
     <span class='ocr_line' id='line_1_28' title="bbox 1737 2781 2960 2828; baseline 0.003 -4"><span class='ocrx_word' id='word_1_195' title='bbox 1737 2783 1791 2826; x_wconf 79' lang='lat' dir='ltr'><strong>S.</strong></span> <span class='ocrx_word' id='word_1_196' title='bbox 1836 2781 2157 2826; x_wconf 74' lang='lat' dir='ltr'><strong>ANASTASII</strong></span> <span class='ocrx_word' id='word_1_197' title='bbox 2201 2782 2318 2826; x_wconf 78' lang='lat' dir='ltr'><strong>RES</strong></span> <span class='ocrx_word' id='word_1_198' title='bbox 2347 2782 2560 2827; x_wconf 50' lang='lat' dir='ltr'><strong>GESTAE</strong></span> <span class='ocrx_word' id='word_1_199' title='bbox 2597 2784 2671 2826; x_wconf 75' lang='grc' dir='ltr'><strong>ΕΤ</strong></span> <span class='ocrx_word' id='word_1_200' title='bbox 2700 2783 2960 2828; x_wconf 65' lang='grc' dir='ltr'><strong>αυιιτυδ.</strong></span> 
     </span>
    </p>
   </div>
   <div class='ocr_carea' id='block_1_29' title="bbox 1921 2925 2806 2998">
    <p class='ocr_par' dir='ltr' id='par_1_29' title="bbox 1921 2925 2806 2998">
     <span class='ocr_line' id='line_1_29' title="bbox 1921 2925 2806 2998; baseline 0.002 -18"><span class='ocrx_word' id='word_1_201' title='bbox 1921 2926 2006 2996; x_wconf 76' lang='grc' dir='ltr'><strong>(Α.</strong></span> <span class='ocrx_word' id='word_1_202' title='bbox 2047 2925 2146 2981; x_wconf 86' lang='lat' dir='ltr'><strong>SS.</strong></span> <span class='ocrx_word' id='word_1_203' title='bbox 2183 2936 2223 2981; x_wconf 93' lang='lat' dir='ltr'><strong>t.</strong></span> <span class='ocrx_word' id='word_1_204' title='bbox 2257 2926 2301 2982; x_wconf 90' lang='lat' dir='ltr'><strong>II</strong></span> <span class='ocrx_word' id='word_1_205' title='bbox 2330 2927 2532 2998; x_wconf 86' lang='lat' dir='ltr'><strong>April.,</strong></span> <span class='ocrx_word' id='word_1_206' title='bbox 2566 2944 2621 2997; x_wconf 93' lang='lat' dir='ltr'><strong>p.</strong></span> <span class='ocrx_word' id='word_1_207' title='bbox 2655 2929 2806 2997; x_wconf 77' lang='grc'><strong>851.)</strong></span> 
     </span>
    </p>
   </div>
   <div class='ocr_carea' id='block_1_30' title="bbox 804 3083 4004 3154">
    <p class='ocr_par' dir='ltr' id='par_1_30' title="bbox 804 3083 4004 3154">
     <span class='ocr_line' id='line_1_30' title="bbox 804 3083 4004 3154; baseline 0.003 -14"><span class='ocrx_word' id='word_1_208' title='bbox 804 3085 1017 3140; x_wconf 69' lang='lat' dir='ltr'><strong>Smeulo</strong></span> <span class='ocrx_word' id='word_1_209' title='bbox 1072 3095 1226 3139; x_wconf 73' lang='lat' dir='ltr'><strong>sexto</strong></span> <span class='ocrx_word' id='word_1_210' title='bbox 1279 3097 1337 3138; x_wconf 87' lang='lat' dir='ltr'><strong>et</strong></span> <span class='ocrx_word' id='word_1_211' title='bbox 1391 3085 1550 3138; x_wconf 87' lang='lat' dir='ltr'><strong>initio</strong></span> <span class='ocrx_word' id='word_1_212' title='bbox 1590 3084 1867 3151; x_wconf 78' lang='lat' dir='ltr'><strong>sequenti,</strong></span> <span class='ocrx_word' id='word_1_213' title='bbox 1912 3083 2143 3137; x_wconf 81' lang='lat' dir='ltr'><strong>luerunt</strong></span> <span class='ocrx_word' id='word_1_214' title='bbox 2197 3083 2310 3137; x_wconf 87' lang='lat' dir='ltr'><strong>duo</strong></span> <span class='ocrx_word' id='word_1_215' title='bbox 2341 3091 2383 3146; x_wconf 75' lang='grc' dir='ltr'>Α</span> <span class='ocrx_word' id='word_1_216' title='bbox 2414 3093 2470 3137; x_wconf 91' lang='lat' dir='ltr'><strong>et</strong></span> <span class='ocrx_word' id='word_1_217' title='bbox 2497 3083 2780 3153; x_wconf 87' lang='lat' dir='ltr'><strong>ponderis,</strong></span> <span class='ocrx_word' id='word_1_218' title='bbox 2817 3093 2873 3138; x_wconf 89' lang='lat' dir='ltr'><strong>et</strong></span> <span class='ocrx_word' id='word_1_219' title='bbox 2925 3102 3046 3154; x_wconf 77' lang='lat' dir='ltr'><strong>quze</strong></span> <span class='ocrx_word' id='word_1_220' title='bbox 3095 3086 3274 3154; x_wconf 89' lang='lat' dir='ltr'><strong>ipsum</strong></span> <span class='ocrx_word' id='word_1_221' title='bbox 3317 3085 3491 3143; x_wconf 82' lang='lat' dir='ltr'><strong>Deum</strong></span> <span class='ocrx_word' id='word_1_222' title='bbox 3543 3086 3876 3145; x_wconf 77' lang='lat' dir='ltr'><strong>viderentur</strong></span> <span class='ocrx_word' id='word_1_223' title='bbox 3921 3101 4004 3148; x_wconf 86' lang='lat' dir='ltr'><strong>at-</strong></span> 
     </span>
    </p>
   </div>
   <div class='ocr_carea' id='block_1_31' title="bbox 731 3176 2311 3246">
    <p class='ocr_par' dir='ltr' id='par_1_31' title="bbox 731 3176 2311 3246">
     <span class='ocr_line' id='line_1_31' title="bbox 731 3176 2311 3246; baseline -0.003 -13"><span class='ocrx_word' id='word_1_224' title='bbox 731 3176 1062 3233; x_wconf 82' lang='lat' dir='ltr'><strong>Antiochcni</strong></span> <span class='ocrx_word' id='word_1_225' title='bbox 1091 3191 1187 3231; x_wconf 88' lang='lat' dir='ltr'><strong>seu</strong></span> <span class='ocrx_word' id='word_1_226' title='bbox 1229 3177 1618 3246; x_wconf 85' lang='lat' dir='ltr'><strong>Thcopolitani</strong></span> <span class='ocrx_word' id='word_1_227' title='bbox 1647 3176 1996 3245; x_wconf 74' lang='lat' dir='ltr'><strong>patriarchm,</strong></span> <span class='ocrx_word' id='word_1_228' title='bbox 2037 3176 2311 3230; x_wconf 75' lang='lat' dir='ltr'><strong>Anastasii</strong></span> 
     </span>
    </p>
   </div>
   <div class='ocr_carea' id='block_1_32' title="bbox 733 3265 2315 3336">
    <p class='ocr_par' dir='ltr' id='par_1_32' title="bbox 733 3265 2315 3336">
     <span class='ocr_line' id='line_1_32' title="bbox 733 3265 2315 3336; baseline -0.002 -16"><span class='ocrx_word' id='word_1_229' title='bbox 733 3266 1013 3336; x_wconf 86' lang='lat' dir='ltr'><strong>appellati.</strong></span> <span class='ocrx_word' id='word_1_230' title='bbox 1049 3266 1257 3319; x_wconf 79' lang='lat' dir='ltr'><strong>l-Iorum</strong></span> <span class='ocrx_word' id='word_1_231' title='bbox 1295 3267 1508 3335; x_wconf 87' lang='lat' dir='ltr'><strong>primus</strong></span> <span class='ocrx_word' id='word_1_232' title='bbox 1547 3266 1617 3319; x_wconf 92' lang='lat' dir='ltr'><strong>ab</strong></span> <span class='ocrx_word' id='word_1_233' title='bbox 1649 3265 1951 3334; x_wconf 86' lang='lat' dir='ltr'><strong>aliquibus,</strong></span> <span class='ocrx_word' id='word_1_234' title='bbox 1991 3265 2085 3319; x_wconf 90' lang='lat' dir='ltr'><strong>sed</strong></span> <span class='ocrx_word' id='word_1_235' title='bbox 2123 3281 2315 3334; x_wconf 83' lang='lat' dir='ltr'><strong>perpe-</strong></span> 
     </span>
    </p>
   </div>
   <div class='ocr_carea' id='block_1_33' title="bbox 731 3353 2312 3418">
    <p class='ocr_par' dir='ltr' id='par_1_33' title="bbox 731 3353 2312 3418">
     <span class='ocr_line' id='line_1_33' title="bbox 731 3353 2312 3418; baseline 0 -10"><span class='ocrx_word' id='word_1_236' title='bbox 731 3369 871 3414; x_wconf 85' lang='lat' dir='ltr'><strong>ram,</strong></span> <span class='ocrx_word' id='word_1_237' title='bbox 899 3353 1106 3407; x_wconf 89' lang='lat' dir='ltr'><strong>Sinaita</strong></span> <span class='ocrx_word' id='word_1_238' title='bbox 1126 3354 1329 3418; x_wconf 90' lang='lat' dir='ltr'><strong>dictus,</strong></span> <span class='ocrx_word' id='word_1_239' title='bbox 1348 3354 1537 3409; x_wconf 82' lang='lat' dir='ltr'><strong>sedem</strong></span> <span class='ocrx_word' id='word_1_240' title='bbox 1558 3355 1707 3409; x_wconf 89' lang='lat' dir='ltr'><strong>illam</strong></span> <span class='ocrx_word' id='word_1_241' title='bbox 1724 3354 1795 3408; x_wconf 92' lang='lat' dir='ltr'><strong>ab</strong></span> <span class='ocrx_word' id='word_1_242' title='bbox 1807 3369 1900 3408; x_wconf 89' lang='lat' dir='ltr'><strong>an.</strong></span> <span class='ocrx_word' id='word_1_243' title='bbox 1923 3354 2019 3409; x_wconf 80' lang='grc'><strong>561</strong></span> <span class='ocrx_word' id='word_1_244' title='bbox 2045 3355 2312 3418; x_wconf 89' lang='lat' dir='ltr'><strong>obtinuit,</strong></span> 
     </span>
    </p>
   </div>
   <div class='ocr_carea' id='block_1_34' title="bbox 732 3447 2315 3518">
    <p class='ocr_par' dir='ltr' id='par_1_34' title="bbox 732 3447 2315 3518">
     <span class='ocr_line' id='line_1_34' title="bbox 732 3447 2315 3518; baseline 0.001 -18"><span class='ocrx_word' id='word_1_245' title='bbox 732 3447 838 3501; x_wconf 88' lang='lat' dir='ltr'><strong>sub</strong></span> <span class='ocrx_word' id='word_1_246' title='bbox 871 3457 1122 3502; x_wconf 74' lang='lat' dir='ltr'><strong>extrema</strong></span> <span class='ocrx_word' id='word_1_247' title='bbox 1169 3449 1466 3503; x_wconf 87' lang='lat' dir='ltr'><strong>Iustiniani</strong></span> <span class='ocrx_word' id='word_1_248' title='bbox 1508 3449 1856 3518; x_wconf 84' lang='lat' dir='ltr'><strong>imperatoris</strong></span> <span class='ocrx_word' id='word_1_249' title='bbox 1897 3456 2186 3517; x_wconf 91' lang='lat' dir='ltr'><strong>tempora;</strong></span> <span class='ocrx_word' id='word_1_250' title='bbox 2219 3449 2315 3502; x_wconf 89' lang='lat' dir='ltr'><strong>sed</strong></span> 
     </span>
    </p>
   </div>
   <div class='ocr_carea' id='block_1_35' title="bbox 732 3540 2312 3602">
    <p class='ocr_par' dir='ltr' id='par_1_35' title="bbox 732 3540 2312 3602">
     <span class='ocr_line' id='line_1_35' title="bbox 732 3540 2312 3602; baseline 0.002 -11"><span class='ocrx_word' id='word_1_251' title='bbox 732 3556 763 3592; x_wconf 92' lang='lat' dir='ltr'><strong>a</strong></span> <span class='ocrx_word' id='word_1_252' title='bbox 797 3540 1018 3593; x_wconf 83' lang='lat' dir='ltr'><strong>Iustino</strong></span> <span class='ocrx_word' id='word_1_253' title='bbox 1043 3541 1273 3596; x_wconf 87' lang='lat' dir='ltr'><strong>Iuniorc</strong></span> <span class='ocrx_word' id='word_1_254' title='bbox 1304 3557 1335 3595; x_wconf 89' lang='lat' dir='ltr'><strong>a</strong></span> <span class='ocrx_word' id='word_1_255' title='bbox 1373 3541 1505 3597; x_wconf 87' lang='lat' dir='ltr'><strong>sede</strong></span> <span class='ocrx_word' id='word_1_256' title='bbox 1530 3541 1860 3597; x_wconf 86' lang='lat' dir='ltr'><strong>deturbatus</strong></span> <span class='ocrx_word' id='word_1_257' title='bbox 1887 3548 1972 3595; x_wconf 90' lang='lat' dir='ltr'><strong>est</strong></span> <span class='ocrx_word' id='word_1_258' title='bbox 2010 3556 2155 3595; x_wconf 88' lang='lat' dir='ltr'><strong>anno</strong></span> <span class='ocrx_word' id='word_1_259' title='bbox 2187 3540 2312 3602; x_wconf 72' lang='lat'><strong>579.,</strong></span> 
     </span>
    </p>
   </div>
   <div class='ocr_carea' id='block_1_36' title="bbox 733 3632 2314 3704">
    <p class='ocr_par' dir='ltr' id='par_1_36' title="bbox 733 3632 2314 3704">
     <span class='ocr_line' id='line_1_36' title="bbox 733 3632 2314 3704; baseline 0 -18"><span class='ocrx_word' id='word_1_260' title='bbox 733 3632 1038 3686; x_wconf 89' lang='lat' dir='ltr'><strong>substituto</strong></span> <span class='ocrx_word' id='word_1_261' title='bbox 1066 3633 1326 3703; x_wconf 84' lang='lat' dir='ltr'><strong>Georgio,</strong></span> <span class='ocrx_word' id='word_1_262' title='bbox 1358 3636 1516 3704; x_wconf 90' lang='lat' dir='ltr'><strong>cujus</strong></span> <span class='ocrx_word' id='word_1_263' title='bbox 1551 3643 1679 3704; x_wconf 90' lang='lat' dir='ltr'><strong>post</strong></span> <span class='ocrx_word' id='word_1_264' title='bbox 1718 3645 1978 3699; x_wconf 91' lang='lat' dir='ltr'><strong>mortem,</strong></span> <span class='ocrx_word' id='word_1_265' title='bbox 2006 3635 2314 3704; x_wconf 81' lang='lat' dir='ltr'><strong>imperante</strong></span> 
     </span>
    </p>
   </div>
   <div class='ocr_carea' id='block_1_37' title="bbox 731 3725 2316 3798">
    <p class='ocr_par' dir='ltr' id='par_1_37' title="bbox 731 3725 2316 3798">
     <span class='ocr_line' id='line_1_37' title="bbox 731 3725 2316 3798; baseline 0.001 -19"><span class='ocrx_word' id='word_1_266' title='bbox 731 3725 1022 3789; x_wconf 82' lang='lat' dir='ltr'><strong>Mauricio,</strong></span> <span class='ocrx_word' id='word_1_267' title='bbox 1041 3726 1327 3796; x_wconf 88' lang='lat' dir='ltr'><strong>pristinam</strong></span> <span class='ocrx_word' id='word_1_268' title='bbox 1353 3727 1680 3797; x_wconf 80' lang='lat' dir='ltr'><strong>dignitatem</strong></span> <span class='ocrx_word' id='word_1_269' title='bbox 1697 3727 2070 3798; x_wconf 85' lang='lat' dir='ltr'><strong>recuperavit,</strong></span> <span class='ocrx_word' id='word_1_270' title='bbox 2098 3737 2157 3782; x_wconf 89' lang='lat' dir='ltr'><strong>et</strong></span> <span class='ocrx_word' id='word_1_271' title='bbox 2181 3727 2234 3780; x_wconf 90' lang='lat' dir='ltr'><strong>in</strong></span> <span class='ocrx_word' id='word_1_272' title='bbox 2252 3744 2316 3781; x_wconf 89' lang='lat' dir='ltr'><strong>ea</strong></span> 
     </span>
    </p>
   </div>
   <div class='ocr_carea' id='block_1_38' title="bbox 734 3819 2319 3891">
    <p class='ocr_par' dir='ltr' id='par_1_38' title="bbox 734 3819 2319 3891">
     <span class='ocr_line' id='line_1_38' title="bbox 734 3819 2319 3891; baseline 0.001 -21"><span class='ocrx_word' id='word_1_273' title='bbox 734 3819 873 3872; x_wconf 76' lang='lat' dir='ltr'><strong>vixit</strong></span> <span class='ocrx_word' id='word_1_274' title='bbox 910 3834 1084 3888; x_wconf 88' lang='lat' dir='ltr'><strong>usque</strong></span> <span class='ocrx_word' id='word_1_275' title='bbox 1123 3819 1192 3873; x_wconf 89' lang='lat' dir='ltr'><strong>ad</strong></span> <span class='ocrx_word' id='word_1_276' title='bbox 1252 3835 1382 3873; x_wconf 89' lang='lat' dir='ltr'><strong>ann.</strong></span> <span class='ocrx_word' id='word_1_277' title='bbox 1419 3820 1544 3884; x_wconf 81' lang='lat'><strong>598,</strong></span> <span class='ocrx_word' id='word_1_278' title='bbox 1578 3829 1676 3875; x_wconf 91' lang='lat' dir='ltr'><strong>aut</strong></span> <span class='ocrx_word' id='word_1_279' title='bbox 1705 3829 2062 3891; x_wconf 84' lang='lat' dir='ltr'><strong>sequentem;</strong></span> <span class='ocrx_word' id='word_1_280' title='bbox 2094 3820 2319 3890; x_wconf 85' lang='lat' dir='ltr'><strong>quando</strong></span> 
     </span>
    </p>
   </div>
   <div class='ocr_carea' id='block_1_39' title="bbox 735 3908 2319 3982">
    <p class='ocr_par' dir='ltr' id='par_1_39' title="bbox 735 3908 2319 3982">
     <span class='ocr_line' id='line_1_39' title="bbox 735 3908 2319 3982; baseline 0.001 -20"><span class='ocrx_word' id='word_1_281' title='bbox 735 3908 812 3962; x_wconf 92' lang='lat' dir='ltr'><strong>illi</strong></span> <span class='ocrx_word' id='word_1_282' title='bbox 845 3918 1064 3963; x_wconf 91' lang='lat' dir='ltr'><strong>mortuo</strong></span> <span class='ocrx_word' id='word_1_283' title='bbox 1088 3911 1358 3965; x_wconf 82' lang='lat' dir='ltr'><strong>successit</strong></span> <span class='ocrx_word' id='word_1_284' title='bbox 1383 3911 1523 3966; x_wconf 88' lang='lat' dir='ltr'><strong>alter</strong></span> <span class='ocrx_word' id='word_1_285' title='bbox 1547 3911 1895 3977; x_wconf 84' lang='lat' dir='ltr'><strong>Anastasius,</strong></span> <span class='ocrx_word' id='word_1_286' title='bbox 1928 3921 2137 3982; x_wconf 76' lang='lat' dir='ltr'><strong>martyr</strong></span> <span class='ocrx_word' id='word_1_287' title='bbox 2175 3929 2319 3967; x_wconf 83' lang='lat' dir='ltr'><strong>nun-</strong></span> 
     </span>
    </p>
   </div>
   <div class='ocr_carea' id='block_1_40' title="bbox 734 4003 2313 4070">
    <p class='ocr_par' dir='ltr' id='par_1_40' title="bbox 734 4003 2313 4070">
     <span class='ocr_line' id='line_1_40' title="bbox 734 4003 2313 4070; baseline 0.002 -16"><span class='ocrx_word' id='word_1_288' title='bbox 734 4011 991 4070; x_wconf 88' lang='lat' dir='ltr'><strong>cupatus,</strong></span> <span class='ocrx_word' id='word_1_289' title='bbox 1021 4003 1167 4070; x_wconf 88' lang='lat' dir='ltr'><strong>quod</strong></span> <span class='ocrx_word' id='word_1_290' title='bbox 1188 4019 1218 4056; x_wconf 91' lang='lat' dir='ltr'><strong>a</strong></span> <span class='ocrx_word' id='word_1_291' title='bbox 1243 4003 1452 4058; x_wconf 73' lang='lat' dir='ltr'><strong>Iudaeis</strong></span> <span class='ocrx_word' id='word_1_292' title='bbox 1473 4003 1902 4059; x_wconf 80' lang='lat' dir='ltr'><strong>excarniﬁcatus</strong></span> <span class='ocrx_word' id='word_1_293' title='bbox 1917 4005 1990 4060; x_wconf 85' lang='lat' dir='ltr'><strong>sit</strong></span> <span class='ocrx_word' id='word_1_294' title='bbox 2005 4005 2151 4059; x_wconf 89' lang='lat' dir='ltr'><strong>circa</strong></span> <span class='ocrx_word' id='word_1_295' title='bbox 2180 4019 2313 4058; x_wconf 88' lang='lat' dir='ltr'><strong>ann.</strong></span> 
     </span>
    </p>
   </div>
   <div class='ocr_carea' id='block_1_41' title="bbox 735 4093 2318 4167">
    <p class='ocr_par' dir='ltr' id='par_1_41' title="bbox 735 4093 2318 4167">
     <span class='ocr_line' id='line_1_41' title="bbox 735 4093 2318 4167; baseline 0.001 -22"><span class='ocrx_word' id='word_1_296' title='bbox 735 4093 861 4155; x_wconf 78' lang='lat'><strong>008.</strong></span> <span class='ocrx_word' id='word_1_297' title='bbox 895 4101 990 4147; x_wconf 89' lang='lat' dir='ltr'><strong>aut</strong></span> <span class='ocrx_word' id='word_1_298' title='bbox 1015 4103 1364 4162; x_wconf 86' lang='lat' dir='ltr'><strong>sequentem,</strong></span> <span class='ocrx_word' id='word_1_299' title='bbox 1397 4095 1792 4167; x_wconf 81' lang='lat' dir='ltr'><strong>Martyrologio</strong></span> <span class='ocrx_word' id='word_1_300' title='bbox 1837 4097 2090 4150; x_wconf 81' lang='lat' dir='ltr'><strong>Romano</strong></span> <span class='ocrx_word' id='word_1_301' title='bbox 2120 4095 2318 4150; x_wconf 91' lang='lat' dir='ltr'><strong>inscri-</strong></span> 
     </span>
    </p>
   </div>
   <div class='ocr_carea' id='block_1_42' title="bbox 737 4178 2312 4257">
    <p class='ocr_par' dir='ltr' id='par_1_42' title="bbox 737 4178 2312 4257">
     <span class='ocr_line' id='line_1_42' title="bbox 737 4178 2312 4257; baseline 0.001 -19"><span class='ocrx_word' id='word_1_302' title='bbox 737 4193 867 4253; x_wconf 87' lang='lat' dir='ltr'><strong>ptus</strong></span> <span class='ocrx_word' id='word_1_303' title='bbox 893 4185 963 4238; x_wconf 93' lang='lat' dir='ltr'><strong>ad</strong></span> <span class='ocrx_word' id='word_1_304' title='bbox 986 4186 1136 4239; x_wconf 88' lang='lat' dir='ltr'><strong>diem</strong></span> <span class='ocrx_word' id='word_1_305' title='bbox 1159 4186 1231 4240; x_wconf 70' lang='grc'><strong>25</strong></span> <span class='ocrx_word' id='word_1_306' title='bbox 1265 4178 1610 4253; x_wconf 80' lang='lat' dir='ltr'><strong>Decembris,</strong></span> <span class='ocrx_word' id='word_1_307' title='bbox 1646 4189 1726 4242; x_wconf 89' lang='lat' dir='ltr'><strong>uti</strong></span> <span class='ocrx_word' id='word_1_308' title='bbox 1764 4189 1918 4257; x_wconf 93' lang='lat' dir='ltr'><strong>prior</strong></span> <span class='ocrx_word' id='word_1_309' title='bbox 1945 4187 2014 4241; x_wconf 92' lang='lat' dir='ltr'><strong>ad</strong></span> <span class='ocrx_word' id='word_1_310' title='bbox 2059 4187 2208 4241; x_wconf 89' lang='lat' dir='ltr'><strong>hunc</strong></span> <span class='ocrx_word' id='word_1_311' title='bbox 2248 4187 2312 4240; x_wconf 72' lang='lat' dir='ltr'><strong>2t</strong></span> 
     </span>
    </p>
   </div>
   <div class='ocr_carea' id='block_1_43' title="bbox 735 4277 2316 4347">
    <p class='ocr_par' dir='ltr' id='par_1_43' title="bbox 735 4277 2316 4347">
     <span class='ocr_line' id='line_1_43' title="bbox 735 4277 2316 4347; baseline -0.001 -15"><span class='ocrx_word' id='word_1_312' title='bbox 735 4279 946 4347; x_wconf 86' lang='lat' dir='ltr'><strong>Aprilis</strong></span> <span class='ocrx_word' id='word_1_313' title='bbox 989 4277 1079 4332; x_wconf 89' lang='lat' dir='ltr'><strong>his</strong></span> <span class='ocrx_word' id='word_1_314' title='bbox 1117 4278 1309 4335; x_wconf 85' lang='lat' dir='ltr'><strong>verbis</strong></span> <span class='ocrx_word' id='word_1_315' title='bbox 1349 4297 1362 4332; x_wconf 92' lang='lat'><strong>:</strong></span> <span class='ocrx_word' id='word_1_316' title='bbox 1403 4299 1421 4330; x_wconf 75' lang='grc' dir='ltr'><strong>ι</strong></span> <span class='ocrx_word' id='word_1_317' title='bbox 1459 4280 1769 4333; x_wconf 78' lang='lat' dir='ltr'><strong>Antiochia:</strong></span> <span class='ocrx_word' id='word_1_318' title='bbox 1817 4278 1994 4334; x_wconf 83' lang='lat' dir='ltr'><strong>sancti</strong></span> <span class='ocrx_word' id='word_1_319' title='bbox 2042 4279 2316 4332; x_wconf 87' lang='lat' dir='ltr'><strong>Anastasii</strong></span> 
     </span>
    </p>
   </div>
   <div class='ocr_carea' id='block_1_44' title="bbox 739 4371 2319 4440">
    <p class='ocr_par' dir='ltr' id='par_1_44' title="bbox 739 4371 2319 4440">
     <span class='ocr_line' id='line_1_44' title="bbox 739 4371 2319 4440; baseline -0.001 -16"><span class='ocrx_word' id='word_1_320' title='bbox 739 4371 967 4425; x_wconf 78' lang='lat' dir='ltr'><strong>Sinaita:</strong></span> <span class='ocrx_word' id='word_1_321' title='bbox 997 4371 1269 4440; x_wconf 87' lang='lat' dir='ltr'><strong>episcopi,</strong></span> <span class='ocrx_word' id='word_1_322' title='bbox 1302 4391 1320 4422; x_wconf 81' lang='grc' dir='ltr'><strong>ι</strong></span> <span class='ocrx_word' id='word_1_323' title='bbox 1357 4381 1412 4424; x_wconf 90' lang='lat' dir='ltr'><strong>et</strong></span> <span class='ocrx_word' id='word_1_324' title='bbox 1439 4371 1493 4424; x_wconf 92' lang='lat' dir='ltr'><strong>in</strong></span> <span class='ocrx_word' id='word_1_325' title='bbox 1529 4372 1677 4426; x_wconf 89' lang='lat' dir='ltr'><strong>notis</strong></span> <span class='ocrx_word' id='word_1_326' title='bbox 1720 4371 1998 4426; x_wconf 89' lang='lat' dir='ltr'><strong>indicatur</strong></span> <span class='ocrx_word' id='word_1_327' title='bbox 2026 4371 2095 4425; x_wconf 90' lang='lat' dir='ltr'><strong>de</strong></span> <span class='ocrx_word' id='word_1_328' title='bbox 2121 4371 2319 4424; x_wconf 86' lang='lat' dir='ltr'><strong>eodem</strong></span> 
     </span>
    </p>
   </div>
   <div class='ocr_carea' id='block_1_45' title="bbox 738 4461 2320 4533">
    <p class='ocr_par' dir='ltr' id='par_1_45' title="bbox 738 4461 2320 4533">
     <span class='ocr_line' id='line_1_45' title="bbox 738 4461 2320 4533; baseline 0.001 -17"><span class='ocrx_word' id='word_1_329' title='bbox 738 4478 901 4532; x_wconf 86' lang='lat' dir='ltr'><strong>agere</strong></span> <span class='ocrx_word' id='word_1_330' title='bbox 926 4461 1151 4516; x_wconf 69' lang='lat' dir='ltr'><strong>Graecos</strong></span> <span class='ocrx_word' id='word_1_331' title='bbox 1173 4463 1278 4517; x_wconf 89' lang='lat' dir='ltr'><strong>hac</strong></span> <span class='ocrx_word' id='word_1_332' title='bbox 1312 4461 1402 4517; x_wconf 89' lang='lat' dir='ltr'><strong>die</strong></span> <span class='ocrx_word' id='word_1_333' title='bbox 1437 4463 1492 4517; x_wconf 91' lang='lat' dir='ltr'><strong>in</strong></span> <span class='ocrx_word' id='word_1_334' title='bbox 1523 4462 1986 4533; x_wconf 81' lang='lat' dir='ltr'><strong>Menologio:qui</strong></span> <span class='ocrx_word' id='word_1_335' title='bbox 2010 4479 2142 4518; x_wconf 92' lang='lat' dir='ltr'><strong>sane</strong></span> <span class='ocrx_word' id='word_1_336' title='bbox 2171 4463 2320 4518; x_wconf 88' lang='lat' dir='ltr'><strong>Ana-</strong></span> 
     </span>
    </p>
   </div>
   <div class='ocr_carea' id='block_1_46' title="bbox 739 4553 2322 4619">
    <p class='ocr_par' dir='ltr' id='par_1_46' title="bbox 739 4553 2322 4619">
     <span class='ocr_line' id='line_1_46' title="bbox 739 4553 2322 4619; baseline 0.003 -13"><span class='ocrx_word' id='word_1_337' title='bbox 739 4554 894 4608; x_wconf 80' lang='lat' dir='ltr'><strong>stasii</strong></span> <span class='ocrx_word' id='word_1_338' title='bbox 937 4553 1166 4608; x_wconf 72' lang='lat' dir='ltr'><strong>Sinaitze</strong></span> <span class='ocrx_word' id='word_1_339' title='bbox 1197 4553 1589 4619; x_wconf 90' lang='lat' dir='ltr'><strong>meminerunt,</strong></span> <span class='ocrx_word' id='word_1_340' title='bbox 1639 4555 1736 4609; x_wconf 86' lang='lat' dir='ltr'><strong>sed</strong></span> <span class='ocrx_word' id='word_1_341' title='bbox 1785 4555 1934 4609; x_wconf 91' lang='lat' dir='ltr'><strong>nulla</strong></span> <span class='ocrx_word' id='word_1_342' title='bbox 1990 4555 2131 4610; x_wconf 81' lang='lat' dir='ltr'><strong>facta</strong></span> <span class='ocrx_word' id='word_1_343' title='bbox 2165 4571 2322 4610; x_wconf 86' lang='lat' dir='ltr'><strong>men-</strong></span> 
     </span>
    </p>
   </div>
   <div class='ocr_carea' id='block_1_47' title="bbox 741 4645 2324 4715">
    <p class='ocr_par' dir='ltr' id='par_1_47' title="bbox 741 4645 2324 4715">
     <span class='ocr_line' id='line_1_47' title="bbox 741 4645 2324 4715; baseline 0.003 -18"><span class='ocrx_word' id='word_1_344' title='bbox 741 4645 890 4699; x_wconf 84' lang='lat' dir='ltr'><strong>tione</strong></span> <span class='ocrx_word' id='word_1_345' title='bbox 915 4645 1224 4700; x_wconf 76' lang='lat' dir='ltr'><strong>Autiochize</strong></span> <span class='ocrx_word' id='word_1_346' title='bbox 1239 4655 1335 4700; x_wconf 87' lang='lat' dir='ltr'><strong>aut</strong></span> <span class='ocrx_word' id='word_1_347' title='bbox 1353 4646 1727 4715; x_wconf 86' lang='lat' dir='ltr'><strong>episcopatus.</strong></span> <span class='ocrx_word' id='word_1_348' title='bbox 1750 4647 1899 4701; x_wconf 87' lang='lat' dir='ltr'><strong>Idem</strong></span> <span class='ocrx_word' id='word_1_349' title='bbox 1929 4646 2077 4702; x_wconf 88' lang='lat' dir='ltr'><strong>inter</strong></span> <span class='ocrx_word' id='word_1_350' title='bbox 2099 4656 2324 4702; x_wconf 89' lang='lat' dir='ltr'><strong>sanctos</strong></span> 
     </span>
    </p>
   </div>
   <div class='ocr_carea' id='block_1_48' title="bbox 737 4736 2323 4807">
    <p class='ocr_par' dir='ltr' id='par_1_48' title="bbox 737 4736 2323 4807">
     <span class='ocr_line' id='line_1_48' title="bbox 737 4736 2323 4807; baseline -0.001 -16"><span class='ocrx_word' id='word_1_351' title='bbox 737 4736 931 4791; x_wconf 84' lang='lat' dir='ltr'><strong>Patres</strong></span> <span class='ocrx_word' id='word_1_352' title='bbox 966 4745 1290 4791; x_wconf 89' lang='lat' dir='ltr'><strong>recensetur</strong></span> <span class='ocrx_word' id='word_1_353' title='bbox 1323 4736 1380 4790; x_wconf 92' lang='lat' dir='ltr'><strong>in</strong></span> <span class='ocrx_word' id='word_1_354' title='bbox 1412 4736 1624 4807; x_wconf 82' lang='lat' dir='ltr'><strong>synodo</strong></span> <span class='ocrx_word' id='word_1_355' title='bbox 1651 4736 1870 4792; x_wconf 67' lang='lat' dir='ltr'><strong>Nicazna</strong></span> <span class='ocrx_word' id='word_1_356' title='bbox 1903 4753 1976 4800; x_wconf 90' lang='grc' dir='ltr'>ιι,</span> <span class='ocrx_word' id='word_1_357' title='bbox 2016 4746 2075 4791; x_wconf 91' lang='lat' dir='ltr'><strong>et</strong></span> <span class='ocrx_word' id='word_1_358' title='bbox 2121 4738 2323 4807; x_wconf 87' lang='lat' dir='ltr'><strong>passim</strong></span> 
     </span>
    </p>
   </div>
   <div class='ocr_carea' id='block_1_49' title="bbox 737 4825 2321 4898">
    <p class='ocr_par' dir='ltr' id='par_1_49' title="bbox 737 4825 2321 4898">
     <span class='ocr_line' id='line_1_49' title="bbox 737 4825 2321 4898; baseline 0.001 -16"><span class='ocrx_word' id='word_1_359' title='bbox 737 4825 796 4882; x_wconf 89' lang='lat' dir='ltr'><strong>in</strong></span> <span class='ocrx_word' id='word_1_360' title='bbox 845 4827 1023 4881; x_wconf 84' lang='lat' dir='ltr'><strong>titulis</strong></span> <span class='ocrx_word' id='word_1_361' title='bbox 1071 4826 1310 4896; x_wconf 71' lang='lat' dir='ltr'><strong>praeﬁxis</strong></span> <span class='ocrx_word' id='word_1_362' title='bbox 1351 4837 1479 4881; x_wconf 90' lang='lat' dir='ltr'><strong>ante</strong></span> <span class='ocrx_word' id='word_1_363' title='bbox 1513 4829 1635 4898; x_wconf 87' lang='lat' dir='ltr'><strong>ejus</strong></span> <span class='ocrx_word' id='word_1_364' title='bbox 1666 4843 1836 4897; x_wconf 90' lang='lat' dir='ltr'><strong>opera</strong></span> <span class='ocrx_word' id='word_1_365' title='bbox 1868 4828 2012 4883; x_wconf 78' lang='lat' dir='ltr'><strong>intra</strong></span> <span class='ocrx_word' id='word_1_366' title='bbox 2062 4829 2321 4883; x_wconf 85' lang='lat' dir='ltr'><strong>indicata.</strong></span> 
     </span>
    </p>
   </div>
   <div class='ocr_carea' id='block_1_50' title="bbox 742 4918 2320 4991">
    <p class='ocr_par' dir='ltr' id='par_1_50' title="bbox 742 4918 2320 4991">
     <span class='ocr_line' id='line_1_50' title="bbox 742 4918 2320 4991; baseline 0.003 -20"><span class='ocrx_word' id='word_1_367' title='bbox 742 4918 920 4988; x_wconf 86' lang='lat' dir='ltr'><strong>Ilujus</strong></span> <span class='ocrx_word' id='word_1_368' title='bbox 947 4919 1214 4988; x_wconf 83' lang='lat' dir='ltr'><strong>temporis</strong></span> <span class='ocrx_word' id='word_1_369' title='bbox 1236 4920 1474 4990; x_wconf 89' lang='lat' dir='ltr'><strong>scriptor</strong></span> <span class='ocrx_word' id='word_1_370' title='bbox 1500 4920 1603 4974; x_wconf 80' lang='lat' dir='ltr'><strong>fuit</strong></span> <span class='ocrx_word' id='word_1_371' title='bbox 1628 4920 1897 4991; x_wconf 84' lang='lat' dir='ltr'><strong>Evagrius</strong></span> <span class='ocrx_word' id='word_1_372' title='bbox 1922 4921 2320 4987; x_wconf 88' lang='lat' dir='ltr'><strong>Scholasticus,</strong></span> 
     </span>
    </p>
   </div>
   <div class='ocr_carea' id='block_1_51' title="bbox 742 5010 2320 5082">
    <p class='ocr_par' dir='ltr' id='par_1_51' title="bbox 742 5010 2320 5082">
     <span class='ocr_line' id='line_1_51' title="bbox 742 5010 2320 5082; baseline 0.004 -20"><span class='ocrx_word' id='word_1_373' title='bbox 742 5011 837 5078; x_wconf 92' lang='lat' dir='ltr'><strong>qui</strong></span> <span class='ocrx_word' id='word_1_374' title='bbox 895 5011 930 5064; x_wconf 92' lang='grc' dir='ltr'>ι.</span> <span class='ocrx_word' id='word_1_375' title='bbox 983 5026 1035 5065; x_wconf 82' lang='lat' dir='ltr'><strong>tv</strong></span> <span class='ocrx_word' id='word_1_376' title='bbox 1064 5010 1315 5065; x_wconf 75' lang='lat' dir='ltr'><strong>Historia:</strong></span> <span class='ocrx_word' id='word_1_377' title='bbox 1366 5011 1770 5076; x_wconf 71' lang='lat' dir='ltr'><strong>Ecclesiasticw,</strong></span> <span class='ocrx_word' id='word_1_378' title='bbox 1802 5027 1924 5082; x_wconf 90' lang='lat' dir='ltr'><strong>cap.</strong></span> <span class='ocrx_word' id='word_1_379' title='bbox 1963 5014 2054 5076; x_wconf 77' lang='lat'><strong>38,</strong></span> <span class='ocrx_word' id='word_1_380' title='bbox 2099 5016 2320 5078; x_wconf 88' lang='lat' dir='ltr'><strong>asserit,</strong></span> 
     </span>
    </p>
   </div>
   <div class='ocr_carea' id='block_1_52' title="bbox 743 5107 2322 5177">
    <p class='ocr_par' dir='ltr' id='par_1_52' title="bbox 743 5107 2322 5177">
     <span class='ocr_line' id='line_1_52' title="bbox 743 5107 2322 5177; baseline 0.002 -18"><span class='ocrx_word' id='word_1_381' title='bbox 743 5116 870 5176; x_wconf 90' lang='lat' dir='ltr'><strong>post</strong></span> <span class='ocrx_word' id='word_1_382' title='bbox 906 5107 1234 5160; x_wconf 89' lang='lat' dir='ltr'><strong>Domninum</strong></span> <span class='ocrx_word' id='word_1_383' title='bbox 1265 5107 1586 5176; x_wconf 85' lang='lat' dir='ltr'><strong>episcopum</strong></span> <span class='ocrx_word' id='word_1_384' title='bbox 1620 5107 2097 5177; x_wconf 89' lang='lat' dir='ltr'><strong>Theopolitarum,</strong></span> <span class='ocrx_word' id='word_1_385' title='bbox 2131 5107 2186 5162; x_wconf 93' lang='lat' dir='ltr'><strong>id</strong></span> <span class='ocrx_word' id='word_1_386' title='bbox 2237 5115 2322 5162; x_wconf 91' lang='lat' dir='ltr'><strong>est</strong></span> 
     </span>
    </p>
   </div>
   <div class='ocr_carea' id='block_1_53' title="bbox 744 5198 2325 5269">
    <p class='ocr_par' dir='ltr' id='par_1_53' title="bbox 744 5198 2325 5269">
     <span class='ocr_line' id='line_1_53' title="bbox 744 5198 2325 5269; baseline 0.003 -19"><span class='ocrx_word' id='word_1_387' title='bbox 744 5198 1240 5263; x_wconf 84' lang='lat' dir='ltr'><strong>Antiochenorum,</strong></span> <span class='ocrx_word' id='word_1_388' title='bbox 1283 5208 1534 5252; x_wconf 89' lang='lat' dir='ltr'><strong>creatum</strong></span> <span class='ocrx_word' id='word_1_389' title='bbox 1585 5199 1957 5265; x_wconf 87' lang='lat' dir='ltr'><strong>Anastasium,</strong></span> <span class='ocrx_word' id='word_1_390' title='bbox 2011 5207 2069 5253; x_wconf 90' lang='lat' dir='ltr'><strong>et</strong></span> <span class='ocrx_word' id='word_1_391' title='bbox 2103 5216 2223 5269; x_wconf 88' lang='lat' dir='ltr'><strong>cap.</strong></span> <span class='ocrx_word' id='word_1_392' title='bbox 2257 5200 2325 5254; x_wconf 80' lang='lat'><strong>59</strong></span> 
     </span>
    </p>
   </div>
   <div class='ocr_carea' id='block_1_54' title="bbox 746 5285 2154 5357">
    <p class='ocr_par' dir='ltr' id='par_1_54' title="bbox 746 5285 2154 5357">
     <span class='ocr_line' id='line_1_54' title="bbox 746 5285 2154 5357; baseline 0.004 -20"><span class='ocrx_word' id='word_1_393' title='bbox 746 5287 867 5354; x_wconf 76' lang='lat' dir='ltr'><strong>ejus</strong></span> <span class='ocrx_word' id='word_1_394' title='bbox 893 5285 1077 5339; x_wconf 88' lang='lat' dir='ltr'><strong>studia</strong></span> <span class='ocrx_word' id='word_1_395' title='bbox 1113 5295 1171 5340; x_wconf 90' lang='lat' dir='ltr'><strong>et</strong></span> <span class='ocrx_word' id='word_1_396' title='bbox 1213 5302 1300 5340; x_wconf 90' lang='lat' dir='ltr'><strong>res</strong></span> <span class='ocrx_word' id='word_1_397' title='bbox 1350 5296 1531 5357; x_wconf 80' lang='lat' dir='ltr'><strong>gestas</strong></span> <span class='ocrx_word' id='word_1_398' title='bbox 1568 5289 1798 5356; x_wconf 79' lang='lat' dir='ltr'><strong>exponit</strong></span> <span class='ocrx_word' id='word_1_399' title='bbox 1831 5289 1919 5342; x_wconf 87' lang='lat' dir='ltr'><strong>his</strong></span> <span class='ocrx_word' id='word_1_400' title='bbox 1947 5289 2154 5344; x_wconf 82' lang='lat' dir='ltr'><strong>verbis.</strong></span> 
     </span>
    </p>
   </div>
   <div class='ocr_carea' id='block_1_55' title="bbox 827 5377 2322 5437">
    <p class='ocr_par' dir='ltr' id='par_1_55' title="bbox 827 5377 2322 5437">
     <span class='ocr_line' id='line_1_55' title="bbox 827 5377 2322 5437; baseline 0.007 -11"><span class='ocrx_word' id='word_1_401' title='bbox 827 5395 844 5426; x_wconf 82' lang='grc' dir='ltr'><strong>ι</strong></span> <span class='ocrx_word' id='word_1_402' title='bbox 879 5377 1204 5432; x_wconf 86' lang='lat' dir='ltr'><strong>Anastasius</strong></span> <span class='ocrx_word' id='word_1_403' title='bbox 1249 5378 1333 5431; x_wconf 83' lang='lat' dir='ltr'><strong>vir</strong></span> <span class='ocrx_word' id='word_1_404' title='bbox 1360 5389 1633 5432; x_wconf 87' lang='lat' dir='ltr'><strong>eratcum</strong></span> <span class='ocrx_word' id='word_1_405' title='bbox 1668 5379 1724 5436; x_wconf 92' lang='lat' dir='ltr'><strong>in</strong></span> <span class='ocrx_word' id='word_1_406' title='bbox 1768 5395 2052 5435; x_wconf 89' lang='lat' dir='ltr'><strong>sacrarum</strong></span> <span class='ocrx_word' id='word_1_407' title='bbox 2083 5381 2322 5437; x_wconf 83' lang='lat' dir='ltr'><strong>Littera-</strong></span> 
     </span>
    </p>
   </div>
   <div class='ocr_carea' id='block_1_56' title="bbox 747 5468 2325 5537">
    <p class='ocr_par' dir='ltr' id='par_1_56' title="bbox 747 5468 2325 5537">
     <span class='ocr_line' id='line_1_56' title="bbox 747 5468 2325 5537; baseline 0.005 -18"><span class='ocrx_word' id='word_1_408' title='bbox 747 5482 872 5520; x_wconf 88' lang='lat' dir='ltr'><strong>rum</strong></span> <span class='ocrx_word' id='word_1_409' title='bbox 912 5468 1226 5537; x_wconf 78' lang='lat' dir='ltr'><strong>cognitione</strong></span> <span class='ocrx_word' id='word_1_410' title='bbox 1252 5470 1498 5537; x_wconf 86' lang='lat' dir='ltr'><strong>apprime</strong></span> <span class='ocrx_word' id='word_1_411' title='bbox 1531 5470 1795 5534; x_wconf 84' lang='lat' dir='ltr'><strong>disertus,</strong></span> <span class='ocrx_word' id='word_1_412' title='bbox 1837 5481 1953 5525; x_wconf 90' lang='lat' dir='ltr'><strong>tum</strong></span> <span class='ocrx_word' id='word_1_413' title='bbox 1989 5472 2046 5526; x_wconf 94' lang='lat' dir='ltr'><strong>in</strong></span> <span class='ocrx_word' id='word_1_414' title='bbox 2075 5474 2325 5528; x_wconf 89' lang='lat' dir='ltr'><strong>moribus</strong></span> 
     </span>
    </p>
   </div>
   <div class='ocr_carea' id='block_1_57' title="bbox 749 5562 2321 5634">
    <p class='ocr_par' dir='ltr' id='par_1_57' title="bbox 749 5562 2321 5634">
     <span class='ocr_line' id='line_1_57' title="bbox 749 5562 2321 5634; baseline 0.003 -21"><span class='ocrx_word' id='word_1_415' title='bbox 749 5576 813 5615; x_wconf 88' lang='lat' dir='ltr'><strong>ac</strong></span> <span class='ocrx_word' id='word_1_416' title='bbox 847 5567 960 5614; x_wconf 91' lang='lat' dir='ltr'><strong>tota</strong></span> <span class='ocrx_word' id='word_1_417' title='bbox 1007 5563 1134 5616; x_wconf 71' lang='lat' dir='ltr'><strong>vitae</strong></span> <span class='ocrx_word' id='word_1_418' title='bbox 1199 5563 1409 5615; x_wconf 88' lang='lat' dir='ltr'><strong>ratione</strong></span> <span class='ocrx_word' id='word_1_419' title='bbox 1463 5562 1601 5617; x_wconf 89' lang='lat' dir='ltr'><strong>adeo</strong></span> <span class='ocrx_word' id='word_1_420' title='bbox 1651 5564 1984 5634; x_wconf 77' lang='lat' dir='ltr'><strong>exquisitus,</strong></span> <span class='ocrx_word' id='word_1_421' title='bbox 2037 5571 2098 5618; x_wconf 91' lang='lat' dir='ltr'><strong>ut</strong></span> <span class='ocrx_word' id='word_1_422' title='bbox 2153 5565 2321 5618; x_wconf 85' lang='lat' dir='ltr'><strong>etiam</strong></span> 
     </span>
    </p>
   </div>
   <div class='ocr_carea' id='block_1_58' title="bbox 751 5653 2323 5725">
    <p class='ocr_par' dir='ltr' id='par_1_58' title="bbox 751 5653 2323 5725">
     <span class='ocr_line' id='line_1_58' title="bbox 751 5653 2323 5725; baseline 0.003 -19"><span class='ocrx_word' id='word_1_423' title='bbox 751 5669 934 5708; x_wconf 79' lang='lat' dir='ltr'><strong>rerum</strong></span> <span class='ocrx_word' id='word_1_424' title='bbox 965 5653 1330 5709; x_wconf 83' lang='lat' dir='ltr'><strong>levicularum</strong></span> <span class='ocrx_word' id='word_1_425' title='bbox 1365 5671 1616 5725; x_wconf 83' lang='lat' dir='ltr'><strong>magnam</strong></span> <span class='ocrx_word' id='word_1_426' title='bbox 1643 5671 1831 5709; x_wconf 88' lang='lat' dir='ltr'><strong>curam</strong></span> <span class='ocrx_word' id='word_1_427' title='bbox 1858 5656 2113 5720; x_wconf 88' lang='lat' dir='ltr'><strong>haberet,</strong></span> <span class='ocrx_word' id='word_1_428' title='bbox 2143 5672 2323 5725; x_wconf 90' lang='lat' dir='ltr'><strong>neque</strong></span> 
     </span>
    </p>
   </div>
   <div class='ocr_carea' id='block_1_59' title="bbox 2420 3175 4004 3253">
    <p class='ocr_par' dir='ltr' id='par_1_59' title="bbox 2420 3175 4004 3253">
     <span class='ocr_line' id='line_1_59' title="bbox 2420 3175 4004 3253; baseline 0.006 -23"><span class='ocrx_word' id='word_1_429' title='bbox 2420 3176 2651 3247; x_wconf 89' lang='lat' dir='ltr'><strong>tingere.</strong></span> <span class='ocrx_word' id='word_1_430' title='bbox 2685 3175 2830 3242; x_wconf 87' lang='lat' dir='ltr'><strong>Quin</strong></span> <span class='ocrx_word' id='word_1_431' title='bbox 2854 3177 3020 3230; x_wconf 90' lang='lat' dir='ltr'><strong>etiam</strong></span> <span class='ocrx_word' id='word_1_432' title='bbox 3051 3179 3122 3231; x_wconf 88' lang='lat' dir='ltr'><strong>ita</strong></span> <span class='ocrx_word' id='word_1_433' title='bbox 3149 3195 3310 3234; x_wconf 91' lang='lat' dir='ltr'><strong>suum</strong></span> <span class='ocrx_word' id='word_1_434' title='bbox 3338 3181 3668 3249; x_wconf 73' lang='lat' dir='ltr'><strong>temperavi:</strong></span> <span class='ocrx_word' id='word_1_435' title='bbox 3690 3182 4004 3253; x_wconf 80' lang='lat' dir='ltr'><strong>ingenium,</strong></span> 
     </span>
    </p>
   </div>
   <div class='ocr_carea' id='block_1_60' title="bbox 2419 3272 4009 3345">
    <p class='ocr_par' dir='ltr' id='par_1_60' title="bbox 2419 3272 4009 3345">
     <span class='ocr_line' id='line_1_60' title="bbox 2419 3272 4009 3345; baseline 0.005 -20"><span class='ocrx_word' id='word_1_436' title='bbox 2419 3281 2480 3325; x_wconf 93' lang='lat' dir='ltr'><strong>ut</strong></span> <span class='ocrx_word' id='word_1_437' title='bbox 2521 3287 2702 3342; x_wconf 88' lang='lat' dir='ltr'><strong>neque</strong></span> <span class='ocrx_word' id='word_1_438' title='bbox 2746 3281 2978 3340; x_wconf 90' lang='lat' dir='ltr'><strong>propter</strong></span> <span class='ocrx_word' id='word_1_439' title='bbox 3006 3272 3290 3328; x_wconf 84' lang='lat' dir='ltr'><strong>lenitatem</strong></span> <span class='ocrx_word' id='word_1_440' title='bbox 3337 3275 3510 3328; x_wconf 78' lang='lat' dir='ltr'><strong>animi</strong></span> <span class='ocrx_word' id='word_1_441' title='bbox 3548 3285 3713 3345; x_wconf 90' lang='lat' dir='ltr'><strong>atque</strong></span> <span class='ocrx_word' id='word_1_442' title='bbox 3766 3280 4009 3334; x_wconf 79' lang='lat' dir='ltr'><strong>comita-</strong></span> 
     </span>
    </p>
   </div>
   <div class='ocr_carea' id='block_1_61' title="bbox 2419 3363 4005 3434">
    <p class='ocr_par' dir='ltr' id='par_1_61' title="bbox 2419 3363 4005 3434">
     <span class='ocr_line' id='line_1_61' title="bbox 2419 3363 4005 3434; baseline 0.004 -17"><span class='ocrx_word' id='word_1_443' title='bbox 2419 3373 2552 3428; x_wconf 88' lang='lat' dir='ltr'><strong>tem,</strong></span> <span class='ocrx_word' id='word_1_444' title='bbox 2607 3363 2774 3418; x_wconf 90' lang='lat' dir='ltr'><strong>nimis</strong></span> <span class='ocrx_word' id='word_1_445' title='bbox 2825 3364 2988 3418; x_wconf 80' lang='lat' dir='ltr'><strong>facile</strong></span> <span class='ocrx_word' id='word_1_446' title='bbox 3044 3363 3132 3418; x_wconf 92' lang='lat' dir='ltr'><strong>his</strong></span> <span class='ocrx_word' id='word_1_447' title='bbox 3190 3365 3358 3420; x_wconf 88' lang='lat' dir='ltr'><strong>rebus</strong></span> <span class='ocrx_word' id='word_1_448' title='bbox 3395 3381 3519 3434; x_wconf 61' lang='lat' dir='ltr'><strong>qua:</strong></span> <span class='ocrx_word' id='word_1_449' title='bbox 3561 3367 3746 3421; x_wconf 91' lang='lat' dir='ltr'><strong>minus</strong></span> <span class='ocrx_word' id='word_1_450' title='bbox 3799 3369 4005 3425; x_wconf 81' lang='lat' dir='ltr'><strong>rationi</strong></span> 
     </span>
    </p>
   </div>
   <div class='ocr_carea' id='block_1_62' title="bbox 2419 3456 4011 3528">
    <p class='ocr_par' dir='ltr' id='par_1_62' title="bbox 2419 3456 4011 3528">
     <span class='ocr_line' id='line_1_62' title="bbox 2419 3456 4011 3528; baseline 0.004 -18"><span class='ocrx_word' id='word_1_451' title='bbox 2419 3456 2834 3512; x_wconf 85' lang='lat' dir='ltr'><strong>consentientes</strong></span> <span class='ocrx_word' id='word_1_452' title='bbox 2863 3465 3044 3519; x_wconf 88' lang='lat' dir='ltr'><strong>erant,</strong></span> <span class='ocrx_word' id='word_1_453' title='bbox 3077 3456 3330 3522; x_wconf 86' lang='lat' dir='ltr'><strong>cederet;</strong></span> <span class='ocrx_word' id='word_1_454' title='bbox 3369 3473 3549 3527; x_wconf 89' lang='lat' dir='ltr'><strong>neque</strong></span> <span class='ocrx_word' id='word_1_455' title='bbox 3587 3466 3818 3528; x_wconf 88' lang='lat' dir='ltr'><strong>propter</strong></span> <span class='ocrx_word' id='word_1_456' title='bbox 3849 3476 4011 3516; x_wconf 81' lang='lat' dir='ltr'><strong>seve-</strong></span> 
     </span>
    </p>
   </div>
   <div class='ocr_carea' id='block_1_63' title="bbox 2420 3546 4010 3615">
    <p class='ocr_par' dir='ltr' id='par_1_63' title="bbox 2420 3546 4010 3615">
     <span class='ocr_line' id='line_1_63' title="bbox 2420 3546 4010 3615; baseline 0.001 -13"><span class='ocrx_word' id='word_1_457' title='bbox 2420 3547 2638 3602; x_wconf 90' lang='lat' dir='ltr'><strong>ritatem</strong></span> <span class='ocrx_word' id='word_1_458' title='bbox 2665 3556 2723 3600; x_wconf 92' lang='lat' dir='ltr'><strong>et</strong></span> <span class='ocrx_word' id='word_1_459' title='bbox 2747 3546 3181 3610; x_wconf 88' lang='lat' dir='ltr'><strong>inclementiam,</strong></span> <span class='ocrx_word' id='word_1_460' title='bbox 3214 3561 3356 3614; x_wconf 67' lang='grc' dir='ltr'><strong>ωςτο</strong></span> <span class='ocrx_word' id='word_1_461' title='bbox 3387 3546 3473 3600; x_wconf 89' lang='lat' dir='ltr'><strong>his</strong></span> <span class='ocrx_word' id='word_1_462' title='bbox 3513 3561 3635 3615; x_wconf 78' lang='lat' dir='ltr'><strong>qua:</strong></span> <span class='ocrx_word' id='word_1_463' title='bbox 3664 3556 3816 3601; x_wconf 87' lang='lat' dir='ltr'><strong>recta</strong></span> <span class='ocrx_word' id='word_1_464' title='bbox 3861 3548 4010 3603; x_wconf 86' lang='lat' dir='ltr'><strong>ratio</strong></span> 
     </span>
    </p>
   </div>
   <div class='ocr_carea' id='block_1_64' title="bbox 2417 3635 4010 3706">
    <p class='ocr_par' dir='ltr' id='par_1_64' title="bbox 2417 3635 4010 3706">
     <span class='ocr_line' id='line_1_64' title="bbox 2417 3635 4010 3706; baseline 0.002 -17"><span class='ocrx_word' id='word_1_465' title='bbox 2417 3635 2734 3706; x_wconf 86' lang='lat' dir='ltr'><strong>postulabat</strong></span> <span class='ocrx_word' id='word_1_466' title='bbox 2794 3635 3180 3689; x_wconf 89' lang='lat' dir='ltr'><strong>assentiretur.</strong></span> <span class='ocrx_word' id='word_1_467' title='bbox 3243 3635 3429 3689; x_wconf 83' lang='lat' dir='ltr'><strong>Rebus</strong></span> <span class='ocrx_word' id='word_1_468' title='bbox 3487 3635 3652 3689; x_wconf 88' lang='lat' dir='ltr'><strong>seriis</strong></span> <span class='ocrx_word' id='word_1_469' title='bbox 3708 3636 4010 3692; x_wconf 83' lang='lat' dir='ltr'><strong>audiendis</strong></span> 
     </span>
    </p>
   </div>
   <div class='ocr_carea' id='block_1_65' title="bbox 2418 3726 4010 3797">
    <p class='ocr_par' dir='ltr' id='par_1_65' title="bbox 2418 3726 4010 3797">
     <span class='ocr_line' id='line_1_65' title="bbox 2418 3726 4010 3797; baseline 0.004 -18"><span class='ocrx_word' id='word_1_470' title='bbox 2418 3729 2540 3796; x_wconf 86' lang='lat' dir='ltr'><strong>ejus</strong></span> <span class='ocrx_word' id='word_1_471' title='bbox 2578 3727 2841 3796; x_wconf 89' lang='lat' dir='ltr'><strong>patebant</strong></span> <span class='ocrx_word' id='word_1_472' title='bbox 2873 3741 3057 3788; x_wconf 83' lang='lat' dir='ltr'><strong>aures,</strong></span> <span class='ocrx_word' id='word_1_473' title='bbox 3088 3735 3145 3780; x_wconf 92' lang='lat' dir='ltr'><strong>et</strong></span> <span class='ocrx_word' id='word_1_474' title='bbox 3188 3736 3250 3781; x_wconf 92' lang='lat' dir='ltr'><strong>ut</strong></span> <span class='ocrx_word' id='word_1_475' title='bbox 3301 3742 3557 3781; x_wconf 90' lang='lat' dir='ltr'><strong>sermone</strong></span> <span class='ocrx_word' id='word_1_476' title='bbox 3589 3726 3899 3797; x_wconf 80' lang='lat' dir='ltr'><strong>proﬂuens,</strong></span> <span class='ocrx_word' id='word_1_477' title='bbox 3933 3729 4010 3785; x_wconf 88' lang='lat' dir='ltr'><strong>ita</strong></span> 
     </span>
    </p>
   </div>
   <div class='ocr_carea' id='block_1_66' title="bbox 2421 3819 4010 3892">
    <p class='ocr_par' dir='ltr' id='par_1_66' title="bbox 2421 3819 4010 3892">
     <span class='ocr_line' id='line_1_66' title="bbox 2421 3819 4010 3892; baseline 0.001 -19"><span class='ocrx_word' id='word_1_478' title='bbox 2421 3819 2477 3873; x_wconf 91' lang='lat' dir='ltr'><strong>in</strong></span> <span class='ocrx_word' id='word_1_479' title='bbox 2520 3819 2924 3889; x_wconf 68' lang='lat' dir='ltr'><strong>quaestionibus</strong></span> <span class='ocrx_word' id='word_1_480' title='bbox 2969 3819 3338 3874; x_wconf 84' lang='lat' dir='ltr'><strong>dissolvendis</strong></span> <span class='ocrx_word' id='word_1_481' title='bbox 3383 3829 3580 3874; x_wconf 88' lang='lat' dir='ltr'><strong>acutus</strong></span> <span class='ocrx_word' id='word_1_482' title='bbox 3630 3828 3686 3875; x_wconf 91' lang='lat' dir='ltr'><strong>et</strong></span> <span class='ocrx_word' id='word_1_483' title='bbox 3711 3823 4010 3892; x_wconf 78' lang='lat' dir='ltr'><strong>perSpicax</strong></span> 
     </span>
    </p>
   </div>
   <div class='ocr_carea' id='block_1_67' title="bbox 2421 3911 4010 3980">
    <p class='ocr_par' dir='ltr' id='par_1_67' title="bbox 2421 3911 4010 3980">
     <span class='ocr_line' id='line_1_67' title="bbox 2421 3911 4010 3980; baseline 0.003 -16"><span class='ocrx_word' id='word_1_484' title='bbox 2421 3911 2546 3975; x_wconf 83' lang='lat' dir='ltr'><strong>fuit,</strong></span> <span class='ocrx_word' id='word_1_485' title='bbox 2602 3911 2770 3965; x_wconf 89' lang='lat' dir='ltr'><strong>rebus</strong></span> <span class='ocrx_word' id='word_1_486' title='bbox 2827 3921 3011 3965; x_wconf 89' lang='lat' dir='ltr'><strong>autem</strong></span> <span class='ocrx_word' id='word_1_487' title='bbox 3081 3911 3284 3980; x_wconf 82' lang='lat' dir='ltr'><strong>ineptis</strong></span> <span class='ocrx_word' id='word_1_488' title='bbox 3339 3921 3395 3965; x_wconf 91' lang='lat' dir='ltr'><strong>et</strong></span> <span class='ocrx_word' id='word_1_489' title='bbox 3453 3911 3664 3967; x_wconf 88' lang='lat' dir='ltr'><strong>nullius</strong></span> <span class='ocrx_word' id='word_1_490' title='bbox 3733 3915 4010 3969; x_wconf 85' lang='lat' dir='ltr'><strong>momenti</strong></span> 
     </span>
    </p>
   </div>
   <div class='ocr_carea' id='block_1_68' title="bbox 2420 4001 4013 4073">
    <p class='ocr_par' dir='ltr' id='par_1_68' title="bbox 2420 4001 4013 4073">
     <span class='ocr_line' id='line_1_68' title="bbox 2420 4001 4013 4073; baseline 0.003 -19"><span class='ocrx_word' id='word_1_491' title='bbox 2420 4001 2656 4054; x_wconf 86' lang='lat' dir='ltr'><strong>occlusit</strong></span> <span class='ocrx_word' id='word_1_492' title='bbox 2713 4017 2878 4055; x_wconf 90' lang='lat' dir='ltr'><strong>aures</strong></span> <span class='ocrx_word' id='word_1_493' title='bbox 2934 4019 2948 4054; x_wconf 87' lang='lat'><strong>:</strong></span> <span class='ocrx_word' id='word_1_494' title='bbox 3013 4001 3254 4071; x_wconf 81' lang='lat' dir='ltr'><strong>linguam</strong></span> <span class='ocrx_word' id='word_1_495' title='bbox 3303 4018 3440 4056; x_wconf 77' lang='lat' dir='ltr'><strong>vero</strong></span> <span class='ocrx_word' id='word_1_496' title='bbox 3491 4003 3573 4056; x_wconf 90' lang='lat' dir='ltr'><strong>sic</strong></span> <span class='ocrx_word' id='word_1_497' title='bbox 3633 4005 3791 4073; x_wconf 89' lang='lat' dir='ltr'><strong>quasi</strong></span> <span class='ocrx_word' id='word_1_498' title='bbox 3848 4004 4013 4060; x_wconf 81' lang='lat' dir='ltr'><strong>freno</strong></span> 
     </span>
    </p>
   </div>
   <div class='ocr_carea' id='block_1_69' title="bbox 2422 4090 4008 4160">
    <p class='ocr_par' dir='ltr' id='par_1_69' title="bbox 2422 4090 4008 4160">
     <span class='ocr_line' id='line_1_69' title="bbox 2422 4090 4008 4160; baseline 0.004 -17"><span class='ocrx_word' id='word_1_499' title='bbox 2422 4090 2677 4144; x_wconf 89' lang='lat' dir='ltr'><strong>cohibuit</strong></span> <span class='ocrx_word' id='word_1_500' title='bbox 2751 4100 2810 4144; x_wconf 88' lang='lat' dir='ltr'><strong>ut</strong></span> <span class='ocrx_word' id='word_1_501' title='bbox 2863 4103 2920 4144; x_wconf 87' lang='lat' dir='ltr'><strong>et</strong></span> <span class='ocrx_word' id='word_1_502' title='bbox 2974 4106 3286 4146; x_wconf 87' lang='lat' dir='ltr'><strong>sermonem</strong></span> <span class='ocrx_word' id='word_1_503' title='bbox 3328 4092 3542 4147; x_wconf 89' lang='lat' dir='ltr'><strong>ratione</strong></span> <span class='ocrx_word' id='word_1_504' title='bbox 3592 4094 4008 4160; x_wconf 84' lang='lat' dir='ltr'><strong>moderaretur,</strong></span> 
     </span>
    </p>
   </div>
   <div class='ocr_carea' id='block_1_70' title="bbox 2420 4182 4012 4252">
    <p class='ocr_par' dir='ltr' id='par_1_70' title="bbox 2420 4182 4012 4252">
     <span class='ocr_line' id='line_1_70' title="bbox 2420 4182 4012 4252; baseline 0.003 -16"><span class='ocrx_word' id='word_1_505' title='bbox 2420 4190 2479 4236; x_wconf 91' lang='lat' dir='ltr'><strong>ct</strong></span> <span class='ocrx_word' id='word_1_506' title='bbox 2525 4182 2810 4236; x_wconf 90' lang='lat' dir='ltr'><strong>silentium</strong></span> <span class='ocrx_word' id='word_1_507' title='bbox 2855 4183 3072 4252; x_wconf 88' lang='lat' dir='ltr'><strong>loquela</strong></span> <span class='ocrx_word' id='word_1_508' title='bbox 3110 4183 3484 4252; x_wconf 69' lang='lat' dir='ltr'><strong>prmstabilius</strong></span> <span class='ocrx_word' id='word_1_509' title='bbox 3513 4183 3781 4242; x_wconf 72' lang='lat' dir='ltr'><strong>efﬁceret.</strong></span> <span class='ocrx_word' id='word_1_510' title='bbox 3832 4185 4012 4241; x_wconf 87' lang='lat' dir='ltr'><strong>Istum</strong></span> 
     </span>
    </p>
   </div>
   <div class='ocr_carea' id='block_1_71' title="bbox 2423 4275 4010 4348">
    <p class='ocr_par' dir='ltr' id='par_1_71' title="bbox 2423 4275 4010 4348">
     <span class='ocr_line' id='line_1_71' title="bbox 2423 4275 4010 4348; baseline 0.007 -23"><span class='ocrx_word' id='word_1_511' title='bbox 2423 4281 2684 4342; x_wconf 90' lang='lat' dir='ltr'><strong>tanquam</strong></span> <span class='ocrx_word' id='word_1_512' title='bbox 2738 4282 2948 4327; x_wconf 86' lang='lat' dir='ltr'><strong>turrem</strong></span> <span class='ocrx_word' id='word_1_513' title='bbox 3001 4275 3437 4331; x_wconf 88' lang='lat' dir='ltr'><strong>munitissimam</strong></span> <span class='ocrx_word' id='word_1_514' title='bbox 3483 4293 3807 4348; x_wconf 86' lang='lat' dir='ltr'><strong>oppugnare</strong></span> <span class='ocrx_word' id='word_1_515' title='bbox 3854 4283 4010 4336; x_wconf 88' lang='lat' dir='ltr'><strong>omni</strong></span> 
     </span>
    </p>
   </div>
   <div class='ocr_carea' id='block_1_72' title="bbox 2423 4366 4012 4441">
    <p class='ocr_par' dir='ltr' id='par_1_72' title="bbox 2423 4366 4012 4441">
     <span class='ocr_line' id='line_1_72' title="bbox 2423 4366 4012 4441; baseline 0.007 -23"><span class='ocrx_word' id='word_1_516' title='bbox 2423 4366 2807 4420; x_wconf 88' lang='lat' dir='ltr'><strong>machinarum</strong></span> <span class='ocrx_word' id='word_1_517' title='bbox 2875 4381 3076 4436; x_wconf 85' lang='lat' dir='ltr'><strong>genere</strong></span> <span class='ocrx_word' id='word_1_518' title='bbox 3127 4383 3418 4438; x_wconf 85' lang='lat' dir='ltr'><strong>aggressus</strong></span> <span class='ocrx_word' id='word_1_519' title='bbox 3479 4379 3566 4426; x_wconf 90' lang='lat' dir='ltr'><strong>est</strong></span> <span class='ocrx_word' id='word_1_520' title='bbox 3633 4371 4012 4441; x_wconf 83' lang='lat' dir='ltr'><strong>Iustinianus,</strong></span> 
     </span>
    </p>
   </div>
   <div class='ocr_carea' id='block_1_73' title="bbox 2426 4457 4015 4528">
    <p class='ocr_par' dir='ltr' id='par_1_73' title="bbox 2426 4457 4015 4528">
     <span class='ocr_line' id='line_1_73' title="bbox 2426 4457 4015 4528; baseline 0.007 -18"><span class='ocrx_word' id='word_1_521' title='bbox 2426 4457 2559 4511; x_wconf 91' lang='lat' dir='ltr'><strong>illud</strong></span> <span class='ocrx_word' id='word_1_522' title='bbox 2594 4457 3201 4528; x_wconf 88' lang='lat' dir='ltr'><strong>scilicetcomplectens</strong></span> <span class='ocrx_word' id='word_1_523' title='bbox 3239 4460 3445 4527; x_wconf 90' lang='lat' dir='ltr'><strong>animo,</strong></span> <span class='ocrx_word' id='word_1_524' title='bbox 3477 4477 3535 4516; x_wconf 86' lang='lat' dir='ltr'><strong>se</strong></span> <span class='ocrx_word' id='word_1_525' title='bbox 3575 4462 3621 4517; x_wconf 88' lang='lat' dir='ltr'><strong>si</strong></span> <span class='ocrx_word' id='word_1_526' title='bbox 3653 4463 3821 4518; x_wconf 88' lang='lat' dir='ltr'><strong>istum</strong></span> <span class='ocrx_word' id='word_1_527' title='bbox 3851 4481 4015 4521; x_wconf 74' lang='lat' dir='ltr'><strong>ever-</strong></span> 
     </span>
    </p>
   </div>
   <div class='ocr_carea' id='block_1_74' title="bbox 2426 4551 4013 4625">
    <p class='ocr_par' dir='ltr' id='par_1_74' title="bbox 2426 4551 4013 4625">
     <span class='ocr_line' id='line_1_74' title="bbox 2426 4551 4013 4625; baseline 0.004 -20"><span class='ocrx_word' id='word_1_528' title='bbox 2426 4560 2588 4616; x_wconf 90' lang='lat' dir='ltr'><strong>teret,</strong></span> <span class='ocrx_word' id='word_1_529' title='bbox 2637 4551 2790 4604; x_wconf 90' lang='lat' dir='ltr'><strong>nullo</strong></span> <span class='ocrx_word' id='word_1_530' title='bbox 2833 4551 3020 4605; x_wconf 88' lang='lat' dir='ltr'><strong>labore</strong></span> <span class='ocrx_word' id='word_1_531' title='bbox 3050 4551 3328 4606; x_wconf 79' lang='lat' dir='ltr'><strong>civitatem</strong></span> <span class='ocrx_word' id='word_1_532' title='bbox 3375 4561 3545 4607; x_wconf 88' lang='lat' dir='ltr'><strong>totam</strong></span> <span class='ocrx_word' id='word_1_533' title='bbox 3576 4565 4013 4625; x_wconf 87' lang='lat' dir='ltr'><strong>occupaturum.</strong></span> 
     </span>
    </p>
   </div>
   <div class='ocr_carea' id='block_1_75' title="bbox 2425 4643 4013 4715">
    <p class='ocr_par' dir='ltr' id='par_1_75' title="bbox 2425 4643 4013 4715">
     <span class='ocr_line' id='line_1_75' title="bbox 2425 4643 4013 4715; baseline 0.004 -19"><span class='ocrx_word' id='word_1_534' title='bbox 2425 4653 2578 4697; x_wconf 90' lang='lat' dir='ltr'><strong>recta</strong></span> <span class='ocrx_word' id='word_1_535' title='bbox 2624 4643 2750 4697; x_wconf 89' lang='lat' dir='ltr'><strong>ﬁdei</strong></span> <span class='ocrx_word' id='word_1_536' title='bbox 2795 4643 3053 4712; x_wconf 88' lang='lat' dir='ltr'><strong>dogmata</strong></span> <span class='ocrx_word' id='word_1_537' title='bbox 3103 4644 3455 4698; x_wconf 84' lang='lat' dir='ltr'><strong>redacturum</strong></span> <span class='ocrx_word' id='word_1_538' title='bbox 3489 4657 3748 4715; x_wconf 89' lang='lat' dir='ltr'><strong>tanquam</strong></span> <span class='ocrx_word' id='word_1_539' title='bbox 3791 4649 3851 4703; x_wconf 91' lang='lat' dir='ltr'><strong>in</strong></span> <span class='ocrx_word' id='word_1_540' title='bbox 3889 4666 4013 4706; x_wconf 85' lang='lat' dir='ltr'><strong>ser-</strong></span> 
     </span>
    </p>
   </div>
   <div class='ocr_carea' id='block_1_76' title="bbox 2423 4733 4016 4806">
    <p class='ocr_par' dir='ltr' id='par_1_76' title="bbox 2423 4733 4016 4806">
     <span class='ocr_line' id='line_1_76' title="bbox 2423 4733 4016 4806; baseline 0.004 -18"><span class='ocrx_word' id='word_1_541' title='bbox 2423 4735 2678 4797; x_wconf 81' lang='lat' dir='ltr'><strong>vitutem,</strong></span> <span class='ocrx_word' id='word_1_542' title='bbox 2731 4743 2788 4788; x_wconf 92' lang='lat' dir='ltr'><strong>et</strong></span> <span class='ocrx_word' id='word_1_543' title='bbox 2821 4749 2952 4788; x_wconf 87' lang='lat' dir='ltr'><strong>oves</strong></span> <span class='ocrx_word' id='word_1_544' title='bbox 2980 4733 3186 4788; x_wconf 84' lang='lat' dir='ltr'><strong>Christi</strong></span> <span class='ocrx_word' id='word_1_545' title='bbox 3237 4734 3480 4806; x_wconf 89' lang='lat' dir='ltr'><strong>denique</strong></span> <span class='ocrx_word' id='word_1_546' title='bbox 3513 4737 3760 4806; x_wconf 81' lang='lat' dir='ltr'><strong>captivas</strong></span> <span class='ocrx_word' id='word_1_547' title='bbox 3805 4737 3882 4792; x_wconf 87' lang='lat' dir='ltr'><strong>ab</strong></span> <span class='ocrx_word' id='word_1_548' title='bbox 3911 4740 4016 4794; x_wconf 83' lang='lat' dir='ltr'><strong>Ec-</strong></span> 
     </span>
    </p>
   </div>
   <div class='ocr_carea' id='block_1_77' title="bbox 2425 4825 4011 4887">
    <p class='ocr_par' dir='ltr' id='par_1_77' title="bbox 2425 4825 4011 4887">
     <span class='ocr_line' id='line_1_77' title="bbox 2425 4825 4011 4887; baseline 0.004 -7"><span class='ocrx_word' id='word_1_549' title='bbox 2425 4826 2592 4880; x_wconf 90' lang='lat' dir='ltr'><strong>clesia</strong></span> <span class='ocrx_word' id='word_1_550' title='bbox 2625 4825 3018 4880; x_wconf 90' lang='lat' dir='ltr'><strong>abducturum.</strong></span> <span class='ocrx_word' id='word_1_551' title='bbox 3063 4826 3266 4881; x_wconf 81' lang='lat' dir='ltr'><strong>Verum</strong></span> <span class='ocrx_word' id='word_1_552' title='bbox 3314 4827 3640 4883; x_wconf 76' lang='lat' dir='ltr'><strong>Anastasius</strong></span> <span class='ocrx_word' id='word_1_553' title='bbox 3691 4829 3774 4885; x_wconf 84' lang='lat' dir='ltr'><strong>sic</strong></span> <span class='ocrx_word' id='word_1_554' title='bbox 3815 4830 4011 4887; x_wconf 83' lang='lat' dir='ltr'><strong>divina</strong></span> 
     </span>
    </p>
   </div>
   <div class='ocr_carea' id='block_1_78' title="bbox 2424 4916 4014 4990">
    <p class='ocr_par' dir='ltr' id='par_1_78' title="bbox 2424 4916 4014 4990">
     <span class='ocr_line' id='line_1_78' title="bbox 2424 4916 4014 4990; baseline 0.004 -20"><span class='ocrx_word' id='word_1_555' title='bbox 2424 4917 2660 4986; x_wconf 88' lang='lat' dir='ltr'><strong>quadam</strong></span> <span class='ocrx_word' id='word_1_556' title='bbox 2696 4916 2866 4970; x_wconf 89' lang='lat' dir='ltr'><strong>animi</strong></span> <span class='ocrx_word' id='word_1_557' title='bbox 2916 4917 3249 4971; x_wconf 86' lang='lat' dir='ltr'><strong>celsitudine</strong></span> <span class='ocrx_word' id='word_1_558' title='bbox 3293 4919 3473 4973; x_wconf 88' lang='lat' dir='ltr'><strong>elatus</strong></span> <span class='ocrx_word' id='word_1_559' title='bbox 3502 4918 3606 4972; x_wconf 81' lang='lat' dir='ltr'><strong>fuit</strong></span> <span class='ocrx_word' id='word_1_560' title='bbox 3636 4920 3786 4987; x_wconf 88' lang='lat' dir='ltr'><strong>(nam</strong></span> <span class='ocrx_word' id='word_1_561' title='bbox 3839 4936 4014 4990; x_wconf 86' lang='lat' dir='ltr'><strong>supra</strong></span> 
     </span>
    </p>
   </div>
   <div class='ocr_carea' id='block_1_79' title="bbox 2425 5008 4015 5082">
    <p class='ocr_par' dir='ltr' id='par_1_79' title="bbox 2425 5008 4015 5082">
     <span class='ocr_line' id='line_1_79' title="bbox 2425 5008 4015 5082; baseline 0.002 -20"><span class='ocrx_word' id='word_1_562' title='bbox 2425 5010 2638 5063; x_wconf 88' lang='lat' dir='ltr'><strong>ﬁrmam</strong></span> <span class='ocrx_word' id='word_1_563' title='bbox 2676 5008 2806 5062; x_wconf 90' lang='lat' dir='ltr'><strong>ﬁdei</strong></span> <span class='ocrx_word' id='word_1_564' title='bbox 2862 5015 3074 5078; x_wconf 87' lang='lat' dir='ltr'><strong>petram</strong></span> <span class='ocrx_word' id='word_1_565' title='bbox 3112 5008 3387 5079; x_wconf 87' lang='lat' dir='ltr'><strong>constitit)</strong></span> <span class='ocrx_word' id='word_1_566' title='bbox 3435 5018 3496 5064; x_wconf 87' lang='lat' dir='ltr'><strong>ut</strong></span> <span class='ocrx_word' id='word_1_567' title='bbox 3549 5009 3872 5066; x_wconf 89' lang='lat' dir='ltr'><strong>Iustiniano</strong></span> <span class='ocrx_word' id='word_1_568' title='bbox 3911 5027 4015 5082; x_wconf 83' lang='lat' dir='ltr'><strong>per</strong></span> 
     </span>
    </p>
   </div>
   <div class='ocr_carea' id='block_1_80' title="bbox 2425 5101 4011 5172">
    <p class='ocr_par' dir='ltr' id='par_1_80' title="bbox 2425 5101 4011 5172">
     <span class='ocr_line' id='line_1_80' title="bbox 2425 5101 4011 5172; baseline 0.002 -16"><span class='ocrx_word' id='word_1_569' title='bbox 2425 5103 2638 5157; x_wconf 84' lang='lat' dir='ltr'><strong>litteras</strong></span> <span class='ocrx_word' id='word_1_570' title='bbox 2690 5117 2820 5156; x_wconf 90' lang='lat' dir='ltr'><strong>suas</strong></span> <span class='ocrx_word' id='word_1_571' title='bbox 2879 5102 3055 5156; x_wconf 87' lang='lat' dir='ltr'><strong>libere</strong></span> <span class='ocrx_word' id='word_1_572' title='bbox 3103 5112 3158 5156; x_wconf 91' lang='lat' dir='ltr'><strong>et</strong></span> <span class='ocrx_word' id='word_1_573' title='bbox 3195 5111 3385 5172; x_wconf 91' lang='lat' dir='ltr'><strong>aperte</strong></span> <span class='ocrx_word' id='word_1_574' title='bbox 3423 5101 3860 5166; x_wconf 86' lang='lat' dir='ltr'><strong>contradiceret,</strong></span> <span class='ocrx_word' id='word_1_575' title='bbox 3893 5115 4011 5159; x_wconf 89' lang='lat' dir='ltr'><strong>tum</strong></span> 
     </span>
    </p>
   </div>
   <div class='ocr_carea' id='block_1_81' title="bbox 2425 5193 4013 5266">
    <p class='ocr_par' dir='ltr' id='par_1_81' title="bbox 2425 5193 4013 5266">
     <span class='ocr_line' id='line_1_81' title="bbox 2425 5193 4013 5266; baseline 0.003 -18"><span class='ocrx_word' id='word_1_576' title='bbox 2425 5195 2716 5266; x_wconf 85' lang='lat' dir='ltr'><strong>perspicue</strong></span> <span class='ocrx_word' id='word_1_577' title='bbox 2732 5193 3051 5260; x_wconf 90' lang='lat' dir='ltr'><strong>admodum,</strong></span> <span class='ocrx_word' id='word_1_578' title='bbox 3075 5203 3190 5249; x_wconf 90' lang='lat' dir='ltr'><strong>tum</strong></span> <span class='ocrx_word' id='word_1_579' title='bbox 3214 5195 3422 5249; x_wconf 88' lang='lat' dir='ltr'><strong>diserte</strong></span> <span class='ocrx_word' id='word_1_580' title='bbox 3437 5195 3758 5261; x_wconf 80' lang='lat' dir='ltr'><strong>ostendens,</strong></span> <span class='ocrx_word' id='word_1_581' title='bbox 3781 5197 4013 5252; x_wconf 81' lang='lat' dir='ltr'><strong>divinos</strong></span> 
     </span>
    </p>
   </div>
   <div class='ocr_carea' id='block_1_82' title="bbox 2423 5283 4011 5357">
    <p class='ocr_par' dir='ltr' id='par_1_82' title="bbox 2423 5283 4011 5357">
     <span class='ocr_line' id='line_1_82' title="bbox 2423 5283 4011 5357; baseline 0.001 -16"><span class='ocrx_word' id='word_1_582' title='bbox 2423 5285 2704 5356; x_wconf 89' lang='lat' dir='ltr'><strong>apostolos</strong></span> <span class='ocrx_word' id='word_1_583' title='bbox 2752 5292 2809 5338; x_wconf 92' lang='lat' dir='ltr'><strong>et</strong></span> <span class='ocrx_word' id='word_1_584' title='bbox 2844 5291 3066 5338; x_wconf 89' lang='lat' dir='ltr'><strong>sanctos</strong></span> <span class='ocrx_word' id='word_1_585' title='bbox 3097 5283 3291 5338; x_wconf 89' lang='lat' dir='ltr'><strong>Patres</strong></span> <span class='ocrx_word' id='word_1_586' title='bbox 3337 5283 3621 5340; x_wconf 85' lang='lat' dir='ltr'><strong>confessos</strong></span> <span class='ocrx_word' id='word_1_587' title='bbox 3674 5301 3801 5340; x_wconf 88' lang='lat' dir='ltr'><strong>esse</strong></span> <span class='ocrx_word' id='word_1_588' title='bbox 3837 5297 4011 5357; x_wconf 85' lang='lat' dir='ltr'><strong>atque</strong></span> 
     </span>
    </p>
   </div>
   <div class='ocr_carea' id='block_1_83' title="bbox 2425 5376 4010 5445">
    <p class='ocr_par' dir='ltr' id='par_1_83' title="bbox 2425 5376 4010 5445">
     <span class='ocr_line' id='line_1_83' title="bbox 2425 5376 4010 5445; baseline 0.003 -14"><span class='ocrx_word' id='word_1_589' title='bbox 2425 5377 2564 5432; x_wconf 91' lang='lat' dir='ltr'><strong>adeo</strong></span> <span class='ocrx_word' id='word_1_590' title='bbox 2613 5376 2927 5440; x_wconf 88' lang='lat' dir='ltr'><strong>tradidisse,</strong></span> <span class='ocrx_word' id='word_1_591' title='bbox 2976 5391 3180 5445; x_wconf 89' lang='lat' dir='ltr'><strong>corpus</strong></span> <span class='ocrx_word' id='word_1_592' title='bbox 3230 5377 3446 5430; x_wconf 88' lang='lat' dir='ltr'><strong>Domini</strong></span> <span class='ocrx_word' id='word_1_593' title='bbox 3500 5376 3875 5436; x_wconf 88' lang='lat' dir='ltr'><strong>internecioni</strong></span> <span class='ocrx_word' id='word_1_594' title='bbox 3906 5382 4010 5436; x_wconf 89' lang='lat' dir='ltr'><strong>ob-</strong></span> 
     </span>
    </p>
   </div>
   <div class='ocr_carea' id='block_1_84' title="bbox 2426 5468 4008 5538">
    <p class='ocr_par' dir='ltr' id='par_1_84' title="bbox 2426 5468 4008 5538">
     <span class='ocr_line' id='line_1_84' title="bbox 2426 5468 4008 5538; baseline 0.001 -15"><span class='ocrx_word' id='word_1_595' title='bbox 2426 5470 2652 5523; x_wconf 76' lang='lat' dir='ltr'><strong>noxium</strong></span> <span class='ocrx_word' id='word_1_596' title='bbox 2683 5468 2874 5532; x_wconf 79' lang='lat' dir='ltr'><strong>fuisse,</strong></span> <span class='ocrx_word' id='word_1_597' title='bbox 2905 5475 2962 5522; x_wconf 92' lang='lat' dir='ltr'><strong>et</strong></span> <span class='ocrx_word' id='word_1_598' title='bbox 2986 5468 3342 5523; x_wconf 84' lang='lat' dir='ltr'><strong>all&#39;ectiouum</strong></span> <span class='ocrx_word' id='word_1_599' title='bbox 3389 5483 3514 5538; x_wconf 81' lang='lat' dir='ltr'><strong>qua:</strong></span> <span class='ocrx_word' id='word_1_600' title='bbox 3549 5477 3680 5523; x_wconf 85' lang='lat' dir='ltr'><strong>sunt</strong></span> <span class='ocrx_word' id='word_1_601' title='bbox 3708 5480 3920 5526; x_wconf 86' lang='lat' dir='ltr'><strong>natura</strong></span> <span class='ocrx_word' id='word_1_602' title='bbox 3955 5474 4008 5525; x_wconf 91' lang='lat' dir='ltr'><strong>in</strong></span> 
     </span>
    </p>
   </div>
   <div class='ocr_carea' id='block_1_85' title="bbox 2425 5561 4009 5632">
    <p class='ocr_par' dir='ltr' id='par_1_85' title="bbox 2425 5561 4009 5632">
     <span class='ocr_line' id='line_1_85' title="bbox 2425 5561 4009 5632; baseline 0.003 -17"><span class='ocrx_word' id='word_1_603' title='bbox 2425 5561 2627 5616; x_wconf 89' lang='lat' dir='ltr'><strong>animis</strong></span> <span class='ocrx_word' id='word_1_604' title='bbox 2669 5561 2969 5631; x_wconf 64' lang='lat' dir='ltr'><strong>impressae,</strong></span> <span class='ocrx_word' id='word_1_605' title='bbox 3024 5576 3257 5632; x_wconf 71' lang='lat' dir='ltr'><strong>quaeque</strong></span> <span class='ocrx_word' id='word_1_606' title='bbox 3296 5561 3731 5632; x_wconf 85' lang='lat' dir='ltr'><strong>reprehensione</strong></span> <span class='ocrx_word' id='word_1_607' title='bbox 3785 5575 4009 5628; x_wconf 80' lang='lat' dir='ltr'><strong>carent,</strong></span> 
     </span>
    </p>
   </div>
   <div class='ocr_carea' id='block_1_86' title="bbox 2427 5650 4011 5726">
    <p class='ocr_par' dir='ltr' id='par_1_86' title="bbox 2427 5650 4011 5726">
     <span class='ocr_line' id='line_1_86' title="bbox 2427 5650 4011 5726; baseline 0.003 -19"><span class='ocrx_word' id='word_1_608' title='bbox 2427 5654 2718 5724; x_wconf 88' lang='lat' dir='ltr'><strong>particeps.</strong></span> <span class='ocrx_word' id='word_1_609' title='bbox 2767 5652 2974 5706; x_wconf 86' lang='lat' dir='ltr'><strong>Eodem</strong></span> <span class='ocrx_word' id='word_1_610' title='bbox 3021 5651 3186 5707; x_wconf 91' lang='lat' dir='ltr'><strong>modo</strong></span> <span class='ocrx_word' id='word_1_611' title='bbox 3229 5650 3398 5706; x_wconf 87' lang='lat' dir='ltr'><strong>etiam</strong></span> <span class='ocrx_word' id='word_1_612' title='bbox 3434 5653 3722 5709; x_wconf 87' lang='lat' dir='ltr'><strong>monachis</strong></span> <span class='ocrx_word' id='word_1_613' title='bbox 3778 5654 4011 5726; x_wconf 77' lang='lat' dir='ltr'><strong>Majoris</strong></span> 
     </span>
    </p>
   </div>
   <div class='ocr_carea' id='block_1_87' title="bbox 752 5745 4009 5827">
    <p class='ocr_par' dir='ltr' id='par_1_87' title="bbox 752 5745 4009 5827">
     <span class='ocr_line' id='line_1_87' title="bbox 752 5745 4009 5827; baseline 0 -26"><span class='ocrx_word' id='word_1_614' title='bbox 752 5746 808 5801; x_wconf 89' lang='lat' dir='ltr'><strong>in</strong></span> <span class='ocrx_word' id='word_1_615' title='bbox 855 5747 962 5801; x_wconf 89' lang='lat' dir='ltr'><strong>illis</strong></span> <span class='ocrx_word' id='word_1_616' title='bbox 996 5762 1026 5799; x_wconf 94' lang='lat' dir='ltr'><strong>a</strong></span> <span class='ocrx_word' id='word_1_617' title='bbox 1077 5749 1352 5802; x_wconf 88' lang='lat' dir='ltr'><strong>constanti</strong></span> <span class='ocrx_word' id='word_1_618' title='bbox 1392 5758 1448 5805; x_wconf 89' lang='lat' dir='ltr'><strong>ct</strong></span> <span class='ocrx_word' id='word_1_619' title='bbox 1480 5749 1663 5803; x_wconf 91' lang='lat' dir='ltr'><strong>stabili</strong></span> <span class='ocrx_word' id='word_1_620' title='bbox 1713 5749 1880 5803; x_wconf 87' lang='lat' dir='ltr'><strong>animi</strong></span> <span class='ocrx_word' id='word_1_621' title='bbox 1912 5750 1998 5803; x_wconf 91' lang='lat' dir='ltr'><strong>sui</strong></span> <span class='ocrx_word' id='word_1_622' title='bbox 2041 5751 2396 5827; x_wconf 75' lang='lat' dir='ltr'><strong>propositoc</strong></span> <span class='ocrx_word' id='word_1_623' title='bbox 2427 5756 2483 5802; x_wconf 92' lang='lat' dir='ltr'><strong>et</strong></span> <span class='ocrx_word' id='word_1_624' title='bbox 2533 5745 2759 5801; x_wconf 81' lang='lat' dir='ltr'><strong>Minoris</strong></span> <span class='ocrx_word' id='word_1_625' title='bbox 2816 5745 3004 5816; x_wconf 65' lang='lat' dir='ltr'><strong>Syriae,</strong></span> <span class='ocrx_word' id='word_1_626' title='bbox 3051 5749 3172 5818; x_wconf 87' lang='lat' dir='ltr'><strong>ejus</strong></span> <span class='ocrx_word' id='word_1_627' title='bbox 3218 5749 3286 5804; x_wconf 86' lang='lat' dir='ltr'><strong>de</strong></span> <span class='ocrx_word' id='word_1_628' title='bbox 3323 5750 3424 5803; x_wconf 86' lang='lat' dir='ltr'><strong>hac</strong></span> <span class='ocrx_word' id='word_1_629' title='bbox 3478 5762 3537 5800; x_wconf 88' lang='lat' dir='ltr'><strong>re</strong></span> <span class='ocrx_word' id='word_1_630' title='bbox 3583 5747 4009 5802; x_wconf 83' lang='lat' dir='ltr'><strong>sciscitantibus</strong></span> 
     </span>
    </p>
   </div>
   <div class='ocr_carea' id='block_1_88' title="bbox 751 5840 2311 5906">
    <p class='ocr_par' dir='ltr' id='par_1_88' title="bbox 751 5840 2311 5906">
     <span class='ocr_line' id='line_1_88' title="bbox 751 5840 2311 5906; baseline 0.002 -12"><span class='ocrx_word' id='word_1_631' title='bbox 751 5840 1015 5896; x_wconf 67' lang='lat' dir='ltr'><strong>(it‘t‘ctiCl‘t‘</strong></span> <span class='ocrx_word' id='word_1_632' title='bbox 1047 5842 1231 5906; x_wconf 65' lang='lat' dir='ltr'><strong>vellet,</strong></span> <span class='ocrx_word' id='word_1_633' title='bbox 1263 5842 1463 5898; x_wconf 90' lang='lat' dir='ltr'><strong>ncdum</strong></span> <span class='ocrx_word' id='word_1_634' title='bbox 1507 5842 1560 5897; x_wconf 89' lang='lat' dir='ltr'><strong>in</strong></span> <span class='ocrx_word' id='word_1_635' title='bbox 1591 5842 1758 5898; x_wconf 77' lang='lat' dir='ltr'><strong>rebus</strong></span> <span class='ocrx_word' id='word_1_636' title='bbox 1797 5843 2018 5898; x_wconf 76' lang='lat' dir='ltr'><strong>maximi</strong></span> <span class='ocrx_word' id='word_1_637' title='bbox 2051 5842 2311 5899; x_wconf 72' lang='lat' dir='ltr'><strong>momenti</strong></span> 
     </span>
    </p>
   </div>
   <div class='ocr_carea' id='block_1_89' title="bbox 2423 5839 4015 5912">
    <p class='ocr_par' dir='ltr' id='par_1_89' title="bbox 2423 5839 4015 5912">
     <span class='ocr_line' id='line_1_89' title="bbox 2423 5839 4015 5912; baseline 0.002 -18"><span class='ocrx_word' id='word_1_638' title='bbox 2423 5839 2779 5910; x_wconf 84' lang='lat' dir='ltr'><strong>sententiam,</strong></span> <span class='ocrx_word' id='word_1_639' title='bbox 2806 5840 3165 5912; x_wconf 70' lang='lat' dir='ltr'><strong>respondens.</strong></span> <span class='ocrx_word' id='word_1_640' title='bbox 3192 5841 3438 5898; x_wconf 87' lang='lat' dir='ltr'><strong>omnium</strong></span> <span class='ocrx_word' id='word_1_641' title='bbox 3471 5841 3765 5896; x_wconf 73' lang='lat' dir='ltr'><strong>conﬁrmm</strong></span> <span class='ocrx_word' id='word_1_642' title='bbox 3784 5840 3824 5896; x_wconf 91' lang='lat' dir='ltr'><strong>it</strong></span> <span class='ocrx_word' id='word_1_643' title='bbox 3855 5856 4015 5897; x_wconf 77' lang='lat' dir='ltr'><strong>mcn°</strong></span> 
     </span>
    </p>
   </div>
  </div>
