  <div class='ocr_page' id='page_1' title='image "/cluster/home/n/w/nwhite01/storage/ocr_20150623/89/nnc1.0046980172/677.png"; bbox 0 0 4190 6438; ppageno 0'>
   <div class='ocr_carea' id='block_1_1' title="bbox 727 367 862 428">
    <p class='ocr_par' dir='ltr' id='par_1_1' title="bbox 727 367 862 428">
     <span class='ocr_line' id='line_1_1' title="bbox 727 367 862 428; baseline 0.007 -1"><span class='ocrx_word' id='word_1_1' title='bbox 727 367 862 428; x_wconf 70' lang='lat'><strong>1303</strong></span> 
     </span>
    </p>
   </div>
   <div class='ocr_carea' id='block_1_2' title="bbox 1866 370 2890 429">
    <p class='ocr_par' dir='ltr' id='par_1_2' title="bbox 1866 370 2890 429">
     <span class='ocr_line' id='line_1_2' title="bbox 1866 370 2890 429; baseline 0.001 -2"><span class='ocrx_word' id='word_1_2' title='bbox 1866 372 1925 427; x_wconf 64' lang='grc' dir='ltr'><strong>ὃ.</strong></span> <span class='ocrx_word' id='word_1_3' title='bbox 1974 375 2013 426; x_wconf 88' lang='lat' dir='ltr'><strong>A</strong></span> <span class='ocrx_word' id='word_1_4' title='bbox 2028 370 2116 426; x_wconf 61' lang='lat' dir='ltr'><strong>VA</strong></span> <span class='ocrx_word' id='word_1_5' title='bbox 2128 370 2367 428; x_wconf 79' lang='lat' dir='ltr'><strong>STASII</strong></span> <span class='ocrx_word' id='word_1_6' title='bbox 2421 372 2848 429; x_wconf 69' lang='lat' dir='ltr'><strong>ANTIOCHEN</strong></span> <span class='ocrx_word' id='word_1_7' title='bbox 2862 372 2890 428; x_wconf 88' lang='lat' dir='ltr'><strong>f</strong></span> 
     </span>
    </p>
   </div>
   <div class='ocr_carea' id='block_1_3' title="bbox 3826 358 3970 421">
    <p class='ocr_par' dir='ltr' id='par_1_3' title="bbox 3826 358 3970 421">
     <span class='ocr_line' id='line_1_3' title="bbox 3826 358 3970 421; baseline -0.021 -1"><span class='ocrx_word' id='word_1_8' title='bbox 3826 358 3970 421; x_wconf 64' lang='grc'><strong>1304</strong></span> 
     </span>
    </p>
   </div>
   <div class='ocr_carea' id='block_1_4' title="bbox 721 476 3973 549">
    <p class='ocr_par' dir='ltr' id='par_1_4' title="bbox 721 476 3973 549">
     <span class='ocr_line' id='line_1_4' title="bbox 721 476 3973 549; baseline -0.002 -19"><span class='ocrx_word' id='word_1_9' title='bbox 721 479 918 546; x_wconf 76' lang='lat' dir='ltr'><strong>gaudia</strong></span> <span class='ocrx_word' id='word_1_10' title='bbox 955 476 1241 545; x_wconf 73' lang='lat' dir='ltr'><strong>perducat.</strong></span> <span class='ocrx_word' id='word_1_11' title='bbox 1279 499 1295 529; x_wconf 77' lang='grc' dir='ltr'><strong>ι</strong></span> <span class='ocrx_word' id='word_1_12' title='bbox 1333 477 1455 531; x_wconf 70' lang='lat' dir='ltr'><strong>[lare</strong></span> <span class='ocrx_word' id='word_1_13' title='bbox 1491 477 1563 532; x_wconf 90' lang='lat' dir='ltr'><strong>ibi</strong></span> <span class='ocrx_word' id='word_1_14' title='bbox 1591 476 1657 530; x_wconf 91' lang='lat' dir='ltr'><strong>ad</strong></span> <span class='ocrx_word' id='word_1_15' title='bbox 1687 479 2035 532; x_wconf 88' lang='lat' dir='ltr'><strong>Anastasium</strong></span> <span class='ocrx_word' id='word_1_16' title='bbox 2066 480 2285 546; x_wconf 86' lang='lat' dir='ltr'><strong>cpisco-</strong></span> <span class='ocrx_word' id='word_1_17' title='bbox 2313 486 2356 541; x_wconf 81' lang='grc' dir='ltr'><strong>Α</strong></span> <span class='ocrx_word' id='word_1_18' title='bbox 2390 481 2699 549; x_wconf 79' lang='lat' dir='ltr'><strong>patriarcha</strong></span> <span class='ocrx_word' id='word_1_19' title='bbox 2735 481 2937 541; x_wconf 87' lang='lat' dir='ltr'><strong>occiso,</strong></span> <span class='ocrx_word' id='word_1_20' title='bbox 2966 477 3145 531; x_wconf 88' lang='lat' dir='ltr'><strong>virilia</strong></span> <span class='ocrx_word' id='word_1_21' title='bbox 3175 477 3227 530; x_wconf 94' lang='lat' dir='ltr'><strong>in</strong></span> <span class='ocrx_word' id='word_1_22' title='bbox 3261 477 3380 544; x_wconf 81' lang='lat' dir='ltr'><strong>ejus</strong></span> <span class='ocrx_word' id='word_1_23' title='bbox 3407 489 3470 530; x_wconf 87' lang='lat' dir='ltr'><strong>os</strong></span> <span class='ocrx_word' id='word_1_24' title='bbox 3501 476 3874 533; x_wconf 83' lang='lat' dir='ltr'><strong>inseruerunt,</strong></span> <span class='ocrx_word' id='word_1_25' title='bbox 3907 479 3973 525; x_wconf 80' lang='lat' dir='ltr'><strong>et</strong></span> 
     </span>
    </p>
   </div>
   <div class='ocr_carea' id='block_1_5' title="bbox 725 570 2288 640">
    <p class='ocr_par' dir='ltr' id='par_1_5' title="bbox 725 570 2288 640">
     <span class='ocr_line' id='line_1_5' title="bbox 725 570 2288 640; baseline 0 -18"><span class='ocrx_word' id='word_1_26' title='bbox 725 585 853 638; x_wconf 85' lang='lat' dir='ltr'><strong>pum</strong></span> <span class='ocrx_word' id='word_1_27' title='bbox 875 570 1102 638; x_wconf 88' lang='lat' dir='ltr'><strong>scripta.</strong></span> <span class='ocrx_word' id='word_1_28' title='bbox 1132 586 1237 638; x_wconf 90' lang='lat' dir='ltr'><strong>qua</strong></span> <span class='ocrx_word' id='word_1_29' title='bbox 1266 570 1435 623; x_wconf 88' lang='lat' dir='ltr'><strong>videri</strong></span> <span class='ocrx_word' id='word_1_30' title='bbox 1469 580 1699 640; x_wconf 90' lang='lat' dir='ltr'><strong>possunt</strong></span> <span class='ocrx_word' id='word_1_31' title='bbox 1719 570 1816 623; x_wconf 95' lang='lat' dir='ltr'><strong>lib.</strong></span> <span class='ocrx_word' id='word_1_32' title='bbox 1847 587 1881 633; x_wconf 88' lang='lat' dir='ltr'><strong>I,</strong></span> <span class='ocrx_word' id='word_1_33' title='bbox 1909 586 1963 622; x_wconf 90' lang='grc' dir='ltr'>ιι.</span> <span class='ocrx_word' id='word_1_34' title='bbox 1993 570 2091 635; x_wconf 78' lang='grc'>49,</span> <span class='ocrx_word' id='word_1_35' title='bbox 2119 571 2213 622; x_wconf 86' lang='lat' dir='ltr'><strong>lib.</strong></span> <span class='ocrx_word' id='word_1_36' title='bbox 2234 586 2288 628; x_wconf 87' lang='grc' dir='ltr'>ιι,</span> 
     </span>
    </p>
   </div>
   <div class='ocr_carea' id='block_1_6' title="bbox 724 661 1939 726">
    <p class='ocr_par' dir='ltr' id='par_1_6' title="bbox 724 661 1939 726">
     <span class='ocr_line' id='line_1_6' title="bbox 724 661 1939 726; baseline 0.001 -13"><span class='ocrx_word' id='word_1_37' title='bbox 724 677 779 713; x_wconf 97' lang='grc' dir='ltr'>ιι.</span> <span class='ocrx_word' id='word_1_38' title='bbox 839 661 901 715; x_wconf 81' lang='grc'><strong>15</strong></span> <span class='ocrx_word' id='word_1_39' title='bbox 947 669 1003 715; x_wconf 86' lang='lat' dir='ltr'><strong>et</strong></span> <span class='ocrx_word' id='word_1_40' title='bbox 1050 663 1150 726; x_wconf 62' lang='lat'><strong>49;</strong></span> <span class='ocrx_word' id='word_1_41' title='bbox 1198 671 1252 715; x_wconf 93' lang='lat' dir='ltr'><strong>et</strong></span> <span class='ocrx_word' id='word_1_42' title='bbox 1292 663 1392 715; x_wconf 92' lang='lat' dir='ltr'><strong>lib.</strong></span> <span class='ocrx_word' id='word_1_43' title='bbox 1447 679 1520 726; x_wconf 83' lang='lat' dir='ltr'><strong>Iv,</strong></span> <span class='ocrx_word' id='word_1_44' title='bbox 1573 679 1629 716; x_wconf 88' lang='grc' dir='ltr'>ιι.</span> <span class='ocrx_word' id='word_1_45' title='bbox 1679 664 1700 715; x_wconf 98' lang='grc'><strong>1</strong></span> <span class='ocrx_word' id='word_1_46' title='bbox 1746 673 1800 716; x_wconf 90' lang='lat' dir='ltr'><strong>et</strong></span> <span class='ocrx_word' id='word_1_47' title='bbox 1850 663 1939 714; x_wconf 73' lang='grc'><strong>25.</strong></span> 
     </span>
    </p>
   </div>
   <div class='ocr_carea' id='block_1_7' title="bbox 793 753 2290 826">
    <p class='ocr_par' dir='ltr' id='par_1_7' title="bbox 793 753 2290 826">
     <span class='ocr_line' id='line_1_7' title="bbox 793 753 2290 826; baseline 0.001 -19"><span class='ocrx_word' id='word_1_48' title='bbox 793 753 906 808; x_wconf 84' lang='lat' dir='ltr'><strong>Nec</strong></span> <span class='ocrx_word' id='word_1_49' title='bbox 941 755 1036 808; x_wconf 93' lang='lat' dir='ltr'><strong>diu</strong></span> <span class='ocrx_word' id='word_1_50' title='bbox 1073 754 1576 824; x_wconf 84' lang='lat' dir='ltr'><strong>vixitpostmodum</strong></span> <span class='ocrx_word' id='word_1_51' title='bbox 1608 754 1931 809; x_wconf 75' lang='lat' dir='ltr'><strong>Anastasius</strong></span> <span class='ocrx_word' id='word_1_52' title='bbox 1961 756 2290 826; x_wconf 76' lang='lat' dir='ltr'><strong>patriarcha,</strong></span> 
     </span>
    </p>
   </div>
   <div class='ocr_carea' id='block_1_8' title="bbox 722 846 2296 916">
    <p class='ocr_par' dir='ltr' id='par_1_8' title="bbox 722 846 2296 916">
     <span class='ocr_line' id='line_1_8' title="bbox 722 846 2296 916; baseline 0.003 -18"><span class='ocrx_word' id='word_1_53' title='bbox 722 848 817 913; x_wconf 92' lang='lat' dir='ltr'><strong>qui</strong></span> <span class='ocrx_word' id='word_1_54' title='bbox 852 846 956 902; x_wconf 91' lang='lat' dir='ltr'><strong>hoc</strong></span> <span class='ocrx_word' id='word_1_55' title='bbox 983 847 1168 900; x_wconf 82' lang='lat' dir='ltr'><strong>forsan</strong></span> <span class='ocrx_word' id='word_1_56' title='bbox 1193 848 1374 902; x_wconf 93' lang='lat' dir='ltr'><strong>adhuc</strong></span> <span class='ocrx_word' id='word_1_57' title='bbox 1399 864 1543 901; x_wconf 93' lang='lat' dir='ltr'><strong>anno</strong></span> <span class='ocrx_word' id='word_1_58' title='bbox 1570 847 1673 902; x_wconf 85' lang='grc'>598</span> <span class='ocrx_word' id='word_1_59' title='bbox 1701 856 1798 900; x_wconf 89' lang='lat' dir='ltr'><strong>aut</strong></span> <span class='ocrx_word' id='word_1_60' title='bbox 1823 848 1982 902; x_wconf 90' lang='lat' dir='ltr'><strong>initio</strong></span> <span class='ocrx_word' id='word_1_61' title='bbox 2014 850 2296 916; x_wconf 83' lang='lat' dir='ltr'><strong>sequentis</strong></span> 
     </span>
    </p>
   </div>
   <div class='ocr_carea' id='block_1_9' title="bbox 723 940 2292 1009">
    <p class='ocr_par' dir='ltr' id='par_1_9' title="bbox 723 940 2292 1009">
     <span class='ocr_line' id='line_1_9' title="bbox 723 940 2292 1009; baseline 0.001 -18"><span class='ocrx_word' id='word_1_62' title='bbox 723 942 834 994; x_wconf 87' lang='lat' dir='ltr'><strong>vita</strong></span> <span class='ocrx_word' id='word_1_63' title='bbox 885 942 1128 1005; x_wconf 89' lang='lat' dir='ltr'><strong>functus,</strong></span> <span class='ocrx_word' id='word_1_64' title='bbox 1179 957 1340 994; x_wconf 93' lang='lat' dir='ltr'><strong>suum</strong></span> <span class='ocrx_word' id='word_1_65' title='bbox 1403 940 1838 1009; x_wconf 88' lang='lat' dir='ltr'><strong>patriarchatum</strong></span> <span class='ocrx_word' id='word_1_66' title='bbox 1904 941 2068 994; x_wconf 89' lang='lat' dir='ltr'><strong>cessit</strong></span> <span class='ocrx_word' id='word_1_67' title='bbox 2136 941 2292 994; x_wconf 84' lang='lat' dir='ltr'><strong>alteri</strong></span> 
     </span>
    </p>
   </div>
   <div class='ocr_carea' id='block_1_10' title="bbox 725 1033 2292 1103">
    <p class='ocr_par' dir='ltr' id='par_1_10' title="bbox 725 1033 2292 1103">
     <span class='ocr_line' id='line_1_10' title="bbox 725 1033 2292 1103; baseline 0 -15"><span class='ocrx_word' id='word_1_68' title='bbox 725 1034 1032 1098; x_wconf 82' lang='lat' dir='ltr'><strong>Anastasio,</strong></span> <span class='ocrx_word' id='word_1_69' title='bbox 1074 1051 1103 1087; x_wconf 92' lang='lat' dir='ltr'><strong>a</strong></span> <span class='ocrx_word' id='word_1_70' title='bbox 1154 1052 1266 1103; x_wconf 92' lang='lat' dir='ltr'><strong>quo</strong></span> <span class='ocrx_word' id='word_1_71' title='bbox 1299 1049 1422 1088; x_wconf 92' lang='lat' dir='ltr'><strong>cum</strong></span> <span class='ocrx_word' id='word_1_72' title='bbox 1455 1044 1680 1088; x_wconf 89' lang='lat' dir='ltr'><strong>sanctus</strong></span> <span class='ocrx_word' id='word_1_73' title='bbox 1713 1033 2008 1103; x_wconf 90' lang='lat' dir='ltr'><strong>Gregorius</strong></span> <span class='ocrx_word' id='word_1_74' title='bbox 2059 1050 2198 1102; x_wconf 88' lang='lat' dir='ltr'><strong>papa</strong></span> <span class='ocrx_word' id='word_1_75' title='bbox 2227 1051 2292 1088; x_wconf 79' lang='lat' dir='ltr'><strong>ex</strong></span> 
     </span>
    </p>
   </div>
   <div class='ocr_carea' id='block_1_11' title="bbox 727 1125 2291 1195">
    <p class='ocr_par' dir='ltr' id='par_1_11' title="bbox 727 1125 2291 1195">
     <span class='ocr_line' id='line_1_11' title="bbox 727 1125 2291 1195; baseline 0.003 -19"><span class='ocrx_word' id='word_1_76' title='bbox 727 1141 879 1179; x_wconf 89' lang='lat' dir='ltr'><strong>more</strong></span> <span class='ocrx_word' id='word_1_77' title='bbox 926 1125 1323 1194; x_wconf 92' lang='lat' dir='ltr'><strong>professionem</strong></span> <span class='ocrx_word' id='word_1_78' title='bbox 1385 1126 1512 1180; x_wconf 92' lang='lat' dir='ltr'><strong>ﬁdei</strong></span> <span class='ocrx_word' id='word_1_79' title='bbox 1560 1127 1886 1194; x_wconf 92' lang='lat' dir='ltr'><strong>accepisset,</strong></span> <span class='ocrx_word' id='word_1_80' title='bbox 1939 1127 2161 1195; x_wconf 84' lang='lat' dir='ltr'><strong>scripsit</strong></span> <span class='ocrx_word' id='word_1_81' title='bbox 2215 1127 2291 1180; x_wconf 90' lang='lat' dir='ltr'><strong>illi</strong></span> 
     </span>
    </p>
   </div>
   <div class='ocr_carea' id='block_1_12' title="bbox 723 1217 2295 1287">
    <p class='ocr_par' dir='ltr' id='par_1_12' title="bbox 723 1217 2295 1287">
     <span class='ocr_line' id='line_1_12' title="bbox 723 1217 2295 1287; baseline 0.001 -19"><span class='ocrx_word' id='word_1_82' title='bbox 723 1218 1013 1284; x_wconf 82' lang='lat' dir='ltr'><strong>epistolam</strong></span> <span class='ocrx_word' id='word_1_83' title='bbox 1065 1217 1366 1270; x_wconf 89' lang='lat' dir='ltr'><strong>indictione</strong></span> <span class='ocrx_word' id='word_1_84' title='bbox 1402 1219 1458 1280; x_wconf 75' lang='lat'><strong>2,</strong></span> <span class='ocrx_word' id='word_1_85' title='bbox 1487 1233 1632 1271; x_wconf 89' lang='lat' dir='ltr'><strong>anno</strong></span> <span class='ocrx_word' id='word_1_86' title='bbox 1657 1220 1780 1280; x_wconf 74' lang='lat'><strong>599,</strong></span> <span class='ocrx_word' id='word_1_87' title='bbox 1806 1234 1928 1287; x_wconf 79' lang='lat' dir='ltr'><strong>qua:</strong></span> <span class='ocrx_word' id='word_1_88' title='bbox 1971 1226 2056 1271; x_wconf 85' lang='lat' dir='ltr'><strong>est</strong></span> <span class='ocrx_word' id='word_1_89' title='bbox 2088 1219 2184 1272; x_wconf 85' lang='lat' dir='ltr'><strong>lib.</strong></span> <span class='ocrx_word' id='word_1_90' title='bbox 2226 1236 2295 1272; x_wconf 89' lang='lat' dir='ltr'><strong>vn</strong></span> 
     </span>
    </p>
   </div>
   <div class='ocr_carea' id='block_1_13' title="bbox 726 1307 2297 1380">
    <p class='ocr_par' dir='ltr' id='par_1_13' title="bbox 726 1307 2297 1380">
     <span class='ocr_line' id='line_1_13' title="bbox 726 1307 2297 1380; baseline 0.004 -20"><span class='ocrx_word' id='word_1_91' title='bbox 726 1307 952 1377; x_wconf 73' lang='lat' dir='ltr'><strong>Registri</strong></span> <span class='ocrx_word' id='word_1_92' title='bbox 995 1327 1115 1378; x_wconf 90' lang='lat' dir='ltr'><strong>cap.</strong></span> <span class='ocrx_word' id='word_1_93' title='bbox 1166 1312 1258 1364; x_wconf 75' lang='grc'><strong>47.</strong></span> <span class='ocrx_word' id='word_1_94' title='bbox 1306 1311 1604 1380; x_wconf 89' lang='lat' dir='ltr'><strong>Utriusque</strong></span> <span class='ocrx_word' id='word_1_95' title='bbox 1659 1313 1936 1366; x_wconf 82' lang='lat' dir='ltr'><strong>Anastasii</strong></span> <span class='ocrx_word' id='word_1_96' title='bbox 1971 1315 2178 1367; x_wconf 89' lang='lat' dir='ltr'><strong>mentio</strong></span> <span class='ocrx_word' id='word_1_97' title='bbox 2212 1321 2297 1367; x_wconf 80' lang='lat' dir='ltr'><strong>est</strong></span> 
     </span>
    </p>
   </div>
   <div class='ocr_carea' id='block_1_14' title="bbox 726 1400 2296 1472">
    <p class='ocr_par' dir='ltr' id='par_1_14' title="bbox 726 1400 2296 1472">
     <span class='ocr_line' id='line_1_14' title="bbox 726 1400 2296 1472; baseline 0.004 -20"><span class='ocrx_word' id='word_1_98' title='bbox 726 1400 782 1452; x_wconf 91' lang='lat' dir='ltr'><strong>in</strong></span> <span class='ocrx_word' id='word_1_99' title='bbox 834 1401 1034 1454; x_wconf 76' lang='lat' dir='ltr'><strong>tabulis</strong></span> <span class='ocrx_word' id='word_1_100' title='bbox 1066 1402 1288 1456; x_wconf 84' lang='lat' dir='ltr'><strong>insertis</strong></span> <span class='ocrx_word' id='word_1_101' title='bbox 1335 1403 1791 1472; x_wconf 75' lang='lat' dir='ltr'><strong>cbronographize</strong></span> <span class='ocrx_word' id='word_1_102' title='bbox 1838 1403 2213 1472; x_wconf 71' lang='lat' dir='ltr'><strong>Theophanis,</strong></span> <span class='ocrx_word' id='word_1_103' title='bbox 2241 1416 2296 1459; x_wconf 88' lang='lat' dir='ltr'><strong>et</strong></span> 
     </span>
    </p>
   </div>
   <div class='ocr_carea' id='block_1_15' title="bbox 725 1492 2294 1563">
    <p class='ocr_par' dir='ltr' id='par_1_15' title="bbox 725 1492 2294 1563">
     <span class='ocr_line' id='line_1_15' title="bbox 725 1492 2294 1563; baseline 0.004 -20"><span class='ocrx_word' id='word_1_104' title='bbox 725 1492 968 1560; x_wconf 89' lang='lat' dir='ltr'><strong>catalogo</strong></span> <span class='ocrx_word' id='word_1_105' title='bbox 991 1492 1376 1560; x_wconf 88' lang='lat' dir='ltr'><strong>episcoporum</strong></span> <span class='ocrx_word' id='word_1_106' title='bbox 1391 1493 1863 1548; x_wconf 86' lang='lat' dir='ltr'><strong>Antiochenorum</strong></span> <span class='ocrx_word' id='word_1_107' title='bbox 1887 1496 2028 1563; x_wconf 86' lang='lat' dir='ltr'><strong>apud</strong></span> <span class='ocrx_word' id='word_1_108' title='bbox 2048 1507 2294 1550; x_wconf 86' lang='lat' dir='ltr'><strong>sanctum</strong></span> 
     </span>
    </p>
   </div>
   <div class='ocr_carea' id='block_1_16' title="bbox 725 1582 2292 1654">
    <p class='ocr_par' dir='ltr' id='par_1_16' title="bbox 725 1582 2292 1654">
     <span class='ocr_line' id='line_1_16' title="bbox 725 1582 2292 1654; baseline 0.003 -19"><span class='ocrx_word' id='word_1_109' title='bbox 725 1582 1099 1650; x_wconf 84' lang='lat' dir='ltr'><strong>Nicephorum</strong></span> <span class='ocrx_word' id='word_1_110' title='bbox 1167 1584 1533 1650; x_wconf 88' lang='lat' dir='ltr'><strong>patriarcham</strong></span> <span class='ocrx_word' id='word_1_111' title='bbox 1593 1585 2292 1654; x_wconf 87' lang='lat' dir='ltr'><strong>Constantinopolitanum,</strong></span> 
     </span>
    </p>
   </div>
   <div class='ocr_carea' id='block_1_17' title="bbox 725 1671 2292 1744">
    <p class='ocr_par' dir='ltr' id='par_1_17' title="bbox 725 1671 2292 1744">
     <span class='ocr_line' id='line_1_17' title="bbox 725 1671 2292 1744; baseline 0.004 -22"><span class='ocrx_word' id='word_1_112' title='bbox 725 1678 890 1736; x_wconf 88' lang='lat' dir='ltr'><strong>atque</strong></span> <span class='ocrx_word' id='word_1_113' title='bbox 933 1671 988 1722; x_wconf 93' lang='lat' dir='ltr'><strong>in</strong></span> <span class='ocrx_word' id='word_1_114' title='bbox 1026 1672 1259 1723; x_wconf 80' lang='lat' dir='ltr'><strong>Historia</strong></span> <span class='ocrx_word' id='word_1_115' title='bbox 1303 1672 1655 1726; x_wconf 81' lang='lat' dir='ltr'><strong>ecclesiastica</strong></span> <span class='ocrx_word' id='word_1_116' title='bbox 1705 1675 2001 1744; x_wconf 86' lang='lat' dir='ltr'><strong>Nicephori</strong></span> <span class='ocrx_word' id='word_1_117' title='bbox 2055 1676 2292 1738; x_wconf 85' lang='lat' dir='ltr'><strong>Callisti,</strong></span> 
     </span>
    </p>
   </div>
   <div class='ocr_carea' id='block_1_18' title="bbox 726 1758 2296 1829">
    <p class='ocr_par' dir='ltr' id='par_1_18' title="bbox 726 1758 2296 1829">
     <span class='ocr_line' id='line_1_18' title="bbox 726 1758 2296 1829; baseline 0.006 -20"><span class='ocrx_word' id='word_1_118' title='bbox 726 1758 822 1826; x_wconf 92' lang='lat' dir='ltr'><strong>qui</strong></span> <span class='ocrx_word' id='word_1_119' title='bbox 870 1773 937 1810; x_wconf 72' lang='lat' dir='ltr'><strong>ex</strong></span> <span class='ocrx_word' id='word_1_120' title='bbox 989 1759 1241 1827; x_wconf 78' lang='lat' dir='ltr'><strong>Evagrio,</strong></span> <span class='ocrx_word' id='word_1_121' title='bbox 1288 1777 1410 1828; x_wconf 72' lang='lat' dir='ltr'><strong>qua:</strong></span> <span class='ocrx_word' id='word_1_122' title='bbox 1461 1777 1627 1829; x_wconf 87' lang='lat' dir='ltr'><strong>supra</strong></span> <span class='ocrx_word' id='word_1_123' title='bbox 1687 1761 1979 1825; x_wconf 87' lang='lat' dir='ltr'><strong>dedimus,</strong></span> <span class='ocrx_word' id='word_1_124' title='bbox 2034 1764 2296 1819; x_wconf 85' lang='lat' dir='ltr'><strong>describit</strong></span> 
     </span>
    </p>
   </div>
   <div class='ocr_carea' id='block_1_19' title="bbox 726 1845 2296 1924">
    <p class='ocr_par' dir='ltr' id='par_1_19' title="bbox 726 1845 2296 1924">
     <span class='ocr_line' id='line_1_19' title="bbox 726 1845 2296 1924; baseline 0.008 -27"><span class='ocrx_word' id='word_1_125' title='bbox 726 1845 763 1898; x_wconf 92' lang='grc' dir='ltr'><strong>Ι.</strong></span> <span class='ocrx_word' id='word_1_126' title='bbox 799 1860 930 1908; x_wconf 89' lang='lat' dir='ltr'><strong>xvu,</strong></span> <span class='ocrx_word' id='word_1_127' title='bbox 963 1861 1086 1916; x_wconf 93' lang='lat' dir='ltr'><strong>cap.</strong></span> <span class='ocrx_word' id='word_1_128' title='bbox 1109 1848 1177 1901; x_wconf 72' lang='lat'><strong>29</strong></span> <span class='ocrx_word' id='word_1_129' title='bbox 1208 1849 1310 1901; x_wconf 91' lang='lat' dir='ltr'><strong>sub</strong></span> <span class='ocrx_word' id='word_1_130' title='bbox 1337 1849 1521 1912; x_wconf 90' lang='lat' dir='ltr'><strong>ﬁnem,</strong></span> <span class='ocrx_word' id='word_1_131' title='bbox 1557 1866 1678 1918; x_wconf 91' lang='lat' dir='ltr'><strong>cap.</strong></span> <span class='ocrx_word' id='word_1_132' title='bbox 1704 1852 1774 1906; x_wconf 86' lang='grc'><strong>59</strong></span> <span class='ocrx_word' id='word_1_133' title='bbox 1805 1853 2041 1920; x_wconf 85' lang='lat' dir='ltr'><strong>integro,</strong></span> <span class='ocrx_word' id='word_1_134' title='bbox 2077 1856 2143 1908; x_wconf 87' lang='lat' dir='ltr'><strong>de</strong></span> <span class='ocrx_word' id='word_1_135' title='bbox 2176 1857 2296 1924; x_wconf 71' lang='lat' dir='ltr'><strong>ejus</strong></span> 
     </span>
    </p>
   </div>
   <div class='ocr_carea' id='block_1_20' title="bbox 727 1934 2294 2011">
    <p class='ocr_par' dir='ltr' id='par_1_20' title="bbox 727 1934 2294 2011">
     <span class='ocr_line' id='line_1_20' title="bbox 727 1934 2294 2011; baseline 0.009 -24"><span class='ocrx_word' id='word_1_136' title='bbox 727 1934 1072 2004; x_wconf 86' lang='lat' dir='ltr'><strong>depositione</strong></span> <span class='ocrx_word' id='word_1_137' title='bbox 1123 1955 1245 2008; x_wconf 89' lang='lat' dir='ltr'><strong>cap.</strong></span> <span class='ocrx_word' id='word_1_138' title='bbox 1302 1940 1390 2004; x_wconf 85' lang='grc'><strong>56,</strong></span> <span class='ocrx_word' id='word_1_139' title='bbox 1435 1949 1491 1994; x_wconf 89' lang='lat' dir='ltr'><strong>ct</strong></span> <span class='ocrx_word' id='word_1_140' title='bbox 1535 1942 1602 1994; x_wconf 92' lang='lat' dir='ltr'><strong>de</strong></span> <span class='ocrx_word' id='word_1_141' title='bbox 1632 1944 1974 1999; x_wconf 82' lang='lat' dir='ltr'><strong>restitutione</strong></span> <span class='ocrx_word' id='word_1_142' title='bbox 2017 1947 2113 1998; x_wconf 90' lang='lat' dir='ltr'><strong>lib.</strong></span> <span class='ocrx_word' id='word_1_143' title='bbox 2148 1963 2294 2011; x_wconf 82' lang='lat' dir='ltr'><strong>xvm,</strong></span> 
     </span>
    </p>
   </div>
   <div class='ocr_carea' id='block_1_21' title="bbox 728 2029 2292 2107">
    <p class='ocr_par' dir='ltr' id='par_1_21' title="bbox 728 2029 2292 2107">
     <span class='ocr_line' id='line_1_21' title="bbox 728 2029 2292 2107; baseline 0.008 -27"><span class='ocrx_word' id='word_1_144' title='bbox 728 2043 850 2097; x_wconf 87' lang='lat' dir='ltr'><strong>cap.</strong></span> <span class='ocrx_word' id='word_1_145' title='bbox 897 2029 986 2084; x_wconf 74' lang='lat'><strong>26.</strong></span> <span class='ocrx_word' id='word_1_146' title='bbox 1020 2030 1220 2083; x_wconf 83' lang='lat' dir='ltr'><strong>Verum</strong></span> <span class='ocrx_word' id='word_1_147' title='bbox 1266 2031 1570 2086; x_wconf 90' lang='lat' dir='ltr'><strong>destitutus</strong></span> <span class='ocrx_word' id='word_1_148' title='bbox 1637 2034 1788 2088; x_wconf 91' lang='lat' dir='ltr'><strong>dicto</strong></span> <span class='ocrx_word' id='word_1_149' title='bbox 1835 2036 1977 2090; x_wconf 90' lang='lat' dir='ltr'><strong>duce</strong></span> <span class='ocrx_word' id='word_1_150' title='bbox 2029 2039 2292 2107; x_wconf 76' lang='lat' dir='ltr'><strong>Evagrio,</strong></span> 
     </span>
    </p>
   </div>
   <div class='ocr_carea' id='block_1_22' title="bbox 729 2117 2294 2191">
    <p class='ocr_par' dir='ltr' id='par_1_22' title="bbox 729 2117 2294 2191">
     <span class='ocr_line' id='line_1_22' title="bbox 729 2117 2294 2191; baseline 0.006 -22"><span class='ocrx_word' id='word_1_151' title='bbox 729 2117 889 2183; x_wconf 91' lang='lat' dir='ltr'><strong>plane</strong></span> <span class='ocrx_word' id='word_1_152' title='bbox 918 2118 1156 2178; x_wconf 88' lang='lat' dir='ltr'><strong>aberrat.</strong></span> <span class='ocrx_word' id='word_1_153' title='bbox 1190 2119 1320 2172; x_wconf 90' lang='lat' dir='ltr'><strong>dum</strong></span> <span class='ocrx_word' id='word_1_154' title='bbox 1349 2136 1469 2190; x_wconf 89' lang='lat' dir='ltr'><strong>cap.</strong></span> <span class='ocrx_word' id='word_1_155' title='bbox 1500 2123 1568 2175; x_wconf 74' lang='grc'><strong>4-1</strong></span> <span class='ocrx_word' id='word_1_156' title='bbox 1601 2122 1732 2176; x_wconf 88' lang='lat' dir='ltr'><strong>dicti</strong></span> <span class='ocrx_word' id='word_1_157' title='bbox 1769 2124 1894 2176; x_wconf 92' lang='lat' dir='ltr'><strong>libri</strong></span> <span class='ocrx_word' id='word_1_158' title='bbox 1925 2142 2050 2179; x_wconf 78' lang='lat' dir='ltr'><strong>xvnt</strong></span> <span class='ocrx_word' id='word_1_159' title='bbox 2081 2127 2294 2191; x_wconf 91' lang='lat' dir='ltr'><strong>scribit,</strong></span> 
     </span>
    </p>
   </div>
   <div class='ocr_carea' id='block_1_23' title="bbox 729 2205 2298 2278">
    <p class='ocr_par' dir='ltr' id='par_1_23' title="bbox 729 2205 2298 2278">
     <span class='ocr_line' id='line_1_23' title="bbox 729 2205 2298 2278; baseline 0.004 -21"><span class='ocrx_word' id='word_1_160' title='bbox 729 2205 1081 2259; x_wconf 89' lang='lat' dir='ltr'><strong>Anastasiurn</strong></span> <span class='ocrx_word' id='word_1_161' title='bbox 1112 2207 1313 2260; x_wconf 84' lang='lat' dir='ltr'><strong>vixisse</strong></span> <span class='ocrx_word' id='word_1_162' title='bbox 1347 2209 1414 2260; x_wconf 90' lang='lat' dir='ltr'><strong>ad</strong></span> <span class='ocrx_word' id='word_1_163' title='bbox 1466 2217 1712 2276; x_wconf 89' lang='lat' dir='ltr'><strong>tempora</strong></span> <span class='ocrx_word' id='word_1_164' title='bbox 1745 2227 1919 2278; x_wconf 89' lang='lat' dir='ltr'><strong>usque</strong></span> <span class='ocrx_word' id='word_1_165' title='bbox 1971 2211 2164 2265; x_wconf 68' lang='lat' dir='ltr'><strong>l’bocze</strong></span> <span class='ocrx_word' id='word_1_166' title='bbox 2193 2214 2298 2264; x_wconf 79' lang='lat' dir='ltr'><strong>im-</strong></span> 
     </span>
    </p>
   </div>
   <div class='ocr_carea' id='block_1_24' title="bbox 731 2296 2297 2364">
    <p class='ocr_par' dir='ltr' id='par_1_24' title="bbox 731 2296 2297 2364">
     <span class='ocr_line' id='line_1_24' title="bbox 731 2296 2297 2364; baseline 0.005 -17"><span class='ocrx_word' id='word_1_167' title='bbox 731 2296 1033 2362; x_wconf 85' lang='lat' dir='ltr'><strong>peratoris;</strong></span> <span class='ocrx_word' id='word_1_168' title='bbox 1058 2313 1292 2364; x_wconf 90' lang='lat' dir='ltr'><strong>eumque</strong></span> <span class='ocrx_word' id='word_1_169' title='bbox 1322 2299 1670 2351; x_wconf 88' lang='lat' dir='ltr'><strong>interfectum</strong></span> <span class='ocrx_word' id='word_1_170' title='bbox 1699 2316 1729 2351; x_wconf 88' lang='lat' dir='ltr'><strong>a</strong></span> <span class='ocrx_word' id='word_1_171' title='bbox 1755 2300 1959 2353; x_wconf 74' lang='lat' dir='ltr'><strong>Judzeis</strong></span> <span class='ocrx_word' id='word_1_172' title='bbox 1986 2319 1998 2352; x_wconf 90' lang='lat'><strong>:</strong></span> <span class='ocrx_word' id='word_1_173' title='bbox 2026 2301 2130 2354; x_wconf 92' lang='lat' dir='ltr'><strong>hoc</strong></span> <span class='ocrx_word' id='word_1_174' title='bbox 2151 2302 2297 2355; x_wconf 90' lang='lat' dir='ltr'><strong>enim</strong></span> 
     </span>
    </p>
   </div>
   <div class='ocr_carea' id='block_1_25' title="bbox 734 2385 2302 2462">
    <p class='ocr_par' dir='ltr' id='par_1_25' title="bbox 734 2385 2302 2462">
     <span class='ocr_line' id='line_1_25' title="bbox 734 2385 2302 2462; baseline 0.007 -25"><span class='ocrx_word' id='word_1_175' title='bbox 734 2385 856 2454; x_wconf 88' lang='lat' dir='ltr'><strong>ejus</strong></span> <span class='ocrx_word' id='word_1_176' title='bbox 905 2387 1234 2447; x_wconf 90' lang='lat' dir='ltr'><strong>successori,</strong></span> <span class='ocrx_word' id='word_1_177' title='bbox 1285 2390 1452 2441; x_wconf 90' lang='lat' dir='ltr'><strong>etiam</strong></span> <span class='ocrx_word' id='word_1_178' title='bbox 1494 2390 1785 2443; x_wconf 79' lang='lat' dir='ltr'><strong>Anastasio</strong></span> <span class='ocrx_word' id='word_1_179' title='bbox 1835 2391 2006 2454; x_wconf 90' lang='lat' dir='ltr'><strong>dicto,</strong></span> <span class='ocrx_word' id='word_1_180' title='bbox 2070 2394 2302 2462; x_wconf 78' lang='lat' dir='ltr'><strong>contigit</strong></span> 
     </span>
    </p>
   </div>
   <div class='ocr_carea' id='block_1_26' title="bbox 733 2477 2302 2552">
    <p class='ocr_par' dir='ltr' id='par_1_26' title="bbox 733 2477 2302 2552">
     <span class='ocr_line' id='line_1_26' title="bbox 733 2477 2302 2552; baseline 0.008 -24"><span class='ocrx_word' id='word_1_181' title='bbox 733 2491 825 2529; x_wconf 80' lang='lat' dir='ltr'><strong>an.</strong></span> <span class='ocrx_word' id='word_1_182' title='bbox 877 2477 907 2529; x_wconf 86' lang='lat'><strong>7</strong></span> <span class='ocrx_word' id='word_1_183' title='bbox 945 2478 1160 2545; x_wconf 90' lang='lat' dir='ltr'><strong>imperii</strong></span> <span class='ocrx_word' id='word_1_184' title='bbox 1209 2480 1425 2542; x_wconf 71' lang='lat' dir='ltr'><strong>Phocan,</strong></span> <span class='ocrx_word' id='word_1_185' title='bbox 1483 2481 1550 2533; x_wconf 88' lang='lat' dir='ltr'><strong>ad</strong></span> <span class='ocrx_word' id='word_1_186' title='bbox 1604 2498 1769 2550; x_wconf 88' lang='lat' dir='ltr'><strong>quem</strong></span> <span class='ocrx_word' id='word_1_187' title='bbox 1817 2483 2181 2552; x_wconf 86' lang='lat' dir='ltr'><strong>Theophanes</strong></span> <span class='ocrx_word' id='word_1_188' title='bbox 2229 2485 2302 2540; x_wconf 86' lang='lat' dir='ltr'><strong>ita</strong></span> 
     </span>
    </p>
   </div>
   <div class='ocr_carea' id='block_1_27' title="bbox 735 2565 2304 2634">
    <p class='ocr_par' dir='ltr' id='par_1_27' title="bbox 735 2565 2304 2634">
     <span class='ocr_line' id='line_1_27' title="bbox 735 2565 2304 2634; baseline 0.006 -16"><span class='ocrx_word' id='word_1_189' title='bbox 735 2565 934 2620; x_wconf 81' lang='lat' dir='ltr'><strong>scribit</strong></span> <span class='ocrx_word' id='word_1_190' title='bbox 957 2586 970 2619; x_wconf 89' lang='lat'>:</span> <span class='ocrx_word' id='word_1_191' title='bbox 997 2587 1015 2618; x_wconf 80' lang='grc' dir='ltr'><strong>ι</strong></span> <span class='ocrx_word' id='word_1_192' title='bbox 1039 2569 1152 2621; x_wconf 87' lang='lat' dir='ltr'><strong>lloc</strong></span> <span class='ocrx_word' id='word_1_193' title='bbox 1173 2585 1339 2630; x_wconf 91' lang='lat' dir='ltr'><strong>anno,</strong></span> <span class='ocrx_word' id='word_1_194' title='bbox 1361 2569 1635 2623; x_wconf 89' lang='lat' dir='ltr'><strong>seditione</strong></span> <span class='ocrx_word' id='word_1_195' title='bbox 1661 2581 1828 2634; x_wconf 89' lang='lat' dir='ltr'><strong>mota,</strong></span> <span class='ocrx_word' id='word_1_196' title='bbox 1862 2572 2074 2626; x_wconf 70' lang='lat' dir='ltr'><strong>Hebraei</strong></span> <span class='ocrx_word' id='word_1_197' title='bbox 2106 2576 2304 2628; x_wconf 86' lang='lat' dir='ltr'><strong>Antio-</strong></span> 
     </span>
    </p>
   </div>
   <div class='ocr_carea' id='block_1_28' title="bbox 736 2658 2306 2733">
    <p class='ocr_par' dir='ltr' id='par_1_28' title="bbox 736 2658 2306 2733">
     <span class='ocr_line' id='line_1_28' title="bbox 736 2658 2306 2733; baseline 0.005 -21"><span class='ocrx_word' id='word_1_198' title='bbox 736 2658 896 2712; x_wconf 88' lang='lat' dir='ltr'><strong>ebeni</strong></span> <span class='ocrx_word' id='word_1_199' title='bbox 915 2661 1230 2714; x_wconf 91' lang='lat' dir='ltr'><strong>tumultuati</strong></span> <span class='ocrx_word' id='word_1_200' title='bbox 1248 2671 1396 2724; x_wconf 87' lang='lat' dir='ltr'><strong>sunt,</strong></span> <span class='ocrx_word' id='word_1_201' title='bbox 1413 2670 1467 2715; x_wconf 91' lang='lat' dir='ltr'><strong>et</strong></span> <span class='ocrx_word' id='word_1_202' title='bbox 1487 2662 1774 2717; x_wconf 85' lang='lat' dir='ltr'><strong>Anastasio</strong></span> <span class='ocrx_word' id='word_1_203' title='bbox 1795 2664 1987 2733; x_wconf 81' lang='lat' dir='ltr'><strong>Magno</strong></span> <span class='ocrx_word' id='word_1_204' title='bbox 2003 2665 2306 2720; x_wconf 69' lang='lat' dir='ltr'><strong>Antiochiae</strong></span> 
     </span>
    </p>
   </div>
   <div class='ocr_carea' id='block_1_29' title="bbox 2394 566 3964 641">
    <p class='ocr_par' dir='ltr' id='par_1_29' title="bbox 2394 566 3964 641">
     <span class='ocr_line' id='line_1_29' title="bbox 2394 566 3964 641; baseline -0.006 -16"><span class='ocrx_word' id='word_1_205' title='bbox 2394 589 2493 641; x_wconf 89' lang='lat' dir='ltr'><strong>per</strong></span> <span class='ocrx_word' id='word_1_206' title='bbox 2547 573 2753 626; x_wconf 88' lang='lat' dir='ltr'><strong>medias</strong></span> <span class='ocrx_word' id='word_1_207' title='bbox 2787 572 2941 625; x_wconf 87' lang='lat' dir='ltr'><strong>urbis</strong></span> <span class='ocrx_word' id='word_1_208' title='bbox 2994 571 3112 623; x_wconf 89' lang='lat' dir='ltr'><strong>vias</strong></span> <span class='ocrx_word' id='word_1_209' title='bbox 3169 578 3444 638; x_wconf 84' lang='lat' dir='ltr'><strong>raptatum</strong></span> <span class='ocrx_word' id='word_1_210' title='bbox 3493 566 3912 620; x_wconf 82' lang='lat' dir='ltr'><strong>interfecerunt.</strong></span> <span class='ocrx_word' id='word_1_211' title='bbox 3942 581 3964 614; x_wconf 75' lang='grc' dir='ltr'><strong>ι</strong></span> 
     </span>
    </p>
   </div>
   <div class='ocr_carea' id='block_1_30' title="bbox 2395 656 3972 725">
    <p class='ocr_par' dir='ltr' id='par_1_30' title="bbox 2395 656 3972 725">
     <span class='ocr_line' id='line_1_30' title="bbox 2395 656 3972 725; baseline -0.008 -5"><span class='ocrx_word' id='word_1_212' title='bbox 2395 665 2682 720; x_wconf 90' lang='lat' dir='ltr'><strong>Secundus</strong></span> <span class='ocrx_word' id='word_1_213' title='bbox 2744 665 2846 719; x_wconf 90' lang='lat' dir='ltr'><strong>iste</strong></span> <span class='ocrx_word' id='word_1_214' title='bbox 2901 664 3226 718; x_wconf 81' lang='lat' dir='ltr'><strong>Anastasius</strong></span> <span class='ocrx_word' id='word_1_215' title='bbox 3262 664 3317 715; x_wconf 90' lang='lat' dir='ltr'><strong>in</strong></span> <span class='ocrx_word' id='word_1_216' title='bbox 3351 660 3556 713; x_wconf 91' lang='lat' dir='ltr'><strong>tabulis</strong></span> <span class='ocrx_word' id='word_1_217' title='bbox 3605 656 3972 725; x_wconf 86' lang='lat' dir='ltr'><strong>Theophanis</strong></span> 
     </span>
    </p>
   </div>
   <div class='ocr_carea' id='block_1_31' title="bbox 2393 749 3969 828">
    <p class='ocr_par' dir='ltr' id='par_1_31' title="bbox 2393 749 3969 828">
     <span class='ocr_line' id='line_1_31' title="bbox 2393 749 3969 828; baseline -0.009 -14"><span class='ocrx_word' id='word_1_218' title='bbox 2393 760 2752 814; x_wconf 90' lang='lat' dir='ltr'><strong>substituitur</strong></span> <span class='ocrx_word' id='word_1_219' title='bbox 2786 759 2957 828; x_wconf 89' lang='lat' dir='ltr'><strong>priori</strong></span> <span class='ocrx_word' id='word_1_220' title='bbox 3015 757 3081 810; x_wconf 87' lang='lat' dir='ltr'><strong>ad</strong></span> <span class='ocrx_word' id='word_1_221' title='bbox 3118 772 3247 809; x_wconf 90' lang='lat' dir='ltr'><strong>ann.</strong></span> <span class='ocrx_word' id='word_1_222' title='bbox 3313 755 3380 808; x_wconf 89' lang='grc'>19</span> <span class='ocrx_word' id='word_1_223' title='bbox 3431 752 3646 822; x_wconf 89' lang='lat' dir='ltr'><strong>imperii</strong></span> <span class='ocrx_word' id='word_1_224' title='bbox 3680 749 3922 804; x_wconf 83' lang='lat' dir='ltr'><strong>Mauritii</strong></span> <span class='ocrx_word' id='word_1_225' title='bbox 3953 766 3969 800; x_wconf 92' lang='lat'>:</span> 
     </span>
    </p>
   </div>
   <div class='ocr_carea' id='block_1_32' title="bbox 2393 844 3972 918">
    <p class='ocr_par' dir='ltr' id='par_1_32' title="bbox 2393 844 3972 918">
     <span class='ocr_line' id='line_1_32' title="bbox 2393 844 3972 918; baseline -0.009 -11"><span class='ocrx_word' id='word_1_226' title='bbox 2393 852 2662 906; x_wconf 67' lang='lat' dir='ltr'><strong>Caeterum</strong></span> <span class='ocrx_word' id='word_1_227' title='bbox 2695 850 2784 904; x_wconf 92' lang='lat' dir='ltr'><strong>hic</strong></span> <span class='ocrx_word' id='word_1_228' title='bbox 2813 866 2991 913; x_wconf 82' lang='lat' dir='ltr'><strong>error,</strong></span> <span class='ocrx_word' id='word_1_229' title='bbox 3034 866 3144 918; x_wconf 93' lang='lat' dir='ltr'><strong>quo</strong></span> <span class='ocrx_word' id='word_1_230' title='bbox 3181 849 3322 902; x_wconf 91' lang='lat' dir='ltr'><strong>duos</strong></span> <span class='ocrx_word' id='word_1_231' title='bbox 3352 845 3669 899; x_wconf 73' lang='lat' dir='ltr'><strong>Anastasios</strong></span> <span class='ocrx_word' id='word_1_232' title='bbox 3704 844 3759 895; x_wconf 91' lang='lat' dir='ltr'><strong>in</strong></span> <span class='ocrx_word' id='word_1_233' title='bbox 3793 856 3972 894; x_wconf 87' lang='lat' dir='ltr'><strong>unum</strong></span> 
     </span>
    </p>
   </div>
   <div class='ocr_carea' id='block_1_33' title="bbox 2396 934 3972 1010">
    <p class='ocr_par' dir='ltr' id='par_1_33' title="bbox 2396 934 3972 1010">
     <span class='ocr_line' id='line_1_33' title="bbox 2396 934 3972 1010; baseline -0.01 -12"><span class='ocrx_word' id='word_1_234' title='bbox 2396 943 2655 998; x_wconf 85' lang='lat' dir='ltr'><strong>conﬂavit</strong></span> <span class='ocrx_word' id='word_1_235' title='bbox 2702 943 3066 1010; x_wconf 88' lang='lat' dir='ltr'><strong>Nicephorus,</strong></span> <span class='ocrx_word' id='word_1_236' title='bbox 3102 939 3281 1009; x_wconf 90' lang='lat' dir='ltr'><strong>potuit</strong></span> <span class='ocrx_word' id='word_1_237' title='bbox 3327 954 3357 991; x_wconf 94' lang='lat' dir='ltr'><strong>a</strong></span> <span class='ocrx_word' id='word_1_238' title='bbox 3389 937 3580 990; x_wconf 90' lang='lat' dir='ltr'><strong>multis</strong></span> <span class='ocrx_word' id='word_1_239' title='bbox 3605 934 3827 988; x_wconf 81' lang='lat' dir='ltr'><strong>facilius</strong></span> <span class='ocrx_word' id='word_1_240' title='bbox 3863 947 3972 985; x_wconf 83' lang='lat' dir='ltr'><strong>no-</strong></span> 
     </span>
    </p>
   </div>
   <div class='ocr_carea' id='block_1_34' title="bbox 2399 1025 3975 1105">
    <p class='ocr_par' dir='ltr' id='par_1_34' title="bbox 2399 1025 3975 1105">
     <span class='ocr_line' id='line_1_34' title="bbox 2399 1025 3975 1105; baseline -0.011 -13"><span class='ocrx_word' id='word_1_241' title='bbox 2399 1038 2522 1099; x_wconf 90' lang='lat' dir='ltr'><strong>tari,</strong></span> <span class='ocrx_word' id='word_1_242' title='bbox 2574 1052 2737 1105; x_wconf 89' lang='lat' dir='ltr'><strong>quam</strong></span> <span class='ocrx_word' id='word_1_243' title='bbox 2772 1035 2911 1088; x_wconf 89' lang='lat' dir='ltr'><strong>alius</strong></span> <span class='ocrx_word' id='word_1_244' title='bbox 2949 1034 3016 1086; x_wconf 88' lang='lat' dir='ltr'><strong>ab</strong></span> <span class='ocrx_word' id='word_1_245' title='bbox 3063 1033 3256 1086; x_wconf 91' lang='lat' dir='ltr'><strong>eodem</strong></span> <span class='ocrx_word' id='word_1_246' title='bbox 3310 1029 3639 1084; x_wconf 89' lang='lat' dir='ltr'><strong>commissus</strong></span> <span class='ocrx_word' id='word_1_247' title='bbox 3680 1029 3732 1080; x_wconf 93' lang='lat' dir='ltr'><strong>in</strong></span> <span class='ocrx_word' id='word_1_248' title='bbox 3781 1025 3975 1094; x_wconf 89' lang='lat' dir='ltr'><strong>priore</strong></span> 
     </span>
    </p>
   </div>
   <div class='ocr_carea' id='block_1_35' title="bbox 2399 1115 3971 1191">
    <p class='ocr_par' dir='ltr' id='par_1_35' title="bbox 2399 1115 3971 1191">
     <span class='ocr_line' id='line_1_35' title="bbox 2399 1115 3971 1191; baseline -0.011 -9"><span class='ocrx_word' id='word_1_249' title='bbox 2399 1129 2706 1191; x_wconf 85' lang='lat' dir='ltr'><strong>Anastasio,</strong></span> <span class='ocrx_word' id='word_1_250' title='bbox 2763 1127 2984 1191; x_wconf 90' lang='lat' dir='ltr'><strong>quando</strong></span> <span class='ocrx_word' id='word_1_251' title='bbox 3025 1140 3152 1178; x_wconf 92' lang='lat' dir='ltr'><strong>eum</strong></span> <span class='ocrx_word' id='word_1_252' title='bbox 3199 1133 3257 1176; x_wconf 88' lang='lat' dir='ltr'><strong>et</strong></span> <span class='ocrx_word' id='word_1_253' title='bbox 3311 1129 3563 1175; x_wconf 91' lang='lat' dir='ltr'><strong>sanctum</strong></span> <span class='ocrx_word' id='word_1_254' title='bbox 3615 1115 3971 1170; x_wconf 87' lang='lat' dir='ltr'><strong>Anastasium</strong></span> 
     </span>
    </p>
   </div>
   <div class='ocr_carea' id='block_1_36' title="bbox 2399 1204 3973 1278">
    <p class='ocr_par' dir='ltr' id='par_1_36' title="bbox 2399 1204 3973 1278">
     <span class='ocr_line' id='line_1_36' title="bbox 2399 1204 3973 1278; baseline -0.011 -5"><span class='ocrx_word' id='word_1_255' title='bbox 2399 1220 2728 1273; x_wconf 87' lang='lat' dir='ltr'><strong>monachum</strong></span> <span class='ocrx_word' id='word_1_256' title='bbox 2785 1218 3052 1272; x_wconf 87' lang='lat' dir='ltr'><strong>Sinaitam</strong></span> <span class='ocrx_word' id='word_1_257' title='bbox 3100 1231 3269 1268; x_wconf 89' lang='lat' dir='ltr'><strong>unum</strong></span> <span class='ocrx_word' id='word_1_258' title='bbox 3317 1211 3685 1278; x_wconf 88' lang='lat' dir='ltr'><strong>eumdemque</strong></span> <span class='ocrx_word' id='word_1_259' title='bbox 3721 1207 3876 1260; x_wconf 91' lang='lat' dir='ltr'><strong>fecit.</strong></span> <span class='ocrx_word' id='word_1_260' title='bbox 3911 1204 3973 1259; x_wconf 84' lang='lat' dir='ltr'><strong>1d</strong></span> 
     </span>
    </p>
   </div>
   <div class='ocr_carea' id='block_1_37' title="bbox 2397 1298 3974 1378">
    <p class='ocr_par' dir='ltr' id='par_1_37' title="bbox 2397 1298 3974 1378">
     <span class='ocr_line' id='line_1_37' title="bbox 2397 1298 3974 1378; baseline -0.01 -13"><span class='ocrx_word' id='word_1_261' title='bbox 2397 1321 2578 1365; x_wconf 91' lang='lat' dir='ltr'><strong>autem</strong></span> <span class='ocrx_word' id='word_1_262' title='bbox 2613 1311 2761 1371; x_wconf 86' lang='lat' dir='ltr'><strong>fecit,</strong></span> <span class='ocrx_word' id='word_1_263' title='bbox 2816 1319 2875 1362; x_wconf 93' lang='lat' dir='ltr'><strong>ut</strong></span> <span class='ocrx_word' id='word_1_264' title='bbox 2922 1311 3032 1378; x_wconf 90' lang='lat' dir='ltr'><strong>jam</strong></span> <span class='ocrx_word' id='word_1_265' title='bbox 3075 1307 3414 1366; x_wconf 89' lang='lat' dir='ltr'><strong>monuimus,</strong></span> <span class='ocrx_word' id='word_1_266' title='bbox 3446 1304 3578 1355; x_wconf 91' lang='lat' dir='ltr'><strong>dum</strong></span> <span class='ocrx_word' id='word_1_267' title='bbox 3611 1298 3880 1355; x_wconf 87' lang='lat' dir='ltr'><strong>describit</strong></span> <span class='ocrx_word' id='word_1_268' title='bbox 3903 1313 3974 1350; x_wconf 79' lang='lat' dir='ltr'><strong>ex</strong></span> 
     </span>
    </p>
   </div>
   <div class='ocr_carea' id='block_1_38' title="bbox 2401 1388 3978 1471">
    <p class='ocr_par' dir='ltr' id='par_1_38' title="bbox 2401 1388 3978 1471">
     <span class='ocr_line' id='line_1_38' title="bbox 2401 1388 3978 1471; baseline -0.011 -15"><span class='ocrx_word' id='word_1_269' title='bbox 2401 1402 2614 1471; x_wconf 78' lang='lat' dir='ltr'><strong>Evagrii</strong></span> <span class='ocrx_word' id='word_1_270' title='bbox 2666 1401 2898 1454; x_wconf 80' lang='lat' dir='ltr'><strong>Historia</strong></span> <span class='ocrx_word' id='word_1_271' title='bbox 2957 1407 3122 1468; x_wconf 88' lang='lat' dir='ltr'><strong>caput</strong></span> <span class='ocrx_word' id='word_1_272' title='bbox 3167 1399 3234 1450; x_wconf 83' lang='grc'><strong>59</strong></span> <span class='ocrx_word' id='word_1_273' title='bbox 3294 1394 3420 1449; x_wconf 91' lang='lat' dir='ltr'><strong>libri</strong></span> <span class='ocrx_word' id='word_1_274' title='bbox 3467 1411 3562 1456; x_wconf 86' lang='grc' dir='ltr'><strong>ιν,</strong></span> <span class='ocrx_word' id='word_1_275' title='bbox 3623 1388 3978 1444; x_wconf 83' lang='lat' dir='ltr'><strong>inunutando</strong></span> 
     </span>
    </p>
   </div>
   <div class='ocr_carea' id='block_1_39' title="bbox 2399 1480 3977 1555">
    <p class='ocr_par' dir='ltr' id='par_1_39' title="bbox 2399 1480 3977 1555">
     <span class='ocr_line' id='line_1_39' title="bbox 2399 1480 3977 1555; baseline -0.011 -10"><span class='ocrx_word' id='word_1_276' title='bbox 2399 1494 2648 1553; x_wconf 88' lang='lat' dir='ltr'><strong>titulunr;</strong></span> <span class='ocrx_word' id='word_1_277' title='bbox 2695 1500 2750 1543; x_wconf 94' lang='lat' dir='ltr'><strong>et</strong></span> <span class='ocrx_word' id='word_1_278' title='bbox 2783 1504 2906 1542; x_wconf 81' lang='lat' dir='ltr'><strong>cum</strong></span> <span class='ocrx_word' id='word_1_279' title='bbox 2959 1488 3230 1555; x_wconf 83' lang='lat' dir='ltr'><strong>Evagrius</strong></span> <span class='ocrx_word' id='word_1_280' title='bbox 3265 1487 3410 1539; x_wconf 92' lang='lat' dir='ltr'><strong>hunc</strong></span> <span class='ocrx_word' id='word_1_281' title='bbox 3439 1490 3808 1553; x_wconf 68' lang='lat' dir='ltr'><strong>praeponeret,</strong></span> <span class='ocrx_word' id='word_1_282' title='bbox 3837 1480 3977 1547; x_wconf 70' lang='lat' dir='ltr'><strong>nep&quot;.</strong></span> 
     </span>
    </p>
   </div>
   <div class='ocr_carea' id='block_1_40' title="bbox 2409 1573 3977 1649">
    <p class='ocr_par' dir='ltr' id='par_1_40' title="bbox 2409 1573 3977 1649">
     <span class='ocr_line' id='line_1_40' title="bbox 2409 1573 3977 1649; baseline -0.007 -15"><span class='ocrx_word' id='word_1_283' title='bbox 2409 1583 2762 1634; x_wconf 77' lang='grc' dir='ltr'><strong>’Λναστασίου</strong></span> <span class='ocrx_word' id='word_1_284' title='bbox 2801 1579 3236 1649; x_wconf 78' lang='grc' dir='ltr'><strong>ἀρχιεπισκόπου</strong></span> <span class='ocrx_word' id='word_1_285' title='bbox 3285 1577 3637 1644; x_wconf 71' lang='grc' dir='ltr'><strong>Ἀντιοχείας,</strong></span> <span class='ocrx_word' id='word_1_286' title='bbox 3660 1574 3775 1642; x_wconf 88' lang='lat' dir='ltr'><strong>ipse</strong></span> <span class='ocrx_word' id='word_1_287' title='bbox 3804 1573 3977 1624; x_wconf 86' lang='lat' dir='ltr'><strong>istum</strong></span> 
     </span>
    </p>
   </div>
   <div class='ocr_carea' id='block_1_41' title="bbox 2397 1661 3978 1741">
    <p class='ocr_par' dir='ltr' id='par_1_41' title="bbox 2397 1661 3978 1741">
     <span class='ocr_line' id='line_1_41' title="bbox 2397 1661 3978 1741; baseline -0.008 -16"><span class='ocrx_word' id='word_1_288' title='bbox 2397 1673 2495 1725; x_wconf 90' lang='lat' dir='ltr'><strong>lib.</strong></span> <span class='ocrx_word' id='word_1_289' title='bbox 2548 1689 2654 1725; x_wconf 86' lang='lat' dir='ltr'><strong>xvu</strong></span> <span class='ocrx_word' id='word_1_290' title='bbox 2693 1688 2817 1741; x_wconf 91' lang='lat' dir='ltr'><strong>cap.</strong></span> <span class='ocrx_word' id='word_1_291' title='bbox 2867 1673 2936 1725; x_wconf 69' lang='lat'><strong>29</strong></span> <span class='ocrx_word' id='word_1_292' title='bbox 2970 1672 3202 1724; x_wconf 86' lang='lat' dir='ltr'><strong>collocat</strong></span> <span class='ocrx_word' id='word_1_293' title='bbox 3247 1687 3262 1724; x_wconf 87' lang='lat'>:</span> <span class='ocrx_word' id='word_1_294' title='bbox 3297 1669 3435 1736; x_wconf 75' lang='grc' dir='ltr'><strong>Περὶ</strong></span> <span class='ocrx_word' id='word_1_295' title='bbox 3481 1664 3842 1718; x_wconf 77' lang='grc' dir='ltr'><strong>Ἀναστασίου</strong></span> <span class='ocrx_word' id='word_1_296' title='bbox 3877 1661 3978 1713; x_wconf 69' lang='grc' dir='ltr'><strong>τοῦ</strong></span> 
     </span>
    </p>
   </div>
   <div class='ocr_carea' id='block_1_42' title="bbox 2397 1752 3976 1825">
    <p class='ocr_par' dir='ltr' id='par_1_42' title="bbox 2397 1752 3976 1825">
     <span class='ocr_line' id='line_1_42' title="bbox 2397 1752 3976 1825; baseline -0.008 -10"><span class='ocrx_word' id='word_1_297' title='bbox 2397 1763 2749 1825; x_wconf 48' lang='lat' dir='ltr'><strong>escendam;</strong></span> <span class='ocrx_word' id='word_1_298' title='bbox 2778 1761 2871 1814; x_wconf 81' lang='grc' dir='ltr'><strong>τοῦ</strong></span> <span class='ocrx_word' id='word_1_299' title='bbox 2898 1762 3164 1816; x_wconf 80' lang='grc' dir='ltr'><strong>Σιναίτου.</strong></span> <span class='ocrx_word' id='word_1_300' title='bbox 3216 1758 3422 1814; x_wconf 87' lang='lat' dir='ltr'><strong>Eodem</strong></span> <span class='ocrx_word' id='word_1_301' title='bbox 3458 1754 3621 1808; x_wconf 92' lang='lat' dir='ltr'><strong>modo</strong></span> <span class='ocrx_word' id='word_1_302' title='bbox 3645 1752 3792 1805; x_wconf 92' lang='lat' dir='ltr'><strong>libro</strong></span> <span class='ocrx_word' id='word_1_303' title='bbox 3823 1766 3976 1811; x_wconf 86' lang='lat' dir='ltr'><strong>xvnl,</strong></span> 
     </span>
    </p>
   </div>
   <div class='ocr_carea' id='block_1_43' title="bbox 2398 1842 3978 1922">
    <p class='ocr_par' dir='ltr' id='par_1_43' title="bbox 2398 1842 3978 1922">
     <span class='ocr_line' id='line_1_43' title="bbox 2398 1842 3978 1922; baseline -0.009 -16"><span class='ocrx_word' id='word_1_304' title='bbox 2398 1870 2520 1922; x_wconf 92' lang='lat' dir='ltr'><strong>cap.</strong></span> <span class='ocrx_word' id='word_1_305' title='bbox 2567 1853 2635 1906; x_wconf 80' lang='grc'><strong>16</strong></span> <span class='ocrx_word' id='word_1_306' title='bbox 2666 1852 2816 1905; x_wconf 89' lang='lat' dir='ltr'><strong>hunc</strong></span> <span class='ocrx_word' id='word_1_307' title='bbox 2861 1851 3084 1904; x_wconf 88' lang='lat' dir='ltr'><strong>titulum</strong></span> <span class='ocrx_word' id='word_1_308' title='bbox 3134 1850 3344 1903; x_wconf 82' lang='lat' dir='ltr'><strong>habet:</strong></span> <span class='ocrx_word' id='word_1_309' title='bbox 3379 1845 3649 1911; x_wconf 82' lang='lat' dir='ltr'><strong>Quomodo</strong></span> <span class='ocrx_word' id='word_1_310' title='bbox 3679 1851 3794 1912; x_wconf 79' lang='lat' dir='ltr'><strong>post</strong></span> <span class='ocrx_word' id='word_1_311' title='bbox 3843 1842 3978 1895; x_wconf 79' lang='lat' dir='ltr'><strong>Gre-</strong></span> 
     </span>
    </p>
   </div>
   <div class='ocr_carea' id='block_1_44' title="bbox 2398 1933 3977 2012">
    <p class='ocr_par' dir='ltr' id='par_1_44' title="bbox 2398 1933 3977 2012">
     <span class='ocr_line' id='line_1_44' title="bbox 2398 1933 3977 2012; baseline -0.009 -15"><span class='ocrx_word' id='word_1_312' title='bbox 2398 1947 2605 2012; x_wconf 79' lang='lat' dir='ltr'><strong>gorium</strong></span> <span class='ocrx_word' id='word_1_313' title='bbox 2636 1944 2950 1996; x_wconf 75' lang='lat' dir='ltr'><strong>Anastasius</strong></span> <span class='ocrx_word' id='word_1_314' title='bbox 2993 1939 3221 1993; x_wconf 81' lang='lat' dir='ltr'><strong>Siuaites</strong></span> <span class='ocrx_word' id='word_1_315' title='bbox 3265 1939 3438 1990; x_wconf 84' lang='lat' dir='ltr'><strong>sedem</strong></span> <span class='ocrx_word' id='word_1_316' title='bbox 3491 1951 3647 1988; x_wconf 77' lang='lat' dir='ltr'><strong>suam</strong></span> <span class='ocrx_word' id='word_1_317' title='bbox 3699 1933 3977 2001; x_wconf 71' lang='lat' dir='ltr'><strong>receperit.</strong></span> 
     </span>
    </p>
   </div>
   <div class='ocr_carea' id='block_1_45' title="bbox 2399 2023 3977 2096">
    <p class='ocr_par' dir='ltr' id='par_1_45' title="bbox 2399 2023 3977 2096">
     <span class='ocr_line' id='line_1_45' title="bbox 2399 2023 3977 2096; baseline -0.01 -9"><span class='ocrx_word' id='word_1_318' title='bbox 2399 2033 2506 2087; x_wconf 90' lang='lat' dir='ltr'><strong>Sed</strong></span> <span class='ocrx_word' id='word_1_319' title='bbox 2527 2034 2610 2087; x_wconf 87' lang='lat' dir='ltr'><strong>vel</strong></span> <span class='ocrx_word' id='word_1_320' title='bbox 2641 2033 2873 2085; x_wconf 80' lang='lat' dir='ltr'><strong>maxime</strong></span> <span class='ocrx_word' id='word_1_321' title='bbox 2893 2031 2997 2084; x_wconf 89' lang='lat' dir='ltr'><strong>hoc</strong></span> <span class='ocrx_word' id='word_1_322' title='bbox 3021 2029 3152 2084; x_wconf 89' lang='lat' dir='ltr'><strong>fecit</strong></span> <span class='ocrx_word' id='word_1_323' title='bbox 3174 2043 3296 2096; x_wconf 90' lang='lat' dir='ltr'><strong>cap.</strong></span> <span class='ocrx_word' id='word_1_324' title='bbox 3315 2027 3386 2080; x_wconf 70' lang='grc'><strong>44</strong></span> <span class='ocrx_word' id='word_1_325' title='bbox 3427 2025 3678 2095; x_wconf 89' lang='lat' dir='ltr'><strong>ejusdem</strong></span> <span class='ocrx_word' id='word_1_326' title='bbox 3696 2023 3794 2075; x_wconf 91' lang='lat' dir='ltr'><strong>lib.</strong></span> <span class='ocrx_word' id='word_1_327' title='bbox 3823 2035 3977 2081; x_wconf 86' lang='lat' dir='ltr'><strong>xvm,</strong></span> 
     </span>
    </p>
   </div>
   <div class='ocr_carea' id='block_1_46' title="bbox 2398 2112 3977 2192">
    <p class='ocr_par' dir='ltr' id='par_1_46' title="bbox 2398 2112 3977 2192">
     <span class='ocr_line' id='line_1_46' title="bbox 2398 2112 3977 2192; baseline -0.01 -14"><span class='ocrx_word' id='word_1_328' title='bbox 2398 2125 2493 2178; x_wconf 94' lang='lat' dir='ltr'><strong>ubi</strong></span> <span class='ocrx_word' id='word_1_329' title='bbox 2551 2133 2851 2192; x_wconf 90' lang='lat' dir='ltr'><strong>utrumque</strong></span> <span class='ocrx_word' id='word_1_330' title='bbox 2899 2137 3149 2176; x_wconf 92' lang='lat' dir='ltr'><strong>errorem</strong></span> <span class='ocrx_word' id='word_1_331' title='bbox 3210 2135 3371 2173; x_wconf 89' lang='lat' dir='ltr'><strong>suum</strong></span> <span class='ocrx_word' id='word_1_332' title='bbox 3427 2113 3802 2171; x_wconf 88' lang='lat' dir='ltr'><strong>combinando</strong></span> <span class='ocrx_word' id='word_1_333' title='bbox 3859 2112 3977 2164; x_wconf 89' lang='lat' dir='ltr'><strong>ait:</strong></span> 
     </span>
    </p>
   </div>
   <div class='ocr_carea' id='block_1_47' title="bbox 2407 2205 3980 2282">
    <p class='ocr_par' dir='ltr' id='par_1_47' title="bbox 2407 2205 3980 2282">
     <span class='ocr_line' id='line_1_47' title="bbox 2407 2205 3980 2282; baseline -0.009 -15"><span class='ocrx_word' id='word_1_334' title='bbox 2407 2235 2424 2267; x_wconf 81' lang='grc' dir='ltr'><strong>ι</strong></span> <span class='ocrx_word' id='word_1_335' title='bbox 2453 2216 2591 2270; x_wconf 93' lang='lat' dir='ltr'><strong>lluic</strong></span> <span class='ocrx_word' id='word_1_336' title='bbox 2632 2214 2941 2275; x_wconf 72' lang='lat' dir='ltr'><strong>Anastasio,</strong></span> <span class='ocrx_word' id='word_1_337' title='bbox 2976 2223 3268 2282; x_wconf 85' lang='lat' dir='ltr'><strong>prepterea</strong></span> <span class='ocrx_word' id='word_1_338' title='bbox 3309 2209 3456 2278; x_wconf 90' lang='lat' dir='ltr'><strong>quod</strong></span> <span class='ocrx_word' id='word_1_339' title='bbox 3487 2209 3542 2260; x_wconf 91' lang='lat' dir='ltr'><strong>in</strong></span> <span class='ocrx_word' id='word_1_340' title='bbox 3573 2205 3758 2259; x_wconf 78' lang='lat' dir='ltr'><strong>Sinzeo</strong></span> <span class='ocrx_word' id='word_1_341' title='bbox 3786 2210 3980 2256; x_wconf 87' lang='lat' dir='ltr'><strong>monte</strong></span> 
     </span>
    </p>
   </div>
   <div class='ocr_carea' id='block_1_48' title="bbox 2403 2296 3977 2376">
    <p class='ocr_par' dir='ltr' id='par_1_48' title="bbox 2403 2296 3977 2376">
     <span class='ocr_line' id='line_1_48' title="bbox 2403 2296 3977 2376; baseline -0.007 -18"><span class='ocrx_word' id='word_1_342' title='bbox 2403 2307 2822 2376; x_wconf 89' lang='lat' dir='ltr'><strong>philosophatus</strong></span> <span class='ocrx_word' id='word_1_343' title='bbox 2856 2307 2948 2368; x_wconf 87' lang='lat' dir='ltr'><strong>sit,</strong></span> <span class='ocrx_word' id='word_1_344' title='bbox 2982 2313 3040 2358; x_wconf 93' lang='lat' dir='ltr'><strong>et</strong></span> <span class='ocrx_word' id='word_1_345' title='bbox 3072 2320 3298 2359; x_wconf 89' lang='lat' dir='ltr'><strong>sensum</strong></span> <span class='ocrx_word' id='word_1_346' title='bbox 3335 2303 3410 2356; x_wconf 91' lang='lat' dir='ltr'><strong>ibi</strong></span> <span class='ocrx_word' id='word_1_347' title='bbox 3457 2303 3642 2356; x_wconf 89' lang='lat' dir='ltr'><strong>carnis</strong></span> <span class='ocrx_word' id='word_1_348' title='bbox 3672 2296 3977 2356; x_wconf 84' lang='lat' dir='ltr'><strong>domuerit,</strong></span> 
     </span>
    </p>
   </div>
   <div class='ocr_carea' id='block_1_49' title="bbox 2405 2386 3978 2466">
    <p class='ocr_par' dir='ltr' id='par_1_49' title="bbox 2405 2386 3978 2466">
     <span class='ocr_line' id='line_1_49' title="bbox 2405 2386 3978 2466; baseline -0.008 -16"><span class='ocrx_word' id='word_1_349' title='bbox 2405 2397 2628 2450; x_wconf 73' lang='lat' dir='ltr'><strong>Sinaita:</strong></span> <span class='ocrx_word' id='word_1_350' title='bbox 2671 2412 2974 2466; x_wconf 85' lang='lat' dir='ltr'><strong>cognomen</strong></span> <span class='ocrx_word' id='word_1_351' title='bbox 3031 2395 3264 2449; x_wconf 91' lang='lat' dir='ltr'><strong>inditum</strong></span> <span class='ocrx_word' id='word_1_352' title='bbox 3290 2403 3394 2447; x_wconf 87' lang='lat' dir='ltr'><strong>est.</strong></span> <span class='ocrx_word' id='word_1_353' title='bbox 3427 2393 3606 2460; x_wconf 89' lang='lat' dir='ltr'><strong>Atque</strong></span> <span class='ocrx_word' id='word_1_354' title='bbox 3637 2390 3727 2443; x_wconf 91' lang='lat' dir='ltr'><strong>ille</strong></span> <span class='ocrx_word' id='word_1_355' title='bbox 3752 2386 3978 2457; x_wconf 86' lang='lat' dir='ltr'><strong>quidem</strong></span> 
     </span>
    </p>
   </div>
   <div class='ocr_carea' id='block_1_50' title="bbox 2406 2478 3981 2556">
    <p class='ocr_par' dir='ltr' id='par_1_50' title="bbox 2406 2478 3981 2556">
     <span class='ocr_line' id='line_1_50' title="bbox 2406 2478 3981 2556; baseline -0.007 -16"><span class='ocrx_word' id='word_1_356' title='bbox 2406 2489 2460 2540; x_wconf 93' lang='lat' dir='ltr'><strong>in</strong></span> <span class='ocrx_word' id='word_1_357' title='bbox 2514 2489 2702 2556; x_wconf 89' lang='lat' dir='ltr'><strong>populi</strong></span> <span class='ocrx_word' id='word_1_358' title='bbox 2751 2491 2993 2542; x_wconf 90' lang='lat' dir='ltr'><strong>tumultu</strong></span> <span class='ocrx_word' id='word_1_359' title='bbox 3035 2495 3361 2556; x_wconf 88' lang='lat' dir='ltr'><strong>peremptus</strong></span> <span class='ocrx_word' id='word_1_360' title='bbox 3392 2487 3562 2538; x_wconf 86' lang='lat' dir='ltr'><strong>vitam</strong></span> <span class='ocrx_word' id='word_1_361' title='bbox 3599 2483 3761 2535; x_wconf 90' lang='lat' dir='ltr'><strong>ﬁniit.</strong></span> <span class='ocrx_word' id='word_1_362' title='bbox 3792 2500 3810 2530; x_wconf 73' lang='grc' dir='ltr'><strong>ι</strong></span> <span class='ocrx_word' id='word_1_363' title='bbox 3846 2478 3981 2543; x_wconf 79' lang='lat' dir='ltr'><strong>Qua:</strong></span> 
     </span>
    </p>
   </div>
   <div class='ocr_carea' id='block_1_51' title="bbox 2407 2569 3977 2647">
    <p class='ocr_par' dir='ltr' id='par_1_51' title="bbox 2407 2569 3977 2647">
     <span class='ocr_line' id='line_1_51' title="bbox 2407 2569 3977 2647; baseline -0.004 -15"><span class='ocrx_word' id='word_1_364' title='bbox 2407 2579 2599 2633; x_wconf 90' lang='lat' dir='ltr'><strong>ultima</strong></span> <span class='ocrx_word' id='word_1_365' title='bbox 2636 2589 2765 2632; x_wconf 91' lang='lat' dir='ltr'><strong>sunt</strong></span> <span class='ocrx_word' id='word_1_366' title='bbox 2793 2579 3096 2633; x_wconf 91' lang='lat' dir='ltr'><strong>successori</strong></span> <span class='ocrx_word' id='word_1_367' title='bbox 3128 2580 3248 2647; x_wconf 89' lang='lat' dir='ltr'><strong>ejus</strong></span> <span class='ocrx_word' id='word_1_368' title='bbox 3274 2577 3566 2631; x_wconf 88' lang='lat' dir='ltr'><strong>Anastasio</strong></span> <span class='ocrx_word' id='word_1_369' title='bbox 3595 2569 3977 2626; x_wconf 77' lang='lat' dir='ltr'><strong>attribuenda.</strong></span> 
     </span>
    </p>
   </div>
   <div class='ocr_carea' id='block_1_52' title="bbox 2409 2661 3953 2739">
    <p class='ocr_par' dir='ltr' id='par_1_52' title="bbox 2409 2661 3953 2739">
     <span class='ocr_line' id='line_1_52' title="bbox 2409 2661 3953 2739; baseline -0.008 -15"><span class='ocrx_word' id='word_1_370' title='bbox 2409 2682 2465 2724; x_wconf 91' lang='lat' dir='ltr'><strong>et</strong></span> <span class='ocrx_word' id='word_1_371' title='bbox 2495 2671 2676 2739; x_wconf 84' lang='lat' dir='ltr'><strong>priora</strong></span> <span class='ocrx_word' id='word_1_372' title='bbox 2708 2682 2898 2725; x_wconf 89' lang='lat' dir='ltr'><strong>sancto</strong></span> <span class='ocrx_word' id='word_1_373' title='bbox 2930 2671 3221 2724; x_wconf 89' lang='lat' dir='ltr'><strong>Anastasio</strong></span> <span class='ocrx_word' id='word_1_374' title='bbox 3252 2668 3524 2723; x_wconf 89' lang='lat' dir='ltr'><strong>monacho</strong></span> <span class='ocrx_word' id='word_1_375' title='bbox 3564 2663 3768 2718; x_wconf 89' lang='lat' dir='ltr'><strong>montis</strong></span> <span class='ocrx_word' id='word_1_376' title='bbox 3797 2661 3953 2715; x_wconf 83' lang='lat' dir='ltr'><strong>Sina.</strong></span> 
     </span>
    </p>
   </div>
   <div class='ocr_carea' id='block_1_53' title="bbox 1927 2801 2788 2878">
    <p class='ocr_par' dir='ltr' id='par_1_53' title="bbox 1927 2801 2788 2878">
     <span class='ocr_line' id='line_1_53' title="bbox 1927 2801 2788 2878; baseline 0.012 -27"><span class='ocrx_word' id='word_1_377' title='bbox 1927 2801 2079 2870; x_wconf 80' lang='lat' dir='ltr'><strong>(Acta</strong></span> <span class='ocrx_word' id='word_1_378' title='bbox 2114 2801 2209 2855; x_wconf 90' lang='lat' dir='ltr'><strong>SS.</strong></span> <span class='ocrx_word' id='word_1_379' title='bbox 2245 2803 2352 2857; x_wconf 84' lang='lat' dir='ltr'><strong>Jul.</strong></span> <span class='ocrx_word' id='word_1_380' title='bbox 2388 2815 2426 2859; x_wconf 90' lang='lat' dir='ltr'><strong>t.</strong></span> <span class='ocrx_word' id='word_1_381' title='bbox 2465 2807 2551 2871; x_wconf 85' lang='lat' dir='ltr'><strong>lV,</strong></span> <span class='ocrx_word' id='word_1_382' title='bbox 2588 2825 2642 2878; x_wconf 92' lang='lat' dir='ltr'><strong>p.</strong></span> <span class='ocrx_word' id='word_1_383' title='bbox 2675 2809 2788 2876; x_wconf 79' lang='lat'><strong>97.)</strong></span> 
     </span>
    </p>
   </div>
   <div class='ocr_carea' id='block_1_54' title="bbox 806 2932 2303 3003">
    <p class='ocr_par' dir='ltr' id='par_1_54' title="bbox 806 2932 2303 3003">
     <span class='ocr_line' id='line_1_54' title="bbox 806 2932 2303 3003; baseline 0.001 -17"><span class='ocrx_word' id='word_1_384' title='bbox 806 2932 1041 2986; x_wconf 90' lang='lat' dir='ltr'><strong>Sanctus</strong></span> <span class='ocrx_word' id='word_1_385' title='bbox 1067 2933 1410 2994; x_wconf 87' lang='lat' dir='ltr'><strong>Anastasius,</strong></span> <span class='ocrx_word' id='word_1_386' title='bbox 1434 2949 1598 3001; x_wconf 92' lang='lat' dir='ltr'><strong>quem</strong></span> <span class='ocrx_word' id='word_1_387' title='bbox 1641 2933 1910 2992; x_wconf 80' lang='lat' dir='ltr'><strong>Baronius</strong></span> <span class='ocrx_word' id='word_1_388' title='bbox 1943 2934 2148 3003; x_wconf 84' lang='lat' dir='ltr'><strong>aliique</strong></span> <span class='ocrx_word' id='word_1_389' title='bbox 2178 2935 2303 3003; x_wconf 93' lang='lat' dir='ltr'><strong>plu-</strong></span> 
     </span>
    </p>
   </div>
   <div class='ocr_carea' id='block_1_55' title="bbox 737 3023 2305 3078">
    <p class='ocr_par' dir='ltr' id='par_1_55' title="bbox 737 3023 2305 3078">
     <span class='ocr_line' id='line_1_55' title="bbox 737 3023 2305 3078; baseline 0.002 -3"><span class='ocrx_word' id='word_1_390' title='bbox 737 3023 861 3075; x_wconf 90' lang='lat' dir='ltr'><strong>rimi</strong></span> <span class='ocrx_word' id='word_1_391' title='bbox 893 3038 1018 3074; x_wconf 91' lang='lat' dir='ltr'><strong>cnm</strong></span> <span class='ocrx_word' id='word_1_392' title='bbox 1049 3031 1240 3076; x_wconf 90' lang='lat' dir='ltr'><strong>sancto</strong></span> <span class='ocrx_word' id='word_1_393' title='bbox 1269 3023 1560 3075; x_wconf 87' lang='lat' dir='ltr'><strong>Anastasio</strong></span> <span class='ocrx_word' id='word_1_394' title='bbox 1585 3023 1794 3076; x_wconf 88' lang='lat' dir='ltr'><strong>Sinaita</strong></span> <span class='ocrx_word' id='word_1_395' title='bbox 1842 3038 1952 3076; x_wconf 92' lang='lat' dir='ltr'><strong>non</strong></span> <span class='ocrx_word' id='word_1_396' title='bbox 2002 3033 2148 3078; x_wconf 87' lang='lat' dir='ltr'><strong>recte</strong></span> <span class='ocrx_word' id='word_1_397' title='bbox 2172 3041 2305 3078; x_wconf 91' lang='lat' dir='ltr'><strong>con-</strong></span> 
     </span>
    </p>
   </div>
   <div class='ocr_carea' id='block_1_56' title="bbox 2411 2933 3983 3013">
    <p class='ocr_par' dir='ltr' id='par_1_56' title="bbox 2411 2933 3983 3013">
     <span class='ocr_line' id='line_1_56' title="bbox 2411 2933 3983 3013; baseline -0.007 -18"><span class='ocrx_word' id='word_1_398' title='bbox 2411 2944 2622 3013; x_wconf 90' lang='lat' dir='ltr'><strong>phanes</strong></span> <span class='ocrx_word' id='word_1_399' title='bbox 2656 2943 2723 2997; x_wconf 89' lang='lat' dir='ltr'><strong>ad</strong></span> <span class='ocrx_word' id='word_1_400' title='bbox 2754 2959 2960 2996; x_wconf 86' lang='lat' dir='ltr'><strong>annum</strong></span> <span class='ocrx_word' id='word_1_401' title='bbox 2990 2942 3192 2996; x_wconf 73' lang='lat' dir='ltr'><strong>divina:</strong></span> <span class='ocrx_word' id='word_1_402' title='bbox 3231 2937 3643 2997; x_wconf 88' lang='lat' dir='ltr'><strong>lncarnationis</strong></span> <span class='ocrx_word' id='word_1_403' title='bbox 3670 2933 3983 2989; x_wconf 84' lang='lat' dir='ltr'><strong>secundum</strong></span> 
     </span>
    </p>
   </div>
   <div class='ocr_carea' id='block_1_57' title="bbox 2408 3024 3984 3101">
    <p class='ocr_par' dir='ltr' id='par_1_57' title="bbox 2408 3024 3984 3101">
     <span class='ocr_line' id='line_1_57' title="bbox 2408 3024 3984 3101; baseline -0.008 -12"><span class='ocrx_word' id='word_1_404' title='bbox 2408 3035 2812 3089; x_wconf 83' lang='lat' dir='ltr'><strong>Alexandrinos</strong></span> <span class='ocrx_word' id='word_1_405' title='bbox 2836 3034 2958 3092; x_wconf 68' lang='lat'><strong>56:2,</strong></span> <span class='ocrx_word' id='word_1_406' title='bbox 2995 3035 3088 3101; x_wconf 87' lang='lat' dir='ltr'><strong>qui</strong></span> <span class='ocrx_word' id='word_1_407' title='bbox 3121 3049 3299 3101; x_wconf 90' lang='lat' dir='ltr'><strong>usque</strong></span> <span class='ocrx_word' id='word_1_408' title='bbox 3338 3033 3406 3086; x_wconf 90' lang='lat' dir='ltr'><strong>ad</strong></span> <span class='ocrx_word' id='word_1_409' title='bbox 3441 3027 3836 3098; x_wconf 83' lang='lat' dir='ltr'><strong>Septembrem</strong></span> <span class='ocrx_word' id='word_1_410' title='bbox 3870 3024 3984 3078; x_wconf 89' lang='lat' dir='ltr'><strong>fere</strong></span> 
     </span>
    </p>
   </div>
   <div class='ocr_carea' id='block_1_58' title="bbox 737 3113 3374 3209">
    <p class='ocr_par' dir='ltr' id='par_1_58' title="bbox 737 3113 3374 3209">
     <span class='ocr_line' id='line_1_58' title="bbox 737 3113 3374 3209; baseline 0 -43"><span class='ocrx_word' id='word_1_411' title='bbox 737 3113 995 3173; x_wconf 87' lang='lat' dir='ltr'><strong>tundunt.</strong></span> <span class='ocrx_word' id='word_1_412' title='bbox 1037 3114 1379 3182; x_wconf 92' lang='lat' dir='ltr'><strong>professione</strong></span> <span class='ocrx_word' id='word_1_413' title='bbox 1403 3115 1707 3168; x_wconf 88' lang='lat' dir='ltr'><strong>monachus</strong></span> <span class='ocrx_word' id='word_1_414' title='bbox 1734 3115 1859 3176; x_wconf 90' lang='lat' dir='ltr'><strong>fuit,</strong></span> <span class='ocrx_word' id='word_1_415' title='bbox 1894 3130 2094 3183; x_wconf 89' lang='lat' dir='ltr'><strong>genere</strong></span> <span class='ocrx_word' id='word_1_416' title='bbox 2126 3117 2302 3170; x_wconf 75' lang='lat' dir='ltr'><strong>Palze-</strong></span> <span class='ocrx_word' id='word_1_417' title='bbox 2333 3151 2377 3209; x_wconf 80' lang='lat' dir='ltr'><strong><em>C</em></strong></span> <span class='ocrx_word' id='word_1_418' title='bbox 2408 3144 2533 3182; x_wconf 75' lang='lat' dir='ltr'><strong>cum</strong></span> <span class='ocrx_word' id='word_1_419' title='bbox 2564 3143 2710 3182; x_wconf 70' lang='grc' dir='ltr'><strong>ειηηο</strong></span> <span class='ocrx_word' id='word_1_420' title='bbox 2744 3127 2948 3181; x_wconf 66' lang='grc' dir='ltr'><strong>(ςιιι-ίειί</strong></span> <span class='ocrx_word' id='word_1_421' title='bbox 2979 3127 3081 3179; x_wconf 78' lang='lat'><strong>570</strong></span> <span class='ocrx_word' id='word_1_422' title='bbox 3108 3125 3374 3178; x_wconf 70' lang='grc' dir='ltr'><strong>ἀθειιι-ι-ῑι,</strong></span> 
     </span>
    </p>
   </div>
   <div class='ocr_carea' id='block_1_59' title="bbox 738 3205 2304 3276">
    <p class='ocr_par' dir='ltr' id='par_1_59' title="bbox 738 3205 2304 3276">
     <span class='ocr_line' id='line_1_59' title="bbox 738 3205 2304 3276; baseline 0.001 -19"><span class='ocrx_word' id='word_1_423' title='bbox 738 3207 936 3268; x_wconf 89' lang='lat' dir='ltr'><strong>stinus,</strong></span> <span class='ocrx_word' id='word_1_424' title='bbox 973 3215 1106 3260; x_wconf 88' lang='lat' dir='ltr'><strong>teste</strong></span> <span class='ocrx_word' id='word_1_425' title='bbox 1152 3217 1344 3260; x_wconf 87' lang='lat' dir='ltr'><strong>sancto</strong></span> <span class='ocrx_word' id='word_1_426' title='bbox 1395 3205 1663 3276; x_wconf 81' lang='lat' dir='ltr'><strong>Symeone</strong></span> <span class='ocrx_word' id='word_1_427' title='bbox 1696 3207 1916 3276; x_wconf 90' lang='lat' dir='ltr'><strong>juniorc</strong></span> <span class='ocrx_word' id='word_1_428' title='bbox 1963 3206 2178 3275; x_wconf 84' lang='lat' dir='ltr'><strong>Stylita,</strong></span> <span class='ocrx_word' id='word_1_429' title='bbox 2210 3207 2304 3275; x_wconf 87' lang='lat' dir='ltr'><strong>qui</strong></span> 
     </span>
    </p>
   </div>
   <div class='ocr_carea' id='block_1_60' title="bbox 739 3295 2309 3366">
    <p class='ocr_par' dir='ltr' id='par_1_60' title="bbox 739 3295 2309 3366">
     <span class='ocr_line' id='line_1_60' title="bbox 739 3295 2309 3366; baseline 0.002 -18"><span class='ocrx_word' id='word_1_430' title='bbox 739 3295 894 3349; x_wconf 89' lang='lat' dir='ltr'><strong>illum</strong></span> <span class='ocrx_word' id='word_1_431' title='bbox 930 3297 1203 3350; x_wconf 90' lang='lat' dir='ltr'><strong>Domnino</strong></span> <span class='ocrx_word' id='word_1_432' title='bbox 1249 3315 1637 3359; x_wconf 86' lang='lat' dir='ltr'><strong>successurum</strong></span> <span class='ocrx_word' id='word_1_433' title='bbox 1691 3297 2019 3366; x_wconf 74' lang='lat' dir='ltr'><strong>przcdixerat</strong></span> <span class='ocrx_word' id='word_1_434' title='bbox 2049 3299 2105 3350; x_wconf 93' lang='lat' dir='ltr'><strong>in</strong></span> <span class='ocrx_word' id='word_1_435' title='bbox 2155 3298 2309 3352; x_wconf 85' lang='lat' dir='ltr'><strong>Actis</strong></span> 
     </span>
    </p>
   </div>
   <div class='ocr_carea' id='block_1_61' title="bbox 739 3389 2310 3459">
    <p class='ocr_par' dir='ltr' id='par_1_61' title="bbox 739 3389 2310 3459">
     <span class='ocr_line' id='line_1_61' title="bbox 739 3389 2310 3459; baseline 0.001 -17"><span class='ocrx_word' id='word_1_436' title='bbox 739 3397 1058 3442; x_wconf 78' lang='lat' dir='ltr'><strong>sanctorum</strong></span> <span class='ocrx_word' id='word_1_437' title='bbox 1099 3389 1187 3443; x_wconf 89' lang='lat' dir='ltr'><strong>die</strong></span> <span class='ocrx_word' id='word_1_438' title='bbox 1215 3389 1286 3443; x_wconf 76' lang='grc'>25</span> <span class='ocrx_word' id='word_1_439' title='bbox 1307 3390 1452 3453; x_wconf 84' lang='lat' dir='ltr'><strong>Maii,</strong></span> <span class='ocrx_word' id='word_1_440' title='bbox 1483 3405 1601 3459; x_wconf 90' lang='lat' dir='ltr'><strong>pag.</strong></span> <span class='ocrx_word' id='word_1_441' title='bbox 1635 3390 1761 3454; x_wconf 80' lang='lat'><strong>379,</strong></span> <span class='ocrx_word' id='word_1_442' title='bbox 1789 3405 1943 3443; x_wconf 92' lang='lat' dir='ltr'><strong>num.</strong></span> <span class='ocrx_word' id='word_1_443' title='bbox 1991 3389 2113 3442; x_wconf 77' lang='lat'><strong>199..</strong></span> <span class='ocrx_word' id='word_1_444' title='bbox 2140 3389 2310 3459; x_wconf 86' lang='lat' dir='ltr'><strong>Egre-</strong></span> 
     </span>
    </p>
   </div>
   <div class='ocr_carea' id='block_1_62' title="bbox 739 3480 2312 3551">
    <p class='ocr_par' dir='ltr' id='par_1_62' title="bbox 739 3480 2312 3551">
     <span class='ocr_line' id='line_1_62' title="bbox 739 3480 2312 3551; baseline 0.001 -18"><span class='ocrx_word' id='word_1_445' title='bbox 739 3480 859 3549; x_wconf 89' lang='lat' dir='ltr'><strong>gias</strong></span> <span class='ocrx_word' id='word_1_446' title='bbox 895 3480 1016 3550; x_wconf 89' lang='lat' dir='ltr'><strong>ejus</strong></span> <span class='ocrx_word' id='word_1_447' title='bbox 1047 3480 1307 3544; x_wconf 81' lang='lat' dir='ltr'><strong>virtutes,</strong></span> <span class='ocrx_word' id='word_1_448' title='bbox 1331 3481 1664 3544; x_wconf 88' lang='lat' dir='ltr'><strong>doctrinam,</strong></span> <span class='ocrx_word' id='word_1_449' title='bbox 1689 3481 1917 3550; x_wconf 90' lang='lat' dir='ltr'><strong>scripta,</strong></span> <span class='ocrx_word' id='word_1_450' title='bbox 1951 3497 2148 3551; x_wconf 89' lang='lat' dir='ltr'><strong>resque</strong></span> <span class='ocrx_word' id='word_1_451' title='bbox 2175 3497 2312 3551; x_wconf 67' lang='lat' dir='ltr'><strong>pra:-</strong></span> 
     </span>
    </p>
   </div>
   <div class='ocr_carea' id='block_1_63' title="bbox 737 3571 2312 3641">
    <p class='ocr_par' dir='ltr' id='par_1_63' title="bbox 737 3571 2312 3641">
     <span class='ocr_line' id='line_1_63' title="bbox 737 3571 2312 3641; baseline 0 -16"><span class='ocrx_word' id='word_1_452' title='bbox 737 3571 891 3626; x_wconf 87' lang='lat' dir='ltr'><strong>clare</strong></span> <span class='ocrx_word' id='word_1_453' title='bbox 959 3581 1140 3640; x_wconf 81' lang='lat' dir='ltr'><strong>gestas</strong></span> <span class='ocrx_word' id='word_1_454' title='bbox 1187 3581 1244 3625; x_wconf 90' lang='lat' dir='ltr'><strong>et</strong></span> <span class='ocrx_word' id='word_1_455' title='bbox 1300 3573 1509 3625; x_wconf 92' lang='lat' dir='ltr'><strong>cultum</strong></span> <span class='ocrx_word' id='word_1_456' title='bbox 1561 3589 1725 3641; x_wconf 86' lang='lat' dir='ltr'><strong>supra</strong></span> <span class='ocrx_word' id='word_1_457' title='bbox 1772 3573 2029 3627; x_wconf 88' lang='lat' dir='ltr'><strong>dedimus</strong></span> <span class='ocrx_word' id='word_1_458' title='bbox 2058 3574 2112 3626; x_wconf 92' lang='lat' dir='ltr'><strong>in</strong></span> <span class='ocrx_word' id='word_1_459' title='bbox 2162 3573 2312 3627; x_wconf 89' lang='lat' dir='ltr'><strong>Actis</strong></span> 
     </span>
    </p>
   </div>
   <div class='ocr_carea' id='block_1_64' title="bbox 742 3660 2313 3731">
    <p class='ocr_par' dir='ltr' id='par_1_64' title="bbox 742 3660 2313 3731">
     <span class='ocr_line' id='line_1_64' title="bbox 742 3660 2313 3731; baseline 0.002 -17"><span class='ocrx_word' id='word_1_460' title='bbox 742 3669 1059 3714; x_wconf 88' lang='lat' dir='ltr'><strong>sanctorum</strong></span> <span class='ocrx_word' id='word_1_461' title='bbox 1082 3660 1171 3713; x_wconf 91' lang='lat' dir='ltr'><strong>die</strong></span> <span class='ocrx_word' id='word_1_462' title='bbox 1200 3660 1270 3714; x_wconf 73' lang='lat'><strong>26</strong></span> <span class='ocrx_word' id='word_1_463' title='bbox 1297 3661 1521 3731; x_wconf 88' lang='lat' dir='ltr'><strong>Aprilis.</strong></span> <span class='ocrx_word' id='word_1_464' title='bbox 1555 3661 1686 3731; x_wconf 88' lang='lat' dir='ltr'><strong>Legi</strong></span> <span class='ocrx_word' id='word_1_465' title='bbox 1741 3663 1911 3716; x_wconf 91' lang='lat' dir='ltr'><strong>etiam</strong></span> <span class='ocrx_word' id='word_1_466' title='bbox 1938 3672 2172 3731; x_wconf 90' lang='lat' dir='ltr'><strong>possunt</strong></span> <span class='ocrx_word' id='word_1_467' title='bbox 2196 3663 2313 3731; x_wconf 87' lang='lat' dir='ltr'><strong>epi-</strong></span> 
     </span>
    </p>
   </div>
   <div class='ocr_carea' id='block_1_65' title="bbox 744 3752 2314 3823">
    <p class='ocr_par' dir='ltr' id='par_1_65' title="bbox 744 3752 2314 3823">
     <span class='ocr_line' id='line_1_65' title="bbox 744 3752 2314 3823; baseline 0 -17"><span class='ocrx_word' id='word_1_468' title='bbox 744 3753 898 3806; x_wconf 77' lang='lat' dir='ltr'><strong>stola:</strong></span> <span class='ocrx_word' id='word_1_469' title='bbox 925 3755 1100 3806; x_wconf 88' lang='lat' dir='ltr'><strong>sancti</strong></span> <span class='ocrx_word' id='word_1_470' title='bbox 1126 3752 1375 3821; x_wconf 82' lang='lat' dir='ltr'><strong>Gregorii</strong></span> <span class='ocrx_word' id='word_1_471' title='bbox 1422 3752 1599 3822; x_wconf 80' lang='lat' dir='ltr'><strong>Magni</strong></span> <span class='ocrx_word' id='word_1_472' title='bbox 1641 3753 1764 3807; x_wconf 90' lang='lat' dir='ltr'><strong>istic</strong></span> <span class='ocrx_word' id='word_1_473' title='bbox 1794 3758 1975 3808; x_wconf 83' lang='lat' dir='ltr'><strong>citata:</strong></span> <span class='ocrx_word' id='word_1_474' title='bbox 2004 3770 2069 3807; x_wconf 90' lang='lat' dir='ltr'><strong>ex</strong></span> <span class='ocrx_word' id='word_1_475' title='bbox 2107 3754 2314 3823; x_wconf 86' lang='lat' dir='ltr'><strong>quibus</strong></span> 
     </span>
    </p>
   </div>
   <div class='ocr_carea' id='block_1_66' title="bbox 744 3843 2313 3911">
    <p class='ocr_par' dir='ltr' id='par_1_66' title="bbox 744 3843 2313 3911">
     <span class='ocr_line' id='line_1_66' title="bbox 744 3843 2313 3911; baseline 0.001 -15"><span class='ocrx_word' id='word_1_476' title='bbox 744 3843 910 3899; x_wconf 87' lang='lat' dir='ltr'><strong>datur</strong></span> <span class='ocrx_word' id='word_1_477' title='bbox 937 3843 1190 3911; x_wconf 83' lang='lat' dir='ltr'><strong>intelligi,</strong></span> <span class='ocrx_word' id='word_1_478' title='bbox 1228 3852 1283 3894; x_wconf 73' lang='lat' dir='ltr'><strong>et</strong></span> <span class='ocrx_word' id='word_1_479' title='bbox 1341 3852 1549 3910; x_wconf 89' lang='lat' dir='ltr'><strong>quanto</strong></span> <span class='ocrx_word' id='word_1_480' title='bbox 1575 3844 1865 3911; x_wconf 67' lang='lat' dir='ltr'><strong>prmsulem</strong></span> <span class='ocrx_word' id='word_1_481' title='bbox 1920 3844 2070 3899; x_wconf 90' lang='lat' dir='ltr'><strong>hunc</strong></span> <span class='ocrx_word' id='word_1_482' title='bbox 2123 3859 2313 3897; x_wconf 88' lang='lat' dir='ltr'><strong>amore</strong></span> 
     </span>
    </p>
   </div>
   <div class='ocr_carea' id='block_1_67' title="bbox 746 3933 2314 4004">
    <p class='ocr_par' dir='ltr' id='par_1_67' title="bbox 746 3933 2314 4004">
     <span class='ocr_line' id='line_1_67' title="bbox 746 3933 2314 4004; baseline 0 -16"><span class='ocrx_word' id='word_1_483' title='bbox 746 3933 989 4002; x_wconf 87' lang='lat' dir='ltr'><strong>pontifex</strong></span> <span class='ocrx_word' id='word_1_484' title='bbox 1019 3933 1110 3987; x_wconf 93' lang='lat' dir='ltr'><strong>ille</strong></span> <span class='ocrx_word' id='word_1_485' title='bbox 1133 3933 1498 4002; x_wconf 90' lang='lat' dir='ltr'><strong>undequaque</strong></span> <span class='ocrx_word' id='word_1_486' title='bbox 1524 3935 1793 3989; x_wconf 82' lang='lat' dir='ltr'><strong>maximus</strong></span> <span class='ocrx_word' id='word_1_487' title='bbox 1826 3945 2154 4004; x_wconf 89' lang='lat' dir='ltr'><strong>prosecutus</strong></span> <span class='ocrx_word' id='word_1_488' title='bbox 2181 3937 2314 3989; x_wconf 90' lang='lat' dir='ltr'><strong>olim</strong></span> 
     </span>
    </p>
   </div>
   <div class='ocr_carea' id='block_1_68' title="bbox 746 4023 2315 4095">
    <p class='ocr_par' dir='ltr' id='par_1_68' title="bbox 746 4023 2315 4095">
     <span class='ocr_line' id='line_1_68' title="bbox 746 4023 2315 4095; baseline 0.003 -20"><span class='ocrx_word' id='word_1_489' title='bbox 746 4023 934 4087; x_wconf 90' lang='lat' dir='ltr'><strong>fuerit,</strong></span> <span class='ocrx_word' id='word_1_490' title='bbox 962 4031 1020 4076; x_wconf 91' lang='lat' dir='ltr'><strong>et</strong></span> <span class='ocrx_word' id='word_1_491' title='bbox 1047 4039 1212 4092; x_wconf 90' lang='lat' dir='ltr'><strong>quam</strong></span> <span class='ocrx_word' id='word_1_492' title='bbox 1242 4024 1536 4078; x_wconf 88' lang='lat' dir='ltr'><strong>sublimem</strong></span> <span class='ocrx_word' id='word_1_493' title='bbox 1562 4024 1629 4078; x_wconf 92' lang='lat' dir='ltr'><strong>de</strong></span> <span class='ocrx_word' id='word_1_494' title='bbox 1663 4027 1862 4079; x_wconf 83' lang='lat' dir='ltr'><strong>eximia</strong></span> <span class='ocrx_word' id='word_1_495' title='bbox 1884 4027 2004 4095; x_wconf 85' lang='lat' dir='ltr'><strong>ejus</strong></span> <span class='ocrx_word' id='word_1_496' title='bbox 2038 4042 2164 4082; x_wconf 87' lang='lat' dir='ltr'><strong>cum</strong></span> <span class='ocrx_word' id='word_1_497' title='bbox 2212 4027 2315 4080; x_wconf 82' lang='lat' dir='ltr'><strong>do-</strong></span> 
     </span>
    </p>
   </div>
   <div class='ocr_carea' id='block_1_69' title="bbox 748 4115 2318 4192">
    <p class='ocr_par' dir='ltr' id='par_1_69' title="bbox 748 4115 2318 4192">
     <span class='ocr_line' id='line_1_69' title="bbox 748 4115 2318 4192; baseline 0.006 -25"><span class='ocrx_word' id='word_1_498' title='bbox 748 4115 925 4168; x_wconf 91' lang='lat' dir='ltr'><strong>ctrina</strong></span> <span class='ocrx_word' id='word_1_499' title='bbox 978 4125 1094 4168; x_wconf 89' lang='lat' dir='ltr'><strong>tum</strong></span> <span class='ocrx_word' id='word_1_500' title='bbox 1132 4118 1424 4172; x_wconf 89' lang='lat' dir='ltr'><strong>sanctitate</strong></span> <span class='ocrx_word' id='word_1_501' title='bbox 1475 4129 1800 4189; x_wconf 87' lang='lat' dir='ltr'><strong>conceptam</strong></span> <span class='ocrx_word' id='word_1_502' title='bbox 1836 4122 2023 4176; x_wconf 92' lang='lat' dir='ltr'><strong>animo</strong></span> <span class='ocrx_word' id='word_1_503' title='bbox 2086 4125 2318 4192; x_wconf 81' lang='lat' dir='ltr'><strong>gesserit</strong></span> 
     </span>
    </p>
   </div>
   <div class='ocr_carea' id='block_1_70' title="bbox 748 4207 2317 4283">
    <p class='ocr_par' dir='ltr' id='par_1_70' title="bbox 748 4207 2317 4283">
     <span class='ocr_line' id='line_1_70' title="bbox 748 4207 2317 4283; baseline 0.003 -22"><span class='ocrx_word' id='word_1_504' title='bbox 748 4207 1085 4277; x_wconf 89' lang='lat' dir='ltr'><strong>opinionem.</strong></span> <span class='ocrx_word' id='word_1_505' title='bbox 1127 4208 1311 4261; x_wconf 89' lang='lat' dir='ltr'><strong>Solam</strong></span> <span class='ocrx_word' id='word_1_506' title='bbox 1338 4209 1429 4262; x_wconf 92' lang='lat' dir='ltr'><strong>hic</strong></span> <span class='ocrx_word' id='word_1_507' title='bbox 1459 4224 1591 4279; x_wconf 88' lang='lat' dir='ltr'><strong>ergo</strong></span> <span class='ocrx_word' id='word_1_508' title='bbox 1629 4212 2046 4281; x_wconf 89' lang='lat' dir='ltr'><strong>chronologiam</strong></span> <span class='ocrx_word' id='word_1_509' title='bbox 2087 4214 2209 4283; x_wconf 88' lang='lat' dir='ltr'><strong>ejus</strong></span> <span class='ocrx_word' id='word_1_510' title='bbox 2232 4221 2317 4266; x_wconf 76' lang='lat' dir='ltr'><strong>at-</strong></span> 
     </span>
    </p>
   </div>
   <div class='ocr_carea' id='block_1_71' title="bbox 752 4299 2320 4373">
    <p class='ocr_par' dir='ltr' id='par_1_71' title="bbox 752 4299 2320 4373">
     <span class='ocr_line' id='line_1_71' title="bbox 752 4299 2320 4373; baseline 0.005 -22"><span class='ocrx_word' id='word_1_511' title='bbox 752 4300 976 4368; x_wconf 88' lang='lat' dir='ltr'><strong>tingam.</strong></span> <span class='ocrx_word' id='word_1_512' title='bbox 1011 4299 1314 4354; x_wconf 88' lang='lat' dir='ltr'><strong>Ecclesiam</strong></span> <span class='ocrx_word' id='word_1_513' title='bbox 1341 4300 1527 4369; x_wconf 89' lang='lat' dir='ltr'><strong>itaque</strong></span> <span class='ocrx_word' id='word_1_514' title='bbox 1551 4300 1987 4358; x_wconf 89' lang='lat' dir='ltr'><strong>Antiochensem</strong></span> <span class='ocrx_word' id='word_1_515' title='bbox 2007 4305 2320 4373; x_wconf 86' lang='lat' dir='ltr'><strong>gubernan-</strong></span> 
     </span>
    </p>
   </div>
   <div class='ocr_carea' id='block_1_72' title="bbox 748 4391 2320 4461">
    <p class='ocr_par' dir='ltr' id='par_1_72' title="bbox 748 4391 2320 4461">
     <span class='ocr_line' id='line_1_72' title="bbox 748 4391 2320 4461; baseline 0.004 -17"><span class='ocrx_word' id='word_1_516' title='bbox 748 4391 885 4444; x_wconf 85' lang='lat' dir='ltr'><strong>dam.</strong></span> <span class='ocrx_word' id='word_1_517' title='bbox 931 4392 1199 4461; x_wconf 88' lang='lat' dir='ltr'><strong>suscepit,</strong></span> <span class='ocrx_word' id='word_1_518' title='bbox 1250 4407 1398 4446; x_wconf 88' lang='lat' dir='ltr'><strong>anno</strong></span> <span class='ocrx_word' id='word_1_519' title='bbox 1452 4392 1659 4448; x_wconf 88' lang='lat' dir='ltr'><strong>Christi</strong></span> <span class='ocrx_word' id='word_1_520' title='bbox 1695 4395 1819 4457; x_wconf 85' lang='grc'>559,</span> <span class='ocrx_word' id='word_1_521' title='bbox 1857 4411 2045 4449; x_wconf 89' lang='lat' dir='ltr'><strong>mense</strong></span> <span class='ocrx_word' id='word_1_522' title='bbox 2097 4395 2320 4450; x_wconf 85' lang='lat' dir='ltr'><strong>circiter</strong></span> 
     </span>
    </p>
   </div>
   <div class='ocr_carea' id='block_1_73' title="bbox 2477 3210 3988 3285">
    <p class='ocr_par' dir='ltr' id='par_1_73' title="bbox 2477 3210 3988 3285">
     <span class='ocr_line' id='line_1_73' title="bbox 2477 3210 3988 3285; baseline -0.007 -13"><span class='ocrx_word' id='word_1_523' title='bbox 2477 3219 2624 3274; x_wconf 86' lang='lat' dir='ltr'><strong>idem</strong></span> <span class='ocrx_word' id='word_1_524' title='bbox 2650 3228 2839 3272; x_wconf 89' lang='lat' dir='ltr'><strong>narrat</strong></span> <span class='ocrx_word' id='word_1_525' title='bbox 2879 3218 3144 3285; x_wconf 83' lang='lat' dir='ltr'><strong>Evagrius</strong></span> <span class='ocrx_word' id='word_1_526' title='bbox 3179 3215 3278 3270; x_wconf 91' lang='lat' dir='ltr'><strong>lib.</strong></span> <span class='ocrx_word' id='word_1_527' title='bbox 3321 3231 3377 3277; x_wconf 84' lang='grc' dir='ltr'>ν,</span> <span class='ocrx_word' id='word_1_528' title='bbox 3419 3229 3539 3282; x_wconf 90' lang='lat' dir='ltr'><strong>cap.</strong></span> <span class='ocrx_word' id='word_1_529' title='bbox 3566 3215 3638 3266; x_wconf 76' lang='lat'><strong>5:</strong></span> <span class='ocrx_word' id='word_1_530' title='bbox 3679 3221 3738 3266; x_wconf 90' lang='lat' dir='ltr'><strong>et</strong></span> <span class='ocrx_word' id='word_1_531' title='bbox 3770 3211 3845 3264; x_wconf 88' lang='lat' dir='ltr'><strong>ab</strong></span> <span class='ocrx_word' id='word_1_532' title='bbox 3887 3210 3988 3262; x_wconf 83' lang='lat' dir='ltr'><strong>hac</strong></span> 
     </span>
    </p>
   </div>
   <div class='ocr_carea' id='block_1_74' title="bbox 2407 3307 3988 3380">
    <p class='ocr_par' dir='ltr' id='par_1_74' title="bbox 2407 3307 3988 3380">
     <span class='ocr_line' id='line_1_74' title="bbox 2407 3307 3988 3380; baseline -0.006 -16"><span class='ocrx_word' id='word_1_533' title='bbox 2407 3311 2732 3380; x_wconf 91' lang='lat' dir='ltr'><strong>depulsione</strong></span> <span class='ocrx_word' id='word_1_534' title='bbox 2756 3325 2932 3378; x_wconf 88' lang='lat' dir='ltr'><strong>usque</strong></span> <span class='ocrx_word' id='word_1_535' title='bbox 2952 3311 3018 3364; x_wconf 91' lang='lat' dir='ltr'><strong>ad</strong></span> <span class='ocrx_word' id='word_1_536' title='bbox 3049 3311 3172 3380; x_wconf 90' lang='lat' dir='ltr'><strong>ejus</strong></span> <span class='ocrx_word' id='word_1_537' title='bbox 3198 3307 3604 3363; x_wconf 82' lang='lat' dir='ltr'><strong>revocationem</strong></span> <span class='ocrx_word' id='word_1_538' title='bbox 3632 3313 3784 3358; x_wconf 88' lang='lat' dir='ltr'><strong>recte</strong></span> <span class='ocrx_word' id='word_1_539' title='bbox 3810 3317 3988 3355; x_wconf 84' lang='lat' dir='ltr'><strong>annos</strong></span> 
     </span>
    </p>
   </div>
   <div class='ocr_carea' id='block_1_75' title="bbox 2409 3396 3984 3472">
    <p class='ocr_par' dir='ltr' id='par_1_75' title="bbox 2409 3396 3984 3472">
     <span class='ocr_line' id='line_1_75' title="bbox 2409 3396 3984 3472; baseline -0.006 -15"><span class='ocrx_word' id='word_1_540' title='bbox 2409 3413 2664 3458; x_wconf 90' lang='lat' dir='ltr'><strong>numerat</strong></span> <span class='ocrx_word' id='word_1_541' title='bbox 2676 3403 2766 3458; x_wconf 70' lang='lat'><strong>25.</strong></span> <span class='ocrx_word' id='word_1_542' title='bbox 2789 3404 3096 3472; x_wconf 75' lang='lat' dir='ltr'><strong>Entychius</strong></span> <span class='ocrx_word' id='word_1_543' title='bbox 3114 3412 3249 3457; x_wconf 90' lang='lat' dir='ltr'><strong>tom.</strong></span> <span class='ocrx_word' id='word_1_544' title='bbox 3276 3402 3342 3465; x_wconf 92' lang='lat' dir='ltr'><strong>ll,</strong></span> <span class='ocrx_word' id='word_1_545' title='bbox 3364 3417 3486 3470; x_wconf 89' lang='lat' dir='ltr'><strong>pag.</strong></span> <span class='ocrx_word' id='word_1_546' title='bbox 3513 3399 3614 3452; x_wconf 85' lang='grc'><strong>185</strong></span> <span class='ocrx_word' id='word_1_547' title='bbox 3629 3399 3706 3453; x_wconf 91' lang='lat' dir='ltr'><strong>ait</strong></span> <span class='ocrx_word' id='word_1_548' title='bbox 3732 3396 3984 3464; x_wconf 88' lang='lat' dir='ltr'><strong>quidem,</strong></span> 
     </span>
    </p>
   </div>
   <div class='ocr_carea' id='block_1_76' title="bbox 2408 3488 3986 3556">
    <p class='ocr_par' dir='ltr' id='par_1_76' title="bbox 2408 3488 3986 3556">
     <span class='ocr_line' id='line_1_76' title="bbox 2408 3488 3986 3556; baseline -0.007 -7"><span class='ocrx_word' id='word_1_549' title='bbox 2408 3510 2538 3549; x_wconf 90' lang='lat' dir='ltr'><strong>eum</strong></span> <span class='ocrx_word' id='word_1_550' title='bbox 2585 3501 2713 3548; x_wconf 89' lang='lat' dir='ltr'><strong>ante</strong></span> <span class='ocrx_word' id='word_1_551' title='bbox 2752 3495 3008 3548; x_wconf 80' lang='lat' dir='ltr'><strong>exsilium</strong></span> <span class='ocrx_word' id='word_1_552' title='bbox 3053 3509 3147 3547; x_wconf 88' lang='lat' dir='ltr'><strong>sex</strong></span> <span class='ocrx_word' id='word_1_553' title='bbox 3196 3501 3409 3546; x_wconf 90' lang='lat' dir='ltr'><strong>tantum</strong></span> <span class='ocrx_word' id='word_1_554' title='bbox 3460 3491 3620 3544; x_wconf 89' lang='lat' dir='ltr'><strong>annis</strong></span> <span class='ocrx_word' id='word_1_555' title='bbox 3657 3488 3986 3556; x_wconf 90' lang='lat' dir='ltr'><strong>episcopum</strong></span> 
     </span>
    </p>
   </div>
   <div class='ocr_carea' id='block_1_77' title="bbox 2411 3586 3985 3653">
    <p class='ocr_par' dir='ltr' id='par_1_77' title="bbox 2411 3586 3985 3653">
     <span class='ocr_line' id='line_1_77' title="bbox 2411 3586 3985 3653; baseline -0.008 -13"><span class='ocrx_word' id='word_1_556' title='bbox 2411 3587 2621 3651; x_wconf 88' lang='lat' dir='ltr'><strong>fuisse;</strong></span> <span class='ocrx_word' id='word_1_557' title='bbox 2647 3586 2743 3640; x_wconf 90' lang='lat' dir='ltr'><strong>sed</strong></span> <span class='ocrx_word' id='word_1_558' title='bbox 2776 3603 3024 3640; x_wconf 92' lang='lat' dir='ltr'><strong>errorem</strong></span> <span class='ocrx_word' id='word_1_559' title='bbox 3054 3586 3206 3638; x_wconf 89' lang='lat' dir='ltr'><strong>hunc</strong></span> <span class='ocrx_word' id='word_1_560' title='bbox 3242 3591 3500 3653; x_wconf 87' lang='lat' dir='ltr'><strong>arguent,</strong></span> <span class='ocrx_word' id='word_1_561' title='bbox 3527 3596 3649 3650; x_wconf 70' lang='lat' dir='ltr'><strong>qua:</strong></span> <span class='ocrx_word' id='word_1_562' title='bbox 3678 3594 3836 3632; x_wconf 89' lang='lat' dir='ltr'><strong>num.</strong></span> <span class='ocrx_word' id='word_1_563' title='bbox 3868 3591 3985 3645; x_wconf 86' lang='lat' dir='ltr'><strong>seq.</strong></span> 
     </span>
    </p>
   </div>
   <div class='ocr_carea' id='block_1_78' title="bbox 2413 3669 3990 3737">
    <p class='ocr_par' dir='ltr' id='par_1_78' title="bbox 2413 3669 3990 3737">
     <span class='ocr_line' id='line_1_78' title="bbox 2413 3669 3990 3737; baseline -0.006 -7"><span class='ocrx_word' id='word_1_564' title='bbox 2413 3677 2481 3731; x_wconf 87' lang='lat' dir='ltr'><strong>de</strong></span> <span class='ocrx_word' id='word_1_565' title='bbox 2504 3677 2778 3730; x_wconf 90' lang='lat' dir='ltr'><strong>Anastasii</strong></span> <span class='ocrx_word' id='word_1_566' title='bbox 2822 3677 3176 3731; x_wconf 90' lang='lat' dir='ltr'><strong>restitutione</strong></span> <span class='ocrx_word' id='word_1_567' title='bbox 3206 3674 3442 3729; x_wconf 89' lang='lat' dir='ltr'><strong>dicenda</strong></span> <span class='ocrx_word' id='word_1_568' title='bbox 3488 3682 3641 3733; x_wconf 90' lang='lat' dir='ltr'><strong>sunt,</strong></span> <span class='ocrx_word' id='word_1_569' title='bbox 3676 3685 3745 3724; x_wconf 88' lang='lat' dir='ltr'><strong>ex</strong></span> <span class='ocrx_word' id='word_1_570' title='bbox 3785 3669 3990 3737; x_wconf 87' lang='lat' dir='ltr'><strong>quibus</strong></span> 
     </span>
    </p>
   </div>
   <div class='ocr_carea' id='block_1_79' title="bbox 2412 3761 3988 3821">
    <p class='ocr_par' dir='ltr' id='par_1_79' title="bbox 2412 3761 3988 3821">
     <span class='ocr_line' id='line_1_79' title="bbox 2412 3761 3988 3821; baseline -0.007 0"><span class='ocrx_word' id='word_1_571' title='bbox 2412 3769 2576 3821; x_wconf 90' lang='lat' dir='ltr'><strong>etiam</strong></span> <span class='ocrx_word' id='word_1_572' title='bbox 2608 3767 2968 3821; x_wconf 87' lang='lat' dir='ltr'><strong>chronotaxis</strong></span> <span class='ocrx_word' id='word_1_573' title='bbox 2991 3767 3300 3821; x_wconf 89' lang='lat' dir='ltr'><strong>Baroniana</strong></span> <span class='ocrx_word' id='word_1_574' title='bbox 3331 3761 3746 3820; x_wconf 87' lang='lat' dir='ltr'><strong>emendabitur,</strong></span> <span class='ocrx_word' id='word_1_575' title='bbox 3778 3774 3842 3811; x_wconf 91' lang='lat' dir='ltr'><strong>ae</strong></span> <span class='ocrx_word' id='word_1_576' title='bbox 3874 3767 3988 3812; x_wconf 87' lang='lat' dir='ltr'><strong>sta-</strong></span> 
     </span>
    </p>
   </div>
   <div class='ocr_carea' id='block_1_80' title="bbox 2414 3849 3991 3920">
    <p class='ocr_par' dir='ltr' id='par_1_80' title="bbox 2414 3849 3991 3920">
     <span class='ocr_line' id='line_1_80' title="bbox 2414 3849 3991 3920; baseline -0.008 -7"><span class='ocrx_word' id='word_1_577' title='bbox 2414 3859 2642 3913; x_wconf 90' lang='lat' dir='ltr'><strong>bilietur</strong></span> <span class='ocrx_word' id='word_1_578' title='bbox 2677 3867 2884 3912; x_wconf 89' lang='lat' dir='ltr'><strong>nostra.</strong></span> <span class='ocrx_word' id='word_1_579' title='bbox 2909 3857 3190 3912; x_wconf 89' lang='lat' dir='ltr'><strong>Credibile</strong></span> <span class='ocrx_word' id='word_1_580' title='bbox 3221 3871 3357 3910; x_wconf 89' lang='lat' dir='ltr'><strong>vero</strong></span> <span class='ocrx_word' id='word_1_581' title='bbox 3395 3870 3505 3908; x_wconf 89' lang='lat' dir='ltr'><strong>non</strong></span> <span class='ocrx_word' id='word_1_582' title='bbox 3537 3861 3643 3915; x_wconf 90' lang='lat' dir='ltr'><strong>est,</strong></span> <span class='ocrx_word' id='word_1_583' title='bbox 3674 3849 3825 3920; x_wconf 91' lang='lat' dir='ltr'><strong>quod</strong></span> <span class='ocrx_word' id='word_1_584' title='bbox 3869 3851 3991 3902; x_wconf 77' lang='lat' dir='ltr'><strong>loco</strong></span> 
     </span>
    </p>
   </div>
   <div class='ocr_carea' id='block_1_81' title="bbox 2416 3941 3990 4019">
    <p class='ocr_par' dir='ltr' id='par_1_81' title="bbox 2416 3941 3990 4019">
     <span class='ocr_line' id='line_1_81' title="bbox 2416 3941 3990 4019; baseline -0.008 -14"><span class='ocrx_word' id='word_1_585' title='bbox 2416 3951 2586 4005; x_wconf 85' lang='lat' dir='ltr'><strong>citato</strong></span> <span class='ocrx_word' id='word_1_586' title='bbox 2606 3957 2798 4003; x_wconf 87' lang='lat' dir='ltr'><strong>narrat</strong></span> <span class='ocrx_word' id='word_1_587' title='bbox 2816 3949 3138 4019; x_wconf 85' lang='lat' dir='ltr'><strong>Eutyehius,</strong></span> <span class='ocrx_word' id='word_1_588' title='bbox 3164 3953 3588 4000; x_wconf 78' lang='lat' dir='ltr'><strong>exauctoratum</strong></span> <span class='ocrx_word' id='word_1_589' title='bbox 3611 3941 3990 4001; x_wconf 85' lang='lat' dir='ltr'><strong>Anastasium,</strong></span> 
     </span>
    </p>
   </div>
   <div class='ocr_carea' id='block_1_82' title="bbox 2423 4033 3989 4106">
    <p class='ocr_par' dir='ltr' id='par_1_82' title="bbox 2423 4033 3989 4106">
     <span class='ocr_line' id='line_1_82' title="bbox 2423 4033 3989 4106; baseline -0.008 -12"><span class='ocrx_word' id='word_1_590' title='bbox 2423 4063 2440 4093; x_wconf 73' lang='grc' dir='ltr'><strong>ι</strong></span> <span class='ocrx_word' id='word_1_591' title='bbox 2472 4040 2824 4094; x_wconf 89' lang='lat' dir='ltr'><strong>dissimulato</strong></span> <span class='ocrx_word' id='word_1_592' title='bbox 2864 4039 3082 4101; x_wconf 90' lang='lat' dir='ltr'><strong>habitu,</strong></span> <span class='ocrx_word' id='word_1_593' title='bbox 3112 4036 3488 4106; x_wconf 81' lang='lat' dir='ltr'><strong>Hierosolyma</strong></span> <span class='ocrx_word' id='word_1_594' title='bbox 3509 4033 3818 4103; x_wconf 89' lang='lat' dir='ltr'><strong>profectum</strong></span> <span class='ocrx_word' id='word_1_595' title='bbox 3843 4043 3989 4091; x_wconf 86' lang='lat' dir='ltr'><strong>esse,</strong></span> 
     </span>
    </p>
   </div>
   <div class='ocr_carea' id='block_1_83' title="bbox 2420 4121 3988 4197">
    <p class='ocr_par' dir='ltr' id='par_1_83' title="bbox 2420 4121 3988 4197">
     <span class='ocr_line' id='line_1_83' title="bbox 2420 4121 3988 4197; baseline -0.008 -10"><span class='ocrx_word' id='word_1_596' title='bbox 2420 4133 2513 4186; x_wconf 93' lang='lat' dir='ltr'><strong>ubi</strong></span> <span class='ocrx_word' id='word_1_597' title='bbox 2548 4133 2604 4186; x_wconf 92' lang='lat' dir='ltr'><strong>in</strong></span> <span class='ocrx_word' id='word_1_598' title='bbox 2666 4131 2873 4197; x_wconf 86' lang='lat' dir='ltr'><strong>templo</strong></span> <span class='ocrx_word' id='word_1_599' title='bbox 2929 4129 3376 4183; x_wconf 83' lang='lat' dir='ltr'><strong>Resurrectionis</strong></span> <span class='ocrx_word' id='word_1_600' title='bbox 3424 4125 3750 4192; x_wconf 85' lang='lat' dir='ltr'><strong>eandelapta</strong></span> <span class='ocrx_word' id='word_1_601' title='bbox 3786 4121 3988 4183; x_wconf 86' lang='lat' dir='ltr'><strong>factus,</strong></span> 
     </span>
    </p>
   </div>
   <div class='ocr_carea' id='block_1_84' title="bbox 2420 4211 3991 4286">
    <p class='ocr_par' dir='ltr' id='par_1_84' title="bbox 2420 4211 3991 4286">
     <span class='ocr_line' id='line_1_84' title="bbox 2420 4211 3991 4286; baseline -0.01 -10"><span class='ocrx_word' id='word_1_602' title='bbox 2420 4223 2675 4276; x_wconf 87' lang='lat' dir='ltr'><strong>lucernas</strong></span> <span class='ocrx_word' id='word_1_603' title='bbox 2703 4219 3041 4285; x_wconf 85' lang='lat' dir='ltr'><strong>accenderit,</strong></span> <span class='ocrx_word' id='word_1_604' title='bbox 3070 4231 3248 4286; x_wconf 88' lang='lat' dir='ltr'><strong>eoque</strong></span> <span class='ocrx_word' id='word_1_605' title='bbox 3275 4230 3504 4270; x_wconf 90' lang='lat' dir='ltr'><strong>munere</strong></span> <span class='ocrx_word' id='word_1_606' title='bbox 3541 4214 3611 4268; x_wconf 62' lang='lat'><strong>24</strong></span> <span class='ocrx_word' id='word_1_607' title='bbox 3639 4213 3805 4265; x_wconf 90' lang='lat' dir='ltr'><strong>annis</strong></span> <span class='ocrx_word' id='word_1_608' title='bbox 3863 4211 3991 4262; x_wconf 86' lang='lat' dir='ltr'><strong>fun-</strong></span> 
     </span>
    </p>
   </div>
   <div class='ocr_carea' id='block_1_85' title="bbox 2420 4299 3992 4375">
    <p class='ocr_par' dir='ltr' id='par_1_85' title="bbox 2420 4299 3992 4375">
     <span class='ocr_line' id='line_1_85' title="bbox 2420 4299 3992 4375; baseline -0.01 -10"><span class='ocrx_word' id='word_1_609' title='bbox 2420 4321 2543 4366; x_wconf 89' lang='lat' dir='ltr'><strong>ctus</strong></span> <span class='ocrx_word' id='word_1_610' title='bbox 2565 4311 2707 4366; x_wconf 87' lang='lat' dir='ltr'><strong>sit...</strong></span> <span class='ocrx_word' id='word_1_611' title='bbox 2732 4310 2951 4364; x_wconf 90' lang='lat' dir='ltr'><strong>nemine</strong></span> <span class='ocrx_word' id='word_1_612' title='bbox 2983 4309 3204 4362; x_wconf 89' lang='lat' dir='ltr'><strong>interim</strong></span> <span class='ocrx_word' id='word_1_613' title='bbox 3233 4306 3414 4375; x_wconf 88' lang='lat' dir='ltr'><strong>ipsum</strong></span> <span class='ocrx_word' id='word_1_614' title='bbox 3455 4302 3833 4372; x_wconf 86' lang='lat' dir='ltr'><strong>patriarcbatu</strong></span> <span class='ocrx_word' id='word_1_615' title='bbox 3863 4299 3992 4352; x_wconf 88' lang='lat' dir='ltr'><strong>fun-</strong></span> 
     </span>
    </p>
   </div>
   <div class='ocr_carea' id='block_1_86' title="bbox 2422 4390 3994 4468">
    <p class='ocr_par' dir='ltr' id='par_1_86' title="bbox 2422 4390 3994 4468">
     <span class='ocr_line' id='line_1_86' title="bbox 2422 4390 3994 4468; baseline -0.008 -14"><span class='ocrx_word' id='word_1_616' title='bbox 2422 4411 2569 4454; x_wconf 91' lang='lat' dir='ltr'><strong>ctum</strong></span> <span class='ocrx_word' id='word_1_617' title='bbox 2598 4416 2718 4454; x_wconf 87' lang='lat' dir='ltr'><strong>esse</strong></span> <span class='ocrx_word' id='word_1_618' title='bbox 2742 4399 3102 4468; x_wconf 85' lang='lat' dir='ltr'><strong>dignoseente</strong></span> <span class='ocrx_word' id='word_1_619' title='bbox 3134 4415 3149 4450; x_wconf 89' lang='lat'>:</span> <span class='ocrx_word' id='word_1_620' title='bbox 3184 4415 3203 4449; x_wconf 74' lang='grc' dir='ltr'><strong>ι</strong></span> <span class='ocrx_word' id='word_1_621' title='bbox 3241 4397 3361 4450; x_wconf 72' lang='lat' dir='ltr'><strong>haec</strong></span> <span class='ocrx_word' id='word_1_622' title='bbox 3378 4394 3526 4447; x_wconf 91' lang='lat' dir='ltr'><strong>enim</strong></span> <span class='ocrx_word' id='word_1_623' title='bbox 3556 4407 3666 4445; x_wconf 91' lang='lat' dir='ltr'><strong>non</strong></span> <span class='ocrx_word' id='word_1_624' title='bbox 3703 4390 3994 4444; x_wconf 73' lang='lat' dir='ltr'><strong>coha~rent</strong></span> 
     </span>
    </p>
   </div>
   <div class='ocr_carea' id='block_1_87' title="bbox 751 4478 3990 4557">
    <p class='ocr_par' dir='ltr' id='par_1_87' title="bbox 751 4478 3990 4557">
     <span class='ocr_line' id='line_1_87' title="bbox 751 4478 3990 4557; baseline -0.001 -23"><span class='ocrx_word' id='word_1_625' title='bbox 751 4482 998 4551; x_wconf 88' lang='lat' dir='ltr'><strong>Augusto</strong></span> <span class='ocrx_word' id='word_1_626' title='bbox 1019 4492 1113 4537; x_wconf 88' lang='lat' dir='ltr'><strong>aut</strong></span> <span class='ocrx_word' id='word_1_627' title='bbox 1132 4482 1441 4551; x_wconf 91' lang='lat' dir='ltr'><strong>Septembri</strong></span> <span class='ocrx_word' id='word_1_628' title='bbox 1466 4484 2048 4554; x_wconf 85' lang='lat' dir='ltr'><strong>:obtinuitque,juxta</strong></span> <span class='ocrx_word' id='word_1_629' title='bbox 2067 4494 2318 4539; x_wconf 85' lang='lat' dir='ltr'><strong>sanctum</strong></span> <span class='ocrx_word' id='word_1_630' title='bbox 2351 4479 2396 4534; x_wconf 88' lang='lat' dir='ltr'><strong><em>D</em></strong></span> <span class='ocrx_word' id='word_1_631' title='bbox 2425 4507 2550 4545; x_wconf 88' lang='lat' dir='ltr'><strong>cum</strong></span> <span class='ocrx_word' id='word_1_632' title='bbox 2578 4489 2830 4557; x_wconf 87' lang='lat' dir='ltr'><strong>epistolis</strong></span> <span class='ocrx_word' id='word_1_633' title='bbox 2869 4488 3045 4542; x_wconf 85' lang='lat' dir='ltr'><strong>sancti</strong></span> <span class='ocrx_word' id='word_1_634' title='bbox 3074 4484 3328 4555; x_wconf 86' lang='lat' dir='ltr'><strong>Gregorii</strong></span> <span class='ocrx_word' id='word_1_635' title='bbox 3376 4481 3554 4553; x_wconf 78' lang='lat' dir='ltr'><strong>Magni</strong></span> <span class='ocrx_word' id='word_1_636' title='bbox 3581 4491 3698 4534; x_wconf 93' lang='lat' dir='ltr'><strong>tum</strong></span> <span class='ocrx_word' id='word_1_637' title='bbox 3734 4478 3805 4532; x_wconf 87' lang='lat' dir='ltr'><strong>de</strong></span> <span class='ocrx_word' id='word_1_638' title='bbox 3847 4479 3990 4548; x_wconf 87' lang='lat' dir='ltr'><strong>ipso,</strong></span> 
     </span>
    </p>
   </div>
   <div class='ocr_carea' id='block_1_88' title="bbox 749 4575 2320 4646">
    <p class='ocr_par' dir='ltr' id='par_1_88' title="bbox 749 4575 2320 4646">
     <span class='ocr_line' id='line_1_88' title="bbox 749 4575 2320 4646; baseline 0.001 -17"><span class='ocrx_word' id='word_1_639' title='bbox 749 4575 1123 4643; x_wconf 81' lang='lat' dir='ltr'><strong>Nicephorum</strong></span> <span class='ocrx_word' id='word_1_640' title='bbox 1152 4592 1216 4630; x_wconf 90' lang='lat' dir='ltr'><strong>ac</strong></span> <span class='ocrx_word' id='word_1_641' title='bbox 1242 4577 1662 4644; x_wconf 84' lang='lat' dir='ltr'><strong>Theophanem,</strong></span> <span class='ocrx_word' id='word_1_642' title='bbox 1694 4593 1791 4646; x_wconf 91' lang='lat' dir='ltr'><strong>per</strong></span> <span class='ocrx_word' id='word_1_643' title='bbox 1815 4593 1990 4631; x_wconf 90' lang='lat' dir='ltr'><strong>annos</strong></span> <span class='ocrx_word' id='word_1_644' title='bbox 2021 4577 2320 4642; x_wconf 88' lang='lat' dir='ltr'><strong>undecim;</strong></span> 
     </span>
    </p>
   </div>
   <div class='ocr_carea' id='block_1_89' title="bbox 751 4666 2323 4738">
    <p class='ocr_par' dir='ltr' id='par_1_89' title="bbox 751 4666 2323 4738">
     <span class='ocr_line' id='line_1_89' title="bbox 751 4666 2323 4738; baseline 0.004 -19"><span class='ocrx_word' id='word_1_645' title='bbox 751 4675 918 4734; x_wconf 91' lang='lat' dir='ltr'><strong>atque</strong></span> <span class='ocrx_word' id='word_1_646' title='bbox 951 4666 1090 4720; x_wconf 90' lang='lat' dir='ltr'><strong>adeo</strong></span> <span class='ocrx_word' id='word_1_647' title='bbox 1133 4683 1307 4735; x_wconf 89' lang='lat' dir='ltr'><strong>usque</strong></span> <span class='ocrx_word' id='word_1_648' title='bbox 1342 4668 1409 4721; x_wconf 92' lang='lat' dir='ltr'><strong>ad</strong></span> <span class='ocrx_word' id='word_1_649' title='bbox 1450 4684 1651 4721; x_wconf 91' lang='lat' dir='ltr'><strong>annum</strong></span> <span class='ocrx_word' id='word_1_650' title='bbox 1683 4669 1888 4722; x_wconf 89' lang='lat' dir='ltr'><strong>Christi</strong></span> <span class='ocrx_word' id='word_1_651' title='bbox 1946 4669 2070 4732; x_wconf 81' lang='lat'><strong>570,</strong></span> <span class='ocrx_word' id='word_1_652' title='bbox 2101 4672 2323 4738; x_wconf 89' lang='lat' dir='ltr'><strong>quando</strong></span> 
     </span>
    </p>
   </div>
   <div class='ocr_carea' id='block_1_90' title="bbox 760 4758 2320 4829">
    <p class='ocr_par' dir='ltr' id='par_1_90' title="bbox 760 4758 2320 4829">
     <span class='ocr_line' id='line_1_90' title="bbox 760 4758 2320 4829; baseline 0.004 -22"><span class='ocrx_word' id='word_1_653' title='bbox 760 4773 780 4806; x_wconf 71' lang='grc' dir='ltr'><strong>ε</strong></span> <span class='ocrx_word' id='word_1_654' title='bbox 820 4771 1051 4823; x_wconf 83' lang='lat' dir='ltr'><strong>magnus</strong></span> <span class='ocrx_word' id='word_1_655' title='bbox 1089 4758 1178 4810; x_wconf 87' lang='lat' dir='ltr'><strong>ille</strong></span> <span class='ocrx_word' id='word_1_656' title='bbox 1207 4759 1533 4812; x_wconf 89' lang='lat' dir='ltr'><strong>Anastasius</strong></span> <span class='ocrx_word' id='word_1_657' title='bbox 1561 4760 1871 4813; x_wconf 62' lang='lat' dir='ltr'><strong>Antiochia:</strong></span> <span class='ocrx_word' id='word_1_658' title='bbox 1902 4760 2320 4829; x_wconf 88' lang='lat' dir='ltr'><strong>episcopus.....</strong></span> 
     </span>
    </p>
   </div>
   <div class='ocr_carea' id='block_1_91' title="bbox 753 4845 2323 4921">
    <p class='ocr_par' dir='ltr' id='par_1_91' title="bbox 753 4845 2323 4921">
     <span class='ocr_line' id='line_1_91' title="bbox 753 4845 2323 4921; baseline 0.003 -19"><span class='ocrx_word' id='word_1_659' title='bbox 753 4845 956 4902; x_wconf 84' lang='lat' dir='ltr'><strong>Justini</strong></span> <span class='ocrx_word' id='word_1_660' title='bbox 992 4850 1250 4903; x_wconf 85' lang='lat' dir='ltr'><strong>mandato</strong></span> <span class='ocrx_word' id='word_1_661' title='bbox 1284 4851 1414 4904; x_wconf 90' lang='lat' dir='ltr'><strong>sede</strong></span> <span class='ocrx_word' id='word_1_662' title='bbox 1449 4851 1718 4921; x_wconf 89' lang='lat' dir='ltr'><strong>depulsus</strong></span> <span class='ocrx_word' id='word_1_663' title='bbox 1740 4860 1846 4916; x_wconf 89' lang='lat' dir='ltr'><strong>est,</strong></span> <span class='ocrx_word' id='word_1_664' title='bbox 1867 4870 1885 4902; x_wconf 71' lang='grc' dir='ltr'><strong>ι</strong></span> <span class='ocrx_word' id='word_1_665' title='bbox 1924 4852 2108 4920; x_wconf 89' lang='lat' dir='ltr'><strong>inquit</strong></span> <span class='ocrx_word' id='word_1_666' title='bbox 2139 4852 2323 4908; x_wconf 88' lang='lat' dir='ltr'><strong>Theo-</strong></span> 
     </span>
    </p>
   </div>
   <div class='ocr_carea' id='block_1_92' title="bbox 2423 4572 3996 4648">
    <p class='ocr_par' dir='ltr' id='par_1_92' title="bbox 2423 4572 3996 4648">
     <span class='ocr_line' id='line_1_92' title="bbox 2423 4572 3996 4648; baseline -0.008 -13"><span class='ocrx_word' id='word_1_667' title='bbox 2423 4593 2536 4637; x_wconf 88' lang='lat' dir='ltr'><strong>tmn</strong></span> <span class='ocrx_word' id='word_1_668' title='bbox 2565 4580 2632 4634; x_wconf 92' lang='lat' dir='ltr'><strong>ad</strong></span> <span class='ocrx_word' id='word_1_669' title='bbox 2690 4581 2869 4648; x_wconf 90' lang='lat' dir='ltr'><strong>ipsum</strong></span> <span class='ocrx_word' id='word_1_670' title='bbox 2918 4577 3165 4633; x_wconf 90' lang='lat' dir='ltr'><strong>nondum</strong></span> <span class='ocrx_word' id='word_1_671' title='bbox 3200 4584 3520 4632; x_wconf 81' lang='lat' dir='ltr'><strong>revocatum</strong></span> <span class='ocrx_word' id='word_1_672' title='bbox 3577 4572 3820 4640; x_wconf 88' lang='lat' dir='ltr'><strong>scriptis,</strong></span> <span class='ocrx_word' id='word_1_673' title='bbox 3873 4585 3996 4641; x_wconf 65' lang='lat' dir='ltr'><strong>qua</strong></span> 
     </span>
    </p>
   </div>
   <div class='ocr_carea' id='block_1_93' title="bbox 2419 4658 3994 4737">
    <p class='ocr_par' dir='ltr' id='par_1_93' title="bbox 2419 4658 3994 4737">
     <span class='ocr_line' id='line_1_93' title="bbox 2419 4658 3994 4737; baseline -0.009 -13"><span class='ocrx_word' id='word_1_674' title='bbox 2419 4686 2549 4724; x_wconf 88' lang='lat' dir='ltr'><strong>sane</strong></span> <span class='ocrx_word' id='word_1_675' title='bbox 2585 4677 2692 4721; x_wconf 89' lang='lat' dir='ltr'><strong>tam</strong></span> <span class='ocrx_word' id='word_1_676' title='bbox 2723 4669 2968 4737; x_wconf 90' lang='lat' dir='ltr'><strong>ignotum</strong></span> <span class='ocrx_word' id='word_1_677' title='bbox 3002 4666 3130 4736; x_wconf 88' lang='lat' dir='ltr'><strong>ﬁngi</strong></span> <span class='ocrx_word' id='word_1_678' title='bbox 3162 4681 3264 4734; x_wconf 90' lang='lat' dir='ltr'><strong>per</strong></span> <span class='ocrx_word' id='word_1_679' title='bbox 3307 4665 3362 4719; x_wconf 93' lang='lat' dir='ltr'><strong>id</strong></span> <span class='ocrx_word' id='word_1_680' title='bbox 3397 4673 3614 4732; x_wconf 90' lang='lat' dir='ltr'><strong>tempus</strong></span> <span class='ocrx_word' id='word_1_681' title='bbox 3638 4658 3994 4714; x_wconf 85' lang='lat' dir='ltr'><strong>Anastasium</strong></span> 
     </span>
    </p>
   </div>
   <div class='ocr_carea' id='block_1_94' title="bbox 2421 4761 3084 4828">
    <p class='ocr_par' dir='ltr' id='par_1_94' title="bbox 2421 4761 3084 4828">
     <span class='ocr_line' id='line_1_94' title="bbox 2421 4761 3084 4828; baseline -0.008 -13"><span class='ocrx_word' id='word_1_682' title='bbox 2421 4762 2745 4828; x_wconf 89' lang='lat' dir='ltr'><strong>neutiquam</strong></span> <span class='ocrx_word' id='word_1_683' title='bbox 2772 4761 3084 4827; x_wconf 75' lang='lat' dir='ltr'><strong>patiuntur.</strong></span> 
     </span>
    </p>
   </div>
   <div class='ocr_carea' id='block_1_95' title="bbox 1985 4977 2770 5044">
    <p class='ocr_par' dir='ltr' id='par_1_95' title="bbox 1985 4977 2770 5044">
     <span class='ocr_line' id='line_1_95' title="bbox 1985 4977 2770 5044; baseline -0.009 -6"><span class='ocrx_word' id='word_1_684' title='bbox 1985 4983 2138 5038; x_wconf 82' lang='lat' dir='ltr'><strong>(Acta</strong></span> <span class='ocrx_word' id='word_1_685' title='bbox 2177 4982 2272 5037; x_wconf 90' lang='lat' dir='ltr'><strong>SS.</strong></span> <span class='ocrx_word' id='word_1_686' title='bbox 2307 4983 2410 5036; x_wconf 87' lang='lat' dir='ltr'><strong>loc.</strong></span> <span class='ocrx_word' id='word_1_687' title='bbox 2439 4981 2532 5033; x_wconf 88' lang='lat' dir='ltr'><strong>cit.</strong></span> <span class='ocrx_word' id='word_1_688' title='bbox 2565 4995 2619 5040; x_wconf 88' lang='lat' dir='ltr'><strong>p.</strong></span> <span class='ocrx_word' id='word_1_689' title='bbox 2652 4977 2770 5044; x_wconf 89' lang='lat'><strong>99.)</strong></span> 
     </span>
    </p>
   </div>
   <div class='ocr_carea' id='block_1_96' title="bbox 829 5122 2322 5192">
    <p class='ocr_par' dir='ltr' id='par_1_96' title="bbox 829 5122 2322 5192">
     <span class='ocr_line' id='line_1_96' title="bbox 829 5122 2322 5192; baseline -0.004 -13"><span class='ocrx_word' id='word_1_690' title='bbox 829 5126 1132 5179; x_wconf 82' lang='lat' dir='ltr'><strong>Rcversum</strong></span> <span class='ocrx_word' id='word_1_691' title='bbox 1157 5123 1222 5176; x_wconf 90' lang='lat' dir='ltr'><strong>ad</strong></span> <span class='ocrx_word' id='word_1_692' title='bbox 1247 5124 1535 5192; x_wconf 89' lang='lat' dir='ltr'><strong>pristinam</strong></span> <span class='ocrx_word' id='word_1_693' title='bbox 1559 5122 1883 5192; x_wconf 88' lang='lat' dir='ltr'><strong>dignitatem</strong></span> <span class='ocrx_word' id='word_1_694' title='bbox 1906 5130 2158 5175; x_wconf 89' lang='lat' dir='ltr'><strong>sanctum</strong></span> <span class='ocrx_word' id='word_1_695' title='bbox 2176 5122 2322 5174; x_wconf 89' lang='lat' dir='ltr'><strong>Ana-</strong></span> 
     </span>
    </p>
   </div>
   <div class='ocr_carea' id='block_1_97' title="bbox 760 5213 2325 5278">
    <p class='ocr_par' dir='ltr' id='par_1_97' title="bbox 760 5213 2325 5278">
     <span class='ocr_line' id='line_1_97' title="bbox 760 5213 2325 5278; baseline -0.004 -8"><span class='ocrx_word' id='word_1_696' title='bbox 760 5217 990 5271; x_wconf 82' lang='lat' dir='ltr'><strong>stasium</strong></span> <span class='ocrx_word' id='word_1_697' title='bbox 1024 5231 1144 5270; x_wconf 90' lang='lat' dir='ltr'><strong>esse</strong></span> <span class='ocrx_word' id='word_1_698' title='bbox 1175 5231 1321 5268; x_wconf 90' lang='lat' dir='ltr'><strong>anno</strong></span> <span class='ocrx_word' id='word_1_699' title='bbox 1352 5214 1556 5269; x_wconf 87' lang='lat' dir='ltr'><strong>Christi</strong></span> <span class='ocrx_word' id='word_1_700' title='bbox 1585 5214 1708 5276; x_wconf 90' lang='grc'>595,</span> <span class='ocrx_word' id='word_1_701' title='bbox 1749 5228 1940 5267; x_wconf 89' lang='lat' dir='ltr'><strong>mense</strong></span> <span class='ocrx_word' id='word_1_702' title='bbox 1973 5213 2187 5274; x_wconf 81' lang='lat' dir='ltr'><strong>Martio,</strong></span> <span class='ocrx_word' id='word_1_703' title='bbox 2213 5213 2325 5278; x_wconf 89' lang='lat' dir='ltr'><strong>jam</strong></span> 
     </span>
    </p>
   </div>
   <div class='ocr_carea' id='block_1_98' title="bbox 761 5304 2329 5372">
    <p class='ocr_par' dir='ltr' id='par_1_98' title="bbox 761 5304 2329 5372">
     <span class='ocr_line' id='line_1_98' title="bbox 761 5304 2329 5372; baseline -0.003 -12"><span class='ocrx_word' id='word_1_704' title='bbox 761 5309 1125 5363; x_wconf 84' lang='lat' dir='ltr'><strong>ostendimus.</strong></span> <span class='ocrx_word' id='word_1_705' title='bbox 1163 5307 1367 5372; x_wconf 79' lang='lat' dir='ltr'><strong>Quare,</strong></span> <span class='ocrx_word' id='word_1_706' title='bbox 1399 5322 1524 5360; x_wconf 84' lang='lat' dir='ltr'><strong>cum</strong></span> <span class='ocrx_word' id='word_1_707' title='bbox 1553 5307 1705 5359; x_wconf 88' lang='lat' dir='ltr'><strong>illum</strong></span> <span class='ocrx_word' id='word_1_708' title='bbox 1727 5305 1928 5360; x_wconf 90' lang='lat' dir='ltr'><strong>deinde</strong></span> <span class='ocrx_word' id='word_1_709' title='bbox 1950 5304 2329 5358; x_wconf 73' lang='lat' dir='ltr'><strong>EcclesizeAn—</strong></span> 
     </span>
    </p>
   </div>
   <div class='ocr_carea' id='block_1_99' title="bbox 762 5397 2331 5466">
    <p class='ocr_par' dir='ltr' id='par_1_99' title="bbox 762 5397 2331 5466">
     <span class='ocr_line' id='line_1_99' title="bbox 762 5397 2331 5466; baseline -0.003 -14"><span class='ocrx_word' id='word_1_710' title='bbox 762 5400 1037 5452; x_wconf 71' lang='lat' dir='ltr'><strong>tiocbenaa</strong></span> <span class='ocrx_word' id='word_1_711' title='bbox 1080 5397 1407 5466; x_wconf 70' lang='lat' dir='ltr'><strong>praesedisse</strong></span> <span class='ocrx_word' id='word_1_712' title='bbox 1452 5413 1545 5450; x_wconf 82' lang='lat' dir='ltr'><strong>sex</strong></span> <span class='ocrx_word' id='word_1_713' title='bbox 1589 5397 1749 5450; x_wconf 90' lang='lat' dir='ltr'><strong>annis</strong></span> <span class='ocrx_word' id='word_1_714' title='bbox 1801 5405 2053 5449; x_wconf 84' lang='lat' dir='ltr'><strong>asseram</strong></span> <span class='ocrx_word' id='word_1_715' title='bbox 2107 5402 2331 5448; x_wconf 91' lang='lat' dir='ltr'><strong>sanctus</strong></span> 
     </span>
    </p>
   </div>
   <div class='ocr_carea' id='block_1_100' title="bbox 763 5486 2327 5557">
    <p class='ocr_par' dir='ltr' id='par_1_100' title="bbox 763 5486 2327 5557">
     <span class='ocr_line' id='line_1_100' title="bbox 763 5486 2327 5557; baseline -0.006 -11"><span class='ocrx_word' id='word_1_716' title='bbox 763 5489 1110 5557; x_wconf 78' lang='lat' dir='ltr'><strong>Nicephorus</strong></span> <span class='ocrx_word' id='word_1_717' title='bbox 1143 5489 1195 5540; x_wconf 91' lang='lat' dir='ltr'><strong>in</strong></span> <span class='ocrx_word' id='word_1_718' title='bbox 1227 5489 1423 5540; x_wconf 86' lang='lat' dir='ltr'><strong>chron.</strong></span> <span class='ocrx_word' id='word_1_719' title='bbox 1452 5497 1507 5541; x_wconf 92' lang='lat' dir='ltr'><strong>et</strong></span> <span class='ocrx_word' id='word_1_720' title='bbox 1556 5488 1610 5540; x_wconf 89' lang='lat' dir='ltr'><strong>in</strong></span> <span class='ocrx_word' id='word_1_721' title='bbox 1659 5487 1892 5540; x_wconf 89' lang='lat' dir='ltr'><strong>lamellis</strong></span> <span class='ocrx_word' id='word_1_722' title='bbox 1940 5486 2327 5555; x_wconf 88' lang='lat' dir='ltr'><strong>Theophanes,</strong></span> 
     </span>
    </p>
   </div>
   <div class='ocr_carea' id='block_1_101' title="bbox 767 5577 2332 5646">
    <p class='ocr_par' dir='ltr' id='par_1_101' title="bbox 767 5577 2332 5646">
     <span class='ocr_line' id='line_1_101' title="bbox 767 5577 2332 5646; baseline -0.003 -14"><span class='ocrx_word' id='word_1_723' title='bbox 767 5580 834 5632; x_wconf 86' lang='lat' dir='ltr'><strong>ad</strong></span> <span class='ocrx_word' id='word_1_724' title='bbox 880 5597 1085 5634; x_wconf 88' lang='lat' dir='ltr'><strong>annum</strong></span> <span class='ocrx_word' id='word_1_725' title='bbox 1115 5579 1318 5634; x_wconf 85' lang='lat' dir='ltr'><strong>Christi</strong></span> <span class='ocrx_word' id='word_1_726' title='bbox 1348 5580 1448 5632; x_wconf 81' lang='grc'><strong>599</strong></span> <span class='ocrx_word' id='word_1_727' title='bbox 1487 5579 1710 5632; x_wconf 91' lang='lat' dir='ltr'><strong>circiter</strong></span> <span class='ocrx_word' id='word_1_728' title='bbox 1770 5577 2058 5646; x_wconf 87' lang='lat' dir='ltr'><strong>pertigisse</strong></span> <span class='ocrx_word' id='word_1_729' title='bbox 2105 5590 2332 5628; x_wconf 88' lang='lat' dir='ltr'><strong>necesse</strong></span> 
     </span>
    </p>
   </div>
   <div class='ocr_carea' id='block_1_102' title="bbox 769 5665 2333 5736">
    <p class='ocr_par' dir='ltr' id='par_1_102' title="bbox 769 5665 2333 5736">
     <span class='ocr_line' id='line_1_102' title="bbox 769 5665 2333 5736; baseline -0.003 -14"><span class='ocrx_word' id='word_1_730' title='bbox 769 5679 873 5723; x_wconf 75' lang='lat' dir='ltr'><strong>est.</strong></span> <span class='ocrx_word' id='word_1_731' title='bbox 898 5669 1127 5724; x_wconf 80' lang='lat' dir='ltr'><strong>Vivebat</strong></span> <span class='ocrx_word' id='word_1_732' title='bbox 1153 5680 1301 5725; x_wconf 91' lang='lat' dir='ltr'><strong>certe</strong></span> <span class='ocrx_word' id='word_1_733' title='bbox 1324 5670 1525 5730; x_wconf 89' lang='lat' dir='ltr'><strong>adhuc,</strong></span> <span class='ocrx_word' id='word_1_734' title='bbox 1549 5668 1680 5721; x_wconf 91' lang='lat' dir='ltr'><strong>dum</strong></span> <span class='ocrx_word' id='word_1_735' title='bbox 1704 5683 1832 5720; x_wconf 91' lang='lat' dir='ltr'><strong>eum</strong></span> <span class='ocrx_word' id='word_1_736' title='bbox 1864 5683 1961 5736; x_wconf 91' lang='lat' dir='ltr'><strong>per</strong></span> <span class='ocrx_word' id='word_1_737' title='bbox 1981 5666 2275 5736; x_wconf 80' lang='lat' dir='ltr'><strong>epistolam</strong></span> <span class='ocrx_word' id='word_1_738' title='bbox 2299 5665 2333 5716; x_wconf 90' lang='grc'><strong>5</strong></span> 
     </span>
    </p>
   </div>
   <div class='ocr_carea' id='block_1_103' title="bbox 771 5756 2333 5831">
    <p class='ocr_par' dir='ltr' id='par_1_103' title="bbox 771 5756 2333 5831">
     <span class='ocr_line' id='line_1_103' title="bbox 771 5756 2333 5831; baseline -0.004 -17"><span class='ocrx_word' id='word_1_739' title='bbox 771 5762 900 5816; x_wconf 78' lang='lat' dir='ltr'><strong>libri</strong></span> <span class='ocrx_word' id='word_1_740' title='bbox 957 5778 1064 5830; x_wconf 89' lang='lat' dir='ltr'><strong>vn,</strong></span> <span class='ocrx_word' id='word_1_741' title='bbox 1109 5770 1332 5816; x_wconf 85' lang='lat' dir='ltr'><strong>sanctus</strong></span> <span class='ocrx_word' id='word_1_742' title='bbox 1394 5759 1699 5831; x_wconf 79' lang='lat' dir='ltr'><strong>Gregorius</strong></span> <span class='ocrx_word' id='word_1_743' title='bbox 1748 5757 1995 5827; x_wconf 88' lang='lat' dir='ltr'><strong>pontifex</strong></span> <span class='ocrx_word' id='word_1_744' title='bbox 2059 5756 2333 5811; x_wconf 87' lang='lat' dir='ltr'><strong>maximus</strong></span> 
     </span>
    </p>
   </div>
   <div class='ocr_carea' id='block_1_104' title="bbox 2426 5110 3996 5170">
    <p class='ocr_par' dir='ltr' id='par_1_104' title="bbox 2426 5110 3996 5170">
     <span class='ocr_line' id='line_1_104' title="bbox 2426 5110 3996 5170; baseline -0.003 0"><span class='ocrx_word' id='word_1_745' title='bbox 2426 5126 2662 5170; x_wconf 86' lang='lat' dir='ltr'><strong>exeunte</strong></span> <span class='ocrx_word' id='word_1_746' title='bbox 2686 5129 2832 5168; x_wconf 91' lang='lat' dir='ltr'><strong>anno</strong></span> <span class='ocrx_word' id='word_1_747' title='bbox 2868 5113 3072 5168; x_wconf 90' lang='lat' dir='ltr'><strong>Christi</strong></span> <span class='ocrx_word' id='word_1_748' title='bbox 3097 5113 3198 5167; x_wconf 83' lang='grc'><strong>597</strong></span> <span class='ocrx_word' id='word_1_749' title='bbox 3241 5110 3562 5166; x_wconf 87' lang='lat' dir='ltr'><strong>consolatus</strong></span> <span class='ocrx_word' id='word_1_750' title='bbox 3595 5118 3718 5164; x_wconf 88' lang='lat' dir='ltr'><strong>est:</strong></span> <span class='ocrx_word' id='word_1_751' title='bbox 3754 5125 3862 5165; x_wconf 88' lang='lat' dir='ltr'><strong>nec</strong></span> <span class='ocrx_word' id='word_1_752' title='bbox 3903 5113 3996 5166; x_wconf 87' lang='lat' dir='ltr'><strong>diu</strong></span> 
     </span>
    </p>
   </div>
   <div class='ocr_carea' id='block_1_105' title="bbox 2428 5204 3996 5274">
    <p class='ocr_par' dir='ltr' id='par_1_105' title="bbox 2428 5204 3996 5274">
     <span class='ocr_line' id='line_1_105' title="bbox 2428 5204 3996 5274; baseline -0.001 -12"><span class='ocrx_word' id='word_1_753' title='bbox 2428 5208 2724 5262; x_wconf 89' lang='lat' dir='ltr'><strong>admodum</strong></span> <span class='ocrx_word' id='word_1_754' title='bbox 2755 5207 2963 5261; x_wconf 90' lang='lat' dir='ltr'><strong>obiisse</strong></span> <span class='ocrx_word' id='word_1_755' title='bbox 2984 5213 3223 5274; x_wconf 86' lang='lat' dir='ltr'><strong>poterat,</strong></span> <span class='ocrx_word' id='word_1_756' title='bbox 3251 5220 3377 5259; x_wconf 90' lang='lat' dir='ltr'><strong>cum</strong></span> <span class='ocrx_word' id='word_1_757' title='bbox 3401 5204 3694 5257; x_wconf 84' lang='lat' dir='ltr'><strong>Anastasio</strong></span> <span class='ocrx_word' id='word_1_758' title='bbox 3723 5207 3996 5267; x_wconf 85' lang='lat' dir='ltr'><strong>secundo.</strong></span> 
     </span>
    </p>
   </div>
   <div class='ocr_carea' id='block_1_106' title="bbox 2429 5295 3998 5368">
    <p class='ocr_par' dir='ltr' id='par_1_106' title="bbox 2429 5295 3998 5368">
     <span class='ocr_line' id='line_1_106' title="bbox 2429 5295 3998 5368; baseline -0.002 -17"><span class='ocrx_word' id='word_1_759' title='bbox 2429 5299 2524 5368; x_wconf 90' lang='lat' dir='ltr'><strong>qui</strong></span> <span class='ocrx_word' id='word_1_760' title='bbox 2557 5298 2847 5351; x_wconf 89' lang='lat' dir='ltr'><strong>Anastasio</strong></span> <span class='ocrx_word' id='word_1_761' title='bbox 2881 5298 3060 5364; x_wconf 92' lang='lat' dir='ltr'><strong>primo</strong></span> <span class='ocrx_word' id='word_1_762' title='bbox 3086 5309 3280 5348; x_wconf 86' lang='lat' dir='ltr'><strong>recens</strong></span> <span class='ocrx_word' id='word_1_763' title='bbox 3298 5301 3664 5355; x_wconf 83' lang='lat' dir='ltr'><strong>successerat,</strong></span> <span class='ocrx_word' id='word_1_764' title='bbox 3693 5295 3998 5363; x_wconf 87' lang='lat' dir='ltr'><strong>statimque</strong></span> 
     </span>
    </p>
   </div>
   <div class='ocr_carea' id='block_1_107' title="bbox 2431 5385 3998 5458">
    <p class='ocr_par' dir='ltr' id='par_1_107' title="bbox 2431 5385 3998 5458">
     <span class='ocr_line' id='line_1_107' title="bbox 2431 5385 3998 5458; baseline -0.003 -17"><span class='ocrx_word' id='word_1_765' title='bbox 2431 5387 2831 5458; x_wconf 87' lang='lat' dir='ltr'><strong>professionem</strong></span> <span class='ocrx_word' id='word_1_766' title='bbox 2864 5387 2988 5440; x_wconf 88' lang='lat' dir='ltr'><strong>ﬁdei</strong></span> <span class='ocrx_word' id='word_1_767' title='bbox 3014 5386 3118 5440; x_wconf 88' lang='lat' dir='ltr'><strong>sub</strong></span> <span class='ocrx_word' id='word_1_768' title='bbox 3173 5386 3483 5454; x_wconf 88' lang='lat' dir='ltr'><strong>ingressum</strong></span> <span class='ocrx_word' id='word_1_769' title='bbox 3535 5385 3904 5454; x_wconf 89' lang='lat' dir='ltr'><strong>episcopatus</strong></span> <span class='ocrx_word' id='word_1_770' title='bbox 3933 5385 3998 5438; x_wconf 88' lang='lat' dir='ltr'><strong>ad</strong></span> 
     </span>
    </p>
   </div>
   <div class='ocr_carea' id='block_1_108' title="bbox 2431 5477 3998 5547">
    <p class='ocr_par' dir='ltr' id='par_1_108' title="bbox 2431 5477 3998 5547">
     <span class='ocr_line' id='line_1_108' title="bbox 2431 5477 3998 5547; baseline -0.003 -13"><span class='ocrx_word' id='word_1_771' title='bbox 2431 5490 2680 5535; x_wconf 90' lang='lat' dir='ltr'><strong>sanctum</strong></span> <span class='ocrx_word' id='word_1_772' title='bbox 2728 5478 3054 5547; x_wconf 87' lang='lat' dir='ltr'><strong>Gregorium</strong></span> <span class='ocrx_word' id='word_1_773' title='bbox 3111 5477 3529 5540; x_wconf 78' lang='lat' dir='ltr'><strong>destinaverat,.</strong></span> <span class='ocrx_word' id='word_1_774' title='bbox 3558 5492 3657 5545; x_wconf 88' lang='lat' dir='ltr'><strong>per</strong></span> <span class='ocrx_word' id='word_1_775' title='bbox 3696 5478 3998 5545; x_wconf 74' lang='lat' dir='ltr'><strong>epistolam</strong></span> 
     </span>
    </p>
   </div>
   <div class='ocr_carea' id='block_1_109' title="bbox 2431 5567 3998 5641">
    <p class='ocr_par' dir='ltr' id='par_1_109' title="bbox 2431 5567 3998 5641">
     <span class='ocr_line' id='line_1_109' title="bbox 2431 5567 3998 5641; baseline -0.005 -14"><span class='ocrx_word' id='word_1_776' title='bbox 2431 5575 2520 5636; x_wconf 69' lang='lat'><strong>£7,</strong></span> <span class='ocrx_word' id='word_1_777' title='bbox 2562 5574 2700 5627; x_wconf 85' lang='lat' dir='ltr'><strong>alias</strong></span> <span class='ocrx_word' id='word_1_778' title='bbox 2754 5573 2843 5634; x_wconf 67' lang='lat'><strong>48,</strong></span> <span class='ocrx_word' id='word_1_779' title='bbox 2871 5573 2971 5625; x_wconf 91' lang='lat' dir='ltr'><strong>lib.</strong></span> <span class='ocrx_word' id='word_1_780' title='bbox 3026 5589 3120 5634; x_wconf 82' lang='lat' dir='ltr'><strong>vn,</strong></span> <span class='ocrx_word' id='word_1_781' title='bbox 3156 5570 3482 5641; x_wconf 85' lang='lat' dir='ltr'><strong>respondit;</strong></span> <span class='ocrx_word' id='word_1_782' title='bbox 3534 5585 3700 5639; x_wconf 91' lang='lat' dir='ltr'><strong>quam</strong></span> <span class='ocrx_word' id='word_1_783' title='bbox 3745 5567 3998 5636; x_wconf 83' lang='lat' dir='ltr'><strong>Gregorii</strong></span> 
     </span>
    </p>
   </div>
   <div class='ocr_carea' id='block_1_110' title="bbox 2431 5657 3998 5733">
    <p class='ocr_par' dir='ltr' id='par_1_110' title="bbox 2431 5657 3998 5733">
     <span class='ocr_line' id='line_1_110' title="bbox 2431 5657 3998 5733; baseline -0.004 -16"><span class='ocrx_word' id='word_1_784' title='bbox 2431 5665 2721 5733; x_wconf 89' lang='lat' dir='ltr'><strong>epistolam</strong></span> <span class='ocrx_word' id='word_1_785' title='bbox 2752 5665 2950 5733; x_wconf 88' lang='lat' dir='ltr'><strong>Pagius</strong></span> <span class='ocrx_word' id='word_1_786' title='bbox 2980 5664 3034 5717; x_wconf 90' lang='lat' dir='ltr'><strong>in</strong></span> <span class='ocrx_word' id='word_1_787' title='bbox 3065 5662 3202 5717; x_wconf 89' lang='lat' dir='ltr'><strong>Crit.</strong></span> <span class='ocrx_word' id='word_1_788' title='bbox 3245 5663 3445 5716; x_wconf 84' lang='lat' dir='ltr'><strong>Baron.</strong></span> <span class='ocrx_word' id='word_1_789' title='bbox 3474 5661 3542 5715; x_wconf 85' lang='lat' dir='ltr'><strong>ad</strong></span> <span class='ocrx_word' id='word_1_790' title='bbox 3566 5675 3774 5714; x_wconf 82' lang='lat' dir='ltr'><strong>annum</strong></span> <span class='ocrx_word' id='word_1_791' title='bbox 3794 5657 3998 5714; x_wconf 85' lang='lat' dir='ltr'><strong>Christi</strong></span> 
     </span>
    </p>
   </div>
   <div class='ocr_carea' id='block_1_111' title="bbox 2434 5750 4000 5820">
    <p class='ocr_par' dir='ltr' id='par_1_111' title="bbox 2434 5750 4000 5820">
     <span class='ocr_line' id='line_1_111' title="bbox 2434 5750 4000 5820; baseline -0.003 -12"><span class='ocrx_word' id='word_1_792' title='bbox 2434 5755 2558 5820; x_wconf 82' lang='lat'><strong>599,</strong></span> <span class='ocrx_word' id='word_1_793' title='bbox 2594 5771 2750 5808; x_wconf 91' lang='lat' dir='ltr'><strong>num.</strong></span> <span class='ocrx_word' id='word_1_794' title='bbox 2782 5754 2835 5818; x_wconf 74' lang='grc'>2,</span> <span class='ocrx_word' id='word_1_795' title='bbox 2863 5753 3044 5808; x_wconf 88' lang='lat' dir='ltr'><strong>datam</strong></span> <span class='ocrx_word' id='word_1_796' title='bbox 3076 5753 3153 5807; x_wconf 80' lang='lat' dir='ltr'><strong>ait</strong></span> <span class='ocrx_word' id='word_1_797' title='bbox 3192 5774 3209 5806; x_wconf 81' lang='grc' dir='ltr'><strong>ι</strong></span> <span class='ocrx_word' id='word_1_798' title='bbox 3253 5752 3558 5808; x_wconf 86' lang='lat' dir='ltr'><strong>lndictione</strong></span> <span class='ocrx_word' id='word_1_799' title='bbox 3588 5767 3650 5817; x_wconf 89' lang='grc' dir='ltr'>ιι,</span> <span class='ocrx_word' id='word_1_800' title='bbox 3677 5765 3880 5806; x_wconf 79' lang='lat' dir='ltr'><strong>mense</strong></span> <span class='ocrx_word' id='word_1_801' title='bbox 3919 5750 4000 5804; x_wconf 74' lang='lat' dir='ltr'><strong>Ja~</strong></span> 
     </span>
    </p>
   </div>
  </div>
