4190 6438
245 326 384 390 1305
1761 341 1958 403 \‘I'l‘.\.
3346 336 3480 400 1306

240 453 480 501 nuarto;
557 438 797 509 indeque
863 450 1056 496 contra
1123 443 1423 498 Baronimn
1497 444 1818 509 concludit,
1863 496 1882 514 ι
1923 445 2243 501 Januarium
2301 443 2592 513 redigitur,
2622 461 2788 514 quam
2845 443 2913 498 ad
2960 459 3204 498 mensem
3231 444 3504 504 Junium?

237 532 517 584 Anastasii
569 533 731 601 primi
786 534 1004 588 obitum
1036 536 1103 588 ad
1141 553 1347 590 annum
1411 537 1818 606 praecedentem
1855 532 1892 547 ”
1929 537 2195 606 Equidem
2229 537 2333 591 hoc
2359 553 2528 590 unum
2568 539 2814 594 arbitror
2857 534 3057 591 conllci
3089 551 3158 590 ex
3216 538 3320 593 hoc
3356 540 3498 600 loco.

237 623 542 689 pertinere.
1928 644 2112 697 posse,
2142 629 2429 698 epistolam
2454 628 2602 681 illam
2661 644 2840 698 neque
2886 637 3012 683 ante
3055 629 3378 684 Januarium
3409 632 3496 684 in-

310 711 480 764 ltecte
526 712 580 764 id
633 714 881 783 quidem,
932 715 977 768 si
1030 717 1269 785 epistola
1325 717 1418 770 illa
1477 717 1684 786 scripta
1749 719 1821 773 sit
1923 721 2185 775 dictionis
2241 738 2273 774 ιι
2308 722 2530 775 missam
2562 737 2705 784 esse,
2752 737 2928 791 neque
2985 731 3108 792 post
3137 721 3384 776 Junium.
3426 723 3497 779 At

235 819 434 857 mense
459 805 756 871 Januario;
824 825 1018 862 verum
1082 811 1228 864 umle
1264 810 1317 863 id
1374 812 1628 865 constat?
1679 812 1818 866 Sane
1924 813 2050 866 inde
2081 828 2423 880 consequens
2450 814 2604 865 nullo
2631 813 2795 865 modo
2821 823 2905 867 cst
2961 823 3022 866 ut
3070 829 3180 867 non
3221 814 3352 867 totis
3377 815 3494 868 fere

233 897 518 951 editiones
570 915 673 968 ego
725 916 952 969 opermn
1003 904 1181 955 sancti
1249 902 1504 970 Gregorii
1560 905 1816 956 consului
1928 920 2020 959 sex
2053 905 2212 958 almis
2239 905 2561 958 Anastasius
2598 904 2837 973 primum
2867 906 3135 958 redditam
3168 905 3358 958 sedem
3395 919 3493 958 oc-

234 1000 503 1055 quatnor,
540 1006 775 1059 quarum
808 993 930 1046 dote
959 993 1224 1061 epistolas
1251 1010 1466 1057 onmcs,
1521 1011 1641 1062 qua:
1673 995 1817 1047 reci-
1921 996 2165 1065 cuparit;
2202 995 2511 1063 vixeritque
2547 995 2803 1064 proinde,
2860 1004 2918 1047 ut
2955 996 3168 1063 putavit
3199 996 3490 1060 Baronius,

236 1089 432 1133 tantur
460 1097 490 1133 a
528 1098 716 1136 mense
735 1085 1000 1138 Januario
1036 1099 1210 1153 usque
1249 1085 1316 1138 ad
1355 1085 1520 1138 linem
1557 1086 1818 1139 indictio—
1921 1104 2093 1158 usque
2126 1087 2192 1141 ad
2222 1104 2428 1140 annmn
2460 1087 2664 1141 Christi
2692 1089 2815 1151 599,
2879 1104 3235 1158 mensemque
3265 1091 3492 1144 circiter

1855 496 1892 547 A

232 1173 323 1224 nis
353 1189 412 1233 n,
441 1175 591 1226 nullo
610 1175 846 1243 amplius
875 1176 1200 1244 interposito
1221 1193 1408 1229 mense
1433 1176 1809 1244 distinguunt;

229 1264 358 1317 alia:
393 1265 538 1327 duae,
574 1283 770 1335 nempe
802 1268 1055 1321 Duaccua
1088 1269 1219 1322 anni
1252 1269 1405 1331 l6l5,
1436 1280 1491 1324 et
1520 1269 1812 1322 Labbcana

231 1364 369 1407 tom.
411 1354 451 1408 γ
477 1355 713 1420 Concil.,
745 1374 774 1412 a
801 1359 1064 1413 Januario
1095 1376 1268 1428 usque
1323 1360 1388 1413 ad
1442 1375 1688 1413 mensem
1711 1360 1811 1414 Ju-

228 1445 390 1509 lium,
423 1449 637 1502 nullum
679 1451 930 1518 epistolis
961 1456 1205 1505 metiscm
1241 1452 1602 1521 intcrjiciunt.
1663 1452 1810 1505 Inter

223 1539 498 1605 epistolas
521 1556 656 1593 vero
690 1543 810 1595 illas
837 1542 1078 1596 medium
1109 1543 1226 1596 fere
1262 1541 1445 1596 locum
1475 1542 1691 1596 obtinet
1719 1558 1805 1603 ea,

223 1626 295 1680 de
321 1644 431 1695 qua
455 1630 619 1685 nobis
645 1630 737 1685 hic
753 1648 936 1686 sermo
963 1643 1067 1686 est.
1100 1633 1214 1686 Cur
1263 1633 1430 1702 igitur
1458 1634 1688 1702 propius
1737 1632 1805 1686 ad

1919 1181 2190 1234 Martium.
2228 1181 2404 1234 Porro
2430 1197 2494 1233 es
2533 1180 2620 1232 his
2649 1180 2822 1247 liquet
2878 1179 3135 1249 Eutychii
3186 1182 3486 1249 prolapsio,

1914 1270 2006 1338 qui
2067 1280 2256 1322 sancto
2281 1270 2571 1323 Anastasio
2613 1271 2723 1339 jam
2751 1271 3005 1324 restituto
3055 1285 3233 1325 annos
3290 1285 3487 1324 novem

1914 1360 2154 1428 assignat
2195 1370 2330 1413 tom.
2360 1359 2423 1423 ll,
2464 1376 2586 1428 pag.
2632 1361 2750 1414 192.
2780 1361 3019 1428 Turpius
3048 1362 3270 1416 aberrat
3322 1360 3488 1413 Nice-

1914 1451 2125 1518 phorus
2148 1450 2430 1512 Callistus,
2468 1451 2586 1518 qui,
2621 1451 2807 1503 omnia
2832 1452 3197 1519 permiscens,
3251 1451 3485 1504 Anasta-

1912 1542 2056 1594 sium
2093 1543 2332 1611 primum
2374 1557 2545 1610 usque
2597 1541 2665 1595 ad
2698 1541 2893 1595 Phocae
2921 1550 3166 1610 tempora
3223 1543 3486 1612 relinquit

1912 1652 1965 1688 III
2003 1650 2160 1688 \‘lVIS.

1369 1772 1521 1841 (Acta
1557 1771 1652 1824 SS.
1689 1771 1864 1840 April.
1900 1782 1939 1826 t.
1977 1771 2043 1835 ll,
2075 1787 2130 1840 p.
2167 1771 2317 1840 853.)

297 1908 421 1961 Non
478 1907 675 1962 minori
732 1908 983 1964 doctrina
1007 1911 1081 1965 ob
1107 1911 1280 1965 libros
1315 1911 1553 1981 scriptos
1601 1913 1789 1965 claruit

1901 1910 2194 1981 prmposito
2235 1910 2398 1963 titulo
2428 1926 2441 1962 :
2466 1908 2572 1960 Τοῦ
2599 1909 2657 1960 ἐν
2689 1908 2862 1974 ἁγίοις
2892 1907 3104 1975 nam;
3129 1907 3284 1977 ἡμῶν
3327 1909 3482 1962 Ἀνα-

217 2010 452 2054 sanctus
475 2000 798 2055 Anastasius
844 2004 1159 2072 patriarcha
1200 2005 1604 2066 Antiochenus,
1642 2006 1803 2074 cujus

219 2094 440 2147 utinam
493 2093 756 2162 epistolas
784 2093 852 2146 ad
895 2104 1147 2147 sanctum
1182 2093 1508 2163 Gregorium
1549 2095 1798 2164 Magnum

216 2190 279 2236 et
329 2183 472 2236 alios
525 2184 674 2235 viros
739 2183 987 2236 illustres
1039 2183 1386 2252 conscriptas
1443 2184 1794 2239 haberenms.

217 2274 497 2327 Nonnulla
543 2289 609 2327 ex
641 2275 815 2328 sancti
849 2274 1102 2344 Gregorii
1141 2276 1421 2344 responsis
1446 2287 1502 2330 et
1549 2278 1799 2346 epistolis

218 2364 288 2416 ad
335 2365 497 2418 illum
553 2381 719 2435 supra
755 2366 1102 2435 collegimus.
1149 2367 1292 2431 Quin
1347 2368 1399 2420 in
1442 2368 1673 2436 epistola
1705 2370 1796 2430 22.

220 2457 352 2509 libri
385 2473 417 2509 ι
440 2499 453 2521 ,
486 2457 553 2510 ad
580 2457 847 2512 Joannem
875 2458 1277 2512 subdiaconum
1316 2459 1620 2513 Romanum
1644 2502 1658 2524 ,
1695 2462 1796 2514 ista

219 2548 392 2602 habet
439 2548 791 2618 Gregorius:
846 2551 1272 2604 «Dilectissimai
1323 2553 1602 2605 memoria:
1655 2554 1798 2605 Ana-

221 2643 392 2695 tolius
458 2643 765 2707 diaconus,
816 2647 1084 2713 quaarenti
1156 2662 1220 2699 ac
1266 2647 1484 2716 jubenti
1551 2647 1797 2700 Romano

216 2731 545 2801 imperatori
577 2734 777 2788 librum
808 2736 1029 2804 Regula:
1059 2737 1370 2805 pastoralis,
1411 2736 1595 2802 dedit;
1632 2753 1792 2806 quem

214 2825 608 2878 sanctissimus
651 2825 821 2879 frater
871 2837 928 2881 et
976 2829 1344 2896 coepiscopus
1372 2844 1529 2883 meus
1557 2828 1791 2882 Anasta-

212 2917 334 2969 sius
374 2918 752 2972 Antiochenus
786 2921 838 2972 in
893 2919 1140 2974 Grmcum
1191 2921 1491 2984 transtulit,
1521 2941 1539 2971 1
1581 2921 1794 2974 scilicet

211 3007 421 3077 lingua:
467 3010 632 3062 etiam
675 3011 887 3064 Latina:
934 3028 1157 3080 gnarus.
1213 3012 1584 3066 Mcminerunt
1630 3013 1794 3076 huius

217 3098 606 3152 translationis
642 3098 883 3153 Joannes
913 3102 1194 3155 Diaconos
1223 3103 1321 3155 lib.
1377 3119 1427 3155 IV
1474 3101 1601 3155 Vita:
1621 3104 1792 3154 sam-ti

210 3189 477 3257 Gregorii,
522 3189 842 3260 Sigebertns
864 3201 920 3246 et
958 3194 1161 3261 passim
1200 3195 1555 3248 recentiores.
1585 3186 1666 3248 ’111
1694 3196 1787 3248 Ni-

207 3297 364 3335 cmna
391 3299 425 3335 n
452 3284 662 3352 synodo
690 3285 1055 3348 meumeniea,
1083 3301 1229 3338 anno
1254 3285 1360 3340 787
1406 3287 1610 3348 habita,
1643 3289 1788 3339 inter

205 3374 354 3427 alios
388 3383 608 3428 sanctos
655 3376 847 3430 Patres
882 3392 984 3445 pro
1019 3379 1174 3430 cultu
1217 3386 1272 3430 et
1317 3378 1669 3431 veneratione
1702 3394 1788 3431 sa-

205 3477 434 3516 crarum
487 3463 786 3528 imaginum
834 3466 1102 3534 prolatos,
1155 3467 1393 3521 Joannes
1421 3467 1706 3537 presbyter
1732 3477 1788 3521 et

207 3553 458 3605 vicarius
500 3554 789 3621 apostolici
841 3543 1022 3609 throni
1046 3557 1290 3611 Orientis
1318 3558 1520 3611 obtulit
1562 3559 1782 3621 librum,

206 3643 264 3696 in
305 3659 420 3713 quo
456 3643 652 3699 beatus
693 3648 1016 3701 Anastasius
1055 3647 1218 3701 docet
1249 3649 1318 3702 de
1345 3649 1559 3704 diversa
1589 3649 1785 3703 adora-

207 3733 386 3794 tione,
416 3748 482 3786 ex
513 3734 796 3802 qnojussu
827 3747 1030 3790 sancta:
1046 3738 1238 3807 synodi
1258 3737 1570 3806 Stephanus
1598 3754 1786 3792 mona-

203 3823 348 3876 chus
365 3823 466 3876 ista
493 3824 688 3893 legisse
708 3825 911 3878 ibidem
933 3826 1200 3880 traditur:
1221 3826 1326 3879 Τοῦ
1340 3827 1496 3894 ἁγίου
1526 3829 1784 3880 Ἀναστα-

203 3914 325 3966 σίου
375 3915 676 3966 ἐπισκόπου
710 3915 1057 3978 Θεουπόλεως
1129 3916 1411 3987 ἐπιστολή,
1440 3927 1549 3971 etc.
1602 3917 1782 3972 Sancti

202 4008 483 4062 Anastasii
511 4010 736 4077 cpiscOpi
791 4007 1106 4077 Theopoleos
1140 4008 1364 4078 epistola
1393 4009 1463 4060 ad
1502 4013 1782 4079 quemdam

200 4101 600 4155 scholasticum.
654 4099 1055 4155 Constantinus
1103 4101 1295 4166 etiam,
1322 4100 1619 4170 episcopus
1641 4102 1783 4155 Con-

201 4192 429 4248 stantia:
472 4190 660 4261 Cypri,
729 4190 932 4244 librum
995 4189 1226 4243 tradidit
1274 4189 1450 4244 sancti
1505 4191 1778 4246 Anastasii

201 4282 452 4352 episcopi
507 4281 873 4348 Theopoleos,
929 4297 996 4334 ex
1024 4295 1135 4348 quo
1177 4279 1490 4347 Stephanus
1516 4278 1781 4335 diaconus

202 4383 261 4429 et
295 4374 551 4427 notarius
593 4371 697 4425 ista
721 4371 854 4440 legit
888 4388 901 4423 :
944 4390 960 4422 1
993 4370 1178 4424 Sancti
1214 4369 1390 4423 Patris
1423 4369 1598 4424 nostri
1633 4373 1778 4424 Ana-

203 4464 358 4519 stasii
412 4462 479 4516 ad
534 4462 849 4515 Simeonem
881 4460 1205 4530 episcOpum
1235 4459 1443 4513 Bostrze
1492 4475 1675 4513 sermo
1709 4460 1778 4514 de

1904 2003 2123 2054 στασίου
2167 2001 2595 2070 ἁρχιεπισκόπου
2653 2001 2977 2068 Ἀντιοχείας
3023 2003 3103 2061 εἰς
3133 2000 3223 2051 τὸν
3251 2001 3482 2066 εὐαγγε-

1901 2091 2091 2160 λισμὸν
2111 2092 2210 2160 τῆς
2228 2091 2603 2159 πανακράντου
2623 2090 2713 2140 καὶ
2725 2089 2988 2142 Geor/mou
3007 2089 3223 2154 Μαρίας
3241 2089 3390 2155 λόγοι
3410 2089 3477 2159 β’.

1900 2183 2200 2251 Utramque
2230 2197 2258 2234 a
2292 2182 2442 2234 dicto
2465 2180 2706 2234 Meursio
2739 2180 2966 2242 editam,
3013 2179 3206 2233 Latine
3239 2180 3480 2235 reddidit

1901 2274 2232 2329 Franciscus
2268 2273 2570 2333 Combelis,
2606 2272 2950 2339 inseruitque
2984 2270 3234 2324 Auctario
3266 2269 3477 2323 στατο-

1900 2368 2094 2422 Latino
2131 2367 2448 2420 bibliotheca:
2477 2364 2698 2417 Patrum
2723 2372 2779 2416 et
2827 2372 2975 2417 tomo
3016 2362 3078 2415 VI
3139 2360 3476 2413 Bibliothch

1899 2460 2124 2514 Patrum
2152 2458 2559 2510 conriouatoria:
2607 2455 2673 2508 ad
2710 2455 2781 2508 25
2815 2454 3013 2514 Martii,
3046 2452 3373 2520 addiditque
3408 2467 3476 2505 ex
3545 2524 3551 2532 Ι

1898 2551 2088 2604 codice
2142 2549 2313 2617 llegio
2346 2548 2506 2600 aliam
2540 2547 2642 2599 sub
2671 2546 2777 2598 hoc
2820 2545 2981 2598 titulo
3020 2561 3037 2597 :
3074 2543 3257 2597 Sancti
3293 2543 3474 2600 Patris

1897 2643 2065 2696 nostri
2115 2641 2407 2699 Anastasii.
2444 2641 2819 2708 archiepiscopi
2852 2638 3181 2700 Antiocheni,
3216 2653 3387 2690 sermo
3419 2638 3474 2689 in

1897 2733 2442 2803 Trans/igurationcm
2469 2731 2677 2787 Domini
2699 2733 2866 2784 nostri
2890 2732 3014 2782 Jcsu
3042 2730 3234 2784 Chriin
3265 2747 3278 2783 :
3308 2745 3472 2798 quam

1894 2827 2059 2880 etiam
2089 2825 2341 2879 eamdem
2375 2823 2549 2877 edidit
2584 2823 2778 2876 Latine
2812 2833 2960 2875 temo
3009 2822 3094 2874 VII
3136 2821 3473 2874 Bibliotheca:

1894 2919 2118 2973 Patrum
2151 2917 2558 2970 concionatoria?
2609 2915 2674 2968 ad
2721 2915 2868 2967 diem
2914 2915 2946 2969 6
2983 2915 3233 2982 Augusti.
3267 2915 3472 2982 Estque

1892 3026 1955 3063 ea
1995 3011 2155 3079 plane
2187 3009 2404 3062 diversa
2459 3009 2528 3060 ab
2567 3023 2630 3060 ca
2674 3023 2836 3074 quam
2870 3023 2900 3060 a
2946 3014 3137 3058 sancto
3183 3006 3472 3059 Anastasio

1894 3102 2104 3156 Sinaita
2164 3100 2536 3168 conscriptam
2584 3098 2756 3151 fuisse
2812 3113 2976 3166 supra
3034 3096 3293 3148 diximus.
3337 3095 3472 3149 Alia.-

1894 3203 2004 3246 tres
2035 3193 2319 3245 orationes
2346 3191 2466 3259 ejus
2493 3198 2710 3243 exstant
2743 3206 2771 3242 a
2811 3188 3104 3243 Francisco
3129 3187 3401 3241 Turriano
3438 3203 3470 3242 e

1890 3286 2080 3339 Grzeco
2120 3283 2398 3335 translatae
2439 3281 2784 3351 lngolstadii,
2842 3289 2899 3333 et
2931 3295 2960 3332 a
3004 3279 3167 3331 Petro
3195 3277 3470 3331 Stevartio

1892 3386 2039 3429 tonio
2086 3373 2350 3441 singulari
2412 3372 2707 3440 insignium
2764 3381 3055 3423 auctorum
3111 3369 3349 3430 inserta,
3406 3383 3470 3422 ac

1890 3473 2075 3533 postea
2113 3478 2320 3516 recusa:
2341 3461 2584 3515 Colonizn
2605 3469 2754 3513 tomo
2781 3460 2846 3515 Vl
2872 3459 3206 3512 Bibliotheca:
3229 3467 3468 3512 veterum

1887 3555 2132 3616 Patrum,
2182 3568 2305 3622 qua:
2361 3560 2490 3606 ante
2537 3567 2604 3604 ex
2661 3550 3126 3619 interpretatione
3180 3549 3465 3604 Codcl'ridi

1886 3641 2163 3696 Tilmanni
2214 3641 2506 3695 exstabant
2538 3640 2591 3692 in
2627 3639 2949 3692 Bibliotheca
2989 3637 3212 3691 Patrum
3239 3637 3466 3692 Parisiis

1885 3750 2086 3789 excusa
2107 3751 2119 3786 ε
2140 3733 2387 3785 omnium
2416 3741 2600 3784 autem
2622 3731 2816 3783 titulus
2843 3729 3114 3799 generalis
3147 3738 3252 3793 est,
3280 3727 3466 3783 Sancti

1885 3826 2156 3880 Anastasii
2201 3825 2518 3894 patriarcha:
2553 3822 2881 3882 Antiocheni,
2937 3820 2996 3872 de
3024 3821 3176 3872 rectis
3204 3819 3466 3888 dogmati-

1884 3917 1977 3971 bus
2010 3918 2292 3969 verissimw
2324 3915 2446 3981 ﬁdei
2483 3923 2718 3977 nostrar;
2761 3924 2816 3965 et
2850 3912 3005 3974 dein,
3035 3911 3225 3964 Oratio
3264 3910 3462 3979 prima,

1882 4007 1961 4061 De
1999 4014 2187 4059 sancta
2235 4005 2534 4069 Trinitate;
2589 4005 2854 4063 secunda.
2889 4003 2966 4056 De
3007 4003 3462 4067 incircumscripta

1886 4097 1977 4150 Dei
2012 4097 2272 4160 essentia;
2314 4096 2496 4159 tertia,
2554 4094 2628 4147 De
2682 4094 2861 4146 divina
2907 4093 3217 4154 oeconomia,
3263 4089 3319 4144 id
3353 4097 3460 4153 est,

1883 4189 2283 4243 incarnatione.
2330 4189 2468 4241 Ante
2506 4195 2847 4241 memoratus
2883 4186 2994 4239 Leo
3030 4184 3265 4238 Allatius
3295 4182 3461 4237 aliam

1881 4281 2156 4335 Anastasii
2198 4279 2602 4348 archiepiscopi
2633 4277 3016 4347 Theopolitani
3044 4277 3350 4330 orationem
3377 4275 3460 4328 in-

1880 4372 2047 4436 dicat,
2087 4387 2209 4441 pag.
2249 4370 2368 4434 101,
2401 4370 2474 4422 De
2509 4369 2827 4439 Ilypapante
2851 4367 2967 4421 sive
2990 4365 3218 4420 Occursu
3246 4365 3459 4418 homini

1882 4465 1987 4518 hoc
2033 4463 2298 4518 exordio:
2337 4462 2511 4514 Πάλαι
2543 4460 2768 4528 Συμεὼν
2795 4461 2851 4511 ἒν
2890 4459 3159 4526 ἀγκάλαις
3194 4457 3456 4526 βαστάζει

203 4555 472 4617 Sabbato,
508 4563 615 4608 etc.
648 4572 666 4603 1
711 4552 842 4617 Quae
872 4551 1086 4612 eadem,
1130 4549 1296 4604 citato
1337 4550 1626 4604 Anastasio
1661 4551 1777 4618 cpi-
1811 4573 1854 4626 ι)
1879 4559 1969 4606 τὸν
1992 4554 2293 4624 Δεσπότην.
2326 4553 2674 4620 Nicephorus
2716 4551 2980 4605 Callistus
3016 4550 3186 4602 citato
3236 4563 3358 4616 cap.
3386 4548 3456 4602 41

202 4659 376 4714 scopo
425 4641 733 4697 Antiochiae
758 4640 826 4694 ad
871 4639 1187 4695 Simeonem
1224 4639 1542 4692 Bostrorum
1565 4640 1780 4709 episco-

200 4752 358 4806 pum,
379 4735 641 4803 leguntur
655 4732 798 4800 apud
824 4739 1073 4785 sanctum
1095 4731 1358 4785 Joannem
1381 4731 1777 4784 Damascenum

203 4830 260 4884 in
283 4827 533 4881 oratione
561 4825 718 4879 tertia
747 4823 824 4876 De
857 4823 1207 4892 imaginibus,
1241 4823 1542 4878 clarissime
1580 4823 1780 4878 distin-

200 4927 377 4990 guunt
425 4934 454 4972 a
504 4917 839 4970 Damasccno
879 4914 1202 4970 Anastasios
1245 4915 1405 4969 duos.

273 5011 388 5064 Leo
427 5009 682 5066 Allatius.
746 5008 800 5061 in
857 5022 1024 5075 supra
1077 5017 1373 5060 memorata
1429 5007 1666 5060 Diatriba
1716 5010 1779 5060 de

200 5100 510 5155 Simeonum
543 5097 772 5165 scriptis,
799 5095 938 5149 duas
957 5094 1248 5150 Orationes
1272 5096 1438 5150 habet
1464 5097 1520 5150 in
1547 5098 1778 5152 Annun-

202 5194 496 5248 tiationem
547 5189 793 5257 Deipara:
819 5185 1059 5258 Virginis
1095 5205 1108 5241 :
1143 5188 1346 5258 prioris
1385 5189 1602 5243 initium
1639 5191 1778 5244 indi-

201 5292 362 5338 catur
387 5295 510 5349 pag.
540 5279 662 5341 109,
687 5279 774 5332 his
794 5280 978 5333 verbis
1002 5297 1016 5332 :
1042 5281 1290 5350 Σήμερον
1318 5281 1468 5349 ὑμῖν,
1495 5276 1539 5334 ὦ
1566 5284 1775 5350 ἄριστοι

202 5375 416 5438 παῖδες,
447 5372 606 5437 λόγον
652 5371 781 5439 ἐρῶ.
802 5371 1044 5425 Alterius
1062 5372 1168 5425 hoc
1215 5373 1474 5437 traditur,
1503 5391 1626 5444 pag.
1652 5375 1774 5440 111,

203 5462 494 5517 exordium
531 5478 544 5514 :
587 5461 650 5512 Ti
682 5460 844 5512 πάλιν
869 5462 965 5513 ἐπὶ
999 5461 1101 5530 γῆς
1121 5465 1150 5515 ὁ
1187 5465 1360 5533 μέγας
1386 5464 1633 5530 βούλεται
1669 5466 1774 5518 Γα-

205 5555 366 5624 δριὴλ
390 5556 546 5622 ἡμῖν.
575 5551 874 5622 Utramque
909 5555 1212 5608 orationem
1243 5559 1386 5625 typis
1417 5557 1776 5612 Elzevirianis

202 5641 377 5696 edidit
397 5641 589 5696 Graece
610 5641 858 5711 Lugduni
890 5642 1218 5698 Batavorum
1245 5646 1484 5700 Joannes
1504 5646 1776 5702 Meursius

207 5735 259 5790 in
292 5735 440 5791 libro
478 5733 756 5789 Variorum
804 5736 1124 5802 divinorum,
1171 5752 1295 5790 cum
1348 5738 1453 5792 hoc
1501 5755 1529 5792 a
1573 5738 1774 5792 Grzeeis

1877 4646 2003 4700 libri
2054 4662 2204 4708 svnt,
2252 4645 2450 4698 asserit
2505 4663 2522 4693 1
2563 4659 2620 4697 se
2650 4644 2957 4697 orationem
2988 4640 3280 4711 quamdam
3306 4641 3454 4695 Ana-

1879 4739 2030 4794 stasii
2066 4739 2264 4808 legisse
2303 4737 2368 4790 ad
2420 4737 2794 4790 Antiochenos
2831 4736 2889 4789 in
2925 4735 3157 4788 introitu
3186 4749 3288 4787 suo
3318 4733 3456 4787 scri-

1878 4839 2046 4900 ptam,
2066 4839 2121 4883 et
2145 4829 2571 4900 paciﬁcatoriam
2605 4828 2791 4887 aliam.
2811 4845 2975 4894 quam
2996 4830 3262 4885 vicesimo
3287 4830 3456 4885 tertio

1877 4937 2021 4974 anno
2050 4921 2104 4973 in
2147 4921 2403 4974 thronum
2440 4935 2599 4972 suum
2633 4920 2972 4988 postliminio
3015 4937 3271 4975 reversus
3299 4936 3453 4975 com-

1879 5012 2084 5080 posuit,
2127 5010 2382 5064 Mauritio
2428 5011 2717 5080 imperium
2749 5013 3060 5078 obtinente,
3091 5030 3255 5083 quem
3285 5017 3453 5069 etiam

1883 5104 1938 5157 in
1962 5119 2029 5157 eo
2062 5103 2289 5172 scripto,
2314 5103 2464 5171 quod
2497 5103 2566 5156 ab
2589 5103 2783 5156 exsilio
2814 5114 3107 5160 revocatus
3150 5107 3241 5169 sit,
3273 5107 3453 5160 laudi-

1883 5195 1988 5249 bus
2001 5195 2181 5249 et't‘ert.
2202 5215 2218 5244 1
2245 5194 2376 5260 Quae
2393 5194 2509 5248 sine
2531 5193 2720 5256 dubio,
2742 5194 2785 5247 si
2804 5196 3118 5249 exstiterint
3135 5195 3452 5264 aliquando,

1883 5286 2106 5340 fuerunt
2147 5286 2321 5339 sancti
2378 5285 2648 5339 Anastasii
2698 5285 3028 5339 Antiocheni
3066 5301 3279 5355 :quem
3328 5302 3453 5340 cum

1884 5374 2092 5444 synodo
2145 5391 2180 5428 11
2239 5374 2581 5427 (ecmnenica
2634 5374 2854 5429 Nicama
2915 5383 2971 5428 et
3029 5374 3154 5429 aliis
3209 5374 3456 5443 antiquis

1882 5466 2248 5534 scriptoribus
2269 5475 2510 5518 sanctum
2539 5466 2952 5535 compellamus.
2991 5466 3258 5536 Evagrius
3289 5482 3455 5536 supra

1880 5558 2067 5612 laudat
2086 5559 2391 5610 orationem
2424 5558 2545 5627 ejus
2570 5557 2855 5627 scriptam,
2879 5575 3005 5612 cum
3026 5558 3128 5612 sub
3141 5558 3454 5613 Justiniano

1881 5650 2212 5718 imperatore
2245 5658 2363 5703 erat
2399 5648 2449 5701 ei
2482 5649 2735 5702 exsilium
2779 5649 3190 5703 demandatum.

1948 5741 2094 5795 lnter
2124 5740 2259 5794 alias
2299 5739 2464 5811 hujus
2507 5739 2776 5796 Anastasii
2824 5742 3239 5797 lucubrationes
3264 5747 3454 5796 censet
