4190 6438
700 321 719 381 l
733 322 831 385 307

696 522 921 581 llcrside
968 521 1135 590 gestis
1197 532 1321 570 eum
1376 514 1480 565 hoc
1522 508 1770 573 .exordio
1818 524 1829 557 :
1887 502 2278 563 Παυλεύιινττις

711 614 1007 683 Ἀρηνάτου
1030 612 1126 675 τῆς
1158 605 1431 672 Περσικῆς
1462 601 1667 671 χώρας,
1721 598 1909 663 γέγονε
1949 593 2277 662 φιλονεικία.

696 707 909 761 Asserit
959 704 1255 759 Gretserus
1319 699 1375 750 in
1432 693 1755 749 Pra'latione
1804 689 1871 742 ad
1925 687 2280 741 Anastasium

700 796 967 849 Sinaitam
1003 790 1070 845 de
1120 790 1226 842 Vim
1264 789 1411 849 duce,
1444 801 1502 838 se
1542 798 1666 837 eam
1713 780 1816 834 sub
1845 778 2123 833 Anastasii
2161 776 2282 845 epi-

700 886 852 954 scopi
903 880 1295 951 Tbcopolitani
1365 877 1591 932 nomine
1648 872 1921 941 reperisse
1976 871 2028 922 in
2093 870 2284 923 codice

704 996 807 1033 ms.
845 978 1190 1045 Augustano,
1249 973 1303 1024 in
1360 985 1534 1038 eaque
1576 967 1659 1034 agi
1721 965 1830 1017 «de
1881 963 2286 1032 disceptatione

701 1069 1148 1126 Christianorum
1189 1064 1483 1134 prtcsulum
1520 1076 1645 1113 cum
1680 1057 1946 1116 Ethnicis,
1996 1054 2207 1109 Graecis
2233 1064 2288 1106 et

705 1161 930 1222 Judaeis,
977 1158 1163 1228 judice
1215 1152 1621 1222 Aphrodisiano
1679 1150 1819 1216 regis
1854 1148 2148 1201 Persarum
2200 1162 2287 1200 ar-

707 1250 1032 1315 chimagiro,
1055 1246 1143 1299 cui
1170 1244 1338 1297 etiam
1366 1258 1422 1295 se
1448 1239 1765 1293 Anastasius
1785 1238 2112 1290 interfuisse
2132 1236 2287 1297 dicit,

709 1353 766 1395 et
796 1341 1018 1408 quidem
1050 1337 1226 1389 solum
1256 1351 1321 1387 ex
1356 1332 1581 1385 Romani
1613 1329 1828 1397 itnperii
1850 1328 2149 1397 episcopis.
2185 1328 2290 1381 bed

712 1432 892 1484 oratio
920 1430 1006 1481 illa
1053 1427 1155 1496 (uti
1202 1424 1399 1493 addit),
1430 1424 1545 1476 olet
1572 1421 1758 1475 nescio
1790 1420 1920 1488 quid
1954 1421 2289 1483 fabularum,

714 1534 775 1577 ut
806 1520 1025 1575 dillicile
1083 1518 1299 1572 ereditu
1357 1516 1427 1568 sit
1479 1531 1547 1567 ex
1578 1511 1850 1567 Anastasii
1901 1512 2118 1564 ollicina
2164 1527 2293 1580 pro-

713 1614 906 1665 diisse.
944 1630 960 1662 ι
995 1609 1251 1677 (imperat
1305 1608 1418 1675 ipse
1466 1620 1586 1657 eam
1640 1603 1695 1656 in
1752 1602 1999 1670 linguam
2047 1602 2291 1655 Latinam

715 1710 937 1753 vertere
982 1717 994 1750 :
1047 1696 1140 1749 sed
1198 1716 1214 1745 ι
1247 1693 1603 1748 multitudine
1638 1692 1968 1745 mendornm
2000 1704 2053 1747 ct
2086 1692 2294 1745 fabula-

720 1808 840 1843 rum
875 1790 1068 1858 pedem
1117 1787 1343 1840 retraxit
1376 1804 1387 1838 :
1424 1801 1602 1853 neque
1648 1784 1742 1837 ulli
1814 1795 1975 1852 putat
2023 1788 2162 1839 hanc
2215 1787 2292 1838 δι-

720 1886 919 1949 ήγησιν
946 1880 1061 1932 fore
1082 1877 1349 1945 perviam,
1375 1876 1479 1929 nisi
1510 1874 1951 1929 emendatiorem
1983 1884 2077 1928 aut
2108 1876 2295 1944 plures

723 1969 1129 2035 manuscriptos
1167 1967 1388 2020 codices
1418 1965 1683 2032 acquirat.
1720 1984 1737 2013 ι
1764 1964 1937 2030 Quale
1963 1977 2155 2019 nactus
2178 1965 2296 2019 fue-

723 2062 795 2112 rit
833 2058 1210 2127 apograpbum
1269 2054 1500 2109 Allatius
1546 2054 1847 2110 nescimus.
1897 2054 2099 2109 Saltem
2168 2058 2295 2110 vivo

722 2150 1010 2204 Anastasio
1055 2149 1402 2202 Antioehcno
1454 2148 1640 2200 nullus
1690 2146 1797 2201 luit
1850 2164 1947 2201 rex
2007 2149 2294 2202 Persarum

723 2255 889 2307 supra
945 2239 1222 2291 indicatus
1276 2238 1568 2297 Arenatus,
1603 2236 1700 2289 sed
1742 2239 1902 2291 anuis
1956 2255 2109 2291 sum
2154 2238 2295 2292 Cho-

723 2346 898 2388 sroes.
927 2337 985 2383 et
1021 2330 1149 2382 dein
1182 2327 1501 2381 llormisdas
1534 2328 1695 2383 annis
1724 2344 1812 2392 xv,
1841 2330 1917 2382 uti
1945 2346 2044 2383 eos
2071 2331 2299 2385 exhibet

724 2419 1113 2486 'l'beuphanes.

795 2510 984 2562 Exstat
1020 2508 1303 2577 Responsio
1334 2510 1603 2563 Anastasii
1636 2512 1858 2578 episcopi
1894 2512 1962 2563 ad
1992 2514 2303 2565 orthodoxa-

726 2617 844 2652 rum
904 2601 1207 2668 aliquorum
1264 2600 1693 2654 Christianorum
1755 2604 2191 2673 interrogationes
2240 2606 2302 2658 de

727 2692 943 2743 diversis
1014 2691 1268 2759 capitibus
1318 2692 1717 2756 ecclesiasticis;
1784 2710 1945 2761 quam
2002 2693 2303 2748 Gentianus

733 2782 1002 2834 llervetus
1027 2780 1272 2834 Latinam
1291 2781 1441 2844 fecit,
1468 2782 1773 2850 tribuitque
1799 2783 2015 2836 cuidam
2044 2784 2303 2853 episc0po

732 2873 949 2925 Nieamo
983 2872 1271 2925 Anastasio
1308 2871 1475 2935 dicto,
1522 2871 1577 2924 in
1612 2872 1927 2925 Bibliotheca
1965 2873 2187 2927 Patrum
2216 2890 2303 2928 se-

730 2962 914 3014 cundo
948 2962 1209 3015 editionis
1260 2963 1590 3017 Parisiensis
1626 2973 1774 3016 tonio
1818 2964 1997 3031 primo
2023 2981 2300 3018 excusant.

1833 307 1893 364 S.
1938 299 2340 361 ANAS’l‘ASll
2384 298 2853 358 AN'l‘lUCllENI

698 437 808 489 Leo
856 430 1133 493 Allatius,
1187 441 1308 495 pag.
1368 424 1465 485 85,
1515 416 1838 472 relationem
1888 414 1955 467 de
2011 410 2183 464 rebus
2220 407 2272 460 iu
2304 406 2349 463 A
2380 407 2534 460 stasii
2568 418 2798 461 mortem
2844 427 2854 460 :

2902 405 3104 461 citatur
3137 409 3301 462 etiam
3353 418 3578 463 sanctus
3618 409 3985 478 Nicephorus

2384 496 2699 565 patriarcha
2757 496 3426 566 Constantinopolitanus,
3466 514 3631 567 quem
3676 510 3980 553 mortuum

2383 605 2503 642 esse
2529 606 2675 642 anno
2698 590 2799 641 89.8
2824 590 3168 644 ostendimus
3195 591 3261 643 ad
3287 593 3405 660 ejus
3435 592 3612 645 Vitam
3646 592 3712 645 13
3744 593 3935 646 Martii
3964 610 3979 643 :

2384 681 2628 734 citantur
2658 681 2897 750 denique
2949 682 3403 751 Olympiodorus,
3437 682 3531 752 qui
3580 684 3648 736 ad
3685 684 3981 737 decimum

2387 776 2647 829 sasculum
2686 785 2933 842 spectat;
2979 786 3202 828 sanctus
3245 774 3509 829 Maximus
3568 779 3875 832 monachus
3918 789 3984 833 ct

2390 876 2616 935 martyr,
2652 865 2903 918 Moschus
2938 874 2992 917 et
3036 865 3151 927 alii,
3192 866 3441 935 juniores
3472 882 3685 921 omnes.
3733 869 3979 923 [latinum

2388 959 2451 1011 ad
2488 958 2845 1026 quazstionem
2885 958 2982 1011 ll'l
3032 956 3397 1025 respondetur
3445 959 3547 1011 sub
3595 962 3783 1021 linem,
3831 971 3983 1014 tunc

2390 1048 2938 1118 septingentesimum
3013 1065 3216 1102 ammm
3266 1048 3375 1117 agi,
3423 1050 3569 1118 quod
3622 1052 3812 1104 Ariani
3852 1053 3981 1105 sint

2388 1140 2601 1208 eXpulsi
2651 1156 2715 1193 ex
2766 1140 2901 1193 locis
2955 1141 3182 1200 sanctis,
3236 1156 3409 1209 eaque
3458 1157 3487 1194 a
3537 1141 3793 1196 Barbaris
3842 1159 3981 1197 esse

2391 1242 2677 1301 occupata,
2708 1244 2761 1284 ut
2805 1234 3007 1285 mirum
3050 1248 3159 1285 non
3192 1232 3264 1286 sit
3304 1235 3350 1286 si
3398 1243 3476 1287 tot
3518 1251 3737 1289 errores
3784 1247 3984 1304 poste-

2397 1341 2579 1376 mrum
2615 1324 2925 1377 Crtecorum
2963 1324 3073 1377 sint
3106 1324 3293 1378 inl'arsi
3343 1324 3430 1378 his
3477 1324 3860 1389 erstionibns
3924 1318 3995 1380 et.

2396 1414 2852 1481 liesponsionib-cs,
2893 1430 3030 1482 quas
3071 1413 3437 1468 elitmnandas
3473 1417 3699 1470 omnino
3755 1417 3985 1485 judica-

2395 1520 2515 1555 nms
2550 1519 2579 1556 e
2608 1504 2854 1571 catalogo
2899 1504 3278 1568 'l‘raetatuum,
3307 1517 3414 1559 tam
3440 1522 3631 1560 eorum
3656 1522 3810 1576 quos
3845 1524 3985 1560 san-

2394 1607 2517 1647 etus
2555 1596 2876 1649 Anastasius
2935 1595 3165 1660 Sinaita,
3224 1613 3387 1667 quam
3446 1607 3587 1669 quo‘s
3646 1600 3987 1653 Anastasius

2400 1688 2777 1741 Antiochenus
2821 1688 3149 1757 composuit.

2472 1780 2745 1833 Anastasii
2774 1780 3096 1849 patriarcha:
3130 1780 3515 1849 Theopolitani
3548 1791 3602 1836 et
3629 1781 3821 1850 Cyrilli
3852 1784 3990 1836 Ale-

2401 1873 2655 1927 xandrini
2700 1875 3109 1941 compendiaria
3146 1874 3269 1927 ﬁdei
3302 1876 3622 1931 orthodoxa:
3666 1876 3989 1944 Explicatis)

2401 1974 2579 2018 exstat
2637 1974 2784 2017 tomo
2829 1965 2894 2018 IV
2943 1963 3275 2018 Bibliotheca!
3308 1966 3532 2019 Patrum
3570 1968 3623 2021 in
3674 1967 3925 2021 edizionc
3952 1968 3991 2019 2

2404 2056 2723 2117 l’arisicnsi,
2772 2073 2892 2124 qu:e
2939 2056 2993 2109 in
3044 2056 3287 2111 editione
3334 2055 3651 2110 Coloniensi
3707 2068 3861 2125 parte
3923 2074 3987 2116 ιι.

2406 2149 2535 2202 tomi
2586 2148 2649 2200 Vl
2698 2148 2962 2200 tribuitur
3005 2148 3213 2215 juuiori
3292 2149 3590 2201 Anastasio
3650 2149 3991 2217 patriarcha‘.

2408 2238 2774 2300 Autiocbeno,
2828 2253 2857 2290 a
2882 2236 3084 2291 Juda‘is
3113 2237 3406 2291 interiecto
3444 2256 3455 2290 :
3491 2238 3638 2307 quod
3676 2239 3821 2291 idem
3850 2238 3991 2292 fecit

2405 2332 2708 2385 Autbcrtus
2750 2330 2967 2385 Mirqu
3037 2329 3114 2382 De
3166 2332 3506 2398 scriptoribus
3576 2331 3987 2390 ecclesiasticis,

2409 2442 2529 2494 pag.
2573 2425 2697 2478 213.
2732 2422 2837 2477 Sed
2873 2439 2980 2490 qua
3023 2423 3091 2476 de
3121 2438 3285 2477 causa
3332 2423 3407 2475 ita
3448 2423 3787 2484 censuerint,
3826 2439 3989 2491 pror-

2407 2537 2502 2575 sus
2554 2529 2758 2573 tacent.
2812 2518 3044 2571 \‘idetur
3088 2518 3177 2570 illa
3211 2516 3615 2585 compendiaria
3644 2516 3769 2568 ﬁdei
3804 2515 3991 2583 expli-

2408 2611 2554 2666 catio
2594 2610 2779 2679 potius
2817 2626 2883 2663 ex
2935 2608 3094 2661 libris
3142 2607 3237 2661 SS.
3290 2607 3479 2676 Cyrilli
3513 2614 3569 2660 et
3601 2606 3879 2661 Anastasii
3920 2606 3991 2659 ab

2408 2700 2595 2768 aliquo
2632 2698 2795 2751 tertio
2819 2703 3087 2750 extracta.
3117 2695 3453 2763 Margarinus
3499 2695 3568 2749 de
3601 2696 3649 2748 la
3681 2695 3856 2763 Bigne
3885 2694 3991 2748 ali-

2409 2807 2515 2858 qua
2549 2790 2908 2843 Anastasiaua
2944 2803 3113 2856 opera
3139 2785 3346 2839 inedita
3385 2795 3808 2849 commemorat,
3837 2786 3993 2839 vide-

2412 2886 2539 2937 licet
2558 2901 2569 2935 :
2588 2882 2665 2935 Ad
2682 2884 3005 2948 interrogata
3024 2878 3460 2932 monasteriorum
3479 2879 3661 2946 prima-
3680 2886 3728 2929 et
3745 2878 3995 2931 secunde

2414 2975 2580 3044 Syria?
2620 2970 3029 3038 Responsiones;
3059 2968 3153 3021 sed
3191 2967 3271 3020 ha!
3300 2967 3483 3020 forsan
3511 2976 3639 3020 sunt
3670 2967 3738 3021 de
3785 2968 3995 3035 quibus

731 3056 934 3107 Contra
966 3055 1115 3108 hune
1150 3063 1467 3116 tractatum,
1515 3056 1747 3124 ejusque
1788 3063 1993 3107 textum
2043 3056 2306 3123 plurimas
2333 3087 2375 3142 ε
2409 3069 2520 3135 jam
2548 3063 2918 3131 antcegimus.
2948 3061 3026 3114 All
3052 3060 3396 3113 Antiochenos
3440 3061 3837 3128 συντακτήριον
3874 3060 3992 3112 sive

733 3146 1021 3198 cautiones
1052 3147 1389 3214 przescripsit
1434 3147 1674 3199 Joannes
1706 3145 1870 3198 Maria
1906 3146 2306 3201 Brasichelleu-

736 3239 832 3297 sis,
872 3236 1011 3289 sacri
1052 3236 1237 3304 palatii
1290 3236 1579 3305 apostolici
1634 3236 1893 3305 magister
1950 3246 2097 3288 tomo
2130 3237 2309 3305 primo

740 3326 937 3380 Indicis
988 3328 1255 3379 librorum
1319 3327 1752 3396 prohibitorum;
1782 3328 1994 3396 aliquas
2018 3329 2184 3380 etiam
2217 3329 2312 3381 ad-

735 3417 868 3485 jecit
910 3417 1167 3470 Nicolaus
1199 3418 1556 3479 Alamannus,
1586 3419 1719 3471 olim
1755 3418 2108 3471 bibliotheca:
2161 3417 2310 3471 Vati-

741 3523 890 3561 cana:
933 3508 1259 3577 pnelectus:
1293 3525 1429 3579 quas
1461 3526 1653 3563 omnes
1679 3511 1841 3563 simul
1870 3511 2043 3564 edidit
2076 3511 2313 3565 Jacobus

742 3598 1083 3653 Gretserus:
1122 3601 1214 3669 qui
1260 3600 1435 3654 dictas
1486 3600 1810 3664 Qua'stiones
1855 3611 1903 3654 ct
1936 3600 2313 3672 Responsiones

745 3689 917 3742 multo
957 3690 1237 3744 auctiores
1265 3691 1440 3743 edidit
1496 3692 1969 3757 Graeco-Latinas;
2011 3693 2105 3745 sed
2138 3692 2315 3747 fallaci

748 3779 909 3831 titulo
957 3778 1231 3844 sull'ultas,
1282 3780 1367 3833 his
1424 3779 1650 3833 verbis:
1688 3799 1704 3829 ι
1744 3779 1911 3833 Liber
1957 3779 2051 3847 qui
2092 3789 2319 3833 vocatur

762 3870 1023 3937 'ocnyaq,
1067 3871 1171 3923 hoc
1212 3879 1328 3935 est,
1373 3871 1492 3923 Dux
1522 3872 1638 3923 vite.
1692 3869 1875 3923 Sancti
1918 3871 2095 3923 Patris
2145 3871 2317 3924 nostri

747 3962 1020 4014 Anastasii
1068 3961 1313 4025 Sinaitze,
1354 3961 1597 4031 episcopi
1635 3961 1985 4026 Antiocheni,
2013 3962 2321 4032 Interroga-

751 4056 914 4106 tiones
947 4064 993 4106 et
1035 4053 1410 4122 Responsiones
1470 4053 1539 4107 de
1582 4053 1821 4107 diversis
1850 4054 2127 4122 capitibus
2164 4071 2193 4107 a
2235 4053 2322 4107 di-

747 4145 927 4198 versis
966 4144 1278 4213 propositze.
1327 4144 1644 4198 Solutiones
1694 4160 1804 4199 non
1857 4161 1925 4199 ex
1976 4146 2181 4214 seipse,
2228 4145 2322 4199 scd

749 4236 818 4287 ab
851 4237 1192 4303 experientia
1237 4243 1292 4289 et
1330 4252 1397 4289 ex
1436 4238 1609 4290 sacris
1666 4236 1893 4291 Litteris
1936 4236 2264 4306 desumpsit.
2301 4258 2317 4287 ι

752 4326 831 4379 lta
858 4327 1057 4395 aliquis
1079 4327 1322 4390 Graecus,
1349 4326 1535 4381 forsan
1560 4328 1909 4397 Nieephorus
1928 4328 2206 4391 Callistus,
2232 4340 2326 4383 aut

2413 3159 2484 3210 Dc
2519 3157 2909 3209 coordinatione
2950 3162 3040 3205 aut
3096 3151 3575 3220 disciplina.—De
3609 3153 3996 3204 constructione

2409 3250 2632 3302 hominis
2650 3247 2775 3301 libri
2795 3245 2925 3298 duo.
2945 3275 3014 3284 —
3030 3243 3420 3312 Contemplatio
3443 3245 3659 3312 mystica
3685 3244 3995 3311 passionum

2411 3337 3031 3395 Christi.—-Encominm
3102 3335 3335 3403 .Egypti.
3367 3334 3677 3399 —Qmestio
3739 3336 3995 3387 adversus

2412 3447 2517 3493 eos,
2567 3430 2654 3497 qui
2689 3428 2867 3480 dicunt
2909 3436 3014 3478 tres
3054 3426 3301 3477 essentia:
3338 3426 3392 3476 in
3428 3425 3634 3481 divinis.
3669 3432 3864 3478 contra
3901 3424 3995 3477 Ju-

2416 3520 2581 3580 dmos,
2632 3519 2756 3571 libri
2810 3518 2940 3570 duo.
2979 3516 3041 3570 lli
3076 3516 3253 3569 ultimi
3306 3514 3497 3568 Latine
3532 3514 3735 3568 redditi
3769 3530 3799 3567 a
3827 3512 3993 3567 Frau-

2417 3613 2565 3663 eisco
2590 3608 2884 3667 Turriano,
2906 3606 3039 3660 editi
3065 3613 3195 3658 sunt
3222 3615 3370 3658 tomo
3397 3604 3462 3657 Ill
3492 3605 3739 3672 Antiqmr
3761 3604 3995 3657 lectionis

2418 3700 2639 3754 Henrici
2688 3697 2916 3759 Cauisii,
2990 3696 3084 3750 sed
3136 3704 3329 3749 auctor
3388 3694 3613 3758 eitatur,
3666 3695 3997 3749 Anasusius

2420 3792 2589 3845 abbas
2629 3798 2821 3843 contra
2866 3788 3106 3849 .ludmos,
3135 3788 3228 3855 qui
3258 3795 3473 3839 .ctatem
3520 3800 3673 3839 suam
3709 3785 3994 3853 exprimit,

2422 3884 2551 3934 dum
2582 3880 2679 3943 ait,
2727 3898 2744 3929 ι
2765 3881 2874 3948 jam
2901 3877 3415 3941 octingentesimum
3445 3891 3651 3929 annum
3681 3886 3739 3929 et
3763 3876 3999 3945 amplius

2423 3972 2528 4037 agi,
2556 3984 2622 4023 ex
2649 3984 2759 4037 quo
2781 3968 2997 4022 Judaaos
3024 3969 3165 4021 Deus
3207 3966 3491 4035 dispersit,
3521 3975 3577 4019 et
3618 3964 3804 4020 Titum
3835 3976 3998 4036 atque

2428 4057 2818 4126 Vespasianum
2862 4055 2925 4107 ad
2954 4054 3273 4108 vastandam
3306 4054 3500 4108 urbem
3539 4054 3781 4107 vocavit.
3816 4074 3835 4107 ι
3873 4056 3998 4110 Flo-

2427 4152 2537 4203 ruit
2576 4165 2706 4217 ergo
2746 4149 2834 4201 hic
2886 4149 3059 4201 abbas
3102 4148 3426 4201 Anastasius
3454 4147 3558 4200 sub
3600 4146 3767 4200 linem
3810 4148 3996 4202 seculi

2427 4258 2497 4296 Ix.
2533 4240 2664 4306 Quae
2695 4241 2859 4294 citata
2896 4250 2981 4293 est
3008 4238 3397 4307 Contemplatio
3433 4240 3651 4308 mystica
3691 4240 3999 4306 passionum

2427 4326 2619 4382 Christi
2650 4326 2871 4379 videtur
2914 4340 3037 4379 esse
3088 4324 3359 4378 Anastasii
3399 4323 3620 4379 Sinaita;
3656 4323 3733 4377 De
3758 4328 3999 4394 passione

752 4415 893 4468 alius
926 4431 1053 4467 cum
1078 4424 1325 4478 secutus,
1352 4416 1455 4469 nisi
1487 4416 1778 4471 aberrandi
1813 4419 2159 4471 occasionem
2186 4434 2322 4486 prm—
2355 4419 2395 4473 ι)
2429 4430 2475 4472 et
2509 4417 2928 4487 impossibilitate
2958 4414 3186 4481 Christi;
3218 4426 3273 4470 et
3321 4415 3401 4471 sic
3436 4414 3531 4469 alii
3571 4413 3698 4468 libri
3744 4416 3853 4470 sub
3884 4416 4002 4471 aliis

755 4506 942 4560 lmerit
964 4507 1251 4576 aliquanto
1283 4507 1489 4571 senior,
1512 4508 1822 4563 Graecorum
1848 4523 2066 4563 errores
2085 4509 2318 4563 inlarsit.

754 4598 963 4666 Nempe
997 4599 1127 4665 quia
1163 4599 1491 4654 Anastasius
1538 4599 1748 4653 Sinaita
1794 4599 2063 4653 illustrem
2122 4609 2321 4653 tracta-

758 4696 874 4738 tmu
921 4696 1330 4754 composuerat,
1375 4686 1469 4756 qui
1524 4688 1767 4758 Ὀδηγὸς,
1806 4688 1909 4740 hoc
1941 4697 2024 4741 est
2069 4687 2188 4741 Dux
2228 4692 2323 4741 via-

754 4786 980 4831 vocatus
1024 4777 1151 4839 fuit,
1192 4778 1447 4831 eumdem
1480 4779 1697 4833 titulum
1726 4779 1880 4849 operi
1913 4778 2044 4832 huic
2079 4779 2323 4833 l'url‘ureo

754 4878 947 4921 auctor
987 4869 1263 4937 adaplavit
1303 4886 1316 4921 :
1365 4871 1459 4939 qui
1507 4871 1633 4941 quia
1682 4872 2026 4940 Niecphorus
2067 4871 2324 4927 Callistus

754 4960 1009 5016 eumdem
1056 4962 1405 5017 Anastasium
1450 4962 1714 5017 Sinaitam
1762 4978 2050 5032 perperam
2105 4974 2325 5018 vocarat

754 5053 1076 5121 episcopum
1115 5053 1539 5116 Antiochenam,
1575 5070 1719 5107 unus
1747 5053 2003 5123 idemque
2033 5063 2087 5107 et
2118 5054 2324 5108 Sinaita

755 5154 812 5198 et
848 5142 1225 5199 Antiocltenus
1268 5145 1443 5199 videri
1485 5145 1679 5204 voluit.
1726 5161 1792 5198 ex
1826 5144 2325 5201 Constitutionibus

757 5235 1155 5303 apostolorum,
1190 5251 1311 5304 quae
1352 5236 1455 5289 sub
1491 5238 1714 5289 nomine
1762 5236 2062 5291 Clementis
2093 5238 2324 5293 Romani

757 5342 786 5377 a
820 5325 1057 5394 posteris
1103 5332 1372 5393 protrusae
1406 5335 1553 5391 sunt,
1593 5326 1766 5378 multa
1808 5342 2125 5394 excerpens,
2160 5343 2326 5396 seque

761 5418 865 5471 boe
909 5418 1025 5485 ipso
1067 5416 1457 5471 demonstrans
1502 5433 1623 5471 esse
1676 5418 2054 5486 impostorem.
2107 5419 2165 5472 In
2222 5420 2329 5473 illis

758 5511 924 5589 etiam
957 5509 1366 5575 Qmestionihus
1400 5510 1641 5563 citantur
1681 5509 1933 5564 Canones
1964 5510 2158 5580 synodi
2190 5510 2329 5577 ριιί-

765 5602 989 5653 nisextae
1039 5601 1150 5655 sive
1180 5600 1475 5665 Trullaum,
1516 5599 1988 5671 Constantinopoli
2038 5617 2182 5654 anno
2228 5601 2327 5654 707

764 5692 992 5751 Culttlili.
1021 5692 1232 5761 integro
1255 5691 1462 5747 scilicet
1491 5692 1689 5748 saeculo
1718 5699 1843 5766 post
1872 5692 2158 5760 utriusque
2187 5691 2331 5747 Aua-

2430 4511 2610 4564 lorsan
2666 4510 2843 4563 titulis
2888 4509 3080 4562 latent.

2498 4602 2799 4657 Occasione
2833 4600 3013 4655 oblata
3052 4599 3175 4653 misi
3211 4597 3485 4670 Synopsin
3517 4601 3683 4671 hujus
3702 4601 3998 4657 Commen-

2431 4693 2553 4748 tarii
2588 4693 2811 4747 Romam
2844 4690 2909 4744 ad
2936 4691 3051 4745 Β...
3079 4690 3299 4744 Petrum
3327 4689 3640 4754 Possinum,
3672 4693 3769 4760 qui
3802 4693 4000 4762 postri-

2430 4786 2519 4839 die
2567 4783 2844 4837 Kalendas
2893 4781 3015 4835 Maii
3052 4783 3180 4835 anni
3209 4780 3335 4835 l67l
3376 4780 3450 4835 ita
3494 4782 3778 4851 respondit
3821 4801 3835 4837 :
3872 4803 3889 4834 ι
3924 4784 3997 4837 Ad

2429 4894 2491 4932 ea
2525 4892 2645 4943 quae
2683 4876 2751 4929 de
2791 4874 3097 4929 Auastasiis
3129 4882 3184 4927 et
3224 4888 3415 4925 eorum
3458 4874 3683 4942 scriptis
3740 4875 3999 4945 disquirit

2430 4973 2765 5035 annotatque
2819 4964 3037 5018 erudite
3073 4964 3139 5017 lt.
3188 4963 3253 5017 ν.
3301 4971 3361 5016 ut
3386 4963 3590 5032 aliquid
3648 4979 3995 5034 reponerent.

2430 5058 2681 5115 consului
2720 5058 3012 5111 Vaticanos
3043 5055 3258 5109 Indices
3297 5064 3355 5109 et
3396 5055 3553 5124 plura
3606 5055 3792 5125 longe,
3843 5073 3998 5127 quam

2432 5151 2587 5205 vobis
2634 5157 2763 5203 nota
2792 5156 2920 5202 sunt
2968 5148 3022 5200 in
3071 5147 3141 5201 iis
3172 5146 3372 5216 reperi.
3413 5145 3594 5200 Solius
3641 5145 3874 5203 Sinaita
3900 5145 3997 5203 Ca-

2435 5243 2646 5310 talogus
2694 5239 2817 5293 istic
2867 5246 3214 5293 servatorum
3262 5251 3492 5306 operum
3536 5244 3783 5305 quatuor
3818 5236 3999 5306 implet

2435 5347 2657 5402 magnas
2722 5329 2966 5399 paginas.
3013 5325 3250 5380 Onmiuo
3313 5334 3499 5395 posset
3554 5325 3995 5379 lucubrationum

2433 5426 2552 5494 ejus
2587 5422 2766 5477 Patris
2798 5421 2875 5475 uti
2932 5428 2988 5472 et
3039 5419 3274 5472 aliorum
3310 5416 3549 5486 plurium
3598 5417 3872 5485 praeclara
3898 5414 3997 5469 uti-

2435 5519 2560 5572 liter
2587 5513 2759 5567 cditio
2808 5509 3018 5580 vulgari
3050 5526 3064 5563 :
3099 5507 3194 5561 sed
3228 5506 3320 5560 ubi
3360 5506 3669 5575 reperietur
3706 5504 3806 5574 qui
3839 5504 3998 5574 possit

2436 5613 2491 5657 et
2526 5603 2656 5657 velit
2693 5618 2813 5656 eam
2853 5616 3078 5671 operam
3130 5598 3425 5667 praestare?
3462 5596 3555 5649 tibi
3584 5594 3680 5664 qui
3724 5603 3997 5664 sumptum

2440 5695 2492 5749 in
2538 5695 2837 5750 editionem
2896 5690 3179 5749 conferat?
3212 5708 3229 5741 ι
3284 5687 3409 5744 llaec
3470 5684 3755 5741 Pessinus.
3806 5684 3995 5738 \‘ertun
