4190 6438
193 358 348 424 1309
1225 371 1510 430 ORATIO
1549 372 1599 433 Ι.
1636 397 1704 409 -
1736 374 1831 434 DE
1867 379 1971 437 SS.
2014 382 2449 446 TlllNlTATE.
3324 399 3463 464 1310

187 472 336 578 quia
377 489 444 572 ex
466 473 650 574 dubiis
675 475 940 545 operibus
969 477 1138 531 multa
1169 492 1277 578 non
1309 479 1567 543 vidimus,
1598 491 1654 533 et
1680 497 1788 535 non
1819 505 1860 558 Α
1893 487 2023 540 olim
2075 491 2130 542 in
2176 492 2324 546 hunc
2374 494 2615 550 laborem
2666 500 2843 554 Lucas
2873 502 3191 561 Holstcnius
3221 525 3460 578 prope"-

189 559 310 613 fuit
343 563 522 616 Otium
555 565 698 618 inter
731 580 854 620 sese
892 566 1213 620 confercndi
1258 569 1386 632 alia,
1420 571 1464 623 si
1500 571 1628 624 hinc
1664 571 1789 628 inde
1889 577 2020 632 dere
2052 600 2064 634 :
2100 583 2193 636 sed
2227 583 2359 638 dum
2395 586 2553 642 libris
2586 593 2842 659 parandis
2893 559 3462 668 edendisquevmiiro-

188 669 223 705 ³
271 669 417 760 fer"
447 655 793 720 δθθθιίηιυεο
847 661 1165 714 meminerit
1204 661 1434 716 οτίιίοιιε
1483 665 1682 727 lector.
1732 666 1786 720 id
1890 672 2006 726 sius
2032 675 2320 740 incumbit,
2341 680 2500 733 evita
2521 655 2768 738 sublatus
2793 697 3044 742 cstanno
3071 655 3222 753 ιθόι,
3241 696 3463 760 quando

190 745 392 849 solum
447 763 549 800 nos
600 765 763 818 agere
813 751 1076 814 voluisse,
1123 767 1235 820 quo
1277 753 1789 812 deinonstrarcmus
1891 763 2072 817 eidem
2109 768 2438 824 litoribunaio
2482 783 2781 832 extremam
2827 791 2945 830 eam
2978 745 3220 848 Operam
3250 745 3460 849 impen-

191 835 606 940 αἱξξίηαιιοιιᾱπ
628 842 1047 940 esseHSin-ztitm
1091 853 1148 897 et
1170 844 1524 940 _Autiocltcni
1577 863 1744 917 opera
1772 867 1786 906 ε
1893 855 2096 918 dimus,
2117 875 2284 927 quam
2320 863 2372 916 in
2394 865 2665 934 ejusmodi
2693 869 2926 923 articulo
2954 835 3187 940 possunt
3207 835 3464 928 etsolent

191 927 419 1028 quibus
450 933 866 1028 examinandis
896 934 1349 1004 illustrandisque
1407 939 1551 1028 alius
1576 942 1788 1028 quivis
1891 950 2086 1003 amicis
2119 927 2441 1022 impendere
2476 957 2715 1028 religiosi
2767 927 3101 1018 sacerdotes.

196 1015 336 1084 plus
383 1021 486 1072 otii
517 1033 715 1077 nactus
742 1024 961 1077 laudem
1006 1033 1192 1093 posset
1224 1027 1445 1080 mereri.
1485 1027 1790 1083 Videbatur

888 1437 1570 1594 SANCTI
1693 1442 2768 1654 ANASTASII,

1310 1729 1843 1792 PATBIARCHE
1886 1732 2410 1811 ANTIOCHENI,

215 1230 3456 1288 ΜΨ

351 1939 503 2030 DE
609 1942 1116 2034 NOSTRIS
1221 1946 1632 2038 RECTIS
1736 1947 2501 2042 DOGMATIBUS
2602 1953 3311 2082 VERITATIS,

799 2182 1844 2314 ORATIONES
1958 2191 2815 2338 QUINQUE.

1373 2445 1667 2517 Interprele
1698 2446 1977 2505 Fraucisco
2009 2450 2291 2505 Turriatto.

1813 2646 1888 2664 σιν

1823 2803 1876 2864 Ι.

1463 2961 1572 3022 DE
1609 2961 1714 3022 SS.
1765 2960 2232 3021 TRINITATE.

272 3273 317 3329 l.
361 3272 504 3326 Cum
552 3265 659 3338 jam
692 3264 907 3336 pridem
949 3262 1018 3318 de
1052 3260 1156 3316 ﬁde
1196 3269 1384 3315 nostra
1416 3276 1548 3315 sana
1573 3301 1588 3326 ,
1624 3269 1680 3315 et
1716 3260 1786 3314 de
1817 3267 1858 3321 Β
1887 3258 2226 3322 studuimus,
2253 3259 2420 3312 nullis
2454 3257 2692 3311 aliorum
2715 3257 2963 3328 vestigiis
2992 3259 3332 3327 insistentes,
3364 3261 3460 3318 sed

197 3365 358 3419 veris
403 3358 668 3416 Ecclesiae
708 3353 1066 3426 dogmatibus
1107 3353 1426 3421 incorrupte
1465 3361 1522 3406 et
1559 3351 1788 3421 probate
1891 3353 2110 3406 illorum
2176 3359 2390 3405 tantum
2428 3351 2522 3419 qui
2567 3366 2597 3404 a
2654 3349 2863 3418 Spiritu
2913 3361 3107 3404 saneto
3161 3351 3460 3408 illuminati

199 3452 593 3510 tractavissem
624 3447 796 3501 variis
816 3443 1177 3498 Orationibus
1199 3444 1253 3496 in
1287 3441 1530 3495 Ecclesia
1555 3440 1786 3505 habitis,

197 3555 259 3600 et
282 3542 536 3598 recitatis
567 3551 699 3594 tunc
725 3553 851 3592 cum
870 3535 1118 3590 scribere
1142 3541 1200 3588 et
1218 3533 1456 3587 ﬁdenter
1476 3533 1627 3602 loqui
1651 3533 1787 3587 lice-

199 3637 322 3701 bat,
347 3651 475 3691 cum
497 3649 661 3688 nemo
690 3629 1046 3700 impudenter
1077 3627 1324 3680 audebat
1358 3626 1549 3680 dicere
1587 3642 1601 3679 :
1631 3624 1785 3688 Tace,

199 3740 251 3784 et
278 3745 348 3782 ιιι
368 3727 608 3796 .oquaris
631 3727 684 3789 ‘;
715 3720 1101 3778 existimabam
1133 3735 1256 3790 quae
1277 3727 1410 3772 tunc
1431 3718 1783 3786 scripseram,

199 3820 342 3875 satis
379 3831 502 3871 esse
542 3824 598 3869 et
641 3813 709 3867 ad
762 3808 1181 3880 eoarguendum
1219 3807 1592 3870 mendacium,
1632 3816 1688 3861 et
1716 3806 1784 3860 ad

199 3908 648 3984 patefaciendam
677 3904 970 3960 veritatem
997 3921 1010 3956 :
1035 3917 1137 3955 nec
1159 3900 1472 3956 arbitrabar
1502 3915 1642 3968 opus
1665 3913 1786 3952 esse

200 4003 449 4074 amplius
475 3999 756 4061 laborare,
786 4011 896 4050 non
925 3993 1104 4048 solum
1140 3991 1268 4060 quia
1300 3989 1501 4043 vitium
1534 3988 1787 4058 loquaci-

201 4096 339 4150 tatis
369 4090 710 4150 metuebam,
729 4085 824 4141 sed
839 4086 969 4155 quia
986 4082 1274 4154 putabam,
1312 4090 1372 4135 ut
1401 4080 1536 4143 dixi,
1565 4078 1785 4132 abunde

201 4185 461 4242 sullicere
496 4180 760 4236 omnibus
790 4177 995 4248 quibus
1029 4174 1277 4230 studium
1297 4170 1545 4226 discendi
1579 4185 1788 4240 propo-

200 4279 376 4333 situm
402 4283 570 4336 esset,
603 4287 725 4342 qua:
752 4268 957 4324 litteris
985 4266 1335 4322 mandassem
1365 4270 1422 4318 et
1452 4262 1781 4316 edidissem:

200 4385 328 4439 quae
370 4366 468 4436 qui
517 4365 731 4420 vellent
764 4363 946 4432 legere
975 4401 990 4425 ,
1032 4358 1403 4428 cognitionem
1465 4354 1784 4425 dogmatum

200 4459 509 4531 perfectam
535 4455 740 4510 habere
762 4460 1026 4522 possent;
1059 4457 1116 4504 et
1141 4447 1236 4518 qui
1255 4449 1365 4518 jam
1385 4462 1555 4516 perse
1579 4460 1789 4515 cogno-

202 4558 428 4607 scerent
447 4589 462 4612 ,
493 4547 582 4601 vel
617 4545 930 4604 discerent,
957 4542 1046 4596 vel
1076 4542 1273 4594 saltem
1298 4539 1521 4592 labores
1561 4546 1784 4590 nostros

1890 3449 2021 3497 sunt
2045 3459 2060 3507 ;
2095 3442 2335 3511 primum
2359 3440 2586 3509 quidem
2616 3441 2875 3509 apostoli,
2899 3440 3128 3495 secundi
3154 3443 3461 3512 propheta,

1892 3533 2041 3587 tertii
2079 3532 2356 3586 doctores.
2411 3531 2739 3601 Quicunque
2790 3533 2960 3602 igitur
2993 3533 3350 3604 incorrupte,
3401 3543 3463 3589 ut

1888 3623 2152 3688 diximus,
2179 3623 2397 3690 legerit,
2431 3638 2540 3676 non
2564 3631 2950 3692 estarrogans,
2976 3625 3020 3678 si
3044 3625 3244 3688 dicam,
3272 3642 3463 3695 reper-

1889 3723 2072 3769 turum
2101 3713 2338 3768 lucidam
2367 3713 2795 3767 declarationem
2823 3715 3074 3769 veritatis
3117 3724 3174 3769 et
3208 3716 3463 3772 falsitatis

1886 3807 2321 3862 confutationem
2359 3823 2370 3857 :
2412 3803 2547 3858 ﬁdes
2575 3805 2723 3859 enim
2747 3814 2833 3859 est
2857 3847 2873 3870 ,
2919 3822 3042 3875 quae
3084 3806 3370 3876 praedicat,
3405 3816 3464 3862 et

1885 3915 2014 3954 vera
2045 3907 2220 3963 est,et
2251 3914 2360 3952 non
2387 3909 2470 3953 est
2501 3897 2554 3951 in
2584 3897 2668 3951 eis
2702 3898 3075 3952 mendacium.
3105 3899 3256 3954 llanc
3276 3907 3461 3953 autem

1886 3991 2012 4046 dico
2042 4006 2225 4044 veram
2248 4034 2261 4054 ,
2293 4006 2403 4043 non
2434 3991 2563 4058 quia
2611 4005 2640 4042 a
2683 4005 2769 4043 me
2799 3990 3006 4058 scripta
3035 3998 3120 4044 est
3156 4010 3168 4044 :
3205 4006 3316 4044 non
3359 3990 3465 4045 hoc

1886 4083 2033 4145 dico,
2065 4097 2136 4136 ne
2160 4082 2287 4151 quis
2316 4083 2422 4135 llOC
2458 4090 2634 4151 putet,
2662 4089 2765 4135 nec
2810 4081 3095 4136 existimet
3148 4098 3234 4136 me
3270 4082 3340 4136 de
3377 4098 3465 4137 me

1887 4173 2115 4236 sentire,
2187 4182 2548 4241 pmterqualn
2595 4173 2800 4227 sentire
2845 4181 3081 4242 oportet.
3134 4172 3258 4228 Scio
3287 4173 3461 4237 enim,

1886 4280 2010 4319 cum
2045 4264 2148 4319 sim
2188 4273 2332 4318 terra
2365 4273 2421 4318 et
2453 4264 2613 4328 cinis,
2638 4280 2818 4333 neque
2847 4280 3030 4318 sermo
3059 4263 3131 4318 sit
3161 4264 3319 4328 mihi,
3352 4281 3464 4334 quo

1887 4355 2052 4426 digna
2083 4363 2169 4408 est
2203 4355 2557 4424 prmdicatio;
2595 4354 2691 4411 sed
2721 4353 2852 4423 quia
2881 4354 3138 4409 doctrina
3176 4363 3262 4409 est
3302 4357 3464 4410 theo-

1887 4446 2133 4516 logorum
2163 4445 2434 4506 virorum,
2467 4453 2523 4498 et
2546 4443 2769 4498 traditio
2792 4445 3040 4514 perfecta
3063 4485 3076 4508 ,
3103 4461 3226 4514 qua:
3259 4446 3326 4500 ad
3363 4462 3466 4502 nos

1891 4546 2148 4606 tanquam
2172 4545 2403 4606 paterna
2438 4537 2734 4591 ltazreditas
2768 4536 3012 4607 legitime
3039 4537 3193 4593 venit
3225 4536 3292 4592 ad
3322 4539 3466 4593 ﬁlios

201 4607 472 4708 suﬁ‘ragio
506 4650 609 4691 suo
633 4632 1100 4702 comprobarent,
1133 4631 1180 4683 si
1216 4629 1352 4682 tales
1374 4642 1496 4682 esse
1524 4625 1785 4680 videren-
1813 4607 1856 4665 ο
1891 4628 2166 4698 legitimos
2215 4644 2244 4682 a
2287 4628 2541 4697 patribus
2580 4628 3001 4697 spiritualibus;
3039 4643 3181 4698 quos
3215 4639 3462 4691 secutus.

201 4741 330 4798 tur;
378 4727 634 4784 fortassis
688 4724 835 4780 enim
881 4722 974 4777 alii
1023 4720 1400 4792 improbarent
1433 4736 1446 4771 :
1477 4733 1588 4772 non
1634 4716 1785 4771 enim

201 4827 392 4890 potest
417 4832 539 4872 esse
563 4832 674 4869 una
705 4812 955 4868 omnium
979 4811 1283 4874 sententia,
1326 4807 1457 4878 quia
1487 4816 1616 4861 sunt
1645 4805 1785 4860 alle-

201 4912 424 4966 ctiones
447 4917 655 4963 nostra:
685 4904 1043 4970 differentes;
1069 4911 1126 4957 et
1147 4915 1258 4955 non
1282 4913 1475 4954 omnes
1496 4898 1566 4954 de
1590 4897 1783 4952 eadem

204 5019 263 5058 re
290 5016 408 5057 uno
434 5000 602 5055 modo
621 4997 916 5054 sentimus.

270 5092 342 5147 11.
374 5090 651 5146 Caeterum
689 5097 972 5156 utcunque
1000 5083 1258 5155 judicent
1289 5081 1385 5153 qui
1413 5082 1531 5136 haec
1554 5080 1780 5150 scripta,

204 5194 264 5239 ut
287 5182 583 5256 probabile
605 5189 692 5236 est
712 5221 727 5245 ,
757 5177 959 5234 lecturi
986 5185 1146 5242 sunt,
1180 5176 1223 5230 si
1258 5175 1402 5230 forte
1436 5175 1648 5244 integra
1677 5191 1740 5227 ea
1762 5214 1776 5236 ,

204 5285 402 5339 etnon
455 5272 526 5329 ab
578 5269 822 5326 inimicis
851 5268 1148 5338 depravata
1196 5266 1345 5320 nacti
1393 5265 1606 5318 fuerint
1639 5283 1650 5317 :
1683 5279 1785 5336 ego

207 5377 392 5422 tamen
439 5365 530 5419 illa
585 5376 922 5433 magnopere
957 5358 1160 5414 conlidi
1205 5360 1353 5412 nulla
1411 5375 1479 5413 ex
1540 5369 1696 5429 parte
1754 5375 1785 5413 a

205 5457 444 5512 veritate
460 5455 804 5523 discrepare,
842 5451 940 5505 sed
963 5451 1148 5520 potius
1171 5465 1297 5504 cum
1323 5450 1656 5525 incorruptis
1686 5449 1785 5503 do-

205 5550 411 5604 ctrinis
458 5547 683 5602 Patrum
728 5543 1042 5599 consentire
1091 5557 1156 5597 ac
1194 5557 1521 5605 consonare,
1577 5557 1715 5611 quas
1752 5556 1782 5595 a

207 5639 472 5712 pueritia,
496 5647 555 5693 et
585 5645 648 5692 ut
675 5637 876 5691 dicitur
895 5674 910 5700 ,
957 5650 989 5689 a
1022 5633 1232 5690 teneris
1261 5632 1576 5706 unguiculis
1619 5633 1776 5704 sequi

279 5801 294 5834 ¹
324 5800 511 5855 Amos.
540 5814 615 5859 ν..
658 5797 737 5852 ιι.
812 5799 836 5829 ⁸
864 5797 904 5852 ιι
932 5795 1056 5852 Cor.
1092 5812 1185 5862 xu,
1224 5797 1302 5853 ll.
1382 5797 1400 5827 ³
1432 5796 1474 5851 ll
1505 5796 1630 5851 (iur.
1660 5812 1768 5858 χιιι,
1800 5794 1831 5848 5

1890 4729 1945 4775 et
1974 4721 2055 4774 eis
2081 4721 2391 4774 assentiens
2427 4721 2493 4774 ad
2527 4721 2645 4774 lucc
2672 4721 3027 4776 scribendum
3061 4723 3270 4776 accessi
3297 4761 3311 4785 ,
3339 4723 3465 4792 jura

1891 4819 2107 4880 patrum
2168 4825 2418 4864 meorum
2472 4809 2610 4863 mihi
2659 4808 2949 4863 vindicans
3007 4809 3147 4877 (haec
3183 4809 3334 4863 enim
3379 4819 3466 4864 est

1890 4903 1976 4956 lex
1995 4902 2204 4972 optime
2224 4900 2573 4970 constituta),
2603 4909 2660 4955 et
2684 4915 2878 4954 eorum
2903 4901 3188 4956 laboribus
3204 4911 3464 4971 tanquam

1889 4995 2131 5066 propriis
2154 4995 2316 5049 bonis
2353 4993 2597 5063 glorians
2630 5009 2645 5046 ι
2675 5002 2733 5046 et
2763 4992 2815 5045 id
2845 4991 3071 5060 quidem
3113 5007 3225 5045 non
3262 4992 3463 5061 injuria

1890 5098 1947 5142 et
1974 5087 2268 5141 immerito.
2309 5086 2484 5139 Nemo
2530 5084 2700 5154 igitur
2728 5083 3134 5139 contumeliose
3172 5082 3308 5136 vitio
3334 5098 3461 5137 vcr-

1891 5190 1971 5235 tut
2003 5199 2015 5234 :
2048 5179 2302 5233 Parentes
2328 5177 2476 5232 enim
2505 5177 2865 5230 tliesaurizant
2896 5175 3022 5243 [iliis
3054 5177 3112 5241 ‘;
3144 5176 3224 5230 sic
3247 5174 3418 5230 Paulo
3441 5176 3463 5207 ³

1887 5275 1942 5327 in
1979 5289 2088 5343 quo
2116 5271 2377 5326 Christus
2403 5270 2756 5340 loquebatur,
2777 5268 2956 5322 visum
2975 5277 3082 5323 est.
3108 5268 3174 5322 Et
3204 5267 3462 5322 Salomon

1887 5365 1964 5419 ait
1991 5383 2001 5416 :
2033 5362 2296 5418 (.‘loriutio
2333 5360 2569 5429 ﬁliorum
2595 5368 2773 5429 patres
2799 5376 2981 5412 eorum
3009 5359 3048 5411 ⁸.

1957 5455 2046 5509 lll.
2080 5454 2350 5520 Quoniam
2399 5454 2565 5523 igitur
2590 5461 2812 5521 oportet
2851 5468 2978 5506 eum
3017 5451 3110 5520 qui
3153 5450 3333 5504 factus
3374 5458 3461 5504 est

1885 5545 2166 5614 particeps
2231 5545 2521 5607 sermonis,
2560 5545 2862 5614 przesertim
2904 5544 2973 5598 de
3029 5543 3134 5597 fide
3188 5543 3327 5612 (haec
3371 5551 3461 5596 est
3497 5577 3499 5579 -

1885 5632 2085 5702 reliqui
2145 5632 2362 5687 :ediﬁcii
2426 5631 2876 5702 ﬁrmamentum),
2912 5629 3185 5702 impartiri
3252 5628 3460 5686 libera-

1937 5807 1946 5822 ‘
1985 5794 2142 5849 l‘rm.
2173 5797 2376 5854 “11,6.
