  <div class='ocr_page' id='page_1' title='image "/cluster/home/n/w/nwhite01/storage/ocr_20150623/89/nnc1.0046980172/681.png"; bbox 0 0 4190 6438; ppageno 0'>
   <div class='ocr_carea' id='block_1_1' title="bbox 729 357 855 420">
    <p class='ocr_par' dir='ltr' id='par_1_1' title="bbox 729 357 855 420">
     <span class='ocr_line' id='line_1_1' title="bbox 729 357 855 420; baseline 0 -2"><span class='ocrx_word' id='word_1_1' title='bbox 729 357 855 420; x_wconf 79' lang='grc'><strong>1311</strong></span> 
     </span>
    </p>
   </div>
   <div class='ocr_carea' id='block_1_2' title="bbox 1844 347 2821 413">
    <p class='ocr_par' dir='ltr' id='par_1_2' title="bbox 1844 347 2821 413">
     <span class='ocr_line' id='line_1_2' title="bbox 1844 347 2821 413; baseline -0.009 0"><span class='ocrx_word' id='word_1_2' title='bbox 1844 355 1904 413; x_wconf 87' lang='lat' dir='ltr'><strong>S.</strong></span> <span class='ocrx_word' id='word_1_3' title='bbox 1932 348 2329 411; x_wconf 66' lang='lat' dir='ltr'><strong>ANASTASH</strong></span> <span class='ocrx_word' id='word_1_4' title='bbox 2358 347 2821 406; x_wconf 67' lang='lat' dir='ltr'><strong>AN’l‘lOCllENl</strong></span> 
     </span>
    </p>
   </div>
   <div class='ocr_carea' id='block_1_3' title="bbox 3843 342 3982 403">
    <p class='ocr_par' dir='ltr' id='par_1_3' title="bbox 3843 342 3982 403">
     <span class='ocr_line' id='line_1_3' title="bbox 3843 342 3982 403; baseline -0.014 0"><span class='ocrx_word' id='word_1_5' title='bbox 3843 342 3982 403; x_wconf 72' lang='grc'><strong>17112</strong></span> 
     </span>
    </p>
   </div>
   <div class='ocr_carea' id='block_1_4' title="bbox 724 452 3984 533">
    <p class='ocr_par' dir='ltr' id='par_1_4' title="bbox 724 452 3984 533">
     <span class='ocr_line' id='line_1_4' title="bbox 724 452 3984 533; baseline -0.004 -12"><span class='ocrx_word' id='word_1_6' title='bbox 724 468 850 521; x_wconf 86' lang='lat' dir='ltr'><strong>liter</strong></span> <span class='ocrx_word' id='word_1_7' title='bbox 872 467 939 519; x_wconf 91' lang='lat' dir='ltr'><strong>iis</strong></span> <span class='ocrx_word' id='word_1_8' title='bbox 972 466 1066 533; x_wconf 94' lang='lat' dir='ltr'><strong>qul</strong></span> <span class='ocrx_word' id='word_1_9' title='bbox 1092 464 1342 533; x_wconf 80' lang='lat' dir='ltr'><strong>indigent</strong></span> <span class='ocrx_word' id='word_1_10' title='bbox 1366 463 1448 517; x_wconf 97' lang='lat' dir='ltr'><strong>vel</strong></span> <span class='ocrx_word' id='word_1_11' title='bbox 1480 463 1646 517; x_wconf 88' lang='lat' dir='ltr'><strong>etiam</strong></span> <span class='ocrx_word' id='word_1_12' title='bbox 1683 471 1899 531; x_wconf 89' lang='lat' dir='ltr'><strong>petunt,</strong></span> <span class='ocrx_word' id='word_1_13' title='bbox 1930 472 1985 514; x_wconf 90' lang='lat' dir='ltr'><strong>et</strong></span> <span class='ocrx_word' id='word_1_14' title='bbox 2021 460 2157 512; x_wconf 84' lang='lat' dir='ltr'><strong>nihil</strong></span> <span class='ocrx_word' id='word_1_15' title='bbox 2196 474 2290 511; x_wconf 89' lang='lat' dir='ltr'><strong>oc-</strong></span> <span class='ocrx_word' id='word_1_16' title='bbox 2324 469 2363 515; x_wconf 79' lang='grc' dir='ltr'><strong>Λ</strong></span> <span class='ocrx_word' id='word_1_17' title='bbox 2398 458 2449 509; x_wconf 92' lang='lat' dir='ltr'><strong>in</strong></span> <span class='ocrx_word' id='word_1_18' title='bbox 2485 457 2713 508; x_wconf 85' lang='lat' dir='ltr'><strong>humilia</strong></span> <span class='ocrx_word' id='word_1_19' title='bbox 2744 452 3109 507; x_wconf 76' lang='lat' dir='ltr'><strong>humanitatis</strong></span> <span class='ocrx_word' id='word_1_20' title='bbox 3149 461 3367 513; x_wconf 80' lang='lat' dir='ltr'><strong>nostne.</strong></span> <span class='ocrx_word' id='word_1_21' title='bbox 3398 462 3455 505; x_wconf 90' lang='lat' dir='ltr'><strong>et</strong></span> <span class='ocrx_word' id='word_1_22' title='bbox 3494 464 3721 521; x_wconf 81' lang='lat' dir='ltr'><strong>propter</strong></span> <span class='ocrx_word' id='word_1_23' title='bbox 3757 469 3858 506; x_wconf 82' lang='lat' dir='ltr'><strong>nos</strong></span> <span class='ocrx_word' id='word_1_24' title='bbox 3892 470 3984 507; x_wconf 74' lang='lat' dir='ltr'><strong>as-</strong></span> 
     </span>
    </p>
   </div>
   <div class='ocr_carea' id='block_1_5' title="bbox 722 550 2289 624">
    <p class='ocr_par' dir='ltr' id='par_1_5' title="bbox 722 550 2289 624">
     <span class='ocr_line' id='line_1_5' title="bbox 722 550 2289 624; baseline -0.007 -13"><span class='ocrx_word' id='word_1_25' title='bbox 722 560 930 613; x_wconf 83' lang='lat' dir='ltr'><strong>cultarc</strong></span> <span class='ocrx_word' id='word_1_26' title='bbox 960 573 1026 609; x_wconf 81' lang='lat' dir='ltr'><strong>ex</strong></span> <span class='ocrx_word' id='word_1_27' title='bbox 1070 556 1139 610; x_wconf 87' lang='lat' dir='ltr'><strong>iis</strong></span> <span class='ocrx_word' id='word_1_28' title='bbox 1182 572 1302 624; x_wconf 72' lang='lat' dir='ltr'><strong>qua:</strong></span> <span class='ocrx_word' id='word_1_29' title='bbox 1330 555 1563 618; x_wconf 91' lang='lat' dir='ltr'><strong>didicit,</strong></span> <span class='ocrx_word' id='word_1_30' title='bbox 1598 564 1930 608; x_wconf 90' lang='lat' dir='ltr'><strong>metuentem</strong></span> <span class='ocrx_word' id='word_1_31' title='bbox 1975 550 2289 618; x_wconf 87' lang='lat' dir='ltr'><strong>exemplum</strong></span> 
     </span>
    </p>
   </div>
   <div class='ocr_carea' id='block_1_6' title="bbox 722 642 2292 717">
    <p class='ocr_par' dir='ltr' id='par_1_6' title="bbox 722 642 2292 717">
     <span class='ocr_line' id='line_1_6' title="bbox 722 642 2292 717; baseline -0.005 -16"><span class='ocrx_word' id='word_1_32' title='bbox 722 651 842 717; x_wconf 78' lang='lat' dir='ltr'><strong>eius</strong></span> <span class='ocrx_word' id='word_1_33' title='bbox 863 648 956 716; x_wconf 89' lang='lat' dir='ltr'><strong>qui</strong></span> <span class='ocrx_word' id='word_1_34' title='bbox 987 650 1249 701; x_wconf 78' lang='lat' dir='ltr'><strong>talentum</strong></span> <span class='ocrx_word' id='word_1_35' title='bbox 1276 646 1523 709; x_wconf 80' lang='lat' dir='ltr'><strong>defodit;</strong></span> <span class='ocrx_word' id='word_1_36' title='bbox 1551 645 1760 699; x_wconf 92' lang='lat' dir='ltr'><strong>idcirco</strong></span> <span class='ocrx_word' id='word_1_37' title='bbox 1792 658 2071 713; x_wconf 83' lang='lat' dir='ltr'><strong>nunquam</strong></span> <span class='ocrx_word' id='word_1_38' title='bbox 2103 642 2292 695; x_wconf 81' lang='lat' dir='ltr'><strong>destiti</strong></span> 
     </span>
    </p>
   </div>
   <div class='ocr_carea' id='block_1_7' title="bbox 727 734 2294 809">
    <p class='ocr_par' dir='ltr' id='par_1_7' title="bbox 727 734 2294 809">
     <span class='ocr_line' id='line_1_7' title="bbox 727 734 2294 809; baseline -0.005 -15"><span class='ocrx_word' id='word_1_39' title='bbox 727 742 878 809; x_wconf 89' lang='lat' dir='ltr'><strong>loqui</strong></span> <span class='ocrx_word' id='word_1_40' title='bbox 905 752 959 795; x_wconf 89' lang='lat' dir='ltr'><strong>et</strong></span> <span class='ocrx_word' id='word_1_41' title='bbox 982 742 1226 795; x_wconf 84' lang='lat' dir='ltr'><strong>scribere</strong></span> <span class='ocrx_word' id='word_1_42' title='bbox 1257 754 1380 792; x_wconf 90' lang='lat' dir='ltr'><strong>cum</strong></span> <span class='ocrx_word' id='word_1_43' title='bbox 1422 749 1639 807; x_wconf 85' lang='lat' dir='ltr'><strong>tempus</strong></span> <span class='ocrx_word' id='word_1_44' title='bbox 1658 745 1799 799; x_wconf 90' lang='lat' dir='ltr'><strong>erat,</strong></span> <span class='ocrx_word' id='word_1_45' title='bbox 1832 752 1957 789; x_wconf 94' lang='lat' dir='ltr'><strong>cum</strong></span> <span class='ocrx_word' id='word_1_46' title='bbox 1982 734 2189 803; x_wconf 89' lang='lat' dir='ltr'><strong>alioqui</strong></span> <span class='ocrx_word' id='word_1_47' title='bbox 2227 734 2294 786; x_wconf 91' lang='lat' dir='ltr'><strong>ad</strong></span> 
     </span>
    </p>
   </div>
   <div class='ocr_carea' id='block_1_8' title="bbox 731 826 2295 898">
    <p class='ocr_par' dir='ltr' id='par_1_8' title="bbox 731 826 2295 898">
     <span class='ocr_line' id='line_1_8' title="bbox 731 826 2295 898; baseline -0.004 -13"><span class='ocrx_word' id='word_1_48' title='bbox 731 833 872 885; x_wconf 87' lang='lat' dir='ltr'><strong>nihil</strong></span> <span class='ocrx_word' id='word_1_49' title='bbox 930 831 1078 885; x_wconf 81' lang='lat' dir='ltr'><strong>aliud</strong></span> <span class='ocrx_word' id='word_1_50' title='bbox 1132 831 1353 898; x_wconf 91' lang='lat' dir='ltr'><strong>penitus</strong></span> <span class='ocrx_word' id='word_1_51' title='bbox 1405 831 1641 883; x_wconf 83' lang='lat' dir='ltr'><strong>idoneus</strong></span> <span class='ocrx_word' id='word_1_52' title='bbox 1700 843 1918 887; x_wconf 85' lang='lat' dir='ltr'><strong>essem,</strong></span> <span class='ocrx_word' id='word_1_53' title='bbox 1961 828 2164 895; x_wconf 89' lang='lat' dir='ltr'><strong>quippe</strong></span> <span class='ocrx_word' id='word_1_54' title='bbox 2203 826 2295 893; x_wconf 88' lang='lat' dir='ltr'><strong>qui</strong></span> 
     </span>
    </p>
   </div>
   <div class='ocr_carea' id='block_1_9' title="bbox 730 920 2299 991">
    <p class='ocr_par' dir='ltr' id='par_1_9' title="bbox 730 920 2299 991">
     <span class='ocr_line' id='line_1_9' title="bbox 730 920 2299 991; baseline -0.005 -14"><span class='ocrx_word' id='word_1_55' title='bbox 730 940 926 991; x_wconf 85' lang='lat' dir='ltr'><strong>expers</strong></span> <span class='ocrx_word' id='word_1_56' title='bbox 958 939 1134 974; x_wconf 86' lang='lat' dir='ltr'><strong>essem</strong></span> <span class='ocrx_word' id='word_1_57' title='bbox 1167 922 1508 990; x_wconf 56' lang='lat' dir='ltr'><strong>disciplinas,</strong></span> <span class='ocrx_word' id='word_1_58' title='bbox 1541 930 1595 973; x_wconf 92' lang='lat' dir='ltr'><strong>et</strong></span> <span class='ocrx_word' id='word_1_59' title='bbox 1638 921 1847 973; x_wconf 87' lang='lat' dir='ltr'><strong>nttllum</strong></span> <span class='ocrx_word' id='word_1_60' title='bbox 1878 920 2195 987; x_wconf 87' lang='lat' dir='ltr'><strong>magistrum</strong></span> <span class='ocrx_word' id='word_1_61' title='bbox 2231 934 2299 970; x_wconf 89' lang='lat' dir='ltr'><strong>ex</strong></span> 
     </span>
    </p>
   </div>
   <div class='ocr_carea' id='block_1_10' title="bbox 730 1008 2301 1079">
    <p class='ocr_par' dir='ltr' id='par_1_10' title="bbox 730 1008 2301 1079">
     <span class='ocr_line' id='line_1_10' title="bbox 730 1008 2301 1079; baseline -0.006 -14"><span class='ocrx_word' id='word_1_62' title='bbox 730 1012 974 1065; x_wconf 81' lang='lat' dir='ltr'><strong>externis</strong></span> <span class='ocrx_word' id='word_1_63' title='bbox 1000 1010 1492 1079; x_wconf 84' lang='lat' dir='ltr'><strong>sapientilmsmihi</strong></span> <span class='ocrx_word' id='word_1_64' title='bbox 1522 1008 1821 1077; x_wconf 88' lang='lat' dir='ltr'><strong>professus.</strong></span> <span class='ocrx_word' id='word_1_65' title='bbox 1856 1008 1969 1060; x_wconf 92' lang='lat' dir='ltr'><strong>lloc</strong></span> <span class='ocrx_word' id='word_1_66' title='bbox 1995 1016 2175 1059; x_wconf 92' lang='lat' dir='ltr'><strong>autem</strong></span> <span class='ocrx_word' id='word_1_67' title='bbox 2205 1021 2301 1057; x_wconf 87' lang='lat' dir='ltr'><strong>au-</strong></span> 
     </span>
    </p>
   </div>
   <div class='ocr_carea' id='block_1_11' title="bbox 733 1097 2302 1166">
    <p class='ocr_par' dir='ltr' id='par_1_11' title="bbox 733 1097 2302 1166">
     <span class='ocr_line' id='line_1_11' title="bbox 733 1097 2302 1166; baseline -0.003 -13"><span class='ocrx_word' id='word_1_68' title='bbox 733 1102 1063 1164; x_wconf 78' lang='lat' dir='ltr'><strong>deodiccrc,</strong></span> <span class='ocrx_word' id='word_1_69' title='bbox 1102 1118 1187 1154; x_wconf 89' lang='lat' dir='ltr'><strong>me</strong></span> <span class='ocrx_word' id='word_1_70' title='bbox 1220 1118 1248 1153; x_wconf 92' lang='lat' dir='ltr'><strong>a</strong></span> <span class='ocrx_word' id='word_1_71' title='bbox 1281 1102 1509 1153; x_wconf 90' lang='lat' dir='ltr'><strong>veritate</strong></span> <span class='ocrx_word' id='word_1_72' title='bbox 1533 1115 1814 1166; x_wconf 80' lang='lat' dir='ltr'><strong>nunquam</strong></span> <span class='ocrx_word' id='word_1_73' title='bbox 1837 1098 2145 1157; x_wconf 87' lang='lat' dir='ltr'><strong>aberrasse,</strong></span> <span class='ocrx_word' id='word_1_74' title='bbox 2169 1097 2302 1148; x_wconf 88' lang='lat' dir='ltr'><strong>licet</strong></span> 
     </span>
    </p>
   </div>
   <div class='ocr_carea' id='block_1_12' title="bbox 735 1184 2304 1246">
    <p class='ocr_par' dir='ltr' id='par_1_12' title="bbox 735 1184 2304 1246">
     <span class='ocr_line' id='line_1_12' title="bbox 735 1184 2304 1246; baseline -0.004 -4"><span class='ocrx_word' id='word_1_75' title='bbox 735 1191 799 1243; x_wconf 87' lang='lat' dir='ltr'><strong>ad</strong></span> <span class='ocrx_word' id='word_1_76' title='bbox 827 1207 946 1241; x_wconf 79' lang='lat' dir='ltr'><strong>t&#39;attt</strong></span> <span class='ocrx_word' id='word_1_77' title='bbox 987 1186 1465 1241; x_wconf 86' lang='lat' dir='ltr'><strong>demonstrandam</strong></span> <span class='ocrx_word' id='word_1_78' title='bbox 1488 1202 1669 1238; x_wconf 80' lang='lat' dir='ltr'><strong>sermo</strong></span> <span class='ocrx_word' id='word_1_79' title='bbox 1701 1186 1951 1238; x_wconf 87' lang='lat' dir='ltr'><strong>inlirmus</strong></span> <span class='ocrx_word' id='word_1_80' title='bbox 1975 1184 2176 1246; x_wconf 83' lang='lat' dir='ltr'><strong>fuerit;</strong></span> <span class='ocrx_word' id='word_1_81' title='bbox 2204 1198 2304 1236; x_wconf 87' lang='lat' dir='ltr'><strong>nec</strong></span> 
     </span>
    </p>
   </div>
   <div class='ocr_carea' id='block_1_13' title="bbox 740 1274 2304 1346">
    <p class='ocr_par' dir='ltr' id='par_1_13' title="bbox 740 1274 2304 1346">
     <span class='ocr_line' id='line_1_13' title="bbox 740 1274 2304 1346; baseline -0.006 -13"><span class='ocrx_word' id='word_1_82' title='bbox 740 1282 793 1333; x_wconf 92' lang='lat' dir='ltr'><strong>in</strong></span> <span class='ocrx_word' id='word_1_83' title='bbox 833 1280 1182 1346; x_wconf 72' lang='lat' dir='ltr'><strong>dogmatibus</strong></span> <span class='ocrx_word' id='word_1_84' title='bbox 1235 1278 1401 1329; x_wconf 88' lang='lat' dir='ltr'><strong>verba</strong></span> <span class='ocrx_word' id='word_1_85' title='bbox 1452 1278 1547 1330; x_wconf 84' lang='lat' dir='ltr'><strong>Dei</strong></span> <span class='ocrx_word' id='word_1_86' title='bbox 1581 1277 1760 1329; x_wconf 87' lang='lat' dir='ltr'><strong>libens</strong></span> <span class='ocrx_word' id='word_1_87' title='bbox 1795 1274 2045 1327; x_wconf 76' lang='lat' dir='ltr'><strong>recusavi</strong></span> <span class='ocrx_word' id='word_1_88' title='bbox 2076 1314 2088 1335; x_wconf 90' lang='lat'><strong>,</strong></span> <span class='ocrx_word' id='word_1_89' title='bbox 2125 1289 2304 1342; x_wconf 80' lang='lat' dir='ltr'><strong>neque</strong></span> 
     </span>
    </p>
   </div>
   <div class='ocr_carea' id='block_1_14' title="bbox 740 1361 2303 1432">
    <p class='ocr_par' dir='ltr' id='par_1_14' title="bbox 740 1361 2303 1432">
     <span class='ocr_line' id='line_1_14' title="bbox 740 1361 2303 1432; baseline -0.004 -13"><span class='ocrx_word' id='word_1_90' title='bbox 740 1378 886 1420; x_wconf 68' lang='lat' dir='ltr'><strong>retra-</strong></span> <span class='ocrx_word' id='word_1_91' title='bbox 922 1365 1319 1418; x_wconf 65' lang='lat' dir='ltr'><strong>confessionem</strong></span> <span class='ocrx_word' id='word_1_92' title='bbox 1350 1364 1578 1432; x_wconf 80' lang='lat' dir='ltr'><strong>reliqui;</strong></span> <span class='ocrx_word' id='word_1_93' title='bbox 1610 1363 1703 1415; x_wconf 87' lang='lat' dir='ltr'><strong>sed</strong></span> <span class='ocrx_word' id='word_1_94' title='bbox 1728 1362 1912 1431; x_wconf 87' lang='lat' dir='ltr'><strong>potius</strong></span> <span class='ocrx_word' id='word_1_95' title='bbox 1941 1372 2212 1429; x_wconf 84' lang='lat' dir='ltr'><strong>quantum</strong></span> <span class='ocrx_word' id='word_1_96' title='bbox 2251 1361 2303 1413; x_wconf 92' lang='lat' dir='ltr'><strong>iu</strong></span> 
     </span>
    </p>
   </div>
   <div class='ocr_carea' id='block_1_15' title="bbox 739 1458 2304 1522">
    <p class='ocr_par' dir='ltr' id='par_1_15' title="bbox 739 1458 2304 1522">
     <span class='ocr_line' id='line_1_15' title="bbox 739 1458 2304 1522; baseline -0.004 -10"><span class='ocrx_word' id='word_1_97' title='bbox 739 1476 825 1512; x_wconf 84' lang='lat' dir='ltr'><strong>Ine</strong></span> <span class='ocrx_word' id='word_1_98' title='bbox 866 1458 991 1520; x_wconf 91' lang='lat' dir='ltr'><strong>fuit,</strong></span> <span class='ocrx_word' id='word_1_99' title='bbox 1020 1458 1247 1511; x_wconf 84' lang='lat' dir='ltr'><strong>semitas</strong></span> <span class='ocrx_word' id='word_1_100' title='bbox 1282 1458 1502 1509; x_wconf 79' lang='lat' dir='ltr'><strong>Patrum</strong></span> <span class='ocrx_word' id='word_1_101' title='bbox 1531 1470 1778 1508; x_wconf 89' lang='lat' dir='ltr'><strong>meorum</strong></span> <span class='ocrx_word' id='word_1_102' title='bbox 1808 1465 2133 1522; x_wconf 89' lang='lat' dir='ltr'><strong>persecutus</strong></span> <span class='ocrx_word' id='word_1_103' title='bbox 2160 1470 2304 1516; x_wconf 89' lang='lat' dir='ltr'><strong>sum,</strong></span> 
     </span>
    </p>
   </div>
   <div class='ocr_carea' id='block_1_16' title="bbox 739 1547 2309 1620">
    <p class='ocr_par' dir='ltr' id='par_1_16' title="bbox 739 1547 2309 1620">
     <span class='ocr_line' id='line_1_16' title="bbox 739 1547 2309 1620; baseline -0.001 -19"><span class='ocrx_word' id='word_1_104' title='bbox 739 1552 831 1620; x_wconf 91' lang='lat' dir='ltr'><strong>qui</strong></span> <span class='ocrx_word' id='word_1_105' title='bbox 869 1551 1113 1612; x_wconf 90' lang='lat' dir='ltr'><strong>aiebant,</strong></span> <span class='ocrx_word' id='word_1_106' title='bbox 1144 1563 1339 1616; x_wconf 91' lang='lat' dir='ltr'><strong>meque</strong></span> <span class='ocrx_word' id='word_1_107' title='bbox 1365 1547 1636 1601; x_wconf 90' lang='lat' dir='ltr'><strong>docebant</strong></span> <span class='ocrx_word' id='word_1_108' title='bbox 1668 1564 1681 1599; x_wconf 95' lang='lat'><strong>:</strong></span> <span class='ocrx_word' id='word_1_109' title='bbox 1712 1567 1730 1597; x_wconf 75' lang='grc' dir='ltr'>ί</span> <span class='ocrx_word' id='word_1_110' title='bbox 1766 1547 1981 1601; x_wconf 81' lang='lat' dir='ltr'><strong>Nitatur</strong></span> <span class='ocrx_word' id='word_1_111' title='bbox 2004 1562 2185 1599; x_wconf 82' lang='lat' dir='ltr'><strong>sermo</strong></span> <span class='ocrx_word' id='word_1_112' title='bbox 2210 1563 2309 1600; x_wconf 90' lang='lat' dir='ltr'><strong>no-</strong></span> 
     </span>
    </p>
   </div>
   <div class='ocr_carea' id='block_1_17' title="bbox 741 1637 2308 1699">
    <p class='ocr_par' dir='ltr' id='par_1_17' title="bbox 741 1637 2308 1699">
     <span class='ocr_line' id='line_1_17' title="bbox 741 1637 2308 1699; baseline -0.003 -5"><span class='ocrx_word' id='word_1_113' title='bbox 741 1651 855 1694; x_wconf 90' lang='lat' dir='ltr'><strong>ster</strong></span> <span class='ocrx_word' id='word_1_114' title='bbox 893 1642 945 1693; x_wconf 93' lang='lat' dir='ltr'><strong>iu</strong></span> <span class='ocrx_word' id='word_1_115' title='bbox 973 1648 1152 1692; x_wconf 91' lang='lat' dir='ltr'><strong>mente</strong></span> <span class='ocrx_word' id='word_1_116' title='bbox 1189 1647 1310 1699; x_wconf 90' lang='lat' dir='ltr'><strong>tua;</strong></span> <span class='ocrx_word' id='word_1_117' title='bbox 1342 1653 1496 1691; x_wconf 88' lang='lat' dir='ltr'><strong>serva</strong></span> <span class='ocrx_word' id='word_1_118' title='bbox 1527 1637 1781 1691; x_wconf 87' lang='lat' dir='ltr'><strong>mandata</strong></span> <span class='ocrx_word' id='word_1_119' title='bbox 1810 1653 1927 1689; x_wconf 88' lang='lat' dir='ltr'><strong>mea</strong></span> <span class='ocrx_word' id='word_1_120' title='bbox 1954 1676 1967 1697; x_wconf 92' lang='lat'><strong>,</strong></span> <span class='ocrx_word' id='word_1_121' title='bbox 1996 1651 2065 1688; x_wconf 91' lang='lat' dir='ltr'><strong>ne</strong></span> <span class='ocrx_word' id='word_1_122' title='bbox 2107 1637 2308 1689; x_wconf 82' lang='lat' dir='ltr'><strong>oblivi-</strong></span> 
     </span>
    </p>
   </div>
   <div class='ocr_carea' id='block_1_18' title="bbox 741 1729 2305 1801">
    <p class='ocr_par' dir='ltr' id='par_1_18' title="bbox 741 1729 2305 1801">
     <span class='ocr_line' id='line_1_18' title="bbox 741 1729 2305 1801; baseline -0.004 -16"><span class='ocrx_word' id='word_1_123' title='bbox 741 1732 932 1795; x_wconf 79' lang='lat' dir='ltr'><strong>scaris,</strong></span> <span class='ocrx_word' id='word_1_124' title='bbox 976 1747 1076 1784; x_wconf 89' lang='lat' dir='ltr'><strong>nec</strong></span> <span class='ocrx_word' id='word_1_125' title='bbox 1121 1731 1369 1801; x_wconf 75' lang='lat' dir='ltr'><strong>negligas</strong></span> <span class='ocrx_word' id='word_1_126' title='bbox 1411 1730 1524 1783; x_wconf 91' lang='lat' dir='ltr'><strong>oris</strong></span> <span class='ocrx_word' id='word_1_127' title='bbox 1552 1730 1726 1782; x_wconf 87' lang='lat' dir='ltr'><strong>nostri</strong></span> <span class='ocrx_word' id='word_1_128' title='bbox 1787 1729 1975 1781; x_wconf 89' lang='lat' dir='ltr'><strong>verba.</strong></span> <span class='ocrx_word' id='word_1_129' title='bbox 2012 1749 2031 1779; x_wconf 69' lang='grc' dir='ltr'><strong><em>ο</em></strong></span> <span class='ocrx_word' id='word_1_130' title='bbox 2065 1729 2305 1798; x_wconf 79' lang='lat' dir='ltr'><strong>Vestigia</strong></span> 
     </span>
    </p>
   </div>
   <div class='ocr_carea' id='block_1_19' title="bbox 743 1817 2310 1887">
    <p class='ocr_par' dir='ltr' id='par_1_19' title="bbox 743 1817 2310 1887">
     <span class='ocr_line' id='line_1_19' title="bbox 743 1817 2310 1887; baseline -0.001 -16"><span class='ocrx_word' id='word_1_131' title='bbox 743 1821 941 1887; x_wconf 80' lang='lat' dir='ltr'><strong>pedum</strong></span> <span class='ocrx_word' id='word_1_132' title='bbox 976 1835 1167 1871; x_wconf 91' lang='lat' dir='ltr'><strong>eorum</strong></span> <span class='ocrx_word' id='word_1_133' title='bbox 1202 1820 1254 1871; x_wconf 91' lang='lat' dir='ltr'><strong>in</strong></span> <span class='ocrx_word' id='word_1_134' title='bbox 1287 1818 1491 1871; x_wconf 86' lang='lat' dir='ltr'><strong>divinis</strong></span> <span class='ocrx_word' id='word_1_135' title='bbox 1525 1817 1874 1885; x_wconf 78' lang='lat' dir='ltr'><strong>dogmatibus</strong></span> <span class='ocrx_word' id='word_1_136' title='bbox 1911 1826 2136 1871; x_wconf 89' lang='lat' dir='ltr'><strong>secutus</strong></span> <span class='ocrx_word' id='word_1_137' title='bbox 2168 1834 2310 1881; x_wconf 91' lang='lat' dir='ltr'><strong>sum,</strong></span> 
     </span>
    </p>
   </div>
   <div class='ocr_carea' id='block_1_20' title="bbox 743 1909 2305 1977">
    <p class='ocr_par' dir='ltr' id='par_1_20' title="bbox 743 1909 2305 1977">
     <span class='ocr_line' id='line_1_20' title="bbox 743 1909 2305 1977; baseline 0.001 -15"><span class='ocrx_word' id='word_1_138' title='bbox 743 1927 844 1962; x_wconf 80' lang='lat' dir='ltr'><strong>nec</strong></span> <span class='ocrx_word' id='word_1_139' title='bbox 878 1910 945 1962; x_wconf 91' lang='lat' dir='ltr'><strong>ad</strong></span> <span class='ocrx_word' id='word_1_140' title='bbox 973 1910 1220 1963; x_wconf 64' lang='lat' dir='ltr'><strong>dextram</strong></span> <span class='ocrx_word' id='word_1_141' title='bbox 1253 1926 1353 1963; x_wconf 89' lang='lat' dir='ltr'><strong>nec</strong></span> <span class='ocrx_word' id='word_1_142' title='bbox 1387 1911 1452 1962; x_wconf 88' lang='lat' dir='ltr'><strong>ad</strong></span> <span class='ocrx_word' id='word_1_143' title='bbox 1491 1909 1772 1961; x_wconf 82' lang='lat' dir='ltr'><strong>sinistram</strong></span> <span class='ocrx_word' id='word_1_144' title='bbox 1810 1925 2052 1977; x_wconf 87' lang='lat' dir='ltr'><strong>unquam</strong></span> <span class='ocrx_word' id='word_1_145' title='bbox 2086 1910 2305 1963; x_wconf 81' lang='lat' dir='ltr'><strong>deﬂexi.</strong></span> 
     </span>
    </p>
   </div>
   <div class='ocr_carea' id='block_1_21' title="bbox 741 2001 2307 2066">
    <p class='ocr_par' dir='ltr' id='par_1_21' title="bbox 741 2001 2307 2066">
     <span class='ocr_line' id='line_1_21' title="bbox 741 2001 2307 2066; baseline 0.002 -14"><span class='ocrx_word' id='word_1_146' title='bbox 741 2002 1135 2066; x_wconf 79' lang='lat' dir='ltr'><strong>Quamobrem,</strong></span> <span class='ocrx_word' id='word_1_147' title='bbox 1166 2002 1280 2054; x_wconf 87' lang='lat' dir='ltr'><strong>Non</strong></span> <span class='ocrx_word' id='word_1_148' title='bbox 1332 2001 1578 2053; x_wconf 73' lang='lat' dir='ltr'><strong>abscondi</strong></span> <span class='ocrx_word' id='word_1_149' title='bbox 1629 2003 2048 2055; x_wconf 82' lang='lat' dir='ltr'><strong>miscricordiam</strong></span> <span class='ocrx_word' id='word_1_150' title='bbox 2091 2002 2209 2064; x_wconf 80' lang='lat' dir='ltr'><strong>Dei.</strong></span> <span class='ocrx_word' id='word_1_151' title='bbox 2260 2013 2307 2055; x_wconf 79' lang='lat' dir='ltr'><strong>et</strong></span> 
     </span>
    </p>
   </div>
   <div class='ocr_carea' id='block_1_22' title="bbox 742 2094 2309 2163">
    <p class='ocr_par' dir='ltr' id='par_1_22' title="bbox 742 2094 2309 2163">
     <span class='ocr_line' id='line_1_22' title="bbox 742 2094 2309 2163; baseline 0.001 -19"><span class='ocrx_word' id='word_1_152' title='bbox 742 2094 1015 2144; x_wconf 75' lang='lat' dir='ltr'><strong>t&#39;:rilulem</strong></span> <span class='ocrx_word' id='word_1_153' title='bbox 1044 2094 1156 2161; x_wconf 76' lang='lat' dir='ltr'><strong>ejus</strong></span> <span class='ocrx_word' id='word_1_154' title='bbox 1199 2111 1229 2144; x_wconf 79' lang='grc' dir='ltr'><strong>(ι</strong></span> <span class='ocrx_word' id='word_1_155' title='bbox 1266 2110 1533 2162; x_wconf 74' lang='lat' dir='ltr'><strong>synagoga</strong></span> <span class='ocrx_word' id='word_1_156' title='bbox 1577 2095 1866 2146; x_wconf 83' lang='lat' dir='ltr'><strong>multorum</strong></span> <span class='ocrx_word' id='word_1_157' title='bbox 1890 2095 1932 2157; x_wconf 82' lang='lat'><strong>&#39;,</strong></span> <span class='ocrx_word' id='word_1_158' title='bbox 1971 2106 2029 2147; x_wconf 94' lang='lat' dir='ltr'><strong>ut</strong></span> <span class='ocrx_word' id='word_1_159' title='bbox 2055 2095 2309 2163; x_wconf 75' lang='lat' dir='ltr'><strong>loquerer</strong></span> 
     </span>
    </p>
   </div>
   <div class='ocr_carea' id='block_1_23' title="bbox 746 2184 2311 2254">
    <p class='ocr_par' dir='ltr' id='par_1_23' title="bbox 746 2184 2311 2254">
     <span class='ocr_line' id='line_1_23' title="bbox 746 2184 2311 2254; baseline 0.001 -19"><span class='ocrx_word' id='word_1_160' title='bbox 746 2184 800 2235; x_wconf 87' lang='lat' dir='ltr'><strong>itt</strong></span> <span class='ocrx_word' id='word_1_161' title='bbox 831 2185 1059 2236; x_wconf 80' lang='lat' dir='ltr'><strong>ecclesia</strong></span> <span class='ocrx_word' id='word_1_162' title='bbox 1084 2186 1410 2253; x_wconf 84' lang='lat' dir='ltr'><strong>populorum</strong></span> <span class='ocrx_word' id='word_1_163' title='bbox 1445 2185 1743 2237; x_wconf 87' lang='lat' dir='ltr'><strong>multorum</strong></span> <span class='ocrx_word' id='word_1_164' title='bbox 1770 2186 2185 2254; x_wconf 71' lang='lat' dir='ltr'><strong>iustificationes</strong></span> <span class='ocrx_word' id='word_1_165' title='bbox 2207 2188 2311 2240; x_wconf 84' lang='lat' dir='ltr'><strong>llo-</strong></span> 
     </span>
    </p>
   </div>
   <div class='ocr_carea' id='block_1_24' title="bbox 744 2274 2311 2345">
    <p class='ocr_par' dir='ltr' id='par_1_24' title="bbox 744 2274 2311 2345">
     <span class='ocr_line' id='line_1_24' title="bbox 744 2274 2311 2345; baseline 0.002 -18"><span class='ocrx_word' id='word_1_166' title='bbox 744 2274 1087 2343; x_wconf 86' lang='lat' dir='ltr'><strong>tuini,quas</strong></span> <span class='ocrx_word' id='word_1_167' title='bbox 1124 2293 1153 2327; x_wconf 87' lang='lat' dir='ltr'><strong>a</strong></span> <span class='ocrx_word' id='word_1_168' title='bbox 1202 2275 1457 2327; x_wconf 87' lang='lat' dir='ltr'><strong>l&#39;atribus</strong></span> <span class='ocrx_word' id='word_1_169' title='bbox 1516 2275 1709 2328; x_wconf 83' lang='lat' dir='ltr'><strong>didici.</strong></span> <span class='ocrx_word' id='word_1_170' title='bbox 1762 2276 1951 2344; x_wconf 85' lang='lat' dir='ltr'><strong>Itaque</strong></span> <span class='ocrx_word' id='word_1_171' title='bbox 2005 2279 2311 2345; x_wconf 86' lang='lat' dir='ltr'><strong>comperies</strong></span> 
     </span>
    </p>
   </div>
   <div class='ocr_carea' id='block_1_25' title="bbox 745 2365 2309 2435">
    <p class='ocr_par' dir='ltr' id='par_1_25' title="bbox 745 2365 2309 2435">
     <span class='ocr_line' id='line_1_25' title="bbox 745 2365 2309 2435; baseline 0.001 -18"><span class='ocrx_word' id='word_1_172' title='bbox 745 2376 931 2435; x_wconf 82' lang='lat' dir='ltr'><strong>patres</strong></span> <span class='ocrx_word' id='word_1_173' title='bbox 980 2382 1077 2432; x_wconf 88' lang='lat' dir='ltr'><strong>per</strong></span> <span class='ocrx_word' id='word_1_174' title='bbox 1109 2383 1193 2419; x_wconf 91' lang='lat' dir='ltr'><strong>me</strong></span> <span class='ocrx_word' id='word_1_175' title='bbox 1234 2366 1487 2419; x_wconf 88' lang='lat' dir='ltr'><strong>docuisse</strong></span> <span class='ocrx_word' id='word_1_176' title='bbox 1534 2365 1663 2431; x_wconf 90' lang='lat' dir='ltr'><strong>(nisi</strong></span> <span class='ocrx_word' id='word_1_177' title='bbox 1707 2366 1930 2418; x_wconf 81' lang='lat' dir='ltr'><strong>audacis</strong></span> <span class='ocrx_word' id='word_1_178' title='bbox 1960 2376 2045 2419; x_wconf 87' lang='lat' dir='ltr'><strong>est</strong></span> <span class='ocrx_word' id='word_1_179' title='bbox 2084 2367 2190 2421; x_wconf 93' lang='lat' dir='ltr'><strong>hoc</strong></span> <span class='ocrx_word' id='word_1_180' title='bbox 2224 2368 2309 2420; x_wconf 93' lang='lat' dir='ltr'><strong>di-</strong></span> 
     </span>
    </p>
   </div>
   <div class='ocr_carea' id='block_1_26' title="bbox 747 2457 2311 2527">
    <p class='ocr_par' dir='ltr' id='par_1_26' title="bbox 747 2457 2311 2527">
     <span class='ocr_line' id='line_1_26' title="bbox 747 2457 2311 2527; baseline 0.001 -18"><span class='ocrx_word' id='word_1_181' title='bbox 747 2457 897 2523; x_wconf 90' lang='lat' dir='ltr'><strong>cere)</strong></span> <span class='ocrx_word' id='word_1_182' title='bbox 923 2457 1068 2524; x_wconf 91' lang='lat' dir='ltr'><strong>quod</strong></span> <span class='ocrx_word' id='word_1_183' title='bbox 1104 2457 1155 2509; x_wconf 93' lang='lat' dir='ltr'><strong>in</strong></span> <span class='ocrx_word' id='word_1_184' title='bbox 1182 2458 1250 2510; x_wconf 92' lang='lat' dir='ltr'><strong>iis</strong></span> <span class='ocrx_word' id='word_1_185' title='bbox 1274 2474 1395 2525; x_wconf 79' lang='lat' dir='ltr'><strong>qua:</strong></span> <span class='ocrx_word' id='word_1_186' title='bbox 1419 2458 1548 2510; x_wconf 90' lang='lat' dir='ltr'><strong>olim</strong></span> <span class='ocrx_word' id='word_1_187' title='bbox 1584 2474 1612 2510; x_wconf 92' lang='lat' dir='ltr'><strong>a</strong></span> <span class='ocrx_word' id='word_1_188' title='bbox 1659 2474 1743 2510; x_wconf 91' lang='lat' dir='ltr'><strong>mc</strong></span> <span class='ocrx_word' id='word_1_189' title='bbox 1778 2459 1979 2527; x_wconf 83' lang='lat' dir='ltr'><strong>scripta</strong></span> <span class='ocrx_word' id='word_1_190' title='bbox 2011 2468 2139 2511; x_wconf 89' lang='lat' dir='ltr'><strong>sunt</strong></span> <span class='ocrx_word' id='word_1_191' title='bbox 2163 2500 2177 2523; x_wconf 92' lang='lat'><strong>,</strong></span> <span class='ocrx_word' id='word_1_192' title='bbox 2224 2459 2311 2511; x_wconf 91' lang='lat' dir='ltr'><strong>in-</strong></span> 
     </span>
    </p>
   </div>
   <div class='ocr_carea' id='block_1_27' title="bbox 748 2548 2316 2617">
    <p class='ocr_par' dir='ltr' id='par_1_27' title="bbox 748 2548 2316 2617">
     <span class='ocr_line' id='line_1_27' title="bbox 748 2548 2316 2617; baseline 0.003 -18"><span class='ocrx_word' id='word_1_193' title='bbox 748 2559 1007 2616; x_wconf 91' lang='lat' dir='ltr'><strong>corrupte</strong></span> <span class='ocrx_word' id='word_1_194' title='bbox 1045 2548 1217 2616; x_wconf 82' lang='lat' dir='ltr'><strong>legis:</strong></span> <span class='ocrx_word' id='word_1_195' title='bbox 1251 2564 1317 2601; x_wconf 83' lang='lat' dir='ltr'><strong>ex</strong></span> <span class='ocrx_word' id='word_1_196' title='bbox 1356 2550 1579 2617; x_wconf 75' lang='lat' dir='ltr'><strong>copioso</strong></span> <span class='ocrx_word' id='word_1_197' title='bbox 1605 2550 1751 2603; x_wconf 88' lang='lat' dir='ltr'><strong>enim</strong></span> <span class='ocrx_word' id='word_1_198' title='bbox 1792 2550 1944 2603; x_wconf 90' lang='lat' dir='ltr'><strong>fonte</strong></span> <span class='ocrx_word' id='word_1_199' title='bbox 1974 2550 2225 2603; x_wconf 90' lang='lat' dir='ltr'><strong>laborum</strong></span> <span class='ocrx_word' id='word_1_200' title='bbox 2252 2551 2316 2603; x_wconf 85' lang='lat' dir='ltr'><strong>il-</strong></span> 
     </span>
    </p>
   </div>
   <div class='ocr_carea' id='block_1_28' title="bbox 751 2639 2313 2710">
    <p class='ocr_par' dir='ltr' id='par_1_28' title="bbox 751 2639 2313 2710">
     <span class='ocr_line' id='line_1_28' title="bbox 751 2639 2313 2710; baseline 0.004 -20"><span class='ocrx_word' id='word_1_201' title='bbox 751 2639 929 2691; x_wconf 90' lang='lat' dir='ltr'><strong>lorum</strong></span> <span class='ocrx_word' id='word_1_202' title='bbox 988 2648 1073 2693; x_wconf 91' lang='lat' dir='ltr'><strong>est</strong></span> <span class='ocrx_word' id='word_1_203' title='bbox 1118 2640 1231 2693; x_wconf 69' lang='lat' dir='ltr'><strong>haec</strong></span> <span class='ocrx_word' id='word_1_204' title='bbox 1286 2642 1531 2707; x_wconf 78' lang='lat' dir='ltr'><strong>guttula,</strong></span> <span class='ocrx_word' id='word_1_205' title='bbox 1581 2650 1637 2695; x_wconf 90' lang='lat' dir='ltr'><strong>et</strong></span> <span class='ocrx_word' id='word_1_206' title='bbox 1681 2656 1749 2695; x_wconf 84' lang='lat' dir='ltr'><strong>ex</strong></span> <span class='ocrx_word' id='word_1_207' title='bbox 1806 2641 2036 2710; x_wconf 87' lang='lat' dir='ltr'><strong>perenni</strong></span> <span class='ocrx_word' id='word_1_208' title='bbox 2089 2641 2313 2696; x_wconf 86' lang='lat' dir='ltr'><strong>flumine</strong></span> 
     </span>
    </p>
   </div>
   <div class='ocr_carea' id='block_1_29' title="bbox 748 2728 2314 2799">
    <p class='ocr_par' dir='ltr' id='par_1_29' title="bbox 748 2728 2314 2799">
     <span class='ocr_line' id='line_1_29' title="bbox 748 2728 2314 2799; baseline 0.004 -21"><span class='ocrx_word' id='word_1_209' title='bbox 748 2728 979 2795; x_wconf 78' lang='lat' dir='ltr'><strong>exiguus</strong></span> <span class='ocrx_word' id='word_1_210' title='bbox 1022 2738 1276 2781; x_wconf 81' lang='lat' dir='ltr'><strong>torrens:</strong></span> <span class='ocrx_word' id='word_1_211' title='bbox 1312 2730 1485 2782; x_wconf 90' lang='lat' dir='ltr'><strong>instar</strong></span> <span class='ocrx_word' id='word_1_212' title='bbox 1525 2745 1759 2797; x_wconf 88' lang='lat' dir='ltr'><strong>namque</strong></span> <span class='ocrx_word' id='word_1_213' title='bbox 1811 2732 2151 2799; x_wconf 88' lang='lat' dir='ltr'><strong>aspersionis</strong></span> <span class='ocrx_word' id='word_1_214' title='bbox 2188 2747 2314 2785; x_wconf 90' lang='lat' dir='ltr'><strong>cum</strong></span> 
     </span>
    </p>
   </div>
   <div class='ocr_carea' id='block_1_30' title="bbox 751 2821 2315 2887">
    <p class='ocr_par' dir='ltr' id='par_1_30' title="bbox 751 2821 2315 2887">
     <span class='ocr_line' id='line_1_30' title="bbox 751 2821 2315 2887; baseline 0.003 -16"><span class='ocrx_word' id='word_1_215' title='bbox 751 2835 915 2871; x_wconf 89' lang='lat' dir='ltr'><strong>amne</strong></span> <span class='ocrx_word' id='word_1_216' title='bbox 938 2829 1249 2887; x_wconf 86' lang='lat' dir='ltr'><strong>comparata</strong></span> <span class='ocrx_word' id='word_1_217' title='bbox 1279 2830 1406 2874; x_wconf 90' lang='lat' dir='ltr'><strong>sunt</strong></span> <span class='ocrx_word' id='word_1_218' title='bbox 1435 2837 1553 2873; x_wconf 90' lang='lat' dir='ltr'><strong>mea</strong></span> <span class='ocrx_word' id='word_1_219' title='bbox 1580 2837 1705 2874; x_wconf 91' lang='lat' dir='ltr'><strong>cum</strong></span> <span class='ocrx_word' id='word_1_220' title='bbox 1732 2821 1838 2875; x_wconf 86' lang='lat' dir='ltr'><strong>illis</strong></span> <span class='ocrx_word' id='word_1_221' title='bbox 1859 2822 2078 2883; x_wconf 87' lang='lat' dir='ltr'><strong>collata,</strong></span> <span class='ocrx_word' id='word_1_222' title='bbox 2096 2822 2315 2875; x_wconf 84' lang='lat' dir='ltr'><strong>tametsi</strong></span> 
     </span>
    </p>
   </div>
   <div class='ocr_carea' id='block_1_31' title="bbox 752 2908 2318 2979">
    <p class='ocr_par' dir='ltr' id='par_1_31' title="bbox 752 2908 2318 2979">
     <span class='ocr_line' id='line_1_31' title="bbox 752 2908 2318 2979; baseline 0.003 -19"><span class='ocrx_word' id='word_1_223' title='bbox 752 2917 981 2976; x_wconf 87' lang='lat' dir='ltr'><strong>cognata</strong></span> <span class='ocrx_word' id='word_1_224' title='bbox 1020 2908 1129 2962; x_wconf 87' lang='lat' dir='ltr'><strong>illis</strong></span> <span class='ocrx_word' id='word_1_225' title='bbox 1155 2918 1315 2971; x_wconf 90' lang='lat' dir='ltr'><strong>sunt;</strong></span> <span class='ocrx_word' id='word_1_226' title='bbox 1346 2908 1551 2976; x_wconf 88' lang='lat' dir='ltr'><strong>quibus</strong></span> <span class='ocrx_word' id='word_1_227' title='bbox 1588 2909 1696 2978; x_wconf 82' lang='lat' dir='ltr'><strong>jam</strong></span> <span class='ocrx_word' id='word_1_228' title='bbox 1727 2910 1894 2963; x_wconf 90' lang='lat' dir='ltr'><strong>editis</strong></span> <span class='ocrx_word' id='word_1_229' title='bbox 1945 2910 2013 2962; x_wconf 91' lang='lat' dir='ltr'><strong>iis</strong></span> <span class='ocrx_word' id='word_1_230' title='bbox 2054 2910 2148 2979; x_wconf 89' lang='lat' dir='ltr'><strong>qui</strong></span> <span class='ocrx_word' id='word_1_231' title='bbox 2189 2919 2318 2965; x_wconf 91' lang='lat' dir='ltr'><strong>tunc</strong></span> 
     </span>
    </p>
   </div>
   <div class='ocr_carea' id='block_1_32' title="bbox 753 3000 2317 3071">
    <p class='ocr_par' dir='ltr' id='par_1_32' title="bbox 753 3000 2317 3071">
     <span class='ocr_line' id='line_1_32' title="bbox 753 3000 2317 3071; baseline 0.003 -20"><span class='ocrx_word' id='word_1_232' title='bbox 753 3014 817 3052; x_wconf 90' lang='lat' dir='ltr'><strong>ea</strong></span> <span class='ocrx_word' id='word_1_233' title='bbox 847 3000 1163 3062; x_wconf 83' lang='lat' dir='ltr'><strong>voluerunt,</strong></span> <span class='ocrx_word' id='word_1_234' title='bbox 1201 3016 1644 3069; x_wconf 80' lang='lat' dir='ltr'><strong>supervacaneus</strong></span> <span class='ocrx_word' id='word_1_235' title='bbox 1663 3012 1776 3054; x_wconf 87' lang='lat' dir='ltr'><strong>erat</strong></span> <span class='ocrx_word' id='word_1_236' title='bbox 1808 3002 1897 3055; x_wconf 93' lang='lat' dir='ltr'><strong>hic</strong></span> <span class='ocrx_word' id='word_1_237' title='bbox 1919 3018 2075 3055; x_wconf 78' lang='lat' dir='ltr'><strong>nnms</strong></span> <span class='ocrx_word' id='word_1_238' title='bbox 2104 3004 2155 3055; x_wconf 94' lang='lat' dir='ltr'><strong>in</strong></span> <span class='ocrx_word' id='word_1_239' title='bbox 2180 3020 2317 3071; x_wconf 67' lang='lat' dir='ltr'><strong>prte-</strong></span> 
     </span>
    </p>
   </div>
   <div class='ocr_carea' id='block_1_33' title="bbox 756 3088 2317 3160">
    <p class='ocr_par' dir='ltr' id='par_1_33' title="bbox 756 3088 2317 3160">
     <span class='ocr_line' id='line_1_33' title="bbox 756 3088 2317 3160; baseline 0.003 -19"><span class='ocrx_word' id='word_1_240' title='bbox 756 3088 897 3141; x_wconf 88' lang='lat' dir='ltr'><strong>senti</strong></span> <span class='ocrx_word' id='word_1_241' title='bbox 931 3090 1103 3152; x_wconf 87' lang='lat' dir='ltr'><strong>labor,</strong></span> <span class='ocrx_word' id='word_1_242' title='bbox 1138 3091 1183 3143; x_wconf 93' lang='lat' dir='ltr'><strong>si</strong></span> <span class='ocrx_word' id='word_1_243' title='bbox 1213 3090 1301 3143; x_wconf 91' lang='lat' dir='ltr'><strong>illa</strong></span> <span class='ocrx_word' id='word_1_244' title='bbox 1326 3089 1600 3142; x_wconf 81' lang='lat' dir='ltr'><strong>adessent.</strong></span> <span class='ocrx_word' id='word_1_245' title='bbox 1635 3090 1863 3143; x_wconf 72' lang='lat' dir='ltr'><strong>l’osscnt</strong></span> <span class='ocrx_word' id='word_1_246' title='bbox 1898 3091 2044 3144; x_wconf 91' lang='lat' dir='ltr'><strong>enim</strong></span> <span class='ocrx_word' id='word_1_247' title='bbox 2074 3091 2188 3160; x_wconf 87' lang='lat' dir='ltr'><strong>ipsa</strong></span> <span class='ocrx_word' id='word_1_248' title='bbox 2218 3108 2317 3160; x_wconf 90' lang='lat' dir='ltr'><strong>pro</strong></span> 
     </span>
    </p>
   </div>
   <div class='ocr_carea' id='block_1_34' title="bbox 2397 542 3987 616">
    <p class='ocr_par' dir='ltr' id='par_1_34' title="bbox 2397 542 3987 616">
     <span class='ocr_line' id='line_1_34' title="bbox 2397 542 3987 616; baseline -0.003 -14"><span class='ocrx_word' id='word_1_249' title='bbox 2397 557 2649 616; x_wconf 65' lang='lat' dir='ltr'><strong>sumptu.</strong></span> <span class='ocrx_word' id='word_1_250' title='bbox 2681 547 2750 600; x_wconf 75' lang='lat' dir='ltr'><strong>L&#39;t</strong></span> <span class='ocrx_word' id='word_1_251' title='bbox 2787 554 2970 598; x_wconf 90' lang='lat' dir='ltr'><strong>autem</strong></span> <span class='ocrx_word' id='word_1_252' title='bbox 3006 542 3060 595; x_wconf 96' lang='lat' dir='ltr'><strong>in</strong></span> <span class='ocrx_word' id='word_1_253' title='bbox 3094 543 3181 596; x_wconf 90' lang='lat' dir='ltr'><strong>his</strong></span> <span class='ocrx_word' id='word_1_254' title='bbox 3218 544 3633 612; x_wconf 75' lang='lat' dir='ltr'><strong>progrediamur</strong></span> <span class='ocrx_word' id='word_1_255' title='bbox 3659 586 3672 606; x_wconf 93' lang='lat'><strong>,</strong></span> <span class='ocrx_word' id='word_1_256' title='bbox 3700 546 3987 613; x_wconf 81' lang='lat' dir='ltr'><strong>supplice-</strong></span> 
     </span>
    </p>
   </div>
   <div class='ocr_carea' id='block_1_35' title="bbox 2398 635 3985 709">
    <p class='ocr_par' dir='ltr' id='par_1_35' title="bbox 2398 635 3985 709">
     <span class='ocr_line' id='line_1_35' title="bbox 2398 635 3985 709; baseline -0.004 -14"><span class='ocrx_word' id='word_1_257' title='bbox 2398 656 2520 695; x_wconf 91' lang='lat' dir='ltr'><strong>mus</strong></span> <span class='ocrx_word' id='word_1_258' title='bbox 2546 641 2702 709; x_wconf 90' lang='lat' dir='ltr'><strong>prius</strong></span> <span class='ocrx_word' id='word_1_259' title='bbox 2730 640 2842 691; x_wconf 85' lang='lat' dir='ltr'><strong>Deo</strong></span> <span class='ocrx_word' id='word_1_260' title='bbox 2866 679 2880 700; x_wconf 91' lang='lat'><strong>,</strong></span> <span class='ocrx_word' id='word_1_261' title='bbox 2918 638 2998 690; x_wconf 88' lang='lat' dir='ltr'><strong>sic</strong></span> <span class='ocrx_word' id='word_1_262' title='bbox 3040 651 3166 688; x_wconf 89' lang='lat' dir='ltr'><strong>cum</strong></span> <span class='ocrx_word' id='word_1_263' title='bbox 3215 644 3499 703; x_wconf 85' lang='lat' dir='ltr'><strong>precantes</strong></span> <span class='ocrx_word' id='word_1_264' title='bbox 3531 653 3543 687; x_wconf 91' lang='lat'><strong>:</strong></span> <span class='ocrx_word' id='word_1_265' title='bbox 3576 635 3766 689; x_wconf 71' lang='lat' dir='ltr'><strong>Rerela</strong></span> <span class='ocrx_word' id='word_1_266' title='bbox 3801 638 3985 690; x_wconf 73' lang='lat' dir='ltr'><strong>oculos</strong></span> 
     </span>
    </p>
   </div>
   <div class='ocr_carea' id='block_1_36' title="bbox 2399 728 3982 797">
    <p class='ocr_par' dir='ltr' id='par_1_36' title="bbox 2399 728 3982 797">
     <span class='ocr_line' id='line_1_36' title="bbox 2399 728 3982 797; baseline -0.004 -9"><span class='ocrx_word' id='word_1_267' title='bbox 2399 750 2539 789; x_wconf 85' lang='lat' dir='ltr'><strong>meos</strong></span> <span class='ocrx_word' id='word_1_268' title='bbox 2568 773 2581 795; x_wconf 94' lang='lat'><strong>,</strong></span> <span class='ocrx_word' id='word_1_269' title='bbox 2614 742 2660 784; x_wconf 81' lang='lat' dir='ltr'><strong>et</strong></span> <span class='ocrx_word' id='word_1_270' title='bbox 2691 730 3033 783; x_wconf 75' lang='lat' dir='ltr'><strong>considerabo</strong></span> <span class='ocrx_word' id='word_1_271' title='bbox 3067 728 3335 781; x_wconf 79' lang='lat' dir='ltr'><strong>mirabilia</strong></span> <span class='ocrx_word' id='word_1_272' title='bbox 3370 730 3432 779; x_wconf 79' lang='lat' dir='ltr'><strong>de</strong></span> <span class='ocrx_word' id='word_1_273' title='bbox 3466 728 3577 797; x_wconf 82' lang='lat' dir='ltr'><strong>lege</strong></span> <span class='ocrx_word' id='word_1_274' title='bbox 3607 738 3695 781; x_wconf 90' lang='lat' dir='ltr'><strong>tua</strong></span> <span class='ocrx_word' id='word_1_275' title='bbox 3719 730 3777 793; x_wconf 85' lang='grc'><strong>⁶;</strong></span> <span class='ocrx_word' id='word_1_276' title='bbox 3813 730 3982 783; x_wconf 86' lang='lat' dir='ltr'><strong>intel-</strong></span> 
     </span>
    </p>
   </div>
   <div class='ocr_carea' id='block_1_37' title="bbox 2400 821 3986 890">
    <p class='ocr_par' dir='ltr' id='par_1_37' title="bbox 2400 821 3986 890">
     <span class='ocr_line' id='line_1_37' title="bbox 2400 821 3986 890; baseline -0.006 -11"><span class='ocrx_word' id='word_1_277' title='bbox 2400 826 2633 890; x_wconf 79' lang='lat' dir='ltr'><strong>ligentes</strong></span> <span class='ocrx_word' id='word_1_278' title='bbox 2662 822 2883 876; x_wconf 88' lang='lat' dir='ltr'><strong>nomine</strong></span> <span class='ocrx_word' id='word_1_279' title='bbox 2911 821 3037 890; x_wconf 82' lang='lat' dir='ltr'><strong>legis</strong></span> <span class='ocrx_word' id='word_1_280' title='bbox 3087 834 3305 873; x_wconf 91' lang='lat' dir='ltr'><strong>omnem</strong></span> <span class='ocrx_word' id='word_1_281' title='bbox 3337 828 3580 873; x_wconf 87' lang='lat' dir='ltr'><strong>sanctam</strong></span> <span class='ocrx_word' id='word_1_282' title='bbox 3622 830 3678 873; x_wconf 93' lang='lat' dir='ltr'><strong>et</strong></span> <span class='ocrx_word' id='word_1_283' title='bbox 3710 821 3986 873; x_wconf 87' lang='lat' dir='ltr'><strong>divinitus</strong></span> 
     </span>
    </p>
   </div>
   <div class='ocr_carea' id='block_1_38' title="bbox 2402 913 3986 982">
    <p class='ocr_par' dir='ltr' id='par_1_38' title="bbox 2402 913 3986 982">
     <span class='ocr_line' id='line_1_38' title="bbox 2402 913 3986 982; baseline -0.005 -12"><span class='ocrx_word' id='word_1_284' title='bbox 2402 920 2637 971; x_wconf 83' lang='lat' dir='ltr'><strong>alllatam</strong></span> <span class='ocrx_word' id='word_1_285' title='bbox 2668 915 3032 982; x_wconf 75' lang='lat' dir='ltr'><strong>Scripturam,</strong></span> <span class='ocrx_word' id='word_1_286' title='bbox 3060 928 3125 965; x_wconf 86' lang='lat' dir='ltr'><strong>ex</strong></span> <span class='ocrx_word' id='word_1_287' title='bbox 3157 928 3261 980; x_wconf 90' lang='lat' dir='ltr'><strong>qua</strong></span> <span class='ocrx_word' id='word_1_288' title='bbox 3305 920 3565 979; x_wconf 76' lang='lat' dir='ltr'><strong>tanquam</strong></span> <span class='ocrx_word' id='word_1_289' title='bbox 3607 929 3673 964; x_wconf 80' lang='lat' dir='ltr'><strong>ex</strong></span> <span class='ocrx_word' id='word_1_290' title='bbox 3714 913 3986 965; x_wconf 86' lang='lat' dir='ltr'><strong>thesauro</strong></span> 
     </span>
    </p>
   </div>
   <div class='ocr_carea' id='block_1_39' title="bbox 2405 1003 3985 1074">
    <p class='ocr_par' dir='ltr' id='par_1_39' title="bbox 2405 1003 3985 1074">
     <span class='ocr_line' id='line_1_39' title="bbox 2405 1003 3985 1074; baseline -0.003 -15"><span class='ocrx_word' id='word_1_291' title='bbox 2405 1006 2642 1067; x_wconf 82' lang='lat' dir='ltr'><strong>Domini,</strong></span> <span class='ocrx_word' id='word_1_292' title='bbox 2668 1012 2984 1074; x_wconf 80' lang='lat' dir='ltr'><strong>prementes</strong></span> <span class='ocrx_word' id='word_1_293' title='bbox 3004 1018 3144 1055; x_wconf 86' lang='lat' dir='ltr'><strong>nova</strong></span> <span class='ocrx_word' id='word_1_294' title='bbox 3172 1014 3226 1056; x_wconf 88' lang='lat' dir='ltr'><strong>et</strong></span> <span class='ocrx_word' id='word_1_295' title='bbox 3245 1011 3453 1062; x_wconf 90' lang='lat' dir='ltr'><strong>vetera,</strong></span> <span class='ocrx_word' id='word_1_296' title='bbox 3480 1003 3829 1057; x_wconf 89' lang='lat' dir='ltr'><strong>studebimus</strong></span> <span class='ocrx_word' id='word_1_297' title='bbox 3853 1020 3985 1055; x_wconf 82' lang='lat' dir='ltr'><strong>con-</strong></span> 
     </span>
    </p>
   </div>
   <div class='ocr_carea' id='block_1_40' title="bbox 2405 1092 3985 1149">
    <p class='ocr_par' dir='ltr' id='par_1_40' title="bbox 2405 1092 3985 1149">
     <span class='ocr_line' id='line_1_40' title="bbox 2405 1092 3985 1149; baseline -0.003 0"><span class='ocrx_word' id='word_1_298' title='bbox 2405 1096 2581 1149; x_wconf 87' lang='lat' dir='ltr'><strong>servis</strong></span> <span class='ocrx_word' id='word_1_299' title='bbox 2618 1095 2993 1148; x_wconf 88' lang='lat' dir='ltr'><strong>distribuere:</strong></span> <span class='ocrx_word' id='word_1_300' title='bbox 3045 1094 3161 1147; x_wconf 79' lang='lat' dir='ltr'><strong>lucc</strong></span> <span class='ocrx_word' id='word_1_301' title='bbox 3204 1101 3386 1146; x_wconf 90' lang='lat' dir='ltr'><strong>autem</strong></span> <span class='ocrx_word' id='word_1_302' title='bbox 3430 1092 3750 1144; x_wconf 81' lang='lat' dir='ltr'><strong>distributio</strong></span> <span class='ocrx_word' id='word_1_303' title='bbox 3792 1093 3985 1145; x_wconf 88' lang='lat' dir='ltr'><strong>divina</strong></span> 
     </span>
    </p>
   </div>
   <div class='ocr_carea' id='block_1_41' title="bbox 2407 1182 3981 1253">
    <p class='ocr_par' dir='ltr' id='par_1_41' title="bbox 2407 1182 3981 1253">
     <span class='ocr_line' id='line_1_41' title="bbox 2407 1182 3981 1253; baseline -0.003 -16"><span class='ocrx_word' id='word_1_304' title='bbox 2407 1187 2578 1252; x_wconf 81' lang='lat' dir='ltr'><strong>gratia</strong></span> <span class='ocrx_word' id='word_1_305' title='bbox 2603 1193 2661 1238; x_wconf 95' lang='lat' dir='ltr'><strong>ct</strong></span> <span class='ocrx_word' id='word_1_306' title='bbox 2686 1185 2978 1253; x_wconf 82' lang='lat' dir='ltr'><strong>sapientia,</strong></span> <span class='ocrx_word' id='word_1_307' title='bbox 3002 1200 3066 1237; x_wconf 87' lang='lat' dir='ltr'><strong>ac</strong></span> <span class='ocrx_word' id='word_1_308' title='bbox 3094 1184 3390 1251; x_wconf 85' lang='lat' dir='ltr'><strong>prudentia</strong></span> <span class='ocrx_word' id='word_1_309' title='bbox 3415 1183 3638 1250; x_wconf 77' lang='lat' dir='ltr'><strong>indiget.</strong></span> <span class='ocrx_word' id='word_1_310' title='bbox 3659 1182 3790 1245; x_wconf 86' lang='lat' dir='ltr'><strong>Quis</strong></span> <span class='ocrx_word' id='word_1_311' title='bbox 3806 1182 3981 1240; x_wconf 86' lang='lat' dir='ltr'><strong>enim,</strong></span> 
     </span>
    </p>
   </div>
   <div class='ocr_carea' id='block_1_42' title="bbox 2411 1274 3988 1345">
    <p class='ocr_par' dir='ltr' id='par_1_42' title="bbox 2411 1274 3988 1345">
     <span class='ocr_line' id='line_1_42' title="bbox 2411 1274 3988 1345; baseline -0.004 -15"><span class='ocrx_word' id='word_1_312' title='bbox 2411 1279 2608 1345; x_wconf 86' lang='lat' dir='ltr'><strong>inquit,</strong></span> <span class='ocrx_word' id='word_1_313' title='bbox 2641 1279 2938 1343; x_wconf 73' lang='lat' dir='ltr'><strong>cstsapieus</strong></span> <span class='ocrx_word' id='word_1_314' title='bbox 2962 1276 3295 1341; x_wconf 80' lang='lat' dir='ltr'><strong>dispensator</strong></span> <span class='ocrx_word' id='word_1_315' title='bbox 3315 1284 3362 1325; x_wconf 76' lang='lat' dir='ltr'><strong>et</strong></span> <span class='ocrx_word' id='word_1_316' title='bbox 3386 1274 3641 1341; x_wconf 80' lang='lat' dir='ltr'><strong>prudens,</strong></span> <span class='ocrx_word' id='word_1_317' title='bbox 3676 1290 3829 1341; x_wconf 81' lang='lat' dir='ltr'><strong>qucm</strong></span> <span class='ocrx_word' id='word_1_318' title='bbox 3860 1291 3988 1324; x_wconf 62' lang='lat' dir='ltr'><strong>con-</strong></span> 
     </span>
    </p>
   </div>
   <div class='ocr_carea' id='block_1_43' title="bbox 2408 1365 3987 1434">
    <p class='ocr_par' dir='ltr' id='par_1_43' title="bbox 2408 1365 3987 1434">
     <span class='ocr_line' id='line_1_43' title="bbox 2408 1365 3987 1434; baseline -0.004 -13"><span class='ocrx_word' id='word_1_319' title='bbox 2408 1371 2573 1421; x_wconf 84' lang='lat' dir='ltr'><strong>stituit</strong></span> <span class='ocrx_word' id='word_1_320' title='bbox 2606 1366 2846 1421; x_wconf 79' lang='lat' dir='ltr'><strong>dominus</strong></span> <span class='ocrx_word' id='word_1_321' title='bbox 2872 1384 3030 1434; x_wconf 78' lang='lat' dir='ltr'><strong>super</strong></span> <span class='ocrx_word' id='word_1_322' title='bbox 3063 1366 3320 1434; x_wconf 78' lang='lat' dir='ltr'><strong>fatuiliam</strong></span> <span class='ocrx_word' id='word_1_323' title='bbox 3341 1383 3497 1417; x_wconf 83' lang='lat' dir='ltr'><strong>suam</strong></span> <span class='ocrx_word' id='word_1_324' title='bbox 3526 1374 3580 1417; x_wconf 85' lang='lat' dir='ltr'><strong>ut</strong></span> <span class='ocrx_word' id='word_1_325' title='bbox 3613 1366 3695 1416; x_wconf 81' lang='lat' dir='ltr'><strong>del</strong></span> <span class='ocrx_word' id='word_1_326' title='bbox 3728 1367 3899 1416; x_wconf 74' lang='lat' dir='ltr'><strong>cibum</strong></span> <span class='ocrx_word' id='word_1_327' title='bbox 3931 1365 3987 1416; x_wconf 85' lang='lat' dir='ltr'><strong>in</strong></span> 
     </span>
    </p>
   </div>
   <div class='ocr_carea' id='block_1_44' title="bbox 2413 1457 3973 1529">
    <p class='ocr_par' dir='ltr' id='par_1_44' title="bbox 2413 1457 3973 1529">
     <span class='ocr_line' id='line_1_44' title="bbox 2413 1457 3973 1529; baseline -0.003 -16"><span class='ocrx_word' id='word_1_328' title='bbox 2413 1469 2645 1529; x_wconf 82' lang='lat' dir='ltr'><strong>tempore</strong></span> <span class='ocrx_word' id='word_1_329' title='bbox 2679 1460 2741 1511; x_wconf 69' lang='lat'><strong>7?</strong></span> <span class='ocrx_word' id='word_1_330' title='bbox 2767 1459 2956 1512; x_wconf 83' lang='lat' dir='ltr'><strong>Divina</strong></span> <span class='ocrx_word' id='word_1_331' title='bbox 2985 1458 3152 1527; x_wconf 81' lang='lat' dir='ltr'><strong>igitur</strong></span> <span class='ocrx_word' id='word_1_332' title='bbox 3179 1457 3588 1511; x_wconf 88' lang='lat' dir='ltr'><strong>illuminatione</strong></span> <span class='ocrx_word' id='word_1_333' title='bbox 3621 1473 3762 1525; x_wconf 88' lang='lat' dir='ltr'><strong>opus</strong></span> <span class='ocrx_word' id='word_1_334' title='bbox 3788 1467 3876 1509; x_wconf 88' lang='lat' dir='ltr'><strong>est</strong></span> <span class='ocrx_word' id='word_1_335' title='bbox 3907 1458 3973 1509; x_wconf 71' lang='lat' dir='ltr'><strong>lo</strong></span> 
     </span>
    </p>
   </div>
   <div class='ocr_carea' id='block_1_45' title="bbox 2413 1547 3985 1618">
    <p class='ocr_par' dir='ltr' id='par_1_45' title="bbox 2413 1547 3985 1618">
     <span class='ocr_line' id='line_1_45' title="bbox 2413 1547 3985 1618; baseline -0.002 -15"><span class='ocrx_word' id='word_1_336' title='bbox 2413 1551 2604 1618; x_wconf 91' lang='lat' dir='ltr'><strong>quenti</strong></span> <span class='ocrx_word' id='word_1_337' title='bbox 2624 1550 2690 1603; x_wconf 88' lang='lat' dir='ltr'><strong>de</strong></span> <span class='ocrx_word' id='word_1_338' title='bbox 2713 1550 2823 1601; x_wconf 90' lang='lat' dir='ltr'><strong>Deo</strong></span> <span class='ocrx_word' id='word_1_339' title='bbox 2851 1568 2862 1601; x_wconf 86' lang='lat'><strong>;</strong></span> <span class='ocrx_word' id='word_1_340' title='bbox 2891 1550 3100 1615; x_wconf 86' lang='lat' dir='ltr'><strong>absque</strong></span> <span class='ocrx_word' id='word_1_341' title='bbox 3136 1548 3285 1601; x_wconf 91' lang='lat' dir='ltr'><strong>enim</strong></span> <span class='ocrx_word' id='word_1_342' title='bbox 3312 1563 3379 1601; x_wconf 90' lang='lat' dir='ltr'><strong>eo</strong></span> <span class='ocrx_word' id='word_1_343' title='bbox 3404 1547 3613 1615; x_wconf 90' lang='lat' dir='ltr'><strong>aliquid</strong></span> <span class='ocrx_word' id='word_1_344' title='bbox 3642 1548 3708 1601; x_wconf 90' lang='lat' dir='ltr'><strong>de</strong></span> <span class='ocrx_word' id='word_1_345' title='bbox 3731 1564 3800 1601; x_wconf 90' lang='lat' dir='ltr'><strong>eo</strong></span> <span class='ocrx_word' id='word_1_346' title='bbox 3829 1548 3985 1615; x_wconf 89' lang='lat' dir='ltr'><strong>loqui</strong></span> 
     </span>
    </p>
   </div>
   <div class='ocr_carea' id='block_1_46' title="bbox 2414 1641 3106 1709">
    <p class='ocr_par' dir='ltr' id='par_1_46' title="bbox 2414 1641 3106 1709">
     <span class='ocr_line' id='line_1_46' title="bbox 2414 1641 3106 1709; baseline -0.003 -16"><span class='ocrx_word' id='word_1_347' title='bbox 2414 1641 2563 1693; x_wconf 56' lang='lat' dir='ltr'><strong>valdt‘</strong></span> <span class='ocrx_word' id='word_1_348' title='bbox 2599 1641 2972 1709; x_wconf 72' lang='lat' dir='ltr'><strong>pC&#39;iculosum</strong></span> <span class='ocrx_word' id='word_1_349' title='bbox 3001 1651 3106 1692; x_wconf 85' lang='lat' dir='ltr'><strong>est.</strong></span> 
     </span>
    </p>
   </div>
   <div class='ocr_carea' id='block_1_47' title="bbox 2488 1728 3987 1799">
    <p class='ocr_par' dir='ltr' id='par_1_47' title="bbox 2488 1728 3987 1799">
     <span class='ocr_line' id='line_1_47' title="bbox 2488 1728 3987 1799; baseline -0.004 -15"><span class='ocrx_word' id='word_1_350' title='bbox 2488 1732 2551 1784; x_wconf 86' lang='lat' dir='ltr'><strong>V.</strong></span> <span class='ocrx_word' id='word_1_351' title='bbox 2587 1733 2823 1799; x_wconf 86' lang='lat' dir='ltr'><strong>l&#39;urgato</strong></span> <span class='ocrx_word' id='word_1_352' title='bbox 2860 1731 3023 1799; x_wconf 84' lang='lat' dir='ltr'><strong>igitur</strong></span> <span class='ocrx_word' id='word_1_353' title='bbox 3070 1729 3218 1782; x_wconf 91' lang='lat' dir='ltr'><strong>omni</strong></span> <span class='ocrx_word' id='word_1_354' title='bbox 3251 1744 3414 1782; x_wconf 89' lang='lat' dir='ltr'><strong>sensu</strong></span> <span class='ocrx_word' id='word_1_355' title='bbox 3441 1770 3456 1793; x_wconf 91' lang='lat'><strong>,</strong></span> <span class='ocrx_word' id='word_1_356' title='bbox 3493 1729 3575 1782; x_wconf 89' lang='lat' dir='ltr'><strong>vel</strong></span> <span class='ocrx_word' id='word_1_357' title='bbox 3621 1729 3806 1796; x_wconf 90' lang='lat' dir='ltr'><strong>potius</strong></span> <span class='ocrx_word' id='word_1_358' title='bbox 3830 1728 3987 1782; x_wconf 79' lang='lat' dir='ltr'><strong>enini</strong></span> 
     </span>
    </p>
   </div>
   <div class='ocr_carea' id='block_1_48' title="bbox 2348 1819 3992 1889">
    <p class='ocr_par' dir='ltr' id='par_1_48' title="bbox 2348 1819 3992 1889">
     <span class='ocr_line' id='line_1_48' title="bbox 2348 1819 3992 1889; baseline 0.001 -18"><span class='ocrx_word' id='word_1_359' title='bbox 2348 1819 2385 1871; x_wconf 78' lang='lat' dir='ltr'><strong>ll</strong></span> <span class='ocrx_word' id='word_1_360' title='bbox 2417 1838 2577 1875; x_wconf 84' lang='lat' dir='ltr'><strong>sensu</strong></span> <span class='ocrx_word' id='word_1_361' title='bbox 2606 1822 2822 1882; x_wconf 64' lang='lat' dir='ltr'><strong>relicto,</strong></span> <span class='ocrx_word' id='word_1_362' title='bbox 2851 1830 2906 1873; x_wconf 92' lang='lat' dir='ltr'><strong>et</strong></span> <span class='ocrx_word' id='word_1_363' title='bbox 2936 1836 3099 1889; x_wconf 84' lang='lat' dir='ltr'><strong>supra</strong></span> <span class='ocrx_word' id='word_1_364' title='bbox 3130 1829 3331 1873; x_wconf 87' lang='lat' dir='ltr'><strong>terram</strong></span> <span class='ocrx_word' id='word_1_365' title='bbox 3368 1820 3421 1873; x_wconf 91' lang='lat' dir='ltr'><strong>in</strong></span> <span class='ocrx_word' id='word_1_366' title='bbox 3455 1820 3627 1873; x_wconf 88' lang='lat' dir='ltr'><strong>altum</strong></span> <span class='ocrx_word' id='word_1_367' title='bbox 3658 1819 3890 1883; x_wconf 76' lang='lat' dir='ltr'><strong>sublati,</strong></span> <span class='ocrx_word' id='word_1_368' title='bbox 3922 1835 3992 1872; x_wconf 85' lang='lat' dir='ltr'><strong>ac</strong></span> 
     </span>
    </p>
   </div>
   <div class='ocr_carea' id='block_1_49' title="bbox 2420 1912 3989 1983">
    <p class='ocr_par' dir='ltr' id='par_1_49' title="bbox 2420 1912 3989 1983">
     <span class='ocr_line' id='line_1_49' title="bbox 2420 1912 3989 1983; baseline -0.003 -15"><span class='ocrx_word' id='word_1_369' title='bbox 2420 1931 2613 1968; x_wconf 89' lang='lat' dir='ltr'><strong>rursus</strong></span> <span class='ocrx_word' id='word_1_370' title='bbox 2640 1930 2823 1967; x_wconf 88' lang='lat' dir='ltr'><strong>aerem</strong></span> <span class='ocrx_word' id='word_1_371' title='bbox 2852 1915 3029 1983; x_wconf 90' lang='lat' dir='ltr'><strong>ipsum</strong></span> <span class='ocrx_word' id='word_1_372' title='bbox 3058 1928 3279 1967; x_wconf 86' lang='lat' dir='ltr'><strong>sursum</strong></span> <span class='ocrx_word' id='word_1_373' title='bbox 3306 1921 3751 1973; x_wconf 84' lang='lat' dir='ltr'><strong>transeuntes,et</strong></span> <span class='ocrx_word' id='word_1_374' title='bbox 3777 1912 3844 1965; x_wconf 88' lang='lat' dir='ltr'><strong>ad</strong></span> <span class='ocrx_word' id='word_1_375' title='bbox 3871 1926 3989 1965; x_wconf 79' lang='lat' dir='ltr'><strong>ca:-</strong></span> 
     </span>
    </p>
   </div>
   <div class='ocr_carea' id='block_1_50' title="bbox 2418 2004 3995 2073">
    <p class='ocr_par' dir='ltr' id='par_1_50' title="bbox 2418 2004 3995 2073">
     <span class='ocr_line' id='line_1_50' title="bbox 2418 2004 3995 2073; baseline -0.006 -12"><span class='ocrx_word' id='word_1_376' title='bbox 2418 2008 2528 2061; x_wconf 90' lang='lat' dir='ltr'><strong>lum</strong></span> <span class='ocrx_word' id='word_1_377' title='bbox 2563 2007 2783 2071; x_wconf 85' lang='lat' dir='ltr'><strong>elcvati,</strong></span> <span class='ocrx_word' id='word_1_378' title='bbox 2812 2015 2868 2058; x_wconf 89' lang='lat' dir='ltr'><strong>et</strong></span> <span class='ocrx_word' id='word_1_379' title='bbox 2891 2006 2934 2057; x_wconf 88' lang='lat' dir='ltr'><strong>si</strong></span> <span class='ocrx_word' id='word_1_380' title='bbox 2988 2004 3109 2058; x_wconf 86' lang='lat' dir='ltr'><strong>fieri</strong></span> <span class='ocrx_word' id='word_1_381' title='bbox 3154 2012 3381 2073; x_wconf 88' lang='lat' dir='ltr'><strong>potest,</strong></span> <span class='ocrx_word' id='word_1_382' title='bbox 3419 2018 3583 2071; x_wconf 88' lang='lat' dir='ltr'><strong>supra</strong></span> <span class='ocrx_word' id='word_1_383' title='bbox 3636 2004 3817 2071; x_wconf 90' lang='lat' dir='ltr'><strong>ipsum</strong></span> <span class='ocrx_word' id='word_1_384' title='bbox 3862 2018 3995 2070; x_wconf 82' lang='lat' dir='ltr'><strong>pro—</strong></span> 
     </span>
    </p>
   </div>
   <div class='ocr_carea' id='block_1_51' title="bbox 2419 2094 3991 2164">
    <p class='ocr_par' dir='ltr' id='par_1_51' title="bbox 2419 2094 3991 2164">
     <span class='ocr_line' id='line_1_51' title="bbox 2419 2094 3991 2164; baseline -0.002 -14"><span class='ocrx_word' id='word_1_385' title='bbox 2419 2099 2587 2161; x_wconf 85' lang='lat' dir='ltr'><strong>vecti,</strong></span> <span class='ocrx_word' id='word_1_386' title='bbox 2615 2108 2671 2151; x_wconf 90' lang='lat' dir='ltr'><strong>ct</strong></span> <span class='ocrx_word' id='word_1_387' title='bbox 2704 2105 2887 2151; x_wconf 87' lang='lat' dir='ltr'><strong>mente</strong></span> <span class='ocrx_word' id='word_1_388' title='bbox 2919 2096 2988 2148; x_wconf 91' lang='lat' dir='ltr'><strong>ab</strong></span> <span class='ocrx_word' id='word_1_389' title='bbox 3024 2095 3173 2148; x_wconf 91' lang='lat' dir='ltr'><strong>omni</strong></span> <span class='ocrx_word' id='word_1_390' title='bbox 3194 2094 3528 2164; x_wconf 90' lang='lat' dir='ltr'><strong>cogitatione</strong></span> <span class='ocrx_word' id='word_1_391' title='bbox 3564 2110 3761 2147; x_wconf 89' lang='lat' dir='ltr'><strong>sensus</strong></span> <span class='ocrx_word' id='word_1_392' title='bbox 3788 2109 3991 2161; x_wconf 89' lang='lat' dir='ltr'><strong>corpo-</strong></span> 
     </span>
    </p>
   </div>
   <div class='ocr_carea' id='block_1_52' title="bbox 2419 2183 3995 2252">
    <p class='ocr_par' dir='ltr' id='par_1_52' title="bbox 2419 2183 3995 2252">
     <span class='ocr_line' id='line_1_52' title="bbox 2419 2183 3995 2252; baseline -0.005 -10"><span class='ocrx_word' id='word_1_393' title='bbox 2419 2192 2497 2243; x_wconf 91' lang='lat' dir='ltr'><strong>rei</strong></span> <span class='ocrx_word' id='word_1_394' title='bbox 2529 2189 2726 2251; x_wconf 90' lang='lat' dir='ltr'><strong>libera,</strong></span> <span class='ocrx_word' id='word_1_395' title='bbox 2746 2188 2889 2240; x_wconf 90' lang='lat' dir='ltr'><strong>nuda</strong></span> <span class='ocrx_word' id='word_1_396' title='bbox 2911 2186 3272 2252; x_wconf 76' lang='lat' dir='ltr'><strong>intelligentia</strong></span> <span class='ocrx_word' id='word_1_397' title='bbox 3300 2185 3637 2252; x_wconf 89' lang='lat' dir='ltr'><strong>incorporeis</strong></span> <span class='ocrx_word' id='word_1_398' title='bbox 3666 2201 3767 2236; x_wconf 93' lang='lat' dir='ltr'><strong>nos</strong></span> <span class='ocrx_word' id='word_1_399' title='bbox 3794 2183 3995 2249; x_wconf 74' lang='lat' dir='ltr'><strong>adjun.</strong></span> 
     </span>
    </p>
   </div>
   <div class='ocr_carea' id='block_1_53' title="bbox 2419 2272 3992 2347">
    <p class='ocr_par' dir='ltr' id='par_1_53' title="bbox 2419 2272 3992 2347">
     <span class='ocr_line' id='line_1_53' title="bbox 2419 2272 3992 2347; baseline -0.004 -16"><span class='ocrx_word' id='word_1_400' title='bbox 2419 2294 2632 2347; x_wconf 80' lang='lat' dir='ltr'><strong>gamus,</strong></span> <span class='ocrx_word' id='word_1_401' title='bbox 2665 2294 2693 2329; x_wconf 88' lang='lat' dir='ltr'><strong>a</strong></span> <span class='ocrx_word' id='word_1_402' title='bbox 2728 2276 2934 2345; x_wconf 89' lang='lat' dir='ltr'><strong>quibus</strong></span> <span class='ocrx_word' id='word_1_403' title='bbox 2970 2275 3125 2343; x_wconf 87' lang='lat' dir='ltr'><strong>quasi</strong></span> <span class='ocrx_word' id='word_1_404' title='bbox 3158 2290 3321 2326; x_wconf 92' lang='lat' dir='ltr'><strong>manu</strong></span> <span class='ocrx_word' id='word_1_405' title='bbox 3346 2274 3497 2326; x_wconf 92' lang='lat' dir='ltr'><strong>ducti</strong></span> <span class='ocrx_word' id='word_1_406' title='bbox 3523 2284 3578 2326; x_wconf 90' lang='lat' dir='ltr'><strong>et</strong></span> <span class='ocrx_word' id='word_1_407' title='bbox 3606 2272 3787 2325; x_wconf 89' lang='lat' dir='ltr'><strong>edocti</strong></span> <span class='ocrx_word' id='word_1_408' title='bbox 3822 2281 3992 2325; x_wconf 59' lang='lat' dir='ltr'><strong>natu-</strong></span> 
     </span>
    </p>
   </div>
   <div class='ocr_carea' id='block_1_54' title="bbox 2422 2364 3993 2437">
    <p class='ocr_par' dir='ltr' id='par_1_54' title="bbox 2422 2364 3993 2437">
     <span class='ocr_line' id='line_1_54' title="bbox 2422 2364 3993 2437; baseline -0.005 -15"><span class='ocrx_word' id='word_1_409' title='bbox 2422 2386 2535 2422; x_wconf 90' lang='lat' dir='ltr'><strong>ram</strong></span> <span class='ocrx_word' id='word_1_410' title='bbox 2584 2383 2705 2437; x_wconf 70' lang='lat' dir='ltr'><strong>quae</strong></span> <span class='ocrx_word' id='word_1_411' title='bbox 2752 2376 2961 2419; x_wconf 80' lang='lat' dir='ltr'><strong>natura:</strong></span> <span class='ocrx_word' id='word_1_412' title='bbox 3010 2366 3314 2427; x_wconf 86' lang='lat' dir='ltr'><strong>antecellit,</strong></span> <span class='ocrx_word' id='word_1_413' title='bbox 3366 2374 3421 2417; x_wconf 93' lang='lat' dir='ltr'><strong>et</strong></span> <span class='ocrx_word' id='word_1_414' title='bbox 3463 2364 3826 2416; x_wconf 79' lang='lat' dir='ltr'><strong>substantiam</strong></span> <span class='ocrx_word' id='word_1_415' title='bbox 3867 2379 3993 2430; x_wconf 82' lang='lat' dir='ltr'><strong>qua:</strong></span> 
     </span>
    </p>
   </div>
   <div class='ocr_carea' id='block_1_55' title="bbox 2421 2453 3992 2522">
    <p class='ocr_par' dir='ltr' id='par_1_55' title="bbox 2421 2453 3992 2522">
     <span class='ocr_line' id='line_1_55' title="bbox 2421 2453 3992 2522; baseline -0.004 -11"><span class='ocrx_word' id='word_1_416' title='bbox 2421 2456 2766 2517; x_wconf 68' lang='lat' dir='ltr'><strong>substantiae,</strong></span> <span class='ocrx_word' id='word_1_417' title='bbox 2822 2456 3283 2522; x_wconf 86' lang='lat' dir='ltr'><strong>contemplemur,</strong></span> <span class='ocrx_word' id='word_1_418' title='bbox 3330 2453 3607 2522; x_wconf 82' lang='lat' dir='ltr'><strong>cognitam</strong></span> <span class='ocrx_word' id='word_1_419' title='bbox 3649 2453 3874 2521; x_wconf 90' lang='lat' dir='ltr'><strong>quidem</strong></span> <span class='ocrx_word' id='word_1_420' title='bbox 3922 2468 3992 2505; x_wconf 89' lang='lat' dir='ltr'><strong>ex</strong></span> 
     </span>
    </p>
   </div>
   <div class='ocr_carea' id='block_1_56' title="bbox 2421 2546 3992 2615">
    <p class='ocr_par' dir='ltr' id='par_1_56' title="bbox 2421 2546 3992 2615">
     <span class='ocr_line' id='line_1_56' title="bbox 2421 2546 3992 2615; baseline -0.003 -14"><span class='ocrx_word' id='word_1_421' title='bbox 2421 2548 2803 2611; x_wconf 76' lang='lat' dir='ltr'><strong>afﬁrmatione,</strong></span> <span class='ocrx_word' id='word_1_422' title='bbox 2839 2563 2948 2600; x_wconf 92' lang='lat' dir='ltr'><strong>non</strong></span> <span class='ocrx_word' id='word_1_423' title='bbox 2980 2547 3113 2615; x_wconf 89' lang='lat' dir='ltr'><strong>qttid</strong></span> <span class='ocrx_word' id='word_1_424' title='bbox 3144 2555 3250 2608; x_wconf 88' lang='lat' dir='ltr'><strong>est,</strong></span> <span class='ocrx_word' id='word_1_425' title='bbox 3287 2546 3381 2599; x_wconf 91' lang='lat' dir='ltr'><strong>sed</strong></span> <span class='ocrx_word' id='word_1_426' title='bbox 3408 2546 3553 2614; x_wconf 88' lang='lat' dir='ltr'><strong>quod</strong></span> <span class='ocrx_word' id='word_1_427' title='bbox 3579 2555 3695 2606; x_wconf 87' lang='lat' dir='ltr'><strong>est;</strong></span> <span class='ocrx_word' id='word_1_428' title='bbox 3724 2562 3790 2599; x_wconf 75' lang='lat' dir='ltr'><strong>ex</strong></span> <span class='ocrx_word' id='word_1_429' title='bbox 3825 2561 3992 2613; x_wconf 83' lang='lat' dir='ltr'><strong>nega-</strong></span> 
     </span>
    </p>
   </div>
   <div class='ocr_carea' id='block_1_57' title="bbox 2425 2638 3993 2706">
    <p class='ocr_par' dir='ltr' id='par_1_57' title="bbox 2425 2638 3993 2706">
     <span class='ocr_line' id='line_1_57' title="bbox 2425 2638 3993 2706; baseline -0.003 -14"><span class='ocrx_word' id='word_1_430' title='bbox 2425 2640 2571 2692; x_wconf 91' lang='lat' dir='ltr'><strong>tione</strong></span> <span class='ocrx_word' id='word_1_431' title='bbox 2605 2655 2736 2692; x_wconf 88' lang='lat' dir='ltr'><strong>vero</strong></span> <span class='ocrx_word' id='word_1_432' title='bbox 2768 2638 2970 2691; x_wconf 86' lang='lat' dir='ltr'><strong>dictam</strong></span> <span class='ocrx_word' id='word_1_433' title='bbox 3003 2638 3137 2706; x_wconf 88' lang='lat' dir='ltr'><strong>qttid</strong></span> <span class='ocrx_word' id='word_1_434' title='bbox 3162 2654 3275 2691; x_wconf 92' lang='lat' dir='ltr'><strong>non</strong></span> <span class='ocrx_word' id='word_1_435' title='bbox 3303 2646 3407 2690; x_wconf 89' lang='lat' dir='ltr'><strong>est.</strong></span> <span class='ocrx_word' id='word_1_436' title='bbox 3443 2638 3560 2690; x_wconf 75' lang='lat' dir='ltr'><strong>Non</strong></span> <span class='ocrx_word' id='word_1_437' title='bbox 3586 2638 3730 2690; x_wconf 89' lang='lat' dir='ltr'><strong>enim</strong></span> <span class='ocrx_word' id='word_1_438' title='bbox 3757 2653 3887 2689; x_wconf 84' lang='lat' dir='ltr'><strong>vera</strong></span> <span class='ocrx_word' id='word_1_439' title='bbox 3907 2645 3993 2688; x_wconf 82' lang='lat' dir='ltr'><strong>est</strong></span> 
     </span>
    </p>
   </div>
   <div class='ocr_carea' id='block_1_58' title="bbox 2424 2726 3992 2797">
    <p class='ocr_par' dir='ltr' id='par_1_58' title="bbox 2424 2726 3992 2797">
     <span class='ocr_line' id='line_1_58' title="bbox 2424 2726 3992 2797; baseline 0.001 -20"><span class='ocrx_word' id='word_1_440' title='bbox 2424 2728 2645 2797; x_wconf 85' lang='lat' dir='ltr'><strong>positio,</strong></span> <span class='ocrx_word' id='word_1_441' title='bbox 2662 2744 2781 2795; x_wconf 57' lang='lat' dir='ltr'><strong>qua:</strong></span> <span class='ocrx_word' id='word_1_442' title='bbox 2797 2727 2864 2779; x_wconf 90' lang='lat' dir='ltr'><strong>de</strong></span> <span class='ocrx_word' id='word_1_443' title='bbox 2887 2726 3192 2780; x_wconf 88' lang='lat' dir='ltr'><strong>substantia</strong></span> <span class='ocrx_word' id='word_1_444' title='bbox 3210 2741 3331 2794; x_wconf 71' lang='lat' dir='ltr'><strong>qua:</strong></span> <span class='ocrx_word' id='word_1_445' title='bbox 3356 2726 3569 2780; x_wconf 89' lang='lat' dir='ltr'><strong>ratione</strong></span> <span class='ocrx_word' id='word_1_446' title='bbox 3598 2726 3992 2794; x_wconf 85' lang='lat' dir='ltr'><strong>comprehendi</strong></span> 
     </span>
    </p>
   </div>
   <div class='ocr_carea' id='block_1_59' title="bbox 2423 2818 3993 2887">
    <p class='ocr_par' dir='ltr' id='par_1_59' title="bbox 2423 2818 3993 2887">
     <span class='ocr_line' id='line_1_59' title="bbox 2423 2818 3993 2887; baseline -0.002 -14"><span class='ocrx_word' id='word_1_447' title='bbox 2423 2837 2534 2873; x_wconf 90' lang='lat' dir='ltr'><strong>non</strong></span> <span class='ocrx_word' id='word_1_448' title='bbox 2568 2828 2771 2887; x_wconf 89' lang='lat' dir='ltr'><strong>potest,</strong></span> <span class='ocrx_word' id='word_1_449' title='bbox 2815 2818 3175 2886; x_wconf 70' lang='lat' dir='ltr'><strong>prmdicatur;</strong></span> <span class='ocrx_word' id='word_1_450' title='bbox 3206 2818 3414 2871; x_wconf 89' lang='lat' dir='ltr'><strong>ablatio</strong></span> <span class='ocrx_word' id='word_1_451' title='bbox 3439 2828 3620 2871; x_wconf 91' lang='lat' dir='ltr'><strong>autem</strong></span> <span class='ocrx_word' id='word_1_452' title='bbox 3656 2820 3830 2886; x_wconf 86' lang='lat' dir='ltr'><strong>magis</strong></span> <span class='ocrx_word' id='word_1_453' title='bbox 3862 2833 3993 2871; x_wconf 79' lang='lat' dir='ltr'><strong>vera</strong></span> 
     </span>
    </p>
   </div>
   <div class='ocr_carea' id='block_1_60' title="bbox 2423 2908 3995 2977">
    <p class='ocr_par' dir='ltr' id='par_1_60' title="bbox 2423 2908 3995 2977">
     <span class='ocr_line' id='line_1_60' title="bbox 2423 2908 3995 2977; baseline -0.003 -13"><span class='ocrx_word' id='word_1_454' title='bbox 2423 2922 2546 2974; x_wconf 87' lang='lat' dir='ltr'><strong>est,</strong></span> <span class='ocrx_word' id='word_1_455' title='bbox 2578 2925 2699 2977; x_wconf 77' lang='lat' dir='ltr'><strong>qua:</strong></span> <span class='ocrx_word' id='word_1_456' title='bbox 2735 2918 2895 2977; x_wconf 82' lang='lat' dir='ltr'><strong>negat</strong></span> <span class='ocrx_word' id='word_1_457' title='bbox 2933 2927 2943 2957; x_wconf 77' lang='grc' dir='ltr'><strong><em>τ</em></strong></span> <span class='ocrx_word' id='word_1_458' title='bbox 2978 2908 3021 2961; x_wconf 92' lang='lat' dir='ltr'><strong>si</strong></span> <span class='ocrx_word' id='word_1_459' title='bbox 3053 2908 3275 2976; x_wconf 90' lang='lat' dir='ltr'><strong>quando</strong></span> <span class='ocrx_word' id='word_1_460' title='bbox 3317 2925 3449 2961; x_wconf 90' lang='lat' dir='ltr'><strong>vero</strong></span> <span class='ocrx_word' id='word_1_461' title='bbox 3482 2925 3609 2961; x_wconf 82' lang='lat' dir='ltr'><strong>vera</strong></span> <span class='ocrx_word' id='word_1_462' title='bbox 3640 2910 3745 2960; x_wconf 86' lang='lat' dir='ltr'><strong>erit</strong></span> <span class='ocrx_word' id='word_1_463' title='bbox 3788 2908 3995 2976; x_wconf 82' lang='lat' dir='ltr'><strong>positio</strong></span> 
     </span>
    </p>
   </div>
   <div class='ocr_carea' id='block_1_61' title="bbox 2424 2998 3994 3070">
    <p class='ocr_par' dir='ltr' id='par_1_61' title="bbox 2424 2998 3994 3070">
     <span class='ocr_line' id='line_1_61' title="bbox 2424 2998 3994 3070; baseline -0.001 -19"><span class='ocrx_word' id='word_1_464' title='bbox 2424 3017 2545 3070; x_wconf 80' lang='lat' dir='ltr'><strong>qua:</strong></span> <span class='ocrx_word' id='word_1_465' title='bbox 2577 3000 2692 3069; x_wconf 84' lang='lat' dir='ltr'><strong>ipsa</strong></span> <span class='ocrx_word' id='word_1_466' title='bbox 2722 2999 2949 3058; x_wconf 91' lang='lat' dir='ltr'><strong>dicitur,</strong></span> <span class='ocrx_word' id='word_1_467' title='bbox 2990 3014 3098 3050; x_wconf 91' lang='lat' dir='ltr'><strong>non</strong></span> <span class='ocrx_word' id='word_1_468' title='bbox 3128 2998 3433 3052; x_wconf 89' lang='lat' dir='ltr'><strong>declarabit</strong></span> <span class='ocrx_word' id='word_1_469' title='bbox 3469 2999 3827 3051; x_wconf 89' lang='lat' dir='ltr'><strong>audientibus</strong></span> <span class='ocrx_word' id='word_1_470' title='bbox 3857 2998 3994 3065; x_wconf 86' lang='lat' dir='ltr'><strong>quid</strong></span> 
     </span>
    </p>
   </div>
   <div class='ocr_carea' id='block_1_62' title="bbox 2424 3089 3993 3159">
    <p class='ocr_par' dir='ltr' id='par_1_62' title="bbox 2424 3089 3993 3159">
     <span class='ocr_line' id='line_1_62' title="bbox 2424 3089 3993 3159; baseline -0.003 -13"><span class='ocrx_word' id='word_1_471' title='bbox 2424 3103 2530 3154; x_wconf 90' lang='lat' dir='ltr'><strong>cst,</strong></span> <span class='ocrx_word' id='word_1_472' title='bbox 2564 3107 2667 3145; x_wconf 90' lang='lat' dir='ltr'><strong>nec</strong></span> <span class='ocrx_word' id='word_1_473' title='bbox 2698 3092 2905 3159; x_wconf 89' lang='lat' dir='ltr'><strong>aperiet</strong></span> <span class='ocrx_word' id='word_1_474' title='bbox 2938 3103 3191 3144; x_wconf 89' lang='lat' dir='ltr'><strong>naturam</strong></span> <span class='ocrx_word' id='word_1_475' title='bbox 3233 3091 3504 3159; x_wconf 84' lang='lat' dir='ltr'><strong>ignotam;</strong></span> <span class='ocrx_word' id='word_1_476' title='bbox 3539 3090 3633 3143; x_wconf 82' lang='lat' dir='ltr'><strong>sed</strong></span> <span class='ocrx_word' id='word_1_477' title='bbox 3674 3089 3993 3159; x_wconf 79' lang='lat' dir='ltr'><strong>patefaciet,</strong></span> 
     </span>
    </p>
   </div>
   <div class='ocr_carea' id='block_1_63' title="bbox 758 3156 3997 3254">
    <p class='ocr_par' dir='ltr' id='par_1_63' title="bbox 758 3156 3997 3254">
     <span class='ocr_line' id='line_1_63' title="bbox 758 3156 3997 3254; baseline 0.001 -25"><span class='ocrx_word' id='word_1_478' title='bbox 758 3194 817 3231; x_wconf 81' lang='lat' dir='ltr'><strong>se</strong></span> <span class='ocrx_word' id='word_1_479' title='bbox 843 3178 1199 3246; x_wconf 87' lang='lat' dir='ltr'><strong>respondere,</strong></span> <span class='ocrx_word' id='word_1_480' title='bbox 1220 3188 1276 3231; x_wconf 91' lang='lat' dir='ltr'><strong>et</strong></span> <span class='ocrx_word' id='word_1_481' title='bbox 1303 3178 1568 3231; x_wconf 87' lang='lat' dir='ltr'><strong>studiosis</strong></span> <span class='ocrx_word' id='word_1_482' title='bbox 1594 3179 1766 3231; x_wconf 89' lang='lat' dir='ltr'><strong>nostri</strong></span> <span class='ocrx_word' id='word_1_483' title='bbox 1789 3222 1802 3243; x_wconf 90' lang='lat'><strong>,</strong></span> <span class='ocrx_word' id='word_1_484' title='bbox 1837 3190 1893 3233; x_wconf 89' lang='lat' dir='ltr'><strong>et</strong></span> <span class='ocrx_word' id='word_1_485' title='bbox 1924 3181 2135 3234; x_wconf 90' lang='lat' dir='ltr'><strong>sciendi</strong></span> <span class='ocrx_word' id='word_1_486' title='bbox 2162 3174 2319 3249; x_wconf 84' lang='lat' dir='ltr'><strong>cupi-</strong></span> <span class='ocrx_word' id='word_1_487' title='bbox 2347 3156 2390 3211; x_wconf 65' lang='grc' dir='ltr'>ϐ</span> <span class='ocrx_word' id='word_1_488' title='bbox 2422 3185 2699 3254; x_wconf 89' lang='lat' dir='ltr'><strong>quomodo</strong></span> <span class='ocrx_word' id='word_1_489' title='bbox 2726 3199 2782 3237; x_wconf 87' lang='lat' dir='ltr'><strong>se</strong></span> <span class='ocrx_word' id='word_1_490' title='bbox 2803 3183 3001 3236; x_wconf 89' lang='lat' dir='ltr'><strong>habeat</strong></span> <span class='ocrx_word' id='word_1_491' title='bbox 3021 3182 3087 3234; x_wconf 89' lang='lat' dir='ltr'><strong>ad</strong></span> <span class='ocrx_word' id='word_1_492' title='bbox 3120 3198 3184 3235; x_wconf 89' lang='lat' dir='ltr'><strong>ea</strong></span> <span class='ocrx_word' id='word_1_493' title='bbox 3216 3197 3337 3250; x_wconf 67' lang='lat' dir='ltr'><strong>qum</strong></span> <span class='ocrx_word' id='word_1_494' title='bbox 3360 3196 3424 3234; x_wconf 79' lang='lat' dir='ltr'><strong>ex</strong></span> <span class='ocrx_word' id='word_1_495' title='bbox 3456 3182 3572 3249; x_wconf 87' lang='lat' dir='ltr'><strong>ipsa</strong></span> <span class='ocrx_word' id='word_1_496' title='bbox 3607 3179 3885 3249; x_wconf 86' lang='lat' dir='ltr'><strong>pendent:</strong></span> <span class='ocrx_word' id='word_1_497' title='bbox 3916 3179 3997 3232; x_wconf 87' lang='lat' dir='ltr'><strong>id-</strong></span> 
     </span>
    </p>
   </div>
   <div class='ocr_carea' id='block_1_64' title="bbox 757 3265 2322 3333">
    <p class='ocr_par' dir='ltr' id='par_1_64' title="bbox 757 3265 2322 3333">
     <span class='ocr_line' id='line_1_64' title="bbox 757 3265 2322 3333; baseline 0.003 -17"><span class='ocrx_word' id='word_1_498' title='bbox 757 3265 844 3317; x_wconf 88' lang='lat' dir='ltr'><strong>dis</strong></span> <span class='ocrx_word' id='word_1_499' title='bbox 867 3265 1113 3319; x_wconf 87' lang='lat' dir='ltr'><strong>debitum</strong></span> <span class='ocrx_word' id='word_1_500' title='bbox 1143 3266 1355 3319; x_wconf 89' lang='lat' dir='ltr'><strong>solvere</strong></span> <span class='ocrx_word' id='word_1_501' title='bbox 1390 3283 1402 3317; x_wconf 97' lang='lat'><strong>:</strong></span> <span class='ocrx_word' id='word_1_502' title='bbox 1433 3266 1561 3333; x_wconf 90' lang='lat' dir='ltr'><strong>quia</strong></span> <span class='ocrx_word' id='word_1_503' title='bbox 1592 3281 1723 3318; x_wconf 90' lang='lat' dir='ltr'><strong>vero</strong></span> <span class='ocrx_word' id='word_1_504' title='bbox 1756 3282 1905 3318; x_wconf 90' lang='lat' dir='ltr'><strong>nunc</strong></span> <span class='ocrx_word' id='word_1_505' title='bbox 1950 3268 2041 3320; x_wconf 90' lang='lat' dir='ltr'><strong>illa</strong></span> <span class='ocrx_word' id='word_1_506' title='bbox 2088 3284 2195 3321; x_wconf 89' lang='lat' dir='ltr'><strong>non</strong></span> <span class='ocrx_word' id='word_1_507' title='bbox 2227 3285 2322 3322; x_wconf 90' lang='lat' dir='ltr'><strong>su-</strong></span> 
     </span>
    </p>
   </div>
   <div class='ocr_carea' id='block_1_65' title="bbox 760 3358 2324 3429">
    <p class='ocr_par' dir='ltr' id='par_1_65' title="bbox 760 3358 2324 3429">
     <span class='ocr_line' id='line_1_65' title="bbox 760 3358 2324 3429; baseline 0.003 -20"><span class='ocrx_word' id='word_1_508' title='bbox 760 3368 987 3425; x_wconf 90' lang='lat' dir='ltr'><strong>persunt</strong></span> <span class='ocrx_word' id='word_1_509' title='bbox 1041 3367 1267 3427; x_wconf 90' lang='lat' dir='ltr'><strong>propter</strong></span> <span class='ocrx_word' id='word_1_510' title='bbox 1320 3358 1563 3411; x_wconf 88' lang='lat' dir='ltr'><strong>divinam</strong></span> <span class='ocrx_word' id='word_1_511' title='bbox 1626 3358 1998 3413; x_wconf 90' lang='lat' dir='ltr'><strong>visitationem</strong></span> <span class='ocrx_word' id='word_1_512' title='bbox 2053 3377 2160 3429; x_wconf 92' lang='lat' dir='ltr'><strong>qua</strong></span> <span class='ocrx_word' id='word_1_513' title='bbox 2221 3378 2324 3414; x_wconf 84' lang='lat' dir='ltr'><strong>nos</strong></span> 
     </span>
    </p>
   </div>
   <div class='ocr_carea' id='block_1_66' title="bbox 758 3448 2326 3520">
    <p class='ocr_par' dir='ltr' id='par_1_66' title="bbox 758 3448 2326 3520">
     <span class='ocr_line' id='line_1_66' title="bbox 758 3448 2326 3520; baseline 0.003 -19"><span class='ocrx_word' id='word_1_514' title='bbox 758 3459 1006 3503; x_wconf 86' lang='lat' dir='ltr'><strong>amanter</strong></span> <span class='ocrx_word' id='word_1_515' title='bbox 1032 3457 1086 3501; x_wconf 90' lang='lat' dir='ltr'><strong>et</strong></span> <span class='ocrx_word' id='word_1_516' title='bbox 1115 3448 1350 3519; x_wconf 83' lang='lat' dir='ltr'><strong>benigne</strong></span> <span class='ocrx_word' id='word_1_517' title='bbox 1390 3450 1634 3513; x_wconf 88' lang='lat' dir='ltr'><strong>instruit,</strong></span> <span class='ocrx_word' id='word_1_518' title='bbox 1666 3459 1721 3503; x_wconf 91' lang='lat' dir='ltr'><strong>et</strong></span> <span class='ocrx_word' id='word_1_519' title='bbox 1743 3448 1808 3503; x_wconf 90' lang='lat' dir='ltr'><strong>ad</strong></span> <span class='ocrx_word' id='word_1_520' title='bbox 1834 3459 2207 3520; x_wconf 90' lang='lat' dir='ltr'><strong>contemptum</strong></span> <span class='ocrx_word' id='word_1_521' title='bbox 2243 3469 2326 3506; x_wconf 86' lang='lat' dir='ltr'><strong>re-</strong></span> 
     </span>
    </p>
   </div>
   <div class='ocr_carea' id='block_1_67' title="bbox 760 3543 2322 3611">
    <p class='ocr_par' dir='ltr' id='par_1_67' title="bbox 760 3543 2322 3611">
     <span class='ocr_line' id='line_1_67' title="bbox 760 3543 2322 3611; baseline 0.004 -20"><span class='ocrx_word' id='word_1_522' title='bbox 760 3555 882 3591; x_wconf 90' lang='lat' dir='ltr'><strong>rum</strong></span> <span class='ocrx_word' id='word_1_523' title='bbox 908 3549 1251 3594; x_wconf 86' lang='lat' dir='ltr'><strong>terrenarum</strong></span> <span class='ocrx_word' id='word_1_524' title='bbox 1285 3558 1405 3611; x_wconf 80' lang='lat' dir='ltr'><strong>qua:</strong></span> <span class='ocrx_word' id='word_1_525' title='bbox 1432 3544 1587 3597; x_wconf 76' lang='lat' dir='ltr'><strong>fluxa:</strong></span> <span class='ocrx_word' id='word_1_526' title='bbox 1624 3550 1681 3596; x_wconf 90' lang='lat' dir='ltr'><strong>et</strong></span> <span class='ocrx_word' id='word_1_527' title='bbox 1710 3543 1929 3597; x_wconf 80' lang='lat' dir='ltr'><strong>caduca:</strong></span> <span class='ocrx_word' id='word_1_528' title='bbox 1965 3554 2115 3609; x_wconf 91' lang='lat' dir='ltr'><strong>sunt,</strong></span> <span class='ocrx_word' id='word_1_529' title='bbox 2165 3562 2322 3600; x_wconf 80' lang='lat' dir='ltr'><strong>exer-</strong></span> 
     </span>
    </p>
   </div>
   <div class='ocr_carea' id='block_1_68' title="bbox 762 3632 2328 3707">
    <p class='ocr_par' dir='ltr' id='par_1_68' title="bbox 762 3632 2328 3707">
     <span class='ocr_line' id='line_1_68' title="bbox 762 3632 2328 3707; baseline 0.005 -24"><span class='ocrx_word' id='word_1_530' title='bbox 762 3640 870 3692; x_wconf 85' lang='lat' dir='ltr'><strong>cet,</strong></span> <span class='ocrx_word' id='word_1_531' title='bbox 896 3640 954 3684; x_wconf 94' lang='lat' dir='ltr'><strong>ut</strong></span> <span class='ocrx_word' id='word_1_532' title='bbox 984 3632 1075 3685; x_wconf 91' lang='lat' dir='ltr'><strong>illa</strong></span> <span class='ocrx_word' id='word_1_533' title='bbox 1095 3633 1257 3702; x_wconf 88' lang='lat' dir='ltr'><strong>digna</strong></span> <span class='ocrx_word' id='word_1_534' title='bbox 1280 3650 1398 3687; x_wconf 89' lang='lat' dir='ltr'><strong>esse</strong></span> <span class='ocrx_word' id='word_1_535' title='bbox 1424 3634 1767 3702; x_wconf 87' lang='lat' dir='ltr'><strong>possessione</strong></span> <span class='ocrx_word' id='word_1_536' title='bbox 1782 3635 2181 3699; x_wconf 76' lang='lat' dir='ltr'><strong>existimemus,</strong></span> <span class='ocrx_word' id='word_1_537' title='bbox 2206 3654 2328 3707; x_wconf 82' lang='lat' dir='ltr'><strong>qua:</strong></span> 
     </span>
    </p>
   </div>
   <div class='ocr_carea' id='block_1_69' title="bbox 762 3723 2329 3796">
    <p class='ocr_par' dir='ltr' id='par_1_69' title="bbox 762 3723 2329 3796">
     <span class='ocr_line' id='line_1_69' title="bbox 762 3723 2329 3796; baseline 0.004 -22"><span class='ocrx_word' id='word_1_538' title='bbox 762 3723 925 3793; x_wconf 88' lang='lat' dir='ltr'><strong>dirigi</strong></span> <span class='ocrx_word' id='word_1_539' title='bbox 954 3735 1329 3794; x_wconf 74' lang='lat' dir='ltr'><strong>nonpossent.</strong></span> <span class='ocrx_word' id='word_1_540' title='bbox 1362 3726 1441 3779; x_wconf 87' lang='lat' dir='ltr'><strong>Tu</strong></span> <span class='ocrx_word' id='word_1_541' title='bbox 1487 3743 1617 3779; x_wconf 85' lang='lat' dir='ltr'><strong>vero</strong></span> <span class='ocrx_word' id='word_1_542' title='bbox 1665 3727 1964 3780; x_wconf 92' lang='lat' dir='ltr'><strong>amicorum</strong></span> <span class='ocrx_word' id='word_1_543' title='bbox 1997 3728 2203 3796; x_wconf 91' lang='lat' dir='ltr'><strong>optime</strong></span> <span class='ocrx_word' id='word_1_544' title='bbox 2224 3769 2238 3791; x_wconf 90' lang='lat'><strong>,</strong></span> <span class='ocrx_word' id='word_1_545' title='bbox 2274 3737 2329 3782; x_wconf 90' lang='lat' dir='ltr'><strong>et</strong></span> 
     </span>
    </p>
   </div>
   <div class='ocr_carea' id='block_1_70' title="bbox 764 3814 2331 3889">
    <p class='ocr_par' dir='ltr' id='par_1_70' title="bbox 764 3814 2331 3889">
     <span class='ocr_line' id='line_1_70' title="bbox 764 3814 2331 3889; baseline 0.006 -25"><span class='ocrx_word' id='word_1_546' title='bbox 764 3814 1007 3868; x_wconf 84' lang='lat' dir='ltr'><strong>virorum</strong></span> <span class='ocrx_word' id='word_1_547' title='bbox 1041 3815 1461 3872; x_wconf 90' lang='lat' dir='ltr'><strong>honoratissime</strong></span> <span class='ocrx_word' id='word_1_548' title='bbox 1488 3857 1503 3880; x_wconf 88' lang='lat'><strong>,</strong></span> <span class='ocrx_word' id='word_1_549' title='bbox 1554 3816 1869 3887; x_wconf 90' lang='lat' dir='ltr'><strong>frequenter</strong></span> <span class='ocrx_word' id='word_1_550' title='bbox 1903 3835 1932 3871; x_wconf 92' lang='lat' dir='ltr'><strong>a</strong></span> <span class='ocrx_word' id='word_1_551' title='bbox 1970 3835 2056 3873; x_wconf 91' lang='lat' dir='ltr'><strong>me</strong></span> <span class='ocrx_word' id='word_1_552' title='bbox 2096 3820 2237 3889; x_wconf 87' lang='lat' dir='ltr'><strong>petis</strong></span> <span class='ocrx_word' id='word_1_553' title='bbox 2275 3830 2331 3874; x_wconf 92' lang='lat' dir='ltr'><strong>et</strong></span> 
     </span>
    </p>
   </div>
   <div class='ocr_carea' id='block_1_71' title="bbox 768 3908 2328 3983">
    <p class='ocr_par' dir='ltr' id='par_1_71' title="bbox 768 3908 2328 3983">
     <span class='ocr_line' id='line_1_71' title="bbox 768 3908 2328 3983; baseline 0.005 -26"><span class='ocrx_word' id='word_1_554' title='bbox 768 3921 947 3972; x_wconf 73' lang='lat' dir='ltr'><strong>rogas,</strong></span> <span class='ocrx_word' id='word_1_555' title='bbox 978 3916 1033 3960; x_wconf 90' lang='lat' dir='ltr'><strong>et</strong></span> <span class='ocrx_word' id='word_1_556' title='bbox 1055 3908 1304 3977; x_wconf 88' lang='lat' dir='ltr'><strong>plerique</strong></span> <span class='ocrx_word' id='word_1_557' title='bbox 1334 3909 1429 3961; x_wconf 90' lang='lat' dir='ltr'><strong>alii</strong></span> <span class='ocrx_word' id='word_1_558' title='bbox 1463 3917 1645 3962; x_wconf 90' lang='lat' dir='ltr'><strong>tecum</strong></span> <span class='ocrx_word' id='word_1_559' title='bbox 1671 3949 1685 3973; x_wconf 90' lang='lat'><strong>,</strong></span> <span class='ocrx_word' id='word_1_560' title='bbox 1722 3921 1781 3964; x_wconf 92' lang='lat' dir='ltr'><strong>ut</strong></span> <span class='ocrx_word' id='word_1_561' title='bbox 1804 3910 2002 3965; x_wconf 89' lang='lat' dir='ltr'><strong>scribis</strong></span> <span class='ocrx_word' id='word_1_562' title='bbox 2024 3954 2039 3977; x_wconf 93' lang='lat'><strong>,</strong></span> <span class='ocrx_word' id='word_1_563' title='bbox 2078 3920 2139 3965; x_wconf 92' lang='lat' dir='ltr'><strong>ut</strong></span> <span class='ocrx_word' id='word_1_564' title='bbox 2166 3928 2328 3983; x_wconf 84' lang='lat' dir='ltr'><strong>quam</strong></span> 
     </span>
    </p>
   </div>
   <div class='ocr_carea' id='block_1_72' title="bbox 764 3994 1783 4067">
    <p class='ocr_par' dir='ltr' id='par_1_72' title="bbox 764 3994 1783 4067">
     <span class='ocr_line' id='line_1_72' title="bbox 764 3994 1783 4067; baseline 0.007 -21"><span class='ocrx_word' id='word_1_565' title='bbox 764 3994 877 4047; x_wconf 87' lang='lat' dir='ltr'><strong>vim</strong></span> <span class='ocrx_word' id='word_1_566' title='bbox 916 3994 1007 4047; x_wconf 91' lang='lat' dir='ltr'><strong>illa</strong></span> <span class='ocrx_word' id='word_1_567' title='bbox 1044 3996 1330 4059; x_wconf 90' lang='lat' dir='ltr'><strong>haberent,</strong></span> <span class='ocrx_word' id='word_1_568' title='bbox 1365 3998 1464 4051; x_wconf 89' lang='lat' dir='ltr'><strong>tibi</strong></span> <span class='ocrx_word' id='word_1_569' title='bbox 1491 4014 1783 4067; x_wconf 76' lang='lat' dir='ltr'><strong>exponam.</strong></span> 
     </span>
    </p>
   </div>
   <div class='ocr_carea' id='block_1_73' title="bbox 837 4087 2332 4159">
    <p class='ocr_par' dir='ltr' id='par_1_73' title="bbox 837 4087 2332 4159">
     <span class='ocr_line' id='line_1_73' title="bbox 837 4087 2332 4159; baseline 0.005 -19"><span class='ocrx_word' id='word_1_570' title='bbox 837 4087 925 4140; x_wconf 82' lang='lat' dir='ltr'><strong>IV.</strong></span> <span class='ocrx_word' id='word_1_571' title='bbox 963 4087 1329 4153; x_wconf 85' lang='lat' dir='ltr'><strong>Quamobrem</strong></span> <span class='ocrx_word' id='word_1_572' title='bbox 1362 4102 1618 4159; x_wconf 89' lang='lat' dir='ltr'><strong>oportere</strong></span> <span class='ocrx_word' id='word_1_573' title='bbox 1645 4092 1953 4146; x_wconf 84' lang='lat' dir='ltr'><strong>existimavi</strong></span> <span class='ocrx_word' id='word_1_574' title='bbox 1975 4132 1989 4153; x_wconf 91' lang='lat'><strong><em>.</em></strong></span> <span class='ocrx_word' id='word_1_575' title='bbox 2019 4101 2081 4146; x_wconf 93' lang='lat' dir='ltr'><strong>ut</strong></span> <span class='ocrx_word' id='word_1_576' title='bbox 2109 4102 2332 4147; x_wconf 79' lang='lat' dir='ltr'><strong>senten-</strong></span> 
     </span>
    </p>
   </div>
   <div class='ocr_carea' id='block_1_74' title="bbox 768 4178 2331 4255">
    <p class='ocr_par' dir='ltr' id='par_1_74' title="bbox 768 4178 2331 4255">
     <span class='ocr_line' id='line_1_74' title="bbox 768 4178 2331 4255; baseline 0.006 -25"><span class='ocrx_word' id='word_1_577' title='bbox 768 4178 898 4231; x_wconf 90' lang='lat' dir='ltr'><strong>tiam</strong></span> <span class='ocrx_word' id='word_1_578' title='bbox 924 4179 1143 4232; x_wconf 92' lang='lat' dir='ltr'><strong>illorum</strong></span> <span class='ocrx_word' id='word_1_579' title='bbox 1179 4180 1233 4234; x_wconf 92' lang='lat' dir='ltr'><strong>in</strong></span> <span class='ocrx_word' id='word_1_580' title='bbox 1268 4197 1439 4249; x_wconf 90' lang='lat' dir='ltr'><strong>pauca</strong></span> <span class='ocrx_word' id='word_1_581' title='bbox 1470 4183 1836 4246; x_wconf 90' lang='lat' dir='ltr'><strong>contrahens,</strong></span> <span class='ocrx_word' id='word_1_582' title='bbox 1871 4183 2091 4237; x_wconf 88' lang='lat' dir='ltr'><strong>brevem</strong></span> <span class='ocrx_word' id='word_1_583' title='bbox 2132 4186 2331 4255; x_wconf 85' lang='lat' dir='ltr'><strong>repeti-</strong></span> 
     </span>
    </p>
   </div>
   <div class='ocr_carea' id='block_1_75' title="bbox 770 4270 2332 4345">
    <p class='ocr_par' dir='ltr' id='par_1_75' title="bbox 770 4270 2332 4345">
     <span class='ocr_line' id='line_1_75' title="bbox 770 4270 2332 4345; baseline 0.006 -23"><span class='ocrx_word' id='word_1_584' title='bbox 770 4270 975 4323; x_wconf 83' lang='lat' dir='ltr'><strong>tionem</strong></span> <span class='ocrx_word' id='word_1_585' title='bbox 1002 4273 1318 4326; x_wconf 91' lang='lat' dir='ltr'><strong>sununatim</strong></span> <span class='ocrx_word' id='word_1_586' title='bbox 1363 4273 1632 4337; x_wconf 87' lang='lat' dir='ltr'><strong>facerem,</strong></span> <span class='ocrx_word' id='word_1_587' title='bbox 1663 4275 1833 4328; x_wconf 88' lang='lat' dir='ltr'><strong>multa</strong></span> <span class='ocrx_word' id='word_1_588' title='bbox 1867 4276 2054 4343; x_wconf 87' lang='lat' dir='ltr'><strong>paucis</strong></span> <span class='ocrx_word' id='word_1_589' title='bbox 2088 4276 2332 4345; x_wconf 85' lang='lat' dir='ltr'><strong>comple-</strong></span> 
     </span>
    </p>
   </div>
   <div class='ocr_carea' id='block_1_76' title="bbox 770 4362 2331 4437">
    <p class='ocr_par' dir='ltr' id='par_1_76' title="bbox 770 4362 2331 4437">
     <span class='ocr_line' id='line_1_76' title="bbox 770 4362 2331 4437; baseline 0.005 -24"><span class='ocrx_word' id='word_1_590' title='bbox 770 4370 957 4425; x_wconf 84' lang='lat' dir='ltr'><strong>ctens;</strong></span> <span class='ocrx_word' id='word_1_591' title='bbox 996 4372 1052 4415; x_wconf 91' lang='lat' dir='ltr'><strong>et</strong></span> <span class='ocrx_word' id='word_1_592' title='bbox 1084 4362 1329 4416; x_wconf 89' lang='lat' dir='ltr'><strong>fortassis</strong></span> <span class='ocrx_word' id='word_1_593' title='bbox 1374 4364 1783 4419; x_wconf 85' lang='lat' dir='ltr'><strong>accommodate</strong></span> <span class='ocrx_word' id='word_1_594' title='bbox 1824 4366 1889 4418; x_wconf 91' lang='lat' dir='ltr'><strong>ad</strong></span> <span class='ocrx_word' id='word_1_595' title='bbox 1927 4374 2140 4435; x_wconf 87' lang='lat' dir='ltr'><strong>tempus</strong></span> <span class='ocrx_word' id='word_1_596' title='bbox 2185 4368 2331 4437; x_wconf 93' lang='lat' dir='ltr'><strong>quod</strong></span> 
     </span>
    </p>
   </div>
   <div class='ocr_carea' id='block_1_77' title="bbox 2424 3271 3994 3346">
    <p class='ocr_par' dir='ltr' id='par_1_77' title="bbox 2424 3271 3994 3346">
     <span class='ocr_line' id='line_1_77' title="bbox 2424 3271 3994 3346; baseline -0.003 -18"><span class='ocrx_word' id='word_1_597' title='bbox 2424 3293 2531 3346; x_wconf 89' lang='lat' dir='ltr'><strong>que</strong></span> <span class='ocrx_word' id='word_1_598' title='bbox 2565 3276 2720 3329; x_wconf 84' lang='lat' dir='ltr'><strong>valde</strong></span> <span class='ocrx_word' id='word_1_599' title='bbox 2753 3275 2993 3328; x_wconf 87' lang='lat' dir='ltr'><strong>tenuiter</strong></span> <span class='ocrx_word' id='word_1_600' title='bbox 3036 3281 3093 3325; x_wconf 73' lang='lat' dir='ltr'><strong>et</strong></span> <span class='ocrx_word' id='word_1_601' title='bbox 3136 3273 3385 3335; x_wconf 87' lang='lat' dir='ltr'><strong>minute;</strong></span> <span class='ocrx_word' id='word_1_602' title='bbox 3418 3281 3477 3325; x_wconf 91' lang='lat' dir='ltr'><strong>ut</strong></span> <span class='ocrx_word' id='word_1_603' title='bbox 3500 3273 3543 3324; x_wconf 82' lang='lat' dir='ltr'><strong>si</strong></span> <span class='ocrx_word' id='word_1_604' title='bbox 3572 3273 3696 3339; x_wconf 87' lang='lat' dir='ltr'><strong>quis</strong></span> <span class='ocrx_word' id='word_1_605' title='bbox 3727 3271 3905 3324; x_wconf 91' lang='lat' dir='ltr'><strong>solem</strong></span> <span class='ocrx_word' id='word_1_606' title='bbox 3940 3272 3994 3325; x_wconf 90' lang='lat' dir='ltr'><strong>in</strong></span> 
     </span>
    </p>
   </div>
   <div class='ocr_carea' id='block_1_78' title="bbox 2427 3362 3995 3437">
    <p class='ocr_par' dir='ltr' id='par_1_78' title="bbox 2427 3362 3995 3437">
     <span class='ocr_line' id='line_1_78' title="bbox 2427 3362 3995 3437; baseline -0.003 -16"><span class='ocrx_word' id='word_1_607' title='bbox 2427 3384 2567 3437; x_wconf 88' lang='lat' dir='ltr'><strong>aqua</strong></span> <span class='ocrx_word' id='word_1_608' title='bbox 2596 3376 2652 3420; x_wconf 90' lang='lat' dir='ltr'><strong>et</strong></span> <span class='ocrx_word' id='word_1_609' title='bbox 2681 3366 2735 3419; x_wconf 91' lang='lat' dir='ltr'><strong>in</strong></span> <span class='ocrx_word' id='word_1_610' title='bbox 2778 3364 3001 3434; x_wconf 91' lang='lat' dir='ltr'><strong>speculo</strong></span> <span class='ocrx_word' id='word_1_611' title='bbox 3028 3363 3292 3417; x_wconf 90' lang='lat' dir='ltr'><strong>ostendit.</strong></span> <span class='ocrx_word' id='word_1_612' title='bbox 3341 3362 3633 3428; x_wconf 83' lang='lat' dir='ltr'><strong>Quomodo</strong></span> <span class='ocrx_word' id='word_1_613' title='bbox 3662 3363 3830 3431; x_wconf 88' lang='lat' dir='ltr'><strong>igitur</strong></span> <span class='ocrx_word' id='word_1_614' title='bbox 3877 3363 3995 3416; x_wconf 84' lang='lat' dir='ltr'><strong>fieri</strong></span> 
     </span>
    </p>
   </div>
   <div class='ocr_carea' id='block_1_79' title="bbox 2428 3455 3997 3527">
    <p class='ocr_par' dir='ltr' id='par_1_79' title="bbox 2428 3455 3997 3527">
     <span class='ocr_line' id='line_1_79' title="bbox 2428 3455 3997 3527; baseline -0.003 -18"><span class='ocrx_word' id='word_1_615' title='bbox 2428 3467 2629 3527; x_wconf 86' lang='lat' dir='ltr'><strong>potest,</strong></span> <span class='ocrx_word' id='word_1_616' title='bbox 2657 3468 2715 3510; x_wconf 93' lang='lat' dir='ltr'><strong>ut</strong></span> <span class='ocrx_word' id='word_1_617' title='bbox 2746 3472 2999 3510; x_wconf 88' lang='lat' dir='ltr'><strong>sermone</strong></span> <span class='ocrx_word' id='word_1_618' title='bbox 3024 3456 3303 3517; x_wconf 89' lang='lat' dir='ltr'><strong>laudetur,</strong></span> <span class='ocrx_word' id='word_1_619' title='bbox 3329 3455 3423 3522; x_wconf 90' lang='lat' dir='ltr'><strong>qui</strong></span> <span class='ocrx_word' id='word_1_620' title='bbox 3455 3455 3723 3507; x_wconf 90' lang='lat' dir='ltr'><strong>rationem</strong></span> <span class='ocrx_word' id='word_1_621' title='bbox 3748 3464 3805 3508; x_wconf 91' lang='lat' dir='ltr'><strong>et</strong></span> <span class='ocrx_word' id='word_1_622' title='bbox 3830 3455 3997 3507; x_wconf 92' lang='lat' dir='ltr'><strong>intel-</strong></span> 
     </span>
    </p>
   </div>
   <div class='ocr_carea' id='block_1_80' title="bbox 2429 3542 3997 3618">
    <p class='ocr_par' dir='ltr' id='par_1_80' title="bbox 2429 3542 3997 3618">
     <span class='ocr_line' id='line_1_80' title="bbox 2429 3542 3997 3618; baseline -0.004 -16"><span class='ocrx_word' id='word_1_623' title='bbox 2429 3549 2713 3618; x_wconf 86' lang='lat' dir='ltr'><strong>ligentiam</strong></span> <span class='ocrx_word' id='word_1_624' title='bbox 2740 3547 3000 3616; x_wconf 87' lang='lat' dir='ltr'><strong>superat?</strong></span> <span class='ocrx_word' id='word_1_625' title='bbox 3026 3544 3273 3614; x_wconf 90' lang='lat' dir='ltr'><strong>autquid</strong></span> <span class='ocrx_word' id='word_1_626' title='bbox 3303 3544 3410 3599; x_wconf 89' lang='lat' dir='ltr'><strong>dici</strong></span> <span class='ocrx_word' id='word_1_627' title='bbox 3450 3542 3653 3614; x_wconf 87' lang='lat' dir='ltr'><strong>potest,</strong></span> <span class='ocrx_word' id='word_1_628' title='bbox 3690 3554 3749 3598; x_wconf 91' lang='lat' dir='ltr'><strong>ut</strong></span> <span class='ocrx_word' id='word_1_629' title='bbox 3786 3561 3816 3598; x_wconf 89' lang='lat' dir='ltr'><strong>a</strong></span> <span class='ocrx_word' id='word_1_630' title='bbox 3855 3562 3997 3614; x_wconf 76' lang='lat' dir='ltr'><strong>quo-</strong></span> 
     </span>
    </p>
   </div>
   <div class='ocr_carea' id='block_1_81' title="bbox 2430 3637 4000 3710">
    <p class='ocr_par' dir='ltr' id='par_1_81' title="bbox 2430 3637 4000 3710">
     <span class='ocr_line' id='line_1_81' title="bbox 2430 3637 4000 3710; baseline -0.002 -18"><span class='ocrx_word' id='word_1_631' title='bbox 2430 3641 2573 3710; x_wconf 88' lang='lat' dir='ltr'><strong>piam</strong></span> <span class='ocrx_word' id='word_1_632' title='bbox 2598 3656 2698 3709; x_wconf 91' lang='lat' dir='ltr'><strong>pro</strong></span> <span class='ocrx_word' id='word_1_633' title='bbox 2727 3638 2995 3708; x_wconf 87' lang='lat' dir='ltr'><strong>dignitate</strong></span> <span class='ocrx_word' id='word_1_634' title='bbox 3014 3637 3427 3690; x_wconf 89' lang='lat' dir='ltr'><strong>demonstretur</strong></span> <span class='ocrx_word' id='word_1_635' title='bbox 3448 3637 3695 3698; x_wconf 90' lang='lat' dir='ltr'><strong>notione,</strong></span> <span class='ocrx_word' id='word_1_636' title='bbox 3715 3637 3809 3704; x_wconf 91' lang='lat' dir='ltr'><strong>qui</strong></span> <span class='ocrx_word' id='word_1_637' title='bbox 3831 3653 4000 3706; x_wconf 80' lang='lat' dir='ltr'><strong>supra</strong></span> 
     </span>
    </p>
   </div>
   <div class='ocr_carea' id='block_1_82' title="bbox 2431 3728 3998 3790">
    <p class='ocr_par' dir='ltr' id='par_1_82' title="bbox 2431 3728 3998 3790">
     <span class='ocr_line' id='line_1_82' title="bbox 2431 3728 3998 3790; baseline -0.007 -1"><span class='ocrx_word' id='word_1_638' title='bbox 2431 3734 2708 3789; x_wconf 87' lang='lat' dir='ltr'><strong>notionem</strong></span> <span class='ocrx_word' id='word_1_639' title='bbox 2767 3732 2893 3785; x_wconf 86' lang='lat' dir='ltr'><strong>est?</strong></span> <span class='ocrx_word' id='word_1_640' title='bbox 2950 3730 3048 3783; x_wconf 91' lang='lat' dir='ltr'><strong>llic</strong></span> <span class='ocrx_word' id='word_1_641' title='bbox 3102 3737 3185 3783; x_wconf 89' lang='lat' dir='ltr'><strong>est</strong></span> <span class='ocrx_word' id='word_1_642' title='bbox 3233 3729 3478 3781; x_wconf 91' lang='lat' dir='ltr'><strong>omnium</strong></span> <span class='ocrx_word' id='word_1_643' title='bbox 3546 3728 3998 3790; x_wconf 79' lang='lat' dir='ltr'><strong>firmamentum,</strong></span> 
     </span>
    </p>
   </div>
   <div class='ocr_carea' id='block_1_83' title="bbox 2433 3818 4001 3889">
    <p class='ocr_par' dir='ltr' id='par_1_83' title="bbox 2433 3818 4001 3889">
     <span class='ocr_line' id='line_1_83' title="bbox 2433 3818 4001 3889; baseline -0.003 -13"><span class='ocrx_word' id='word_1_644' title='bbox 2433 3824 2679 3877; x_wconf 89' lang='lat' dir='ltr'><strong>omnium</strong></span> <span class='ocrx_word' id='word_1_645' title='bbox 2706 3822 2898 3885; x_wconf 91' lang='lat' dir='ltr'><strong>robur,</strong></span> <span class='ocrx_word' id='word_1_646' title='bbox 2930 3821 3177 3874; x_wconf 91' lang='lat' dir='ltr'><strong>omnium</strong></span> <span class='ocrx_word' id='word_1_647' title='bbox 3210 3819 3543 3889; x_wconf 90' lang='lat' dir='ltr'><strong>principium</strong></span> <span class='ocrx_word' id='word_1_648' title='bbox 3570 3858 3585 3880; x_wconf 91' lang='lat'><strong>,</strong></span> <span class='ocrx_word' id='word_1_649' title='bbox 3616 3818 3763 3873; x_wconf 91' lang='lat' dir='ltr'><strong>unde</strong></span> <span class='ocrx_word' id='word_1_650' title='bbox 3813 3820 4001 3872; x_wconf 84' lang='lat' dir='ltr'><strong>omnia</strong></span> 
     </span>
    </p>
   </div>
   <div class='ocr_carea' id='block_1_84' title="bbox 2434 3908 3998 3981">
    <p class='ocr_par' dir='ltr' id='par_1_84' title="bbox 2434 3908 3998 3981">
     <span class='ocr_line' id='line_1_84' title="bbox 2434 3908 3998 3981; baseline -0.004 -12"><span class='ocrx_word' id='word_1_651' title='bbox 2434 3922 2680 3977; x_wconf 87' lang='lat' dir='ltr'><strong>manant,</strong></span> <span class='ocrx_word' id='word_1_652' title='bbox 2702 3922 2759 3967; x_wconf 91' lang='lat' dir='ltr'><strong>et</strong></span> <span class='ocrx_word' id='word_1_653' title='bbox 2778 3928 2885 3981; x_wconf 90' lang='lat' dir='ltr'><strong>quo</strong></span> <span class='ocrx_word' id='word_1_654' title='bbox 2903 3910 3087 3964; x_wconf 89' lang='lat' dir='ltr'><strong>omnia</strong></span> <span class='ocrx_word' id='word_1_655' title='bbox 3112 3919 3385 3978; x_wconf 86' lang='lat' dir='ltr'><strong>spectant,</strong></span> <span class='ocrx_word' id='word_1_656' title='bbox 3413 3909 3745 3978; x_wconf 88' lang='lat' dir='ltr'><strong>principium</strong></span> <span class='ocrx_word' id='word_1_657' title='bbox 3774 3917 3832 3963; x_wconf 93' lang='lat' dir='ltr'><strong>et</strong></span> <span class='ocrx_word' id='word_1_658' title='bbox 3853 3908 3998 3971; x_wconf 87' lang='lat' dir='ltr'><strong>finis,</strong></span> 
     </span>
    </p>
   </div>
   <div class='ocr_carea' id='block_1_85' title="bbox 2432 4000 4001 4074">
    <p class='ocr_par' dir='ltr' id='par_1_85' title="bbox 2432 4000 4001 4074">
     <span class='ocr_line' id='line_1_85' title="bbox 2432 4000 4001 4074; baseline -0.004 -14"><span class='ocrx_word' id='word_1_659' title='bbox 2432 4016 2489 4060; x_wconf 91' lang='lat' dir='ltr'><strong>et</strong></span> <span class='ocrx_word' id='word_1_660' title='bbox 2504 4006 2673 4074; x_wconf 82' lang='lat' dir='ltr'><strong>Alpha</strong></span> <span class='ocrx_word' id='word_1_661' title='bbox 2694 4003 2916 4072; x_wconf 90' lang='lat' dir='ltr'><strong>(inquit)</strong></span> <span class='ocrx_word' id='word_1_662' title='bbox 2934 4010 2981 4054; x_wconf 85' lang='lat' dir='ltr'><strong>et</strong></span> <span class='ocrx_word' id='word_1_663' title='bbox 3004 4001 3222 4069; x_wconf 76' lang='lat' dir='ltr'><strong>Omega,</strong></span> <span class='ocrx_word' id='word_1_664' title='bbox 3244 4002 3388 4053; x_wconf 87' lang='lat' dir='ltr'><strong>sicut</strong></span> <span class='ocrx_word' id='word_1_665' title='bbox 3404 4000 3546 4052; x_wconf 89' lang='lat' dir='ltr'><strong>dixit</strong></span> <span class='ocrx_word' id='word_1_666' title='bbox 3568 4000 3893 4069; x_wconf 87' lang='lat' dir='ltr'><strong>tbeologans</strong></span> <span class='ocrx_word' id='word_1_667' title='bbox 3908 4001 4001 4069; x_wconf 93' lang='lat' dir='ltr'><strong>qui</strong></span> 
     </span>
    </p>
   </div>
   <div class='ocr_carea' id='block_1_86' title="bbox 2438 4090 4002 4165">
    <p class='ocr_par' dir='ltr' id='par_1_86' title="bbox 2438 4090 4002 4165">
     <span class='ocr_line' id='line_1_86' title="bbox 2438 4090 4002 4165; baseline -0.006 -14"><span class='ocrx_word' id='word_1_668' title='bbox 2438 4097 2749 4165; x_wconf 89' lang='lat' dir='ltr'><strong>theologum</strong></span> <span class='ocrx_word' id='word_1_669' title='bbox 2776 4093 3043 4157; x_wconf 59' lang='lat' dir='ltr'><strong>docuit“;</strong></span> <span class='ocrx_word' id='word_1_670' title='bbox 3079 4092 3173 4160; x_wconf 89' lang='lat' dir='ltr'><strong>qui</strong></span> <span class='ocrx_word' id='word_1_671' title='bbox 3214 4090 3365 4153; x_wconf 87' lang='lat' dir='ltr'><strong>facit,</strong></span> <span class='ocrx_word' id='word_1_672' title='bbox 3402 4099 3463 4143; x_wconf 91' lang='lat' dir='ltr'><strong>ut</strong></span> <span class='ocrx_word' id='word_1_673' title='bbox 3485 4104 3609 4158; x_wconf 78' lang='lat' dir='ltr'><strong>qua:</strong></span> <span class='ocrx_word' id='word_1_674' title='bbox 3642 4098 3796 4150; x_wconf 87' lang='lat' dir='ltr'><strong>sunt,</strong></span> <span class='ocrx_word' id='word_1_675' title='bbox 3829 4091 4002 4151; x_wconf 87' lang='lat' dir='ltr'><strong>sint’;</strong></span> 
     </span>
    </p>
   </div>
   <div class='ocr_carea' id='block_1_87' title="bbox 2434 4181 4007 4256">
    <p class='ocr_par' dir='ltr' id='par_1_87' title="bbox 2434 4181 4007 4256">
     <span class='ocr_line' id='line_1_87' title="bbox 2434 4181 4007 4256; baseline -0.004 -15"><span class='ocrx_word' id='word_1_676' title='bbox 2434 4199 2487 4242; x_wconf 82' lang='lat' dir='ltr'><strong>et</strong></span> <span class='ocrx_word' id='word_1_677' title='bbox 2515 4202 2636 4256; x_wconf 77' lang='lat' dir='ltr'><strong>qua:</strong></span> <span class='ocrx_word' id='word_1_678' title='bbox 2659 4183 2903 4239; x_wconf 90' lang='lat' dir='ltr'><strong>nondum</strong></span> <span class='ocrx_word' id='word_1_679' title='bbox 2934 4190 3062 4237; x_wconf 92' lang='lat' dir='ltr'><strong>sunt</strong></span> <span class='ocrx_word' id='word_1_680' title='bbox 3088 4224 3103 4243; x_wconf 90' lang='lat'><strong><em>.</em></strong></span> <span class='ocrx_word' id='word_1_681' title='bbox 3152 4192 3212 4236; x_wconf 92' lang='lat' dir='ltr'><strong>ut</strong></span> <span class='ocrx_word' id='word_1_682' title='bbox 3256 4182 3477 4250; x_wconf 83' lang='lat' dir='ltr'><strong>capiant</strong></span> <span class='ocrx_word' id='word_1_683' title='bbox 3502 4189 3686 4234; x_wconf 91' lang='lat' dir='ltr'><strong>ortum</strong></span> <span class='ocrx_word' id='word_1_684' title='bbox 3717 4222 3732 4246; x_wconf 91' lang='lat'><strong>,</strong></span> <span class='ocrx_word' id='word_1_685' title='bbox 3783 4181 3880 4250; x_wconf 91' lang='lat' dir='ltr'><strong>qui</strong></span> <span class='ocrx_word' id='word_1_686' title='bbox 3922 4192 4007 4235; x_wconf 88' lang='lat' dir='ltr'><strong>est</strong></span> 
     </span>
    </p>
   </div>
   <div class='ocr_carea' id='block_1_88' title="bbox 2435 4275 4006 4347">
    <p class='ocr_par' dir='ltr' id='par_1_88' title="bbox 2435 4275 4006 4347">
     <span class='ocr_line' id='line_1_88' title="bbox 2435 4275 4006 4347; baseline -0.003 -13"><span class='ocrx_word' id='word_1_687' title='bbox 2435 4282 2571 4334; x_wconf 89' lang='lat' dir='ltr'><strong>ordo</strong></span> <span class='ocrx_word' id='word_1_688' title='bbox 2602 4295 2794 4333; x_wconf 91' lang='lat' dir='ltr'><strong>eorum</strong></span> <span class='ocrx_word' id='word_1_689' title='bbox 2820 4294 2941 4347; x_wconf 78' lang='lat' dir='ltr'><strong>qua:</strong></span> <span class='ocrx_word' id='word_1_690' title='bbox 2973 4293 3038 4331; x_wconf 86' lang='lat' dir='ltr'><strong>ex</strong></span> <span class='ocrx_word' id='word_1_691' title='bbox 3068 4276 3243 4330; x_wconf 88' lang='lat' dir='ltr'><strong>nihilo</strong></span> <span class='ocrx_word' id='word_1_692' title='bbox 3272 4276 3411 4330; x_wconf 88' lang='lat' dir='ltr'><strong>facta</strong></span> <span class='ocrx_word' id='word_1_693' title='bbox 3444 4283 3591 4339; x_wconf 90' lang='lat' dir='ltr'><strong>sunt,</strong></span> <span class='ocrx_word' id='word_1_694' title='bbox 3617 4283 3675 4329; x_wconf 88' lang='lat' dir='ltr'><strong>et</strong></span> <span class='ocrx_word' id='word_1_695' title='bbox 3695 4275 3922 4329; x_wconf 90' lang='lat' dir='ltr'><strong>duratio</strong></span> <span class='ocrx_word' id='word_1_696' title='bbox 3943 4291 4006 4329; x_wconf 81' lang='lat' dir='ltr'><strong>ac</strong></span> 
     </span>
    </p>
   </div>
   <div class='ocr_carea' id='block_1_89' title="bbox 2437 4365 4007 4433">
    <p class='ocr_par' dir='ltr' id='par_1_89' title="bbox 2437 4365 4007 4433">
     <span class='ocr_line' id='line_1_89' title="bbox 2437 4365 4007 4433; baseline -0.005 -6"><span class='ocrx_word' id='word_1_697' title='bbox 2437 4370 2805 4433; x_wconf 84' lang='lat' dir='ltr'><strong>conservatio,</strong></span> <span class='ocrx_word' id='word_1_698' title='bbox 2832 4378 3028 4421; x_wconf 88' lang='lat' dir='ltr'><strong>natura</strong></span> <span class='ocrx_word' id='word_1_699' title='bbox 3062 4368 3299 4422; x_wconf 82' lang='lat' dir='ltr'><strong>creatrix</strong></span> <span class='ocrx_word' id='word_1_700' title='bbox 3320 4407 3334 4430; x_wconf 93' lang='lat'><strong>,</strong></span> <span class='ocrx_word' id='word_1_701' title='bbox 3378 4366 3560 4420; x_wconf 86' lang='lat' dir='ltr'><strong>virtus</strong></span> <span class='ocrx_word' id='word_1_702' title='bbox 3603 4365 3852 4421; x_wconf 78' lang='lat' dir='ltr'><strong>efﬁciens</strong></span> <span class='ocrx_word' id='word_1_703' title='bbox 3874 4408 3888 4430; x_wconf 91' lang='lat'><strong>,</strong></span> <span class='ocrx_word' id='word_1_704' title='bbox 3926 4367 4007 4420; x_wconf 85' lang='lat' dir='ltr'><strong>in-</strong></span> 
     </span>
    </p>
   </div>
   <div class='ocr_carea' id='block_1_90' title="bbox 772 4453 4008 4543">
    <p class='ocr_par' dir='ltr' id='par_1_90' title="bbox 772 4453 4008 4543">
     <span class='ocr_line' id='line_1_90' title="bbox 772 4453 4008 4543; baseline 0.002 -38"><span class='ocrx_word' id='word_1_705' title='bbox 772 4453 930 4505; x_wconf 91' lang='lat' dir='ltr'><strong>nobis</strong></span> <span class='ocrx_word' id='word_1_706' title='bbox 953 4454 1215 4522; x_wconf 87' lang='lat' dir='ltr'><strong>suppetit,</strong></span> <span class='ocrx_word' id='word_1_707' title='bbox 1248 4465 1302 4507; x_wconf 89' lang='lat' dir='ltr'><strong>et</strong></span> <span class='ocrx_word' id='word_1_708' title='bbox 1336 4454 1404 4507; x_wconf 90' lang='lat' dir='ltr'><strong>ad</strong></span> <span class='ocrx_word' id='word_1_709' title='bbox 1454 4455 1694 4524; x_wconf 88' lang='lat' dir='ltr'><strong>inopiam</strong></span> <span class='ocrx_word' id='word_1_710' title='bbox 1727 4456 1995 4509; x_wconf 83' lang='lat' dir='ltr'><strong>librorum</strong></span> <span class='ocrx_word' id='word_1_711' title='bbox 2028 4473 2135 4526; x_wconf 87' lang='lat' dir='ltr'><strong>qua</strong></span> <span class='ocrx_word' id='word_1_712' title='bbox 2178 4458 2333 4511; x_wconf 83' lang='lat' dir='ltr'><strong>labo-</strong></span> <span class='ocrx_word' id='word_1_713' title='bbox 2371 4491 2411 4543; x_wconf 69' lang='grc' dir='ltr'><strong>ι)</strong></span> <span class='ocrx_word' id='word_1_714' title='bbox 2440 4477 2603 4518; x_wconf 90' lang='lat' dir='ltr'><strong>tuens</strong></span> <span class='ocrx_word' id='word_1_715' title='bbox 2632 4470 2687 4515; x_wconf 88' lang='lat' dir='ltr'><strong>et</strong></span> <span class='ocrx_word' id='word_1_716' title='bbox 2718 4459 3035 4530; x_wconf 89' lang='lat' dir='ltr'><strong>providens,</strong></span> <span class='ocrx_word' id='word_1_717' title='bbox 3060 4459 3171 4511; x_wconf 90' lang='lat' dir='ltr'><strong>vita</strong></span> <span class='ocrx_word' id='word_1_718' title='bbox 3191 4458 3403 4518; x_wconf 67' lang='lat' dir='ltr'><strong>vivens,</strong></span> <span class='ocrx_word' id='word_1_719' title='bbox 3432 4465 3489 4510; x_wconf 91' lang='lat' dir='ltr'><strong>et</strong></span> <span class='ocrx_word' id='word_1_720' title='bbox 3509 4457 3725 4509; x_wconf 84' lang='lat' dir='ltr'><strong>viviliea</strong></span> <span class='ocrx_word' id='word_1_721' title='bbox 3746 4456 4008 4510; x_wconf 73' lang='lat' dir='ltr'><strong>substan-</strong></span> 
     </span>
    </p>
   </div>
   <div class='ocr_carea' id='block_1_91' title="bbox 772 4545 2336 4616">
    <p class='ocr_par' dir='ltr' id='par_1_91' title="bbox 772 4545 2336 4616">
     <span class='ocr_line' id='line_1_91' title="bbox 772 4545 2336 4616; baseline 0.004 -20"><span class='ocrx_word' id='word_1_722' title='bbox 772 4559 980 4597; x_wconf 87' lang='lat' dir='ltr'><strong>ramus.</strong></span> <span class='ocrx_word' id='word_1_723' title='bbox 1012 4545 1079 4598; x_wconf 83' lang='lat' dir='ltr'><strong>Et</strong></span> <span class='ocrx_word' id='word_1_724' title='bbox 1109 4546 1240 4613; x_wconf 90' lang='lat' dir='ltr'><strong>quia</strong></span> <span class='ocrx_word' id='word_1_725' title='bbox 1284 4545 1398 4599; x_wconf 89' lang='lat' dir='ltr'><strong>scio</strong></span> <span class='ocrx_word' id='word_1_726' title='bbox 1433 4547 1722 4616; x_wconf 87' lang='lat' dir='ltr'><strong>plerosque</strong></span> <span class='ocrx_word' id='word_1_727' title='bbox 1752 4549 2167 4602; x_wconf 91' lang='lat' dir='ltr'><strong>multitudinem</strong></span> <span class='ocrx_word' id='word_1_728' title='bbox 2196 4549 2336 4603; x_wconf 87' lang='lat' dir='ltr'><strong>scri-</strong></span> 
     </span>
    </p>
   </div>
   <div class='ocr_carea' id='block_1_92' title="bbox 773 4637 2335 4708">
    <p class='ocr_par' dir='ltr' id='par_1_92' title="bbox 773 4637 2335 4708">
     <span class='ocr_line' id='line_1_92' title="bbox 773 4637 2335 4708; baseline 0.004 -22"><span class='ocrx_word' id='word_1_729' title='bbox 773 4648 994 4705; x_wconf 90' lang='lat' dir='ltr'><strong>ptorqu</strong></span> <span class='ocrx_word' id='word_1_730' title='bbox 1013 4637 1261 4691; x_wconf 90' lang='lat' dir='ltr'><strong>fastidire</strong></span> <span class='ocrx_word' id='word_1_731' title='bbox 1290 4639 1463 4691; x_wconf 90' lang='lat' dir='ltr'><strong>veluti</strong></span> <span class='ocrx_word' id='word_1_732' title='bbox 1486 4650 1833 4701; x_wconf 89' lang='lat' dir='ltr'><strong>nauseantes,</strong></span> <span class='ocrx_word' id='word_1_733' title='bbox 1851 4640 1992 4693; x_wconf 80' lang='lat' dir='ltr'><strong>sicut</strong></span> <span class='ocrx_word' id='word_1_734' title='bbox 2008 4640 2101 4708; x_wconf 88' lang='lat' dir='ltr'><strong>qui</strong></span> <span class='ocrx_word' id='word_1_735' title='bbox 2122 4648 2335 4693; x_wconf 88' lang='lat' dir='ltr'><strong>vastum</strong></span> 
     </span>
    </p>
   </div>
   <div class='ocr_carea' id='block_1_93' title="bbox 773 4729 2339 4802">
    <p class='ocr_par' dir='ltr' id='par_1_93' title="bbox 773 4729 2339 4802">
     <span class='ocr_line' id='line_1_93' title="bbox 773 4729 2339 4802; baseline 0.004 -24"><span class='ocrx_word' id='word_1_736' title='bbox 773 4742 924 4779; x_wconf 92' lang='lat' dir='ltr'><strong>mare</strong></span> <span class='ocrx_word' id='word_1_737' title='bbox 964 4729 1313 4796; x_wconf 83' lang='lat' dir='ltr'><strong>navigarunt,</strong></span> <span class='ocrx_word' id='word_1_738' title='bbox 1344 4740 1398 4783; x_wconf 92' lang='lat' dir='ltr'><strong>et</strong></span> <span class='ocrx_word' id='word_1_739' title='bbox 1421 4730 1487 4783; x_wconf 93' lang='lat' dir='ltr'><strong>ad</strong></span> <span class='ocrx_word' id='word_1_740' title='bbox 1515 4731 1689 4783; x_wconf 89' lang='lat' dir='ltr'><strong>solum</strong></span> <span class='ocrx_word' id='word_1_741' title='bbox 1712 4742 1994 4799; x_wconf 84' lang='lat' dir='ltr'><strong>aspectum</strong></span> <span class='ocrx_word' id='word_1_742' title='bbox 2030 4732 2206 4802; x_wconf 86' lang='lat' dir='ltr'><strong>magni</strong></span> <span class='ocrx_word' id='word_1_743' title='bbox 2240 4749 2339 4785; x_wconf 87' lang='lat' dir='ltr'><strong>vo—</strong></span> 
     </span>
    </p>
   </div>
   <div class='ocr_carea' id='block_1_94' title="bbox 773 4817 2341 4891">
    <p class='ocr_par' dir='ltr' id='par_1_94' title="bbox 773 4817 2341 4891">
     <span class='ocr_line' id='line_1_94' title="bbox 773 4817 2341 4891; baseline 0.004 -20"><span class='ocrx_word' id='word_1_744' title='bbox 773 4817 999 4872; x_wconf 91' lang='lat' dir='ltr'><strong>luminis</strong></span> <span class='ocrx_word' id='word_1_745' title='bbox 1024 4819 1404 4888; x_wconf 87' lang='lat' dir='ltr'><strong>desperantes;</strong></span> <span class='ocrx_word' id='word_1_746' title='bbox 1434 4831 1659 4891; x_wconf 90' lang='lat' dir='ltr'><strong>propter</strong></span> <span class='ocrx_word' id='word_1_747' title='bbox 1693 4822 1793 4876; x_wconf 91' lang='lat' dir='ltr'><strong>hos</strong></span> <span class='ocrx_word' id='word_1_748' title='bbox 1831 4824 2029 4877; x_wconf 90' lang='lat' dir='ltr'><strong>melius</strong></span> <span class='ocrx_word' id='word_1_749' title='bbox 2046 4840 2166 4877; x_wconf 88' lang='lat' dir='ltr'><strong>esse</strong></span> <span class='ocrx_word' id='word_1_750' title='bbox 2188 4823 2341 4878; x_wconf 83' lang='lat' dir='ltr'><strong>arbi-</strong></span> 
     </span>
    </p>
   </div>
   <div class='ocr_carea' id='block_1_95' title="bbox 774 4912 2339 4977">
    <p class='ocr_par' dir='ltr' id='par_1_95' title="bbox 774 4912 2339 4977">
     <span class='ocr_line' id='line_1_95' title="bbox 774 4912 2339 4977; baseline 0.003 -14"><span class='ocrx_word' id='word_1_751' title='bbox 774 4919 952 4964; x_wconf 85' lang='lat' dir='ltr'><strong>tratus</strong></span> <span class='ocrx_word' id='word_1_752' title='bbox 976 4926 1119 4975; x_wconf 91' lang='lat' dir='ltr'><strong>sum,</strong></span> <span class='ocrx_word' id='word_1_753' title='bbox 1150 4912 1394 4966; x_wconf 85' lang='lat' dir='ltr'><strong>breviter</strong></span> <span class='ocrx_word' id='word_1_754' title='bbox 1418 4914 1663 4967; x_wconf 85' lang='lat' dir='ltr'><strong>scribere</strong></span> <span class='ocrx_word' id='word_1_755' title='bbox 1681 4954 1695 4977; x_wconf 93' lang='lat'><strong>,</strong></span> <span class='ocrx_word' id='word_1_756' title='bbox 1724 4924 1780 4968; x_wconf 91' lang='lat' dir='ltr'><strong>et</strong></span> <span class='ocrx_word' id='word_1_757' title='bbox 1802 4913 2109 4969; x_wconf 89' lang='lat' dir='ltr'><strong>satietatem</strong></span> <span class='ocrx_word' id='word_1_758' title='bbox 2133 4915 2339 4969; x_wconf 85' lang='lat' dir='ltr'><strong>oratio-</strong></span> 
     </span>
    </p>
   </div>
   <div class='ocr_carea' id='block_1_96' title="bbox 770 5000 2336 5075">
    <p class='ocr_par' dir='ltr' id='par_1_96' title="bbox 770 5000 2336 5075">
     <span class='ocr_line' id='line_1_96' title="bbox 770 5000 2336 5075; baseline 0.004 -22"><span class='ocrx_word' id='word_1_759' title='bbox 770 5000 863 5053; x_wconf 89' lang='lat' dir='ltr'><strong>nis</strong></span> <span class='ocrx_word' id='word_1_760' title='bbox 895 5003 1082 5070; x_wconf 89' lang='lat' dir='ltr'><strong>lugere</strong></span> <span class='ocrx_word' id='word_1_761' title='bbox 1102 5042 1117 5065; x_wconf 91' lang='lat'><strong>,</strong></span> <span class='ocrx_word' id='word_1_762' title='bbox 1145 5014 1201 5057; x_wconf 92' lang='lat' dir='ltr'><strong>et</strong></span> <span class='ocrx_word' id='word_1_763' title='bbox 1226 5018 1324 5071; x_wconf 89' lang='lat' dir='ltr'><strong>per</strong></span> <span class='ocrx_word' id='word_1_764' title='bbox 1361 5012 1413 5057; x_wconf 92' lang='lat' dir='ltr'><strong>te</strong></span> <span class='ocrx_word' id='word_1_765' title='bbox 1453 5004 1715 5058; x_wconf 89' lang='lat' dir='ltr'><strong>omnibus</strong></span> <span class='ocrx_word' id='word_1_766' title='bbox 1746 5021 2053 5075; x_wconf 90' lang='lat' dir='ltr'><strong>proponere</strong></span> <span class='ocrx_word' id='word_1_767' title='bbox 2090 5006 2336 5060; x_wconf 79' lang='lat' dir='ltr'><strong>limatum</strong></span> 
     </span>
    </p>
   </div>
   <div class='ocr_carea' id='block_1_97' title="bbox 766 5094 2338 5166">
    <p class='ocr_par' dir='ltr' id='par_1_97' title="bbox 766 5094 2338 5166">
     <span class='ocr_line' id='line_1_97' title="bbox 766 5094 2338 5166; baseline 0.004 -21"><span class='ocrx_word' id='word_1_768' title='bbox 766 5094 1087 5163; x_wconf 85' lang='lat' dir='ltr'><strong>dogmatutn</strong></span> <span class='ocrx_word' id='word_1_769' title='bbox 1111 5097 1529 5164; x_wconf 87' lang='lat' dir='ltr'><strong>expositionem.</strong></span> <span class='ocrx_word' id='word_1_770' title='bbox 1552 5114 1672 5166; x_wconf 82' lang='lat' dir='ltr'><strong>qua:</strong></span> <span class='ocrx_word' id='word_1_771' title='bbox 1699 5098 1828 5151; x_wconf 88' lang='lat' dir='ltr'><strong>satis</strong></span> <span class='ocrx_word' id='word_1_772' title='bbox 1848 5100 1919 5152; x_wconf 92' lang='lat' dir='ltr'><strong>sit</strong></span> <span class='ocrx_word' id='word_1_773' title='bbox 1942 5098 2008 5152; x_wconf 88' lang='lat' dir='ltr'><strong>ad</strong></span> <span class='ocrx_word' id='word_1_774' title='bbox 2028 5099 2338 5153; x_wconf 89' lang='lat' dir='ltr'><strong>docendum</strong></span> 
     </span>
    </p>
   </div>
   <div class='ocr_carea' id='block_1_98' title="bbox 768 5186 2334 5258">
    <p class='ocr_par' dir='ltr' id='par_1_98' title="bbox 768 5186 2334 5258">
     <span class='ocr_line' id='line_1_98' title="bbox 768 5186 2334 5258; baseline 0.004 -21"><span class='ocrx_word' id='word_1_775' title='bbox 768 5200 871 5238; x_wconf 76' lang='lat' dir='ltr'><strong>eos</strong></span> <span class='ocrx_word' id='word_1_776' title='bbox 898 5186 993 5253; x_wconf 90' lang='lat' dir='ltr'><strong>qui</strong></span> <span class='ocrx_word' id='word_1_777' title='bbox 1026 5202 1089 5239; x_wconf 87' lang='lat' dir='ltr'><strong>ea</strong></span> <span class='ocrx_word' id='word_1_778' title='bbox 1123 5195 1369 5253; x_wconf 91' lang='lat' dir='ltr'><strong>utantur,</strong></span> <span class='ocrx_word' id='word_1_779' title='bbox 1400 5205 1521 5257; x_wconf 84' lang='lat' dir='ltr'><strong>qu:e</strong></span> <span class='ocrx_word' id='word_1_780' title='bbox 1548 5189 1755 5243; x_wconf 87' lang='lat' dir='ltr'><strong>sentire</strong></span> <span class='ocrx_word' id='word_1_781' title='bbox 1787 5190 1852 5243; x_wconf 91' lang='lat' dir='ltr'><strong>dc</strong></span> <span class='ocrx_word' id='word_1_782' title='bbox 1885 5190 1950 5244; x_wconf 93' lang='lat' dir='ltr'><strong>iis</strong></span> <span class='ocrx_word' id='word_1_783' title='bbox 1979 5206 2100 5258; x_wconf 79' lang='lat' dir='ltr'><strong>qua:</strong></span> <span class='ocrx_word' id='word_1_784' title='bbox 2138 5191 2334 5244; x_wconf 88' lang='lat' dir='ltr'><strong>dicun-</strong></span> 
     </span>
    </p>
   </div>
   <div class='ocr_carea' id='block_1_99' title="bbox 772 5281 2337 5349">
    <p class='ocr_par' dir='ltr' id='par_1_99' title="bbox 772 5281 2337 5349">
     <span class='ocr_line' id='line_1_99' title="bbox 772 5281 2337 5349; baseline 0.003 -21"><span class='ocrx_word' id='word_1_785' title='bbox 772 5286 890 5337; x_wconf 70' lang='lat' dir='ltr'><strong>tur,</strong></span> <span class='ocrx_word' id='word_1_786' title='bbox 914 5285 970 5331; x_wconf 89' lang='lat' dir='ltr'><strong>et</strong></span> <span class='ocrx_word' id='word_1_787' title='bbox 1000 5294 1123 5345; x_wconf 81' lang='lat' dir='ltr'><strong>qua:</strong></span> <span class='ocrx_word' id='word_1_788' title='bbox 1153 5295 1345 5332; x_wconf 88' lang='lat' dir='ltr'><strong>cavere</strong></span> <span class='ocrx_word' id='word_1_789' title='bbox 1373 5289 1625 5349; x_wconf 83' lang='lat' dir='ltr'><strong>Oporteat</strong></span> <span class='ocrx_word' id='word_1_790' title='bbox 1651 5298 1664 5332; x_wconf 92' lang='lat'><strong>:</strong></span> <span class='ocrx_word' id='word_1_791' title='bbox 1699 5281 1957 5349; x_wconf 90' lang='lat' dir='ltr'><strong>procedet</strong></span> <span class='ocrx_word' id='word_1_792' title='bbox 1986 5290 2169 5334; x_wconf 88' lang='lat' dir='ltr'><strong>autetn</strong></span> <span class='ocrx_word' id='word_1_793' title='bbox 2213 5296 2337 5334; x_wconf 84' lang='lat' dir='ltr'><strong>ora-</strong></span> 
     </span>
    </p>
   </div>
   <div class='ocr_carea' id='block_1_100' title="bbox 772 5367 2339 5442">
    <p class='ocr_par' dir='ltr' id='par_1_100' title="bbox 772 5367 2339 5442">
     <span class='ocr_line' id='line_1_100' title="bbox 772 5367 2339 5442; baseline 0.004 -24"><span class='ocrx_word' id='word_1_794' title='bbox 772 5367 858 5419; x_wconf 78' lang='lat' dir='ltr'><strong>tio</strong></span> <span class='ocrx_word' id='word_1_795' title='bbox 882 5370 1025 5423; x_wconf 84' lang='lat' dir='ltr'><strong>serie</strong></span> <span class='ocrx_word' id='word_1_796' title='bbox 1052 5380 1106 5424; x_wconf 89' lang='lat' dir='ltr'><strong>ct</strong></span> <span class='ocrx_word' id='word_1_797' title='bbox 1132 5369 1327 5424; x_wconf 89' lang='lat' dir='ltr'><strong>ordine</strong></span> <span class='ocrx_word' id='word_1_798' title='bbox 1351 5414 1365 5437; x_wconf 94' lang='lat'><strong>,</strong></span> <span class='ocrx_word' id='word_1_799' title='bbox 1394 5382 1662 5441; x_wconf 90' lang='lat' dir='ltr'><strong>quantum</strong></span> <span class='ocrx_word' id='word_1_800' title='bbox 1702 5372 1964 5442; x_wconf 90' lang='lat' dir='ltr'><strong>consequi</strong></span> <span class='ocrx_word' id='word_1_801' title='bbox 2010 5381 2222 5441; x_wconf 90' lang='lat' dir='ltr'><strong>potero,</strong></span> <span class='ocrx_word' id='word_1_802' title='bbox 2271 5372 2339 5424; x_wconf 89' lang='lat' dir='ltr'><strong>ab</strong></span> 
     </span>
    </p>
   </div>
   <div class='ocr_carea' id='block_1_101' title="bbox 771 5462 2343 5535">
    <p class='ocr_par' dir='ltr' id='par_1_101' title="bbox 771 5462 2343 5535">
     <span class='ocr_line' id='line_1_101' title="bbox 771 5462 2343 5535; baseline 0.001 -20"><span class='ocrx_word' id='word_1_803' title='bbox 771 5462 1071 5515; x_wconf 73' lang='lat' dir='ltr'><strong>altioribus</strong></span> <span class='ocrx_word' id='word_1_804' title='bbox 1086 5478 1141 5517; x_wconf 88' lang='lat' dir='ltr'><strong>et</strong></span> <span class='ocrx_word' id='word_1_805' title='bbox 1170 5482 1290 5533; x_wconf 77' lang='lat' dir='ltr'><strong>qua:</strong></span> <span class='ocrx_word' id='word_1_806' title='bbox 1317 5481 1479 5535; x_wconf 88' lang='lat' dir='ltr'><strong>supra</strong></span> <span class='ocrx_word' id='word_1_807' title='bbox 1504 5482 1603 5519; x_wconf 90' lang='lat' dir='ltr'><strong>nos</strong></span> <span class='ocrx_word' id='word_1_808' title='bbox 1618 5477 1745 5520; x_wconf 90' lang='lat' dir='ltr'><strong>sunt</strong></span> <span class='ocrx_word' id='word_1_809' title='bbox 1764 5482 1979 5530; x_wconf 72' lang='lat' dir='ltr'><strong>exorsa,</strong></span> <span class='ocrx_word' id='word_1_810' title='bbox 2003 5476 2056 5519; x_wconf 93' lang='lat' dir='ltr'><strong>et</strong></span> <span class='ocrx_word' id='word_1_811' title='bbox 2085 5464 2343 5518; x_wconf 85' lang='lat' dir='ltr'><strong>desinens</strong></span> 
     </span>
    </p>
   </div>
   <div class='ocr_carea' id='block_1_102' title="bbox 850 5583 2004 5647">
    <p class='ocr_par' dir='ltr' id='par_1_102' title="bbox 850 5583 2004 5647">
     <span class='ocr_line' id='line_1_102' title="bbox 850 5583 2004 5647; baseline 0 -11"><span class='ocrx_word' id='word_1_812' title='bbox 850 5585 869 5613; x_wconf 87' lang='lat'><strong>&#39;</strong></span> <span class='ocrx_word' id='word_1_813' title='bbox 921 5583 1064 5637; x_wconf 75' lang='lat' dir='ltr'><strong>l‘sal.</strong></span> <span class='ocrx_word' id='word_1_814' title='bbox 1108 5599 1283 5647; x_wconf 76' lang='lat' dir='ltr'><strong>xxxix,</strong></span> <span class='ocrx_word' id='word_1_815' title='bbox 1340 5586 1422 5637; x_wconf 85' lang='lat' dir='ltr'><strong>ll.</strong></span> <span class='ocrx_word' id='word_1_816' title='bbox 1500 5585 1680 5639; x_wconf 71' lang='lat' dir='ltr'><strong>“l’sal.</strong></span> <span class='ocrx_word' id='word_1_817' title='bbox 1722 5583 2004 5647; x_wconf 74' lang='lat' dir='ltr'><strong>cxvlu,l8.</strong></span> 
     </span>
    </p>
   </div>
   <div class='ocr_carea' id='block_1_103' title="bbox 2074 5582 2480 5641">
    <p class='ocr_par' dir='ltr' id='par_1_103' title="bbox 2074 5582 2480 5641">
     <span class='ocr_line' id='line_1_103' title="bbox 2074 5582 2480 5641; baseline -0.007 -5"><span class='ocrx_word' id='word_1_818' title='bbox 2074 5584 2091 5611; x_wconf 78' lang='grc'><strong>⁷</strong></span> <span class='ocrx_word' id='word_1_819' title='bbox 2118 5582 2248 5635; x_wconf 87' lang='lat' dir='ltr'><strong>Luc.</strong></span> <span class='ocrx_word' id='word_1_820' title='bbox 2284 5598 2374 5641; x_wconf 77' lang='lat' dir='ltr'><strong>xu,</strong></span> <span class='ocrx_word' id='word_1_821' title='bbox 2395 5582 2480 5634; x_wconf 66' lang='lat'><strong>4‘3.</strong></span> 
     </span>
    </p>
   </div>
   <div class='ocr_carea' id='block_1_104' title="bbox 2442 4545 4006 4615">
    <p class='ocr_par' dir='ltr' id='par_1_104' title="bbox 2442 4545 4006 4615">
     <span class='ocr_line' id='line_1_104' title="bbox 2442 4545 4006 4615; baseline -0.002 -12"><span class='ocrx_word' id='word_1_822' title='bbox 2442 4551 2534 4603; x_wconf 91' lang='lat' dir='ltr'><strong>tia.</strong></span> <span class='ocrx_word' id='word_1_823' title='bbox 2567 4549 2691 4607; x_wconf 86' lang='lat' dir='ltr'><strong>Sola</strong></span> <span class='ocrx_word' id='word_1_824' title='bbox 2723 4558 2918 4601; x_wconf 89' lang='lat' dir='ltr'><strong>natura</strong></span> <span class='ocrx_word' id='word_1_825' title='bbox 2952 4546 3275 4615; x_wconf 77' lang='grc' dir='ltr'><strong>μεθεκτικὴ,</strong></span> <span class='ocrx_word' id='word_1_826' title='bbox 3320 4545 3373 4599; x_wconf 89' lang='lat' dir='ltr'><strong>id</strong></span> <span class='ocrx_word' id='word_1_827' title='bbox 3402 4556 3487 4600; x_wconf 89' lang='lat' dir='ltr'><strong>est</strong></span> <span class='ocrx_word' id='word_1_828' title='bbox 3511 4585 3526 4609; x_wconf 89' lang='lat'><strong>,</strong></span> <span class='ocrx_word' id='word_1_829' title='bbox 3559 4546 4006 4609; x_wconf 85' lang='lat' dir='ltr'><strong>communicans,</strong></span> 
     </span>
    </p>
   </div>
   <div class='ocr_carea' id='block_1_105' title="bbox 2440 4636 4009 4710">
    <p class='ocr_par' dir='ltr' id='par_1_105' title="bbox 2440 4636 4009 4710">
     <span class='ocr_line' id='line_1_105' title="bbox 2440 4636 4009 4710; baseline -0.001 -17"><span class='ocrx_word' id='word_1_830' title='bbox 2440 4657 2537 4710; x_wconf 81' lang='lat' dir='ltr'><strong>per</strong></span> <span class='ocrx_word' id='word_1_831' title='bbox 2567 4640 2753 4693; x_wconf 90' lang='lat' dir='ltr'><strong>omnia</strong></span> <span class='ocrx_word' id='word_1_832' title='bbox 2784 4654 2976 4691; x_wconf 88' lang='lat' dir='ltr'><strong>means</strong></span> <span class='ocrx_word' id='word_1_833' title='bbox 3001 4679 3018 4701; x_wconf 89' lang='lat'><strong>,</strong></span> <span class='ocrx_word' id='word_1_834' title='bbox 3065 4636 3270 4689; x_wconf 92' lang='lat' dir='ltr'><strong>nullius</strong></span> <span class='ocrx_word' id='word_1_835' title='bbox 3296 4636 3588 4703; x_wconf 85' lang='lat' dir='ltr'><strong>complexu</strong></span> <span class='ocrx_word' id='word_1_836' title='bbox 3620 4645 3884 4691; x_wconf 88' lang='lat' dir='ltr'><strong>contenta</strong></span> <span class='ocrx_word' id='word_1_837' title='bbox 3914 4654 3929 4690; x_wconf 92' lang='lat'><strong>:</strong></span> <span class='ocrx_word' id='word_1_838' title='bbox 3955 4648 4009 4691; x_wconf 91' lang='lat' dir='ltr'><strong>et</strong></span> 
     </span>
    </p>
   </div>
   <div class='ocr_carea' id='block_1_106' title="bbox 2439 4726 4005 4799">
    <p class='ocr_par' dir='ltr' id='par_1_106' title="bbox 2439 4726 4005 4799">
     <span class='ocr_line' id='line_1_106' title="bbox 2439 4726 4005 4799; baseline 0 -17"><span class='ocrx_word' id='word_1_839' title='bbox 2439 4730 2572 4799; x_wconf 81' lang='lat' dir='ltr'><strong>quid</strong></span> <span class='ocrx_word' id='word_1_840' title='bbox 2603 4730 2749 4783; x_wconf 88' lang='lat' dir='ltr'><strong>ullus</strong></span> <span class='ocrx_word' id='word_1_841' title='bbox 2779 4736 2958 4797; x_wconf 87' lang='lat' dir='ltr'><strong>potest</strong></span> <span class='ocrx_word' id='word_1_842' title='bbox 2981 4727 3167 4780; x_wconf 91' lang='lat' dir='ltr'><strong>dicere</strong></span> <span class='ocrx_word' id='word_1_843' title='bbox 3196 4726 3263 4779; x_wconf 94' lang='lat' dir='ltr'><strong>dc</strong></span> <span class='ocrx_word' id='word_1_844' title='bbox 3292 4726 3561 4779; x_wconf 79' lang='lat' dir='ltr'><strong>ineﬂabili</strong></span> <span class='ocrx_word' id='word_1_845' title='bbox 3584 4726 3800 4781; x_wconf 83' lang='lat' dir='ltr'><strong>inﬁnita</strong></span> <span class='ocrx_word' id='word_1_846' title='bbox 3821 4727 4005 4782; x_wconf 87' lang='lat' dir='ltr'><strong>dicere</strong></span> 
     </span>
    </p>
   </div>
   <div class='ocr_carea' id='block_1_107' title="bbox 2442 4815 3997 4885">
    <p class='ocr_par' dir='ltr' id='par_1_107' title="bbox 2442 4815 3997 4885">
     <span class='ocr_line' id='line_1_107' title="bbox 2442 4815 3997 4885; baseline 0.001 -15"><span class='ocrx_word' id='word_1_847' title='bbox 2442 4819 2705 4874; x_wconf 88' lang='lat' dir='ltr'><strong>molitus?</strong></span> <span class='ocrx_word' id='word_1_848' title='bbox 2735 4818 2893 4884; x_wconf 88' lang='lat' dir='ltr'><strong>Quod</strong></span> <span class='ocrx_word' id='word_1_849' title='bbox 2922 4817 3069 4870; x_wconf 91' lang='lat' dir='ltr'><strong>enim</strong></span> <span class='ocrx_word' id='word_1_850' title='bbox 3099 4815 3350 4884; x_wconf 90' lang='lat' dir='ltr'><strong>expromi</strong></span> <span class='ocrx_word' id='word_1_851' title='bbox 3390 4831 3499 4869; x_wconf 90' lang='lat' dir='ltr'><strong>non</strong></span> <span class='ocrx_word' id='word_1_852' title='bbox 3544 4825 3745 4885; x_wconf 85' lang='lat' dir='ltr'><strong>potest,</strong></span> <span class='ocrx_word' id='word_1_853' title='bbox 3774 4834 3888 4871; x_wconf 93' lang='lat' dir='ltr'><strong>non</strong></span> <span class='ocrx_word' id='word_1_854' title='bbox 3914 4834 3997 4872; x_wconf 32' lang='lat' dir='ltr'><strong>ex.</strong></span> 
     </span>
    </p>
   </div>
   <div class='ocr_carea' id='block_1_108' title="bbox 2442 4906 4005 4978">
    <p class='ocr_par' dir='ltr' id='par_1_108' title="bbox 2442 4906 4005 4978">
     <span class='ocr_line' id='line_1_108' title="bbox 2442 4906 4005 4978; baseline 0 -16"><span class='ocrx_word' id='word_1_855' title='bbox 2442 4910 2772 4978; x_wconf 85' lang='lat' dir='ltr'><strong>plicabitur;</strong></span> <span class='ocrx_word' id='word_1_856' title='bbox 2804 4917 2861 4962; x_wconf 92' lang='lat' dir='ltr'><strong>et</strong></span> <span class='ocrx_word' id='word_1_857' title='bbox 2914 4906 3060 4976; x_wconf 90' lang='lat' dir='ltr'><strong>quod</strong></span> <span class='ocrx_word' id='word_1_858' title='bbox 3110 4916 3197 4960; x_wconf 87' lang='lat' dir='ltr'><strong>est</strong></span> <span class='ocrx_word' id='word_1_859' title='bbox 3242 4921 3411 4976; x_wconf 90' lang='lat' dir='ltr'><strong>supra</strong></span> <span class='ocrx_word' id='word_1_860' title='bbox 3465 4920 3686 4959; x_wconf 87' lang='lat' dir='ltr'><strong>omnem</strong></span> <span class='ocrx_word' id='word_1_861' title='bbox 3739 4918 4005 4969; x_wconf 84' lang='lat' dir='ltr'><strong>mentem,</strong></span> 
     </span>
    </p>
   </div>
   <div class='ocr_carea' id='block_1_109' title="bbox 2442 4996 4006 5067">
    <p class='ocr_par' dir='ltr' id='par_1_109' title="bbox 2442 4996 4006 5067">
     <span class='ocr_line' id='line_1_109' title="bbox 2442 4996 4006 5067; baseline -0.003 -12"><span class='ocrx_word' id='word_1_862' title='bbox 2442 5003 2590 5055; x_wconf 90' lang='lat' dir='ltr'><strong>nulla</strong></span> <span class='ocrx_word' id='word_1_863' title='bbox 2611 5016 2765 5053; x_wconf 86' lang='lat' dir='ltr'><strong>mens</strong></span> <span class='ocrx_word' id='word_1_864' title='bbox 2793 4998 3247 5067; x_wconf 88' lang='lat' dir='ltr'><strong>comprehendet,</strong></span> <span class='ocrx_word' id='word_1_865' title='bbox 3278 4997 3530 5066; x_wconf 87' lang='lat' dir='ltr'><strong>quamvis</strong></span> <span class='ocrx_word' id='word_1_866' title='bbox 3556 4996 3627 5050; x_wconf 86' lang='lat' dir='ltr'><strong>sit</strong></span> <span class='ocrx_word' id='word_1_867' title='bbox 3647 4996 4006 5052; x_wconf 87' lang='lat' dir='ltr'><strong>subtilissima</strong></span> 
     </span>
    </p>
   </div>
   <div class='ocr_carea' id='block_1_110' title="bbox 2440 5088 4007 5160">
    <p class='ocr_par' dir='ltr' id='par_1_110' title="bbox 2440 5088 4007 5160">
     <span class='ocr_line' id='line_1_110' title="bbox 2440 5088 4007 5160; baseline -0.003 -15"><span class='ocrx_word' id='word_1_868' title='bbox 2440 5091 2507 5145; x_wconf 89' lang='lat' dir='ltr'><strong>ad</strong></span> <span class='ocrx_word' id='word_1_869' title='bbox 2533 5090 2954 5160; x_wconf 90' lang='lat' dir='ltr'><strong>penetrandum,</strong></span> <span class='ocrx_word' id='word_1_870' title='bbox 2983 5096 3039 5142; x_wconf 91' lang='lat' dir='ltr'><strong>et</strong></span> <span class='ocrx_word' id='word_1_871' title='bbox 3064 5088 3378 5142; x_wconf 89' lang='lat' dir='ltr'><strong>acutissima</strong></span> <span class='ocrx_word' id='word_1_872' title='bbox 3399 5088 3465 5141; x_wconf 86' lang='lat' dir='ltr'><strong>ad</strong></span> <span class='ocrx_word' id='word_1_873' title='bbox 3488 5088 4007 5157; x_wconf 85' lang='lat' dir='ltr'><strong>contemplandum:</strong></span> 
     </span>
    </p>
   </div>
   <div class='ocr_carea' id='block_1_111' title="bbox 2444 5180 4007 5251">
    <p class='ocr_par' dir='ltr' id='par_1_111' title="bbox 2444 5180 4007 5251">
     <span class='ocr_line' id='line_1_111' title="bbox 2444 5180 4007 5251; baseline -0.001 -14"><span class='ocrx_word' id='word_1_874' title='bbox 2444 5198 2607 5237; x_wconf 88' lang='lat' dir='ltr'><strong>nemo</strong></span> <span class='ocrx_word' id='word_1_875' title='bbox 2640 5182 2806 5251; x_wconf 86' lang='lat' dir='ltr'><strong>igitur</strong></span> <span class='ocrx_word' id='word_1_876' title='bbox 2839 5188 2996 5250; x_wconf 90' lang='lat' dir='ltr'><strong>putet</strong></span> <span class='ocrx_word' id='word_1_877' title='bbox 3020 5196 3080 5234; x_wconf 84' lang='lat' dir='ltr'><strong>se</strong></span> <span class='ocrx_word' id='word_1_878' title='bbox 3110 5180 3643 5248; x_wconf 84' lang='lat' dir='ltr'><strong>comprehensurum</strong></span> <span class='ocrx_word' id='word_1_879' title='bbox 3674 5180 3825 5249; x_wconf 89' lang='lat' dir='ltr'><strong>quod</strong></span> <span class='ocrx_word' id='word_1_880' title='bbox 3860 5197 4007 5235; x_wconf 88' lang='lat' dir='ltr'><strong>com-</strong></span> 
     </span>
    </p>
   </div>
   <div class='ocr_carea' id='block_1_112' title="bbox 2445 5272 4011 5347">
    <p class='ocr_par' dir='ltr' id='par_1_112' title="bbox 2445 5272 4011 5347">
     <span class='ocr_line' id='line_1_112' title="bbox 2445 5272 4011 5347; baseline -0.003 -17"><span class='ocrx_word' id='word_1_881' title='bbox 2445 5276 2712 5347; x_wconf 91' lang='lat' dir='ltr'><strong>prehendi</strong></span> <span class='ocrx_word' id='word_1_882' title='bbox 2752 5292 2860 5328; x_wconf 91' lang='lat' dir='ltr'><strong>non</strong></span> <span class='ocrx_word' id='word_1_883' title='bbox 2893 5282 3091 5344; x_wconf 85' lang='lat' dir='ltr'><strong>potest,</strong></span> <span class='ocrx_word' id='word_1_884' title='bbox 3126 5288 3228 5327; x_wconf 89' lang='lat' dir='ltr'><strong>nec</strong></span> <span class='ocrx_word' id='word_1_885' title='bbox 3267 5281 3617 5342; x_wconf 89' lang='lat' dir='ltr'><strong>reperturum</strong></span> <span class='ocrx_word' id='word_1_886' title='bbox 3665 5272 3820 5342; x_wconf 89' lang='lat' dir='ltr'><strong>quod</strong></span> <span class='ocrx_word' id='word_1_887' title='bbox 3858 5289 4011 5343; x_wconf 86' lang='lat' dir='ltr'><strong>repe-</strong></span> 
     </span>
    </p>
   </div>
   <div class='ocr_carea' id='block_1_113' title="bbox 2448 5363 4010 5437">
    <p class='ocr_par' dir='ltr' id='par_1_113' title="bbox 2448 5363 4010 5437">
     <span class='ocr_line' id='line_1_113' title="bbox 2448 5363 4010 5437; baseline -0.003 -15"><span class='ocrx_word' id='word_1_888' title='bbox 2448 5370 2543 5423; x_wconf 91' lang='lat' dir='ltr'><strong>riri</strong></span> <span class='ocrx_word' id='word_1_889' title='bbox 2581 5385 2688 5422; x_wconf 92' lang='lat' dir='ltr'><strong>non</strong></span> <span class='ocrx_word' id='word_1_890' title='bbox 2721 5376 2925 5437; x_wconf 88' lang='lat' dir='ltr'><strong>potest.</strong></span> <span class='ocrx_word' id='word_1_891' title='bbox 2984 5366 3208 5419; x_wconf 84' lang='lat' dir='ltr'><strong>Frustra</strong></span> <span class='ocrx_word' id='word_1_892' title='bbox 3254 5363 3382 5433; x_wconf 89' lang='lat' dir='ltr'><strong>quia</strong></span> <span class='ocrx_word' id='word_1_893' title='bbox 3430 5372 3818 5433; x_wconf 86' lang='lat' dir='ltr'><strong>persequetur,</strong></span> <span class='ocrx_word' id='word_1_894' title='bbox 3868 5364 4010 5433; x_wconf 86' lang='lat' dir='ltr'><strong>quod</strong></span> 
     </span>
    </p>
   </div>
   <div class='ocr_carea' id='block_1_114' title="bbox 2448 5456 4011 5532">
    <p class='ocr_par' dir='ltr' id='par_1_114' title="bbox 2448 5456 4011 5532">
     <span class='ocr_line' id='line_1_114' title="bbox 2448 5456 4011 5532; baseline -0.005 -15"><span class='ocrx_word' id='word_1_895' title='bbox 2448 5461 2666 5532; x_wconf 86' lang='lat' dir='ltr'><strong>assequi</strong></span> <span class='ocrx_word' id='word_1_896' title='bbox 2697 5478 2806 5514; x_wconf 91' lang='lat' dir='ltr'><strong>non</strong></span> <span class='ocrx_word' id='word_1_897' title='bbox 2834 5458 3059 5530; x_wconf 90' lang='lat' dir='ltr'><strong>poterit.</strong></span> <span class='ocrx_word' id='word_1_898' title='bbox 3091 5458 3222 5511; x_wconf 70' lang='lat' dir='ltr'><strong>l‘ost</strong></span> <span class='ocrx_word' id='word_1_899' title='bbox 3261 5456 3501 5510; x_wconf 81' lang='lat' dir='ltr'><strong>infinitas</strong></span> <span class='ocrx_word' id='word_1_900' title='bbox 3520 5471 3648 5527; x_wconf 81' lang='lat' dir='ltr'><strong>ergo</strong></span> <span class='ocrx_word' id='word_1_901' title='bbox 3674 5457 4011 5527; x_wconf 74' lang='lat' dir='ltr'><strong>excogitatas</strong></span> 
     </span>
    </p>
   </div>
   <div class='ocr_carea' id='block_1_115' title="bbox 2559 5571 3422 5649">
    <p class='ocr_par' dir='ltr' id='par_1_115' title="bbox 2559 5571 3422 5649">
     <span class='ocr_line' id='line_1_115' title="bbox 2559 5571 3422 5649; baseline -0.012 -15"><span class='ocrx_word' id='word_1_902' title='bbox 2559 5581 2580 5610; x_wconf 82' lang='lat'>&#39;</span> <span class='ocrx_word' id='word_1_903' title='bbox 2608 5580 2775 5649; x_wconf 82' lang='lat' dir='ltr'><strong>Apoc.</strong></span> <span class='ocrx_word' id='word_1_904' title='bbox 2797 5594 2833 5641; x_wconf 87' lang='grc' dir='ltr'><strong>ι,</strong></span> <span class='ocrx_word' id='word_1_905' title='bbox 2863 5578 2914 5629; x_wconf 84' lang='grc'><strong>8.</strong></span> <span class='ocrx_word' id='word_1_906' title='bbox 2992 5576 3012 5606; x_wconf 82' lang='grc'>⁹</span> <span class='ocrx_word' id='word_1_907' title='bbox 3043 5575 3197 5628; x_wconf 84' lang='lat' dir='ltr'><strong>llom.</strong></span> <span class='ocrx_word' id='word_1_908' title='bbox 3229 5588 3302 5637; x_wconf 86' lang='lat' dir='ltr'><strong>tv,</strong></span> <span class='ocrx_word' id='word_1_909' title='bbox 3343 5571 3422 5625; x_wconf 89' lang='lat' dir='ltr'><strong>l7.</strong></span> 
     </span>
    </p>
   </div>
   <div class='ocr_carea' id='block_1_116' title="bbox 2082 5694 2744 5755">
    <p class='ocr_par' dir='ltr' id='par_1_116' title="bbox 2082 5694 2744 5755">
     <span class='ocr_line' id='line_1_116' title="bbox 2082 5694 2744 5755; baseline -0.003 -6"><span class='ocrx_word' id='word_1_910' title='bbox 2082 5698 2313 5755; x_wconf 64' lang='lat' dir='ltr'><strong>VARIJ&#39;S</strong></span> <span class='ocrx_word' id='word_1_911' title='bbox 2348 5694 2744 5752; x_wconf 63' lang='lat' dir='ltr'><strong>LI-ICTIUNES.</strong></span> 
     </span>
    </p>
   </div>
   <div class='ocr_carea' id='block_1_117' title="bbox 861 5770 1422 5835">
    <p class='ocr_par' dir='ltr' id='par_1_117' title="bbox 861 5770 1422 5835">
     <span class='ocr_line' id='line_1_117' title="bbox 861 5770 1422 5835; baseline 0.004 -13"><span class='ocrx_word' id='word_1_912' title='bbox 861 5784 881 5808; x_wconf 64' lang='grc' dir='ltr'><strong><em>ἀ</em></strong></span> <span class='ocrx_word' id='word_1_913' title='bbox 926 5773 1060 5835; x_wconf 71' lang='lat' dir='ltr'><strong>Quia</strong></span> <span class='ocrx_word' id='word_1_914' title='bbox 1098 5770 1275 5831; x_wconf 74' lang='lat' dir='ltr'><strong>Forte,</strong></span> <span class='ocrx_word' id='word_1_915' title='bbox 1310 5772 1422 5834; x_wconf 71' lang='lat' dir='ltr'><strong>quia</strong></span> 
     </span>
    </p>
   </div>
  </div>
