4190 6438
197 390 339 454 1323

1203 393 1488 453 ORATIO
1531 394 1576 452 Ι.
1605 417 1673 426 -
1705 389 1801 449 DE
1844 391 1948 450 SS.
1991 392 2428 455 TRlNlT.\TE.

3333 407 3468 475 13H

186 519 248 559 et
300 509 632 562 adinventas
665 509 913 562 rationes
938 549 952 570 ,
1002 509 1180 561 solum
1216 507 1532 560 videbimur
1565 515 1782 561 ventos.
1814 505 1856 560 Α
1889 503 1958 556 Ει
1984 513 2104 557 erat
2131 506 2183 556 in
2210 506 2370 559 Patre.
2394 516 2449 558 et
2473 508 2616 575 apud
2653 509 2872 564 Patrem
2895 551 2909 573 ,
2933 527 3041 566 non
3067 514 3250 570 ferens
3271 533 3470 576 secun-

190 611 254 651 ut
285 600 340 652 in
375 601 680 656 Proverbio
706 603 932 663 dicitur,
959 601 1013 652 in
1037 601 1162 652 sinu
1193 601 1480 669 colligere,
1506 608 1562 651 et
1583 612 1785 666 aquam

191 687 248 740 in
287 689 459 756 pallio
495 707 691 759 cogere
723 698 780 742 et
811 690 1164 759 eonglobare.
1193 687 1250 742 Si
1283 689 1430 740 enim
1463 696 1706 740 extrema
1732 687 1786 740 in

184 783 477 835 creaturis
489 785 652 837 nobis
668 783 998 836 mortalibus
1023 781 1298 851 incognita
1321 790 1449 834 sunt
1473 781 1622 850 (quis
1635 780 1785 833 enim

183 874 554 927 altitudinem
586 876 708 930 cadi
744 891 970 928 mensus
997 875 1125 928 est?
1161 883 1256 927 aut
1283 874 1410 942 quis
1449 873 1784 942 profundum

184 966 365 1019 maris
390 968 850 1036 comprehendit?
867 966 1013 1020 aeris
1043 966 1269 1028 ﬂuxum,
1297 975 1586 1018 ventorum
1611 965 1787 1033 impe-

185 1069 305 1118 tus,
344 1069 510 1112 terrze
534 1060 887 1128 gravitatem,
919 1067 975 1110 et
997 1059 1207 1124 reliqua
1239 1056 1560 1109 substantiw
1589 1071 1787 1124 corpo-

184 1155 348 1218 re:e),
381 1153 426 1206 si
458 1154 594 1214 haec,
630 1152 878 1220 inquam,
913 1151 1174 1219 cognosci
1217 1165 1328 1203 non
1364 1160 1618 1218 possunt,
1647 1165 1786 1217 quo.

181 1245 361 1298 modo
409 1245 581 1313 ipsam
643 1257 898 1300 naturam
927 1261 1048 1315 qua:
1089 1241 1275 1294 omnia
1315 1242 1542 1293 creavit.
1585 1241 1786 1294 intelli-

184 1336 381 1402 gentia
416 1337 811 1403 comprehendi
845 1352 1007 1406 posse
1037 1331 1388 1394 existimare,
1426 1347 1532 1384 non
1567 1346 1781 1386 suunna

180 1424 478 1478 dementia
502 1435 584 1478 est
607 1426 631 1477 ?

261 1517 349 1570 Vl.
388 1517 695 1570 Taceamns
727 1516 893 1584 igitur
923 1531 1043 1577 nos,
1074 1525 1133 1570 ut
1159 1531 1388 1571 necesse
1415 1525 1501 1569 cst
1525 1557 1540 1578 ,
1576 1513 1781 1582 quibus

180 1620 378 1658 sermo
408 1621 518 1657 non
551 1605 815 1673 suppetit,
855 1615 912 1659 ct
941 1614 1096 1659 tonet
1122 1621 1315 1659 rursus
1361 1619 1601 1673 superne
1634 1601 1781 1656 lilius

184 1696 454 1758 tonitrui,
486 1711 516 1748 e
547 1695 764 1764 superis
796 1695 943 1748 unde
969 1695 1226 1749 eruditus
1263 1695 1388 1757 fuit,
1435 1694 1649 1749 cmlesti
1687 1710 1776 1747 sa-

179 1789 406 1856 pientia
432 1788 669 1856 loquens
699 1804 710 1840 :
741 1787 837 1841 det
865 1787 1158 1840 exordium
1191 1789 1482 1855 proposito
1509 1787 1774 1847 sermoni,

1888 594 2006 658 das,
2039 597 2156 649 sive
2189 599 2478 667 temporis,
2512 602 2629 654 sive
2659 603 2880 668 saeculi;
2917 614 2980 659 ut
3016 622 3124 660 non
3159 611 3347 680 aliquo
3385 617 3472 669 in-

1889 689 2191 756 terposito,
2231 708 2258 743 a
2301 690 2577 759 principio
2613 693 2668 745 in
2707 711 2817 763 quo
2853 705 3011 758 erat,
3049 711 3366 766 separetur.
3415 714 3474 759 et

1886 788 1985 842 per
2032 775 2326 829 absurdam
2375 779 2682 847 posituram
2727 782 3066 851 principium
3095 785 3278 854 capiat
3322 789 3469 846 istud

1887 884 1990 920 non
2022 878 2160 921 erat.
2190 868 2344 934 Quod
2366 871 2435 924 ab
2458 872 2568 924 alio
2597 874 2955 942 anticipatur,
2980 892 3089 930 non
3117 888 3301 946 potest
3322 897 3471 940 seni?

1886 961 2106 1028 piterne
2143 962 2199 1014 in
2260 963 2536 1034 principio
2585 966 2772 1031 cerni;
2834 984 3014 1039 neque
3069 971 3270 1041 recipit
3331 973 3470 1029 illud

1885 1062 2020 1106 erat.

1955 1145 2066 1196 \‘ll.
2106 1145 2200 1198 Sin
2233 1156 2418 1199 autem
2444 1157 2563 1200 erat
2593 1148 2646 1202 in
2685 1150 2966 1219 principio
2993 1153 3232 1206 Verbum
3255 1194 3268 1217 ,
3319 1164 3377 1210 et
3416 1155 3465 1211 si

1883 1236 2024 1303 apud
2051 1236 2220 1289 Deum
2249 1247 2336 1290 est
2357 1237 2623 1299 Verbum.
2657 1242 2869 1296 scilicet
2893 1242 3039 1312 apud
3069 1245 3286 1297 Patrem
3312 1263 3327 1310 ;
3354 1262 3463 1301 non

1885 1342 2181 1395 possumus
2214 1329 2580 1398 eontemplari
2616 1331 2789 1384 Deum
2813 1374 2827 1394 ,
2859 1333 2965 1387 nisi
2997 1336 3164 1388 simul
3212 1345 3464 1391 contem-

1882 1420 2100 1488 plemur
2129 1421 2372 1474 Verbum
2403 1423 2548 1490 apud
2575 1439 2701 1475 eum
2761 1423 2830 1477 Et
2877 1426 2921 1477 si
2953 1429 3133 1480 omnia
3165 1445 3258 1497 per
3292 1429 3466 1499 ipsum

1882 1512 2025 1581 facta
2050 1521 2196 1575 sunt,
2225 1522 2282 1566 et
2308 1514 2488 1581 ipsum
2529 1516 2744 1584 quando
2788 1531 2887 1584 per
2933 1533 3060 1570 eum
3093 1520 3297 1573 factum
3329 1530 3416 1576 est
3445 1537 3462 1586 ;

1880 1619 2010 1673 pars
2057 1606 2206 1657 enim
2257 1606 2525 1674 temporis
2572 1615 2656 1659 est
2700 1609 2934 1676 quando.
2970 1609 3037 1663 Et
3065 1613 3260 1665 smcula
3293 1613 3464 1683 igitur

1879 1708 1979 1761 per
2029 1709 2155 1747 eum
2215 1694 2356 1748 facta
2387 1705 2559 1749 sunt:
2606 1698 2887 1765 quomodo
2945 1699 3116 1768 igitur
3164 1702 3300 1756 illud
3355 1704 3462 1757 ali-

1879 1785 2114 1852 quando,
2149 1785 2434 1853 antiquius
2463 1795 2688 1840 auctore
2721 1789 3050 1844 saeculorum
3079 1806 3204 1846 esse
3235 1796 3464 1863 potest?

178 1891 238 1933 et
266 1883 342 1934 sit
377 1881 491 1933 dux
521 1881 684 1933 nobis
715 1881 769 1932 in
799 1880 902 1933 hac
938 1880 1024 1932 via
1052 1895 1177 1933 cum
1227 1879 1435 1948 Spiritu
1480 1878 1772 1947 principali
1811 1868 1848 1918 Β
1878 1877 2096 1929 Vanum
2127 1877 2297 1945 igitur
2321 1886 2406 1930 est
2427 1877 2615 1930 dicere
2637 1917 2651 1939 ,
2680 1878 2978 1948 aliquando
3017 1897 3128 1934 non
3161 1899 3281 1936 esse
3301 1923 3316 1946 ,
3362 1883 3460 1952 qui

179 1987 358 2041 quem
391 1970 776 2040 participavit,
812 1979 920 2023 eta
951 1985 1063 2037 quo
1090 1969 1280 2023 didicit
1317 1969 1371 2023 id
1407 1970 1474 2023 ad
1507 1968 1656 2037 quod
1694 1968 1775 2020 le-

178 2064 488 2125 stinamus,
525 2069 583 2114 et
616 2061 762 2114 dicat
805 2077 818 2112 :
861 2060 923 2114 In
957 2063 1219 2131 principio
1255 2071 1370 2113 erat
1428 2060 1688 2121 Verbum,
1726 2067 1774 2110 ct

183 2153 418 2206 Verbum
453 2161 568 2205 erat
600 2151 741 2220 apud
773 2151 975 2215 Deum;
1007 2163 1056 2204 et
1083 2152 1222 2204 Deus
1251 2160 1365 2204 erat
1403 2151 1645 2204 Verbum.
1665 2150 1774 2204 Hoc

177 2255 302 2298 erat
334 2247 393 2296 in
433 2245 690 2313 principio
729 2243 872 2312 apud
895 2243 1084 2296 Deum.
1108 2242 1299 2297 Omnia
1313 2259 1405 2312 per
1429 2245 1599 2312 ipsum
1629 2243 1771 2311 facta

174 2345 306 2387 sunt
322 2335 390 2386 ‘°.
415 2335 511 2388 llis
532 2335 679 2388 enim
705 2335 896 2403 paucis
918 2334 1414 2403 propositionibus,
1432 2336 1570 2403 quod
1589 2345 1770 2387 notum

177 2438 261 2480 est
289 2428 404 2491 Dei,
437 2428 619 2495 dignis
650 2427 763 2480 Deo
798 2427 1154 2480 manifestum
1189 2427 1349 2489 fecit;
1394 2435 1584 2480 notum
1637 2443 1772 2480 vero

177 2517 335 2577 dico,
367 2517 517 2585 quod
544 2525 599 2569 et
621 2531 689 2568 ex
711 2515 882 2568 Paulo
915 2514 1108 2578 didici,
1134 2517 1230 2584 qui
1260 2531 1329 2569 ex
1354 2527 1488 2570 noto
1520 2517 1637 2578 Dei,
1667 2517 1771 2570 ali-

176 2607 319 2674 quid
355 2607 605 2675 ignotum
630 2606 722 2659 Dei
753 2619 876 2659 esse
903 2605 1254 2674 signiﬁcavit.
1292 2605 1462 2675 Igitur
1491 2605 1638 2674 quod
1669 2622 1771 2659 no—

180 2708 301 2750 tum
324 2706 412 2751 est
445 2699 586 2766 ejus,
624 2705 683 2750 ut
719 2696 858 2758 dixi,
889 2696 974 2749 his
1006 2696 1508 2765 propositionibus,
1531 2698 1774 2752 Joannes

177 2793 367 2860 ampla
401 2791 654 2843 oratione
687 2789 932 2842 declarat
961 2807 973 2840 :
1011 2789 1336 2843 Illuminans
1366 2806 1451 2842 eos
1491 2791 1658 2859 quiin
1691 2799 1770 2842 te-

178 2881 360 2932 nebris
388 2882 427 2912 ¹¹
457 2880 786 2948 ignorantize
816 2886 968 2940 sunt,
995 2892 1064 2932 eo
1086 2878 1295 2932 lumine
1323 2878 1471 2947 quod
1497 2878 1768 2932 illuminat

178 2988 398 3024 omnem
435 2972 702 3022 hominem
739 2970 1034 3022 venientem
1066 2970 1122 3022 in
1160 2970 1298 3022 hunc
1338 2969 1593 3022 mundum
1621 2970 1686 3033 “,
1711 2979 1767 3023 ει

177 3064 525 3118 necessitate
568 3077 632 3116 ac
666 3062 717 3115 vi
767 3061 1040 3116 orationis
1089 3062 1392 3115 obstruens
1447 3077 1610 3116 omne
1663 3077 1764 3122 os.

177 3156 331 3226 quod
367 3164 561 3210 contra
596 3155 769 3208 Deum
815 3153 1063 3222 loquitur
1103 3153 1428 3223 injustitiam
1472 3161 1531 3207 et
1565 3154 1764 3223 scrupi-

1879 1979 1998 2030 est;
2029 1976 2150 2020 erat
2175 1969 2321 2021 enim
2351 1985 2571 2037 semper
2594 1971 2687 2038 qui
2715 1980 2798 2023 est
2821 1972 2946 2040 ;qui
2965 1981 3048 2025 est
3073 1981 3199 2026 ante
3223 1975 3457 2041 saecula;

1875 2059 1974 2126 qui
2008 2059 2127 2112 sine
2159 2060 2363 2122 medio,
2396 2076 2463 2113 ex
2495 2061 2652 2113 Patre
2678 2064 3205 2131 pergenerationem
3229 2080 3458 2134 proces-

1876 2147 1968 2201 sit.
1997 2148 2146 2202 Nihil
2172 2149 2321 2201 enim
2348 2149 2743 2202 intermedium
2770 2151 2970 2204 divinae
2997 2161 3054 2205 et
3082 2152 3346 2208 inell‘abili
3368 2171 3460 2224 ge-

1875 2240 2148 2294 nerationi
2179 2241 2426 2304 exstitit;
2467 2256 2645 2310 neque
2675 2243 2897 2311 penitus
2924 2245 3228 2314 quidquam
3257 2247 3460 2301 divinae

1875 2342 2086 2386 natum
2119 2333 2318 2395 adluit,
2361 2341 2421 2386 ut
2448 2333 2838 2400 interpositum
2871 2346 3055 2399 esset,
3083 2352 3193 2390 non
3222 2340 3456 2394 materia

1876 2420 2108 2474 rationis
2157 2429 2216 2473 et
2266 2420 2483 2475 ordinis
2509 2435 2732 2488 expers,
2766 2429 2827 2474 ut
2866 2423 3158 2478 dementes
3189 2425 3382 2488 aiunt,.
3398 2435 3456 2480 et

1874 2512 2086 2565 ratione
2119 2526 2351 2581 prorsus
2375 2520 2428 2565 et
2450 2511 2647 2565 ordine
2676 2522 2957 2578 carentes;
2988 2529 3099 2568 non
3128 2514 3297 2569 chaos
3325 2516 3454 2570 inli-

1874 2603 2072 2668 nitum,
2109 2611 2166 2657 et
2204 2603 2613 2672 inseparabile;
2639 2619 2749 2657 non
2776 2604 3052 2669 tenebris;
3083 2621 3190 2658 non
3219 2609 3453 2675 proluu-

1873 2694 2004 2748 dnm
2028 2712 2043 2758 ;
2071 2711 2181 2748 non
2213 2695 2532 2758 silentiutn;
2577 2710 2686 2748 non
2716 2711 3062 2765 quarcunqne
3105 2697 3260 2766 lingit
3297 2715 3455 2754 mens

1870 2801 1993 2856 qua:
2015 2794 2299 2839 auctorem
2327 2801 2488 2838 suum
2522 2787 2756 2854 ignorat,
2795 2795 2852 2840 et
2879 2787 3088 2842 lictioni
3123 2805 3237 2844 sua:
3259 2806 3455 2846 errans

1870 2875 2072 2938 credit,
2098 2876 2325 2929 minime
2351 2875 2647 2930 advertens
2680 2877 2983 2932 absurdum
3005 2919 3020 2942 ,
3053 2880 3166 2933 imo
3185 2881 3450 2947 absurda,

1871 2983 1993 3036 qua:
2021 2983 2087 3021 ex
2122 2966 2249 3020 ﬁcta
2275 2973 2334 3020 et
2377 2969 2755 3022 commentitia
2801 2970 3064 3038 opinione
3117 2983 3450 3042 sequuntur.

1870 3059 2086 3113 Etenim
2118 3058 2163 3111 si
2197 3058 2331 3128 quid
2355 3059 2642 3128 generanti
2667 3069 2725 3114 et
2749 3062 2940 3129 genito
2971 3062 3324 3135 interjectum
3351 3081 3448 3135 po-

1868 3151 2049 3212 nitur,
2088 3149 2182 3219 qui
2211 3150 2316 3205 hoc
2346 3149 2530 3204 facere
2561 3151 2753 3214 audet,
2790 3153 3157 3208 substantiatn
3185 3155 3449 3212 indecen-

180 3223 400 3301 ternain
429 3246 708 3314 Unigeniti
736 3245 1088 3300 divinitatem
1114 3253 1299 3314 negat,
1327 3261 1396 3300 ex
1429 3260 1541 3314 quo
1573 3245 1761 3314 cogni-
1791 3223 1833 3280 (ἶ
1867 3245 1952 3292 ιρι·
1985 3237 2221 3302 SCiﬂdil;
2264 3247 2319 3292 et
2351 3254 2472 3292 eam
2523 3255 2551 3292 a
2606 3256 2664 3294 se
2701 3241 2815 3309 ipsa
2873 3243 3116 3314 sejungit
3146 3285 3160 3306 ,
3201 3249 3448 3305 sectione

180 3340 260 3392 tio
307 3338 408 3393 Dei
471 3339 649 3392 Patris
695 3337 762 3390 ad
819 3351 921 3390 nos
972 3337 1235 3390 manavit.
1296 3336 1350 3391 Si
1380 3337 1528 3390 enim
1558 3347 1677 3390 erat
1707 3337 1761 3391 in

177 3431 463 3500 principio
480 3430 622 3499 apud
645 3431 816 3484 Deum
842 3431 987 3484 Deus
1006 3429 1246 3483 Verbum
1269 3445 1284 3493 ;
1304 3428 1566 3483 omnibus
1582 3437 1763 3485 mente

179 3522 437 3591 pra-ditis
467 3521 819 3574 manifestum
849 3529 956 3584 est,
993 3520 1140 3589 quod
1168 3528 1288 3573 erat
1317 3519 1594 3588 quoddam
1614 3521 1765 3590 prin-

177 3614 393 3681 cipium
420 3612 476 3663 in
490 3626 600 3678 quo
614 3619 732 3664 erat
750 3609 990 3663 Verbum
1011 3626 1025 3673 ;
1053 3609 1198 3678 quod
1214 3609 1548 3678 principium
1567 3624 1761 3664 neces-

178 3702 332 3755 sario
365 3705 490 3753 erat
526 3698 672 3751 Deus
718 3697 861 3766 apud
908 3712 1074 3765 quem
1115 3704 1237 3749 erat
1288 3696 1552 3749 Verbum.
1608 3696 1764 3751 Sicut

177 3794 355 3863 igitur
383 3807 496 3845 non
527 3799 710 3859 potest
743 3788 1223 3858 comprehendere
1244 3789 1578 3858 principium
1609 3805 1763 3843 mens

178 3899 407 3938 sursum
445 3883 678 3936 tendens
704 3923 719 3946 ,
760 3896 982 3950 semper
1014 3880 1167 3935 enim
1209 3881 1452 3950 reperiet
1501 3879 1670 3933 altius
1702 3896 1761 3933 se

179 3974 558 4044 principium;
586 3973 667 4026 sic
692 3987 802 4025 non
829 3980 1010 4040 potest
1047 3973 1302 4039 superari
1351 3979 1408 4022 et
1445 3970 1758 4023 transcendi

178 4068 316 4122 illud
349 4076 468 4120 erat
497 4083 515 4130 ;
548 4080 767 4135 semper
797 4065 946 4118 enim
981 4064 1228 4117 occurrit
1249 4063 1420 4117 altius
1449 4071 1588 4126 erat,
1611 4063 1758 4116 omni

176 4159 520 4230 cogitatione
552 4169 608 4212 et
634 4172 870 4211 ascensu
887 4165 944 4209 et
967 4156 1021 4209 in
1057 4154 1357 4209 sublimius
1379 4155 1565 4208 volatu
1593 4155 1760 4208 altius

180 4251 451 4320 positum.
479 4249 634 4303 Licet
664 4249 812 4302 enim
852 4261 912 4300 se
946 4247 1128 4314 ipsum
1159 4247 1286 4315 quis
1321 4254 1505 4300 mente
1535 4255 1592 4299 et
1613 4246 1761 4315 cogi-

180 4343 390 4396 tatione
442 4355 662 4408 semper
709 4339 936 4394 elevet:
989 4337 1224 4392 ulterius
1278 4337 1640 4407 progrediens
1695 4353 1761 4392 ac

180 4446 540 4502 promovens,
562 4445 844 4499 nunquam
871 4428 1130 4484 transibit
1146 4437 1280 4481 erat.
1300 4427 1580 4515 Aliticipat
1594 4425 1756 4481 tinem

179 4523 543 4592 principium,
579 4522 729 4592 quod
765 4537 875 4575 non
899 4521 1112 4591 patitur
1141 4520 1340 4589 praeire
1381 4535 1753 4589 quemquam:

179 4616 224 4669 si
250 4614 406 4669 enim
437 4613 773 4682 principium
820 4623 936 4676 est,
987 4626 1101 4665 non
1146 4611 1257 4665 erit
1301 4611 1397 4665 ulli
1427 4611 1754 4666 secundum.

180 4705 502 4761 Secundum
536 4705 682 4759 enim
716 4720 825 4758 non
852 4713 939 4758 est
975 4703 1343 4773 principium;
1389 4711 1446 4757 et
1486 4703 1634 4772 quod
1673 4713 1760 4759 est

179 4801 231 4852 in
264 4799 552 4868 principio,
583 4813 695 4851 non
729 4806 816 4852 est
846 4804 972 4866 post
1005 4795 1362 4867 principium.
1383 4795 1526 4866 Ergo
1551 4796 1596 4850 si
1621 4797 1760 4850 Ver-

181 4893 310 4947 bum
350 4901 476 4946 erat
512 4891 566 4944 in
614 4889 890 4959 principio
915 4929 929 4953 ,
969 4889 1196 4942 omnino
1234 4902 1462 4941 necesse
1499 4895 1586 4942 est
1623 4903 1759 4942 con-

183 4982 438 5053 templari
470 4981 634 5036 simul
668 4979 905 5035 Verbum
955 4979 1103 5049 quod
1137 4988 1253 5032 erat
1283 4980 1338 5032 in
1371 4980 1629 5049 principio
1650 5021 1664 5042 ,
1701 4989 1759 5034 ct

183 5072 518 5143 principium
547 5073 602 5124 in
634 5085 745 5139 quo
764 5078 886 5123 erat
911 5069 1187 5134 Verbum;
1209 5077 1348 5123 etcx
1379 5085 1493 5137 quo
1515 5069 1756 5125 dicimus

183 5179 300 5219 esse
336 5163 701 5233 principium,
747 5177 815 5215 ex
863 5176 929 5214 eo
978 5176 1084 5214 una
1136 5159 1388 5214 conﬁteri
1419 5160 1658 5215 Verbum
1699 5162 1752 5215 in

187 5255 482 5325 principio.
522 5253 693 5323 Igitur
719 5268 831 5306 non
865 5251 1032 5305 habet
1063 5252 1245 5304 locum
1272 5291 1286 5313 ,
1317 5267 1421 5304 non
1447 5261 1561 5304 erat
1583 5291 1597 5315 ,
1628 5253 1757 5320 quia

187 5363 288 5400 non
314 5355 433 5398 erat
467 5345 809 5399 contrarium
834 5351 921 5398 est
950 5342 1028 5396 illi
1060 5353 1197 5395 erat.
1230 5343 1298 5397 Et
1340 5342 1388 5396 si
1433 5352 1553 5396 erat
1579 5382 1594 5405 ,
1623 5359 1762 5412 quo-

188 5437 350 5490 modo
380 5452 492 5490 non
518 5435 675 5489 erat?
701 5434 843 5500 Quid
873 5435 1042 5505 igitur
1074 5433 1372 5487 dicendum
1400 5434 1760 5503 relinquitur,

190 5529 291 5582 nisi
337 5527 489 5597 quod
522 5543 626 5579 non
651 5533 768 5579 erat
811 5535 1104 5590 non-erat;
1133 5541 1243 5577 non
1277 5525 1427 5579 enim
1456 5540 1564 5578 non
1601 5533 1760 5591 erat;

191 5619 282 5673 sed
315 5634 536 5688 semper
564 5627 686 5672 erat
733 5617 1046 5672 subsistens
1074 5656 1087 5680 ,
1129 5617 1199 5670 de
1244 5630 1355 5685 quo
1381 5614 1587 5673 dicitur
1621 5625 1758 5670 erat.

261 5809 306 5840 "
340 5807 500 5864 Joan.
530 5823 570 5872 ι,
607 5807 656 5873 l,
686 5807 740 5862 5.
787 5785 860 5840 ’⁸⁸
912 5808 1071 5863 Rom.
1100 5824 1138 5872 ι,
1175 5807 1258 5862 l9.
1337 5808 1378 5838 ”
1417 5804 1552 5862 Luc.
1598 5823 1635 5872 ι,
1695 5801 1778 5856 19.

1867 3341 2122 3400 tanquam
2151 3331 2336 3386 medio
2369 3333 2602 3400 pariete,
2627 3342 2684 3387 et
2715 3335 2812 3389 illo
2837 3337 3097 3406 quopiam
3117 3338 3449 3409 interposito

1865 3419 2254 3487 interceptam.
2285 3419 2354 3472 Et
2396 3419 2545 3473 illius
2587 3437 2782 3475 rursus
2833 3424 2997 3492 primi
3035 3427 3243 3496 magis,
3275 3444 3445 3497 quam

1867 3509 1962 3563 lilii
1984 3509 2299 3579 reperietur
2321 3525 2485 3564 causa
2517 3527 2639 3566 esse
2661 3513 2844 3567 Pater.
2895 3517 2965 3569 At
2987 3518 3267 3585 quomodo
3289 3519 3444 3574 dicc-

1867 3613 1957 3658 tur
1981 3603 2221 3671 amplius
2249 3605 2635 3672 primogenitus
2669 3609 2838 3659 omnis
2865 3619 3126 3662 creatura!
3152 3611 3216 3674 ",
3239 3612 3283 3665 si
3301 3614 3445 3668 alius

1864 3697 2020 3766 prius
2044 3694 2316 3762 occupet?
2350 3693 2754 3765 primogenitus
2781 3698 2928 3752 enim
2957 3701 3169 3768 primus
3199 3713 3286 3757 est
3319 3719 3442 3758 om-

1862 3789 2147 3851 nium;et
2171 3788 2282 3855 ipse
2329 3795 2404 3838 est
2425 3789 2659 3841 omnium
2681 3789 2745 3852 ",
2801 3790 2946 3845 sicut
2990 3792 3288 3861 Apostolus
3341 3795 3439 3860 ait,

1865 3891 2128 3949 tanquam
2156 3885 2467 3932 coaeternus
2487 3891 2699 3934 aeterno
2729 3881 2875 3935 Patri
2898 3884 3093 3937 (ειενηὶ
3132 3885 3256 3940 Filii
3286 3903 3299 3939 :
3329 3901 3440 3942 non

1860 3971 2010 4026 enim
2044 3969 2223 4024 solum
2254 3971 2398 4023 Deus
2429 3979 2534 4034 est,
2565 3971 2660 4025 sed
2693 3973 2859 4026 etiam
2891 3972 3084 4041 Pater;
3140 3987 3198 4032 et
3224 3993 3291 4032 ex
3329 3995 3444 4048 quo

1861 4061 2029 4123 Deus,
2062 4075 2127 4113 ex
2158 4075 2227 4114 eo
2261 4061 2443 4114 Pater.
2469 4060 2632 4114 Pater
2669 4075 2802 4114 vero
2839 4063 2961 4117 Filii
2994 4064 3176 4129 Pater,
3205 4067 3300 4135 qui
3328 4085 3443 4124 non

1863 4160 2045 4221 potest
2078 4151 2242 4205 aliter
2269 4166 2393 4205 esse
2428 4153 2622 4213 Pater,
2651 4153 2760 4206 nisi
2784 4157 3099 4209 necessario
3128 4157 3444 4214 subsisten-

1864 4247 1934 4298 tis
1963 4243 2090 4298 Filii
2120 4261 2131 4296 :
2160 4243 2281 4297 sine
2330 4243 2494 4298 Patre
2543 4243 2692 4298 enim
2750 4261 2861 4298 non
2909 4256 2993 4300 est
3048 4247 3240 4304 Filius.
3296 4251 3449 4306 Ante

1860 4338 2046 4391 omnia
2073 4337 2243 4406 igitur
2273 4345 2359 4391 est
2385 4335 2594 4401 Filius,
2637 4336 2733 4406 qui
2759 4337 3119 4393 ineil'abiliter
3163 4357 3230 4395 ex
3278 4342 3446 4399 Patre

1859 4428 1956 4499 qui
2012 4443 2139 4483 cum
2198 4429 2430 4498 genuit,
2480 4428 2754 4498 processit
2791 4446 2806 4483 :
2838 4445 2942 4485 nec
2975 4432 3126 4486 enim
3158 4448 3222 4487 ex
3263 4435 3441 4489 nihilo

1861 4519 2126 4591 produxit
2159 4535 2312 4583 eum,
2362 4527 2421 4572 ut
2455 4527 2749 4576 creaturas
2777 4531 2834 4575 et
2863 4536 3057 4576 earum
3087 4534 3301 4591 partes;
3342 4525 3441 4580 sed

1860 4628 1928 4666 ex
1971 4626 2029 4665 se
2073 4610 2294 4664 vivente
2346 4611 2540 4664 vivens
2585 4619 2644 4665 et
2695 4611 3007 4666 subsistens
3053 4613 3332 4679 Verbum,
3383 4623 3440 4670 et

1863 4706 2058 4768 Deum,
2091 4711 2148 4758 et
2175 4702 2401 4757 Filium.
2434 4702 2615 4768 Quare
2665 4704 2759 4772 qui
2806 4704 2945 4758 dicit
2989 4720 3056 4759 ει
3107 4705 3284 4760 nihilo
3315 4723 3438 4762 esse

1863 4809 2016 4858 eum,
2051 4794 2148 4863 qui
2187 4808 2255 4847 ex
2285 4809 2352 4847 eo
2383 4791 2476 4863 qui
2509 4801 2596 4847 est
2623 4836 2636 4856 ,
2671 4794 2954 4864 prodivit;
2989 4796 3161 4868 magis
3191 4797 3244 4851 in
3284 4799 3441 4868 geni-

1863 4897 2062 4952 torem,
2098 4900 2262 4955 quam
2312 4884 2366 4938 in
2424 4884 2668 4954 genitum
2725 4886 3126 4956 blaSphemiam
3173 4889 3384 4959 profert
3420 4909 3438 4946 :

1863 4977 1997 5048 quid
2027 4977 2175 5032 enim
2207 4977 2385 5046 magis
2421 4976 2646 5047 impium
2687 4987 2802 5040 est,
2839 4994 3002 5048 quam
3035 4995 3161 5033 eum
3188 4981 3282 5050 qui
3319 4991 3443 5046 est,

1863 5070 2052 5124 dicere
2087 5085 2198 5123 non
2227 5070 2383 5123 esse?
2413 5085 2538 5122 nam
2584 5069 2628 5122 si
2671 5086 2737 5123 ex
2768 5071 2927 5124 Patre
2956 5071 3181 5141 quidem
3217 5073 3445 5143 genitus-

1860 5169 1968 5225 εει,
1991 5163 2085 5230 qui
2117 5176 2242 5215 vere
2271 5169 2376 5225 est,
2399 5161 2563 5215 Pater
2588 5171 2692 5214 est.

1931 5252 2069 5306 Vlll.
2102 5250 2362 5304 Nonnulli
2430 5266 2562 5305 vero
2614 5252 2772 5306 aiunt
2826 5268 2947 5308 esse
2975 5268 3102 5309 eum
3141 5269 3208 5310 ex
3255 5255 3446 5312 nihilo

1861 5343 2132 5410 genitum.
2164 5340 2340 5406 Quam
2393 5342 2465 5396 sit
2493 5342 2596 5396 hoc
2627 5343 2951 5407 absurdum,
3007 5346 3270 5401 omnibus
3305 5348 3444 5403 licet

1863 5433 2220 5502 perspicere;
2247 5447 2473 5487 necesse
2503 5449 2740 5503 namque
2775 5444 2879 5498 est,
2916 5445 2976 5490 ut
3000 5437 3150 5505 quod
3183 5453 3292 5492 non
3321 5447 3428 5502 est,

1861 5524 2192 5578 honoratius
2214 5523 2288 5577 sit
2327 5539 2394 5578 eo
2427 5524 2574 5593 quod
2602 5540 2668 5578 ex
2696 5526 2820 5594 ipso
2848 5528 3153 5596 processit:
3191 5538 3248 5583 et
3271 5544 3434 5599 repe-

1863 5617 2039 5670 rietur
2066 5615 2216 5685 quod
2279 5616 2589 5670 substantia
2626 5627 2801 5681 caret,
2853 5619 3099 5674 nobilius
3138 5635 3260 5674 esse
3299 5621 3434 5676 sub—

1874 5805 2102 5863 "Joan.
2150 5821 2188 5872 ι,
2215 5806 2268 5862 9.
2347 5806 2392 5838 “
2430 5805 2642 5862 Coloss.
2688 5823 2742 5871 ι,
2787 5807 2867 5861 l3.
2961 5807 3003 5840 "
3041 5805 3253 5862 Coloss.
3287 5804 3430 5870 1,17.
