4462 6440
895 344 1031 408 1315

2030 341 2089 397 ὃ.
2115 336 2510 396 ANASTASH
2559 334 3021 394 AN'l'lUtillliNl

4022 326 4169 387 13H;

892 456 1132 519 stantia;
1186 463 1243 506 et
1270 453 1509 522 privatio
1544 450 1784 505 nobilior
1818 448 2046 510 habitu;
2101 458 2197 501 aut
2247 447 2468 499 dicetur
2499 455 2541 508 Α
2574 462 2792 515 semper
2820 448 3140 515 procedere.
3187 444 3275 497 Sic
3308 443 3456 495 enim
3506 443 3585 495 ait
3621 441 3921 494 Dominus:
3968 439 4039 491 de
4107 460 4168 490 εει

894 565 1004 603 non
1027 562 1152 601 esse
1184 546 1363 607 Pater,
1399 546 1491 613 qui
1529 544 1721 611 genuit
1754 542 1949 595 Filiqu
1974 550 2029 593 et
2054 558 2119 592 «ιχ
2157 555 2268 608 quo
2297 540 2470 593 Filius

896 640 1115 707 genitus
1140 647 1248 701 est,
1278 652 1440 705 quem
1473 634 1764 697 aiuntisli,
1794 635 1912 686 vice
1939 633 2139 692 Patris,
2197 648 2263 685 ex
2295 633 2470 685 nibilo

894 744 1037 783 esse.
1062 728 1268 783 Deinde
1291 726 1570 795 quomodo
1603 724 1717 778 fieri
1757 731 1954 792 potest.
1992 733 2049 775 ut
2073 740 2139 776 ex
2199 740 2266 777 eo
2323 722 2469 791 quod

898 821 1199 875 substantia
1234 829 1403 881 caret,
1422 828 1479 873 et
1510 834 1617 871 non
1649 825 1753 879 cst,
1778 832 1959 885 neque
1988 817 2261 884 principio
2290 832 2387 882 per
2414 831 2472 867 se

897 912 1129 970 exstitit,
1160 912 1285 965 talis
1309 912 1489 964 virtus
1512 908 1889 963 substantialis
1911 908 2222 977 prodierit?
2251 908 2304 960 Si
2324 908 2472 960 enim

898 1022 1007 1059 non
1041 1013 1144 1065 est,
1182 1020 1289 1056 non
1329 1013 1414 1056 est
1435 1003 1775 1056 subsistens:
1805 1001 2085 1069 quomodo
2110 1017 2243 1069 ergo
2267 1016 2334 1053 ex
2364 1014 2471 1053 nou

896 1097 1200 1150 exsistente
1222 1096 1330 1149 erit
1350 1095 1620 1148 cxsistens
1639 1130 1656 1156 ,
1684 1100 1739 1145 et
1761 1107 1828 1145 ex
1865 1108 1933 1145 eo
1954 1091 2098 1159 quod
2126 1104 2473 1159 nequaquam

899 1197 1003 1249 est.
1036 1188 1402 1243 substantiam
1420 1186 1602 1254 capiet
1627 1185 1771 1253 quod
1802 1185 1923 1237 est?
1947 1183 2082 1236 Nam
2106 1183 2151 1235 si
2176 1183 2474 1248 est,’;unum

901 1280 1150 1333 omnium
1169 1288 1279 1341 est;
1317 1286 1371 1331 et
1409 1278 1453 1330 si
1500 1278 1749 1331 omnium
1776 1291 1945 1328 unum
1979 1282 2085 1334 est,
2139 1290 2237 1343 per
2277 1273 2475 1327 Filium

902 1376 1151 1442 profecto
1188 1372 1394 1425 factum
1426 1380 1538 1423 est:
1584 1368 1859 1437 siquidem
1923 1370 2103 1421 omnia
2168 1384 2258 1432 νιν
2305 1369 2474 1437 ipsum

900 1466 1043 1532 [acta
1076 1472 1218 1516 sunt.
1277 1464 1333 1517 Si
1369 1476 1551 1515 autem
1576 1460 1723 1529 quod
1746 1476 1856 1513 non
1890 1471 1996 1521 est,
2033 1468 2138 1521 esi,
2183 1469 2241 1512 et
2286 1459 2478 1512 dicunt

902 1558 1102 1610 Filium
1131 1571 1255 1610 esse
1276 1572 1342 1608 ex
1390 1555 1598 1618 nihilo;
1639 1553 1799 1622 prius
1827 1552 2005 1620 ipsum
2047 1551 2194 1618 quod
2230 1565 2339 1602 non
2367 1558 2473 1612 est,

903 1648 1106 1702 faciant
1136 1645 1502 1702 substantiam
1537 1662 1681 1708 esse,
1721 1654 1776 1698 et
1827 1654 1957 1697 tunc
2009 1643 2257 1698 tribuant
2280 1643 2329 1696 ci
2364 1642 2476 1694 vim

902 1738 1242 1808 producendi
1278 1738 1405 1791 talia
1432 1738 1700 1807 germina.

2572 538 2827 605 quidem;
2857 540 2990 589 Ante
3017 554 3196 589 omnes
3216 535 3372 587 colles
3403 541 3621 601 generat
3647 548 3725 584 me
3750 534 3814 594 ",
3847 531 3915 585 de
3942 530 4165 601 Spiritu

2573 642 2756 684 autem
2785 640 2998 690 sancto,
3045 632 3145 693 Qui
3187 645 3249 680 ea:
3284 628 3443 681 Patre
3470 627 3697 695 procedit
3744 626 3806 677 “'.
3858 624 4166 677 Diversitas-

2574 734 2760 778 autem
2785 722 3162 791 generationis
3184 732 3241 775 et
3266 720 3636 789 processionis
3658 735 3765 771 non
3813 716 4169 769 demonstrat

2574 818 2896 871 substantia:
2938 816 3308 870 differentiam
3333 832 3344 867 :
3380 828 3491 867 non
3514 812 3662 865 enim
3681 808 3996 864 differentia
4016 808 4168 860 exsi-

2578 910 2793 963 stenti:e
2822 908 3097 975 signiﬁcat
3121 922 3264 967 esse,
3299 907 3393 959 sed
3427 904 3707 974 quomodo
3741 919 3864 955 esse
3886 901 4165 958 declarat,

2578 1012 2836 1055 tnanente
2863 1002 3056 1054 eadem
3091 1000 3399 1053 substantia
3436 1000 3557 1067 ejus
3595 1014 3660 1051 ex
3694 1012 3826 1065 quo,
3870 1004 3925 1047 et
3964 1008 4166 1046 eorum

2576 1096 2667 1163 qui
2699 1110 2767 1148 ex
2796 1094 2917 1163 ipso
2944 1105 3095 1156 sunt,
3121 1092 3429 1148 secundum
3454 1091 3809 1144 dilferentem
3861 1088 4079 1139 modum
4116 1086 4166 1145 εν,

2580 1186 2631 1239 id
2666 1196 2772 1248 est,
2796 1187 3141 1239 intellectum.
3168 1186 3359 1239 Modus
3385 1197 3537 1251 ergo,
3568 1191 3628 1234 ut
3651 1181 3861 1234 dictum
3891 1188 4001 1237 est,
4020 1176 4171 1228 essi-

2578 1280 2793 1333 stentia:
2821 1279 3087 1333 diﬂ'erens
3112 1288 3223 1341 est;
3261 1279 3398 1332 ratio
3422 1292 3556 1330 vero
3586 1274 3911 1329 substantim
3933 1270 4163 1329 eadem;

2578 1387 2643 1424 ex
2673 1372 2865 1425 eodem
2899 1372 3071 1435 enim,
3099 1373 3228 1424 licet
3251 1388 3357 1423 non
3385 1369 3661 1423 similiter.

2649 1464 2739 1517 ΧΙ.
2773 1465 2849 1518 Ne
2880 1464 3145 1518 miremur
3196 1465 3363 1534 igitur
3419 1462 3733 1521 Dominum,
3765 1473 3890 1512 cum
3951 1454 4167 1509 utrius-

2578 1574 2685 1625 que
2713 1559 2943 1619 exitum,
2976 1558 3183 1611 exitum
3210 1572 3277 1611 ex
3308 1557 3469 1609 Patre
3504 1562 3699 1613 vocat;
3733 1551 3845 1621 Ego
3889 1551 4057 1609 enim,
4093 1548 4172 1600 in-

2578 1650 2719 1716 quit,
2752 1664 2816 1700 ea:
2850 1648 3012 1701 Patre
3054 1649 3210 1709 exivi,
3263 1654 3308 1698 et
3336 1646 3487 1698 venio
3518 1644 3582 1694 ὀ.
3612 1644 3677 1697 Ει
3722 1654 3953 1694 rursus:
3990 1637 4168 1705 Spiri-

2582 1751 2683 1803 tus,
2726 1742 2871 1810 quia
2929 1740 3093 1793 Patre
3118 1740 3349 1807 procedit
3400 1739 3466 1789 ".
3518 1736 3634 1790 Etsi
3689 1734 3837 1786 enim
3884 1732 4065 1791 exire,
4114 1740 4171 1781 et

973 1828 1065 1881 ΙΧ-
1117 1828 1256 1882 ΙΙΙυά
1289 1838 1476 1881 autem
1511 1843 1619 1880 "0n
1680 1836 1767 1881 est
1794 1826 2283 1888 diSSimUlandllm.
2327 1824 2478 1895 quod
2514 1807 2553 1859 Β
2585 1807 2887 1903 procedere
2925 1831 3068 1885 idem
3127 1831 3219 1884 bic
3269 1830 3603 1899 signiﬁcant,
3654 1826 3932 1896 prmeipue
3981 1834 4167 1877 tanien

900 1918 968 1973 ad
993 1919 1329 1988 propositam
1366 1918 1752 1973 tractationem
1784 1917 1941 1971 valde
1970 1918 2342 1971 necessarium
2373 1925 2479 1980 est,

902 2026 1066 2064 omne
1123 2010 1269 2078 quod
1324 2026 1392 2063 ex
1437 2009 1617 2062 nibilo
1664 2009 1867 2062 factmn
1900 2018 2004 2071 εει,
2038 2008 2149 2061 vim
2173 2008 2380 2061 habere
2421 2015 2482 2060 ut

902 2103 969 2157 ad
1021 2104 1257 2156 nihilum
1319 2117 1516 2155 rursus
1547 2102 1759 2164 redeat,
1790 2100 2043 2170 quamvis
2087 2101 2480 2169 proprietatem

903 2197 1025 2263 ejus
1050 2195 1364 2248 naturalem
1397 2195 1572 2263 major
1604 2202 1849 2261 potestas
1907 2194 2092 2245 vincat
2119 2211 2129 2243 :
2166 2200 2221 2244 at
2272 2192 2482 2245 sentire

906 2287 1011 2339 hoc
1039 2286 1107 2338 de
1141 2286 1300 2346 Filio,
1362 2293 1647 2338 extremus
1695 2285 1892 2337 anima:
1954 2282 2218 2336 interitus
2248 2290 2353 2335 est.
2404 2283 2482 2335 Ex

904 2379 1066 2433 Patre
1097 2377 1265 2445 igitur
1294 2385 1380 2429 est
1411 2375 1721 2429 secundum
1773 2384 2051 2437 naturam,
2089 2382 2145 2427 et
2171 2389 2278 2426 non
2310 2389 2375 2426 ex
2403 2373 2485 2426 ni-

906 2470 1021 2522 bilo
1044 2469 1215 2522 Filius
1238 2486 1249 2520 :
1283 2466 1431 2536 quod
1452 2466 1497 2519 si
1521 2476 1694 2519 estex
1720 2466 1877 2519 Patre
1895 2464 2201 2519 secundum
2229 2475 2483 2518 naturam

907 2561 1104 2623 Filius,
1166 2568 1252 2612 est
1290 2558 1455 2626 igitur
1490 2556 1837 2616 bomousios,
1871 2554 1923 2607 id
1977 2564 2082 2615 est,
2118 2553 2485 2606 consubstan-

908 2651 1059 2705 tialis
1096 2649 1245 2703 Patri
1285 2648 1379 2716 qui
1414 2646 1635 2717 genuit:
1674 2662 1837 2699 omne
1864 2646 2013 2699 enim
2048 2645 2295 2715 genitum
2354 2660 2488 2699 con-

904 2744 1271 2799 substantiale
1300 2752 1384 2794 est
1424 2741 1565 2810 patri
1623 2739 1941 2809 generanti;
1987 2747 2045 2791 et
2090 2738 2239 2807 quod
2297 2747 2485 2806 aptum

907 2845 1097 2890 natum
1129 2841 1215 2887 εει
1243 2833 1311 2886 ad
1346 2831 1743 2902 generandum,
1780 2830 2030 2899 ejusdem
2064 2829 2389 2883 substantia:
2404 2836 2489 2881 est

907 2942 1034 2981 cum
1061 2942 1129 2979 eo
1176 2924 1265 2979 cui
1313 2933 1509 2977 natura
1555 2922 1782 2975 insitum
1821 2932 1907 2976 est
1939 2935 2225 2991 generare.
2259 2918 2371 2973 llac
2405 2935 2489 2972 ra-

909 3022 1059 3074 tione
1097 3020 1290 3072 dicunt
1352 3016 1543 3070 Patres
1594 3014 1647 3066 in
1677 3013 1899 3067 Niemno
1926 3012 2182 3074 concilio,
2232 3010 2398 3063 Deum
2426 3025 2489 3061 ea:

909 3114 1016 3166 Deo
1038 3130 1055 3176 ;
1078 3119 1136 3165 et
1160 3124 1356 3162 rursus
1399 3108 1576 3160 lumen
1604 3122 1668 3159 ex
1689 3106 1917 3158 lumine:
1947 3103 2130 3173 qualis
2148 3102 2294 3155 enim
2327 3102 2490 3155 Pater

905 3213 1013 3267 est,
1051 3202 1178 3257 talis
1224 3201 1397 3255 Filius
1448 3198 1753 3253 secundum
1805 3195 2194 3249 substantiam.
2242 3194 2493 3248 Declarat

911 3298 1016 3350 hoc
1036 3296 1197 3364 plane
1224 3291 1472 3361 encrgi'a,
1506 3291 1559 3343 id
1595 3299 1682 3343 εει
1709 3289 1997 3359 Operatio:
2035 3287 2310 3355 siquidem
2356 3300 2494 3353 quo-

911 3405 1031 3441 rum
1058 3396 1145 3442 est
1179 3403 1289 3439 una
1328 3384 1578 3453 encrgia,
1613 3396 1723 3435 una
1751 3390 1837 3435 εει
1878 3378 2229 3443 substantia;
2288 3388 2344 3431 et
2373 3377 2491 3429 vice

908 3500 1090 3546 versa,
1112 3496 1348 3553 quorum
1381 3490 1466 3533 est
1495 3478 1803 3533 substantia
1839 3491 1970 3539 una,
2007 3489 2116 3527 una
2141 3473 2302 3543 plane
2334 3487 2493 3525 ener-

909 3576 997 3646 gia
1030 3575 1143 3629 sive
1169 3571 1421 3642 operatio
1442 3579 1546 3625 est.
1564 3570 1629 3622 Et
1655 3568 1922 3622 Dominus
1950 3565 2016 3619 ad
2042 3563 2491 3632 redarguendum

910 3667 1153 3731 .ludaaos,
1178 3681 1304 3719 cum
1334 3663 1721 3717 obtrectabant
1746 3661 1821 3721 ei,
1854 3660 2000 3729 quod
2036 3658 2296 3711 dixisset:
2328 3655 2493 3709 Filius

914 3758 1009 3811 Dei
1042 3773 1159 3810 sum
1191 3755 1252 3817 ",
1280 3753 1470 3806 docuit
1501 3751 1881 3819 operationem
1902 3762 2024 3801 esse
2053 3748 2226 3800 instar
2246 3743 2493 3797 omnium

911 3849 1147 3902 aliorum
1178 3845 1243 3898 ad
1272 3843 1639 3898 attestandam
1682 3838 2007 3900 veritatem,
2048 3851 2174 3889 cum
2212 3835 2392 3887 dixit:
2438 3832 2494 3887 Si

914 3958 1021 3996 non
1054 3941 1190 4009 facio
1223 3952 1385 4007 opera
1428 3934 1603 3988 Patris
1640 3933 1765 3992 mei,
1826 3946 1892 3983 ne
1950 3929 2147 3981 credite
2203 3928 2370 3980 mihi:
2412 3928 2494 3979 sin

916 4040 1097 4087 autem
1143 4030 1278 4098 facio
1304 4067 1319 4090 ,
1365 4028 1459 4078 etsi
1508 4024 1637 4076 mihi
1671 4039 1775 4073 non
1831 4021 2064 4084 creditis,
2100 4018 2339 4089 aperibus
2368 4018 2493 4070 meis

914 4125 1129 4187 credite,
1154 4130 1209 4174 ut
1233 4121 1411 4174 sciatis
1440 4128 1487 4171 et
1546 4114 1892 4185 cognoscatis,
1924 4113 2062 4180 quod
2087 4128 2179 4180 ego
2198 4113 2253 4163 in
2314 4110 2491 4172 Patre,

916 4232 965 4273 et
991 4218 1155 4273 Pater
1180 4219 1233 4269 in
1269 4231 1351 4268 me
1376 4222 1453 4266 est
1496 4212 1557 4264 ⁸⁷.
1584 4212 1766 4277 Quare
1799 4207 2050 4261 absoluta
2094 4204 2495 4259 demonstratio

916 4320 1026 4375 est,
1052 4320 1108 4365 et
1141 4326 1261 4378 qua:
1294 4304 1499 4361 sufﬁcit
1528 4312 1583 4357 et
1624 4300 1801 4355 refelli
1837 4315 1948 4353 non
1999 4306 2204 4367 potest,
2257 4295 2497 4349 consub-

918 4398 1298 4458 stantialitatis
1341 4397 1534 4451 eadem
1592 4392 1771 4447 Patris
1819 4400 1876 4445 et
1911 4389 2033 4445 Filii
2060 4387 2494 4457 operatiozqua:

2583 1925 2994 1993 processionem
3030 1921 3266 1991 Spiritui
3293 1930 3485 1973 sancto
3510 1916 3971 1978 accommodavit,
4025 1914 4171 1968 sicut

2582 2016 2685 2069 sibi
2718 2016 3154 2084 generationem.
3193 2013 3349 2067 Sicut
3370 2012 3517 2065 enim
3544 2012 3709 2065 Pater
3736 2017 3967 2062 vocatur
3994 2006 4174 2076 Spiri—

2584 2118 2693 2170 tus,
2721 2117 2777 2160 et
2800 2108 2972 2160 Filius
3006 2108 3136 2159 item
3167 2106 3431 2175 Spiritus,
3457 2104 3762 2158 secundum
3821 2100 3960 2155 illttd
3996 2119 4011 2153 :
4045 2098 4171 2167 Spi-

2585 2203 2716 2253 ritus
2751 2209 2825 2251 est
2858 2200 2939 2259 ";
2975 2210 3031 2253 et
3064 2199 3221 2259 illud,
3258 2198 3487 2267 Spiritus
3516 2197 3666 2265 {aciei
3710 2204 3906 2247 nostra:
3929 2192 4172 2246 Christus

2587 2290 2838 2343 Dominus
2875 2293 2951 2344 "z
2984 2291 3205 2359 proprie
3229 2300 3409 2342 Lamcn
3428 2289 3518 2341 hic
3536 2298 3622 2341 est
3651 2285 3890 2355 Spiritus
3919 2292 4171 2344 sanctus,

2584 2384 2679 2452 qui
2726 2393 2971 2437 sanctam
3006 2383 3334 2437 Trinitatem
3388 2381 3652 2449 complet.
3706 2379 3816 2439 Sic,
3852 2376 3958 2430 etsi
3998 2376 4175 2429 Filius

2585 2486 2642 2529 et
2673 2474 2916 2544 Spiritus
2946 2484 3171 2529 sanctus
3220 2474 3485 2527 dicuntur
3519 2472 3676 2524 exire
3705 2486 3771 2524 ex
3808 2470 3971 2524 Patre
3994 2509 4009 2531 ,
4044 2484 4174 2537 pro-

2587 2567 2765 2620 cessio
2798 2576 2979 2619 tamcn
3025 2565 3302 2633 pratcipue
3364 2563 3603 2631 Spiritus
3637 2561 3815 2615 sancti
3870 2568 3980 2621 est,
4028 2560 4173 2613 sicut

2586 2658 2871 2728 generatio
2905 2665 2990 2711 est
3017 2656 3163 2709 Filii.
3188 2656 3367 2721 Quare
3395 2666 3415 2692 ο
3453 2653 3758 2723 ingenitum
3806 2660 3864 2705 et
3919 2651 4172 2720 genitum

2587 2762 2643 2804 et
2698 2750 3027 2819 procedens,
3072 2765 3195 2817 qua:
3248 2747 3473 2817 quidem
3529 2753 3774 2800 sanetam
3833 2744 4170 2797 Trinitatem

2588 2840 2960 2897 constituunt.
2986 2838 3149 2890 unius
3177 2844 3233 2890 et
3267 2836 3515 2906 ejusdem
3557 2843 3771 2888 natura:
3807 2843 3979 2887 sunt:
4016 2833 4170 2901 inge-

2588 2931 2765 2983 nitum
2798 2939 2981 2981 autem
3006 2943 3151 2989 esse,
3195 2935 3252 2979 et
3295 2926 3540 2995 genitum
3568 2939 3711 2985 esse,
3755 2934 3813 2977 et
3864 2923 4170 2993 procedere.

2592 3037 2700 3073 non
2732 3028 2859 3073 sunt
2880 3019 3025 3072 inter
3055 3033 3113 3072 se
3143 3017 3379 3071 similia:
3406 3015 3587 3069 diﬂ‘ert
3617 3015 3766 3069 enim
3798 3015 4089 3083 generatio
4106 3015 4173 3068 ab

2517 3148 2560 3203 ο
2597 3111 3036 3180 ingeneratione,
3068 3117 3126 3162 et
3159 3108 3449 3177 processio
3482 3124 3510 3160 a
3541 3107 3896 3177 generatione
3936 3116 3997 3161 et
4022 3108 4171 3176 inge-

2595 3204 2911 3267 neratione;
2965 3202 3021 3256 in
3080 3201 3282 3269 quibus
3318 3208 3502 3254 autem
3548 3200 3665 3254 hmc
3720 3208 3871 3262 sunt,
3922 3200 4171 3269 ejusdem

2593 3296 2917 3350 substantia:
2935 3304 2988 3348 et
3015 3304 3225 3349 natura:
3253 3303 3402 3348 sunt.
3438 3292 3697 3347 Eamdem
3732 3293 3903 3362 igitur
3918 3294 4175 3346 substan-

2596 3387 2725 3440 tiam
2768 3386 3004 3438 dicimus
3059 3392 3259 3437 sancta:
3286 3382 3614 3445 Trinitatis;
3668 3381 4005 3435 Trinitatem
4037 3382 4173 3435 dici-

2595 3496 2718 3534 mus
2744 3495 2853 3533 non
2901 3479 3363 3539 substantiarum,
3422 3477 3517 3531 sed
3570 3493 3962 3547 personarum:
4006 3494 4173 3532 unum

2594 3573 2740 3626 enim
2767 3574 2937 3626 Deum
2964 3571 3289 3638 profitemur
3329 3586 3440 3625 non
3474 3585 3728 3632 numero,
3788 3570 3885 3625 sed
3930 3581 4126 3625 natura
4158 3591 4172 3625 :

2595 3680 2704 3718 non
2728 3664 2875 3718 enim
2907 3662 3053 3732 quod
3072 3672 3159 3717 est
3186 3663 3415 3716 omnino
3448 3678 3617 3716 unum
3644 3678 3898 3727 numero,
3952 3666 4177 3718 omnino

2593 3757 2761 3810 etiam
2784 3765 2869 3809 est
2894 3769 3063 3808 unum
3110 3762 3327 3807 natura.
3367 3755 3451 3807 ΕΓ
3495 3771 3666 3806 unum
3703 3754 4043 3821 substantia,
4072 3771 4174 3809 non

2594 3856 2679 3902 est
2707 3848 2934 3901 omnino
2972 3863 3142 3900 unum
3172 3861 3429 3899 numero.
3476 3846 3725 3914 Exempli
3776 3862 3943 3902 causa
4014 3866 4176 3903 mun-

2595 3937 2724 3991 dum
2742 3952 3058 3991 sumemus:
3095 3936 3184 3989 hic
3214 3946 3298 3990 est
3320 3952 3554 3989 numero
3586 3937 3812 4005 quidem
3849 3954 4037 4003 unus;
4071 3956 4175 3994 non

2595 4038 2781 4083 autem
2817 4036 2903 4082 est
2936 4044 3080 4081 unus
3110 4028 3446 4089 natura,sed
3466 4029 3638 4083 multa
3678 4045 3746 4083 ex
3785 4031 3994 4099 quibus
4035 4048 4179 4087 com-

2596 4120 2817 4190 positus
2842 4129 2961 4173 est:
3002 4135 3065 4172 ac
3102 4135 3293 4173 rursus
3334 4120 3521 4182 homo,
3551 4136 3697 4175 unus
3721 4121 3947 4190 quidem
3985 4133 4073 4177 est
4089 4140 4179 4177 na-

2598 4220 2756 4275 tura;
2815 4211 3068 4266 inlinitus
3108 4219 3292 4264 autem
3340 4226 3595 4265 numero.
3652 4212 3720 4267 Et
3760 4223 3951 4268 sancta
4015 4216 4177 4285 igitur

2596 4304 2841 4357 Trinitas
2877 4318 3019 4356 unus
3042 4303 3188 4357 Deus
3216 4312 3302 4357 εει
3345 4303 3680 4367 substantia,
3727 4320 3961 4359 numero
3994 4316 4174 4362 autem

2595 4396 2838 4449 Trinitas
2870 4396 2923 4449 in
2950 4396 3129 4465 Patre,
3161 4403 3219 4449 et
3254 4395 3412 4460 Filio,
3455 4406 3511 4449 et
3536 4397 3746 4465 Spiritu
3769 4407 3966 4453 sancto
3982 4402 4179 4455 adora-

918 4494 1068 4547 enim
1122 4490 1275 4543 videt
1324 4488 1541 4543 Patrem
1591 4484 1911 4546 facientem,
1958 4480 2089 4534 facit
2138 4480 2340 4543 Filius;
2383 4494 2495 4533 non
2531 4489 2572 4542 D
2600 4498 2673 4551 ιιι⁹

2412 4494 2495 4533 Ion
2531 4489 2572 4542 D
2600 4498 2673 4551 ta,
2700 4497 2754 4542 et
2796 4488 3125 4557 ὁριζομένης
3161 4503 3449 4556 nunquam
3477 4498 3667 4542 autem
3695 4498 3984 4545 contracta
4034 4493 4174 4547 intra

914 4582 1100 4654 qualia
1123 4580 1274 4641 facit,
1299 4577 1398 4633 sed
1440 4592 1563 4645 qua:
1595 4576 1743 4629 facit.

987 4673 1056 4731 Χ.
1094 4673 1244 4727 Idem
1275 4670 1343 4724 de
1372 4669 1581 4738 Spiritu
1616 4677 1809 4721 sancto
1835 4675 1892 4720 ct
1929 4665 2211 4719 credimus
2232 4673 2289 4718 et
2316 4663 2491 4717 confi-

919 4778 1120 4827 temur,
1148 4779 1271 4818 esse
1304 4762 1514 4816 scilicet
1538 4759 2070 4814 consubstantialem
2097 4757 2245 4812 Patri
2267 4767 2323 4811 et
2354 4756 2492 4810 Filio

916 4864 1352 4916 etcomtcrnum,
1385 4862 1574 4922 utpote
1604 4867 1823 4922 semper
1857 4852 2315 4906 coessistentcm:
2342 4849 2488 4919 quod

916 4951 1067 5006 enim
1098 4959 1183 5003 est
1224 4946 1529 5001 secundum
1558 4945 1925 4999 substantiam
1956 4944 2116 4997 Pater
2147 4941 2241 5011 qui
2277 4942 2487 5011 genuit,

918 5052 977 5097 et
1001 5040 1174 5096 Filius
1201 5038 1296 5107 qui
1346 5036 1566 5107 genitus
1593 5044 1701 5100 est,
1749 5034 1856 5087 llOC
1892 5034 2069 5103 ipsum
2120 5039 2207 5085 est
2251 5030 2492 5100 Spiritus

921 5142 1181 5197 sanctus;
1212 5140 1269 5185 et
1292 5129 1436 5183 sicut
1489 5128 1665 5181 Filius
1688 5141 1755 5181 ex
1801 5126 1984 5186 Patre,
2021 5123 2102 5177 sic
2142 5130 2199 5176 et
2253 5121 2495 5191 Spiritus

924 5235 1149 5279 sanctus
1168 5238 1236 5277 ex
1264 5221 1409 5275 Deo:
1435 5219 1524 5273 ille
1543 5217 1764 5287 quidem
1783 5217 2028 5287 genitus,
2058 5224 2110 5269 et
2141 5214 2267 5269 ideo
2292 5214 2491 5281 Filius;

925 5317 1015 5369 bic
1038 5321 1221 5367 autem
1275 5310 1599 5381 procedens,
1647 5320 1703 5363 et
1732 5316 1817 5362 est
1860 5307 2131 5376 Spiritus:
2170 5306 2255 5359 vel
2311 5307 2495 5375 potius

923 5401 1220 5459 dicendum
1246 5409 1351 5465 est,
1385 5400 1539 5453 illum
1558 5397 1780 5467 quidem
1811 5396 2099 5466 generari,
2128 5396 2277 5449 hunc
2307 5406 2492 5449 autem

1500 5516 1539 5546 "
1564 5513 1695 5568 ibid.
1731 5512 1915 5567 57-58.
2029 5511 2070 5543 "‘
2097 5512 2258 5565 Prov.
2285 5528 2393 5575 vtlt,
2420 5513 2509 5566 2’5.

1659 5585 1704 5616 ’³
1734 5584 1938 5637 Tbrcn.
1970 5599 2042 5646 tv,
2089 5582 2177 5636 20.

999 5519 1041 5550 “
1061 5518 1219 5574 Joan.
1246 5532 1301 5579 ι,
1331 5516 1417 5569 56.

925 5590 1015 5643 ‘16.
1092 5588 1318 5644 "Joan.
1372 5602 1445 5649 iv,
1491 5584 1581 5638 2i.

2600 4581 2956 4642 Trinitatem,
3006 4594 3108 4634 nec
3157 4579 3275 4633 fusa
3316 4588 3469 4633 extra
3527 4581 3669 4635 banc
3688 4581 3755 4635 ad
3785 4582 3954 4636 alium
3987 4600 4177 4639 nume-

2598 4685 2758 4734 rum;
2794 4684 2904 4723 non
2942 4669 3092 4722 enim
3118 4669 3199 4723 fas
3231 4678 3316 4723 est
3356 4677 3451 4721 aut
3480 4669 3802 4725 dualitatem
3846 4671 4173 4745 intelligere,

2597 4767 2692 4810 aut
2713 4756 3143 4825 quaternitatem
3197 4755 3575 4821 introducere,
3631 4765 3730 4810 aut
3762 4772 3889 4811 cum
3926 4760 4037 4816 hoc
4059 4779 4173 4834 my-

2596 4849 2736 4902 stico
2782 4856 2987 4902 sancta:
3046 4847 3333 4901 Trinitatis
3384 4863 3618 4902 numero
3665 4850 4029 4921 conjungere,
4084 4864 4175 4909 aut

2596 4939 2805 5010 aliquid
2854 4955 2921 4994 ex
2958 4955 3024 4994 eo
3046 4939 3287 4993 demere.
3329 4939 3575 4994 Trinitas
3615 4940 3762 4994 enim
3792 4950 3880 4997 est
3936 4959 4171 5015 semper,

2602 5041 2713 5085 tota
2739 5032 3002 5096 creatrix,
3056 5038 3167 5085 tota
3214 5031 3518 5097 adoranda,
3573 5044 3845 5089 coaeterna
3891 5037 4023 5103 sibi,
4064 5041 4175 5095 sola

2603 5124 2880 5177 increata:
2914 5132 3065 5177 creat
3110 5123 3280 5185 enim,
3319 5137 3431 5176 non
3492 5134 3740 5179 creatur:
3767 5127 3908 5182 nihil
3938 5144 4005 5184 ea
4040 5132 4177 5185 anti-

2601 5214 2786 5283 quius,
2814 5222 2908 5267 aut
2936 5214 3212 5283 posterius
3240 5230 3254 5266 :
3285 5212 3417 5267 illud
3442 5214 3588 5269 enim
3613 5224 3738 5269 ante
3758 5225 3814 5271 et
3836 5230 3977 5288 post,
3996 5231 4175 5290 partes

2603 5305 2870 5373 temporis
2890 5316 3053 5370 sunt;
3079 5306 3226 5359 Deus
3258 5314 3439 5359 autem
3466 5314 3776 5375 temporum
3801 5320 4031 5365 auctor:
4069 5329 4172 5366 non

2601 5398 2752 5449 enim
2780 5396 2882 5450 sub
2913 5404 3162 5465 tempore
3190 5408 3305 5451 est:
3358 5398 3696 5468 impossibile
3742 5409 3931 5455 autem
3952 5412 4038 5457 est
4076 5405 4173 5457 ali-

2622 5513 2665 5544 "
2698 5513 2858 5567 Joan.
2888 5529 2979 5579 xv,
3006 5513 3097 5567 26.
3212 5514 3257 5545 ”
3285 5514 3444 5570 Joan.
3472 5532 3583 5582 xvi,
3616 5516 3705 5572 27.
3816 5520 3860 5551 ⁸⁸
3891 5520 4051 5577 Joan.
4090 5537 4169 5585 xv,

2197 5696 2432 5751 \‘Attl/E
2475 5697 2880 5753 LECTIONES.

1029 5796 1055 5836 δ
1082 5796 1291 5852 Nodum
1322 5794 1570 5863 ἔκλῃψιν.

1674 5804 1695 5831 ε
1735 5791 1919 5863 lugen.
1957 5792 2113 5860 gruit.
2151 5801 2198 5844 et
2236 5793 2441 5858 proved.
2481 5791 2794 5861 dyzwmia,
2841 5794 3113 5861 γέννησις,
3159 5790 3500 5862 ἐκπύρωσις.
