4462 6440
275 390 430 452 1217

1331 386 1617 447 ORITIO
1660 382 1706 443 ι.
1743 407 1800 417 -
1837 379 1933 439 DE
1974 380 2076 438 SS.
2117 377 2557 438 TRINITATE.

3432 373 3562 438 IIIIS

270 507 426 574 quid
460 503 606 558 intra
625 502 955 556 Trinitatem
989 499 1340 568 intelligere;
1379 495 1652 564 siquidem
1736 487 1879 558 quod
1917 495 1956 545 Α
1989 487 2200 548 uitatis,
2239 501 2346 539 uua
2385 487 2535 538 enim
2566 495 2678 550 est;
2732 495 2788 538 at
2816 499 2924 537 non
2963 483 3040 538 sic
3085 495 3168 538 est
3217 497 3471 554 angusta,
3505 497 3565 540 ut

275 596 438 650 infra
465 595 836 648 substantiam
859 591 1184 651 collocatur,
1214 603 1397 640 secum
1421 586 1588 639 infert
1612 598 1733 652 qme
1755 589 1884 634 sunt

272 689 548 758 ejusdem
626 686 972 740 substantke.
1052 683 1261 738 Idcirco
1321 680 1463 734 nihil
1540 676 1752 731 humile
1817 674 1883 727 de

277 793 404 830 uno
446 778 778 839 sentiamus,
827 789 894 828 ne
949 771 1110 827 simul
1169 771 1377 824 humile
1417 768 1715 822 reddamus
1765 764 1886 817 uni-

278 886 556 924 versum:
585 884 696 922 non
725 869 871 920 enim
909 865 1121 935 patitur
1159 864 1306 917 Deus
1343 880 1370 916 a
1421 856 1881 915 consubstantiali

281 963 547 1030 separari
575 976 793 1029 ;neque
841 959 1073 1028 gloriam
1126 956 1282 1009 ducit
1309 953 1555 1007 dedecus
1604 954 1746 1022 ejus,
1787 950 1882 1018 qui

283 1069 418 1106 eum
455 1055 610 1122 ipso:
644 1063 728 1107 est
755 1060 940 1105 autem
982 1049 1226 1102 dedecus
1257 1047 1389 1101 illud
1430 1046 1664 1116 quando,
1694 1053 1750 1096 et
1780 1060 1882 1094 non

283 1151 429 1203 erat,
455 1152 514 1196 et
548 1153 809 1203 creatum,
841 1149 897 1194 et
931 1157 994 1193 ea:
1026 1156 1128 1192 non
1164 1138 1566 1190 ea'ststentibus:
1604 1151 1725 1204 qua:
1755 1145 1883 1187 sunt

286 1235 482 1287 omnia
506 1251 534 1287 a
556 1233 728 1302 gloria
752 1234 846 1286 Dei
875 1234 1078 1286 aliena.

361 1325 483 1378 XII.
518 1325 622 1390 Qui
675 1325 843 1394 igitur
892 1335 1138 1378 sanctam
1175 1323 1504 1377 Trinitatem
1555 1321 1726 1374 Deum
1759 1335 1882 1374 esse

288 1421 653 1488 protitemur,
682 1433 1026 1486 qumeunque
1056 1417 1124 1468 de.
1165 1417 1277 1470 Deo
1305 1415 1474 1478 dicta,
1501 1415 1706 1467 absona
1731 1423 1880 1475 sttnt,

290 1512 436 1564 nihil
496 1527 693 1564 eorum
725 1526 792 1563 ne
815 1509 1125 1578 cogitemus
1161 1509 1410 1578 quidem,
1456 1507 1658 1560 nedum
1697 1507 1882 1575 lingua

289 1604 621 1658 eITeran'ius.
647 1603 782 1656 Cum
816 1613 1052 1656 testatur
1077 1603 1222 1656 Dens
1244 1602 1311 1655 dc
1343 1601 1482 1655 Filio
1508 1621 1536 1654 a
1566 1617 1623 1654 se
1673 1600 1880 1669 genito,

289 1693 446 1761 quod
482 1709 548 1744 ea:
574 1701 722 1744 utero
749 1703 872 1744 ante
904 1692 1199 1760 Luciferum
1222 1692 1410 1760 genuit
1433 1707 1559 1744 eum
1582 1691 1648 1751 “,
1673 1699 1880 1741 uterum

292 1784 550 1853 intellige
574 1785 630 1836 in
667 1784 887 1837 occulto
914 1784 1254 1836 reconditam
1293 1794 1349 1836 et
1390 1782 1722 1836 ineffabilem
1748 1781 1881 1834 sub-

1989 594 2094 630 una
2155 577 2467 650 hypostasis
2497 577 2806 631 divinitatis
2860 576 3390 632 circumscribatur:
3444 595 3566 648 qua!

1989 686 2093 723 tina
2126 669 2351 738 quidem
2387 678 2492 732 est,
2523 678 2582 721 ttt
2610 669 2908 733 divinitas;
2942 678 3000 722 ιιι
3054 678 3237 722 autem
3273 679 3400 722 sunt
3435 687 3564 739 pro~

1987 764 2251 833 prietatcs
2268 762 2732 816 characteristicre
2746 778 3128 831 personarum,
3153 761 3328 825 idest,
3350 762 3568 831 signan-

1991 868 2072 911 tes
2097 871 2382 926 personas,
2412 865 2524 908 tres
2547 862 2706 906 sunt:
2737 863 2822 906 est
2854 855 2999 906 enim
3037 854 3220 913 Pater,
3255 854 3436 915 Pater,
3471 853 3564 921 qui

1988 964 2097 1002 non
2133 948 2358 1017 quidem
2415 947 2589 1000 Filius
2618 955 2725 1009 est,
2787 946 2935 999 Deus
2969 962 3095 998 vero
3126 957 3242 999 est:
3297 955 3351 998 et
3397 945 3570 999 Filius

1988 1041 2248 1094 similiter
2285 1039 2481 1102 Filius,
2514 1039 2606 1106 qui
2641 1053 2753 1092 non
2787 1037 3011 1106 quidem
3051 1037 3213 1090 Pater
3273 1047 3380 1100 est,
3421 1038 3568 1092 Deus

1990 1142 2170 1183 tamen
2196 1140 2281 1183 est
2316 1149 2326 1181 :
2358 1140 2412 1182 et
2445 1129 2686 1198 Spiritus
2711 1138 2934 1182 sanctus
2967 1143 3146 1195 neque
3177 1128 3358 1190 I‘atcr,
3384 1142 3565 1197 neque

1991 1224 2161 1277 Filius
2188 1231 2293 1283 est,
2322 1222 2415 1274 sed
2443 1222 2508 1283 is,
2539 1220 2632 1288 qui
2665 1220 2868 1272 dicitur
2891 1219 3131 1287 Spiritus
3159 1228 3403 1281 sanctus,
3425 1219 3566 1272 Deus

1989 1331 2150 1368 verus
2180 1323 2266 1368 cst
2291 1333 2302 1366 :
2332 1312 2478 1383 quod
2516 1311 2666 1364 enim
2700 1319 2783 1364 est
2827 1310 3137 1364 substantia
3178 1311 3566 1381 unusquisque

1986 1424 2178 1460 eorum
2203 1408 2297 1476 qui
2357 1405 2489 1459 dicti
2527 1415 2678 1465 sunt,
2719 1407 2822 1458 hoc
2877 1413 3006 1456 sunt
3035 1405 3127 1472 qui
3163 1404 3324 1456 simul
3385 1404 3568 1458 nomi-

1989 1510 2212 1561 nantur,
2240 1509 2293 1552 et
2324 1498 2486 1552 simul
2523 1507 2676 1550 sunt:
2708 1496 2858 1551 circa
2885 1512 3151 1566 personas
3175 1497 3324 1550 enim
3349 1505 3435 1550 est
3454 1495 3560 1549 dif-

1989 1592 2240 1652 ferentia,
2265 1607 2371 1644 non
2408 1591 2554 1642 circa
2589 1589 2977 1643 substantiam.

2059 1685 2200 1738 XIII.
2234 1683 2389 1749 Quod
2447 1699 2580 1750 ergo
2626 1689 2713 1734 est
2748 1681 2910 1735 Pater
2949 1681 3043 1749 qui
3077 1682 3289 1748 genuit,
3325 1680 3433 1734 hoc.
3481 1689 3568 1735 est

1990 1777 2162 1830 Filius
2191 1775 2434 1844 genitus,
2477 1772 2732 1841 quamvis
2782 1788 2892 1824 non
2944 1773 3166 1841 genuit:
3204 1769 3482 1839 siquidem
3512 1781 3567 1825 et

291 1874 602 1924 stantiam:
631 1883 686 1926 et
709 1888 904 1925 rursus
938 1888 1061 1925 cum
1084 1871 1218 1924 dicit
1272 1872 1339 1925 de
1385 1872 1597 1940 Spiritu
1662 1882 1878 1932 sancto,
1916 1847 1956 1901 Β
1989 1871 2078 1924 ille
2096 1885 2207 1922 non
2234 1868 2475 1937 genitus,
2505 1867 2601 1935 qui
2629 1865 2858 1935 genuit:
2900 1864 3045 1933 quod
3076 1874 3163 1918 est
3195 1865 3438 1934 genitus,
3464 1865 3570 1919 hoc

290 1960 534 2028 Spiritus
563 1975 698 2011 ante
722 1961 876 2014 exibit
909 1960 981 2022 ";
1011 1959 1261 2012 Salvator
1312 1975 1442 2012 vero
1489 1969 1676 2010 noster
1725 1959 1884 2013 Jesus

291 2051 362 2104 de
390 2051 858 2105 consubstantiali
891 2067 991 2103 suo
1019 2050 1304 2104 I’aracleto
1334 2051 1431 2112 ait,
1464 2051 1609 2118 quod
1635 2068 1698 2103 ea:
1722 2051 1884 2104 Patre

291 2143 532 2211 quidem
562 2144 794 2212 procedit
821 2144 904 2208 ";
937 2143 1139 2211 accipit
1170 2154 1352 2197 autem
1393 2159 1457 2196 ev
1487 2144 1650 2206 Filio,
1699 2143 1883 2196 omnia

293 2250 421 2302 quae
454 2235 640 2288 Patris
679 2244 808 2289 sunt
844 2236 910 2298 ’⁷,
947 2236 1050 2289 sibi
1107 2237 1326 2304 propria
1387 2235 1624 2289 faciente
1681 2245 1736 2290 et
1783 2235 1884 2288 ha-

295 2323 468 2378 bente
507 2343 520 2376 :
551 2341 658 2377 una
691 2341 929 2393 namque
957 2326 1266 2379 substantia
1309 2334 1413 2386 est,
1447 2335 1504 2378 et
1558 2327 1721 2379 unius
1752 2327 1882 2381 sub-

296 2415 524 2468 stantia:
554 2415 867 2468 communia
899 2415 1118 2478 omnia;
1167 2415 1476 2467 communis
1534 2432 1665 2469 vero
1718 2417 1882 2470 etiam

297 2506 614 2558 substantia
643 2523 655 2558 :
690 2506 958 2558 naturalis
978 2506 1124 2558 enim
1150 2515 1233 2560 est
1259 2505 1565 2558 habitudo:
1595 2516 1785 2575 etquae
1815 2508 1882 2560 ad

297 2595 517 2664 aliquid
576 2597 764 2664 aliquo
823 2597 985 2650 modo
1015 2612 1074 2649 se
1105 2597 1309 2649 habent
1340 2639 1352 2660 ,
1390 2613 1578 2650 secum
1636 2599 1885 2654 inferunt

299 2688 405 2741 alia
437 2687 509 2740 ad
541 2703 663 2757 qua:
687 2689 1012 2741 naturaliter
1037 2689 1244 2742 habent
1273 2689 1685 2744 habitudinem:
1720 2693 1886 2746 infert

299 2795 434 2850 ergo
493 2796 682 2833 secum
717 2781 878 2835 Pater
926 2781 1157 2846 Filium,
1213 2791 1269 2834 et
1321 2782 1491 2835 Filius
1531 2783 1771 2846 Patrem,
1829 2793 1884 2837 et

300 2873 445 2924 alter
505 2872 628 2924 sine
663 2871 838 2924 altero
879 2871 1114 2940 intelligi
1169 2887 1278 2924 non
1336 2882 1546 2940 potest:
1599 2873 1702 2926 nisi
1735 2874 1882 2926 enim

302 2964 482 3018 Filius
523 2964 616 3026 sit,
654 2963 875 3031 penitus
905 2963 1067 3015 Pater
1103 2977 1214 3016 non
1246 2963 1375 3016 erit.
1417 2965 1553 3029 Quis
1596 2966 1742 3018 enim
1779 2966 1886 3018 erit

302 3055 548 3117 Pater,si
579 3071 688 3107 non
713 3054 787 3106 sit
815 3052 1022 3106 Filius?
1046 3061 1101 3106 et
1131 3069 1327 3106 rursus
1357 3054 1637 3122 quomodo
1689 3055 1879 3116 Filius,

1985 1971 2068 2014 est
2097 1962 2210 2029 ipse
2231 1960 2472 2028 genitor,
2502 1957 2808 2012 secundum
2840 1956 3229 2010 substantiam.
3287 1955 3561 2010 Similiter

1987 2053 2232 2122 Spiritus
2254 2063 2500 2114 sanctus,
2533 2051 2626 2121 qui
2674 2065 2854 2117 neque
2884 2049 3099 2117 genuit,
3134 2065 3314 2118 neque
3342 2048 3568 2118 genitus

1985 2154 2092 2210 est,
2119 2145 2426 2199 secundum
2466 2152 2720 2196 naturam
2775 2141 2879 2194 huc
2933 2146 3111 2209 ipsum
3152 2151 3258 2203 cst,
3291 2140 3435 2210 quod
3470 2139 3563 2208 qui

1986 2238 2198 2307 genuit,
2236 2244 2292 2290 et
2327 2236 2421 2304 qui
2453 2235 2674 2304 genitus
2694 2241 2813 2286 est:
2855 2232 3238 2301 unusquisque
3267 2232 3414 2284 enim
3438 2246 3564 2283 cum

1985 2328 2258 2400 ejusdem,
2294 2338 2352 2380 et
2377 2326 2561 2382 unius.
2589 2341 2651 2376 ac
2688 2324 2882 2384 solius,
2919 2324 3181 2376 increata:
3223 2330 3434 2374 naturre
3460 2321 3564 2383 sit;

1987 2420 2195 2491 proprii
2226 2417 2396 2480 modi,
2423 2426 2481 2470 ut
2508 2417 2581 2470 ita
2609 2416 2812 2470 dicam.
2845 2415 3239 2483 proprietatem
3274 2412 3565 2466 characte-

1991 2513 2232 2566 ristieam
2271 2510 2582 2580 personalis
2620 2506 2936 2577 liypostasis
2969 2507 3203 2559 sortitus
3229 2514 3333 2558 est.
3381 2504 3565 2564 Pater,

1988 2599 2536 2670 ingenitum;Filius.
2580 2599 2843 2666 genitum;
2878 2594 3123 2664 Spiritus
3163 2604 3407 2656 sanctus,
3438 2610 3564 2662 pro-

1987 2694 2308 2753 cessionem;
2343 2698 2399 2742 et
2431 2704 2539 2740 non
2567 2687 2704 2739 Iiunt
2744 2686 2859 2738 lrzec
2889 2684 3224 2744 communia,
3249 2684 3392 2737 sicut
3417 2699 3570 2736 com-

1989 2799 2210 2838 munem
2243 2779 2892 2836 substantiamdicimus:
2947 2793 3054 2830 non
3088 2777 3236 2830 enim
3277 2777 3564 2846 proprium

1988 2877 2044 2930 in
2074 2889 2370 2928 commune
2421 2871 2646 2934 transit;
2709 2871 2917 2938 alioqui
2950 2870 3230 2938 quomodo
3273 2869 3562 2938 proprium

1987 2966 2253 3020 esset?et
2303 2964 2453 3033 quod
2495 2977 2790 3017 commune
2822 2961 3072 3014 omnium
3116 2970 3222 3023 est,
3282 2959 3566 3030 quomodo

1990 3057 2279 3127 proprium
2315 3056 2552 3124 alicujus
2582 3070 2826 3123 unquam
2859 3054 3008 3108 erit?
3047 3054 3193 3107 sicut
3235 3054 3386 3107 enim
3440 3054 3567 3106 risi-

299 3149 344 3202 si
378 3164 495 3202 non
525 3147 600 3202 sit
629 3147 828 3201 Pater?
870 3147 1177 3200 sicutenim
1203 3147 1326 3209 hoc,
1357 3148 1437 3200 sic
1462 3147 1620 3200 illud.
1642 3149 1880 3202 Verbum
1913 3179 1956 3235 ο
1990 3151 2111 3212 bile,
2142 3149 2301 3204 verbi
2333 3151 2537 3218 gratia,
2585 3163 2694 3202 nou
2755 3157 2839 3201 est
2889 3149 3177 3217 proprium
3232 3145 3566 3217 cujuspiam,

299 3250 494 3296 autem
544 3256 671 3294 cum
707 3240 776 3292 sit
820 3239 1030 3302 Filius,
1084 3254 1272 3292 secum
1326 3239 1490 3291 simul
1541 3239 1882 3294 demonstrat

303 3334 616 3402 Spiritum;
654 3331 892 3384 Verbum
925 3332 1071 3384 enim
1104 3347 1214 3383 non
1259 3340 1343 3384 est
1373 3331 1580 3400 absque
1637 3332 1881 3401 Spiritu;

303 3436 490 3489 neque
518 3435 676 3474 mens
698 3419 906 3487 absque
955 3418 1179 3472 Verbo:
1241 3427 1479 3472 mentem
1519 3430 1700 3473 autem
1743 3421 1884 3474 dici~

304 3530 429 3569 mus
456 3513 676 3567 Patrem
702 3511 900 3575 Verbi;
930 3518 1172 3563 mentem
1204 3509 1353 3571 dico,
1389 3509 1442 3561 in
1475 3525 1581 3577 qua
1616 3509 1884 3573 Verbum,

304 3621 435 3660 cum
477 3619 590 3673 quo
615 3603 860 3672 Spirittts
879 3612 1123 3662 sanctus,
1155 3601 1247 3668 qui
1273 3602 1494 3670 spiritus
1522 3603 1626 3654 oris
1660 3601 1757 3654 Dei
1787 3617 1885 3655 vo-

306 3707 468 3751 catur
501 3695 582 3759 ²⁷;
617 3710 680 3748 os
707 3709 943 3762 namque
972 3693 1149 3746 l’atris
1175 3691 1346 3745 Filius
1389 3701 1495 3746 est.
1556 3693 1734 3758 Quare
1784 3709 1882 3747 ne—

308 3787 560 3842 cessario
592 3799 860 3838 numerus
908 3783 1201 3836 Trinitatis
1234 3783 1289 3836 in
1339 3782 1524 3836 divina
1567 3793 1763 3837 natura
1792 3799 1884 3837 ac-

308 3879 518 3949 cipitur
545 3877 613 3930 ad
649 3875 1186 3929 demonstrationem
1213 3889 1599 3941 personarum,
1635 3875 1728 3942 qui
1786 3892 1887 3927 nu-

312 3984 502 4021 merus
532 3964 918 4018 habitudinem
944 3979 1134 4018 earum
1179 3964 1597 4017 substantialem
1657 3974 1713 4018 et
1752 3964 1885 4018 sub-

309 4060 531 4114 stantize
565 4067 900 4112 coaeternam
933 4055 1197 4109 ostendit.
1233 4055 1560 4110 Trinitatem
1594 4073 1726 4110 vero
1750 4058 1888 4112 diei-

311 4167 434 4206 mus
471 4165 583 4204 non
617 4147 920 4202 secundum
945 4147 1400 4215 compositionem
1436 4149 1707 4202 unitatum
1738 4165 1888 4203 com-

310 4242 642 4313 positam,e.t
659 4238 1098 4307 progredientem
1118 4237 1185 4290 ab
1202 4237 1411 4290 unitate
1435 4238 1500 4290 ad
1521 4237 1846 4293 Trinitatem
1870 4257 1882 4292 :

311 4331 593 4387 antecedit
657 4329 804 4382 enim
855 4328 1170 4395 hujusmodi
1211 4328 1537 4381 Trinitatem
1595 4330 1799 4394 unitas,
1831 4340 1887 4384 et

311 4423 582 4485 dualitas;
602 4429 658 4474 et
675 4435 870 4473 rursus
891 4420 1142 4489 sequitur
1153 4420 1516 4488 quaternitas,
1534 4420 1882 4491 etdeineeps.

1988 3253 2073 3297 est
2109 3243 2257 3298 enim
2290 3242 2539 3296 omnium
2564 3259 2576 3294 :
2600 3242 2680 3294 sic
2713 3257 2820 3295 non
2840 3251 2924 3294 est
2954 3240 3201 3293 omnium
3240 3242 3572 3302 simum,aut

1991 3336 2279 3396 attuncmn,
2310 3333 2403 3385 sed
2441 3331 2607 3383 unius
2630 3339 2758 3382 sunt
2786 3330 2951 3383 talia:
2996 3338 3052 3382 at
3087 3329 3340 3397 exempla
3373 3327 3570 3397 imagi-

1990 3424 2077 3477 nis
2109 3422 2330 3491 indigna
2361 3429 2511 3486 sunt,
2564 3420 2773 3481 fateor;
2821 3420 3070 3488 exempla
3112 3428 3291 3473 tamen
3342 3427 3470 3472 sunt
3497 3418 3567 3474 ad

1987 3513 2403 3575 declarandum,
2436 3511 2588 3564 nullo
2625 3510 2791 3564 modo
2828 3509 2945 3564 fieri
2985 3524 3171 3579 posse,
3202 3517 3261 3561 ut
3283 3524 3405 3576 qua:
3437 3523 3570 3577 pro-

1988 3607 2109 3676 prie
2149 3604 2318 3659 alicui
2345 3603 2554 3665 insunt,
2621 3613 2831 3655 nature.
2893 3602 3256 3655 mutationem
3302 3599 3567 3655 cﬂiciant.

1985 3696 2122 3749 Cum
2165 3693 2315 3746 enim
2360 3691 2692 3754 communis,
2757 3701 2815 3744 ut
2860 3691 2996 3754 dixi,
3041 3690 3112 3744 sit.
3140 3691 3452 3745 substantia
3508 3692 3566 3746 in

1987 3797 2172 3839 sancta
2229 3784 2526 3847 Trinitate,
2576 3783 2861 3851 proprium
2912 3781 3056 3850 quod
3115 3782 3258 3836 inest
3292 3784 3565 3852 personis,

1990 3878 2319 3948 hypostases
2355 3874 2688 3943 distinguit:
2754 3883 2948 3942 estque
2986 3874 3160 3928 solius
3205 3874 3383 3928 Patris
3438 3889 3568 3943 pro-

1991 3971 2198 4039 priunt,
2228 3967 2566 4037 ingenitum;
2598 3965 2743 4028 Filii,
2777 3968 3049 4035 genitum,
3086 3966 3327 4035 Spiritus
3388 3967 3565 4022 sancti

1990 4062 2307 4132 procedens:
2345 4074 2448 4113 nec
2483 4066 2708 4127 Oportet
2742 4058 2794 4110 in
2853 4059 3072 4126 propria
3120 4059 3224 4111 ista
3261 4059 3563 4122 intuentes,

1989 4151 2356 4206 diﬂ'ercntiam
2389 4164 2609 4218 quoque
2637 4148 2961 4202 substantia:
2988 4164 3234 4217 quaerere
3263 4167 3274 4201 :
3332 4150 3565 4219 impium

1987 4245 2134 4299 enim
2171 4252 2256 4297 est
2284 4242 2446 4296 simul
2471 4251 2526 4295 et
2561 4242 2791 4294 stultum
2816 4241 2931 4295 haec
2955 4241 3260 4310 suspicari:
3290 4241 3384 4310 qui
3415 4240 3564 4296 enim

1990 4335 2093 4388 hoc
2124 4340 2280 4403 putat
2307 4346 2501 4386 verum
2536 4347 2678 4393 esse,
2719 4340 2775 4384 et
2831 4331 2992 4384 simul
3024 4346 3148 4384 cum
3202 4331 3564 4399 proprietati-

1989 4423 2093 4476 bus
2117 4420 2494 4496 singularibus
2518 4430 2539 4457 ο
2558 4420 2925 4474 substantiam
2957 4429 3165 4484 mutat;
3191 4427 3350 4489 putet
3374 4421 3562 4480 etiam,

313 4514 572 4569 Sanctam
627 4527 762 4565 vero
790 4512 1112 4565 Trinitatem
1148 4527 1256 4565 non
1304 4511 1639 4566 antecedunt
1686 4513 1888 4574 unitas,
1923 4521 1967 4576 ι)
1999 4525 2057 4567 ut
2088 4526 2435 4580 consequens
2472 4519 2575 4573 est,
2611 4509 2783 4564 Adam
2829 4520 2886 4564 et
2947 4509 3116 4564 Evam
3162 4519 3217 4562 et
3262 4509 3397 4562 Abel
3451 4525 3563 4565 non

313 4605 396 4657 vel
430 4602 696 4664 dualitas,
731 4617 910 4670 neque
949 4601 1205 4669 sequitur
1238 4601 1600 4670 quaternitas,
1641 4610 1697 4655 et
1724 4603 1882 4656 dein-

315 4708 472 4761 ceps;
511 4700 710 4744 natura
737 4693 884 4744 enim
903 4699 990 4744 est
1011 4690 1254 4744 Trinitas
1267 4707 1486 4761 semper
1499 4692 1694 4746 eodem
1719 4694 1885 4748 modo

316 4799 370 4836 se
405 4781 644 4843 habens,
683 4797 863 4849 neque
890 4780 1173 4846 deﬁciens,
1223 4798 1323 4836 nec
1363 4783 1678 4839 abundans:
1715 4785 1887 4854 siqui—

315 4874 437 4927 dem
470 4872 528 4926 in
559 4872 771 4925 unitate
814 4871 1140 4925 Trinitatem
1185 4874 1654 4942 eontemplamur;
1718 4884 1776 4929 et
1830 4877 1882 4929 in

318 4962 590 5017 Trinitate
621 4961 917 5014 unitatem:
970 4977 1095 5016 cum
1143 4961 1292 5015 enim
1325 4962 1687 5016 substantiam
1723 4963 1883 5017 intel-

318 5054 563 5125 ligimus,
593 5053 899 5121 simplicem
931 5054 1202 5106 unitatem
1247 5054 1724 5122 contetnplamur;
1758 5070 1882 5108 cum

319 5159 451 5198 vero
506 5143 854 5212 hypostases,
904 5142 1229 5197 Trinitatem
1287 5143 1648 5212 profitemur:
1714 5159 1886 5214 usque

321 5236 386 5289 ad
422 5235 596 5288 solam
661 5234 810 5288 enim
842 5234 1167 5288 Trinitatem
1219 5252 1578 5304 personarum
1627 5238 1888 5292 dilatatur

322 5327 504 5383 unitas
528 5324 885 5380 substantiae:
922 5328 1027 5380 etsi
1069 5327 1218 5381 enim
1249 5338 1333 5382 est
1362 5345 1468 5382 una
1516 5337 1708 5382 natura
1742 5330 1886 5383 divi-

389 5474 436 5506 “
471 5473 613 5528 Psal.
657 5490 762 5539 cu,
790 5476 842 5529 ’5.
925 5476 968 5506 ’⁵
1002 5475 1083 5529 Isa
1119 5491 1242 5540 Lvn,
1277 5476 1360 5530 16.
1437 5479 1483 5508 ’⁸
1513 5479 1669 5534 Joan.
1700 5478 1914 5540 xw,26.

1985 4621 2107 4661 esse
2169 4603 2416 4671 ejusdem
2461 4601 2824 4654 substantite:
2866 4601 2996 4670 quia
3043 4599 3215 4654 Adam
3250 4608 3334 4654 est
3363 4600 3567 4653 forma-

1984 4707 2076 4752 tus
2105 4695 2123 4734 τ
2149 4713 2162 4760 ;
2186 4695 2296 4748 Eva
2326 4692 2566 4746 abscissa
2589 4708 2602 4755 ;
2623 4691 2759 4746 Abel
2788 4692 3035 4760 genitus:
3062 4699 3118 4742 et
3143 4689 3313 4744 Adam
3338 4689 3562 4759 quidem

1987 4797 2165 4858 pater,
2189 4787 2303 4839 Eva
2328 4799 2461 4838 vero
2516 4792 2715 4845 mater,
2764 4782 2899 4836 Abel
2926 4791 3112 4836 autem
3152 4781 3329 4834 tilius:
3371 4797 3563 4834 omnes

1989 4889 2166 4933 tamen
2189 4877 2445 4930 homines
2482 4875 2787 4928 secundum
2817 4874 3186 4927 substantiam
3235 4873 3374 4926 nihil
3417 4873 3563 4927 inter

1987 4985 2044 5023 se
2085 4967 2426 5029 differentes,
2453 4964 2669 5018 tametsi
2704 4962 2874 5018 Adam
2905 4979 3012 5016 non
3039 4971 3122 5016 est
3151 4963 3478 5016 naturaliter
3494 4978 3560 5017 ex

1984 5056 2331 5130 parentibus,
2388 5055 2483 5109 sed
2520 5055 2785 5107 formatus
2834 5062 2918 5106 est
2966 5053 3059 5107 Dei
3126 5051 3417 5117 manibus;
3446 5051 3560 5106 Eva

1986 5166 2110 5219 pars
2142 5157 2227 5201 est
2260 5145 2502 5209 formati,
2539 5161 2606 5198 ex
2637 5145 2757 5198 viro
2788 5144 3058 5208 abscissa;
3095 5142 3231 5197 Abel
3261 5151 3443 5197 autent
3492 5157 3559 5195 ex

1988 5241 2228 5294 formato
2257 5249 2312 5293 et
2367 5237 2610 5292 abscissa
2651 5236 2982 5289 naturaliter
3029 5244 3213 5289 ortum
3270 5235 3436 5305 cepit,
3491 5249 3557 5289 ex

1989 5331 2312 5401 parentibus
2343 5329 2593 5399 genitus:
2630 5344 2738 5381 non
2771 5328 2918 5381 enim
2942 5326 3228 5396 multiplex
3269 5325 3558 5394 productio

1995 5479 2214 5533 "Joan.
2245 5494 2354 5544 xvt,
2399 5479 2483 5532 14.
2553 5477 2597 5507 ’⁸
2630 5476 2772 5530 Psal.
2801 5491 2964 5537 χχχιι,
3004 5475 3057 5529 6.

1611 5631 1841 5686 νΑηιΑ]
1881 5630 2286 5688 LECTIONES.

328 5741 350 5778 ⁸
381 5740 681 5816 Significat,
711 5756 820 5795 non
843 5740 1308 5816 esse'l‘rinitatem
1334 5741 1388 5794 in
1420 5756 1618 5816 genere
1649 5742 1990 5816 substantiae,
2018 5741 2110 5794 sed
2145 5755 2313 5816 supra
2341 5738 2726 5816 substantiam,
2756 5756 2879 5806 qua:
2903 5750 2987 5794 est
3017 5739 3070 5795 in
3107 5740 3552 5811 prtedicamento.

332 5819 356 5850 ο
382 5811 537 5882 Prop.
571 5813 708 5881 sing.
749 5813 1097 5883 powrpérm;
1135 5812 1408 5880 ἱδιώμασι.

1500 5814 1520 5854 ί
1554 5811 1730 5866 Form.
1767 5812 1906 5869 abst.
1943 5827 2062 5881 gen.
2102 5811 2348 5879 πλάσμα,
2387 5811 2601 5879 τμῆμα,
2654 5812 2917 5879 γέννημα.
