4462 6440
898 387 1030 450 131‘.)

2021 375 2079 431 S.
2124 368 2524 431 ANASTASII
2589 365 3055 427 ANTIOCIIENI

4026 367 4168 429 1329

889 510 947 548 et
973 493 1327 559 variatioqua
1350 489 1700 546 exstiterunt,
1725 492 1981 536 naturam
2000 479 2476 544 variavit.Quare,
2508 481 2548 534 Α
2581 476 2746 528 simul
2777 490 2963 528 secum
3009 473 3207 537 infert;
3250 482 3305 525 ct
3349 472 3651 533 sublatum,
3706 473 3944 526 alterum
3994 474 4167 526 simul

894 598 954 639 ut
984 600 1125 652 saepe
1158 582 1422 641 diximus,
1459 576 1771 647 proprietas
1791 574 1938 627 circa
1972 570 2338 624 substantiam
2366 584 2473 621 non

891 678 1056 730 simul
1112 683 1289 728 nmtat
1326 669 1719 731 substantiam,
1779 681 1958 734 neque
2019 662 2254 725 scindit;
2290 669 2477 713 manet

890 767 1041 821 enim
1066 765 1279 832 integra
1317 764 1341 799 κ
1368 761 1424 814 in
1456 758 1671 811 sortitis
1697 753 2075 810 exsistentiam
2104 751 2475 811 diﬁerentem,

892 868 949 913 et
976 868 1089 911 tota
1126 864 1212 913 est
1261 854 1381 907 sine
1419 851 1670 905 sectione
1707 858 1762 901 et
1797 846 2074 899 divisione
2132 844 2185 896 in
2221 842 2476 909 singulis,

898 966 1005 1004 non
1047 948 1191 1001 facta
1214 944 1436 1014 propria
1482 940 1789 996 secundum
1845 937 2269 1005 proprietatem.
2311 932 2483 985 «Om-

898 1043 983 1095 nis
1011 1040 1160 1094 enim
1190 1039 1357 1091 homo
1421 1036 1588 1088 homo
1629 1041 1733 1093 est,
1788 1039 1956 1082 totam
2008 1026 2370 1081 substantiatn
2427 1023 2482 1075 in

900 1150 956 1188 se
979 1135 1099 1200 ipso
1131 1130 1350 1183 habens
1379 1126 1790 1195 impartiliilem.
1822 1144 1838 1172 ι
1879 1122 1934 1175 In
1977 1119 2265 1173 divinitate
2293 1116 2481 1185 igitur,

900 1228 1045 1292 quod
1080 1222 1287 1274 dicitur
1308 1235 1428 1271 esse
1455 1214 1761 1270 secundum
1789 1209 2152 1266 substantiam
2187 1208 2232 1259 is
2264 1222 2329 1259 ex
2350 1219 2482 1273 quo,

904 1315 956 1367 id
990 1324 1096 1367 est.
1143 1314 1285 1365 Deus
1311 1312 1507 1371 Pater;
1549 1308 1653 1360 hoc
1687 1306 1949 1357 dicuntur
1984 1315 2105 1354 esse
2142 1298 2234 1367 qui
2288 1312 2354 1350 ex
2394 1311 2482 1358 ce,

905 1407 957 1461 id
986 1418 1091 1467 est,
1128 1404 1298 1457 Filius
1321 1408 1377 1455 ct
1404 1400 1646 1468 Spiritus
1672 1405 1929 1449 sanctus:
1971 1393 2065 1446 uhi
2105 1391 2252 1444 enim
2272 1406 2380 1442 non
2401 1394 2487 1441 est

904 1499 1163 1567 qualitas,
1202 1496 1285 1547 vel
1312 1492 1615 1562 quantitas,
1651 1488 1735 1541 vel
1766 1496 2003 1555 tempus,
2051 1483 2136 1536 vel
2192 1483 2368 1543 locus,
2401 1479 2485 1532 vel

906 1591 1046 1643 situs
1065 1631 1078 1652 ,
1105 1587 1249 1640 unde
1283 1586 1391 1639 erit
1420 1580 1736 1635 differentia
1769 1577 2099 1632 substantia:
2128 1571 2488 1642 impartibilis

909 1680 1212 1734 secundum
1285 1684 1577 1734 naturam,
1638 1671 1786 1723 unde
1835 1670 2102 1723 exsistent
2160 1662 2486 1717 substantia:

910 1769 1315 1841 particulares?
1340 1776 1395 1819 et
1425 1765 1470 1817 si
1512 1778 1639 1834 pars
1678 1760 2001 1815 substantia:
2056 1765 2162 1816 est,
2209 1752 2487 1823 quomodo

2578 579 2769 617 secum
2803 562 3005 615 aufert.
3067 560 3121 613 Si
3180 561 3329 612 enim
3403 559 3737 627 cogitatione
3782 575 3954 625 neges
4000 560 4167 618 Abel,

2578 658 2741 709 simul
2762 655 2969 725 negasti
2991 663 3201 723 patrem
3224 656 3347 721 ejus
3366 667 3484 705 esse
3508 651 3700 704 Adam.
3722 650 3835 703 lloc
3858 652 4009 704 cnim
4033 651 4168 703 sub-

2578 748 2780 801 stantia
2803 748 2922 816 ejus
2954 747 3197 799 nominis
3214 753 3269 796 et
3297 760 3403 797 non
3428 744 3696 797 habitudo
3717 744 3783 797 ad
3814 744 3991 796 aliud.
4012 743 4167 796 Idem

2582 841 2752 908 igitur
2785 846 3100 906 repetentes
3132 836 3382 889 dicemus
3412 852 3579 888 unum
3606 850 3727 888 esse
3772 835 3969 895 Deum,
3997 851 4168 903 quem

2584 934 2638 986 in
2673 932 2854 984 tribus
2875 930 3127 999 personis
3156 929 3599 995 contemplamur
3619 945 3633 979 :
3657 926 3821 995 idque
3846 940 3975 979 cum
4004 927 4169 994 plane

2582 1026 2749 1078 sciret
2772 1024 2986 1091 Moyses
3014 1021 3261 1073 omnium
3294 1020 3692 1087 prophetarum
3711 1017 4166 1086 antiquissimus:

2584 1118 2743 1177 Audi,
2776 1114 2975 1183 inquit,
3010 1113 3219 1165 Israel:
3246 1110 3503 1163 Dominus
3526 1110 3687 1174 Deus,
3735 1109 3993 1163 Dominus
4032 1125 4169 1161 unus

2585 1219 2660 1260 est
2704 1210 2769 1259 3“.

2658 1298 2794 1352 .\'Vl.
2828 1296 2900 1349 Ac
2929 1310 3037 1348 non
3075 1294 3255 1347 solum
3289 1294 3521 1363 Moyses,
3564 1292 3661 1346 sed
3716 1307 3910 1347 omnes
3967 1308 4171 1345 conse-

2585 1389 2699 1442 cuti
2727 1385 2989 1453 theologi,
3050 1384 3281 1453 spiritus
3306 1382 3602 1451 theologiei
3665 1382 3967 1450 participes
4014 1384 4168 1443 farti,

2584 1480 2935 1533 divinitatem
2968 1477 3133 1530 trium
3152 1489 3512 1545 personarum
3543 1474 3783 1541 perfecte
3806 1474 4171 1541 contemplati

2586 1583 2739 1633 sunt,
2775 1570 3201 1637 doctrinamque
3233 1583 3426 1637 puram
3462 1576 3520 1620 et
3549 1567 3823 1620 sinceram
3867 1566 4034 1620 nobis
4068 1576 4175 1619 tra-

2588 1664 2851 1717 diderunt
2882 1661 3178 1730 proﬁtendi
3210 1668 3265 1714 et
3291 1658 3611 1714 celebrandi
3645 1658 3917 1712 unitatem
3974 1660 4030 1713 in
4053 1658 4176 1713 Tri-

2592 1757 2784 1817 nitate,
2817 1762 2872 1805 et
2907 1753 3239 1806 Trinitatem
3272 1752 3328 1805 in
3389 1751 3625 1813 unitate,
3671 1766 3795 1804 cum
3858 1751 4173 1804 admirabili

913 1864 1083 1917 Filius
1111 1863 1167 1914 in
1216 1876 1275 1913 se
1311 1860 1431 1927 ipso
1470 1858 1686 1909 Patrem
1744 1854 2118 1910 demonstrat,
2153 1845 2485 1915 quandoque
2516 1838 2563 1898 Β
2594 1850 2795 1901 unione
2824 1854 2883 1897 et
2909 1844 3299 1897 distinctione:
3327 1859 3431 1896 nec
3457 1842 3606 1896 enim
3632 1841 3939 1904 distinctio,
3966 1843 4176 1896 aliena-

914 1954 1200 2022 inquiens:
1236 1952 1346 2019 Ego
1381 1951 1433 2000 in
1458 1947 1638 2006 Patre,
1663 1957 1709 1995 et
1735 1943 1894 1995 Πειρι-
1923 1943 1975 1992 in
2000 1955 2080 1992 me
2104 1948 2178 1991 est
2202 1942 2248 1968 "
2276 1954 2289 2000 ;
2313 1950 2489 2005 quan-

913 2046 1095 2113 doque
1127 2043 1193 2095 ad
1228 2040 1579 2107 Philippum:
1621 2034 1722 2097 Qui
1747 2033 1871 2086 vidit
1896 2047 1995 2092 me,
2039 2031 2164 2082 vidit
2193 2038 2241 2080 et
2276 2027 2491 2080 Patrem

915 2149 1086 2187 meum
1114 2134 1187 2195 ³⁰;
1223 2132 1288 2183 ΕΙ.
1313 2143 1505 2181 rursus
1529 2143 1543 2178 :
1580 2126 1690 2194 Ego
1719 2132 1765 2175 et
1798 2123 1958 2175 Pater
1984 2136 2145 2172 unum
2199 2134 2380 2170 sumus
2408 2117 2446 2146 ³⁸
2472 2117 2495 2168 ?

917 2228 1013 2281 Est
1042 2240 1175 2289 ergo
1212 2222 1383 2276 Filius
1411 2235 1476 2273 ex
1504 2218 1684 2277 Patre,
1711 2222 1766 2267 et
1791 2230 1900 2266 non
1927 2227 2052 2281 pars
2101 2210 2254 2279 ejus;
2308 2208 2494 2260 lumen

916 2333 984 2371 ex
1010 2317 1235 2376 lumine,
1258 2322 1313 2365 et
1341 2326 1445 2363 non
1475 2308 1809 2377 particularc
1842 2304 2060 2366 lumen;
2091 2301 2237 2353 Deus
2262 2314 2330 2350 ex
2363 2299 2494 2360 Deo,

919 2419 976 2462 et
1014 2424 1120 2461 non
1172 2420 1299 2474 pars
1332 2399 1643 2455 divinitatis
1689 2398 1774 2449 vel
1830 2393 2176 2449 substantiae.
2230 2388 2498 2444 Similiter

921 2499 1158 2568 Spiritus
1190 2506 1433 2547 sanctus.
1470 2493 1539 2545 lit
1569 2498 1652 2542 est
1680 2490 1841 2541 Pater
1867 2502 2029 2538 verus
2047 2485 2220 2546 Deus;
2256 2482 2335 2534 sic
2350 2481 2497 2534 enim

921 2600 1080 2641 vocat
1108 2587 1301 2647 Filius,
1336 2598 1459 2636 cum
1486 2583 1565 2634 ait
1591 2599 1602 2632 :
1638 2581 1700 2633 (ft
1732 2585 2046 2648 cognoscant
2067 2586 2116 2628 te
2134 2574 2303 2627 solum
2320 2587 2499 2624 verum

924 2680 1091 2733 Deam
1123 2679 1202 2740 ³¹;
1231 2692 1287 2729 se
1317 2685 1498 2727 autent
1534 2674 1805 2724 veritatem
1844 2676 2004 2720 vocat
2062 2666 2319 2733 inquiens
2348 2681 2360 2715 :
2390 2664 2501 2731 Ego

924 2789 1041 2824 sum
1069 2771 1260 2822 veritas
1290 2768 1368 2830 ³³;
1406 2775 1463 2818 et
1495 2765 1740 2832 Spiritus
1770 2769 2017 2821 sanctus,
2053 2756 2280 2827 Spiritus
2307 2755 2502 2806 uerita-

928 2864 994 2915 tis
1028 2862 1232 2913 dicitur
1268 2861 1331 2911 ³³.
1358 2858 1457 2910 llic
1492 2864 1675 2908 autem
1704 2868 1771 2905 ex
1815 2851 1975 2903 Patre
2008 2846 2261 2916 procedit
2300 2846 2374 2899 “2
2409 2859 2501 2897 ac-

928 2955 1062 3022 cipit
1096 2961 1278 3005 autem
1311 2949 1495 3002 omnia
1533 2946 1680 3008 Filii,
1709 2941 1963 2996 habentis
2001 2938 2184 2992 omnia
2221 2936 2401 2989 Patris
2435 2934 2501 2997 ³⁸,

929 3046 995 3100 ad
1023 3040 1512 3099 demonstrandum
1529 3035 1953 3091 etmanifcstum
1972 3028 2312 3090 faciendum,
2339 3041 2503 3079 unam

932 3136 1296 3191 substantiam
1322 3148 1443 3186 esse
1486 3141 1541 3183 ct
1575 3126 1926 3197 accipientis,
1974 3132 2033 3176 ct
2060 3124 2179 3191 ejus
2209 3136 2237 3172 a
2269 3135 2379 3187 quo
2405 3132 2499 3171 ac-

932 3226 1089 3294 cipit,
1152 3234 1208 3277 et
1238 3225 1360 3291 ejus
1411 3237 1478 3273 ex
1522 3236 1632 3288 quo
1680 3216 2007 3271 naturaliter
2066 3210 2346 3280 procedit:
2398 3224 2501 3262 nec

933 3320 1081 3374 enim
1114 3317 1383 3385 processit
1412 3326 1477 3368 ex
1508 3313 1695 3381 aliquo
1736 3311 1971 3363 diversre
2014 3306 2369 3366 substantiae;
2406 3316 2508 3355 nec

935 3413 1150 3480 accepit
1206 3408 1507 3477 quidquam
1565 3418 1632 3457 ex
1697 3416 1808 3455 non
1872 3394 2358 3452 consubstantiali.
2410 3393 2507 3446 Sin

935 3514 1118 3557 autem
1178 3500 1426 3569 ejusdem
1460 3494 1781 3550 substantia:
1826 3505 1951 3544 cum
2000 3503 2068 3543 eo
2118 3494 2270 3547 sunt,
2301 3501 2367 3538 ex
2399 3499 2510 3553 quo

940 3596 1227 3666 processit,
1251 3603 1306 3645 et
1344 3608 1372 3643 a
1397 3605 1506 3658 quo
1548 3586 1780 3653 accipit;
1826 3590 1883 3635 et
1917 3581 1996 3635 illi
2033 3576 2512 3633 necessariointer

939 3705 997 3741 se
1022 3694 1187 3739 erunt
1207 3682 1453 3751 ejusdem
1488 3675 1851 3732 substantite:
1888 3673 1980 3741 qui
2000 3670 2149 3725 enim
2174 3668 2354 3722 eidem
2383 3674 2512 3719 sunt

941 3774 1464 3834 consubstantiales,
1491 3778 1548 3822 et
1597 3768 1741 3820 inter
1770 3780 1829 3819 se
1861 3774 2048 3825 erunt,
2091 3769 2149 3814 et
2201 3770 2329 3815 sunt
2382 3773 2510 3811 vere

940 3869 1187 3938 ejusdem
1213 3862 1560 3918 substantiae.

1011 3959 1147 4012 XIV.
1178 3954 1550 4021 Quamobrem
1583 3946 1905 4003 necessario
1942 3942 2429 4012 congloriﬁcantur
2456 3948 2513 3992 et

943 4051 1334 4108 coadorantur,
1374 4042 1760 4099 cum'l'rinitas
1785 4034 2276 4093 consubstantialis
2309 4034 2357 4097 Il;
2390 4047 2514 4100 qua:

943 4144 1106 4197 simul
1141 4141 1330 4209 utique
1354 4137 1694 4196 nominatur,
1731 4142 1787 4186 et
1810 4132 1878 4183 ad
1908 4126 2381 4198 regenerationem
2413 4123 2511 4175 ba-

946 4236 1276 4306 ptizatorum
1313 4230 1368 4282 in
1410 4239 1703 4280 commune
1734 4222 2066 4275 adhibetur:
2131 4215 2335 4270 etenim
2384 4212 2513 4282 quia

944 4304 1009 4381 ex
1040 4327 1158 4394 ipsa
1187 4330 1370 4374 ortum
1401 4317 1668 4386 cepimus,
1704 4319 1975 4367 vetustate
2007 4308 2189 4363 allecti
2218 4321 2315 4376 per
2344 4304 2514 4373 ipsam

948 4430 1306 4472 renovantur:
1347 4427 1455 4464 non
1505 4408 1655 4462 enim
1714 4404 1782 4457 ad
1847 4402 2019 4455 ullum
2059 4400 2230 4452 alium
2273 4395 2515 4465 pertinet

2594 1941 2670 1993 tio
2690 1946 2748 1992 et
2774 1939 3050 2006 separatio
3064 1944 3178 1999 est;
3217 1950 3319 1989 nec
3344 1936 3499 1998 unio,
3528 1934 3927 2004 conglutinatio
3960 1943 4018 1988 et
4039 1951 4173 1988 con-

2592 2030 2737 2084 fusio
2774 2043 2893 2082 est:
2921 2028 3017 2080 sed
3056 2027 3241 2096 potius
3277 2026 3408 2079 unio
3443 2036 3529 2080 est
3560 2025 3930 2095 simplicitas;
3969 2036 4029 2081 et
4060 2026 4174 2079 dis-

2592 2123 2788 2178 tinctio
2816 2121 3144 2175 admiranda
3174 2136 3189 2173 :
3226 2128 3523 2189 utrumque
3550 2128 3735 2173 autem
3771 2121 3949 2173 Deum
3989 2120 4170 2173 decet.

2593 2215 2732 2281 Quia
2760 2228 2893 2265 vero
2931 2212 3272 2282 hypostasim
3326 2212 3551 2281 quidam
3598 2211 3851 2264 arbitrati
3880 2222 4015 2265 sunt
4055 2227 4174 2266 esse

2596 2316 2848 2360 naturam
2870 2304 3289 2372 particularem,
3335 2313 3391 2357 et
3438 2304 3553 2357 hzec
3589 2303 3692 2357 fuit
3719 2319 3914 2357 eorum
3947 2303 4171 2372 opinio;

2596 2398 2901 2451 cavendum
2930 2408 3037 2457 est,
3069 2412 3139 2450 ne
3161 2396 3243 2449 sic
3276 2395 3612 2449 sentiamus:
3651 2413 3761 2449 non
3788 2397 3937 2449 enim
3971 2405 4059 2449 est
4083 2412 4177 2450 eo-

2596 2505 2718 2542 rum
2735 2489 2925 2557 opinio
2954 2488 3194 2546 sincera.
3223 2497 3277 2540 et
3310 2502 3435 2540 cum
3465 2487 3736 2555 theologis
3786 2488 4171 2548 consentiens;

2599 2590 2792 2634 natura
2848 2580 2995 2631 enim
3062 2578 3414 2646 particularis
3469 2579 3829 2648 partitionem
3881 2578 4175 2634 declarat:

2603 2672 2740 2725 nihil
2789 2679 2971 2724 autent
3002 2669 3263 2737 partibile
3303 2669 3465 2722 Deus.
3494 2670 3676 2733 Quare
3693 2686 3798 2722 non
3830 2680 3916 2723 est
3942 2671 4177 2724 dicenda

2603 2776 2837 2829 persona
2867 2768 3062 2812 natura
3090 2759 3383 2827 specialis:
3416 2774 3524 2811 non
3554 2760 3699 2812 enim
3740 2760 4054 2829 ltypostasis
4080 2776 4179 2813 na-

2605 2860 2725 2904 tura
2753 2860 2869 2913 est;
2900 2853 3042 2903 sicut
3074 2864 3253 2918 neque
3282 2860 3502 2910 natura,
3553 2851 3863 2918 ltypostasis
3890 2851 4011 2905 sive
4053 2868 4179 2920 per-

2603 2957 2771 2994 sona:
2804 2950 2999 2994 natttra
3026 2956 3261 3009 namque
3293 2940 3458 2993 unius
3488 2941 3678 2993 ferina:
3706 2943 3718 2980 ί
3759 2951 3863 3003 est,
3893 2952 3951 2995 et
3976 2942 4179 3011 impar-

2608 3032 2817 3085 tibilis:
2856 3040 2913 3086 et
2936 3033 3166 3085 stultmn
3209 3040 3296 3084 est
3336 3040 3523 3100 partes
3556 3047 3804 3099 quzerere
3843 3033 3897 3085 in
3934 3034 4181 3100 imparti-

2609 3124 2738 3177 bili:
2768 3124 3200 3191 compositorum
3220 3124 3369 3175 enim
3403 3130 3489 3176 est
3526 3122 3703 3175 scindi
3737 3130 3793 3175 et
3825 3124 4179 3190 partitionem

2609 3231 2828 3284 capere.
2860 3216 3128 3280 Quocirca
3155 3215 3357 3283 quisic
3396 3215 3719 3283 opinantur,
3773 3230 3879 3268 non
3920 3216 4103 3269 solum
4128 3218 4179 3269 in

2611 3306 2726 3358 hzec
2755 3305 2997 3358 absurda
3031 3304 3299 3367 incidunt,
3333 3303 3428 3358 sed
3482 3310 3594 3357 tres
3648 3304 4018 3371 particular-es
4050 3305 4182 3358 deos

2610 3395 2929 3450 necessario
2962 3403 3261 3463 reponunt,
3301 3394 3646 3448 sortitionem
3678 3392 3878 3447 divina:
3928 3395 4185 3448 substan—

2612 3490 2720 3552 tiae,
2778 3488 2887 3541 imo
2945 3486 3382 3540 substantiarum
3416 3486 3471 3538 in
3519 3500 3578 3538 se
3628 3486 3761 3554 ipsis
3809 3485 4100 3539 facientes.
4126 3486 4181 3539 Si

2610 3579 2756 3633 enim
2780 3586 2893 3631 tres
2922 3587 3084 3641 sunt;
3132 3592 3241 3630 non
3267 3586 3351 3629 est
3402 3591 3512 3629 una
3572 3584 3628 3629 et
3674 3576 3930 3643 simplex,
3964 3586 4023 3630 et
4075 3592 4182 3630 non

2611 3670 2935 3738 composita.
2962 3669 3339 3736 Nequaquam,
3375 3667 3629 3736 quamvis
3651 3666 4074 3721 similitudinem
4105 3668 4185 3723 eis

2615 3758 2880 3819 tribuant,
2911 3755 3006 3824 qui
3033 3756 3134 3808 ista
3161 3755 3389 3809 audent.
3436 3755 3494 3809 Si
3545 3756 3694 3809 enim
3742 3756 4184 3825 uniuscujusque

2611 3859 2696 3902 est
2730 3858 2928 3902 natura
2948 3847 3193 3915 prepria,
3223 3856 3281 3900 et
3318 3861 3425 3900 non
3457 3855 3636 3914 potest
3674 3847 3904 3900 alterius
3935 3850 4185 3917 proprie-

2615 3953 2782 3996 tatem
2814 3941 3039 4005 subire;
3071 3939 3348 4009 quomodo
3380 3949 3564 3998 erunt.
3597 3940 3875 4008 quomodo
3899 3941 4185 3995 habebunt

2615 4034 2747 4087 illud
2796 4031 3268 4086 consubstantiale
3307 4048 3325 4083 τ
3381 4030 3833 4099 quandoquidem
3895 4032 4082 4087 simile
4130 4034 4182 4086 in

2614 4122 2886 4176 Trinitate
2925 4120 3134 4182 dicere,
3186 4118 3543 4172 temerarium
3596 4127 3651 4171 et
3704 4119 4181 4174 inconsideratum

2613 4222 2731 4277 est;
2762 4211 3026 4281 quoniam
3075 4209 3257 4263 simile
3285 4209 3371 4262 vel
3404 4208 3691 4277 qualitate,
3730 4209 3818 4266 vel
3871 4213 4184 4278 quantitate

2615 4304 2797 4357 simile
2831 4302 3068 4365 dicitur;
3100 4299 3193 4353 ubi
3219 4308 3405 4352 autem
3427 4298 3567 4353 nihil
3611 4299 3808 4352 horum
3862 4309 3951 4354 est
4016 4302 4184 4370 (Deus

2614 4394 2761 4448 enim
2796 4406 2995 4460 expers
3015 4390 3297 4459 qualitatis
3310 4398 3367 4444 et
3390 4389 3711 4459 quantitatis
3740 4388 3870 4457 est),
3901 4392 4184 4459 quomodo

948 4520 1237 4565 renovare,
1269 4516 1433 4571 quam
1468 4498 1534 4551 ad
1571 4512 1696 4550 eum
1723 4494 1819 4563 qui
1856 4493 1913 4545 in
1961 4489 2235 4560 principio
2267 4485 2509 4540 creavit:
2546 4504 2590 4558 ι)
2617 4486 2795 4540 simile
2830 4484 3012 4537 locum
3046 4481 3308 4535 habebit?

945 4608 1003 4651 et
1037 4609 1313 4664 nunquam
1336 4588 1543 4659 aliquid
1567 4586 1634 4640 ad
1656 4583 2062 4639 renovationem
2083 4576 2391 4637 vocabitur,
2410 4574 2514 4628 nisi

950 4687 1119 4741 fuerit
1138 4702 1166 4739 a
1203 4682 1477 4753 principio
1502 4677 1836 4747 productum
1876 4680 1931 4727 et
1960 4670 2267 4725 conditum.

1022 4778 1134 4831 XV.
1199 4777 1409 4830 Rursus
1455 4784 1587 4839 ergo
1624 4767 1893 4827 dicemus,
1934 4777 2107 4817 unum
2163 4761 2334 4814 Deum
2391 4770 2513 4811 esse

953 4868 1300 4928 Trinitatem,
1332 4861 1581 4931 quamvis
1613 4854 2001 4911 diﬁ'erentibus
2046 4849 2364 4906 nominibus
2413 4862 2514 4915 ap-

954 4962 1222 5031 pelletur;
1258 4971 1380 5026 qua:
1405 4951 1628 5022 quidem
1660 4947 1881 5003 nomina
1909 4961 2020 4999 non
2039 4943 2349 5013 signiﬁcant
2370 4958 2513 5007 esse,

954 5052 1053 5108 sed
1074 5048 1352 5120 quomodo
1394 5059 1539 5099 esse.
1586 5042 1699 5097 Nec
1746 5038 1893 5093 enim
1943 5035 2041 5104 qui
2090 5035 2308 5089 Patrem
2355 5034 2516 5099 dixit,

958 5140 1321 5197 substantiam
1363 5132 1714 5205 signiﬁcavit,
1739 5128 1835 5184 sed
1895 5129 2053 5197 plane
2112 5125 2515 5179 habitudinem.

956 5232 1018 5285 Si
1047 5240 1231 5283 autem
1266 5228 1423 5280 Pater
1443 5221 1710 5278 habitudo
1730 5228 1817 5274 est
1844 5216 2230 5287 signiﬁcando,
2260 5230 2518 5269 necessa-

961 5322 1045 5375 rio
1071 5321 1235 5374 etiam
1256 5316 1459 5379 Filius;
1486 5324 1781 5380 utrumque
1818 5308 1964 5363 enim
1990 5307 2251 5375 positum,
2283 5306 2517 5359 alterum

1624 5448 1666 5478 “
1706 5443 1842 5499 lhid.
1897 5443 1948 5495 9.

1621 5518 1664 5548 "
1699 5516 1857 5569 Deut.
1912 5528 1986 5573 τι,
2023 5511 2086 5575 4;
2116 5511 2285 5563 Marc.
2333 5527 2385 5571 ι,
2421 5512 2508 5562 :29.

1037 5455 1080 5483 ”
1104 5455 1258 5505 Joan.
1316 5468 1422 5510 va,
1466 5449 1545 5501 l0.

964 5524 1009 5555 ³⁸
1024 5524 1180 5577 Joan.
1208 5538 1315 5585 XVI,
1348 5522 1428 5582 Μ,
1469 5520 1547 5571 15.

2065 5442 2102 5471 ³¹
2144 5442 2301 5494 Joan.
2346 5456 2400 5500 κ.
2465 5439 2555 5490 30.

2687 4575 2846 4629 XVII.
2876 4574 2985 4627 Nos
3006 4588 3135 4642 ergo
3156 4586 3335 4640 neque
3362 4569 3617 4636 similem,
3656 4585 3835 4639 neque
3853 4569 4181 4626 dissimilem

2616 4667 2945 4738 proﬁtemur
2969 4664 3295 4719 Trinitatem
3341 4661 3613 4730 qualitate
3653 4671 3710 4714 et
3738 4661 4058 4728 quantitate
4098 4677 4183 4716 ca-

2618 4768 2868 4823 rentem;
2920 4757 3016 4811 sed
3042 4753 3569 4809 consubstantialem
3598 4760 3656 4807 et
3681 4752 4051 4808 individuam.
4083 4754 4181 4819 Qui

2616 4866 2747 4905 vero
2773 4848 3049 4912 dividunt,
3097 4854 3153 4901 et
3193 4844 3401 4900 faciunt
3431 4859 3595 4899 unam
3633 4853 3767 4907 tres,
3815 4843 3974 4912 impii
4032 4854 4181 4907 sunt,

2615 4948 2671 4993 et
2696 4937 3102 4992 multitudinem
3164 4934 3393 4989 deorum
3436 4932 3814 4993 introducunt,
3860 4941 3918 4985 et
3966 4947 4184 4988 monar-

2618 5031 2799 5084 chiam
2856 5034 3145 5097 respuunt,
3205 5023 3341 5078 nihil
3397 5022 3709 5093 periculum
3755 5021 4052 5078 divisionis
4091 5038 4183 5077 ve-

2622 5121 2751 5174 riti:
2784 5119 3008 5188 partitio
3038 5116 3186 5171 enim
3218 5114 3651 5169 substantiarum
3680 5123 3738 5167 et
3768 5113 4105 5182 adaequatio,
4134 5122 4184 5167 et

2623 5212 2853 5265 variatio
2878 5211 3043 5279 hujus
3076 5206 3400 5262 substantiae
3439 5205 3508 5259 ab
3562 5204 3677 5268 illa,
3714 5206 3887 5260 sectio
3953 5216 4042 5260 est
4093 5222 4183 5261 eo—

2624 5318 2744 5357 rum
2792 5302 2887 5370 qui
2947 5307 3077 5354 sunt
3123 5298 3287 5353 unius
3330 5304 3563 5351 natum.
3599 5296 3881 5366 Siquidem
3923 5298 4020 5366 qui
4057 5298 4185 5353 dicit

3329 5430 3531 5485 “Joan.
3564 5446 3672 5495 xw,
3705 5430 3757 5485 6.
3874 5432 3921 5463 "
3937 5432 4079 5492 ibid.
4104 5435 4182 5488 l7.

2669 5438 2712 5468 "
2752 5436 2908 5491 Joan.
2965 5448 3115 5496 xvm,
3162 5433 3216 5487 5.

2194 5620 2422 5675 νΑΙῖΙιΕ
2458 5616 2856 5673 LECTIONES.

1039 5732 1063 5769 ι
1086 5724 1340 5805 ~integra.
1385 5720 1483 5776 ὰκέ
1492 5736 1658 5791 ραιος.

970 5806 1192 5857 νοειοης.

1760 5718 1787 5760 ιι
1825 5717 1969 5772 Trin.
2021 5713 2233 5768 consul).
2271 5711 2585 5782 Legendum
2632 5709 2872 5770 videtur,
2927 5706 3070 5759 Trin.
3127 5720 3206 5758 sit
3236 5705 3451 5758 consul).

3554 5706 3568 5743 ί
3612 5702 3772 5759 L'niu
3835 5706 4044 5773 formo.
4098 5728 4190 5783 po-
