4462 6440
328 443 466 506 ιτιὲι

323 553 699 609 substantiam
746 552 921 607 Patris
982 552 1395 621 partit-nhn'em,
1427 569 1549 621 qua'
1579 569 1685 606 non
1742 554 1913 621 possit
1944 565 1985 618 Α
2017 553 2199 621 inquit
2246 552 2542 616 Dominus,

322 662 454 700 esse
488 656 684 699 natura
725 645 871 706 Filii,
916 660 1142 713 prorsus
1201 644 1565 696 substantiam
1620 646 1906 707 variatam,

325 737 446 789 imo
470 735 811 789 substantias
838 734 975 787 dicit
998 752 1010 785 :
1041 732 1321 801 quomodo
1347 732 1697 794 homousion,
1715 732 1768 784 id
1802 743 1907 797 cst,

321 828 810 882 consubstantiale
843 827 898 880 in
951 826 1339 880 differentibus
1376 824 1704 877 substantiis
1748 839 1907 893 repe-

322 921 545 972 rietur?
589 920 791 971 frustra
815 933 947 987 ergo
997 916 1319 985 praidicant,
1366 916 1696 969 homousion
1734 914 1909 969 simu-

321 1009 511 1061 lantes
535 1008 809 1077 profiteri,
846 1008 994 1077 quod
1029 1024 1138 1060 non
1185 1007 1516 1077 proﬁtentur
1559 1021 1709 1068 vere,
1770 1004 1911 1057 tlivi-

321 1101 530 1153 dentes
556 1100 922 1154 substantiam
941 1099 1306 1153 individuam.
1332 1098 1401 1151 Et
1422 1098 1645 1160 mirmn,
1671 1098 1777 1150 nisi
1806 1097 1907 1166 ipsi

321 1193 525 1254 etiam,
558 1201 619 1244 ut
659 1191 831 1244 verbo
872 1189 1153 1259 Evangelii
1212 1196 1333 1243 utar
1372 1188 1438 1249 ³⁷,
1482 1188 1801 1241 dividantur
1853 1196 1911 1240 et

324 1292 550 1350 partem)
584 1298 707 1335 cmn
743 1282 1046 1351 hypocritis
1100 1280 1397 1348 accipiant,
1428 1295 1523 1348 qm
1556 1292 1784 1330 minime
1822 1276 1909 1330 di-

321 1382 538 1425 cuntur
570 1372 830 1432 credere;
886 1372 1031 1440 quin-
1057 1371 1190 1440 petit
1232 1380 1463 1424 'e'mtra
1520 1384 1632 1422 non
1679 1377 1910 1437 possunt

321 1464 586 1526 credere,
621 1472 879 1531 tanquam
906 1472 1281 1530 cauponantes
1306 1462 1559 1521 ﬁdem,et
1579 1474 1699 1513 eam
1731 1458 1911 1527 pretio

324 1555 515 1607 inanis
570 1562 627 1607 ct
679 1554 1061 1622 pimtereuntis
1099 1553 1286 1623 gloria:
1328 1551 1655 1613 vendentes,
1704 1551 1911 1619 quibus

320 1645 604 1698 Dominus
625 1646 779 1714 prius
809 1645 986 1698 dixit:
1045 1644 1318 1708 Quomodo
1387 1644 1602 1712 potestis
1665 1640 1907 1705 credere,

321 1736 419 1804 qui
437 1734 677 1804 gloriam
715 1737 781 1787 ab
805 1736 1025 1788 invicem
1054 1736 1289 1802 accipitis
1342 1742 1389 1785 et
1422 1731 1648 1802 gloriam
1700 1746 1817 1799 quw
1847 1746 1910 1783 ea:

324 1826 439 1878 Deo
470 1827 586 1878 solo
614 1836 712 1890 est,
739 1842 841 1878 non
871 1826 1105 1895 qna'ritis
1139 1823 1300 1876 "?lli
1333 1824 1561 1891 gloriam
1621 1822 1907 1875 hominum

1347 446 1629 504 ()R.\Tl0
1671 445 1938 505 Ι.--1)Ε
1981 448 2084 506 SS.
2126 446 2562 506 TRINITATE.

3451 450 3584 511 13.32

3483 489 3584 514 0-6

2612 555 2844 621 proderit
2896 555 3125 617 homini,
3192 558 3233 609 si
3284 561 3585 614 universum

2012 644 2269 695 mumlum
2306 643 2561 705 lueretur,
2586 645 2779 697 auium:
2805 659 2926 696 vero
2955 660 3068 697 sua'
3089 645 3459 701 detrimentum
3491 668 3587 719 pu-

2012 735 2216 787 tiutur?
2246 746 2337 788 aut
2394 752 2556 803 quant
2604 736 2750 788 dabit
2810 737 2962 789 homo
2994 740 3456 793 commutationem
3491 760 3586 811 pro

2012 825 2194 875 anima
2225 822 2365 875 sua?
2392 822 2563 875 Veniet
2595 824 2734 874 enim
2764 821 2928 875 Filius
2945 826 3170 877 hominis
3203 826 3257 878 in
3280 825 3449 895 gloria
3476 828 3587 883 Pu-

2008 915 2105 965 tris
2138 914 2241 976 sui,
2291 921 2340 966 et
2394 920 2519 965 tunc
2565 914 2742 965 reddet
2777 915 3057 982 unicuique
3095 917 3381 970 seerndum
3426 935 3586 987 opera

2010 1020 2107 1056 sua
2146 1006 2211 1058 ⁸³.
2275 1005 2333 1058 ln
2400 1003 2535 1057 illud
2583 1019 2717 1074 ergo
2762 1004 3030 1073 judicium
3079 1008 3257 1061 aciem
3298 1010 3586 1063 oculorum

2012 1093 2209 1147 anima:
2238 1093 2593 1148 intendentes
2625 1104 2885 1163 tanquam
2930 1096 2984 1148 in
3032 1098 3324 1165 quamdam
3385 1099 3587 1164 facem,

2011 1199 2175 1252 quam
2214 1186 2497 1239 occultare
2542 1185 2688 1238 soliti
2728 1194 2861 1239 sunt
2905 1187 3002 1256 qui
3039 1189 3093 1240 in
3128 1190 3265 1242 mari
3306 1193 3586 1261 navigant,

2014 1284 2163 1328 recta
2216 1275 2283 1328 ad
2339 1282 2562 1343 portum
2615 1274 2811 1329 salutis
2867 1290 3191 1345 pcrgcmus:
3247 1279 3586 1351 ﬁgcnmsqne

2012 1364 2286 1418 anchoras
2314 1364 2369 1418 in
2420 1365 2547 1419 ﬁdei
2595 1375 2752 1435 petra
2783 1366 3078 1431 immobili,
3130 1370 3268 1423 nihil
3319 1372 3586 1428 facientes

2011 1463 2109 1507 aut
2152 1456 2423 1519 dicentes,
2479 1457 2548 1510 ad
2582 1458 2807 1511 oculum
2842 1459 3153 1513 servientes
3207 1462 3273 1525 ⁸³,
3327 1470 3586 1532 tanquam

2013 1545 2333 1601 hominibus
2361 1548 2579 1617 placere
2625 1549 2881 1613 velimus,
2929 1551 3026 1604 sed
3080 1553 3265 1620 potius
3326 1562 3584 1623 tanquam

2012 1640 2156 1693 servi
2183 1640 2278 1693 Dci
2311 1640 2460 1694 omni
2488 1640 2767 1711 hypocrisi
2797 1650 2853 1695 et
2887 1642 3241 1698 simulatione
3262 1645 3455 1713 ejecta,
3490 1648 3588 1701 Pa.

2013 1738 2151 1783 trem
2183 1741 2393 1800 patrem
2424 1732 2827 1802 gloriﬁccmus;
2885 1733 3087 1787 Filium
3158 1734 3329 1788 ﬁlium
3384 1737 3587 1791 adore-

2011 1837 2171 1886 mus;
2205 1822 2475 1891 Spiritum
2512 1832 2767 1877 sanctum
2802 1825 3189 1890 conﬁteamur,
3254 1842 3417 1881 unam
3451 1830 3587 1884 sub-

318 1916 506 1985 magis
535 1931 701 1984 quam
734 1916 828 1968 Dei
850 1925 1118 1977 amantes,
1152 1930 1373 1968 sensum
1404 1930 1688 1983 proprnnn
1714 1913 1903 1983 gratim
1937 1927 1977 1979 ιι
2006 1916 2263 1970 stantiam
2285 1925 2343 1969 et
2371 1916 2621 1971 diversas
2647 1932 2916 1986 personas
2945 1919 3161 1975 sincere
3196 1934 3580 1991 agnoscentes,

320 2023 494 2061 causa
524 2008 859 2077 largiuntur,
890 2008 1225 2061 retlimentes
1251 2016 1517 2075 tempora,
1561 2017 1618 2060 et
1674 2006 1779 2059 fide
1812 2018 1909 2056 vo-

321 2100 491 2153 latica
519 2100 693 2153 veluti
717 2100 841 2152 talis
875 2099 1132 2152 ludentes
1164 2140 1179 2163 ,
1210 2098 1341 2151 dum
1370 2114 1490 2152 eam
1536 2101 1908 2151 transmutant

320 2190 389 2244 ad
416 2192 764 2244 voluntatem
799 2190 1083 2255 ductoris;
1121 2188 1324 2258 quibus
1365 2190 1563 2262 melius
1600 2199 1722 2242 erat
1762 2187 1906 2242 ferre

322 2265 645 2332 mercedem
672 2296 850 2341 suam,
902 2280 1047 2333 sicut
1080 2281 1148 2333 iis
1177 2282 1270 2349 qui
1307 2290 1435 2333 sunt
1490 2280 1809 2349 hypocrita),
1848 2286 1908 2331 ut

320 2372 628 2424 videantur
648 2372 966 2425 hontinilms
985 2373 1238 2442 jejnnarc
1260 2382 1315 2425 et
1349 2371 1736 2425 misericordes
1759 2386 1904 2432 esse,

319 2472 381 2516 et
438 2478 552 2516 non
619 2478 903 2517 reservare
964 2464 1068 2517 sibi
1128 2463 1458 2532 supplicium
1510 2472 1566 2516 et
1621 2463 1904 2516 materiam

320 2555 474 2623 ignis
490 2555 973 2625 inexstinguibilis.
991 2556 1162 2608 Nemo
1180 2556 1348 2623 igitur
1363 2566 1457 2608 aut
1472 2555 1642 2623 gratia
1657 2556 1905 2618 alterius,

320 2656 429 2698 aut
465 2646 739 2699 voluntati
783 2661 897 2699 sua:
926 2660 1136 2697 morem
1170 2661 1370 2713 gerens
1412 2660 1441 2696 a
1472 2658 1603 2697 sana
1636 2644 1909 2696 sententia

318 2735 608 2797 discedat,
629 2751 811 2804 neque
841 2735 968 2788 ﬁdei
989 2736 1348 2788 constitutum
1378 2734 1660 2803 (lepravet,
1682 2734 1764 2786 vel
1786 2748 1912 2801 pro-

324 2838 455 2895 pter
490 2836 699 2879 metnm
733 2825 1014 2895 supplicii,
1049 2827 1133 2880 vel
1161 2835 1387 2894 propter
1428 2824 1607 2878 minas
1641 2823 1908 2892 direptio-

316 2917 417 2969 nis
446 2917 740 2975 honorum.
766 2917 908 2982 Quid
933 2916 1081 2971 enim
1128 2917 1423 2985 diripietur
1451 2931 1549 2985 par
1586 2925 1642 2970 et
1696 2916 1908 2983 aequale

325 3007 494 3060 ﬁdei?
553 3007 665 3060 imo
689 3023 865 3077 neque
925 3018 1151 3077 propter
1185 3023 1338 3075 spem
1374 3008 1549 3060 lucri:
1596 3006 1728 3075 quid
1759 3007 1906 3060 enim

324 3095 661 3151 lucrifacere
709 3105 911 3165 potest,
943 3097 1038 3165 qui
1068 3102 1340 3167 jacturam
1372 3097 1465 3151 Dei
1521 3097 1691 3150 facit?
1719 3097 1905 3165 Siqui-

320 3186 456 3240 dem
484 3188 779 3242 universus
804 3188 1045 3242 mundus
1069 3204 1272 3258 parvus
1302 3197 1405 3253 est,
1446 3188 1490 3241 si
1515 3204 1641 3241 cum
1670 3188 1907 3242 fabrica-

324 3285 450 3331 tore
481 3279 605 3347 ejus
633 3277 985 3332 conferatur:
1018 3296 1121 3332 nec
1170 3279 1346 3347 ipsum
1380 3281 1582 3333 coelum
1629 3280 1903 3349 magnitu-
1932 3275 1974 3333 C

319 3369 515 3421 dinem
540 3369 782 3423 auctoris
801 3370 887 3423 sui
922 3378 1314 3438 reprtesentare
1358 3378 1575 3439 potest;
1607 3372 1755 3440 quod
1807 3372 1903 3440 qui

320 3458 597 3520 amiserit,
650 3460 782 3528 quid
815 3460 1052 3528 amplius
1076 3459 1335 3513 habebit?
1365 3459 1498 3529 quid
1540 3460 1646 3514 erit
1699 3461 1903 3515 amisso

324 3564 428 3617 par
452 3557 510 3603 et
538 3550 748 3618 mquale
769 3550 792 3602 ?
814 3550 1003 3619 Neque
1032 3550 1194 3603 ﬁdem
1229 3552 1557 3620 supprimat,
1594 3553 1689 3621 qui
1712 3553 1902 3607 volueo

324 3640 401 3693 rit
426 3656 553 3695 esse
582 3655 710 3695 vere
734 3641 940 3695 fidelis:
980 3641 1300 3709 suppressio
1323 3643 1471 3696 enim
1494 3642 1901 3711 quodammodo

312 3740 410 3785 est
442 3732 696 3801 negatio:
740 3732 992 3786 conﬁteri
1035 3743 1221 3785 autetn
1280 3732 1535 3799 ﬁdenter,
1583 3733 1899 3789 ﬁrmitatem

322 3822 456 3875 ﬁdei
487 3821 762 3875 ostendit:
808 3823 976 3891 igitur
1013 3822 1145 3876 licet
1185 3822 1373 3891 justus
1420 3824 1748 3892 supprimat,
1789 3825 1900 3895 jam

323 3927 434 3964 non
460 3920 546 3965 est
568 3913 785 3979 justus:
818 3912 937 3968 Non
967 3912 1161 3983 placet,
1213 3913 1417 3985 inquit,
1454 3916 1651 3969 anima:
1695 3932 1826 3971 mea:
1844 3917 1900 3970 in

316 4003 436 4069 ipso
459 4002 529 4055 ”.

392 4136 580 4191 XVIII.
613 4138 826 4192 Rursus
866 4153 997 4191 vero
1022 4138 1090 4191 ab
1129 4138 1247 4207 ipso
1272 4139 1506 4193 Domino
1545 4139 1893 4197 audivimus:

317 4223 505 4279 Omnis
540 4229 631 4295 qui
660 4226 989 4293 conﬁtebitur
1016 4244 1097 4281 me
1144 4245 1324 4282 coram
1374 4230 1691 4295 hominibus,
1731 4230 1896 4298 con/i-

317 4316 464 4367 tebor
503 4324 552 4365 et
585 4331 677 4384 ego
707 4331 825 4367 eum
850 4333 1031 4369 coram
1052 4316 1215 4370 Patre
1237 4335 1350 4371 meo
1370 4320 1458 4388 qui
1486 4322 1541 4372 in
1559 4320 1697 4373 cretis
1731 4330 1804 4373 est
1827 4321 1894 4375 ‘°.

319 4404 376 4457 in
414 4418 755 4472 unoquoque
810 4404 962 4457 enim
1008 4403 1188 4458 simile
1246 4404 1500 4459 redditur
1541 4415 1893 4476 antegressa;

315 4493 597 4546 confessio
626 4491 986 4557 confessioni,
1016 4495 1235 4565 negatio
1268 4496 1570 4566 negationi,
1633 4497 1729 4551 sed
1785 4514 1894 4551 non

2006 2017 2065 2062 et
2089 2025 2515 2079 unamquamque
2548 2025 2827 2077 personam
2854 2011 3047 2074 Deum,
3081 2027 3193 2067 non
3246 2023 3426 2069 tamen
3458 2018 3587 2071 sub-

2011 2102 2265 2154 stantiam
2296 2102 2684 2170 particularem
2710 2101 3025 2168 habentc'n,
3060 2119 3169 2158 non
3207 2120 3580 2172 communem,

2010 2190 2227 2244 tametsi
2253 2206 2299 2259 pi
2327 2208 2352 2243 r
2424 2205 2441 2237 τ
2470 2191 2614 2244 Deus
2680 2192 2975 2245 .ominctur
3006 2238 3009 2241 λ
3074 2194 3407 2263 particularc
3429 2198 3581 2253 enim

2008 2292 2117 2330 non
2155 2278 2586 2342 cstsubstautia,
2614 2279 2890 2348 siquidem
2927 2281 3237 2338 substantia
3269 2300 3441 2355 genus
3462 2298 3580 2354 est;

2007 2379 2064 2420 et
2084 2369 2337 2437 generale
2365 2378 2591 2423 nonest
2620 2371 2979 2438 particulare,
3027 2372 3175 2427 sicut
3206 2390 3381 2445 neque
3412 2382 3585 2447 parti-

2009 2461 2195 2513 culare
2224 2461 2480 2528 generale
2503 2474 2587 2516 est
2610 2479 2622 2514 :
2646 2471 2705 2515 et
2733 2465 3583 2542 quamvisdicaturunaquaique

2010 2565 2243 2617 persona
2277 2551 2460 2615 Deus;
2493 2567 2604 2606 non
2639 2559 2824 2607 tamen
2852 2555 3114 2610 divinitas
3164 2558 3360 2625 divisa,
3388 2572 3471 2615 est
3501 2563 3587 2615 di-

2008 2641 2231 2703 vinitas,
2262 2658 2444 2711 neque
2478 2642 2719 2698 cﬁicitur
2745 2647 2968 2714 propria
3000 2657 3056 2702 ct
3087 2651 3441 2718 particularis
3487 2671 3583 2707 na—

2010 2734 2262 2787 turaliter
2318 2736 2622 2790 secundum
2673 2736 3053 2793 diversitatem
3100 2741 3446 2809 substantiae,
3484 2746 3581 2800 sed

2008 2821 2307 2889 perfectam
2341 2832 2396 2877 et
2421 2832 2589 2879 totam
2624 2825 2792 2881 habet
2826 2844 3174 2885 communem
3194 2833 3581 2895 substantiam.

2006 2912 2378 2977 Quamobrem
2423 2924 2539 2970 tres
2590 2916 2853 2972 dicuntur
2912 2931 3135 2976 etsunt
3188 2940 3351 2990 unus,
3384 2936 3582 2997 utpote

2008 3003 2176 3058 unius
2197 3005 2518 3061 substantia:
2534 3022 2643 3061 non
2659 3007 2850 3063 divisa:
2876 3010 2932 3063 in
2970 3019 3101 3077 tres,
3138 3018 3390 3083 quamvis
3409 3034 3583 3073 unus-

2008 3095 2244 3164 quisque
2272 3111 2370 3166 per
2402 3112 2461 3153 se
2519 3100 2871 3166 nominetur;
2903 3118 3004 3157 nec
3039 3112 3283 3161 extensa:
3316 3107 3372 3162 in
3395 3111 3583 3165 multi-

2008 3185 2283 3252 tudinem,
2305 3204 2431 3243 cum
2456 3199 2570 3245 tres
2594 3191 2737 3246 inter
2761 3207 2821 3247 sc
2849 3195 3225 3252 nominantur.

2077 3318 2217 3373 XIX.
2254 3320 2434 3387 Quare
2454 3323 2741 3379 veritatem
2766 3324 3050 3395 depravat,
3079 3329 3173 3399 qui
3199 3339 3310 3388 tres
3337 3349 3439 3403 pro
3470 3350 3581 3389 uno

2003 3408 2138 3464 deos
2170 3424 2293 3465 esse
2328 3412 2626 3481 opinatur:
2654 3416 2917 3484 opinatur
2959 3429 3144 3475 autem
3181 3422 3337 3487 deos,
3361 3427 3456 3494 qui
3483 3427 3583 3498 hy-

2003 3511 2274 3569 postases,
2294 3512 2521 3559 naturas
2556 3508 2826 3575 speciales
2850 3509 2967 3564 sive
2998 3514 3366 3581 particulares
3396 3529 3578 3573 vocat.

2003 3590 2093 3645 Sic
2124 3592 2274 3646 enim
2324 3601 2538 3649 natura:
2591 3598 2859 3667 speciales
2907 3612 3133 3670 essent;
3198 3606 3345 3662 Deus
3389 3620 3580 3667 autem

2001 3693 2198 3735 natura
2226 3692 2333 3745 est,
2372 3699 2497 3738 cum
2556 3685 2693 3741 dicit
2742 3688 3054 3759 Propheta:
3121 3694 3261 3749 Deus
3314 3708 3493 3752 noster
3521 3702 3580 3755 in

2002 3772 2148 3834 cwlo,
2177 3783 2224 3825 et
2256 3775 2311 3826 in
2336 3783 2480 3829 terra
2513 3778 2590 3842 “;
2624 3786 2673 3831 et
2694 3792 3035 3850 cognoscant,
3070 3790 3209 3855 quod
3243 3796 3299 3841 tu
3318 3789 3576 3846 Dominus

2001 3862 2142 3916 Deus
2171 3863 2313 3918 solus
2346 3866 2409 3919 “.
2444 3867 2520 3922 De
2548 3883 2659 3937 quo
2702 3885 2836 3941 ergo
2873 3874 3041 3927 trium
3069 3876 3245 3931 dicit?
3276 3895 3386 3934 non
3424 3883 3577 3937 enim

1996 3955 2187 4022 posuit
2214 3956 2586 4014 multitudinis
2610 3960 3108 4034 signiﬁcationem;
3130 3978 3341 4027 natura:
3386 3984 3573 4029 autem

1998 4048 2269 4115 speciales
2313 4051 2729 4110 multitudinem
2787 4059 3113 4115 ostendunt.
3173 4060 3272 4117 Sin
3323 4080 3458 4120 vero
3506 4068 3573 4122 de

1998 4139 2185 4193 divina
2224 4140 2555 4207 substantia,
2577 4146 2740 4201 unica
2765 4156 2820 4201 et
2842 4148 3077 4219 simplici
3101 4166 3283 4208 sermo
3321 4155 3413 4221 sit,
3430 4157 3575 4214 hanc

1998 4239 2183 4285 autem
2220 4249 2391 4288 unum
2417 4236 2589 4290 Deum
2619 4237 2819 4295 divinae
2864 4240 3163 4312 Scriptura:
3214 4257 3438 4315 vocant,
3466 4253 3571 4306 etsi

2000 4329 2110 4375 tres
2138 4321 2306 4377 habet
2326 4326 2733 4394 proprietates:
2772 4346 2881 4385 una
2912 4332 3101 4402 utique
3127 4344 3327 4391 natura
3350 4347 3406 4392 et
3435 4340 3571 4395 sub-

1996 4412 2199 4466 stantia
2225 4413 2529 4469 divinitatis
2556 4426 2659 4471 est.
2693 4416 2750 4473 Si
2775 4426 2960 4475 autem
2986 4438 3095 4477 una
3117 4434 3223 4489 est,
3252 4441 3415 4482 nemo
3438 4430 3572 4483 sub-

1997 4503 2230 4557 stantias
2252 4505 2612 4573 particulares
2646 4507 2811 4575 dicat,
2839 4512 2885 4565 si
2914 4513 3114 4584 refugit
3162 4516 3391 4572 deorum
3424 4522 3569 4575 mul-

314 4583 610 4636 similiter:
644 4583 919 4653 siquidem
952 4586 1228 4639 confessio
1252 4587 1545 4656 etnegatio
1564 4599 1893 4657 antegrcsm
1927 4611 1969 4665 υ
2000 4592 2293 4648 titudinem
2368 4597 2679 4653 nominare.
2761 4583 3209 4660 Demonstratum
3257 4610 3406 4664 enim
3457 4624 3564 4677 est,

309 4676 368 4728 in
400 4674 730 4728 hominibus
749 4684 905 4741 sunt;
944 4686 1241 4745 sequentes
1270 4692 1403 4732 vero
1434 4678 1489 4730 in
1530 4677 1812 4732 Salvatore
1836 4687 1893 4731 et

310 4766 529 4837 angelis
572 4768 799 4821 sanctis.
834 4767 1200 4833 Quamobrem
1260 4769 1494 4837 quisque
1548 4784 1607 4823 se
1655 4770 1887 4834 muniat,

310 4865 575 4909 metuens
601 4857 910 4923 periculum
936 4856 1297 4925 impendens;
1330 4866 1387 4911 et
1419 4875 1639 4913 omnem
1683 4870 1888 4913 metum

310 4945 642 5006 humanum,
670 4953 726 4998 et
755 4960 974 4999 onmem
1008 4947 1235 5015 gratiam
1264 4948 1524 5012 hominis,
1560 4948 1733 5002 instar
1764 4950 1889 5018 pul-

309 5034 482 5099 veris,
525 5034 771 5090 excutiat
809 5051 877 5090 ex
906 5036 1023 5091 suis
1079 5038 1537 5107 cogitationibus:
1572 5040 1727 5093 illum
1770 5050 1886 5094 tan-

312 5136 430 5180 tum
461 5133 693 5187 metuat,
727 5128 815 5195 qui
834 5136 1001 5195 potest
1036 5129 1271 5180 animam
1299 5138 1345 5179 et
1375 5144 1561 5197 corpus
1591 5130 1808 5198 perdere
1832 5114 1887 5183 in

310 5216 553 5284 gehenna
578 5215 645 5278 “,
676 5214 985 5285 habeatque
1013 5232 1359 5284 persuasum,
1413 5218 1562 5285 quod
1604 5218 1887 5287 dispersit,

307 5314 367 5357 et
395 5304 659 5373 disperget
682 5302 936 5358 Dominus
956 5320 1075 5358 ossa
1102 5322 1305 5371 eorum,
1341 5308 1430 5376 qui
1459 5308 1749 5362 hominibus
1769 5309 1887 5377 pla-

308 5404 427 5446 cent
458 5396 525 5446 “.
550 5394 764 5448 Idcirco
788 5394 844 5447 in
871 5396 1043 5449 solam
1069 5396 1297 5467 gloriam
1322 5398 1419 5451 Dei
1467 5397 1782 5463 intuemur;
1831 5408 1888 5453 et

308 5487 492 5543 solum
526 5486 768 5540 Verbum
820 5487 1064 5557 judicent
1095 5497 1499 5557 exspectamus.
1549 5492 1688 5556 Quid
1721 5493 1886 5557 enim,

381 5665 427 5697 "
466 5665 659 5719 Matth.
690 5682 833 5730 utv,
867 5668 919 5721 5.

305 5734 349 5767 "
388 5736 525 5789 ibid.
561 5735 651 5789 28.

307 5820 420 5870 vm,
459 5805 543 5859 10.

509 5897 781 5959 Parnm.
821 5897 939 5959 (in.
973 5899 1324 5962 LXXXIX.

1000 5668 1045 5700 ³⁸
1086 5668 1245 5722 Joan.
1286 5683 1339 5729 ν,
1381 5669 1471 5723 44.

734 5736 780 5767 δ’
822 5737 962 5792 Psal.
996 5753 1088 5802 LII,
1129 5740 1183 5792 6.

1551 5668 1595 5699 "
1621 5668 1944 5747 JerLuvLi;
1970 5672 2169 5747 Ezeelr.
2206 5692 2354 5741 χχιιι.
2405 5679 2503 5743 l8;
2577 5680 2741 5735 Zach.
2798 5700 2869 5747 χι,
2910 5685 2962 5741 8.

1291 5739 1335 5769 ⁸³
1362 5738 1554 5793 Matth.
1584 5754 1695 5799 xw.
1724 5741 1814 5805 26,
1846 5742 1935 5795 27.

1994 4685 2332 4754 principium
2370 4702 2497 4742 esse
2521 4690 2896 4749 multitudinis
2916 4694 3170 4763 deorum,
3201 4701 3568 4767 particularcs

1991 4781 2216 4827 naturas
2231 4776 2546 4833 nominare:
2580 4790 2637 4834 et
2658 4783 2915 4837 existimo
2937 4786 3152 4841 nullum
3171 4805 3393 4859 quoque
3424 4793 3565 4849 adeo

1991 4862 2227 4919 nudasse
2251 4877 2437 4936 caput,
2470 4869 2521 4924 id
2550 4880 2656 4935 est,
2687 4888 2754 4927 eo
2808 4874 3163 4943 impudentiae
3207 4884 3562 4949 processisse,

1991 4962 2050 5004 ut
2076 4953 2208 5009 deos
2229 4971 2458 5013 numero
2496 4962 3163 5033 multitudinisnominet;
3191 4970 3297 5023 etsi
3320 4987 3387 5025 ex
3416 4988 3567 5026 sum-

1991 5044 2273 5112 ptionibus
2288 5064 2477 5104 eorum
2496 5056 2810 5110 necessario
2822 5058 3331 5124 concluditur,deos
3353 5064 3563 5127 dicere,

1994 5135 2039 5188 si
2071 5148 2314 5191 sanctam
2344 5140 2671 5198 Trinitatem
2702 5160 2927 5201 naturas
2954 5151 3222 5218 speciales
3256 5154 3561 5210 nominant:

1992 5224 2046 5278 id
2070 5228 2214 5295 quod
2251 5245 2281 5282 a
2316 5231 2479 5285 nobis
2511 5234 2671 5302 plane
2701 5237 3142 5295 demonstratum
3161 5252 3267 5307 est,
3288 5260 3411 5297 cum
3438 5263 3567 5315 pro-

1991 5315 2113 5382 prio
2144 5316 2265 5369 loco
2302 5330 2497 5375 contra
2529 5337 2625 5377 eos
2678 5324 2773 5393 qui
2802 5335 2916 5382 tres
2957 5330 3297 5387 substantias
3347 5334 3562 5400 dicunt,

1988 5406 2329 5475 scripsimus,
2353 5425 2478 5465 cum
2506 5428 2680 5482 nuper
2706 5416 2773 5470 dc
2794 5416 2898 5473 hac
2920 5421 3222 5489 quaestione
3257 5425 3433 5493 posita
3450 5426 3565 5481 dis-

1990 5504 2305 5565 ceptaretur
2345 5517 2359 5552 :
2396 5509 2453 5555 et
2480 5502 2715 5559 fortasse
2753 5508 2847 5575 qui
2880 5508 2973 5562 illa
3012 5519 3243 5579 quaret,
3287 5515 3560 5583 reperiet;

3064 5686 3121 5757 "7
3155 5688 3344 5743 Matth.
3371 5707 3427 5757 ι,
3472 5691 3562 5745 52.

2045 5744 2089 5775 “
2126 5745 2327 5815 Ephes.
2394 5766 2464 5814 vi,
2505 5750 2559 5805 6.
2674 5753 2718 5783 “
2750 5744 2892 5808 Psal.
2945 5772 3071 5820 cxu,
3109 5756 3161 5821 5,
3203 5760 3254 5813 6.
3331 5761 3377 5791 “
3414 5744 3560 5817 'Toh.

3040 5918 3115 5976 Ir)
