  <div class='ocr_page' id='page_1' title='image "/cluster/home/n/w/nwhite01/storage/ocr_20150623/89/nnc1.0046980172/687.png"; bbox 0 0 4462 6440; ppageno 0'>
   <div class='ocr_carea' id='block_1_1' title="bbox 895 399 1030 460">
    <p class='ocr_par' dir='ltr' id='par_1_1' title="bbox 895 399 1030 460">
     <span class='ocr_line' id='line_1_1' title="bbox 895 399 1030 460; baseline 0 -1"><span class='ocrx_word' id='word_1_1' title='bbox 895 399 1030 460; x_wconf 70' lang='lat'><strong>1323</strong></span> 
     </span>
    </p>
   </div>
   <div class='ocr_carea' id='block_1_2' title="bbox 2009 383 3021 449">
    <p class='ocr_par' dir='ltr' id='par_1_2' title="bbox 2009 383 3021 449">
     <span class='ocr_line' id='line_1_2' title="bbox 2009 383 3021 449; baseline -0.004 -2"><span class='ocrx_word' id='word_1_2' title='bbox 2009 395 2066 449; x_wconf 78' lang='lat' dir='ltr'><strong>S.</strong></span> <span class='ocrx_word' id='word_1_3' title='bbox 2112 384 2508 447; x_wconf 66' lang='lat' dir='ltr'><strong>ANASTASII</strong></span> <span class='ocrx_word' id='word_1_4' title='bbox 2552 383 3021 443; x_wconf 65' lang='lat' dir='ltr'><strong>ANTIOCIIENI</strong></span> 
     </span>
    </p>
   </div>
   <div class='ocr_carea' id='block_1_3' title="bbox 4015 382 4166 446">
    <p class='ocr_par' dir='ltr' id='par_1_3' title="bbox 4015 382 4166 446">
     <span class='ocr_line' id='line_1_3' title="bbox 4015 382 4166 446; baseline -0.007 -3"><span class='ocrx_word' id='word_1_5' title='bbox 4015 382 4166 446; x_wconf 56' lang='lat'><strong>132$</strong></span> 
     </span>
    </p>
   </div>
   <div class='ocr_carea' id='block_1_4' title="bbox 890 497 4162 578">
    <p class='ocr_par' dir='ltr' id='par_1_4' title="bbox 890 497 4162 578">
     <span class='ocr_line' id='line_1_4' title="bbox 890 497 4162 578; baseline -0.004 -14"><span class='ocrx_word' id='word_1_6' title='bbox 890 523 944 567; x_wconf 79' lang='lat' dir='ltr'><strong>t-t</strong></span> <span class='ocrx_word' id='word_1_7' title='bbox 973 526 1096 563; x_wconf 79' lang='lat' dir='ltr'><strong>cum</strong></span> <span class='ocrx_word' id='word_1_8' title='bbox 1131 509 1419 578; x_wconf 85' lang='lat' dir='ltr'><strong>repererit,</strong></span> <span class='ocrx_word' id='word_1_9' title='bbox 1473 506 1682 560; x_wconf 83' lang='lat' dir='ltr'><strong>certius</strong></span> <span class='ocrx_word' id='word_1_10' title='bbox 1715 514 2033 572; x_wconf 75' lang='lat' dir='ltr'><strong>cognoscet,</strong></span> <span class='ocrx_word' id='word_1_11' title='bbox 2090 503 2370 572; x_wconf 83' lang='lat' dir='ltr'><strong>quomodo</strong></span> <span class='ocrx_word' id='word_1_12' title='bbox 2415 501 2467 550; x_wconf 91' lang='lat' dir='ltr'><strong>in</strong></span> <span class='ocrx_word' id='word_1_13' title='bbox 2500 505 2543 559; x_wconf 85' lang='grc' dir='ltr'><strong>Α</strong></span> <span class='ocrx_word' id='word_1_14' title='bbox 2575 499 2775 550; x_wconf 76' lang='lat' dir='ltr'><strong>rimi&quot;.</strong></span> <span class='ocrx_word' id='word_1_15' title='bbox 2837 498 3074 565; x_wconf 79' lang='lat' dir='ltr'><strong>Digitum</strong></span> <span class='ocrx_word' id='word_1_16' title='bbox 3136 506 3318 549; x_wconf 87' lang='lat' dir='ltr'><strong>autem</strong></span> <span class='ocrx_word' id='word_1_17' title='bbox 3361 497 3455 550; x_wconf 85' lang='lat' dir='ltr'><strong>Dei</strong></span> <span class='ocrx_word' id='word_1_18' title='bbox 3507 497 3690 551; x_wconf 75' lang='lat' dir='ltr'><strong>vocari</strong></span> <span class='ocrx_word' id='word_1_19' title='bbox 3721 499 3985 567; x_wconf 78' lang='lat' dir='ltr'><strong>Spiritum</strong></span> <span class='ocrx_word' id='word_1_20' title='bbox 4019 515 4162 552; x_wconf 85' lang='lat' dir='ltr'><strong>san-</strong></span> 
     </span>
    </p>
   </div>
   <div class='ocr_carea' id='block_1_5' title="bbox 893 591 2459 659">
    <p class='ocr_par' dir='ltr' id='par_1_5' title="bbox 893 591 2459 659">
     <span class='ocr_line' id='line_1_5' title="bbox 893 591 2459 659; baseline -0.009 -5"><span class='ocrx_word' id='word_1_21' title='bbox 893 603 1001 655; x_wconf 90' lang='lat' dir='ltr'><strong>illis</strong></span> <span class='ocrx_word' id='word_1_22' title='bbox 1054 609 1247 652; x_wconf 86' lang='lat' dir='ltr'><strong>contra</strong></span> <span class='ocrx_word' id='word_1_23' title='bbox 1284 600 1430 652; x_wconf 91' lang='lat' dir='ltr'><strong>illam</strong></span> <span class='ocrx_word' id='word_1_24' title='bbox 1497 607 1626 650; x_wconf 92' lang='lat' dir='ltr'><strong>tunc</strong></span> <span class='ocrx_word' id='word_1_25' title='bbox 1682 595 1932 650; x_wconf 76' lang='lat' dir='ltr'><strong>haeresim</strong></span> <span class='ocrx_word' id='word_1_26' title='bbox 1983 604 2161 646; x_wconf 87' lang='lat' dir='ltr'><strong>ortam</strong></span> <span class='ocrx_word' id='word_1_27' title='bbox 2209 591 2459 659; x_wconf 84' lang='lat' dir='ltr'><strong>disputa-</strong></span> 
     </span>
    </p>
   </div>
   <div class='ocr_carea' id='block_1_6' title="bbox 893 694 1091 748">
    <p class='ocr_par' dir='ltr' id='par_1_6' title="bbox 893 694 1091 748">
     <span class='ocr_line' id='line_1_6' title="bbox 893 694 1091 748; baseline -0.01 0"><span class='ocrx_word' id='word_1_28' title='bbox 893 694 1091 748; x_wconf 90' lang='lat' dir='ltr'><strong>vimus.</strong></span> 
     </span>
    </p>
   </div>
   <div class='ocr_carea' id='block_1_7' title="bbox 963 774 2461 851">
    <p class='ocr_par' dir='ltr' id='par_1_7' title="bbox 963 774 2461 851">
     <span class='ocr_line' id='line_1_7' title="bbox 963 774 2461 851; baseline -0.007 -14"><span class='ocrx_word' id='word_1_29' title='bbox 963 783 1078 838; x_wconf 81' lang='lat' dir='ltr'><strong>XX.</strong></span> <span class='ocrx_word' id='word_1_30' title='bbox 1119 783 1360 836; x_wconf 84' lang='lat' dir='ltr'><strong>Dicimus</strong></span> <span class='ocrx_word' id='word_1_31' title='bbox 1402 792 1668 851; x_wconf 73' lang='lat' dir='ltr'><strong>prmterea</strong></span> <span class='ocrx_word' id='word_1_32' title='bbox 1722 777 1907 831; x_wconf 90' lang='lat' dir='ltr'><strong>omnia</strong></span> <span class='ocrx_word' id='word_1_33' title='bbox 1940 793 2039 846; x_wconf 90' lang='lat' dir='ltr'><strong>per</strong></span> <span class='ocrx_word' id='word_1_34' title='bbox 2087 777 2266 846; x_wconf 85' lang='lat' dir='ltr'><strong>ipsum</strong></span> <span class='ocrx_word' id='word_1_35' title='bbox 2321 774 2461 827; x_wconf 81' lang='lat' dir='ltr'><strong>facta</strong></span> 
     </span>
    </p>
   </div>
   <div class='ocr_carea' id='block_1_8' title="bbox 891 867 2463 942">
    <p class='ocr_par' dir='ltr' id='par_1_8' title="bbox 891 867 2463 942">
     <span class='ocr_line' id='line_1_8' title="bbox 891 867 2463 942; baseline -0.007 -16"><span class='ocrx_word' id='word_1_36' title='bbox 891 891 1035 937; x_wconf 82' lang='lat' dir='ltr'><strong>esse,</strong></span> <span class='ocrx_word' id='word_1_37' title='bbox 1063 875 1194 926; x_wconf 91' lang='lat' dir='ltr'><strong>etin</strong></span> <span class='ocrx_word' id='word_1_38' title='bbox 1233 873 1352 942; x_wconf 91' lang='lat' dir='ltr'><strong>ipso</strong></span> <span class='ocrx_word' id='word_1_39' title='bbox 1381 871 1564 924; x_wconf 93' lang='lat' dir='ltr'><strong>omnia</strong></span> <span class='ocrx_word' id='word_1_40' title='bbox 1588 871 1893 923; x_wconf 89' lang='lat' dir='ltr'><strong>consistere</strong></span> <span class='ocrx_word' id='word_1_41' title='bbox 1925 877 2186 936; x_wconf 75' lang='lat' dir='ltr'><strong>tanquam</strong></span> <span class='ocrx_word' id='word_1_42' title='bbox 2216 867 2269 918; x_wconf 91' lang='lat' dir='ltr'><strong>in</strong></span> <span class='ocrx_word' id='word_1_43' title='bbox 2305 879 2463 916; x_wconf 82' lang='lat' dir='ltr'><strong>crea-</strong></span> 
     </span>
    </p>
   </div>
   <div class='ocr_carea' id='block_1_9' title="bbox 897 960 2465 1026">
    <p class='ocr_par' dir='ltr' id='par_1_9' title="bbox 897 960 2465 1026">
     <span class='ocr_line' id='line_1_9' title="bbox 897 960 2465 1026; baseline -0.008 -6"><span class='ocrx_word' id='word_1_44' title='bbox 897 976 1011 1020; x_wconf 88' lang='lat' dir='ltr'><strong>tore</strong></span> <span class='ocrx_word' id='word_1_45' title='bbox 1039 973 1097 1019; x_wconf 91' lang='lat' dir='ltr'><strong>et</strong></span> <span class='ocrx_word' id='word_1_46' title='bbox 1128 962 1516 1017; x_wconf 88' lang='lat' dir='ltr'><strong>concreatorei</strong></span> <span class='ocrx_word' id='word_1_47' title='bbox 1549 978 1563 1014; x_wconf 90' lang='lat'><strong>:</strong></span> <span class='ocrx_word' id='word_1_48' title='bbox 1598 960 1786 1014; x_wconf 89' lang='lat' dir='ltr'><strong>Omnia</strong></span> <span class='ocrx_word' id='word_1_49' title='bbox 1839 961 1978 1012; x_wconf 86' lang='lat' dir='ltr'><strong>enim</strong></span> <span class='ocrx_word' id='word_1_50' title='bbox 2004 973 2323 1026; x_wconf 69' lang='lat' dir='ltr'><strong>quarcunque</strong></span> <span class='ocrx_word' id='word_1_51' title='bbox 2375 973 2465 1009; x_wconf 78' lang='grc' dir='ltr'>ιιο-</span> 
     </span>
    </p>
   </div>
   <div class='ocr_carea' id='block_1_10' title="bbox 895 1048 2465 1122">
    <p class='ocr_par' dir='ltr' id='par_1_10' title="bbox 895 1048 2465 1122">
     <span class='ocr_line' id='line_1_10' title="bbox 895 1048 2465 1122; baseline -0.004 -18"><span class='ocrx_word' id='word_1_52' title='bbox 895 1053 1010 1115; x_wconf 84' lang='lat' dir='ltr'><strong>luit,</strong></span> <span class='ocrx_word' id='word_1_53' title='bbox 1039 1053 1155 1122; x_wconf 78' lang='lat' dir='ltr'><strong>fecit</strong></span> <span class='ocrx_word' id='word_1_54' title='bbox 1187 1053 1254 1104; x_wconf 78' lang='lat'><strong>&quot;.</strong></span> <span class='ocrx_word' id='word_1_55' title='bbox 1284 1051 1338 1105; x_wconf 98' lang='lat' dir='ltr'><strong>Si</strong></span> <span class='ocrx_word' id='word_1_56' title='bbox 1369 1050 1516 1105; x_wconf 92' lang='lat' dir='ltr'><strong>enim</strong></span> <span class='ocrx_word' id='word_1_57' title='bbox 1551 1059 1606 1104; x_wconf 92' lang='lat' dir='ltr'><strong>et</strong></span> <span class='ocrx_word' id='word_1_58' title='bbox 1648 1051 1751 1103; x_wconf 88' lang='lat' dir='ltr'><strong>hoc</strong></span> <span class='ocrx_word' id='word_1_59' title='bbox 1785 1050 2036 1102; x_wconf 86' lang='lat' dir='ltr'><strong>nonnulli</strong></span> <span class='ocrx_word' id='word_1_60' title='bbox 2068 1049 2364 1117; x_wconf 86' lang='lat' dir='ltr'><strong>opinantur</strong></span> <span class='ocrx_word' id='word_1_61' title='bbox 2398 1048 2465 1099; x_wconf 87' lang='lat' dir='ltr'><strong>de</strong></span> 
     </span>
    </p>
   </div>
   <div class='ocr_carea' id='block_1_11' title="bbox 892 1141 2468 1210">
    <p class='ocr_par' dir='ltr' id='par_1_11' title="bbox 892 1141 2468 1210">
     <span class='ocr_line' id='line_1_11' title="bbox 892 1141 2468 1210; baseline -0.004 -14"><span class='ocrx_word' id='word_1_62' title='bbox 892 1145 1054 1199; x_wconf 81' lang='lat' dir='ltr'><strong>Patre</strong></span> <span class='ocrx_word' id='word_1_63' title='bbox 1091 1143 1301 1196; x_wconf 90' lang='lat' dir='ltr'><strong>dictum</strong></span> <span class='ocrx_word' id='word_1_64' title='bbox 1359 1158 1481 1198; x_wconf 86' lang='lat' dir='ltr'><strong>esse</strong></span> <span class='ocrx_word' id='word_1_65' title='bbox 1511 1160 1524 1194; x_wconf 95' lang='lat'><strong>:</strong></span> <span class='ocrx_word' id='word_1_66' title='bbox 1576 1141 1693 1210; x_wconf 84' lang='lat' dir='ltr'><strong>Ipse</strong></span> <span class='ocrx_word' id='word_1_67' title='bbox 1723 1142 1875 1203; x_wconf 84' lang='lat' dir='ltr'><strong>di.rit,</strong></span> <span class='ocrx_word' id='word_1_68' title='bbox 1907 1151 1952 1192; x_wconf 83' lang='lat' dir='ltr'><strong>et</strong></span> <span class='ocrx_word' id='word_1_69' title='bbox 1992 1143 2133 1208; x_wconf 66' lang='lat' dir='ltr'><strong>facta</strong></span> <span class='ocrx_word' id='word_1_70' title='bbox 2178 1148 2331 1202; x_wconf 83' lang='lat' dir='ltr'><strong>sunt;</strong></span> <span class='ocrx_word' id='word_1_71' title='bbox 2361 1142 2468 1208; x_wconf 78' lang='lat' dir='ltr'><strong>ipse</strong></span> 
     </span>
    </p>
   </div>
   <div class='ocr_carea' id='block_1_12' title="bbox 892 1231 2464 1302">
    <p class='ocr_par' dir='ltr' id='par_1_12' title="bbox 892 1231 2464 1302">
     <span class='ocr_line' id='line_1_12' title="bbox 892 1231 2464 1302; baseline -0.003 -14"><span class='ocrx_word' id='word_1_72' title='bbox 892 1239 1186 1302; x_wconf 79' lang='lat' dir='ltr'><strong>mandavit,</strong></span> <span class='ocrx_word' id='word_1_73' title='bbox 1215 1246 1262 1290; x_wconf 88' lang='lat' dir='ltr'><strong>et</strong></span> <span class='ocrx_word' id='word_1_74' title='bbox 1285 1247 1465 1289; x_wconf 86' lang='lat' dir='ltr'><strong>creata</strong></span> <span class='ocrx_word' id='word_1_75' title='bbox 1493 1243 1616 1287; x_wconf 83' lang='lat' dir='ltr'><strong>sunt</strong></span> <span class='ocrx_word' id='word_1_76' title='bbox 1641 1235 1724 1297; x_wconf 60' lang='grc' dir='ltr'><strong>ης</strong></span> <span class='ocrx_word' id='word_1_77' title='bbox 1761 1243 1817 1286; x_wconf 93' lang='lat' dir='ltr'><strong>at</strong></span> <span class='ocrx_word' id='word_1_78' title='bbox 1847 1232 2060 1296; x_wconf 88' lang='lat' dir='ltr'><strong>Omnia,</strong></span> <span class='ocrx_word' id='word_1_79' title='bbox 2091 1231 2289 1300; x_wconf 80' lang='lat' dir='ltr'><strong>inquit,</strong></span> <span class='ocrx_word' id='word_1_80' title='bbox 2319 1247 2464 1299; x_wconf 67' lang='lat' dir='ltr'><strong>quir-</strong></span> 
     </span>
    </p>
   </div>
   <div class='ocr_carea' id='block_1_13' title="bbox 889 1321 2469 1398">
    <p class='ocr_par' dir='ltr' id='par_1_13' title="bbox 889 1321 2469 1398">
     <span class='ocr_line' id='line_1_13' title="bbox 889 1321 2469 1398; baseline -0.004 -17"><span class='ocrx_word' id='word_1_81' title='bbox 889 1346 1092 1398; x_wconf 77' lang='lat' dir='ltr'><strong>ennque</strong></span> <span class='ocrx_word' id='word_1_82' title='bbox 1123 1328 1261 1381; x_wconf 84' lang='lat' dir='ltr'><strong>videt</strong></span> <span class='ocrx_word' id='word_1_83' title='bbox 1295 1326 1457 1379; x_wconf 83' lang='lat' dir='ltr'><strong>Filius</strong></span> <span class='ocrx_word' id='word_1_84' title='bbox 1487 1324 1703 1378; x_wconf 83' lang='lat' dir='ltr'><strong>Patrem</strong></span> <span class='ocrx_word' id='word_1_85' title='bbox 1733 1325 1928 1392; x_wconf 81' lang='lat' dir='ltr'><strong>facere,</strong></span> <span class='ocrx_word' id='word_1_86' title='bbox 1977 1325 2085 1376; x_wconf 79' lang='lat' dir='ltr'><strong>hwc</strong></span> <span class='ocrx_word' id='word_1_87' title='bbox 2125 1331 2173 1374; x_wconf 90' lang='lat' dir='ltr'><strong>ct</strong></span> <span class='ocrx_word' id='word_1_88' title='bbox 2201 1321 2366 1374; x_wconf 77' lang='lat' dir='ltr'><strong>Filius</strong></span> <span class='ocrx_word' id='word_1_89' title='bbox 2399 1324 2469 1374; x_wconf 77' lang='lat' dir='ltr'><strong>si-</strong></span> 
     </span>
    </p>
   </div>
   <div class='ocr_carea' id='block_1_14' title="bbox 889 1414 2468 1489">
    <p class='ocr_par' dir='ltr' id='par_1_14' title="bbox 889 1414 2468 1489">
     <span class='ocr_line' id='line_1_14' title="bbox 889 1414 2468 1489; baseline -0.004 -17"><span class='ocrx_word' id='word_1_90' title='bbox 889 1421 1086 1473; x_wconf 84' lang='lat' dir='ltr'><strong>militer</strong></span> <span class='ocrx_word' id='word_1_91' title='bbox 1123 1421 1248 1489; x_wconf 78' lang='lat' dir='ltr'><strong>facit</strong></span> <span class='ocrx_word' id='word_1_92' title='bbox 1280 1420 1347 1480; x_wconf 58' lang='grc' dir='ltr'><strong>δ’,</strong></span> <span class='ocrx_word' id='word_1_93' title='bbox 1384 1426 1598 1480; x_wconf 91' lang='lat' dir='ltr'><strong>etnon,</strong></span> <span class='ocrx_word' id='word_1_94' title='bbox 1634 1415 1762 1468; x_wconf 84' lang='lat' dir='ltr'><strong>talia</strong></span> <span class='ocrx_word' id='word_1_95' title='bbox 1791 1416 1848 1480; x_wconf 61' lang='lat' dir='ltr'><strong>l&#39;;</strong></span> <span class='ocrx_word' id='word_1_96' title='bbox 1881 1415 1985 1469; x_wconf 79' lang='lat' dir='ltr'><strong>hoc</strong></span> <span class='ocrx_word' id='word_1_97' title='bbox 2017 1414 2164 1468; x_wconf 90' lang='lat' dir='ltr'><strong>enim</strong></span> <span class='ocrx_word' id='word_1_98' title='bbox 2200 1424 2286 1468; x_wconf 76' lang='lat' dir='ltr'><strong>est</strong></span> <span class='ocrx_word' id='word_1_99' title='bbox 2323 1430 2468 1484; x_wconf 81' lang='lat' dir='ltr'><strong>ejus-</strong></span> 
     </span>
    </p>
   </div>
   <div class='ocr_carea' id='block_1_15' title="bbox 889 1504 2470 1577">
    <p class='ocr_par' dir='ltr' id='par_1_15' title="bbox 889 1504 2470 1577">
     <span class='ocr_line' id='line_1_15' title="bbox 889 1504 2470 1577; baseline -0.006 -13"><span class='ocrx_word' id='word_1_100' title='bbox 889 1511 1013 1564; x_wconf 86' lang='lat' dir='ltr'><strong>dem</strong></span> <span class='ocrx_word' id='word_1_101' title='bbox 1038 1509 1362 1564; x_wconf 67' lang='lat' dir='ltr'><strong>substantia:</strong></span> <span class='ocrx_word' id='word_1_102' title='bbox 1398 1507 1671 1577; x_wconf 86' lang='lat' dir='ltr'><strong>operatio.</strong></span> <span class='ocrx_word' id='word_1_103' title='bbox 1703 1506 1792 1560; x_wconf 81' lang='lat' dir='ltr'><strong>Ait</strong></span> <span class='ocrx_word' id='word_1_104' title='bbox 1820 1506 1989 1576; x_wconf 86' lang='lat' dir='ltr'><strong>igitur</strong></span> <span class='ocrx_word' id='word_1_105' title='bbox 2015 1506 2316 1567; x_wconf 85' lang='lat' dir='ltr'><strong>Dominus:</strong></span> <span class='ocrx_word' id='word_1_106' title='bbox 2351 1504 2470 1573; x_wconf 84' lang='lat' dir='ltr'><strong>Ipse</strong></span> 
     </span>
    </p>
   </div>
   <div class='ocr_carea' id='block_1_16' title="bbox 889 1597 2469 1666">
    <p class='ocr_par' dir='ltr' id='par_1_16' title="bbox 889 1597 2469 1666">
     <span class='ocr_line' id='line_1_16' title="bbox 889 1597 2469 1666; baseline -0.006 -10"><span class='ocrx_word' id='word_1_107' title='bbox 889 1605 1035 1666; x_wconf 81' lang='lat' dir='ltr'><strong>mihi,</strong></span> <span class='ocrx_word' id='word_1_108' title='bbox 1068 1602 1282 1656; x_wconf 90' lang='lat' dir='ltr'><strong>scilicet</strong></span> <span class='ocrx_word' id='word_1_109' title='bbox 1309 1602 1491 1662; x_wconf 84' lang='lat' dir='ltr'><strong>I&#39;atcr,</strong></span> <span class='ocrx_word' id='word_1_110' title='bbox 1544 1598 1855 1651; x_wconf 87' lang='lat' dir='ltr'><strong>mandatum</strong></span> <span class='ocrx_word' id='word_1_111' title='bbox 1906 1597 2048 1649; x_wconf 80' lang='lat' dir='ltr'><strong>dedit</strong></span> <span class='ocrx_word' id='word_1_112' title='bbox 2081 1597 2149 1660; x_wconf 72' lang='lat'><strong>“°,</strong></span> <span class='ocrx_word' id='word_1_113' title='bbox 2197 1612 2304 1649; x_wconf 92' lang='lat' dir='ltr'><strong>non</strong></span> <span class='ocrx_word' id='word_1_114' title='bbox 2345 1605 2469 1648; x_wconf 89' lang='lat' dir='ltr'><strong>tan-</strong></span> 
     </span>
    </p>
   </div>
   <div class='ocr_carea' id='block_1_17' title="bbox 887 1688 2467 1766">
    <p class='ocr_par' dir='ltr' id='par_1_17' title="bbox 887 1688 2467 1766">
     <span class='ocr_line' id='line_1_17' title="bbox 887 1688 2467 1766; baseline -0.007 -16"><span class='ocrx_word' id='word_1_115' title='bbox 887 1711 1054 1766; x_wconf 87' lang='lat' dir='ltr'><strong>quam</strong></span> <span class='ocrx_word' id='word_1_116' title='bbox 1083 1709 1244 1748; x_wconf 86' lang='lat' dir='ltr'><strong>scrvo</strong></span> <span class='ocrx_word' id='word_1_117' title='bbox 1271 1692 1540 1761; x_wconf 86' lang='lat' dir='ltr'><strong>subjecto,</strong></span> <span class='ocrx_word' id='word_1_118' title='bbox 1570 1689 1665 1743; x_wconf 90' lang='lat' dir='ltr'><strong>sed</strong></span> <span class='ocrx_word' id='word_1_119' title='bbox 1721 1699 1981 1758; x_wconf 77' lang='lat' dir='ltr'><strong>tanquam</strong></span> <span class='ocrx_word' id='word_1_120' title='bbox 2027 1688 2274 1757; x_wconf 81' lang='lat' dir='ltr'><strong>ejusdem</strong></span> <span class='ocrx_word' id='word_1_121' title='bbox 2312 1697 2467 1741; x_wconf 82' lang='lat' dir='ltr'><strong>natu-</strong></span> 
     </span>
    </p>
   </div>
   <div class='ocr_carea' id='block_1_18' title="bbox 888 1780 2465 1848">
    <p class='ocr_par' dir='ltr' id='par_1_18' title="bbox 888 1780 2465 1848">
     <span class='ocr_line' id='line_1_18' title="bbox 888 1780 2465 1848; baseline -0.007 -6"><span class='ocrx_word' id='word_1_122' title='bbox 888 1805 984 1847; x_wconf 74' lang='lat' dir='ltr'><strong>rze.</strong></span> <span class='ocrx_word' id='word_1_123' title='bbox 1014 1797 1070 1841; x_wconf 94' lang='lat' dir='ltr'><strong>et</strong></span> <span class='ocrx_word' id='word_1_124' title='bbox 1098 1785 1261 1840; x_wconf 90' lang='lat' dir='ltr'><strong>simul</strong></span> <span class='ocrx_word' id='word_1_125' title='bbox 1295 1784 1426 1836; x_wconf 89' lang='lat' dir='ltr'><strong>Deo.</strong></span> <span class='ocrx_word' id='word_1_126' title='bbox 1461 1782 1610 1836; x_wconf 89' lang='lat' dir='ltr'><strong>Idem</strong></span> <span class='ocrx_word' id='word_1_127' title='bbox 1629 1780 1697 1833; x_wconf 72' lang='lat' dir='ltr'><strong>ile</strong></span> <span class='ocrx_word' id='word_1_128' title='bbox 1721 1780 1930 1848; x_wconf 87' lang='lat' dir='ltr'><strong>Spiritu</strong></span> <span class='ocrx_word' id='word_1_129' title='bbox 1953 1789 2147 1833; x_wconf 90' lang='lat' dir='ltr'><strong>sancto</strong></span> <span class='ocrx_word' id='word_1_130' title='bbox 2175 1780 2465 1833; x_wconf 86' lang='lat' dir='ltr'><strong>sentimus:</strong></span> 
     </span>
    </p>
   </div>
   <div class='ocr_carea' id='block_1_19' title="bbox 888 1872 2470 1943">
    <p class='ocr_par' dir='ltr' id='par_1_19' title="bbox 888 1872 2470 1943">
     <span class='ocr_line' id='line_1_19' title="bbox 888 1872 2470 1943; baseline -0.006 -9"><span class='ocrx_word' id='word_1_131' title='bbox 888 1881 1025 1934; x_wconf 87' lang='lat' dir='ltr'><strong>nihil</strong></span> <span class='ocrx_word' id='word_1_132' title='bbox 1047 1879 1194 1932; x_wconf 92' lang='lat' dir='ltr'><strong>enim</strong></span> <span class='ocrx_word' id='word_1_133' title='bbox 1222 1891 1447 1931; x_wconf 88' lang='lat' dir='ltr'><strong>servum</strong></span> <span class='ocrx_word' id='word_1_134' title='bbox 1473 1883 1556 1927; x_wconf 91' lang='lat' dir='ltr'><strong>est</strong></span> <span class='ocrx_word' id='word_1_135' title='bbox 1603 1875 1656 1926; x_wconf 92' lang='lat' dir='ltr'><strong>in</strong></span> <span class='ocrx_word' id='word_1_136' title='bbox 1707 1883 1895 1926; x_wconf 90' lang='lat' dir='ltr'><strong>sancta</strong></span> <span class='ocrx_word' id='word_1_137' title='bbox 1941 1872 2248 1937; x_wconf 88' lang='lat' dir='ltr'><strong>Trinitate;</strong></span> <span class='ocrx_word' id='word_1_138' title='bbox 2301 1873 2470 1943; x_wconf 81' lang='lat' dir='ltr'><strong>igitur</strong></span> 
     </span>
    </p>
   </div>
   <div class='ocr_carea' id='block_1_20' title="bbox 887 1965 2468 2041">
    <p class='ocr_par' dir='ltr' id='par_1_20' title="bbox 887 1965 2468 2041">
     <span class='ocr_line' id='line_1_20' title="bbox 887 1965 2468 2041; baseline -0.007 -15"><span class='ocrx_word' id='word_1_139' title='bbox 887 1986 1066 2041; x_wconf 87' lang='lat' dir='ltr'><strong>neque</strong></span> <span class='ocrx_word' id='word_1_140' title='bbox 1102 1979 1393 2024; x_wconf 89' lang='lat' dir='ltr'><strong>creatum:</strong></span> <span class='ocrx_word' id='word_1_141' title='bbox 1450 1965 1630 2019; x_wconf 91' lang='lat' dir='ltr'><strong>omnis</strong></span> <span class='ocrx_word' id='word_1_142' title='bbox 1679 1965 1826 2018; x_wconf 90' lang='lat' dir='ltr'><strong>enim</strong></span> <span class='ocrx_word' id='word_1_143' title='bbox 1875 1974 2134 2017; x_wconf 85' lang='lat' dir='ltr'><strong>creatura</strong></span> <span class='ocrx_word' id='word_1_144' title='bbox 2191 1979 2346 2018; x_wconf 89' lang='lat' dir='ltr'><strong>serva</strong></span> <span class='ocrx_word' id='word_1_145' title='bbox 2384 1972 2468 2016; x_wconf 90' lang='lat' dir='ltr'><strong>est</strong></span> 
     </span>
    </p>
   </div>
   <div class='ocr_carea' id='block_1_21' title="bbox 887 2053 2469 2122">
    <p class='ocr_par' dir='ltr' id='par_1_21' title="bbox 887 2053 2469 2122">
     <span class='ocr_line' id='line_1_21' title="bbox 887 2053 2469 2122; baseline -0.008 -5"><span class='ocrx_word' id='word_1_146' title='bbox 887 2061 1153 2117; x_wconf 85' lang='lat' dir='ltr'><strong>creatoris</strong></span> <span class='ocrx_word' id='word_1_147' title='bbox 1182 2059 1301 2122; x_wconf 90' lang='lat' dir='ltr'><strong>sui;</strong></span> <span class='ocrx_word' id='word_1_148' title='bbox 1346 2070 1449 2110; x_wconf 91' lang='lat' dir='ltr'><strong>nec</strong></span> <span class='ocrx_word' id='word_1_149' title='bbox 1470 2055 1749 2116; x_wconf 88' lang='lat' dir='ltr'><strong>alienum;</strong></span> <span class='ocrx_word' id='word_1_150' title='bbox 1775 2053 2017 2106; x_wconf 91' lang='lat' dir='ltr'><strong>alienum</strong></span> <span class='ocrx_word' id='word_1_151' title='bbox 2048 2055 2201 2106; x_wconf 89' lang='lat' dir='ltr'><strong>enim</strong></span> <span class='ocrx_word' id='word_1_152' title='bbox 2239 2067 2349 2106; x_wconf 92' lang='lat' dir='ltr'><strong>non</strong></span> <span class='ocrx_word' id='word_1_153' title='bbox 2386 2061 2469 2106; x_wconf 87' lang='lat' dir='ltr'><strong>est</strong></span> 
     </span>
    </p>
   </div>
   <div class='ocr_carea' id='block_1_22' title="bbox 887 2143 2465 2211">
    <p class='ocr_par' dir='ltr' id='par_1_22' title="bbox 887 2143 2465 2211">
     <span class='ocr_line' id='line_1_22' title="bbox 887 2143 2465 2211; baseline -0.006 -7"><span class='ocrx_word' id='word_1_154' title='bbox 887 2163 1217 2211; x_wconf 87' lang='lat' dir='ltr'><strong>concreans,</strong></span> <span class='ocrx_word' id='word_1_155' title='bbox 1246 2162 1354 2200; x_wconf 91' lang='lat' dir='ltr'><strong>non</strong></span> <span class='ocrx_word' id='word_1_156' title='bbox 1389 2143 1732 2198; x_wconf 83' lang='lat' dir='ltr'><strong>adorandum</strong></span> <span class='ocrx_word' id='word_1_157' title='bbox 1760 2183 1774 2206; x_wconf 92' lang='lat'><strong>,</strong></span> <span class='ocrx_word' id='word_1_158' title='bbox 1805 2158 1912 2195; x_wconf 91' lang='lat' dir='ltr'><strong>non</strong></span> <span class='ocrx_word' id='word_1_159' title='bbox 1944 2143 2151 2205; x_wconf 86' lang='lat' dir='ltr'><strong>lumen,</strong></span> <span class='ocrx_word' id='word_1_160' title='bbox 2184 2159 2294 2196; x_wconf 90' lang='lat' dir='ltr'><strong>non</strong></span> <span class='ocrx_word' id='word_1_161' title='bbox 2325 2143 2465 2206; x_wconf 88' lang='lat' dir='ltr'><strong>vita;</strong></span> 
     </span>
    </p>
   </div>
   <div class='ocr_carea' id='block_1_23' title="bbox 887 2234 2468 2311">
    <p class='ocr_par' dir='ltr' id='par_1_23' title="bbox 887 2234 2468 2311">
     <span class='ocr_line' id='line_1_23' title="bbox 887 2234 2468 2311; baseline -0.004 -17"><span class='ocrx_word' id='word_1_162' title='bbox 887 2254 942 2295; x_wconf 79' lang='lat' dir='ltr'><strong>et</strong></span> <span class='ocrx_word' id='word_1_163' title='bbox 966 2241 1180 2311; x_wconf 84' lang='lat' dir='ltr'><strong>i-eliqua</strong></span> <span class='ocrx_word' id='word_1_164' title='bbox 1221 2240 1289 2292; x_wconf 88' lang='lat' dir='ltr'><strong>de</strong></span> <span class='ocrx_word' id='word_1_165' title='bbox 1319 2239 1458 2298; x_wconf 89' lang='lat' dir='ltr'><strong>Deo,</strong></span> <span class='ocrx_word' id='word_1_166' title='bbox 1491 2245 1697 2290; x_wconf 90' lang='lat' dir='ltr'><strong>nteum</strong></span> <span class='ocrx_word' id='word_1_167' title='bbox 1744 2236 1966 2296; x_wconf 88' lang='lat' dir='ltr'><strong>decent,</strong></span> <span class='ocrx_word' id='word_1_168' title='bbox 1996 2235 2279 2289; x_wconf 87' lang='lat' dir='ltr'><strong>dicuntur.</strong></span> <span class='ocrx_word' id='word_1_169' title='bbox 2313 2234 2468 2289; x_wconf 87' lang='lat' dir='ltr'><strong>Sicut</strong></span> 
     </span>
    </p>
   </div>
   <div class='ocr_carea' id='block_1_24' title="bbox 886 2327 2469 2397">
    <p class='ocr_par' dir='ltr' id='par_1_24' title="bbox 886 2327 2469 2397">
     <span class='ocr_line' id='line_1_24' title="bbox 886 2327 2469 2397; baseline -0.004 -9"><span class='ocrx_word' id='word_1_170' title='bbox 886 2335 1037 2388; x_wconf 89' lang='lat' dir='ltr'><strong>enim</strong></span> <span class='ocrx_word' id='word_1_171' title='bbox 1070 2334 1231 2387; x_wconf 85' lang='lat' dir='ltr'><strong>Pater</strong></span> <span class='ocrx_word' id='word_1_172' title='bbox 1254 2339 1339 2384; x_wconf 91' lang='lat' dir='ltr'><strong>est</strong></span> <span class='ocrx_word' id='word_1_173' title='bbox 1368 2331 1554 2382; x_wconf 91' lang='lat' dir='ltr'><strong>lumen</strong></span> <span class='ocrx_word' id='word_1_174' title='bbox 1575 2335 1632 2380; x_wconf 90' lang='lat' dir='ltr'><strong>et</strong></span> <span class='ocrx_word' id='word_1_175' title='bbox 1662 2327 1798 2390; x_wconf 90' lang='lat' dir='ltr'><strong>vita,</strong></span> <span class='ocrx_word' id='word_1_176' title='bbox 1830 2328 1911 2380; x_wconf 73' lang='lat' dir='ltr'><strong>sic</strong></span> <span class='ocrx_word' id='word_1_177' title='bbox 1929 2336 1986 2380; x_wconf 92' lang='lat' dir='ltr'><strong>et</strong></span> <span class='ocrx_word' id='word_1_178' title='bbox 2025 2327 2222 2389; x_wconf 85' lang='lat' dir='ltr'><strong>Filius,</strong></span> <span class='ocrx_word' id='word_1_179' title='bbox 2251 2339 2309 2382; x_wconf 91' lang='lat' dir='ltr'><strong>et</strong></span> <span class='ocrx_word' id='word_1_180' title='bbox 2347 2327 2469 2397; x_wconf 87' lang='lat' dir='ltr'><strong>Spi-</strong></span> 
     </span>
    </p>
   </div>
   <div class='ocr_carea' id='block_1_25' title="bbox 892 2419 2466 2489">
    <p class='ocr_par' dir='ltr' id='par_1_25' title="bbox 892 2419 2466 2489">
     <span class='ocr_line' id='line_1_25' title="bbox 892 2419 2466 2489; baseline -0.004 -9"><span class='ocrx_word' id='word_1_181' title='bbox 892 2428 1032 2480; x_wconf 88' lang='lat' dir='ltr'><strong>ritus</strong></span> <span class='ocrx_word' id='word_1_182' title='bbox 1065 2433 1321 2478; x_wconf 85' lang='lat' dir='ltr'><strong>sanctus:</strong></span> <span class='ocrx_word' id='word_1_183' title='bbox 1346 2431 1402 2475; x_wconf 92' lang='lat' dir='ltr'><strong>et</strong></span> <span class='ocrx_word' id='word_1_184' title='bbox 1419 2422 1534 2476; x_wconf 70' lang='lat' dir='ltr'><strong>haec</strong></span> <span class='ocrx_word' id='word_1_185' title='bbox 1560 2420 1785 2473; x_wconf 90' lang='lat' dir='ltr'><strong>nomina</strong></span> <span class='ocrx_word' id='word_1_186' title='bbox 1811 2435 1910 2488; x_wconf 87' lang='lat' dir='ltr'><strong>per</strong></span> <span class='ocrx_word' id='word_1_187' title='bbox 1939 2429 2106 2473; x_wconf 86' lang='lat' dir='ltr'><strong>totam</strong></span> <span class='ocrx_word' id='word_1_188' title='bbox 2125 2419 2466 2489; x_wconf 89' lang='lat' dir='ltr'><strong>Scripturam</strong></span> 
     </span>
    </p>
   </div>
   <div class='ocr_carea' id='block_1_26' title="bbox 889 2511 2465 2582">
    <p class='ocr_par' dir='ltr' id='par_1_26' title="bbox 889 2511 2465 2582">
     <span class='ocr_line' id='line_1_26' title="bbox 889 2511 2465 2582; baseline -0.004 -10"><span class='ocrx_word' id='word_1_189' title='bbox 889 2525 1135 2572; x_wconf 82' lang='lat' dir='ltr'><strong>sanetam</strong></span> <span class='ocrx_word' id='word_1_190' title='bbox 1191 2516 1528 2582; x_wconf 88' lang='lat' dir='ltr'><strong>reperimus,</strong></span> <span class='ocrx_word' id='word_1_191' title='bbox 1587 2511 1884 2580; x_wconf 83' lang='lat' dir='ltr'><strong>aliquando</strong></span> <span class='ocrx_word' id='word_1_192' title='bbox 1936 2511 2162 2580; x_wconf 90' lang='lat' dir='ltr'><strong>quidem</strong></span> <span class='ocrx_word' id='word_1_193' title='bbox 2219 2521 2465 2566; x_wconf 88' lang='lat' dir='ltr'><strong>sanctam</strong></span> 
     </span>
    </p>
   </div>
   <div class='ocr_carea' id='block_1_27' title="bbox 892 2601 2468 2671">
    <p class='ocr_par' dir='ltr' id='par_1_27' title="bbox 892 2601 2468 2671">
     <span class='ocr_line' id='line_1_27' title="bbox 892 2601 2468 2671; baseline -0.002 -11"><span class='ocrx_word' id='word_1_194' title='bbox 892 2606 1218 2661; x_wconf 83' lang='lat' dir='ltr'><strong>Trinitatem</strong></span> <span class='ocrx_word' id='word_1_195' title='bbox 1243 2602 1612 2658; x_wconf 91' lang='lat' dir='ltr'><strong>communiter</strong></span> <span class='ocrx_word' id='word_1_196' title='bbox 1644 2601 1960 2666; x_wconf 85' lang='lat' dir='ltr'><strong>declarare;</strong></span> <span class='ocrx_word' id='word_1_197' title='bbox 1997 2602 2293 2671; x_wconf 87' lang='lat' dir='ltr'><strong>aliquando</strong></span> <span class='ocrx_word' id='word_1_198' title='bbox 2334 2618 2468 2658; x_wconf 87' lang='lat' dir='ltr'><strong>vero</strong></span> 
     </span>
    </p>
   </div>
   <div class='ocr_carea' id='block_1_28' title="bbox 892 2694 1760 2766">
    <p class='ocr_par' dir='ltr' id='par_1_28' title="bbox 892 2694 1760 2766">
     <span class='ocr_line' id='line_1_28' title="bbox 892 2694 1760 2766; baseline -0.008 -14"><span class='ocrx_word' id='word_1_199' title='bbox 892 2715 1057 2753; x_wconf 84' lang='lat' dir='ltr'><strong>unam</strong></span> <span class='ocrx_word' id='word_1_200' title='bbox 1097 2711 1393 2766; x_wconf 85' lang='lat' dir='ltr'><strong>personam</strong></span> <span class='ocrx_word' id='word_1_201' title='bbox 1420 2694 1760 2764; x_wconf 86' lang='lat' dir='ltr'><strong>specialiter.</strong></span> 
     </span>
    </p>
   </div>
   <div class='ocr_carea' id='block_1_29' title="bbox 964 2782 2464 2854">
    <p class='ocr_par' dir='ltr' id='par_1_29' title="bbox 964 2782 2464 2854">
     <span class='ocr_line' id='line_1_29' title="bbox 964 2782 2464 2854; baseline -0.003 -13"><span class='ocrx_word' id='word_1_202' title='bbox 964 2786 1103 2842; x_wconf 89' lang='lat' dir='ltr'><strong>XXI.</strong></span> <span class='ocrx_word' id='word_1_203' title='bbox 1137 2786 1305 2840; x_wconf 81' lang='lat' dir='ltr'><strong>Multa</strong></span> <span class='ocrx_word' id='word_1_204' title='bbox 1325 2784 1496 2854; x_wconf 81' lang='lat' dir='ltr'><strong>igitur</strong></span> <span class='ocrx_word' id='word_1_205' title='bbox 1519 2782 1887 2851; x_wconf 82' lang='lat' dir='ltr'><strong>intelligentia</strong></span> <span class='ocrx_word' id='word_1_206' title='bbox 1917 2797 2057 2851; x_wconf 87' lang='lat' dir='ltr'><strong>opus</strong></span> <span class='ocrx_word' id='word_1_207' title='bbox 2079 2791 2165 2837; x_wconf 90' lang='lat' dir='ltr'><strong>est</strong></span> <span class='ocrx_word' id='word_1_208' title='bbox 2207 2782 2369 2836; x_wconf 81' lang='lat' dir='ltr'><strong>nonis</strong></span> <span class='ocrx_word' id='word_1_209' title='bbox 2398 2782 2464 2836; x_wconf 89' lang='lat' dir='ltr'><strong>ad</strong></span> 
     </span>
    </p>
   </div>
   <div class='ocr_carea' id='block_1_30' title="bbox 891 2873 2466 2949">
    <p class='ocr_par' dir='ltr' id='par_1_30' title="bbox 891 2873 2466 2949">
     <span class='ocr_line' id='line_1_30' title="bbox 891 2873 2466 2949; baseline -0.003 -17"><span class='ocrx_word' id='word_1_210' title='bbox 891 2877 1333 2949; x_wconf 77' lang='lat' dir='ltr'><strong>cognoscendam</strong></span> <span class='ocrx_word' id='word_1_211' title='bbox 1367 2873 1764 2937; x_wconf 69' lang='lat' dir='ltr'><strong>diﬂ‘erentiam,</strong></span> <span class='ocrx_word' id='word_1_212' title='bbox 1811 2889 1880 2928; x_wconf 89' lang='lat' dir='ltr'><strong>ne</strong></span> <span class='ocrx_word' id='word_1_213' title='bbox 1919 2873 2252 2928; x_wconf 78' lang='lat' dir='ltr'><strong>frustremur</strong></span> <span class='ocrx_word' id='word_1_214' title='bbox 2281 2874 2466 2928; x_wconf 84' lang='lat' dir='ltr'><strong>dubiis</strong></span> 
     </span>
    </p>
   </div>
   <div class='ocr_carea' id='block_1_31' title="bbox 892 2963 2466 3040">
    <p class='ocr_par' dir='ltr' id='par_1_31' title="bbox 892 2963 2466 3040">
     <span class='ocr_line' id='line_1_31' title="bbox 892 2963 2466 3040; baseline -0.003 -16"><span class='ocrx_word' id='word_1_215' title='bbox 892 2969 1319 3040; x_wconf 81' lang='lat' dir='ltr'><strong>cogitationibus</strong></span> <span class='ocrx_word' id='word_1_216' title='bbox 1347 2974 1584 3020; x_wconf 83' lang='lat' dir='ltr'><strong>utentes.</strong></span> <span class='ocrx_word' id='word_1_217' title='bbox 1617 2963 1754 3018; x_wconf 89' lang='lat' dir='ltr'><strong>Cum</strong></span> <span class='ocrx_word' id='word_1_218' title='bbox 1790 2965 1938 3018; x_wconf 90' lang='lat' dir='ltr'><strong>enim</strong></span> <span class='ocrx_word' id='word_1_219' title='bbox 1971 2965 2121 3020; x_wconf 85' lang='lat' dir='ltr'><strong>canit</strong></span> <span class='ocrx_word' id='word_1_220' title='bbox 2165 2965 2335 3019; x_wconf 78' lang='lat' dir='ltr'><strong>Itavid</strong></span> <span class='ocrx_word' id='word_1_221' title='bbox 2365 2966 2466 3030; x_wconf 64' lang='grc' dir='ltr'><strong>εἰη-</strong></span> 
     </span>
    </p>
   </div>
   <div class='ocr_carea' id='block_1_32' title="bbox 892 3055 2463 3132">
    <p class='ocr_par' dir='ltr' id='par_1_32' title="bbox 892 3055 2463 3132">
     <span class='ocr_line' id='line_1_32' title="bbox 892 3055 2463 3132; baseline -0.004 -18"><span class='ocrx_word' id='word_1_222' title='bbox 892 3063 1125 3132; x_wconf 91' lang='lat' dir='ltr'><strong>quiens:</strong></span> <span class='ocrx_word' id='word_1_223' title='bbox 1150 3058 1214 3114; x_wconf 88' lang='lat' dir='ltr'><strong>In</strong></span> <span class='ocrx_word' id='word_1_224' title='bbox 1237 3059 1434 3110; x_wconf 85' lang='lat' dir='ltr'><strong>lumine</strong></span> <span class='ocrx_word' id='word_1_225' title='bbox 1458 3065 1548 3108; x_wconf 82' lang='lat' dir='ltr'><strong>tuo</strong></span> <span class='ocrx_word' id='word_1_226' title='bbox 1579 3056 1860 3108; x_wconf 80' lang='lat' dir='ltr'><strong>vibebimus</strong></span> <span class='ocrx_word' id='word_1_227' title='bbox 1895 3055 2071 3108; x_wconf 75' lang='lat' dir='ltr'><strong>lumen</strong></span> <span class='ocrx_word' id='word_1_228' title='bbox 2105 3057 2173 3118; x_wconf 85' lang='grc'><strong>⁸¹,</strong></span> <span class='ocrx_word' id='word_1_229' title='bbox 2218 3065 2463 3109; x_wconf 88' lang='lat' dir='ltr'><strong>sanctam</strong></span> 
     </span>
    </p>
   </div>
   <div class='ocr_carea' id='block_1_33' title="bbox 2567 591 4158 660">
    <p class='ocr_par' dir='ltr' id='par_1_33' title="bbox 2567 591 4158 660">
     <span class='ocr_line' id='line_1_33' title="bbox 2567 591 4158 660; baseline 0 -17"><span class='ocrx_word' id='word_1_230' title='bbox 2567 602 2704 652; x_wconf 88' lang='lat' dir='ltr'><strong>tmn,</strong></span> <span class='ocrx_word' id='word_1_231' title='bbox 2760 599 2873 644; x_wconf 80' lang='lat' dir='ltr'><strong>eta</strong></span> <span class='ocrx_word' id='word_1_232' title='bbox 2903 591 3085 660; x_wconf 76' lang='lat' dir='ltr'><strong>Moyse</strong></span> <span class='ocrx_word' id='word_1_233' title='bbox 3131 600 3187 644; x_wconf 84' lang='lat' dir='ltr'><strong>et</strong></span> <span class='ocrx_word' id='word_1_234' title='bbox 3234 599 3301 644; x_wconf 85' lang='lat' dir='ltr'><strong>ab</strong></span> <span class='ocrx_word' id='word_1_235' title='bbox 3365 592 3485 659; x_wconf 88' lang='lat' dir='ltr'><strong>ipso</strong></span> <span class='ocrx_word' id='word_1_236' title='bbox 3531 593 3755 646; x_wconf 78' lang='lat' dir='ltr'><strong>Christo</strong></span> <span class='ocrx_word' id='word_1_237' title='bbox 3808 593 4158 645; x_wconf 77' lang='lat' dir='ltr'><strong>didicimus:</strong></span> 
     </span>
    </p>
   </div>
   <div class='ocr_carea' id='block_1_34' title="bbox 2566 681 4162 753">
    <p class='ocr_par' dir='ltr' id='par_1_34' title="bbox 2566 681 4162 753">
     <span class='ocr_line' id='line_1_34' title="bbox 2566 681 4162 753; baseline -0.001 -18"><span class='ocrx_word' id='word_1_238' title='bbox 2566 684 2775 750; x_wconf 79' lang='lat' dir='ltr'><strong>Moyses</strong></span> <span class='ocrx_word' id='word_1_239' title='bbox 2836 683 2985 734; x_wconf 85' lang='lat' dir='ltr'><strong>enim</strong></span> <span class='ocrx_word' id='word_1_240' title='bbox 3044 682 3205 746; x_wconf 74' lang='lat' dir='ltr'><strong>dixit,</strong></span> <span class='ocrx_word' id='word_1_241' title='bbox 3258 681 3495 751; x_wconf 81' lang='lat' dir='ltr'><strong>Scriptas</strong></span> <span class='ocrx_word' id='word_1_242' title='bbox 3547 700 3656 736; x_wconf 81' lang='lat' dir='ltr'><strong>esse</strong></span> <span class='ocrx_word' id='word_1_243' title='bbox 3730 683 3940 736; x_wconf 83' lang='lat' dir='ltr'><strong>tabulas</strong></span> <span class='ocrx_word' id='word_1_244' title='bbox 3987 685 4162 753; x_wconf 80' lang='lat' dir='ltr'><strong>digito</strong></span> 
     </span>
    </p>
   </div>
   <div class='ocr_carea' id='block_1_35' title="bbox 2566 773 4164 845">
    <p class='ocr_par' dir='ltr' id='par_1_35' title="bbox 2566 773 4164 845">
     <span class='ocr_line' id='line_1_35' title="bbox 2566 773 4164 845; baseline -0.003 -17"><span class='ocrx_word' id='word_1_245' title='bbox 2566 773 2661 828; x_wconf 82' lang='lat' dir='ltr'><strong>Dei</strong></span> <span class='ocrx_word' id='word_1_246' title='bbox 2694 776 2759 826; x_wconf 74' lang='grc' dir='ltr'><strong>δ’.</strong></span> <span class='ocrx_word' id='word_1_247' title='bbox 2797 773 3052 827; x_wconf 86' lang='lat' dir='ltr'><strong>Christus</strong></span> <span class='ocrx_word' id='word_1_248' title='bbox 3084 784 3267 828; x_wconf 90' lang='lat' dir='ltr'><strong>autem</strong></span> <span class='ocrx_word' id='word_1_249' title='bbox 3293 775 3436 828; x_wconf 79' lang='lat' dir='ltr'><strong>dixit</strong></span> <span class='ocrx_word' id='word_1_250' title='bbox 3459 775 3690 839; x_wconf 64' lang='lat' dir='ltr'><strong>Judzeis,</strong></span> <span class='ocrx_word' id='word_1_251' title='bbox 3744 777 3837 845; x_wconf 90' lang='lat' dir='ltr'><strong>qui</strong></span> <span class='ocrx_word' id='word_1_252' title='bbox 3872 777 4164 844; x_wconf 82' lang='lat' dir='ltr'><strong>expulsio-</strong></span> 
     </span>
    </p>
   </div>
   <div class='ocr_carea' id='block_1_36' title="bbox 2568 865 4160 936">
    <p class='ocr_par' dir='ltr' id='par_1_36' title="bbox 2568 865 4160 936">
     <span class='ocr_line' id='line_1_36' title="bbox 2568 865 4160 936; baseline 0.003 -20"><span class='ocrx_word' id='word_1_253' title='bbox 2568 880 2690 916; x_wconf 86' lang='lat' dir='ltr'><strong>nem</strong></span> <span class='ocrx_word' id='word_1_254' title='bbox 2718 865 3116 918; x_wconf 66' lang='lat' dir='ltr'><strong>«Immoniormn</strong></span> <span class='ocrx_word' id='word_1_255' title='bbox 3147 866 3454 920; x_wconf 72' lang='lat' dir='ltr'><strong>Beelzebub</strong></span> <span class='ocrx_word' id='word_1_256' title='bbox 3502 868 3889 922; x_wconf 84' lang='lat' dir='ltr'><strong>attribnebant</strong></span> <span class='ocrx_word' id='word_1_257' title='bbox 3923 887 3935 920; x_wconf 92' lang='lat'><strong>:</strong></span> <span class='ocrx_word' id='word_1_258' title='bbox 3969 868 4026 922; x_wconf 85' lang='lat' dir='ltr'><strong>Si</strong></span> <span class='ocrx_word' id='word_1_259' title='bbox 4059 885 4160 936; x_wconf 80' lang='lat' dir='ltr'><strong>ego</strong></span> 
     </span>
    </p>
   </div>
   <div class='ocr_carea' id='block_1_37' title="bbox 2567 957 4157 1028">
    <p class='ocr_par' dir='ltr' id='par_1_37' title="bbox 2567 957 4157 1028">
     <span class='ocr_line' id='line_1_37' title="bbox 2567 957 4157 1028; baseline 0.001 -20"><span class='ocrx_word' id='word_1_260' title='bbox 2567 958 2618 1008; x_wconf 86' lang='lat' dir='ltr'><strong>in</strong></span> <span class='ocrx_word' id='word_1_261' title='bbox 2656 958 2820 1026; x_wconf 78' lang='lat' dir='ltr'><strong>digito</strong></span> <span class='ocrx_word' id='word_1_262' title='bbox 2848 957 2944 1010; x_wconf 87' lang='lat' dir='ltr'><strong>Dei</strong></span> <span class='ocrx_word' id='word_1_263' title='bbox 2973 959 3237 1011; x_wconf 75' lang='lat' dir='ltr'><strong>dmmonia</strong></span> <span class='ocrx_word' id='word_1_264' title='bbox 3269 961 3422 1027; x_wconf 59' lang='grc' dir='ltr'><strong>(ζῆθι-ἑο</strong></span> <span class='ocrx_word' id='word_1_265' title='bbox 3451 961 3529 1020; x_wconf 77' lang='grc'><strong>⁶⁰;</strong></span> <span class='ocrx_word' id='word_1_266' title='bbox 3562 960 3708 1028; x_wconf 88' lang='lat' dir='ltr'><strong>quod</strong></span> <span class='ocrx_word' id='word_1_267' title='bbox 3742 961 4038 1013; x_wconf 59' lang='lat' dir='ltr'><strong>Matthwus</strong></span> <span class='ocrx_word' id='word_1_268' title='bbox 4065 960 4157 1011; x_wconf 91' lang='lat' dir='ltr'><strong>di-</strong></span> 
     </span>
    </p>
   </div>
   <div class='ocr_carea' id='block_1_38' title="bbox 2567 1047 4156 1120">
    <p class='ocr_par' dir='ltr' id='par_1_38' title="bbox 2567 1047 4156 1120">
     <span class='ocr_line' id='line_1_38' title="bbox 2567 1047 4156 1120; baseline 0.003 -21"><span class='ocrx_word' id='word_1_269' title='bbox 2567 1049 2681 1100; x_wconf 68' lang='lat' dir='ltr'><strong>xit:</strong></span> <span class='ocrx_word' id='word_1_270' title='bbox 2729 1047 2786 1100; x_wconf 89' lang='lat' dir='ltr'><strong>Si</strong></span> <span class='ocrx_word' id='word_1_271' title='bbox 2804 1051 2857 1100; x_wconf 87' lang='lat' dir='ltr'><strong>in</strong></span> <span class='ocrx_word' id='word_1_272' title='bbox 2885 1048 3090 1117; x_wconf 84' lang='lat' dir='ltr'><strong>Spiritu</strong></span> <span class='ocrx_word' id='word_1_273' title='bbox 3109 1050 3204 1102; x_wconf 84' lang='lat' dir='ltr'><strong>Dei</strong></span> <span class='ocrx_word' id='word_1_274' title='bbox 3230 1051 3296 1102; x_wconf 69' lang='grc' dir='ltr'><strong>θ’.</strong></span> <span class='ocrx_word' id='word_1_275' title='bbox 3325 1051 3682 1120; x_wconf 81' lang='lat' dir='ltr'><strong>Rccteigitur</strong></span> <span class='ocrx_word' id='word_1_276' title='bbox 3709 1052 4156 1119; x_wconf 66' lang='lat' dir='ltr'><strong>interpretamur</strong></span> 
     </span>
    </p>
   </div>
   <div class='ocr_carea' id='block_1_39' title="bbox 2569 1140 4155 1214">
    <p class='ocr_par' dir='ltr' id='par_1_39' title="bbox 2569 1140 4155 1214">
     <span class='ocr_line' id='line_1_39' title="bbox 2569 1140 4155 1214; baseline 0.003 -22"><span class='ocrx_word' id='word_1_277' title='bbox 2569 1157 2756 1193; x_wconf 81' lang='lat' dir='ltr'><strong>manus</strong></span> <span class='ocrx_word' id='word_1_278' title='bbox 2786 1140 2881 1194; x_wconf 88' lang='lat' dir='ltr'><strong>Dei</strong></span> <span class='ocrx_word' id='word_1_279' title='bbox 2919 1152 2975 1195; x_wconf 89' lang='lat' dir='ltr'><strong>et</strong></span> <span class='ocrx_word' id='word_1_280' title='bbox 3005 1144 3194 1211; x_wconf 76' lang='lat' dir='ltr'><strong>digitos</strong></span> <span class='ocrx_word' id='word_1_281' title='bbox 3223 1142 3234 1178; x_wconf 76' lang='grc' dir='ltr'><strong>ι</strong></span> <span class='ocrx_word' id='word_1_282' title='bbox 3275 1143 3387 1206; x_wconf 76' lang='lat' dir='ltr'><strong>eius</strong></span> <span class='ocrx_word' id='word_1_283' title='bbox 3422 1143 3620 1196; x_wconf 80' lang='lat' dir='ltr'><strong>Filium</strong></span> <span class='ocrx_word' id='word_1_284' title='bbox 3646 1146 3767 1214; x_wconf 80' lang='lat' dir='ltr'><strong>ejus</strong></span> <span class='ocrx_word' id='word_1_285' title='bbox 3796 1156 3852 1197; x_wconf 86' lang='lat' dir='ltr'><strong>ct</strong></span> <span class='ocrx_word' id='word_1_286' title='bbox 3880 1146 4155 1213; x_wconf 78' lang='lat' dir='ltr'><strong>Spiritum</strong></span> 
     </span>
    </p>
   </div>
   <div class='ocr_carea' id='block_1_40' title="bbox 2569 1234 4159 1304">
    <p class='ocr_par' dir='ltr' id='par_1_40' title="bbox 2569 1234 4159 1304">
     <span class='ocr_line' id='line_1_40' title="bbox 2569 1234 4159 1304; baseline 0.003 -20"><span class='ocrx_word' id='word_1_287' title='bbox 2569 1240 2844 1294; x_wconf 89' lang='lat' dir='ltr'><strong>sanctum,</strong></span> <span class='ocrx_word' id='word_1_288' title='bbox 2874 1234 2967 1300; x_wconf 90' lang='lat' dir='ltr'><strong>qui</strong></span> <span class='ocrx_word' id='word_1_289' title='bbox 2999 1234 3051 1287; x_wconf 92' lang='lat' dir='ltr'><strong>in</strong></span> <span class='ocrx_word' id='word_1_290' title='bbox 3085 1235 3448 1288; x_wconf 75' lang='lat' dir='ltr'><strong>fabricatione</strong></span> <span class='ocrx_word' id='word_1_291' title='bbox 3474 1236 3663 1288; x_wconf 91' lang='lat' dir='ltr'><strong>mundi</strong></span> <span class='ocrx_word' id='word_1_292' title='bbox 3697 1236 4008 1304; x_wconf 85' lang='lat' dir='ltr'><strong>cooperarii</strong></span> <span class='ocrx_word' id='word_1_293' title='bbox 4036 1237 4159 1304; x_wconf 78' lang='lat' dir='ltr'><strong>ejus</strong></span> 
     </span>
    </p>
   </div>
   <div class='ocr_carea' id='block_1_41' title="bbox 2569 1321 4153 1382">
    <p class='ocr_par' dir='ltr' id='par_1_41' title="bbox 2569 1321 4153 1382">
     <span class='ocr_line' id='line_1_41' title="bbox 2569 1321 4153 1382; baseline 0.004 -8"><span class='ocrx_word' id='word_1_294' title='bbox 2569 1321 2812 1376; x_wconf 82' lang='lat' dir='ltr'><strong>fuerunt.</strong></span> <span class='ocrx_word' id='word_1_295' title='bbox 2851 1324 2918 1377; x_wconf 86' lang='lat' dir='ltr'><strong>Et</strong></span> <span class='ocrx_word' id='word_1_296' title='bbox 2947 1324 3142 1378; x_wconf 79' lang='lat' dir='ltr'><strong>beatus</strong></span> <span class='ocrx_word' id='word_1_297' title='bbox 3184 1327 3289 1379; x_wconf 85' lang='lat' dir='ltr'><strong>Job</strong></span> <span class='ocrx_word' id='word_1_298' title='bbox 3316 1327 3460 1380; x_wconf 84' lang='lat' dir='ltr'><strong>idem</strong></span> <span class='ocrx_word' id='word_1_299' title='bbox 3523 1327 3783 1381; x_wconf 88' lang='lat' dir='ltr'><strong>similiter</strong></span> <span class='ocrx_word' id='word_1_300' title='bbox 3831 1329 4110 1382; x_wconf 85' lang='lat' dir='ltr'><strong>conﬁtens</strong></span> <span class='ocrx_word' id='word_1_301' title='bbox 4143 1347 4153 1380; x_wconf 94' lang='lat'><strong>:</strong></span> 
     </span>
    </p>
   </div>
   <div class='ocr_carea' id='block_1_42' title="bbox 2570 1414 4155 1489">
    <p class='ocr_par' dir='ltr' id='par_1_42' title="bbox 2570 1414 4155 1489">
     <span class='ocr_line' id='line_1_42' title="bbox 2570 1414 4155 1489; baseline 0.004 -23"><span class='ocrx_word' id='word_1_302' title='bbox 2570 1414 2758 1467; x_wconf 80' lang='lat' dir='ltr'><strong>Manus</strong></span> <span class='ocrx_word' id='word_1_303' title='bbox 2782 1425 2905 1478; x_wconf 74' lang='lat' dir='ltr'><strong>mar,</strong></span> <span class='ocrx_word' id='word_1_304' title='bbox 2926 1417 3124 1484; x_wconf 87' lang='lat' dir='ltr'><strong>inquit,</strong></span> <span class='ocrx_word' id='word_1_305' title='bbox 3144 1420 3374 1485; x_wconf 68' lang='lat' dir='ltr'><strong>[errr-unt</strong></span> <span class='ocrx_word' id='word_1_306' title='bbox 3400 1438 3478 1471; x_wconf 77' lang='lat' dir='ltr'><strong>me</strong></span> <span class='ocrx_word' id='word_1_307' title='bbox 3499 1430 3545 1471; x_wconf 83' lang='lat' dir='ltr'><strong>et</strong></span> <span class='ocrx_word' id='word_1_308' title='bbox 3564 1421 3963 1489; x_wconf 80' lang='lat' dir='ltr'><strong>plasmaeernnt</strong></span> <span class='ocrx_word' id='word_1_309' title='bbox 3989 1439 4073 1473; x_wconf 81' lang='lat' dir='ltr'><strong>me</strong></span> <span class='ocrx_word' id='word_1_310' title='bbox 4090 1423 4155 1472; x_wconf 73' lang='grc'><strong>⁸³³.</strong></span> 
     </span>
    </p>
   </div>
   <div class='ocr_carea' id='block_1_43' title="bbox 2574 1506 4154 1580">
    <p class='ocr_par' dir='ltr' id='par_1_43' title="bbox 2574 1506 4154 1580">
     <span class='ocr_line' id='line_1_43' title="bbox 2574 1506 4154 1580; baseline 0.004 -20"><span class='ocrx_word' id='word_1_311' title='bbox 2574 1506 2640 1560; x_wconf 84' lang='lat' dir='ltr'><strong>Et</strong></span> <span class='ocrx_word' id='word_1_312' title='bbox 2681 1508 2883 1560; x_wconf 82' lang='lat' dir='ltr'><strong>iterum</strong></span> <span class='ocrx_word' id='word_1_313' title='bbox 2950 1509 3121 1562; x_wconf 88' lang='lat' dir='ltr'><strong>David</strong></span> <span class='ocrx_word' id='word_1_314' title='bbox 3189 1512 3597 1578; x_wconf 68' lang='lat' dir='ltr'><strong>providentiam</strong></span> <span class='ocrx_word' id='word_1_315' title='bbox 3664 1511 3759 1564; x_wconf 86' lang='lat' dir='ltr'><strong>Dei</strong></span> <span class='ocrx_word' id='word_1_316' title='bbox 3821 1529 4154 1580; x_wconf 76' lang='lat' dir='ltr'><strong>exponens:</strong></span> 
     </span>
    </p>
   </div>
   <div class='ocr_carea' id='block_1_44' title="bbox 2570 1599 4154 1673">
    <p class='ocr_par' dir='ltr' id='par_1_44' title="bbox 2570 1599 4154 1673">
     <span class='ocr_line' id='line_1_44' title="bbox 2570 1599 4154 1673; baseline 0.003 -21"><span class='ocrx_word' id='word_1_317' title='bbox 2570 1599 3014 1668; x_wconf 81' lang='lat' dir='ltr'><strong>Anima,inquit,</strong></span> <span class='ocrx_word' id='word_1_318' title='bbox 3067 1617 3182 1652; x_wconf 85' lang='lat' dir='ltr'><strong>mea</strong></span> <span class='ocrx_word' id='word_1_319' title='bbox 3209 1603 3262 1654; x_wconf 85' lang='lat' dir='ltr'><strong>in</strong></span> <span class='ocrx_word' id='word_1_320' title='bbox 3307 1604 3550 1655; x_wconf 86' lang='lat' dir='ltr'><strong>manibus</strong></span> <span class='ocrx_word' id='word_1_321' title='bbox 3605 1606 3707 1656; x_wconf 81' lang='lat' dir='ltr'><strong>tuis</strong></span> <span class='ocrx_word' id='word_1_322' title='bbox 3755 1617 3792 1642; x_wconf 67' lang='grc' dir='ltr'><strong>ηδ</strong></span> <span class='ocrx_word' id='word_1_323' title='bbox 3847 1621 4059 1673; x_wconf 78' lang='lat' dir='ltr'><strong>semper</strong></span> <span class='ocrx_word' id='word_1_324' title='bbox 4089 1605 4154 1656; x_wconf 71' lang='grc'><strong>⁸³.</strong></span> 
     </span>
    </p>
   </div>
   <div class='ocr_carea' id='block_1_45' title="bbox 2570 1691 4155 1764">
    <p class='ocr_par' dir='ltr' id='par_1_45' title="bbox 2570 1691 4155 1764">
     <span class='ocr_line' id='line_1_45' title="bbox 2570 1691 4155 1764; baseline 0.003 -20"><span class='ocrx_word' id='word_1_325' title='bbox 2570 1691 2730 1756; x_wconf 82' lang='lat' dir='ltr'><strong>Quod</strong></span> <span class='ocrx_word' id='word_1_326' title='bbox 2761 1708 2893 1745; x_wconf 88' lang='lat' dir='ltr'><strong>vero</strong></span> <span class='ocrx_word' id='word_1_327' title='bbox 2923 1693 3095 1761; x_wconf 76' lang='lat' dir='ltr'><strong>magis</strong></span> <span class='ocrx_word' id='word_1_328' title='bbox 3125 1694 3230 1747; x_wconf 91' lang='lat' dir='ltr'><strong>hoc</strong></span> <span class='ocrx_word' id='word_1_329' title='bbox 3255 1694 3573 1756; x_wconf 84' lang='lat' dir='ltr'><strong>conﬁrmat,</strong></span> <span class='ocrx_word' id='word_1_330' title='bbox 3603 1696 3720 1764; x_wconf 86' lang='lat' dir='ltr'><strong>ipse</strong></span> <span class='ocrx_word' id='word_1_331' title='bbox 3759 1711 3858 1764; x_wconf 88' lang='lat' dir='ltr'><strong>per</strong></span> <span class='ocrx_word' id='word_1_332' title='bbox 3910 1697 4155 1764; x_wconf 76' lang='lat' dir='ltr'><strong>proplzc-</strong></span> 
     </span>
    </p>
   </div>
   <div class='ocr_carea' id='block_1_46' title="bbox 2575 1784 4157 1854">
    <p class='ocr_par' dir='ltr' id='par_1_46' title="bbox 2575 1784 4157 1854">
     <span class='ocr_line' id='line_1_46' title="bbox 2575 1784 4157 1854; baseline 0.001 -20"><span class='ocrx_word' id='word_1_333' title='bbox 2575 1792 2681 1835; x_wconf 91' lang='lat' dir='ltr'><strong>tam</strong></span> <span class='ocrx_word' id='word_1_334' title='bbox 2714 1784 2947 1836; x_wconf 87' lang='lat' dir='ltr'><strong>clamat:</strong></span> <span class='ocrx_word' id='word_1_335' title='bbox 2984 1784 3174 1838; x_wconf 80' lang='lat' dir='ltr'><strong>Manus</strong></span> <span class='ocrx_word' id='word_1_336' title='bbox 3227 1801 3343 1838; x_wconf 87' lang='lat' dir='ltr'><strong>mea</strong></span> <span class='ocrx_word' id='word_1_337' title='bbox 3389 1787 3629 1854; x_wconf 79' lang='lat' dir='ltr'><strong>fundavit</strong></span> <span class='ocrx_word' id='word_1_338' title='bbox 3683 1797 3921 1838; x_wconf 76' lang='lat' dir='ltr'><strong>terram:</strong></span> <span class='ocrx_word' id='word_1_339' title='bbox 3954 1796 4004 1838; x_wconf 90' lang='lat' dir='ltr'><strong>et</strong></span> <span class='ocrx_word' id='word_1_340' title='bbox 4030 1788 4157 1838; x_wconf 68' lang='lat' dir='ltr'><strong>der-</strong></span> 
     </span>
    </p>
   </div>
   <div class='ocr_carea' id='block_1_47' title="bbox 2571 1871 4152 1938">
    <p class='ocr_par' dir='ltr' id='par_1_47' title="bbox 2571 1871 4152 1938">
     <span class='ocr_line' id='line_1_47' title="bbox 2571 1871 4152 1938; baseline 0.003 -17"><span class='ocrx_word' id='word_1_341' title='bbox 2571 1881 2684 1922; x_wconf 86' lang='lat' dir='ltr'><strong>tera</strong></span> <span class='ocrx_word' id='word_1_342' title='bbox 2708 1887 2823 1923; x_wconf 88' lang='lat' dir='ltr'><strong>mea</strong></span> <span class='ocrx_word' id='word_1_343' title='bbox 2845 1871 3080 1938; x_wconf 78' lang='lat' dir='ltr'><strong>ﬁrmavit</strong></span> <span class='ocrx_word' id='word_1_344' title='bbox 3105 1873 3292 1926; x_wconf 69' lang='lat' dir='ltr'><strong>caelum</strong></span> <span class='ocrx_word' id='word_1_345' title='bbox 3317 1874 3382 1925; x_wconf 74' lang='lat'><strong>“.</strong></span> <span class='ocrx_word' id='word_1_346' title='bbox 3404 1874 3472 1927; x_wconf 87' lang='lat' dir='ltr'><strong>Et</strong></span> <span class='ocrx_word' id='word_1_347' title='bbox 3501 1891 3694 1928; x_wconf 83' lang='lat' dir='ltr'><strong>rursus</strong></span> <span class='ocrx_word' id='word_1_348' title='bbox 3715 1875 4026 1928; x_wconf 84' lang='lat' dir='ltr'><strong>ostendens</strong></span> <span class='ocrx_word' id='word_1_349' title='bbox 4046 1890 4109 1926; x_wconf 85' lang='lat' dir='ltr'><strong>ea</strong></span> <span class='ocrx_word' id='word_1_350' title='bbox 4137 1893 4152 1926; x_wconf 91' lang='lat'><strong>:</strong></span> 
     </span>
    </p>
   </div>
   <div class='ocr_carea' id='block_1_48' title="bbox 2571 1961 4149 2032">
    <p class='ocr_par' dir='ltr' id='par_1_48' title="bbox 2571 1961 4149 2032">
     <span class='ocr_line' id='line_1_48' title="bbox 2571 1961 4149 2032; baseline 0.001 -18"><span class='ocrx_word' id='word_1_351' title='bbox 2571 1961 2711 2025; x_wconf 74' lang='lat' dir='ltr'><strong>&quot;me,</strong></span> <span class='ocrx_word' id='word_1_352' title='bbox 2743 1962 2941 2030; x_wconf 89' lang='lat' dir='ltr'><strong>inquit,</strong></span> <span class='ocrx_word' id='word_1_353' title='bbox 2992 1965 3169 2016; x_wconf 86' lang='lat' dir='ltr'><strong>omnia</strong></span> <span class='ocrx_word' id='word_1_354' title='bbox 3207 1964 3327 2032; x_wconf 79' lang='lat' dir='ltr'><strong>fecit</strong></span> <span class='ocrx_word' id='word_1_355' title='bbox 3382 1981 3572 2017; x_wconf 73' lang='lat' dir='ltr'><strong>manus</strong></span> <span class='ocrx_word' id='word_1_356' title='bbox 3599 1982 3746 2024; x_wconf 86' lang='lat' dir='ltr'><strong>mea;</strong></span> <span class='ocrx_word' id='word_1_357' title='bbox 3791 1973 3840 2016; x_wconf 78' lang='lat' dir='ltr'><strong>et</strong></span> <span class='ocrx_word' id='word_1_358' title='bbox 3878 1976 4004 2017; x_wconf 85' lang='lat' dir='ltr'><strong>sunt</strong></span> <span class='ocrx_word' id='word_1_359' title='bbox 4034 1982 4149 2018; x_wconf 84' lang='lat' dir='ltr'><strong>mea</strong></span> 
     </span>
    </p>
   </div>
   <div class='ocr_carea' id='block_1_49' title="bbox 2569 2053 4152 2125">
    <p class='ocr_par' dir='ltr' id='par_1_49' title="bbox 2569 2053 4152 2125">
     <span class='ocr_line' id='line_1_49' title="bbox 2569 2053 4152 2125; baseline 0.003 -20"><span class='ocrx_word' id='word_1_360' title='bbox 2569 2055 2678 2105; x_wconf 72' lang='lat' dir='ltr'><strong>liter.</strong></span> <span class='ocrx_word' id='word_1_361' title='bbox 2701 2057 2879 2106; x_wconf 62' lang='lat' dir='ltr'><strong>omnia</strong></span> <span class='ocrx_word' id='word_1_362' title='bbox 2907 2057 2970 2106; x_wconf 67' lang='grc'><strong>⁸⁵⁸.</strong></span> <span class='ocrx_word' id='word_1_363' title='bbox 3011 2053 3066 2108; x_wconf 91' lang='lat' dir='ltr'><strong>Si</strong></span> <span class='ocrx_word' id='word_1_364' title='bbox 3100 2065 3287 2109; x_wconf 89' lang='lat' dir='ltr'><strong>autem</strong></span> <span class='ocrx_word' id='word_1_365' title='bbox 3319 2057 3507 2110; x_wconf 90' lang='lat' dir='ltr'><strong>omnia</strong></span> <span class='ocrx_word' id='word_1_366' title='bbox 3543 2057 3680 2110; x_wconf 78' lang='lat' dir='ltr'><strong>fecit</strong></span> <span class='ocrx_word' id='word_1_367' title='bbox 3707 2073 3805 2125; x_wconf 93' lang='lat' dir='ltr'><strong>per</strong></span> <span class='ocrx_word' id='word_1_368' title='bbox 3842 2058 4072 2119; x_wconf 81' lang='lat' dir='ltr'><strong>Filium,</strong></span> <span class='ocrx_word' id='word_1_369' title='bbox 4099 2057 4152 2110; x_wconf 90' lang='lat' dir='ltr'><strong>id</strong></span> 
     </span>
    </p>
   </div>
   <div class='ocr_carea' id='block_1_50' title="bbox 2566 2141 4148 2215">
    <p class='ocr_par' dir='ltr' id='par_1_50' title="bbox 2566 2141 4148 2215">
     <span class='ocr_line' id='line_1_50' title="bbox 2566 2141 4148 2215; baseline 0.005 -23"><span class='ocrx_word' id='word_1_370' title='bbox 2566 2149 2674 2204; x_wconf 86' lang='lat' dir='ltr'><strong>est,</strong></span> <span class='ocrx_word' id='word_1_371' title='bbox 2702 2157 2802 2209; x_wconf 93' lang='lat' dir='ltr'><strong>per</strong></span> <span class='ocrx_word' id='word_1_372' title='bbox 2839 2141 3086 2196; x_wconf 78' lang='lat' dir='ltr'><strong>Verbum</strong></span> <span class='ocrx_word' id='word_1_373' title='bbox 3111 2144 3261 2211; x_wconf 87' lang='lat' dir='ltr'><strong>quod</strong></span> <span class='ocrx_word' id='word_1_374' title='bbox 3286 2146 3490 2198; x_wconf 91' lang='lat' dir='ltr'><strong>eratin</strong></span> <span class='ocrx_word' id='word_1_375' title='bbox 3521 2147 3819 2215; x_wconf 87' lang='lat' dir='ltr'><strong>principio,</strong></span> <span class='ocrx_word' id='word_1_376' title='bbox 3859 2148 3913 2199; x_wconf 92' lang='lat' dir='ltr'><strong>id</strong></span> <span class='ocrx_word' id='word_1_377' title='bbox 3951 2157 4063 2208; x_wconf 85' lang='lat' dir='ltr'><strong>est,</strong></span> <span class='ocrx_word' id='word_1_378' title='bbox 4093 2149 4148 2200; x_wconf 91' lang='lat' dir='ltr'><strong>in</strong></span> 
     </span>
    </p>
   </div>
   <div class='ocr_carea' id='block_1_51' title="bbox 2568 2229 4154 2308">
    <p class='ocr_par' dir='ltr' id='par_1_51' title="bbox 2568 2229 4154 2308">
     <span class='ocr_line' id='line_1_51' title="bbox 2568 2229 4154 2308; baseline 0.006 -25"><span class='ocrx_word' id='word_1_379' title='bbox 2568 2229 2760 2296; x_wconf 83' lang='lat' dir='ltr'><strong>Patre;</strong></span> <span class='ocrx_word' id='word_1_380' title='bbox 2794 2243 2851 2286; x_wconf 90' lang='lat' dir='ltr'><strong>et</strong></span> <span class='ocrx_word' id='word_1_381' title='bbox 2875 2234 3019 2302; x_wconf 86' lang='lat' dir='ltr'><strong>apud</strong></span> <span class='ocrx_word' id='word_1_382' title='bbox 3051 2235 3222 2288; x_wconf 82' lang='lat' dir='ltr'><strong>Deum</strong></span> <span class='ocrx_word' id='word_1_383' title='bbox 3251 2235 3517 2304; x_wconf 90' lang='lat' dir='ltr'><strong>Spiritus,</strong></span> <span class='ocrx_word' id='word_1_384' title='bbox 3543 2248 3598 2291; x_wconf 94' lang='lat' dir='ltr'><strong>ct</strong></span> <span class='ocrx_word' id='word_1_385' title='bbox 3631 2253 3829 2292; x_wconf 87' lang='lat' dir='ltr'><strong>manus</strong></span> <span class='ocrx_word' id='word_1_386' title='bbox 3859 2240 3988 2308; x_wconf 89' lang='lat' dir='ltr'><strong>ejus</strong></span> <span class='ocrx_word' id='word_1_387' title='bbox 4018 2239 4154 2293; x_wconf 81' lang='lat' dir='ltr'><strong>fecit</strong></span> 
     </span>
    </p>
   </div>
   <div class='ocr_carea' id='block_1_52' title="bbox 2568 2324 4153 2396">
    <p class='ocr_par' dir='ltr' id='par_1_52' title="bbox 2568 2324 4153 2396">
     <span class='ocr_line' id='line_1_52' title="bbox 2568 2324 4153 2396; baseline 0.005 -22"><span class='ocrx_word' id='word_1_388' title='bbox 2568 2324 2777 2386; x_wconf 90' lang='lat' dir='ltr'><strong>omnia,</strong></span> <span class='ocrx_word' id='word_1_389' title='bbox 2804 2331 2862 2377; x_wconf 91' lang='lat' dir='ltr'><strong>et</strong></span> <span class='ocrx_word' id='word_1_390' title='bbox 2891 2324 3048 2394; x_wconf 78' lang='lat' dir='ltr'><strong>digiti</strong></span> <span class='ocrx_word' id='word_1_391' title='bbox 3083 2328 3206 2396; x_wconf 88' lang='lat' dir='ltr'><strong>ejus</strong></span> <span class='ocrx_word' id='word_1_392' title='bbox 3232 2329 3474 2392; x_wconf 62' lang='lat' dir='ltr'><strong>coelum;</strong></span> <span class='ocrx_word' id='word_1_393' title='bbox 3531 2331 3797 2394; x_wconf 90' lang='lat' dir='ltr'><strong>arbitror,</strong></span> <span class='ocrx_word' id='word_1_394' title='bbox 3858 2331 4002 2384; x_wconf 87' lang='lat' dir='ltr'><strong>nihil</strong></span> <span class='ocrx_word' id='word_1_395' title='bbox 4063 2346 4153 2383; x_wconf 85' lang='lat' dir='ltr'><strong>re-</strong></span> 
     </span>
    </p>
   </div>
   <div class='ocr_carea' id='block_1_53' title="bbox 2570 2416 4152 2490">
    <p class='ocr_par' dir='ltr' id='par_1_53' title="bbox 2570 2416 4152 2490">
     <span class='ocr_line' id='line_1_53' title="bbox 2570 2416 4152 2490; baseline 0.004 -22"><span class='ocrx_word' id='word_1_396' title='bbox 2570 2416 2717 2470; x_wconf 81' lang='lat' dir='ltr'><strong>ferre</strong></span> <span class='ocrx_word' id='word_1_397' title='bbox 2753 2431 2955 2470; x_wconf 87' lang='lat' dir='ltr'><strong>vocare</strong></span> <span class='ocrx_word' id='word_1_398' title='bbox 2987 2417 3210 2482; x_wconf 87' lang='lat' dir='ltr'><strong>Filium,</strong></span> <span class='ocrx_word' id='word_1_399' title='bbox 3243 2420 3329 2473; x_wconf 83' lang='lat' dir='ltr'><strong>vel</strong></span> <span class='ocrx_word' id='word_1_400' title='bbox 3359 2419 3655 2490; x_wconf 89' lang='lat' dir='ltr'><strong>Spiritum,</strong></span> <span class='ocrx_word' id='word_1_401' title='bbox 3687 2437 3758 2474; x_wconf 92' lang='lat' dir='ltr'><strong>an</strong></span> <span class='ocrx_word' id='word_1_402' title='bbox 3793 2422 3987 2476; x_wconf 78' lang='lat' dir='ltr'><strong>dicere</strong></span> <span class='ocrx_word' id='word_1_403' title='bbox 4035 2438 4152 2474; x_wconf 85' lang='lat' dir='ltr'><strong>ma-</strong></span> 
     </span>
    </p>
   </div>
   <div class='ocr_carea' id='block_1_54' title="bbox 2569 2509 4150 2582">
    <p class='ocr_par' dir='ltr' id='par_1_54' title="bbox 2569 2509 4150 2582">
     <span class='ocr_line' id='line_1_54' title="bbox 2569 2509 4150 2582; baseline 0.003 -21"><span class='ocrx_word' id='word_1_404' title='bbox 2569 2523 2696 2571; x_wconf 89' lang='lat' dir='ltr'><strong>nus,</strong></span> <span class='ocrx_word' id='word_1_405' title='bbox 2733 2518 2788 2562; x_wconf 88' lang='lat' dir='ltr'><strong>et</strong></span> <span class='ocrx_word' id='word_1_406' title='bbox 2807 2509 3034 2578; x_wconf 82' lang='lat' dir='ltr'><strong>digitos,</strong></span> <span class='ocrx_word' id='word_1_407' title='bbox 3060 2518 3115 2563; x_wconf 91' lang='lat' dir='ltr'><strong>et</strong></span> <span class='ocrx_word' id='word_1_408' title='bbox 3138 2510 3390 2574; x_wconf 89' lang='lat' dir='ltr'><strong>brachia,</strong></span> <span class='ocrx_word' id='word_1_409' title='bbox 3423 2521 3480 2566; x_wconf 89' lang='lat' dir='ltr'><strong>et</strong></span> <span class='ocrx_word' id='word_1_410' title='bbox 3511 2528 3888 2582; x_wconf 64' lang='lat' dir='ltr'><strong>quaecunque,</strong></span> <span class='ocrx_word' id='word_1_411' title='bbox 3930 2517 3977 2567; x_wconf 92' lang='lat' dir='ltr'><strong>si</strong></span> <span class='ocrx_word' id='word_1_412' title='bbox 4009 2530 4150 2567; x_wconf 48' lang='lat' dir='ltr'><strong>conv</strong></span> 
     </span>
    </p>
   </div>
   <div class='ocr_carea' id='block_1_55' title="bbox 2566 2600 4152 2675">
    <p class='ocr_par' dir='ltr' id='par_1_55' title="bbox 2566 2600 4152 2675">
     <span class='ocr_line' id='line_1_55' title="bbox 2566 2600 4152 2675; baseline 0.005 -24"><span class='ocrx_word' id='word_1_413' title='bbox 2566 2600 3092 2654; x_wconf 83' lang='lat' dir='ltr'><strong>substantialitatem</strong></span> <span class='ocrx_word' id='word_1_414' title='bbox 3127 2611 3183 2655; x_wconf 90' lang='lat' dir='ltr'><strong>et</strong></span> <span class='ocrx_word' id='word_1_415' title='bbox 3212 2603 3590 2671; x_wconf 90' lang='lat' dir='ltr'><strong>operatoriam</strong></span> <span class='ocrx_word' id='word_1_416' title='bbox 3631 2606 3739 2659; x_wconf 90' lang='lat' dir='ltr'><strong>vim</strong></span> <span class='ocrx_word' id='word_1_417' title='bbox 3774 2615 3833 2659; x_wconf 91' lang='lat' dir='ltr'><strong>et</strong></span> <span class='ocrx_word' id='word_1_418' title='bbox 3862 2608 4152 2675; x_wconf 81' lang='lat' dir='ltr'><strong>energiam</strong></span> 
     </span>
    </p>
   </div>
   <div class='ocr_carea' id='block_1_56' title="bbox 2565 2693 4154 2769">
    <p class='ocr_par' dir='ltr' id='par_1_56' title="bbox 2565 2693 4154 2769">
     <span class='ocr_line' id='line_1_56' title="bbox 2565 2693 4154 2769; baseline 0.005 -28"><span class='ocrx_word' id='word_1_419' title='bbox 2565 2707 2667 2760; x_wconf 81' lang='lat' dir='ltr'><strong>per</strong></span> <span class='ocrx_word' id='word_1_420' title='bbox 2731 2693 3180 2761; x_wconf 84' lang='lat' dir='ltr'><strong>conjunctionem</strong></span> <span class='ocrx_word' id='word_1_421' title='bbox 3213 2696 3614 2758; x_wconf 90' lang='lat' dir='ltr'><strong>membrorum,</strong></span> <span class='ocrx_word' id='word_1_422' title='bbox 3666 2713 3787 2766; x_wconf 78' lang='lat' dir='ltr'><strong>qua:</strong></span> <span class='ocrx_word' id='word_1_423' title='bbox 3840 2699 4154 2769; x_wconf 82' lang='lat' dir='ltr'><strong>symbolice</strong></span> 
     </span>
    </p>
   </div>
   <div class='ocr_carea' id='block_1_57' title="bbox 2565 2784 4152 2858">
    <p class='ocr_par' dir='ltr' id='par_1_57' title="bbox 2565 2784 4152 2858">
     <span class='ocr_line' id='line_1_57' title="bbox 2565 2784 4152 2858; baseline 0.004 -22"><span class='ocrx_word' id='word_1_424' title='bbox 2565 2784 2948 2845; x_wconf 89' lang='lat' dir='ltr'><strong>nominantur,</strong></span> <span class='ocrx_word' id='word_1_425' title='bbox 2971 2784 3294 2838; x_wconf 87' lang='lat' dir='ltr'><strong>declarant:</strong></span> <span class='ocrx_word' id='word_1_426' title='bbox 3327 2787 3607 2855; x_wconf 88' lang='lat' dir='ltr'><strong>siquidem</strong></span> <span class='ocrx_word' id='word_1_427' title='bbox 3662 2788 4042 2858; x_wconf 86' lang='lat' dir='ltr'><strong>incorporeus</strong></span> <span class='ocrx_word' id='word_1_428' title='bbox 4064 2799 4152 2843; x_wconf 89' lang='lat' dir='ltr'><strong>est</strong></span> 
     </span>
    </p>
   </div>
   <div class='ocr_carea' id='block_1_58' title="bbox 2567 2875 4157 2946">
    <p class='ocr_par' dir='ltr' id='par_1_58' title="bbox 2567 2875 4157 2946">
     <span class='ocr_line' id='line_1_58' title="bbox 2567 2875 4157 2946; baseline 0.006 -20"><span class='ocrx_word' id='word_1_429' title='bbox 2567 2875 2732 2936; x_wconf 89' lang='lat' dir='ltr'><strong>Deus,</strong></span> <span class='ocrx_word' id='word_1_430' title='bbox 2754 2881 2812 2927; x_wconf 93' lang='lat' dir='ltr'><strong>et</strong></span> <span class='ocrx_word' id='word_1_431' title='bbox 2839 2875 2992 2928; x_wconf 84' lang='lat' dir='ltr'><strong>uetas</strong></span> <span class='ocrx_word' id='word_1_432' title='bbox 3022 2883 3108 2927; x_wconf 82' lang='lat' dir='ltr'><strong>est</strong></span> <span class='ocrx_word' id='word_1_433' title='bbox 3136 2883 3334 2944; x_wconf 91' lang='lat' dir='ltr'><strong>putare</strong></span> <span class='ocrx_word' id='word_1_434' title='bbox 3362 2892 3491 2931; x_wconf 91' lang='lat' dir='ltr'><strong>eum</strong></span> <span class='ocrx_word' id='word_1_435' title='bbox 3521 2879 3790 2934; x_wconf 91' lang='lat' dir='ltr'><strong>membris</strong></span> <span class='ocrx_word' id='word_1_436' title='bbox 3845 2881 3954 2946; x_wconf 91' lang='lat' dir='ltr'><strong>uti,</strong></span> <span class='ocrx_word' id='word_1_437' title='bbox 3994 2897 4157 2936; x_wconf 90' lang='lat' dir='ltr'><strong>more</strong></span> 
     </span>
    </p>
   </div>
   <div class='ocr_carea' id='block_1_59' title="bbox 2565 2978 2779 3021">
    <p class='ocr_par' dir='ltr' id='par_1_59' title="bbox 2565 2978 2779 3021">
     <span class='ocr_line' id='line_1_59' title="bbox 2565 2978 2779 3021; baseline -0.009 -1"><span class='ocrx_word' id='word_1_438' title='bbox 2565 2978 2779 3021; x_wconf 76' lang='lat' dir='ltr'><strong>ﬂOSll&#39;O.</strong></span> 
     </span>
    </p>
   </div>
   <div class='ocr_carea' id='block_1_60' title="bbox 2636 3057 4159 3123">
    <p class='ocr_par' dir='ltr' id='par_1_60' title="bbox 2636 3057 4159 3123">
     <span class='ocr_line' id='line_1_60' title="bbox 2636 3057 4159 3123; baseline 0.006 -12"><span class='ocrx_word' id='word_1_439' title='bbox 2636 3057 2799 3112; x_wconf 79' lang='lat' dir='ltr'><strong>XXII.</strong></span> <span class='ocrx_word' id='word_1_440' title='bbox 2843 3057 2999 3123; x_wconf 84' lang='lat' dir='ltr'><strong>Quod</strong></span> <span class='ocrx_word' id='word_1_441' title='bbox 3049 3058 3094 3112; x_wconf 91' lang='lat' dir='ltr'><strong>si</strong></span> <span class='ocrx_word' id='word_1_442' title='bbox 3127 3060 3766 3118; x_wconf 86' lang='lat' dir='ltr'><strong>consubstantialitatem</strong></span> <span class='ocrx_word' id='word_1_443' title='bbox 3800 3065 3918 3119; x_wconf 69' lang='lat' dir='ltr'><strong>haec</strong></span> <span class='ocrx_word' id='word_1_444' title='bbox 3970 3065 4159 3120; x_wconf 72' lang='lat' dir='ltr'><strong>decla~</strong></span> 
     </span>
    </p>
   </div>
   <div class='ocr_carea' id='block_1_61' title="bbox 894 3146 4160 3228">
    <p class='ocr_par' dir='ltr' id='par_1_61' title="bbox 894 3146 4160 3228">
     <span class='ocr_line' id='line_1_61' title="bbox 894 3146 4160 3228; baseline 0.001 -21"><span class='ocrx_word' id='word_1_445' title='bbox 894 3152 1222 3207; x_wconf 84' lang='lat' dir='ltr'><strong>Trinitatem</strong></span> <span class='ocrx_word' id='word_1_446' title='bbox 1247 3148 1501 3218; x_wconf 82' lang='lat' dir='ltr'><strong>profecto</strong></span> <span class='ocrx_word' id='word_1_447' title='bbox 1520 3146 1818 3215; x_wconf 82' lang='lat' dir='ltr'><strong>signiﬁcat:</strong></span> <span class='ocrx_word' id='word_1_448' title='bbox 1859 3148 1963 3200; x_wconf 89' lang='lat' dir='ltr'><strong>tria</strong></span> <span class='ocrx_word' id='word_1_449' title='bbox 1997 3161 2235 3215; x_wconf 90' lang='lat' dir='ltr'><strong>namque</strong></span> <span class='ocrx_word' id='word_1_450' title='bbox 2256 3148 2466 3202; x_wconf 89' lang='lat' dir='ltr'><strong>lumina</strong></span> <span class='ocrx_word' id='word_1_451' title='bbox 2493 3170 2537 3228; x_wconf 71' lang='grc' dir='ltr'>ο</span> <span class='ocrx_word' id='word_1_452' title='bbox 2570 3159 2718 3211; x_wconf 88' lang='lat' dir='ltr'><strong>rant,</strong></span> <span class='ocrx_word' id='word_1_453' title='bbox 2775 3149 2920 3203; x_wconf 92' lang='lat' dir='ltr'><strong>sicut</strong></span> <span class='ocrx_word' id='word_1_454' title='bbox 2962 3166 3162 3204; x_wconf 91' lang='lat' dir='ltr'><strong>manus</strong></span> <span class='ocrx_word' id='word_1_455' title='bbox 3195 3162 3254 3205; x_wconf 92' lang='lat' dir='ltr'><strong>ct</strong></span> <span class='ocrx_word' id='word_1_456' title='bbox 3303 3152 3460 3222; x_wconf 82' lang='lat' dir='ltr'><strong>digiti</strong></span> <span class='ocrx_word' id='word_1_457' title='bbox 3492 3154 3740 3224; x_wconf 81' lang='lat' dir='ltr'><strong>ejusdem</strong></span> <span class='ocrx_word' id='word_1_458' title='bbox 3772 3166 3987 3211; x_wconf 70' lang='lat' dir='ltr'><strong>natum</strong></span> <span class='ocrx_word' id='word_1_459' title='bbox 4011 3161 4160 3212; x_wconf 82' lang='lat' dir='ltr'><strong>inter</strong></span> 
     </span>
    </p>
   </div>
   <div class='ocr_carea' id='block_1_62' title="bbox 897 3237 2462 3314">
    <p class='ocr_par' dir='ltr' id='par_1_62' title="bbox 897 3237 2462 3314">
     <span class='ocr_line' id='line_1_62' title="bbox 897 3237 2462 3314; baseline -0.001 -18"><span class='ocrx_word' id='word_1_460' title='bbox 897 3243 1170 3314; x_wconf 83' lang='lat' dir='ltr'><strong>signiﬁcat</strong></span> <span class='ocrx_word' id='word_1_461' title='bbox 1197 3241 1500 3309; x_wconf 83' lang='lat' dir='ltr'><strong>PrOpbcta;</strong></span> <span class='ocrx_word' id='word_1_462' title='bbox 1543 3254 1712 3292; x_wconf 91' lang='lat' dir='ltr'><strong>unum</strong></span> <span class='ocrx_word' id='word_1_463' title='bbox 1742 3237 1832 3292; x_wconf 89' lang='lat' dir='ltr'><strong>cui</strong></span> <span class='ocrx_word' id='word_1_464' title='bbox 1890 3253 2081 3305; x_wconf 92' lang='lat' dir='ltr'><strong>preces</strong></span> <span class='ocrx_word' id='word_1_465' title='bbox 2134 3240 2462 3303; x_wconf 89' lang='lat' dir='ltr'><strong>adhibebat,</strong></span> 
     </span>
    </p>
   </div>
   <div class='ocr_carea' id='block_1_63' title="bbox 895 3323 2471 3394">
    <p class='ocr_par' dir='ltr' id='par_1_63' title="bbox 895 3323 2471 3394">
     <span class='ocr_line' id='line_1_63' title="bbox 895 3323 2471 3394; baseline -0.002 -10"><span class='ocrx_word' id='word_1_466' title='bbox 895 3333 988 3384; x_wconf 84' lang='lat' dir='ltr'><strong>hic</strong></span> <span class='ocrx_word' id='word_1_467' title='bbox 1016 3339 1100 3384; x_wconf 91' lang='lat' dir='ltr'><strong>est</strong></span> <span class='ocrx_word' id='word_1_468' title='bbox 1124 3330 1315 3392; x_wconf 89' lang='lat' dir='ltr'><strong>Pater;</strong></span> <span class='ocrx_word' id='word_1_469' title='bbox 1353 3337 1408 3381; x_wconf 93' lang='lat' dir='ltr'><strong>et</strong></span> <span class='ocrx_word' id='word_1_470' title='bbox 1435 3327 1621 3379; x_wconf 88' lang='lat' dir='ltr'><strong>lumen</strong></span> <span class='ocrx_word' id='word_1_471' title='bbox 1650 3326 1772 3394; x_wconf 86' lang='lat' dir='ltr'><strong>ejus</strong></span> <span class='ocrx_word' id='word_1_472' title='bbox 1804 3323 2039 3389; x_wconf 87' lang='lat' dir='ltr'><strong>Filium;</strong></span> <span class='ocrx_word' id='word_1_473' title='bbox 2063 3331 2121 3379; x_wconf 89' lang='lat' dir='ltr'><strong>et</strong></span> <span class='ocrx_word' id='word_1_474' title='bbox 2172 3326 2227 3379; x_wconf 92' lang='lat' dir='ltr'><strong>in</strong></span> <span class='ocrx_word' id='word_1_475' title='bbox 2259 3326 2471 3382; x_wconf 90' lang='lat' dir='ltr'><strong>lumine</strong></span> 
     </span>
    </p>
   </div>
   <div class='ocr_carea' id='block_1_64' title="bbox 897 3418 2467 3489">
    <p class='ocr_par' dir='ltr' id='par_1_64' title="bbox 897 3418 2467 3489">
     <span class='ocr_line' id='line_1_64' title="bbox 897 3418 2467 3489; baseline -0.003 -13"><span class='ocrx_word' id='word_1_476' title='bbox 897 3423 1084 3477; x_wconf 84' lang='lat' dir='ltr'><strong>lumen</strong></span> <span class='ocrx_word' id='word_1_477' title='bbox 1145 3419 1412 3488; x_wconf 90' lang='lat' dir='ltr'><strong>Spiritum</strong></span> <span class='ocrx_word' id='word_1_478' title='bbox 1470 3426 1754 3470; x_wconf 89' lang='lat' dir='ltr'><strong>sanctum:</strong></span> <span class='ocrx_word' id='word_1_479' title='bbox 1807 3429 1933 3469; x_wconf 90' lang='lat' dir='ltr'><strong>cum</strong></span> <span class='ocrx_word' id='word_1_480' title='bbox 1967 3431 2099 3470; x_wconf 88' lang='lat' dir='ltr'><strong>vero</strong></span> <span class='ocrx_word' id='word_1_481' title='bbox 2147 3418 2467 3489; x_wconf 87' lang='lat' dir='ltr'><strong>subjungit:</strong></span> 
     </span>
    </p>
   </div>
   <div class='ocr_carea' id='block_1_65' title="bbox 901 3509 2468 3576">
    <p class='ocr_par' dir='ltr' id='par_1_65' title="bbox 901 3509 2468 3576">
     <span class='ocr_line' id='line_1_65' title="bbox 901 3509 2468 3576; baseline -0.004 -10"><span class='ocrx_word' id='word_1_482' title='bbox 901 3512 1136 3566; x_wconf 70' lang='lat' dir='ltr'><strong>Extende</strong></span> <span class='ocrx_word' id='word_1_483' title='bbox 1190 3509 1608 3562; x_wconf 82' lang='lat' dir='ltr'><strong>misericordiam</strong></span> <span class='ocrx_word' id='word_1_484' title='bbox 1670 3515 1819 3559; x_wconf 73' lang='lat' dir='ltr'><strong>tuam</strong></span> <span class='ocrx_word' id='word_1_485' title='bbox 1861 3509 2287 3576; x_wconf 79' lang='lat' dir='ltr'><strong>cognoscentibus</strong></span> <span class='ocrx_word' id='word_1_486' title='bbox 2321 3518 2369 3561; x_wconf 87' lang='lat' dir='ltr'><strong>te</strong></span> <span class='ocrx_word' id='word_1_487' title='bbox 2395 3512 2468 3575; x_wconf 84' lang='lat'><strong>&quot;;</strong></span> 
     </span>
    </p>
   </div>
   <div class='ocr_carea' id='block_1_66' title="bbox 898 3598 2474 3670">
    <p class='ocr_par' dir='ltr' id='par_1_66' title="bbox 898 3598 2474 3670">
     <span class='ocr_line' id='line_1_66' title="bbox 898 3598 2474 3670; baseline -0.002 -13"><span class='ocrx_word' id='word_1_488' title='bbox 898 3605 1097 3658; x_wconf 88' lang='lat' dir='ltr'><strong>Filium</strong></span> <span class='ocrx_word' id='word_1_489' title='bbox 1131 3613 1291 3656; x_wconf 90' lang='lat' dir='ltr'><strong>vocat</strong></span> <span class='ocrx_word' id='word_1_490' title='bbox 1319 3598 1776 3662; x_wconf 90' lang='lat' dir='ltr'><strong>misericordiam,</strong></span> <span class='ocrx_word' id='word_1_491' title='bbox 1803 3598 2075 3666; x_wconf 89' lang='lat' dir='ltr'><strong>siquidem</strong></span> <span class='ocrx_word' id='word_1_492' title='bbox 2098 3600 2214 3668; x_wconf 87' lang='lat' dir='ltr'><strong>ipse</strong></span> <span class='ocrx_word' id='word_1_493' title='bbox 2237 3609 2322 3654; x_wconf 91' lang='lat' dir='ltr'><strong>est</strong></span> <span class='ocrx_word' id='word_1_494' title='bbox 2346 3616 2474 3670; x_wconf 87' lang='lat' dir='ltr'><strong>pro—</strong></span> 
     </span>
    </p>
   </div>
   <div class='ocr_carea' id='block_1_67' title="bbox 899 3689 2470 3765">
    <p class='ocr_par' dir='ltr' id='par_1_67' title="bbox 899 3689 2470 3765">
     <span class='ocr_line' id='line_1_67' title="bbox 899 3689 2470 3765; baseline -0.004 -16"><span class='ocrx_word' id='word_1_495' title='bbox 899 3695 1145 3765; x_wconf 86' lang='lat' dir='ltr'><strong>pitiatio:</strong></span> <span class='ocrx_word' id='word_1_496' title='bbox 1180 3708 1374 3747; x_wconf 89' lang='lat' dir='ltr'><strong>rursus</strong></span> <span class='ocrx_word' id='word_1_497' title='bbox 1392 3692 1598 3746; x_wconf 87' lang='lat' dir='ltr'><strong>dicitur</strong></span> <span class='ocrx_word' id='word_1_498' title='bbox 1624 3689 1869 3759; x_wconf 89' lang='lat' dir='ltr'><strong>Spiritus</strong></span> <span class='ocrx_word' id='word_1_499' title='bbox 1893 3698 2118 3744; x_wconf 87' lang='lat' dir='ltr'><strong>sanctus</strong></span> <span class='ocrx_word' id='word_1_500' title='bbox 2139 3692 2470 3757; x_wconf 75' lang='grc' dir='ltr'><strong>ἰδιαζόντως,</strong></span> 
     </span>
    </p>
   </div>
   <div class='ocr_carea' id='block_1_68' title="bbox 899 3782 2468 3851">
    <p class='ocr_par' dir='ltr' id='par_1_68' title="bbox 899 3782 2468 3851">
     <span class='ocr_line' id='line_1_68' title="bbox 899 3782 2468 3851; baseline -0.004 -9"><span class='ocrx_word' id='word_1_501' title='bbox 899 3788 953 3842; x_wconf 88' lang='lat' dir='ltr'><strong>id</strong></span> <span class='ocrx_word' id='word_1_502' title='bbox 982 3795 1084 3850; x_wconf 87' lang='lat' dir='ltr'><strong>est,</strong></span> <span class='ocrx_word' id='word_1_503' title='bbox 1111 3796 1171 3839; x_wconf 93' lang='lat' dir='ltr'><strong>ut</strong></span> <span class='ocrx_word' id='word_1_504' title='bbox 1201 3786 1275 3839; x_wconf 89' lang='lat' dir='ltr'><strong>ita</strong></span> <span class='ocrx_word' id='word_1_505' title='bbox 1301 3785 1480 3837; x_wconf 89' lang='lat' dir='ltr'><strong>dicam</strong></span> <span class='ocrx_word' id='word_1_506' title='bbox 1503 3782 1855 3851; x_wconf 85' lang='lat' dir='ltr'><strong>appropriate</strong></span> <span class='ocrx_word' id='word_1_507' title='bbox 1887 3782 2098 3847; x_wconf 90' lang='lat' dir='ltr'><strong>lumen,</strong></span> <span class='ocrx_word' id='word_1_508' title='bbox 2128 3791 2189 3836; x_wconf 91' lang='lat' dir='ltr'><strong>ut</strong></span> <span class='ocrx_word' id='word_1_509' title='bbox 2216 3798 2343 3836; x_wconf 92' lang='lat' dir='ltr'><strong>cum</strong></span> <span class='ocrx_word' id='word_1_510' title='bbox 2363 3783 2468 3836; x_wconf 91' lang='lat' dir='ltr'><strong>ait:</strong></span> 
     </span>
    </p>
   </div>
   <div class='ocr_carea' id='block_1_69' title="bbox 898 3873 2473 3940">
    <p class='ocr_par' dir='ltr' id='par_1_69' title="bbox 898 3873 2473 3940">
     <span class='ocr_line' id='line_1_69' title="bbox 898 3873 2473 3940; baseline -0.003 -8"><span class='ocrx_word' id='word_1_511' title='bbox 898 3879 1142 3940; x_wconf 85' lang='lat' dir='ltr'><strong>Domine,</strong></span> <span class='ocrx_word' id='word_1_512' title='bbox 1165 3879 1220 3931; x_wconf 86' lang='lat' dir='ltr'><strong>in</strong></span> <span class='ocrx_word' id='word_1_513' title='bbox 1261 3877 1460 3928; x_wconf 74' lang='lat' dir='ltr'><strong>tantine</strong></span> <span class='ocrx_word' id='word_1_514' title='bbox 1487 3874 1660 3927; x_wconf 81' lang='lat' dir='ltr'><strong>vultus</strong></span> <span class='ocrx_word' id='word_1_515' title='bbox 1687 3875 1764 3926; x_wconf 86' lang='lat' dir='ltr'><strong>tui</strong></span> <span class='ocrx_word' id='word_1_516' title='bbox 1798 3873 2142 3927; x_wconf 80' lang='lat' dir='ltr'><strong>ambulabunt</strong></span> <span class='ocrx_word' id='word_1_517' title='bbox 2168 3874 2237 3939; x_wconf 65' lang='lat'><strong>5’;</strong></span> <span class='ocrx_word' id='word_1_518' title='bbox 2287 3874 2473 3928; x_wconf 87' lang='lat' dir='ltr'><strong>lumen</strong></span> 
     </span>
    </p>
   </div>
   <div class='ocr_carea' id='block_1_70' title="bbox 897 3963 2474 4033">
    <p class='ocr_par' dir='ltr' id='par_1_70' title="bbox 897 3963 2474 4033">
     <span class='ocr_line' id='line_1_70' title="bbox 897 3963 2474 4033; baseline -0.004 -11"><span class='ocrx_word' id='word_1_519' title='bbox 897 3970 1046 4023; x_wconf 90' lang='lat' dir='ltr'><strong>enim</strong></span> <span class='ocrx_word' id='word_1_520' title='bbox 1077 3976 1203 4022; x_wconf 90' lang='lat' dir='ltr'><strong>ante</strong></span> <span class='ocrx_word' id='word_1_521' title='bbox 1233 3967 1426 4020; x_wconf 80' lang='lat' dir='ltr'><strong>faciem</strong></span> <span class='ocrx_word' id='word_1_522' title='bbox 1471 3965 1569 4019; x_wconf 89' lang='lat' dir='ltr'><strong>Dei</strong></span> <span class='ocrx_word' id='word_1_523' title='bbox 1604 3963 1845 4033; x_wconf 89' lang='lat' dir='ltr'><strong>Spiritus</strong></span> <span class='ocrx_word' id='word_1_524' title='bbox 1880 3972 2106 4017; x_wconf 88' lang='lat' dir='ltr'><strong>sanctus</strong></span> <span class='ocrx_word' id='word_1_525' title='bbox 2147 3971 2266 4029; x_wconf 85' lang='lat' dir='ltr'><strong>est;</strong></span> <span class='ocrx_word' id='word_1_526' title='bbox 2301 3965 2474 4032; x_wconf 81' lang='lat' dir='ltr'><strong>siqui-</strong></span> 
     </span>
    </p>
   </div>
   <div class='ocr_carea' id='block_1_71' title="bbox 899 4055 2473 4126">
    <p class='ocr_par' dir='ltr' id='par_1_71' title="bbox 899 4055 2473 4126">
     <span class='ocr_line' id='line_1_71' title="bbox 899 4055 2473 4126; baseline -0.004 -9"><span class='ocrx_word' id='word_1_527' title='bbox 899 4064 1024 4117; x_wconf 87' lang='lat' dir='ltr'><strong>dem</strong></span> <span class='ocrx_word' id='word_1_528' title='bbox 1073 4061 1241 4115; x_wconf 89' lang='lat' dir='ltr'><strong>I‘aeies</strong></span> <span class='ocrx_word' id='word_1_529' title='bbox 1290 4059 1385 4112; x_wconf 90' lang='lat' dir='ltr'><strong>Dei</strong></span> <span class='ocrx_word' id='word_1_530' title='bbox 1437 4065 1522 4111; x_wconf 91' lang='lat' dir='ltr'><strong>est</strong></span> <span class='ocrx_word' id='word_1_531' title='bbox 1559 4055 1914 4126; x_wconf 83' lang='lat' dir='ltr'><strong>Unigenitus,</strong></span> <span class='ocrx_word' id='word_1_532' title='bbox 1941 4057 2104 4126; x_wconf 90' lang='lat' dir='ltr'><strong>cujus</strong></span> <span class='ocrx_word' id='word_1_533' title='bbox 2166 4057 2355 4110; x_wconf 89' lang='lat' dir='ltr'><strong>lumen</strong></span> <span class='ocrx_word' id='word_1_534' title='bbox 2386 4065 2473 4110; x_wconf 92' lang='lat' dir='ltr'><strong>est</strong></span> 
     </span>
    </p>
   </div>
   <div class='ocr_carea' id='block_1_72' title="bbox 900 4143 2471 4219">
    <p class='ocr_par' dir='ltr' id='par_1_72' title="bbox 900 4143 2471 4219">
     <span class='ocr_line' id='line_1_72' title="bbox 900 4143 2471 4219; baseline -0.004 -15"><span class='ocrx_word' id='word_1_535' title='bbox 900 4151 1142 4219; x_wconf 85' lang='lat' dir='ltr'><strong>Spiritus</strong></span> <span class='ocrx_word' id='word_1_536' title='bbox 1168 4156 1412 4208; x_wconf 91' lang='lat' dir='ltr'><strong>sanctus,</strong></span> <span class='ocrx_word' id='word_1_537' title='bbox 1447 4144 1542 4214; x_wconf 90' lang='lat' dir='ltr'><strong>qui</strong></span> <span class='ocrx_word' id='word_1_538' title='bbox 1577 4155 1661 4199; x_wconf 88' lang='lat' dir='ltr'><strong>cst</strong></span> <span class='ocrx_word' id='word_1_539' title='bbox 1697 4144 1910 4197; x_wconf 88' lang='lat' dir='ltr'><strong>sanctis</strong></span> <span class='ocrx_word' id='word_1_540' title='bbox 1958 4143 2071 4197; x_wconf 84' lang='lat' dir='ltr'><strong>dux</strong></span> <span class='ocrx_word' id='word_1_541' title='bbox 2113 4146 2234 4208; x_wconf 69' lang='lat' dir='ltr'><strong>vite,</strong></span> <span class='ocrx_word' id='word_1_542' title='bbox 2268 4143 2322 4197; x_wconf 91' lang='lat' dir='ltr'><strong>in</strong></span> <span class='ocrx_word' id='word_1_543' title='bbox 2358 4160 2471 4213; x_wconf 86' lang='lat' dir='ltr'><strong>quo</strong></span> 
     </span>
    </p>
   </div>
   <div class='ocr_carea' id='block_1_73' title="bbox 903 4234 2468 4311">
    <p class='ocr_par' dir='ltr' id='par_1_73' title="bbox 903 4234 2468 4311">
     <span class='ocr_line' id='line_1_73' title="bbox 903 4234 2468 4311; baseline -0.004 -17"><span class='ocrx_word' id='word_1_544' title='bbox 903 4241 1114 4311; x_wconf 86' lang='lat' dir='ltr'><strong>Spiritu</strong></span> <span class='ocrx_word' id='word_1_545' title='bbox 1178 4237 1486 4298; x_wconf 88' lang='lat' dir='ltr'><strong>ambulant,</strong></span> <span class='ocrx_word' id='word_1_546' title='bbox 1541 4235 1684 4289; x_wconf 90' lang='lat' dir='ltr'><strong>sicut</strong></span> <span class='ocrx_word' id='word_1_547' title='bbox 1734 4234 1999 4303; x_wconf 89' lang='lat' dir='ltr'><strong>scriptum</strong></span> <span class='ocrx_word' id='word_1_548' title='bbox 2049 4243 2136 4288; x_wconf 90' lang='lat' dir='ltr'><strong>est</strong></span> <span class='ocrx_word' id='word_1_549' title='bbox 2186 4251 2197 4286; x_wconf 94' lang='lat'><strong>:</strong></span> <span class='ocrx_word' id='word_1_550' title='bbox 2242 4234 2468 4287; x_wconf 88' lang='lat' dir='ltr'><strong>Descen-</strong></span> 
     </span>
    </p>
   </div>
   <div class='ocr_carea' id='block_1_74' title="bbox 899 4326 2472 4399">
    <p class='ocr_par' dir='ltr' id='par_1_74' title="bbox 899 4326 2472 4399">
     <span class='ocr_line' id='line_1_74' title="bbox 899 4326 2472 4399; baseline -0.002 -18"><span class='ocrx_word' id='word_1_551' title='bbox 899 4332 977 4383; x_wconf 81' lang='lat' dir='ltr'><strong>dit</strong></span> <span class='ocrx_word' id='word_1_552' title='bbox 1015 4329 1246 4399; x_wconf 84' lang='lat' dir='ltr'><strong>Spiritus</strong></span> <span class='ocrx_word' id='word_1_553' title='bbox 1285 4346 1316 4382; x_wconf 90' lang='lat' dir='ltr'><strong>a</strong></span> <span class='ocrx_word' id='word_1_554' title='bbox 1344 4328 1593 4390; x_wconf 89' lang='lat' dir='ltr'><strong>Domino,</strong></span> <span class='ocrx_word' id='word_1_555' title='bbox 1626 4336 1674 4379; x_wconf 88' lang='lat' dir='ltr'><strong>et</strong></span> <span class='ocrx_word' id='word_1_556' title='bbox 1707 4343 1888 4379; x_wconf 87' lang='lat' dir='ltr'><strong>eorum</strong></span> <span class='ocrx_word' id='word_1_557' title='bbox 1943 4326 2129 4378; x_wconf 86' lang='lat' dir='ltr'><strong>ductor</strong></span> <span class='ocrx_word' id='word_1_558' title='bbox 2172 4327 2271 4395; x_wconf 83' lang='lat' dir='ltr'><strong>fuit</strong></span> <span class='ocrx_word' id='word_1_559' title='bbox 2305 4328 2382 4391; x_wconf 61' lang='lat'><strong>5&quot;;</strong></span> <span class='ocrx_word' id='word_1_560' title='bbox 2414 4334 2472 4380; x_wconf 91' lang='lat' dir='ltr'><strong>et</strong></span> 
     </span>
    </p>
   </div>
   <div class='ocr_carea' id='block_1_75' title="bbox 901 4417 2469 4490">
    <p class='ocr_par' dir='ltr' id='par_1_75' title="bbox 901 4417 2469 4490">
     <span class='ocr_line' id='line_1_75' title="bbox 901 4417 2469 4490; baseline -0.002 -16"><span class='ocrx_word' id='word_1_561' title='bbox 901 4421 1102 4475; x_wconf 87' lang='lat' dir='ltr'><strong>iterum</strong></span> <span class='ocrx_word' id='word_1_562' title='bbox 1125 4437 1137 4472; x_wconf 93' lang='lat'><strong>:</strong></span> <span class='ocrx_word' id='word_1_563' title='bbox 1174 4418 1402 4490; x_wconf 79' lang='lat' dir='ltr'><strong>Spiritus</strong></span> <span class='ocrx_word' id='word_1_564' title='bbox 1425 4429 1546 4471; x_wconf 85' lang='lat' dir='ltr'><strong>tuus</strong></span> <span class='ocrx_word' id='word_1_565' title='bbox 1579 4418 1742 4471; x_wconf 83' lang='lat' dir='ltr'><strong>bonus</strong></span> <span class='ocrx_word' id='word_1_566' title='bbox 1769 4418 1953 4470; x_wconf 85' lang='lat' dir='ltr'><strong>ductor</strong></span> <span class='ocrx_word' id='word_1_567' title='bbox 1975 4433 2120 4471; x_wconf 78' lang='lat' dir='ltr'><strong>meus</strong></span> <span class='ocrx_word' id='word_1_568' title='bbox 2149 4418 2249 4469; x_wconf 86' lang='lat' dir='ltr'><strong>erit</strong></span> <span class='ocrx_word' id='word_1_569' title='bbox 2275 4419 2342 4471; x_wconf 84' lang='grc'><strong>⁵⁵.</strong></span> <span class='ocrx_word' id='word_1_570' title='bbox 2363 4417 2469 4471; x_wconf 88' lang='lat' dir='ltr'><strong>Dc-</strong></span> 
     </span>
    </p>
   </div>
   <div class='ocr_carea' id='block_1_76' title="bbox 2574 3245 4157 3315">
    <p class='ocr_par' dir='ltr' id='par_1_76' title="bbox 2574 3245 4157 3315">
     <span class='ocr_line' id='line_1_76' title="bbox 2574 3245 4157 3315; baseline 0.006 -23"><span class='ocrx_word' id='word_1_571' title='bbox 2574 3254 2634 3292; x_wconf 93' lang='lat' dir='ltr'><strong>se</strong></span> <span class='ocrx_word' id='word_1_572' title='bbox 2678 3248 2734 3292; x_wconf 91' lang='lat' dir='ltr'><strong>et</strong></span> <span class='ocrx_word' id='word_1_573' title='bbox 2774 3254 2902 3292; x_wconf 90' lang='lat' dir='ltr'><strong>cum</strong></span> <span class='ocrx_word' id='word_1_574' title='bbox 2947 3255 3181 3309; x_wconf 88' lang='lat' dir='ltr'><strong>corpore</strong></span> <span class='ocrx_word' id='word_1_575' title='bbox 3237 3255 3406 3297; x_wconf 87' lang='lat' dir='ltr'><strong>sunt:</strong></span> <span class='ocrx_word' id='word_1_576' title='bbox 3439 3245 3684 3315; x_wconf 89' lang='lat' dir='ltr'><strong>undique</strong></span> <span class='ocrx_word' id='word_1_577' title='bbox 3711 3247 4157 3302; x_wconf 84' lang='lat' dir='ltr'><strong>demonstratum</strong></span> 
     </span>
    </p>
   </div>
   <div class='ocr_carea' id='block_1_77' title="bbox 2571 3330 4156 3404">
    <p class='ocr_par' dir='ltr' id='par_1_77' title="bbox 2571 3330 4156 3404">
     <span class='ocr_line' id='line_1_77' title="bbox 2571 3330 4156 3404; baseline 0.008 -26"><span class='ocrx_word' id='word_1_578' title='bbox 2571 3335 2657 3380; x_wconf 93' lang='lat' dir='ltr'><strong>est</strong></span> <span class='ocrx_word' id='word_1_579' title='bbox 2699 3342 2866 3380; x_wconf 89' lang='lat' dir='ltr'><strong>unam</strong></span> <span class='ocrx_word' id='word_1_580' title='bbox 2913 3341 3037 3381; x_wconf 83' lang='lat' dir='ltr'><strong>esse</strong></span> <span class='ocrx_word' id='word_1_581' title='bbox 3097 3339 3153 3383; x_wconf 93' lang='lat' dir='ltr'><strong>ct</strong></span> <span class='ocrx_word' id='word_1_582' title='bbox 3191 3330 3539 3387; x_wconf 84' lang='lat' dir='ltr'><strong>individuam</strong></span> <span class='ocrx_word' id='word_1_583' title='bbox 3581 3335 3826 3389; x_wconf 90' lang='lat' dir='ltr'><strong>divinam</strong></span> <span class='ocrx_word' id='word_1_584' title='bbox 3872 3349 4156 3404; x_wconf 87' lang='lat' dir='ltr'><strong>naturam,</strong></span> 
     </span>
    </p>
   </div>
   <div class='ocr_carea' id='block_1_78' title="bbox 2572 3419 4160 3489">
    <p class='ocr_par' dir='ltr' id='par_1_78' title="bbox 2572 3419 4160 3489">
     <span class='ocr_line' id='line_1_78' title="bbox 2572 3419 4160 3489; baseline 0.009 -19"><span class='ocrx_word' id='word_1_585' title='bbox 2572 3433 2684 3472; x_wconf 91' lang='lat' dir='ltr'><strong>non</strong></span> <span class='ocrx_word' id='word_1_586' title='bbox 2735 3419 2966 3473; x_wconf 89' lang='lat' dir='ltr'><strong>scissam</strong></span> <span class='ocrx_word' id='word_1_587' title='bbox 3003 3421 3057 3472; x_wconf 93' lang='lat' dir='ltr'><strong>in</strong></span> <span class='ocrx_word' id='word_1_588' title='bbox 3107 3420 3358 3476; x_wconf 88' lang='lat' dir='ltr'><strong>diversas</strong></span> <span class='ocrx_word' id='word_1_589' title='bbox 3396 3434 3647 3489; x_wconf 89' lang='lat' dir='ltr'><strong>naturas,</strong></span> <span class='ocrx_word' id='word_1_590' title='bbox 3698 3428 4007 3482; x_wconf 89' lang='lat' dir='ltr'><strong>secundum</strong></span> <span class='ocrx_word' id='word_1_591' title='bbox 4056 3446 4160 3485; x_wconf 86' lang='lat' dir='ltr'><strong>eos</strong></span> 
     </span>
    </p>
   </div>
   <div class='ocr_carea' id='block_1_79' title="bbox 2572 3506 4156 3584">
    <p class='ocr_par' dir='ltr' id='par_1_79' title="bbox 2572 3506 4156 3584">
     <span class='ocr_line' id='line_1_79' title="bbox 2572 3506 4156 3584; baseline 0.01 -25"><span class='ocrx_word' id='word_1_592' title='bbox 2572 3506 2669 3574; x_wconf 91' lang='lat' dir='ltr'><strong>qui</strong></span> <span class='ocrx_word' id='word_1_593' title='bbox 2717 3507 2906 3562; x_wconf 90' lang='lat' dir='ltr'><strong>dicere</strong></span> <span class='ocrx_word' id='word_1_594' title='bbox 2937 3509 3165 3571; x_wconf 89' lang='lat' dir='ltr'><strong>audent,</strong></span> <span class='ocrx_word' id='word_1_595' title='bbox 3199 3510 3372 3563; x_wconf 91' lang='lat' dir='ltr'><strong>Deum</strong></span> <span class='ocrx_word' id='word_1_596' title='bbox 3406 3513 3734 3579; x_wconf 87' lang='lat' dir='ltr'><strong>increatum,</strong></span> <span class='ocrx_word' id='word_1_597' title='bbox 3766 3527 3830 3571; x_wconf 86' lang='lat' dir='ltr'><strong>&#39;et</strong></span> <span class='ocrx_word' id='word_1_598' title='bbox 3861 3529 4111 3573; x_wconf 90' lang='lat' dir='ltr'><strong>creatum</strong></span> <span class='ocrx_word' id='word_1_599' title='bbox 4138 3538 4156 3584; x_wconf 87' lang='lat'><strong>;</strong></span> 
     </span>
    </p>
   </div>
   <div class='ocr_carea' id='block_1_80' title="bbox 2572 3598 4156 3666">
    <p class='ocr_par' dir='ltr' id='par_1_80' title="bbox 2572 3598 4156 3666">
     <span class='ocr_line' id='line_1_80' title="bbox 2572 3598 4156 3666; baseline 0.011 -17"><span class='ocrx_word' id='word_1_600' title='bbox 2572 3612 2754 3666; x_wconf 90' lang='lat' dir='ltr'><strong>neque</strong></span> <span class='ocrx_word' id='word_1_601' title='bbox 2804 3598 3066 3666; x_wconf 89' lang='lat' dir='ltr'><strong>partitam</strong></span> <span class='ocrx_word' id='word_1_602' title='bbox 3110 3600 3166 3652; x_wconf 92' lang='lat' dir='ltr'><strong>in</strong></span> <span class='ocrx_word' id='word_1_603' title='bbox 3207 3615 3289 3665; x_wconf 89' lang='lat' dir='ltr'><strong>se,</strong></span> <span class='ocrx_word' id='word_1_604' title='bbox 3324 3603 3632 3657; x_wconf 90' lang='lat' dir='ltr'><strong>secundum</strong></span> <span class='ocrx_word' id='word_1_605' title='bbox 3667 3607 3920 3662; x_wconf 72' lang='lat' dir='ltr'><strong>Ineresim</strong></span> <span class='ocrx_word' id='word_1_606' title='bbox 3959 3626 4156 3665; x_wconf 81' lang='lat' dir='ltr'><strong>recen—</strong></span> 
     </span>
    </p>
   </div>
   <div class='ocr_carea' id='block_1_81' title="bbox 2575 3688 4159 3771">
    <p class='ocr_par' dir='ltr' id='par_1_81' title="bbox 2575 3688 4159 3771">
     <span class='ocr_line' id='line_1_81' title="bbox 2575 3688 4159 3771; baseline 0.009 -30"><span class='ocrx_word' id='word_1_607' title='bbox 2575 3697 2708 3752; x_wconf 87' lang='lat' dir='ltr'><strong>tem,</strong></span> <span class='ocrx_word' id='word_1_608' title='bbox 2754 3688 2808 3743; x_wconf 92' lang='lat' dir='ltr'><strong>in</strong></span> <span class='ocrx_word' id='word_1_609' title='bbox 2862 3699 3052 3757; x_wconf 88' lang='lat' dir='ltr'><strong>partes</strong></span> <span class='ocrx_word' id='word_1_610' title='bbox 3095 3707 3233 3760; x_wconf 88' lang='lat' dir='ltr'><strong>quas</strong></span> <span class='ocrx_word' id='word_1_611' title='bbox 3273 3693 3378 3763; x_wconf 85' lang='lat' dir='ltr'><strong>ipsi</strong></span> <span class='ocrx_word' id='word_1_612' title='bbox 3409 3705 3614 3748; x_wconf 87' lang='lat' dir='ltr'><strong>vocant</strong></span> <span class='ocrx_word' id='word_1_613' title='bbox 3660 3700 4006 3755; x_wconf 85' lang='lat' dir='ltr'><strong>substantias</strong></span> <span class='ocrx_word' id='word_1_614' title='bbox 4032 3719 4159 3771; x_wconf 90' lang='lat' dir='ltr'><strong>spe-</strong></span> 
     </span>
    </p>
   </div>
   <div class='ocr_carea' id='block_1_82' title="bbox 2573 3780 4154 3863">
    <p class='ocr_par' dir='ltr' id='par_1_82' title="bbox 2573 3780 4154 3863">
     <span class='ocr_line' id='line_1_82' title="bbox 2573 3780 4154 3863; baseline 0.01 -31"><span class='ocrx_word' id='word_1_615' title='bbox 2573 3780 2744 3833; x_wconf 89' lang='lat' dir='ltr'><strong>ciales</strong></span> <span class='ocrx_word' id='word_1_616' title='bbox 2788 3781 2906 3835; x_wconf 89' lang='lat' dir='ltr'><strong>sive</strong></span> <span class='ocrx_word' id='word_1_617' title='bbox 2946 3783 3347 3850; x_wconf 88' lang='lat' dir='ltr'><strong>particulares;</strong></span> <span class='ocrx_word' id='word_1_618' title='bbox 3391 3803 3574 3856; x_wconf 88' lang='lat' dir='ltr'><strong>neque</strong></span> <span class='ocrx_word' id='word_1_619' title='bbox 3628 3790 3872 3857; x_wconf 90' lang='lat' dir='ltr'><strong>priorem</strong></span> <span class='ocrx_word' id='word_1_620' title='bbox 3915 3808 3977 3847; x_wconf 88' lang='lat' dir='ltr'><strong>se</strong></span> <span class='ocrx_word' id='word_1_621' title='bbox 4014 3795 4154 3863; x_wconf 89' lang='lat' dir='ltr'><strong>ipsa,</strong></span> 
     </span>
    </p>
   </div>
   <div class='ocr_carea' id='block_1_83' title="bbox 2572 3873 4158 3953">
    <p class='ocr_par' dir='ltr' id='par_1_83' title="bbox 2572 3873 4158 3953">
     <span class='ocr_line' id='line_1_83' title="bbox 2572 3873 4158 3953; baseline 0.009 -29"><span class='ocrx_word' id='word_1_622' title='bbox 2572 3873 2662 3924; x_wconf 85' lang='lat' dir='ltr'><strong>vel</strong></span> <span class='ocrx_word' id='word_1_623' title='bbox 2711 3873 3109 3940; x_wconf 89' lang='lat' dir='ltr'><strong>posteriorem:</strong></span> <span class='ocrx_word' id='word_1_624' title='bbox 3137 3877 3416 3944; x_wconf 90' lang='lat' dir='ltr'><strong>quomodo</strong></span> <span class='ocrx_word' id='word_1_625' title='bbox 3455 3881 3603 3932; x_wconf 90' lang='lat' dir='ltr'><strong>enim</strong></span> <span class='ocrx_word' id='word_1_626' title='bbox 3642 3882 3790 3949; x_wconf 92' lang='lat' dir='ltr'><strong>quod</strong></span> <span class='ocrx_word' id='word_1_627' title='bbox 3823 3891 3909 3935; x_wconf 91' lang='lat' dir='ltr'><strong>est</strong></span> <span class='ocrx_word' id='word_1_628' title='bbox 3941 3899 4001 3936; x_wconf 87' lang='lat' dir='ltr'><strong>se</strong></span> <span class='ocrx_word' id='word_1_629' title='bbox 4035 3885 4158 3953; x_wconf 87' lang='lat' dir='ltr'><strong>ipso</strong></span> 
     </span>
    </p>
   </div>
   <div class='ocr_carea' id='block_1_84' title="bbox 2574 3961 4153 4038">
    <p class='ocr_par' dir='ltr' id='par_1_84' title="bbox 2574 3961 4153 4038">
     <span class='ocr_line' id='line_1_84' title="bbox 2574 3961 4153 4038; baseline 0.011 -27"><span class='ocrx_word' id='word_1_630' title='bbox 2574 3961 2730 4029; x_wconf 89' lang='lat' dir='ltr'><strong>prius</strong></span> <span class='ocrx_word' id='word_1_631' title='bbox 2774 3971 2830 4015; x_wconf 89' lang='lat' dir='ltr'><strong>et</strong></span> <span class='ocrx_word' id='word_1_632' title='bbox 2863 3963 3162 4030; x_wconf 89' lang='lat' dir='ltr'><strong>posterius,</strong></span> <span class='ocrx_word' id='word_1_633' title='bbox 3208 3965 3355 4019; x_wconf 90' lang='lat' dir='ltr'><strong>Deus</strong></span> <span class='ocrx_word' id='word_1_634' title='bbox 3390 3982 3514 4022; x_wconf 91' lang='lat' dir='ltr'><strong>esse</strong></span> <span class='ocrx_word' id='word_1_635' title='bbox 3551 3973 3766 4038; x_wconf 87' lang='lat' dir='ltr'><strong>potest?</strong></span> <span class='ocrx_word' id='word_1_636' title='bbox 3813 3972 3974 4027; x_wconf 89' lang='lat' dir='ltr'><strong>Sicut</strong></span> <span class='ocrx_word' id='word_1_637' title='bbox 4000 3978 4153 4029; x_wconf 84' lang='lat' dir='ltr'><strong>enim</strong></span> 
     </span>
    </p>
   </div>
   <div class='ocr_carea' id='block_1_85' title="bbox 2575 4051 4145 4126">
    <p class='ocr_par' dir='ltr' id='par_1_85' title="bbox 2575 4051 4145 4126">
     <span class='ocr_line' id='line_1_85' title="bbox 2575 4051 4145 4126; baseline 0.01 -24"><span class='ocrx_word' id='word_1_638' title='bbox 2575 4065 2746 4102; x_wconf 88' lang='lat' dir='ltr'><strong>unum</strong></span> <span class='ocrx_word' id='word_1_639' title='bbox 2780 4059 2836 4104; x_wconf 90' lang='lat' dir='ltr'><strong>ct</strong></span> <span class='ocrx_word' id='word_1_640' title='bbox 2883 4051 3026 4104; x_wconf 89' lang='lat' dir='ltr'><strong>idem</strong></span> <span class='ocrx_word' id='word_1_641' title='bbox 3054 4067 3255 4121; x_wconf 85' lang='lat' dir='ltr'><strong>corpus</strong></span> <span class='ocrx_word' id='word_1_642' title='bbox 3280 4057 3455 4108; x_wconf 86' lang='lat' dir='ltr'><strong>senius</strong></span> <span class='ocrx_word' id='word_1_643' title='bbox 3485 4066 3534 4108; x_wconf 88' lang='lat' dir='ltr'><strong>et</strong></span> <span class='ocrx_word' id='word_1_644' title='bbox 3552 4058 3848 4126; x_wconf 81' lang='lat' dir='ltr'><strong>jnvenitius</strong></span> <span class='ocrx_word' id='word_1_645' title='bbox 3884 4062 3998 4116; x_wconf 79' lang='lat' dir='ltr'><strong>dici</strong></span> <span class='ocrx_word' id='word_1_646' title='bbox 4035 4080 4145 4118; x_wconf 90' lang='lat' dir='ltr'><strong>non</strong></span> 
     </span>
    </p>
   </div>
   <div class='ocr_carea' id='block_1_86' title="bbox 2575 4141 4151 4220">
    <p class='ocr_par' dir='ltr' id='par_1_86' title="bbox 2575 4141 4151 4220">
     <span class='ocr_line' id='line_1_86' title="bbox 2575 4141 4151 4220; baseline 0.011 -29"><span class='ocrx_word' id='word_1_647' title='bbox 2575 4148 2785 4208; x_wconf 90' lang='lat' dir='ltr'><strong>potest;</strong></span> <span class='ocrx_word' id='word_1_648' title='bbox 2836 4141 2916 4194; x_wconf 89' lang='lat' dir='ltr'><strong>sic</strong></span> <span class='ocrx_word' id='word_1_649' title='bbox 2949 4158 3092 4196; x_wconf 90' lang='lat' dir='ltr'><strong>unus</strong></span> <span class='ocrx_word' id='word_1_650' title='bbox 3127 4144 3273 4198; x_wconf 89' lang='lat' dir='ltr'><strong>Dens</strong></span> <span class='ocrx_word' id='word_1_651' title='bbox 3306 4146 3400 4213; x_wconf 90' lang='lat' dir='ltr'><strong>qui</strong></span> <span class='ocrx_word' id='word_1_652' title='bbox 3439 4146 3493 4198; x_wconf 92' lang='lat' dir='ltr'><strong>in</strong></span> <span class='ocrx_word' id='word_1_653' title='bbox 3531 4149 3712 4203; x_wconf 90' lang='lat' dir='ltr'><strong>tribus</strong></span> <span class='ocrx_word' id='word_1_654' title='bbox 3754 4154 4014 4220; x_wconf 84' lang='lat' dir='ltr'><strong>personis</strong></span> <span class='ocrx_word' id='word_1_655' title='bbox 4043 4164 4151 4217; x_wconf 90' lang='lat' dir='ltr'><strong>est,</strong></span> 
     </span>
    </p>
   </div>
   <div class='ocr_carea' id='block_1_87' title="bbox 2576 4231 4150 4308">
    <p class='ocr_par' dir='ltr' id='par_1_87' title="bbox 2576 4231 4150 4308">
     <span class='ocr_line' id='line_1_87' title="bbox 2576 4231 4150 4308; baseline 0.01 -25"><span class='ocrx_word' id='word_1_656' title='bbox 2576 4244 2796 4299; x_wconf 88' lang='lat' dir='ltr'><strong>semper</strong></span> <span class='ocrx_word' id='word_1_657' title='bbox 2823 4231 3127 4284; x_wconf 90' lang='lat' dir='ltr'><strong>secundum</strong></span> <span class='ocrx_word' id='word_1_658' title='bbox 3157 4232 3302 4286; x_wconf 90' lang='lat' dir='ltr'><strong>idem</strong></span> <span class='ocrx_word' id='word_1_659' title='bbox 3339 4243 3395 4288; x_wconf 91' lang='lat' dir='ltr'><strong>et</strong></span> <span class='ocrx_word' id='word_1_660' title='bbox 3429 4237 3626 4292; x_wconf 90' lang='lat' dir='ltr'><strong>eodem</strong></span> <span class='ocrx_word' id='word_1_661' title='bbox 3659 4241 3823 4296; x_wconf 91' lang='lat' dir='ltr'><strong>modo</strong></span> <span class='ocrx_word' id='word_1_662' title='bbox 3863 4258 3921 4296; x_wconf 90' lang='lat' dir='ltr'><strong>se</strong></span> <span class='ocrx_word' id='word_1_663' title='bbox 3957 4243 4150 4308; x_wconf 87' lang='lat' dir='ltr'><strong>habet,</strong></span> 
     </span>
    </p>
   </div>
   <div class='ocr_carea' id='block_1_88' title="bbox 2573 4327 4153 4402">
    <p class='ocr_par' dir='ltr' id='par_1_88' title="bbox 2573 4327 4153 4402">
     <span class='ocr_line' id='line_1_88' title="bbox 2573 4327 4153 4402; baseline 0.011 -30"><span class='ocrx_word' id='word_1_664' title='bbox 2573 4334 2922 4389; x_wconf 90' lang='lat' dir='ltr'><strong>nequaquam</strong></span> <span class='ocrx_word' id='word_1_665' title='bbox 2975 4331 3223 4391; x_wconf 90' lang='lat' dir='ltr'><strong>tempore</strong></span> <span class='ocrx_word' id='word_1_666' title='bbox 3272 4341 3400 4379; x_wconf 90' lang='lat' dir='ltr'><strong>cum</strong></span> <span class='ocrx_word' id='word_1_667' title='bbox 3446 4327 3773 4384; x_wconf 82' lang='lat' dir='ltr'><strong>exsistentia</strong></span> <span class='ocrx_word' id='word_1_668' title='bbox 3825 4333 3949 4402; x_wconf 90' lang='lat' dir='ltr'><strong>ejus</strong></span> <span class='ocrx_word' id='word_1_669' title='bbox 3987 4335 4153 4388; x_wconf 90' lang='lat' dir='ltr'><strong>simul</strong></span> 
     </span>
    </p>
   </div>
   <div class='ocr_carea' id='block_1_89' title="bbox 2571 4410 4154 4494">
    <p class='ocr_par' dir='ltr' id='par_1_89' title="bbox 2571 4410 4154 4494">
     <span class='ocr_line' id='line_1_89' title="bbox 2571 4410 4154 4494; baseline 0.012 -32"><span class='ocrx_word' id='word_1_670' title='bbox 2571 4410 2854 4479; x_wconf 83' lang='lat' dir='ltr'><strong>cogitato;</strong></span> <span class='ocrx_word' id='word_1_671' title='bbox 2910 4424 3134 4482; x_wconf 89' lang='lat' dir='ltr'><strong>sumpto</strong></span> <span class='ocrx_word' id='word_1_672' title='bbox 3178 4422 3364 4470; x_wconf 85' lang='lat' dir='ltr'><strong>autem</strong></span> <span class='ocrx_word' id='word_1_673' title='bbox 3399 4421 3658 4489; x_wconf 79' lang='lat' dir='ltr'><strong>exemplo</strong></span> <span class='ocrx_word' id='word_1_674' title='bbox 3703 4438 3768 4476; x_wconf 85' lang='lat' dir='ltr'><strong>ex</strong></span> <span class='ocrx_word' id='word_1_675' title='bbox 3807 4426 4154 4494; x_wconf 85' lang='lat' dir='ltr'><strong>proprietate</strong></span> 
     </span>
    </p>
   </div>
   <div class='ocr_carea' id='block_1_90' title="bbox 900 4502 4153 4586">
    <p class='ocr_par' dir='ltr' id='par_1_90' title="bbox 900 4502 4153 4586">
     <span class='ocr_line' id='line_1_90' title="bbox 900 4502 4153 4586; baseline 0.002 -24"><span class='ocrx_word' id='word_1_676' title='bbox 900 4514 1232 4562; x_wconf 85' lang='lat' dir='ltr'><strong>monstratur</strong></span> <span class='ocrx_word' id='word_1_677' title='bbox 1285 4514 1466 4558; x_wconf 89' lang='lat' dir='ltr'><strong>autem</strong></span> <span class='ocrx_word' id='word_1_678' title='bbox 1516 4504 2061 4558; x_wconf 88' lang='lat' dir='ltr'><strong>consubstantialitas</strong></span> <span class='ocrx_word' id='word_1_679' title='bbox 2113 4518 2212 4572; x_wconf 88' lang='lat' dir='ltr'><strong>per</strong></span> <span class='ocrx_word' id='word_1_680' title='bbox 2248 4503 2477 4571; x_wconf 79' lang='lat' dir='ltr'><strong>c0pula-</strong></span> <span class='ocrx_word' id='word_1_681' title='bbox 2512 4502 2552 4555; x_wconf 95' lang='lat' dir='ltr'><strong>D</strong></span> <span class='ocrx_word' id='word_1_682' title='bbox 2577 4502 2850 4570; x_wconf 87' lang='lat' dir='ltr'><strong>corporis,</strong></span> <span class='ocrx_word' id='word_1_683' title='bbox 2884 4506 3289 4560; x_wconf 82' lang='lat' dir='ltr'><strong>connexionem</strong></span> <span class='ocrx_word' id='word_1_684' title='bbox 3343 4518 3369 4544; x_wconf 80' lang='grc' dir='ltr'><strong>η</strong></span> <span class='ocrx_word' id='word_1_685' title='bbox 3402 4519 3652 4565; x_wconf 90' lang='lat' dir='ltr'><strong>mutuam</strong></span> <span class='ocrx_word' id='word_1_686' title='bbox 3680 4513 3996 4569; x_wconf 87' lang='lat' dir='ltr'><strong>divinarum</strong></span> <span class='ocrx_word' id='word_1_687' title='bbox 4025 4534 4153 4586; x_wconf 85' lang='lat' dir='ltr'><strong>per-</strong></span> 
     </span>
    </p>
   </div>
   <div class='ocr_carea' id='block_1_91' title="bbox 901 4592 2469 4664">
    <p class='ocr_par' dir='ltr' id='par_1_91' title="bbox 901 4592 2469 4664">
     <span class='ocr_line' id='line_1_91' title="bbox 901 4592 2469 4664; baseline -0.004 -11"><span class='ocrx_word' id='word_1_688' title='bbox 901 4600 1109 4653; x_wconf 82' lang='lat' dir='ltr'><strong>tionem</strong></span> <span class='ocrx_word' id='word_1_689' title='bbox 1169 4597 1332 4650; x_wconf 90' lang='lat' dir='ltr'><strong>simul</strong></span> <span class='ocrx_word' id='word_1_690' title='bbox 1387 4605 1443 4648; x_wconf 82' lang='lat' dir='ltr'><strong>et</strong></span> <span class='ocrx_word' id='word_1_691' title='bbox 1494 4594 1982 4664; x_wconf 87' lang='lat' dir='ltr'><strong>cooperationem:</strong></span> <span class='ocrx_word' id='word_1_692' title='bbox 2046 4592 2227 4655; x_wconf 84' lang='lat' dir='ltr'><strong>Verbo,</strong></span> <span class='ocrx_word' id='word_1_693' title='bbox 2269 4593 2469 4662; x_wconf 90' lang='lat' dir='ltr'><strong>inquit,</strong></span> 
     </span>
    </p>
   </div>
   <div class='ocr_carea' id='block_1_92' title="bbox 899 4685 2471 4754">
    <p class='ocr_par' dir='ltr' id='par_1_92' title="bbox 899 4685 2471 4754">
     <span class='ocr_line' id='line_1_92' title="bbox 899 4685 2471 4754; baseline -0.002 -13"><span class='ocrx_word' id='word_1_694' title='bbox 899 4689 1114 4742; x_wconf 87' lang='lat' dir='ltr'><strong>Domini</strong></span> <span class='ocrx_word' id='word_1_695' title='bbox 1136 4686 1249 4739; x_wconf 74' lang='grc' dir='ltr'><strong>(εωιὶ</strong></span> <span class='ocrx_word' id='word_1_696' title='bbox 1270 4685 1474 4753; x_wconf 78' lang='lat' dir='ltr'><strong>ﬁrmati</strong></span> <span class='ocrx_word' id='word_1_697' title='bbox 1506 4692 1650 4746; x_wconf 86' lang='lat' dir='ltr'><strong>sunt,</strong></span> <span class='ocrx_word' id='word_1_698' title='bbox 1691 4697 1739 4736; x_wconf 91' lang='lat' dir='ltr'><strong>et</strong></span> <span class='ocrx_word' id='word_1_699' title='bbox 1759 4686 1947 4754; x_wconf 83' lang='lat' dir='ltr'><strong>spiritu</strong></span> <span class='ocrx_word' id='word_1_700' title='bbox 2004 4685 2110 4738; x_wconf 88' lang='lat' dir='ltr'><strong>oris</strong></span> <span class='ocrx_word' id='word_1_701' title='bbox 2141 4686 2256 4754; x_wconf 84' lang='lat' dir='ltr'><strong>ejus</strong></span> <span class='ocrx_word' id='word_1_702' title='bbox 2302 4687 2471 4738; x_wconf 87' lang='lat' dir='ltr'><strong>omnis</strong></span> 
     </span>
    </p>
   </div>
   <div class='ocr_carea' id='block_1_93' title="bbox 897 4773 2471 4830">
    <p class='ocr_par' dir='ltr' id='par_1_93' title="bbox 897 4773 2471 4830">
     <span class='ocr_line' id='line_1_93' title="bbox 897 4773 2471 4830; baseline -0.001 0"><span class='ocrx_word' id='word_1_703' title='bbox 897 4779 1063 4830; x_wconf 79' lang='lat' dir='ltr'><strong>rirtus</strong></span> <span class='ocrx_word' id='word_1_704' title='bbox 1114 4791 1294 4828; x_wconf 82' lang='lat' dir='ltr'><strong>eorum</strong></span> <span class='ocrx_word' id='word_1_705' title='bbox 1319 4776 1386 4828; x_wconf 82' lang='grc'><strong>³⁸.</strong></span> <span class='ocrx_word' id='word_1_706' title='bbox 1448 4773 1606 4829; x_wconf 88' lang='lat' dir='ltr'><strong>Unde</strong></span> <span class='ocrx_word' id='word_1_707' title='bbox 1637 4789 1834 4827; x_wconf 90' lang='lat' dir='ltr'><strong>manus</strong></span> <span class='ocrx_word' id='word_1_708' title='bbox 1863 4775 1959 4828; x_wconf 90' lang='lat' dir='ltr'><strong>Dei</strong></span> <span class='ocrx_word' id='word_1_709' title='bbox 1995 4782 2157 4826; x_wconf 89' lang='lat' dir='ltr'><strong>vocat</strong></span> <span class='ocrx_word' id='word_1_710' title='bbox 2186 4773 2384 4827; x_wconf 87' lang='lat' dir='ltr'><strong>Filium</strong></span> <span class='ocrx_word' id='word_1_711' title='bbox 2415 4785 2471 4829; x_wconf 86' lang='lat' dir='ltr'><strong>et</strong></span> 
     </span>
    </p>
   </div>
   <div class='ocr_carea' id='block_1_94' title="bbox 899 4865 2466 4937">
    <p class='ocr_par' dir='ltr' id='par_1_94' title="bbox 899 4865 2466 4937">
     <span class='ocr_line' id='line_1_94' title="bbox 899 4865 2466 4937; baseline -0.001 -16"><span class='ocrx_word' id='word_1_712' title='bbox 899 4867 1168 4937; x_wconf 87' lang='lat' dir='ltr'><strong>Spiritum</strong></span> <span class='ocrx_word' id='word_1_713' title='bbox 1206 4873 1456 4919; x_wconf 87' lang='lat' dir='ltr'><strong>sanetum</strong></span> <span class='ocrx_word' id='word_1_714' title='bbox 1473 4865 1668 4920; x_wconf 91' lang='lat' dir='ltr'><strong>beatus</strong></span> <span class='ocrx_word' id='word_1_715' title='bbox 1696 4865 1887 4928; x_wconf 85' lang='lat' dir='ltr'><strong>David,</strong></span> <span class='ocrx_word' id='word_1_716' title='bbox 1909 4880 2035 4918; x_wconf 90' lang='lat' dir='ltr'><strong>cum</strong></span> <span class='ocrx_word' id='word_1_717' title='bbox 2052 4865 2130 4918; x_wconf 91' lang='lat' dir='ltr'><strong>ait</strong></span> <span class='ocrx_word' id='word_1_718' title='bbox 2162 4865 2216 4917; x_wconf 90' lang='lat' dir='ltr'><strong>in</strong></span> <span class='ocrx_word' id='word_1_719' title='bbox 2237 4866 2466 4934; x_wconf 90' lang='lat' dir='ltr'><strong>psalmo:</strong></span> 
     </span>
    </p>
   </div>
   <div class='ocr_carea' id='block_1_95' title="bbox 898 4953 2471 5023">
    <p class='ocr_par' dir='ltr' id='par_1_95' title="bbox 898 4953 2471 5023">
     <span class='ocr_line' id='line_1_95' title="bbox 898 4953 2471 5023; baseline -0.001 -14"><span class='ocrx_word' id='word_1_720' title='bbox 898 4956 1215 5010; x_wconf 76' lang='lat' dir='ltr'><strong>Mannstua:</strong></span> <span class='ocrx_word' id='word_1_721' title='bbox 1242 4954 1477 5023; x_wconf 78' lang='lat' dir='ltr'><strong>fecerunt</strong></span> <span class='ocrx_word' id='word_1_722' title='bbox 1525 4968 1606 5005; x_wconf 85' lang='lat' dir='ltr'><strong>me</strong></span> <span class='ocrx_word' id='word_1_723' title='bbox 1648 4961 1698 5004; x_wconf 91' lang='lat' dir='ltr'><strong>et</strong></span> <span class='ocrx_word' id='word_1_724' title='bbox 1751 4953 2150 5022; x_wconf 81' lang='lat' dir='ltr'><strong>ptasmavernnt</strong></span> <span class='ocrx_word' id='word_1_725' title='bbox 2207 4969 2289 5005; x_wconf 87' lang='lat' dir='ltr'><strong>me</strong></span> <span class='ocrx_word' id='word_1_726' title='bbox 2309 4955 2386 5017; x_wconf 74' lang='lat'><strong>&#39;7;</strong></span> <span class='ocrx_word' id='word_1_727' title='bbox 2414 4961 2471 5007; x_wconf 90' lang='lat' dir='ltr'><strong>et</strong></span> 
     </span>
    </p>
   </div>
   <div class='ocr_carea' id='block_1_96' title="bbox 901 5044 2471 5113">
    <p class='ocr_par' dir='ltr' id='par_1_96' title="bbox 901 5044 2471 5113">
     <span class='ocr_line' id='line_1_96' title="bbox 901 5044 2471 5113; baseline -0.003 -12"><span class='ocrx_word' id='word_1_728' title='bbox 901 5061 1126 5101; x_wconf 85' lang='lat' dir='ltr'><strong>rursus:</strong></span> <span class='ocrx_word' id='word_1_729' title='bbox 1166 5045 1372 5108; x_wconf 84' lang='lat' dir='ltr'><strong>Videbo,</strong></span> <span class='ocrx_word' id='word_1_730' title='bbox 1402 5045 1600 5112; x_wconf 90' lang='lat' dir='ltr'><strong>inquit,</strong></span> <span class='ocrx_word' id='word_1_731' title='bbox 1629 5044 1783 5098; x_wconf 72' lang='lat' dir='ltr'><strong>certos</strong></span> <span class='ocrx_word' id='word_1_732' title='bbox 1814 5061 1975 5108; x_wconf 85' lang='lat' dir='ltr'><strong>opera</strong></span> <span class='ocrx_word' id='word_1_733' title='bbox 2024 5045 2308 5113; x_wconf 82' lang='lat' dir='ltr'><strong>digitorum</strong></span> <span class='ocrx_word' id='word_1_734' title='bbox 2350 5054 2471 5097; x_wconf 84' lang='lat' dir='ltr'><strong>tuo-</strong></span> 
     </span>
    </p>
   </div>
   <div class='ocr_carea' id='block_1_97' title="bbox 974 5203 2255 5266">
    <p class='ocr_par' dir='ltr' id='par_1_97' title="bbox 974 5203 2255 5266">
     <span class='ocr_line' id='line_1_97' title="bbox 974 5203 2255 5266; baseline 0.002 -7"><span class='ocrx_word' id='word_1_735' title='bbox 974 5207 1016 5236; x_wconf 77' lang='lat'><strong>&quot;</strong></span> <span class='ocrx_word' id='word_1_736' title='bbox 1061 5205 1204 5259; x_wconf 84' lang='lat' dir='ltr'><strong>Psal.</strong></span> <span class='ocrx_word' id='word_1_737' title='bbox 1231 5220 1442 5266; x_wconf 64' lang='lat' dir='ltr'><strong>currv,</strong></span> <span class='ocrx_word' id='word_1_738' title='bbox 1511 5205 1564 5259; x_wconf 85' lang='lat'><strong>6.</strong></span> <span class='ocrx_word' id='word_1_739' title='bbox 1665 5203 1712 5236; x_wconf 73' lang='grc'>⁸⁸</span> <span class='ocrx_word' id='word_1_740' title='bbox 1754 5206 1899 5260; x_wconf 86' lang='lat' dir='ltr'><strong>Psal.</strong></span> <span class='ocrx_word' id='word_1_741' title='bbox 1946 5220 2159 5260; x_wconf 78' lang='lat' dir='ltr'><strong>cxmu.</strong></span> <span class='ocrx_word' id='word_1_742' title='bbox 2202 5209 2255 5262; x_wconf 83' lang='lat'><strong>5.</strong></span> 
     </span>
    </p>
   </div>
   <div class='ocr_carea' id='block_1_98' title="bbox 904 5274 1758 5337">
    <p class='ocr_par' dir='ltr' id='par_1_98' title="bbox 904 5274 1758 5337">
     <span class='ocr_line' id='line_1_98' title="bbox 904 5274 1758 5337; baseline -0.001 -8"><span class='ocrx_word' id='word_1_743' title='bbox 904 5277 990 5330; x_wconf 84' lang='lat' dir='ltr'><strong>ll.</strong></span> <span class='ocrx_word' id='word_1_744' title='bbox 1065 5277 1110 5307; x_wconf 84' lang='lat'><strong>&quot;</strong></span> <span class='ocrx_word' id='word_1_745' title='bbox 1150 5274 1294 5328; x_wconf 85' lang='lat' dir='ltr'><strong>Psal.</strong></span> <span class='ocrx_word' id='word_1_746' title='bbox 1373 5290 1622 5337; x_wconf 74' lang='lat' dir='ltr'><strong>Luxvut,</strong></span> <span class='ocrx_word' id='word_1_747' title='bbox 1673 5275 1758 5328; x_wconf 74' lang='lat'><strong>16.</strong></span> 
     </span>
    </p>
   </div>
   <div class='ocr_carea' id='block_1_99' title="bbox 905 5343 1521 5469">
    <p class='ocr_par' dir='ltr' id='par_1_99' title="bbox 905 5343 1521 5469">
     <span class='ocr_line' id='line_1_99' title="bbox 905 5343 1521 5402; baseline -0.003 -4"><span class='ocrx_word' id='word_1_748' title='bbox 905 5347 990 5399; x_wconf 77' lang='lat'><strong>73.</strong></span> <span class='ocrx_word' id='word_1_749' title='bbox 1069 5343 1113 5375; x_wconf 88' lang='grc'><strong><em>⁵⁸</em></strong></span> <span class='ocrx_word' id='word_1_750' title='bbox 1137 5344 1278 5398; x_wconf 83' lang='lat' dir='ltr'><strong>Psal.</strong></span> <span class='ocrx_word' id='word_1_751' title='bbox 1311 5360 1425 5402; x_wconf 88' lang='lat' dir='ltr'><strong>vnt,</strong></span> <span class='ocrx_word' id='word_1_752' title='bbox 1468 5345 1521 5396; x_wconf 70' lang='grc'><strong>4.</strong></span> 
     </span>
     <span class='ocr_line' id='line_1_100' title="bbox 905 5413 1498 5469; baseline 0.003 -2"><span class='ocrx_word' id='word_1_753' title='bbox 905 5416 1027 5469; x_wconf 77' lang='grc'><strong>109.</strong></span> <span class='ocrx_word' id='word_1_754' title='bbox 1103 5413 1148 5444; x_wconf 65' lang='grc'>⁸⁸</span> <span class='ocrx_word' id='word_1_755' title='bbox 1180 5413 1280 5466; x_wconf 86' lang='lat' dir='ltr'><strong>Isa.</strong></span> <span class='ocrx_word' id='word_1_756' title='bbox 1314 5428 1498 5469; x_wconf 76' lang='grc' dir='ltr'>ιινιιι.</span> 
     </span>
    </p>
   </div>
   <div class='ocr_carea' id='block_1_100' title="bbox 1837 5274 2388 5337">
    <p class='ocr_par' dir='ltr' id='par_1_100' title="bbox 1837 5274 2388 5337">
     <span class='ocr_line' id='line_1_101' title="bbox 1837 5274 2388 5337; baseline 0.002 -10"><span class='ocrx_word' id='word_1_757' title='bbox 1837 5274 1881 5305; x_wconf 69' lang='grc'><strong>⁵⁸</strong></span> <span class='ocrx_word' id='word_1_758' title='bbox 1929 5276 2032 5328; x_wconf 89' lang='lat' dir='ltr'><strong>Isa.</strong></span> <span class='ocrx_word' id='word_1_759' title='bbox 2105 5292 2252 5337; x_wconf 75' lang='grc' dir='ltr'>ιιιιι.</span> <span class='ocrx_word' id='word_1_760' title='bbox 2305 5278 2388 5331; x_wconf 71' lang='grc' dir='ltr'><strong>Μ.</strong></span> 
     </span>
    </p>
   </div>
   <div class='ocr_carea' id='block_1_101' title="bbox 1598 5344 2148 5408">
    <p class='ocr_par' dir='ltr' id='par_1_101' title="bbox 1598 5344 2148 5408">
     <span class='ocr_line' id='line_1_102' title="bbox 1598 5344 2148 5408; baseline 0.002 -10"><span class='ocrx_word' id='word_1_761' title='bbox 1598 5346 1642 5376; x_wconf 87' lang='lat'>&quot;</span> <span class='ocrx_word' id='word_1_762' title='bbox 1671 5344 1844 5398; x_wconf 73' lang='lat' dir='ltr'><strong>Exod.</strong></span> <span class='ocrx_word' id='word_1_763' title='bbox 1869 5360 2014 5408; x_wconf 69' lang='lat' dir='ltr'><strong>sui,</strong></span> <span class='ocrx_word' id='word_1_764' title='bbox 2063 5345 2148 5399; x_wconf 82' lang='lat' dir='ltr'><strong>I8.</strong></span> 
     </span>
    </p>
   </div>
   <div class='ocr_carea' id='block_1_102' title="bbox 1103 5413 2116 5481">
    <p class='ocr_par' dir='ltr' id='par_1_102' title="bbox 1103 5413 2116 5481">
     <span class='ocr_line' id='line_1_103' title="bbox 1103 5413 2116 5481; baseline 0.001 -15"><span class='ocrx_word' id='word_1_765' title='bbox 1103 5413 1148 5444; x_wconf 78' lang='lat'><strong>“</strong></span> <span class='ocrx_word' id='word_1_766' title='bbox 1180 5413 1280 5466; x_wconf 90' lang='lat' dir='ltr'><strong>Isa.</strong></span> <span class='ocrx_word' id='word_1_767' title='bbox 1314 5428 1498 5478; x_wconf 69' lang='lat' dir='ltr'><strong>sunt,</strong></span> <span class='ocrx_word' id='word_1_768' title='bbox 1531 5415 1615 5468; x_wconf 83' lang='lat' dir='ltr'><strong>I5.</strong></span> <span class='ocrx_word' id='word_1_769' title='bbox 1692 5415 1739 5446; x_wconf 86' lang='lat'><strong>&quot;</strong></span> <span class='ocrx_word' id='word_1_770' title='bbox 1761 5415 1863 5468; x_wconf 90' lang='lat' dir='ltr'><strong>Isa.</strong></span> <span class='ocrx_word' id='word_1_771' title='bbox 1902 5429 2041 5481; x_wconf 78' lang='lat' dir='ltr'><strong>wa,</strong></span> <span class='ocrx_word' id='word_1_772' title='bbox 2064 5415 2116 5468; x_wconf 75' lang='lat'><strong>2.</strong></span> 
     </span>
    </p>
   </div>
   <div class='ocr_carea' id='block_1_103' title="bbox 2340 5206 2654 5262">
    <p class='ocr_par' dir='ltr' id='par_1_103' title="bbox 2340 5206 2654 5262">
     <span class='ocr_line' id='line_1_104' title="bbox 2340 5206 2654 5262; baseline 0.006 -2"><span class='ocrx_word' id='word_1_773' title='bbox 2340 5207 2386 5238; x_wconf 71' lang='grc' dir='ltr'><strong>δ’</strong></span> <span class='ocrx_word' id='word_1_774' title='bbox 2409 5206 2567 5261; x_wconf 80' lang='lat' dir='ltr'><strong>Joan.</strong></span> <span class='ocrx_word' id='word_1_775' title='bbox 2599 5223 2654 5262; x_wconf 72' lang='grc' dir='ltr'><strong>ν.</strong></span> 
     </span>
    </p>
   </div>
   <div class='ocr_carea' id='block_1_104' title="bbox 2466 5278 2999 5343">
    <p class='ocr_par' dir='ltr' id='par_1_104' title="bbox 2466 5278 2999 5343">
     <span class='ocr_line' id='line_1_105' title="bbox 2466 5278 2999 5343; baseline 0.009 -14"><span class='ocrx_word' id='word_1_776' title='bbox 2466 5279 2511 5307; x_wconf 82' lang='grc'><strong>⁸⁸</strong></span> <span class='ocrx_word' id='word_1_777' title='bbox 2557 5278 2697 5332; x_wconf 85' lang='lat' dir='ltr'><strong>Psal.</strong></span> <span class='ocrx_word' id='word_1_778' title='bbox 2725 5293 2885 5343; x_wconf 68' lang='lat' dir='ltr'><strong>cun,</strong></span> <span class='ocrx_word' id='word_1_779' title='bbox 2913 5280 2999 5334; x_wconf 72' lang='lat'><strong>10.</strong></span> 
     </span>
    </p>
   </div>
   <div class='ocr_carea' id='block_1_105' title="bbox 2225 5346 2653 5406">
    <p class='ocr_par' dir='ltr' id='par_1_105' title="bbox 2225 5346 2653 5406">
     <span class='ocr_line' id='line_1_106' title="bbox 2225 5346 2653 5406; baseline 0.002 -7"><span class='ocrx_word' id='word_1_780' title='bbox 2225 5347 2269 5377; x_wconf 86' lang='grc'><strong>⁶⁰</strong></span> <span class='ocrx_word' id='word_1_781' title='bbox 2293 5346 2426 5400; x_wconf 87' lang='lat' dir='ltr'><strong>Luc.</strong></span> <span class='ocrx_word' id='word_1_782' title='bbox 2448 5362 2524 5406; x_wconf 74' lang='lat' dir='ltr'><strong>xu,</strong></span> <span class='ocrx_word' id='word_1_783' title='bbox 2563 5347 2653 5400; x_wconf 74' lang='grc'><strong>20.</strong></span> 
     </span>
    </p>
   </div>
   <div class='ocr_carea' id='block_1_106' title="bbox 2223 5416 2751 5482">
    <p class='ocr_par' dir='ltr' id='par_1_106' title="bbox 2223 5416 2751 5482">
     <span class='ocr_line' id='line_1_107' title="bbox 2223 5416 2751 5482; baseline 0.002 -12"><span class='ocrx_word' id='word_1_784' title='bbox 2223 5416 2270 5446; x_wconf 82' lang='grc'><strong>⁸⁸</strong></span> <span class='ocrx_word' id='word_1_785' title='bbox 2309 5416 2449 5470; x_wconf 85' lang='lat' dir='ltr'><strong>Psal.</strong></span> <span class='ocrx_word' id='word_1_786' title='bbox 2492 5432 2658 5482; x_wconf 67' lang='grc' dir='ltr'>χχχιι,</span> <span class='ocrx_word' id='word_1_787' title='bbox 2698 5417 2751 5471; x_wconf 84' lang='grc'><strong>6.</strong></span> 
     </span>
    </p>
   </div>
   <div class='ocr_carea' id='block_1_107' title="bbox 2575 4599 4156 4667">
    <p class='ocr_par' dir='ltr' id='par_1_107' title="bbox 2575 4599 4156 4667">
     <span class='ocr_line' id='line_1_108' title="bbox 2575 4599 4156 4667; baseline 0.01 -21"><span class='ocrx_word' id='word_1_788' title='bbox 2575 4608 2839 4647; x_wconf 92' lang='lat' dir='ltr'><strong>sonarum</strong></span> <span class='ocrx_word' id='word_1_789' title='bbox 2880 4611 2979 4663; x_wconf 86' lang='lat' dir='ltr'><strong>per</strong></span> <span class='ocrx_word' id='word_1_790' title='bbox 3031 4599 3447 4666; x_wconf 89' lang='lat' dir='ltr'><strong>proportionem</strong></span> <span class='ocrx_word' id='word_1_791' title='bbox 3498 4603 3904 4667; x_wconf 89' lang='lat' dir='ltr'><strong>membrorum.</strong></span> <span class='ocrx_word' id='word_1_792' title='bbox 3953 4618 4014 4662; x_wconf 88' lang='lat' dir='ltr'><strong>et</strong></span> <span class='ocrx_word' id='word_1_793' title='bbox 4070 4625 4156 4662; x_wconf 79' lang='lat' dir='ltr'><strong>as-</strong></span> 
     </span>
    </p>
   </div>
   <div class='ocr_carea' id='block_1_108' title="bbox 2575 4683 4154 4767">
    <p class='ocr_par' dir='ltr' id='par_1_108' title="bbox 2575 4683 4154 4767">
     <span class='ocr_line' id='line_1_109' title="bbox 2575 4683 4154 4767; baseline 0.011 -32"><span class='ocrx_word' id='word_1_794' title='bbox 2575 4683 2968 4737; x_wconf 90' lang='lat' dir='ltr'><strong>similationem</strong></span> <span class='ocrx_word' id='word_1_795' title='bbox 3019 4689 3555 4756; x_wconf 70' lang='lat' dir='ltr'><strong>reprmsentavimus.</strong></span> <span class='ocrx_word' id='word_1_796' title='bbox 3593 4691 3685 4746; x_wconf 91' lang='lat' dir='ltr'><strong>Sic</strong></span> <span class='ocrx_word' id='word_1_797' title='bbox 3739 4695 3888 4749; x_wconf 89' lang='lat' dir='ltr'><strong>enim</strong></span> <span class='ocrx_word' id='word_1_798' title='bbox 3934 4700 4154 4767; x_wconf 73' lang='lat' dir='ltr'><strong>spiritus</strong></span> 
     </span>
    </p>
   </div>
   <div class='ocr_carea' id='block_1_109' title="bbox 2574 4774 4152 4856">
    <p class='ocr_par' dir='ltr' id='par_1_109' title="bbox 2574 4774 4152 4856">
     <span class='ocr_line' id='line_1_110' title="bbox 2574 4774 4152 4856; baseline 0.013 -31"><span class='ocrx_word' id='word_1_799' title='bbox 2574 4774 2680 4826; x_wconf 89' lang='lat' dir='ltr'><strong>oris</strong></span> <span class='ocrx_word' id='word_1_800' title='bbox 2715 4774 2829 4842; x_wconf 85' lang='lat' dir='ltr'><strong>ejus</strong></span> <span class='ocrx_word' id='word_1_801' title='bbox 2863 4775 2929 4839; x_wconf 82' lang='grc'><strong>⁸⁸,</strong></span> <span class='ocrx_word' id='word_1_802' title='bbox 2982 4776 3035 4828; x_wconf 84' lang='lat' dir='ltr'><strong>id</strong></span> <span class='ocrx_word' id='word_1_803' title='bbox 3067 4785 3152 4831; x_wconf 86' lang='lat' dir='ltr'><strong>est</strong></span> <span class='ocrx_word' id='word_1_804' title='bbox 3197 4779 3316 4844; x_wconf 92' lang='lat' dir='ltr'><strong>Dei,</strong></span> <span class='ocrx_word' id='word_1_805' title='bbox 3352 4781 3562 4836; x_wconf 89' lang='lat' dir='ltr'><strong>dicitur</strong></span> <span class='ocrx_word' id='word_1_806' title='bbox 3613 4783 3858 4853; x_wconf 89' lang='lat' dir='ltr'><strong>Spiritus</strong></span> <span class='ocrx_word' id='word_1_807' title='bbox 3888 4799 4152 4856; x_wconf 87' lang='lat' dir='ltr'><strong>sanctus;</strong></span> 
     </span>
    </p>
   </div>
   <div class='ocr_carea' id='block_1_110' title="bbox 2575 4869 4154 4947">
    <p class='ocr_par' dir='ltr' id='par_1_110' title="bbox 2575 4869 4154 4947">
     <span class='ocr_line' id='line_1_111' title="bbox 2575 4869 4154 4947; baseline 0.012 -30"><span class='ocrx_word' id='word_1_808' title='bbox 2575 4878 2640 4917; x_wconf 90' lang='lat' dir='ltr'><strong>os</strong></span> <span class='ocrx_word' id='word_1_809' title='bbox 2678 4875 2862 4919; x_wconf 88' lang='lat' dir='ltr'><strong>autem</strong></span> <span class='ocrx_word' id='word_1_810' title='bbox 2920 4876 3006 4921; x_wconf 90' lang='lat' dir='ltr'><strong>est</strong></span> <span class='ocrx_word' id='word_1_811' title='bbox 3040 4869 3368 4939; x_wconf 85' lang='lat' dir='ltr'><strong>Unigenitus</strong></span> <span class='ocrx_word' id='word_1_812' title='bbox 3399 4891 3412 4926; x_wconf 95' lang='lat'><strong>:</strong></span> <span class='ocrx_word' id='word_1_813' title='bbox 3446 4889 3510 4928; x_wconf 91' lang='lat' dir='ltr'><strong>ac</strong></span> <span class='ocrx_word' id='word_1_814' title='bbox 3544 4891 3740 4931; x_wconf 90' lang='lat' dir='ltr'><strong>rursus</strong></span> <span class='ocrx_word' id='word_1_815' title='bbox 3789 4877 4037 4947; x_wconf 89' lang='lat' dir='ltr'><strong>Spiritus</strong></span> <span class='ocrx_word' id='word_1_816' title='bbox 4087 4899 4154 4936; x_wconf 78' lang='lat' dir='ltr'><strong>ex</strong></span> 
     </span>
    </p>
   </div>
   <div class='ocr_carea' id='block_1_111' title="bbox 2577 4954 4156 5035">
    <p class='ocr_par' dir='ltr' id='par_1_111' title="bbox 2577 4954 4156 5035">
     <span class='ocr_line' id='line_1_112' title="bbox 2577 4954 4156 5035; baseline 0.011 -26"><span class='ocrx_word' id='word_1_817' title='bbox 2577 4954 2699 5023; x_wconf 89' lang='lat' dir='ltr'><strong>ipso</strong></span> <span class='ocrx_word' id='word_1_818' title='bbox 2723 4956 3056 5025; x_wconf 90' lang='lat' dir='ltr'><strong>procedens,</strong></span> <span class='ocrx_word' id='word_1_819' title='bbox 3088 4968 3145 5013; x_wconf 91' lang='lat' dir='ltr'><strong>et</strong></span> <span class='ocrx_word' id='word_1_820' title='bbox 3179 4962 3384 5017; x_wconf 88' lang='lat' dir='ltr'><strong>missus</strong></span> <span class='ocrx_word' id='word_1_821' title='bbox 3414 4980 3524 5019; x_wconf 89' lang='lat' dir='ltr'><strong>non</strong></span> <span class='ocrx_word' id='word_1_822' title='bbox 3556 4968 3737 5020; x_wconf 90' lang='lat' dir='ltr'><strong>solum</strong></span> <span class='ocrx_word' id='word_1_823' title='bbox 3765 4983 3794 5022; x_wconf 86' lang='lat' dir='ltr'><strong>a</strong></span> <span class='ocrx_word' id='word_1_824' title='bbox 3834 4969 4020 5035; x_wconf 87' lang='lat' dir='ltr'><strong>Patre,</strong></span> <span class='ocrx_word' id='word_1_825' title='bbox 4059 4973 4156 5026; x_wconf 88' lang='lat' dir='ltr'><strong>sed</strong></span> 
     </span>
    </p>
   </div>
   <div class='ocr_carea' id='block_1_112' title="bbox 2578 5045 4156 5122">
    <p class='ocr_par' dir='ltr' id='par_1_112' title="bbox 2578 5045 4156 5122">
     <span class='ocr_line' id='line_1_113' title="bbox 2578 5045 4156 5122; baseline 0.011 -24"><span class='ocrx_word' id='word_1_826' title='bbox 2578 5060 2608 5098; x_wconf 88' lang='lat' dir='ltr'><strong>a</strong></span> <span class='ocrx_word' id='word_1_827' title='bbox 2663 5045 2825 5110; x_wconf 89' lang='lat' dir='ltr'><strong>Filio,</strong></span> <span class='ocrx_word' id='word_1_828' title='bbox 2877 5049 3023 5101; x_wconf 91' lang='lat' dir='ltr'><strong>sicut</strong></span> <span class='ocrx_word' id='word_1_829' title='bbox 3058 5051 3136 5104; x_wconf 92' lang='lat' dir='ltr'><strong>ait</strong></span> <span class='ocrx_word' id='word_1_830' title='bbox 3168 5052 3287 5122; x_wconf 86' lang='lat' dir='ltr'><strong>ipse</strong></span> <span class='ocrx_word' id='word_1_831' title='bbox 3315 5054 3951 5114; x_wconf 71' lang='lat' dir='ltr'><strong>Dominuszl’araeletus</strong></span> <span class='ocrx_word' id='word_1_832' title='bbox 3977 5074 4156 5116; x_wconf 80' lang='lat' dir='ltr'><strong>autem</strong></span> 
     </span>
    </p>
   </div>
   <div class='ocr_carea' id='block_1_113' title="bbox 2731 5207 3834 5280">
    <p class='ocr_par' dir='ltr' id='par_1_113' title="bbox 2731 5207 3834 5280">
     <span class='ocr_line' id='line_1_114' title="bbox 2731 5207 3834 5280; baseline 0.006 -19"><span class='ocrx_word' id='word_1_833' title='bbox 2731 5209 2778 5240; x_wconf 80' lang='lat'><strong>”</strong></span> <span class='ocrx_word' id='word_1_834' title='bbox 2808 5207 2968 5263; x_wconf 84' lang='lat' dir='ltr'><strong>Joan.</strong></span> <span class='ocrx_word' id='word_1_835' title='bbox 3001 5227 3095 5270; x_wconf 84' lang='lat' dir='ltr'><strong>xu.</strong></span> <span class='ocrx_word' id='word_1_836' title='bbox 3122 5212 3209 5267; x_wconf 65' lang='lat' dir='ltr'><strong>i9.</strong></span> <span class='ocrx_word' id='word_1_837' title='bbox 3287 5216 3329 5246; x_wconf 84' lang='lat'><strong>&quot;</strong></span> <span class='ocrx_word' id='word_1_838' title='bbox 3390 5217 3531 5272; x_wconf 89' lang='lat' dir='ltr'><strong>Psal.</strong></span> <span class='ocrx_word' id='word_1_839' title='bbox 3565 5234 3725 5280; x_wconf 77' lang='lat' dir='ltr'><strong>xxxv,</strong></span> <span class='ocrx_word' id='word_1_840' title='bbox 3750 5217 3834 5270; x_wconf 82' lang='lat' dir='ltr'><strong>It).</strong></span> 
     </span>
    </p>
   </div>
   <div class='ocr_carea' id='block_1_114' title="bbox 3077 5285 3644 5345">
    <p class='ocr_par' dir='ltr' id='par_1_114' title="bbox 3077 5285 3644 5345">
     <span class='ocr_line' id='line_1_115' title="bbox 3077 5285 3644 5345; baseline 0.014 -8"><span class='ocrx_word' id='word_1_841' title='bbox 3077 5285 3124 5316; x_wconf 81' lang='lat'><strong>&quot;</strong></span> <span class='ocrx_word' id='word_1_842' title='bbox 3177 5285 3316 5339; x_wconf 83' lang='lat' dir='ltr'><strong>Psal.</strong></span> <span class='ocrx_word' id='word_1_843' title='bbox 3373 5303 3538 5341; x_wconf 63' lang='grc' dir='ltr'>χχιιι.</span> <span class='ocrx_word' id='word_1_844' title='bbox 3589 5290 3644 5345; x_wconf 84' lang='lat'><strong>6.</strong></span> 
     </span>
    </p>
   </div>
   <div class='ocr_carea' id='block_1_115' title="bbox 2731 5349 3643 5423">
    <p class='ocr_par' dir='ltr' id='par_1_115' title="bbox 2731 5349 3643 5423">
     <span class='ocr_line' id='line_1_116' title="bbox 2731 5349 3643 5423; baseline 0.013 -21"><span class='ocrx_word' id='word_1_845' title='bbox 2731 5351 2772 5379; x_wconf 83' lang='grc'><strong>⁶¹</strong></span> <span class='ocrx_word' id='word_1_846' title='bbox 2797 5349 2988 5404; x_wconf 75' lang='lat' dir='ltr'><strong>Matth.</strong></span> <span class='ocrx_word' id='word_1_847' title='bbox 3023 5353 3224 5416; x_wconf 71' lang='lat' dir='ltr'><strong>1n,28.</strong></span> <span class='ocrx_word' id='word_1_848' title='bbox 3299 5356 3464 5411; x_wconf 81' lang='lat' dir='ltr'><strong>&quot;Job</strong></span> <span class='ocrx_word' id='word_1_849' title='bbox 3511 5373 3566 5423; x_wconf 72' lang='grc' dir='ltr'>ι,</span> <span class='ocrx_word' id='word_1_850' title='bbox 3589 5361 3643 5414; x_wconf 83' lang='grc'><strong>8.</strong></span> 
     </span>
    </p>
   </div>
   <div class='ocr_carea' id='block_1_116' title="bbox 3913 5221 4151 5278">
    <p class='ocr_par' dir='ltr' id='par_1_116' title="bbox 3913 5221 4151 5278">
     <span class='ocr_line' id='line_1_117' title="bbox 3913 5221 4151 5278; baseline 0.017 -4"><span class='ocrx_word' id='word_1_851' title='bbox 3913 5221 3962 5249; x_wconf 84' lang='lat'><strong>&quot;</strong></span> <span class='ocrx_word' id='word_1_852' title='bbox 4019 5221 4151 5278; x_wconf 89' lang='lat' dir='ltr'><strong>ibid.</strong></span> 
     </span>
    </p>
   </div>
   <div class='ocr_carea' id='block_1_117' title="bbox 3719 5287 4156 5358">
    <p class='ocr_par' dir='ltr' id='par_1_117' title="bbox 3719 5287 4156 5358">
     <span class='ocr_line' id='line_1_118' title="bbox 3719 5287 4156 5358; baseline 0.016 -19"><span class='ocrx_word' id='word_1_853' title='bbox 3719 5289 3763 5320; x_wconf 82' lang='lat'>&quot;</span> <span class='ocrx_word' id='word_1_854' title='bbox 3797 5287 3942 5358; x_wconf 63' lang='lat' dir='ltr'><strong>Psal.</strong></span> <span class='ocrx_word' id='word_1_855' title='bbox 3973 5305 4156 5358; x_wconf 80' lang='lat' dir='ltr'><strong>cxvm,</strong></span> 
     </span>
    </p>
   </div>
   <div class='ocr_carea' id='block_1_118' title="bbox 3723 5356 4155 5424">
    <p class='ocr_par' dir='ltr' id='par_1_118' title="bbox 3723 5356 4155 5424">
     <span class='ocr_line' id='line_1_119' title="bbox 3723 5356 4155 5424; baseline 0.016 -14"><span class='ocrx_word' id='word_1_856' title='bbox 3723 5359 3770 5390; x_wconf 84' lang='grc'><strong><em>⁸³</em></strong></span> <span class='ocrx_word' id='word_1_857' title='bbox 3798 5356 3949 5412; x_wconf 84' lang='lat' dir='ltr'><strong>Psal.</strong></span> <span class='ocrx_word' id='word_1_858' title='bbox 3968 5356 4155 5424; x_wconf 72' lang='lat' dir='ltr'><strong>cxvnt,</strong></span> 
     </span>
    </p>
   </div>
   <div class='ocr_carea' id='block_1_119' title="bbox 2213 5555 2896 5616">
    <p class='ocr_par' dir='ltr' id='par_1_119' title="bbox 2213 5555 2896 5616">
     <span class='ocr_line' id='line_1_120' title="bbox 2213 5555 2896 5616; baseline 0.007 -5"><span class='ocrx_word' id='word_1_859' title='bbox 2213 5555 2452 5614; x_wconf 64' lang='lat' dir='ltr'><strong>VARIE</strong></span> <span class='ocrx_word' id='word_1_860' title='bbox 2490 5558 2896 5616; x_wconf 80' lang='lat' dir='ltr'><strong>LECTIONES.</strong></span> 
     </span>
    </p>
   </div>
   <div class='ocr_carea' id='block_1_120' title="bbox 987 5692 2384 5768">
    <p class='ocr_par' dir='ltr' id='par_1_120' title="bbox 987 5692 2384 5768">
     <span class='ocr_line' id='line_1_121' title="bbox 987 5692 2384 5768; baseline 0.009 -28"><span class='ocrx_word' id='word_1_861' title='bbox 987 5695 1001 5740; x_wconf 76' lang='grc' dir='ltr'><strong><em>ἱ</em></strong></span> <span class='ocrx_word' id='word_1_862' title='bbox 1048 5692 1506 5768; x_wconf 73' lang='lat' dir='ltr'><strong>Creat._et_coner.</strong></span> <span class='ocrx_word' id='word_1_863' title='bbox 1539 5693 1892 5768; x_wconf 66' lang='grc' dir='ltr'><strong>δημιουργὸς,</strong></span> <span class='ocrx_word' id='word_1_864' title='bbox 1925 5695 2384 5768; x_wconf 22' lang='grc' dir='ltr'><strong>Δᾳψνδημιουργός.</strong></span> 
     </span>
    </p>
   </div>
   <div class='ocr_carea' id='block_1_121' title="bbox 904 5763 2248 5836">
    <p class='ocr_par' dir='ltr' id='par_1_121' title="bbox 904 5763 2248 5836">
     <span class='ocr_line' id='line_1_122' title="bbox 904 5763 2248 5836; baseline 0.004 -20"><span class='ocrx_word' id='word_1_865' title='bbox 904 5764 1051 5816; x_wconf 74' lang='lat' dir='ltr'><strong>uibus</strong></span> <span class='ocrx_word' id='word_1_866' title='bbox 1084 5765 1206 5817; x_wconf 85' lang='lat' dir='ltr'><strong>tuis.</strong></span> <span class='ocrx_word' id='word_1_867' title='bbox 1238 5763 1391 5836; x_wconf 82' lang='lat' dir='ltr'><strong>Vulg.</strong></span> <span class='ocrx_word' id='word_1_868' title='bbox 1418 5765 1471 5817; x_wconf 86' lang='lat' dir='ltr'><strong>in</strong></span> <span class='ocrx_word' id='word_1_869' title='bbox 1501 5763 1696 5822; x_wconf 75' lang='lat' dir='ltr'><strong>manili.</strong></span> <span class='ocrx_word' id='word_1_870' title='bbox 1735 5778 1875 5820; x_wconf 73' lang='lat' dir='ltr'><strong>IEIS.</strong></span> <span class='ocrx_word' id='word_1_871' title='bbox 1907 5765 2028 5822; x_wconf 81' lang='lat' dir='ltr'><strong>Alio</strong></span> <span class='ocrx_word' id='word_1_872' title='bbox 2063 5763 2248 5823; x_wconf 57' lang='lat' dir='ltr'><strong>sensu;</strong></span> 
     </span>
    </p>
   </div>
   <div class='ocr_carea' id='block_1_122' title="bbox 2486 5700 4156 5783">
    <p class='ocr_par' dir='ltr' id='par_1_122' title="bbox 2486 5700 4156 5783">
     <span class='ocr_line' id='line_1_123' title="bbox 2486 5700 4156 5783; baseline 0.011 -30"><span class='ocrx_word' id='word_1_873' title='bbox 2486 5700 2508 5737; x_wconf 79' lang='grc' dir='ltr'>¹ί</span> <span class='ocrx_word' id='word_1_874' title='bbox 2546 5700 2836 5783; x_wconf 31' lang='grc' dir='ltr'><strong>ΤαιὶᾳέςΑιι</strong></span> <span class='ocrx_word' id='word_1_875' title='bbox 2880 5703 2988 5783; x_wconf 71' lang='lat' dir='ltr'><strong>alia</strong></span> <span class='ocrx_word' id='word_1_876' title='bbox 3009 5703 3036 5756; x_wconf 68' lang='lat'><strong>.9</strong></span> <span class='ocrx_word' id='word_1_877' title='bbox 3113 5705 3129 5743; x_wconf 82' lang='grc'><strong>¹</strong></span> <span class='ocrx_word' id='word_1_878' title='bbox 3159 5705 3381 5778; x_wconf 82' lang='lat' dir='ltr'><strong>Digitos.</strong></span> <span class='ocrx_word' id='word_1_879' title='bbox 3407 5708 3568 5768; x_wconf 84' lang='lat' dir='ltr'><strong>Forte</strong></span> <span class='ocrx_word' id='word_1_880' title='bbox 3589 5710 3804 5783; x_wconf 67' lang='lat' dir='ltr'><strong>digitus.</strong></span> <span class='ocrx_word' id='word_1_881' title='bbox 3884 5721 3928 5752; x_wconf 77' lang='grc'><strong>¹¹³</strong></span> <span class='ocrx_word' id='word_1_882' title='bbox 3947 5714 4014 5771; x_wconf 82' lang='lat' dir='ltr'><strong>In</strong></span> <span class='ocrx_word' id='word_1_883' title='bbox 4043 5731 4156 5770; x_wconf 78' lang='lat' dir='ltr'><strong>nta-</strong></span> 
     </span>
    </p>
   </div>
   <div class='ocr_carea' id='block_1_123' title="bbox 2325 5767 3007 5841">
    <p class='ocr_par' dir='ltr' id='par_1_123' title="bbox 2325 5767 3007 5841">
     <span class='ocr_line' id='line_1_124' title="bbox 2325 5767 3007 5841; baseline 0.004 -16"><span class='ocrx_word' id='word_1_884' title='bbox 2325 5779 2353 5808; x_wconf 73' lang='grc' dir='ltr'><strong>η</strong></span> <span class='ocrx_word' id='word_1_885' title='bbox 2387 5767 2621 5826; x_wconf 80' lang='lat' dir='ltr'><strong>Connex.</strong></span> <span class='ocrx_word' id='word_1_886' title='bbox 2659 5771 3007 5841; x_wconf 79' lang='grc' dir='ltr'><strong>ἀλληλουχία.</strong></span> 
     </span>
    </p>
   </div>
  </div>
