4462 6440
355 448 373 504 l
386 447 493 507 325

1386 441 1670 502 ORATIO
1707 441 1756 500 I.
1783 466 1852 478 -
1877 442 1973 501 DE
2149 440 2584 502 TRINITATE.

3478 441 3615 505 13ἓὸ

350 571 508 621 quem
552 555 720 606 mittet
769 553 910 606 vobis
958 550 1119 605 Pater
1152 551 1231 613 ⁶⁷;
1266 560 1322 603 et
1351 555 1550 605 iterum
1589 568 1604 604 :
1646 550 1703 605 Si
1736 551 1934 614 abiero,
1967 560 2010 613 Α
2041 551 2242 620 cuique
2262 552 2409 607 enim
2432 566 2680 622 persona:
2713 551 3029 622 huiusmodi
3059 553 3456 623 appellationes
3486 568 3611 626 apte

352 649 565 698 mittam
615 661 733 698 eum
785 643 854 697 ad
884 660 975 697 ros
1018 644 1093 706 ⁶⁸;
1128 642 1194 695 ad
1237 641 1542 709 discipulos
1587 641 1798 696 scilicet
1832 658 1846 693 :
1875 650 1931 695 ct

349 738 524 793 David
552 738 876 806 prophetico
898 737 965 789 ad
991 752 1119 789 cum
1144 754 1154 787 :
1187 734 1432 797 Emittcs,
1465 734 1665 804 inquit,
1685 736 1929 802 spiritum

346 839 526 889 tmmt.
558 839 606 880 et
651 828 1003 889 creabantur;
1044 836 1091 879 ct
1129 826 1404 879 rcnovabis
1451 826 1637 894 facient
1679 836 1833 879 terra!
1864 826 1928 879 θ’.

350 920 543 989 Neque
580 936 712 973 vero
746 920 874 989 quia
910 918 1153 972 mittitur
1178 918 1421 987 Spiritus
1465 929 1715 983 sanctus,
1752 920 1931 973 mino-

349 1029 471 1065 rem
530 1013 693 1066 Patre
728 1021 785 1065 et
824 1010 967 1065 Filio
1013 1011 1321 1065 secundum
1368 1012 1734 1067 substantiam
1772 1019 1933 1080 puta-

350 1120 530 1157 mus:
583 1119 787 1172 apage;
846 1117 1008 1155 nemo
1057 1102 1163 1156 hoc
1203 1104 1561 1172 suspicetur:
1616 1118 1727 1158 non
1785 1103 1931 1158 enim

345 1210 410 1251 ut
463 1196 722 1250 minister
759 1194 1023 1260 mittitur,
1068 1194 1165 1250 sed
1215 1203 1275 1249 ut
1317 1197 1831 1259 eonsubstantialis,
1878 1205 1935 1249 et

346 1290 586 1359 aequalis
625 1289 871 1350 honoris,
918 1297 977 1341 et
1022 1289 1257 1356 ejusdem
1303 1299 1517 1343 natura:
1559 1296 1607 1343 °.
1647 1288 1931 1358 Siquidem

347 1392 404 1436 et
450 1382 637 1452 ipsum
686 1378 883 1432 Filium
933 1378 1165 1433 missum
1197 1395 1320 1433 esse
1351 1378 1655 1435 didicimus
1699 1395 1809 1433 non
1844 1395 1934 1434 so-

347 1476 463 1528 lum
517 1490 548 1527 a
601 1474 787 1535 Patre,
839 1470 939 1524 sed
977 1471 1047 1524 ab
1094 1470 1305 1540 Spiritu
1359 1478 1571 1534 sancto,
1623 1470 1767 1524 sicut
1817 1472 1934 1538 ipse

346 1566 495 1619 dixit
542 1581 644 1634 per
696 1564 893 1619 Isaiam
935 1583 947 1615 :
990 1563 1055 1616 Et
1099 1580 1236 1616 nunc
1264 1561 1520 1615 Dominus
1562 1564 1703 1615 misit
1744 1576 1846 1622 mc,
1886 1570 1935 1612 et

347 1657 589 1727 Spiritus
623 1658 735 1727 ejus
774 1657 843 1710 "°.
889 1657 1133 1710 Vocatur
1176 1663 1361 1708 autem
1398 1654 1545 1708 Deus
1574 1652 1847 1722 Spiritus;
1881 1661 1938 1707 ct

349 1766 551 1804 rursus
583 1767 596 1802 :
639 1749 894 1803 Dominus
924 1757 1101 1803 autem
1141 1747 1370 1817 Spiritus
1397 1756 1472 1799 cst
1496 1746 1580 1809 7‘;
1610 1752 1667 1799 ct
1698 1743 1937 1814 Spiritus

346 1853 606 1905 sanctus,
663 1842 896 1911 spiritus
945 1841 1064 1905 Dei,
1111 1849 1169 1893 et
1213 1840 1448 1907 spiritus
1480 1837 1794 1897 Christi,et
1827 1837 1938 1907 spi-

2039 642 2399 705 adhibentur,
2431 653 2713 698 reservato
2740 645 2841 700 soli
2869 645 3041 709 Patri,
3073 653 3133 699 ut
3165 645 3237 699 sit
3268 646 3449 712 Pater,
3484 652 3612 719 quia

2040 732 2193 787 solus
2232 743 2320 789 est
2348 733 2719 803 principium;
2750 744 2807 789 ct
2837 735 2997 800 Filio,
3029 746 3089 791 ut
3139 736 3211 791 sit
3246 737 3442 802 Filius,
3483 743 3612 809 quia

2038 825 2192 879 solus
2240 825 2459 893 genitus
2513 833 2628 887 est;
2679 836 2737 879 et
2771 827 3083 890 Paracleto,
3135 838 3197 882 ut
3239 829 3313 883 sit
3372 830 3616 899 Spiritus

2042 926 2303 981 sanctus;
2372 916 2654 987 propriam
2701 919 2851 973 enim
2904 920 3072 975 habet
3108 922 3525 990 proccssioncm
3583 939 3615 978 a

2040 1008 2223 1065 Patre.

2113 1098 2300 1153 XXIV.
2327 1100 2482 1169 Smpc
2510 1099 2774 1163 diximus,
2802 1099 3173 1158 differentiam
3194 1106 3479 1160 nominum
3504 1123 3615 1161 non

2039 1190 2257 1245 variare
2288 1201 2540 1246 naturam
2572 1210 2586 1246 :
2614 1207 2717 1247 nec
2755 1193 2905 1247 enim
2940 1194 3123 1259 Pater,
3156 1198 3284 1265 quia
3321 1198 3482 1252 Pater
3510 1209 3616 1263 est,

2042 1280 2251 1338 idcirco
2286 1284 2433 1339 Deus
2458 1293 2577 1350 est;
2608 1301 2789 1355 neque
2816 1285 2946 1355 quia
2984 1287 3160 1341 Filius
3192 1304 3305 1342 non
3330 1300 3415 1344 est
3431 1291 3617 1355 Pater,

2042 1373 2250 1430 idcirco
2264 1390 2375 1430 non
2391 1385 2477 1431 est
2497 1377 2671 1441 Deus;
2697 1378 2957 1432 similiter
2977 1377 3221 1448 Spiritus
3239 1390 3495 1436 sanctus:
3518 1383 3617 1437 sed

2043 1464 2170 1521 ideo
2202 1469 2349 1524 Deus
2388 1479 2494 1531 est,
2528 1469 2659 1537 quia
2700 1478 2790 1524 est
2826 1470 3152 1536 increatum,
3182 1481 3472 1537 mternum,
3516 1475 3620 1528 im-

2042 1559 2330 1623 mutabile,
2377 1561 2824 1630 incorruptibile,
2856 1561 3203 1628 invariabile,
3236 1574 3432 1620 auctor
3470 1568 3619 1631 vitm,

2042 1660 2261 1705 creator
2293 1666 2613 1721 corporum,
2644 1662 2702 1707 ct
2730 1669 2923 1709 eorum
2951 1670 3074 1724 (pne
3108 1655 3434 1726 incorporea
3465 1667 3619 1714 sunt.

2043 1742 2171 1798 Ilmc
2204 1743 2353 1798 enim
2402 1754 2532 1798 sunt
2579 1747 2805 1815 propria
2843 1747 3179 1813 divinitatis;
3228 1759 3284 1804 ct
3333 1751 3523 1805 insunt
3563 1752 3622 1807 in

2045 1850 2377 1904 unaquaque
2426 1850 2685 1905 persona,
2727 1846 2786 1890 ct
2834 1845 3064 1907 prepter
3118 1839 3234 1895 luce
3278 1857 3623 1912 unaqutequc

350 1933 500 1987 ritus
541 1933 698 1987 Jcsu.
745 1932 849 1985 Per
900 1938 1047 1983 totas
1104 1928 1432 1997 hypostascs
1474 1927 1817 1981 demonstrat
1851 1927 1938 1979 di-
1972 1924 2013 1982 Β
2042 1940 2277 1994 persona
2339 1926 2486 1979 Deus
2528 1935 2635 1991 cst,
2693 1927 2970 1996 siquidem
3020 1930 3183 1984 Pater
3227 1941 3456 2000 propter
3505 1932 3625 1988 htec

350 2024 523 2077 vinus
565 2036 753 2077 sermo
801 2022 1113 2074 naturalem
1138 2019 1525 2089 cognationem
1557 2029 1581 2067 ιι
1604 2019 1937 2073 divinitatis.

350 2113 605 2184 Spiritus
638 2112 865 2183 quidem
893 2111 1071 2167 sancti
1110 2112 1200 2166 hic
1225 2120 1312 2166 est
1337 2110 1600 2181 proprius
1628 2111 1939 2174 character,

349 2208 447 2277 qui
474 2208 585 2261 hac
611 2206 986 2276 appellatione
1013 2204 1391 2275 signiﬁcatur;
1420 2212 1506 2257 est
1527 2203 1676 2257 etiim
1701 2201 1942 2272 Spiritus

349 2310 593 2353 sanctus
635 2317 648 2351 :
690 2298 961 2367 Spiritum
1006 2307 1191 2352 autem
1248 2304 1497 2349 sanctmn
1534 2303 1712 2349 totum
1747 2294 1827 2348 sic
1854 2293 1939 2347 di-

351 2403 512 2447 ctum
540 2400 600 2446 et
628 2399 888 2445 vocatum
921 2404 1031 2443 non
1066 2387 1320 2441 invenies
1344 2386 1536 2440 aliutn.
1562 2385 1709 2440 Deus
1733 2393 1940 2447 autem,

353 2495 416 2538 ut
450 2492 620 2537 antea
672 2480 809 2544 dixi,
859 2480 1070 2534 dicitur
1129 2478 1406 2547 Spiritus;
1441 2486 1497 2531 ct
1538 2478 1686 2532 Deus
1736 2476 1945 2532 dicitur

351 2582 595 2628 sanctus
628 2590 642 2625 :
679 2572 845 2626 ambo
872 2586 1006 2625 vero
1029 2570 1257 2623 nomina
1280 2570 1589 2638 composita
1625 2576 1945 2638 congruunt

351 2668 430 2731 ei,
480 2667 575 2736 qui
631 2664 852 2734 proprie
900 2662 1109 2716 dicitur
1162 2659 1406 2729 Spiritus
1458 2668 1711 2721 sanctus,
1778 2657 1944 2712 sicuti

354 2773 566 2813 nomen
623 2756 803 2810 Patris
863 2752 1089 2823 proprie
1139 2751 1404 2807 convenit
1450 2751 1729 2820 principio
1782 2759 1844 2815 tt;
1891 2758 1948 2805 et

349 2865 568 2907 nomen
618 2847 740 2902 Filii
787 2846 864 2909 ei,
911 2844 1006 2914 qui
1058 2842 1375 2896 immediate
1428 2857 1495 2896 ex
1537 2840 1814 2911 principio
1850 2849 1949 2895 :et

352 2944 481 2997 hac
515 2938 742 2994 nomina
780 2951 889 2989 non
931 2943 1349 2989 commutantur
1409 2931 1555 2985 inter
1599 2947 1658 2986 se
1695 2949 1709 2985 :
1746 2940 1946 2987 caetera

352 3032 552 3088 omnia
581 3036 873 3083 moventur
891 3034 948 3082 et
973 3026 1365 3080 itmnutantur.
1398 3022 1552 3078 Sicut
1579 3024 1728 3078 enim
1760 3024 1943 3088 Pater,

352 3125 455 3195 qui
494 3124 642 3177 Deus
675 3128 761 3174 est
807 3127 863 3173 et
909 3118 1091 3179 Pater,
1126 3115 1453 3170 nominibus
1487 3114 1733 3184 Spiritus
1764 3114 1950 3184 appel-

353 3220 550 3279 latur,
605 3221 831 3269 sanctus
869 3211 1084 3266 scilicet
1134 3218 1191 3265 et
1237 3209 1485 3278 spiritus,
1530 3208 1784 3276 quamvis
1835 3221 1943 3261 non

354 3308 679 3379 appellatur
728 3312 905 3359 totum
939 3304 1045 3357 hoc
1096 3301 1340 3371 Spiritus
1371 3309 1631 3365 sanctus;
1663 3300 1746 3354 sic
1774 3299 1943 3353 etiam

354 3400 612 3471 Spiritus
643 3405 889 3459 sanctus,
918 3394 1013 3464 qui
1046 3405 1133 3448 est
1161 3394 1394 3463 spiritus
1429 3401 1485 3447 et
1513 3401 1759 3455 sanctus,
1801 3392 1947 3446 Deus

351 3500 470 3555 est,
515 3498 575 3544 et
619 3488 941 3542 nominatur
971 3506 983 3540 :
1013 3495 1069 3540 et
1109 3485 1364 3541 Salvator
1411 3485 1692 3550 similiter,
1723 3483 1820 3554 qui
1861 3492 1947 3538 est

355 3584 561 3646 Filius,
613 3588 668 3636 et
712 3579 983 3634 Dominus
1028 3587 1286 3640 vocatur,
1343 3592 1457 3631 non
1512 3577 1667 3631 solus
1701 3591 1835 3630 usus
1862 3584 1947 3629 est

354 3677 469 3731 hac
516 3671 887 3743 appellatione
940 3670 1181 3734 Domini,
1214 3668 1309 3723 sed
1350 3668 1514 3722 Pater
1549 3668 1717 3722 etiam
1763 3667 1945 3721 nomi-

353 3776 531 3821 natur
592 3764 898 3826 Dominus;
962 3770 1020 3816 et
1063 3760 1306 3830 Spiritus
1361 3768 1587 3814 sanctus
1628 3760 1949 3813 nominatur

352 3856 533 3913 etiam
576 3852 877 3918 Dominus;
918 3852 1065 3906 sicut
1092 3860 1151 3905 et
1180 3853 1300 3921 ipse
1341 3849 1515 3905 Filius
1545 3849 1692 3905 Deus
1723 3859 1781 3905 et
1826 3848 1950 3919 Spi-

358 3949 513 4002 ritus
550 3954 609 3999 et
644 3954 871 3999 sanctus
902 3953 1157 3998 vocatur.

432 4036 632 4093 XXIII.
674 4033 801 4090 Ilaec
844 4033 1217 4088 communitas
1245 4030 1678 4103 appellationum
1709 4030 1764 4085 in
1800 4030 1948 4087 Scri-

358 4140 532 4201 ptura
563 4134 756 4181 sancta
786 4124 1152 4189 meonomice,
1182 4132 1243 4178 ut
1274 4125 1350 4179 ita
1398 4124 1600 4188 dicam,
1638 4123 1838 4186 fertur,
1887 4131 1950 4176 ut

361 4220 580 4275 nullam
621 4216 865 4271 habeant
914 4215 1171 4270 homines
1219 4214 1524 4284 impietatis
1574 4213 1945 4273 occasionem,

357 4319 423 4368 et
468 4310 778 4380 opinentur
826 4322 953 4361 esse
999 4315 1113 4361 tres
1144 4303 1304 4361 deos.
1333 4305 1546 4359 Idcirco
1577 4304 1760 4359 divina
1794 4304 1947 4357 Scri-

359 4411 557 4474 ptura,
593 4408 657 4453 ut
685 4410 908 4452 omnem
943 4397 1259 4467 huiusmodi
1285 4398 1656 4467 suspicionem
1691 4397 1949 4450 omnibus

360 4490 721 4564 praecideret,
751 4490 973 4544 Patrem
993 4488 1219 4558 quidem
1251 4489 1489 4559 appellat
1514 4489 1716 4553 Deum;
1748 4486 1947 4542 Filium

2042 2017 2192 2073 Deus
2229 2023 2359 2072 est:
2404 2026 2462 2072 et
2509 2034 2619 2072 non
2668 2020 2799 2089 quia
2843 2021 3007 2075 Pater
3039 2030 3144 2076 est.
3198 2023 3254 2077 Si
3300 2024 3448 2078 enim
3491 2024 3623 2094 quia

2046 2110 2207 2163 Pater
2238 2118 2345 2174 est,
2392 2110 2539 2165 Deus
2590 2120 2714 2175 est,
2768 2114 2951 2166 omnis
3006 2123 3158 2182 pater
3206 2116 3355 2169 Deus
3414 2126 3561 2171 esset
3605 2136 3621 2172 :

2044 2213 2191 2253 nunc
2219 2208 2402 2253 autem
2437 2216 2547 2254 non
2576 2201 2659 2255 sic
2684 2200 2884 2266 habet;
2912 2203 3047 2270 qttiu
3076 2204 3261 2272 potius
3290 2206 3622 2274 appellatio-

2045 2306 2146 2345 nes
2177 2290 2502 2347 diﬂ'erentes
2528 2294 2779 2347 eamdem
2804 2294 3173 2349 substantiam
3199 2297 3439 2367 signant,
3458 2300 3623 2354 simul

2042 2382 2290 2452 ejusdem
2314 2392 2527 2440 natura:
2547 2387 2992 2441 comnmnioncm
3015 2388 3385 2455 declarantes,
3408 2401 3463 2445 et
3486 2392 3623 2448 nihil

2043 2477 2117 2531 ab
2156 2493 2264 2532 una
2295 2486 2494 2532 natura
2536 2479 2781 2533 alienum
2823 2479 3201 2537 admittentes.
3236 2482 3451 2538 Idcirco
3494 2484 3627 2539 uni-

2046 2586 2206 2625 versa
2242 2572 2532 2641 plenitudo
2574 2572 2886 2629 divinitatis
2932 2590 3077 2630 unus
3132 2576 3278 2632 Deus
3313 2588 3419 2641 est,
3465 2596 3627 2649 super

2047 2665 2248 2729 omnia,
2291 2672 2340 2718 et
2370 2681 2464 2735 per
2489 2667 2690 2732 omnia,
2725 2673 2772 2719 et
2809 2668 2865 2720 in
2913 2668 3151 2721 omnibus
3178 2668 3244 2700 "‘
3280 2687 3293 2722 :
3340 2671 3442 2726 etsi
3473 2673 3624 2728 enim

2048 2754 2236 2808 divina
2269 2753 2554 2823 Scriptura
2599 2754 2836 2809 diversis
2879 2756 3202 2812 nominibus
3226 2760 3468 2829 appellat
3500 2776 3625 2817 san-

2047 2854 2193 2899 etam
2260 2843 2593 2898 Trinitatem
2658 2858 2822 2913 quam
2890 2845 3189 2901 adoramus
3241 2857 3298 2902 et
3354 2851 3624 2917 colimus,

2048 2936 2371 2990 occasiones
2424 2944 2610 2990 tamen
2644 2935 2914 3005 speciales
2952 2945 3183 2993 naturas
3231 2937 3626 2997 introducendi

2048 3025 2296 3089 sustulit,
2331 3039 2459 3079 cum
2513 3040 2677 3078 unam
2724 3026 3091 3080 substantiam
3153 3038 3211 3083 et
3258 3030 3509 3086 eamdem
3556 3046 3626 3088 ex

2046 3117 2257 3171 eisdem
2302 3116 2726 3184 operationibus
2772 3116 3195 3185 demonstravit,
3238 3122 3390 3176 nulla
3418 3123 3627 3181 erroris

2049 3223 2215 3262 causa
2261 3207 2456 3262 relicta
2503 3208 2574 3263 iis
2616 3208 2711 3278 qui
2769 3208 2956 3263 lumen
3020 3212 3357 3282 participare
3407 3214 3623 3281 volunt,

2046 3307 2105 3355 et
2149 3314 2259 3354 non
2302 3301 2488 3369 potius
2536 3309 2777 3355 mentem
2810 3315 3110 3365 excmcarc,
3165 3314 3225 3358 ut
3257 3306 3341 3359 vel
3368 3319 3623 3362 naturam

2048 3407 2147 3461 per
2194 3392 2350 3457 illud,
2380 3392 2694 3461 aliquando,
2725 3402 2781 3446 et
2814 3392 2974 3457 illud,
3012 3410 3116 3447 non
3160 3404 3316 3461 erat;
3346 3406 3441 3452 aut
3479 3399 3625 3454 divi-

2048 3486 2275 3541 nitatem
2342 3486 2775 3556 particularihus
2818 3487 3148 3543 substantiis
3195 3488 3467 3546 dividere.
3509 3491 3625 3547 Nec

2045 3580 2193 3634 enim
2246 3579 2389 3634 sicut
2434 3579 2593 3633 stella
2638 3578 2707 3632 ab
2754 3578 2913 3633 stella
2961 3578 3254 3647 splendore
3304 3580 3512 3647 diﬁcrt,
3565 3594 3627 3637 ut

2048 3666 2202 3719 verbi
2250 3666 2465 3735 gratia,
2531 3666 2707 3736 major
2759 3680 2791 3719 a
2831 3666 3089 3729 minore,
3160 3683 3265 3723 nec
3309 3680 3372 3725 ut
3422 3687 3626 3742 corpus

2049 3771 2288 3826 corpore
2337 3758 2515 3829 majus
2564 3767 2653 3813 est
2698 3760 2867 3822 mole,
2908 3766 2971 3814 ut
3017 3775 3219 3831 corpus
3261 3762 3626 3820 adolescentis

2047 3864 2280 3918 corpore
2328 3850 2508 3917 pueri,
2560 3865 2663 3905 nec
2711 3859 2773 3905 ut
2820 3850 2987 3906 homo
3032 3860 3283 3923 tempore
3321 3856 3624 3925 antiquior,

2049 3950 2111 3994 ut
2155 3942 2394 4010 exempli
2426 3957 2612 4006 causa,
2646 3942 2925 3998 Abraham
2970 3945 3257 4013 antiquior
3297 3945 3489 4011 David,
3529 3956 3627 4005 aut

2047 4031 2217 4085 David
2264 4030 2641 4097 Zorobabele;
2687 4034 2766 4088 sic
2804 4034 2858 4088 in
2906 4035 3159 4103 personis
3211 4045 3413 4092 sanetae
3438 4038 3625 4093 Trini-

2049 4125 2178 4179 tatis
2234 4124 2385 4194 loqui
2447 4132 2543 4177 aut
2603 4124 2812 4179 sentire
2864 4125 3180 4180 didicimus.
3237 4126 3383 4193 Quin
3439 4130 3627 4197 potius

2046 4215 2397 4286 operationes
2424 4214 2646 4284 quidem
2672 4218 2952 4271 naturales
2988 4232 3308 4272 communes
3322 4218 3515 4286 habet;
3542 4222 3627 4277 lue

2048 4319 2182 4358 vero
2215 4304 2579 4359 substantiam
2622 4305 2786 4374 plane
2833 4304 3117 4359 declarant
3166 4324 3180 4360 :
3216 4306 3383 4362 simul
3437 4320 3623 4364 autem

2048 4409 2315 4465 personas
2366 4410 2553 4449 secum
2589 4395 2733 4448 inter
2766 4410 2849 4461 se,
2885 4404 2938 4449 et
2984 4396 3040 4449 in
3088 4412 3147 4451 se
3196 4397 3332 4467 ipsis
3379 4400 3623 4457 vicissim

2051 4487 2497 4557 inseparabiliter
2548 4486 2815 4541 ineadcm
2854 4488 3031 4556 gloria
3073 4498 3129 4543 et
3163 4499 3435 4558 potestate
3472 4493 3623 4547 exsi-

362 4597 503 4638 vero
544 4580 879 4644 Dominum;
907 4585 963 4633 et
997 4578 1263 4648 Spiritum
1297 4587 1547 4633 sanetum
1575 4578 1947 4632 Paraeletum:
1982 4594 2027 4649 ι)
2051 4585 2199 4631 stere
2226 4576 2685 4644 contemplamur,
2719 4576 3169 4646 quandoquidem
3212 4580 3462 4652 ejusdem
3494 4582 3624 4636 sub-

364 4683 421 4729 et
467 4672 517 4728 si
564 4672 694 4735 hoc,
731 4685 886 4725 more
920 4669 1223 4739 pmdagogi,
1270 4669 1542 4739 providit,
1598 4684 1711 4723 non
1769 4678 1949 4722 tamen

366 4763 615 4835 privavit
659 4762 845 4816 divina
874 4776 1009 4815 voce
1055 4761 1257 4815 Filium
1288 4769 1346 4814 ct
1380 4760 1646 4830 Spiritum
1674 4768 1947 4823 sanctum,

363 4868 552 4923 neque
601 4866 796 4905 vocem
838 4850 1056 4905 Domini
1105 4850 1162 4905 in
1209 4851 1373 4905 Patre
1406 4859 1463 4904 et
1508 4848 1719 4919 Spiritu
1760 4856 1951 4901 saneto

364 4941 647 4997 reticuit:
690 4941 803 4993 imo
855 4953 1037 5009 neque
1082 4939 1512 5008 appellationem
1558 4937 1952 4992 sanctitieantis

364 5034 433 5087 ab
479 5032 669 5099 aliqua
703 5045 944 5099 persona
980 5029 1273 5083 Trinitatis
1321 5028 1605 5083 alienavit.
1644 5028 1781 5082 Cum
1816 5042 1949 5082 vero

364 5122 564 5177 eadem
598 5123 673 5176 sit
711 5129 917 5175 sanctae
946 5120 1236 5174 Trinitatis
1268 5119 1553 5183 divinitas,
1585 5120 1673 5173 vel
1695 5118 1950 5173 substan-

366 5214 465 5277 tia,
489 5212 578 5267 vel
604 5221 822 5273 natura,
846 5211 963 5266 sive
994 5210 1159 5265 aliter
1189 5225 1387 5265 vocare
1406 5211 1610 5279 placet,
1635 5218 1949 5263 commeant

365 5303 613 5357 vicissim
665 5300 782 5355 hate
832 5300 1056 5354 nomina
1103 5300 1269 5362 Deus,
1296 5299 1574 5362 Dominus,
1617 5308 1667 5352 et
1694 5298 1945 5366 Spiritus,

366 5402 600 5464 propter
647 5400 898 5445 naturam
935 5392 1343 5461 incorpoream,
1386 5399 1443 5446 et
1490 5398 1706 5444 sanctus
1744 5405 1763 5442 :
1820 5388 1946 5445 uni-

2049 4665 2265 4720 stantia:
2310 4673 2369 4719 et
2413 4674 2625 4719 natura:
2675 4675 2825 4719 sunt.

2124 4755 2285 4811 XXV.
2335 4754 2492 4820 Quod
2553 4765 2740 4809 autem
2794 4765 3040 4825 potestas
3085 4767 3287 4812 sancta:
3336 4759 3623 4815 Trinitatis

2050 4846 2336 4901 individua
2366 4853 2470 4908 est,
2497 4846 2661 4901 sicuti
2693 4855 2748 4901 et
2780 4847 3113 4911 substantia,
3146 4848 3316 4903 David
3350 4849 3618 4915 declarat,

2048 4952 2174 4991 cum
2202 4936 2511 5006 deprecans
2542 4934 2719 4991 Deum
2752 4937 2889 4991 dixit
2922 4955 2935 4990 :
2967 4938 3081 5004 Quo
3109 4941 3192 4994 ibo
3218 4957 3249 4993 a
3276 4942 3466 5008 spiritu
3490 4950 3580 4994 tuo
3598 4942 3623 4993 ?

2051 5034 2101 5078 et
2138 5042 2240 5095 quo
2285 5043 2318 5078 a
2363 5025 2496 5092 facie
2539 5032 2633 5077 tua
2689 5026 2890 5096 fugiam
2941 5030 3025 5081 7’?
3072 5044 3136 5082 ae
3186 5030 3364 5098 primo
3399 5030 3620 5100 quidem

2049 5116 2209 5185 ponit
2253 5116 2506 5184 spiritum
2563 5115 2684 5170 Filii
2728 5118 2823 5186 qui
2883 5129 2970 5172 est
3020 5119 3188 5174 facies
3239 5121 3438 5183 Patris,
3493 5123 3620 5191 quia

2048 5214 2134 5258 est
2161 5204 2213 5257 in
2259 5205 2440 5267 Patre,
2471 5212 2529 5257 et
2578 5205 2739 5259 Pater
2774 5206 2828 5258 in
2857 5207 3011 5275 ipso;
3040 5221 3151 5262 non
3180 5217 3365 5263 autem
3401 5221 3623 5279 separat

2048 5296 2351 5365 energiatn,
2403 5295 2455 5348 id
2504 5304 2609 5360 est,
2659 5298 3062 5366 operationem,
3111 5301 3197 5354 vel
3249 5300 3448 5356 dividit
3486 5303 3619 5355 sub-

2050 5388 2331 5449 stantiam,
2371 5386 2464 5441 sed
2504 5387 2680 5441 solum
2720 5389 3010 5458 distinguit
3043 5390 3382 5461 hypostases,
3411 5392 3619 5461 signiti-

442 5547 486 5578 ⁸⁷
505 5546 665 5601 Joan.
686 5560 798 5609 xw,
824 5546 910 5601 26.
988 5546 1033 5577 “
1055 5546 1212 5602 Joan.
1237 5561 1345 5609 xvi,
1369 5544 1423 5598 7.
1498 5545 1543 5575 ⁶⁵⁹
1575 5544 1714 5599 Psal.
1739 5559 1849 5608 CIII,
1876 5541 1961 5597 30.
2036 5542 2082 5572 '°
2109 5541 2204 5596 Isa.

1876 5541 1961 5597 30.
2036 5542 2082 5572 '°
2109 5541 2210 5596 Isa.
2239 5556 2420 5607 XLvtn,
2448 5541 2533 5595 16.
2612 5544 2651 5575 ⁷¹
2677 5542 2833 5597 Joan.
2867 5560 2939 5611 tv,
2972 5545 3058 5599 24.
3137 5547 3198 5577 ⁷⁸·
3227 5547 3428 5615 Ephcs.
3464 5562 3537 5612 tv,
3561 5545 3612 5601 G.

366 5617 412 5649 "
441 5616 589 5675 Psal.
626 5631 879 5682 cxxxvtn,
914 5618 967 5669 7.

1650 5747 1735 5800 VA
1749 5745 1887 5801 RIIE
1920 5743 2214 5800 LECTION
2224 5743 2326 5799 ES.

445 5852 472 5879 ο
500 5842 700 5914 Ejusd.
744 5853 854 5898 nat.
896 5836 1581 5913 suptpu5;,_conuaturalis.

1671 5847 1697 5887 ιι
1728 5836 1954 5913 Cagnat.
1998 5835 2334 5905 συγγένειαν.
2412 5844 2436 5882 Ί
2471 5833 2756 5903 Principio.
2793 5834 2868 5904 τῷ
2904 5836 3077 5904 αξτῐῳ.
