4462 6440
902 429 1033 494 13:27

2025 431 2083 486 ὃ.
2123 426 2517 485 ANASTASH
2562 427 2890 488 AN'l‘lOClI
2903 429 3025 488 EN!

4011 419 4163 485 13528

898 557 1033 593 cans
1081 554 1190 589 non
1224 551 1344 589 esse
1406 533 1684 588 confusas.
1731 532 1880 586 Dixit
1925 544 2196 602 przetcrca
2237 532 2383 586 idem
2423 533 2474 584 in
2507 537 2548 591 Λ
2583 534 2939 602 intelligatur,
2991 546 3048 587 et
3085 535 3244 586 Pater
3302 548 3486 585 secum
3534 530 3759 583 inducat
3809 529 4054 594 Filium;
4105 541 4166 584 et

899 633 1007 684 alio
1041 631 1161 682 loco
1198 644 1210 680 :
1245 625 1455 680 Facient
1483 637 1652 688 tuam,
1689 624 1932 689 Domine,
1981 626 2251 692 requiram
2294 625 2377 688 7’;
2423 633 2476 676 et

901 737 1097 776 rursus
1130 739 1142 773 :
1187 721 1507 788 Deprecatus
1537 735 1656 771 sum
1705 718 1892 787 faciem
1923 728 2070 771 tuam
2100 716 2154 769 in
2185 725 2292 769 toto
2321 717 2479 769 corde

901 832 1015 867 meo
1063 815 1132 866 ⁷⁸.
1190 812 1310 866 Non
1357 811 1508 865 enim
1556 819 1767 879 partem
1830 809 2101 878 corporis,
2155 818 2250 861 aut
2298 809 2476 860 locum

903 922 1166 960 sensuum
1203 904 1339 958 dicit
1367 918 1488 957 esse
1517 902 1711 957 faciem
1746 902 1957 965 Patris;
1993 902 2090 954 scd
2131 900 2477 969 unigenitum

903 998 1170 1057 Verbum,
1220 996 1314 1064 qui
1343 994 1556 1064 judicat
1589 995 1772 1047 omnia
1801 993 2105 1045 secundum
2138 993 2476 1045 voluntatem

905 1089 1084 1143 Patris
1125 1088 1235 1152 sui,
1269 1088 1410 1140 sicut
1461 1086 1606 1140 idem
1654 1085 1824 1138 David
1875 1084 2017 1138 dixit
2065 1100 2079 1136 :
2122 1085 2162 1137 A
2205 1083 2339 1151 facie
2387 1092 2478 1135 tua

907 1183 1159 1248 judicium
1187 1196 1362 1233 meum
1393 1187 1545 1231 exerit
1576 1179 1643 1229 τε.
1679 1176 1869 1230 Facies
1894 1176 2060 1244 igitur
2095 1174 2275 1228 Patris
2309 1173 2480 1227 Filius

904 1271 1135 1333 dicitur,
1181 1279 1439 1338 tanquam
1481 1269 1663 1336 imago
1685 1275 1741 1319 et
1772 1267 2060 1319 character
2087 1265 2226 1334 ejus.
2253 1264 2348 1332 qui
2385 1279 2482 1332 po-

908 1374 1159 1417 testatem
1208 1361 1373 1415 habet
1414 1374 1578 1428 quam
1613 1375 1641 1411 a
1693 1358 1855 1412 Patre
1900 1357 2132 1424 accepit,
2169 1354 2479 1425 judicandi,

905 1456 1038 1507 sicut
1084 1453 1351 1520 scriptum
1387 1462 1476 1504 est
1512 1467 1526 1502 :
1561 1448 1742 1502 Facies
1799 1447 2010 1499 Domini
2037 1463 2196 1515 sujier
2226 1446 2479 1514 facientes

905 1545 1075 1609 mala,
1115 1555 1169 1596 ut
1218 1543 1391 1595 deleat
1443 1543 1506 1594 de
1537 1549 1680 1593 terra
1736 1540 2046 1592 memoriam
2076 1536 2356 1599 eorum”;
2382 1535 2477 1588 sed

2582 624 2822 691 Spiritus
2848 634 3075 677 sanctus
3122 641 3245 676 cum
3283 624 3439 677 Patre
3460 634 3514 677 et
3561 623 3702 675 Filio
3727 621 3887 675 simul
3923 623 4167 675 exsistat

2582 723 2839 783 tanquam
2888 731 3013 769 etun
3055 726 3234 769 mente
3272 724 3328 768 ct
3392 715 3588 768 Verbo.
3633 714 3849 767 Etenim
3886 715 4169 767 Dominus

2578 805 2970 861 demonstrans
3000 825 3063 861 ex
3099 825 3157 862 sc
3200 809 3318 877 ipso
3346 807 3835 876 ipsumcxsistere,
3871 806 4169 859 iusulllans

2580 898 2867 968 discipulis
2889 900 3029 953 dixit
3049 919 3062 953 :
3084 901 3312 969 Accipite
3337 898 3595 969 Spiritum
3615 909 3855 952 sanctum
3875 900 3913 928 "
3942 915 3958 962 ;
3992 914 4167 967 quem

2579 993 2804 1060 quidem
2829 993 2928 1063 ipsi
2951 991 3209 1062 discipuli
3235 993 3481 1046 adhibita
3509 994 3823 1062 precatione
3851 1009 3950 1061 per
3981 993 4166 1060 impo-

2577 1086 2835 1140 sitionem
2867 1102 3128 1140 manuum
3167 1087 3524 1139 credentibus
3559 1086 3897 1139 tribuebant.
3933 1085 4013 1138 Ex
4055 1100 4168 1151 quo

2576 1177 2708 1231 licet
2757 1178 3126 1232 differentiam
3158 1179 3443 1232 servitutis
3481 1187 3535 1231 et
3569 1179 3899 1247 mqualitatis
3959 1177 4170 1230 intelli-

2579 1283 2728 1337 gere.
2751 1268 2998 1337 Apostoli
3037 1268 3186 1322 enim
3221 1278 3512 1337 precantes
3539 1276 3595 1322 et
3637 1278 3896 1336 tanquam
3924 1265 4169 1319 Domino

2579 1359 2957 1430 supplicantes
2983 1359 3250 1429 Spiritqu
3273 1370 3527 1413 sanetum
3545 1360 3616 1413 iis
3638 1358 3894 1428 quidigni
3915 1359 4166 1411 adventu

2577 1451 2697 1520 ejus
2739 1459 2920 1513 erant,
2954 1450 3128 1504 veluti
3159 1450 3516 1504 inducebant.
3550 1449 3798 1503 Salvator
3815 1465 3948 1503 vero
3974 1457 4170 1502 noster

2579 1559 2643 1596 ex
2676 1559 2734 1597 se
2770 1544 2909 1612 ipso,
2939 1553 3196 1612 tanquam
3217 1559 3282 1596 ex
3303 1541 3540 1612 quodam
3567 1542 3849 1604 thesauro,
3881 1541 4172 1610 praebebat

903 1638 1050 1691 sicut
1096 1635 1266 1688 facies
1303 1632 1519 1686 Domini
1574 1630 1752 1683 malos
1792 1628 1943 1681 delet
1979 1627 2048 1680 de
2083 1637 2251 1687 terra,
2280 1639 2389 1677 non
2419 1633 2481 1676 ut
2577 1649 2704 1688 ριηη
2740 1636 2807 1688 iis
2849 1635 2943 1704 qui
2973 1635 3102 1688 facii
3136 1644 3298 1687 cram
3333 1649 3431 1703 per
3473 1631 3773 1702 puritatem
3801 1635 3931 1687 vim
3979 1634 4169 1687 idonei

905 1726 1044 1779 nihil
1065 1724 1291 1779 omnino
1330 1731 1479 1784 sunt,
1506 1719 1602 1774 sed
1640 1729 1700 1772 ut
1731 1735 1842 1772 non
1869 1717 1981 1772 sint
2009 1716 2171 1780 mali;
2205 1715 2285 1769 sic
2313 1715 2479 1768 etiam

906 1817 1040 1870 illud
1087 1835 1099 1868 :
1140 1816 1362 1869 Emittcs
1418 1815 1665 1883 spiritum
1713 1821 1883 1873 tuum,
1933 1818 1982 1861 et
2044 1809 2379 1871 creabantur,
2429 1817 2479 1859 et

2579 1724 2647 1778 ad
2668 1725 3046 1794 excipiendam
3069 1725 3350 1794 energiam
3371 1726 3512 1793 ejus.
3546 1724 3724 1793 Atque
3753 1724 4024 1793 apostolis
4048 1725 4172 1794 qui-

2585 1816 2710 1871 dem
2755 1817 2944 1871 aderat
2998 1832 3217 1886 semper
3271 1818 3637 1886 participato;
3691 1816 3963 1871 Salvatori
4035 1833 4175 1871 vero

904 1909 1180 1962 renovabis
1211 1907 1399 1975 {aciem
1432 1915 1588 1958 terra:
1612 1905 1681 1966 π,
1707 1903 1811 1955 hoc
1829 1910 1935 1961 est,
1962 1899 2240 1953 hominem
2270 1916 2284 1952 :
2317 1899 2484 1952 decor
2516 1875 2561 1934 Β
2585 1909 2662 1963 οι,

2411 1913 2484 1950 τοι·
2516 1875 2561 1934 Β
2585 1909 2808 1963 Christo
2856 1918 2914 1962 ct
2954 1909 3067 1962 Deo
3104 1919 3316 1972 nostro,
3367 1917 3626 1977 tanquam
3657 1908 4173 1963 consubstantialis.

904 2003 1055 2054 enim
1110 2008 1270 2053 terra:
1321 2007 1407 2051 est
1461 1996 1660 2059 homo;
1707 1993 1852 2047 sicut
1894 1991 2065 2046 decor
2113 1989 2355 2043 hominis
2400 1997 2484 2042 est

907 2096 1095 2149 facies.

977 2184 1166 2239 XXVI.
1206 2182 1388 2248 Quare
1430 2181 1658 2249 copiose
1707 2177 2147 2231 demonstratum
2177 2182 2281 2238 est,
2319 2187 2484 2226 unam

907 2295 1030 2333 esse
1086 2284 1291 2332 sancta:
1337 2271 1630 2328 Trinitatis
1690 2269 2100 2340 operationem,
2148 2281 2270 2336 qua:
2320 2279 2485 2318 unam

909 2369 1274 2425 substantiam
1299 2381 1421 2419 esse
1455 2363 1619 2417 simul
1645 2361 2024 2423 demonstrat;
2055 2356 2328 2426 siquidem
2358 2357 2487 2425 quia

913 2481 1020 2520 una
1072 2460 1382 2518 substantia
1430 2455 1747 2511 divinitatis
1780 2469 1901 2507 esse
1956 2448 2333 2520 cognoscitur,
2379 2463 2487 2501 una

910 2556 1076 2610 etiam
1125 2562 1183 2606 et
1206 2550 1400 2605 eadem
1432 2545 1632 2607 Patris,
1665 2553 1721 2599 et
1752 2543 1899 2606 Filii,
1942 2551 2002 2596 et
2031 2539 2278 2609 Spiritus
2310 2537 2487 2592 sancti

911 2643 1225 2699 substantia
1249 2654 1372 2694 esse
1395 2637 1814 2691 demonstratur
1840 2650 1852 2686 :
1883 2631 2067 2686 statim
2096 2629 2247 2683 enim
2277 2637 2338 2681 ut
2366 2627 2490 2680 bra-

911 2736 1101 2788 chium
1137 2740 1196 2786 et
1245 2742 1443 2784 manus
1495 2723 1680 2779 Patris
1716 2721 1889 2774 Filius
1936 2718 2278 2779 nominatur,
2323 2712 2491 2767 fabri-

914 2834 1067 2878 cator
1114 2829 1171 2875 et
1208 2827 1425 2873 creator
1454 2830 1576 2868 esse
1607 2812 1964 2873 declaratur;
2001 2807 2198 2860 eodem
2234 2818 2490 2858 sermone

914 2914 1076 2970 simul
1107 2909 1345 2978 Spiritus
1373 2915 1599 2959 sanctus
1629 2900 1830 2955 similia
1853 2900 2032 2952 facere
2057 2897 2488 2957 demonstratur,

913 3022 1040 3059 cum
1077 3001 1282 3057 dicitur
1317 3016 1328 3050 :
1368 2996 1556 3050 Manus
1604 3005 1709 3046 tute
1742 2994 1978 3060 fecerunt
2027 3003 2108 3040 me
2154 2995 2203 3039 et
2256 2986 2494 3056 plasma~

914 3103 1100 3152 t'erunt
1145 3110 1225 3146 me
1263 3092 1328 3143 ⁷³.
1395 3087 1609 3142 Dicitur
1657 3085 1804 3139 enim
1851 3083 1970 3152 ipse
2031 3081 2199 3134 ctiam
2252 3078 2494 3149 Spiritus

2585 2001 2653 2055 Et
2701 2000 2845 2053 idem
2888 2000 3032 2053 Deus
3085 2005 3187 2053 hac
3235 2000 3448 2053 ratione
3497 2000 3705 2054 dicitur
3754 2000 4001 2070 Spiritus
4051 2001 4170 2063 Dei,

2584 2100 2642 2145 et
2662 2091 2903 2160 Spiritus
2930 2088 3158 2153 Christi,
3204 2105 3316 2143 non
3343 2091 3490 2144 sicut
3524 2090 3910 2144 ministrantes
3941 2090 4176 2160 spiritus

2585 2182 2653 2236 ad
2702 2182 3072 2236 ministerium
3121 2180 3273 2235 missi
3313 2202 3324 2234 :
3367 2181 3447 2234 illi
3489 2181 3638 2234 enim
3691 2181 4174 2249 circumscriptam

2587 2275 2952 2330 substantiam
2988 2273 3212 2338 habent,
3235 2273 3308 2325 ita
3330 2282 3391 2326 ut
3422 2289 3530 2326 non
3556 2280 3762 2342 posset,
3785 2271 4028 2342 exempli
4059 2288 4179 2342 gra—

2590 2368 2687 2429 tia,
2726 2365 2952 2420 Gabriel
2975 2380 3098 2418 esse
3129 2365 3184 2418 in
3206 2364 3370 2428 coelo,
3401 2363 3563 2417 simul
3589 2371 3646 2417 et
3679 2363 3823 2432 apud
3850 2362 4176 2432 Virginem;

2589 2475 2692 2513 nec
2719 2457 2864 2527 apud
2891 2456 3173 2510 Danielem
3198 2455 3253 2508 in
3282 2453 3603 2524 Babylonia,
3634 2463 3692 2507 et
3727 2454 3783 2506 in
3805 2453 4000 2554 Jqdaza
4030 2452 4175 2522 apud

2591 2550 2912 2603 llahbacum
2948 2565 2962 2600 :
2997 2545 3271 2616 siquidem
3313 2553 3498 2599 creata
3542 2554 3628 2599 est
3677 2543 3874 2598 natura
3914 2545 4058 2615 ejus.
4111 2543 4178 2598 At

2591 2640 2832 2708 Spiritus
2880 2646 3106 2692 sanctus
3153 2637 3247 2706 qui
3301 2638 3484 2690 omnia
3520 2637 3731 2706 implet,
3782 2643 3842 2690 et
3889 2636 3944 2688 in
3990 2634 4179 2689 Judata

2591 2731 2781 2785 aderat
2808 2729 3124 2799 prophetis;
3175 2739 3233 2782 et
3261 2728 3496 2797 captivis
3524 2728 3579 2781 in
3637 2726 3973 2796 Babylonia;
4000 2733 4059 2778 et
4081 2739 4181 2778 eos

2590 2822 2685 2890 qui
2736 2822 2793 2875 in
2845 2820 3078 2891 [Egypto
3116 2828 3296 2882 erant,
3362 2835 3472 2873 non
3525 2818 3855 2881 deserebat;
3916 2816 4182 2870 omnibus

2596 2928 2861 2982 przesens,
2916 2923 2974 2964 ut
3017 2911 3254 2980 quisque
3305 2925 3477 2979 capax
3543 2918 3687 2972 erat,
3735 2919 3793 2963 et
3849 2908 4178 2978 sapientiam

2593 3003 2821 3056 tradens
2864 3017 2966 3071 pro
3027 3001 3387 3069 proportione
3443 2999 3594 3054 lidei.
3646 2999 3933 3068 Siquidem
3985 3013 4181 3052 omnes

2593 3093 2875 3162 apostolos
2914 3092 3204 3162 implevit:
3239 3091 3307 3146 Et
3346 3090 3696 3161 loquebantur
3743 3092 3907 3143 variis
3956 3091 4175 3160 linguis,

916 3194 1145 3244 sanctus
1190 3195 1390 3236 manus
1430 3177 1615 3232 Ρθιτίε
1652 3193 1672 3268 εξ
1701 3174 1756 3228 Μ
1801 3171 1952 3268 (Ιυοξί
2001 3170 2323 3268 Ριθηξυδ-εξ
2519 3210 2563 3268 C
2597 3193 2750 3254 prout
2781 3182 3013 3253 Spiritus
3046 3193 3261 3236 sanctus
3284 3183 3446 3236 dabat
3477 3183 3551 3235 eis
3582 3183 3754 3251 eloqui
3795 3183 3877 3245 ⁸²;
3930 3191 3989 3236 ct
4017 3198 4177 3251 pere-

916 3277 1121 3351 phetiis
1153 3273 1470 3328 didicimus.
1500 3269 1557 3323 Si
1585 3266 1735 3321 enim
1784 3263 2066 3334 propheta:
2102 3261 2252 3331 pleni
2281 3260 2491 3330 Spiritu

917 3379 1110 3427 sancto
1137 3369 1444 3420 intererant
1470 3359 1675 3414 futuris
1714 3365 1973 3424 tauquam
2001 3353 2392 3424 praesentibus,
2429 3351 2494 3405 li-t

919 3469 1073 3531 quet,
1121 3455 1563 3526 quotiescunque
1595 3449 1790 3504 dicunt
1818 3464 1839 3499 ι
1863 3445 2029 3499 Facta
2059 3452 2136 3497 est
2178 3459 2364 3496 manus
2384 3441 2492 3496 Do-

921 3552 1053 3607 mini
1093 3562 1254 3618 super
1288 3561 1369 3598 me
1407 3544 1477 3606 ⁷³,
1525 3539 1828 3593 adventum
1880 3549 1980 3589 cos
2026 3531 2267 3600 Spiritus
2319 3532 2493 3586 sancti

923 3647 1212 3708 nuntiare;
1261 3638 1537 3710 siquidem
1587 3652 1686 3706 per
1732 3632 2001 3703 Spiritum
2051 3639 2306 3685 sanctum
2358 3631 2496 3685 fiunt

923 3738 1278 3810 prephctiae:
1324 3730 1473 3803 quod
1527 3744 1690 3784 nemo
1741 3727 1998 3781 dubitare
2043 3724 2232 3787 debet,
2279 3724 2374 3794 qui
2411 3723 2497 3777 in-

926 3828 1220 3888 tellexerit,
1271 3839 1394 3894 qua:
1445 3821 1704 3890 superius
1749 3819 1992 3872 diximus
2035 3815 2106 3870 de
2158 3814 2331 3885 digito
2376 3815 2498 3879 Dei,

923 3936 1045 3974 esse
1085 3919 1301 3972 scilicet
1337 3930 1464 3970 cum
1505 3911 1736 3980 digitum
1784 3910 2050 3979 Spiritum
2084 3915 2356 3968 sanctum,
2390 3922 2502 3974 quo

926 4010 1099 4080 digito
1141 4009 1227 4061 lex
1255 4005 1456 4077 Moysis
1498 4004 1553 4056 in
1585 4002 1824 4072 lapideis
1865 4001 2068 4054 tabulis
2100 3999 2224 4053 data
2248 4007 2353 4053 est.
2387 3998 2502 4051 Iloc

925 4102 1089 4154 etiam
1142 4099 1373 4153 Elismus
1426 4095 1480 4148 in
1517 4093 1806 4163 :cnigmatc
1831 4091 2179 4160 signiﬁcavit,
2227 4104 2354 4144 cum
2382 4088 2498 4142 ait:

928 4193 1157 4260 Accipite
1193 4189 1322 4242 milii
1351 4185 1689 4257 psallentcm.
1735 4183 1804 4236 Et
1843 4183 2042 4251 factum
2077 4191 2174 4245 est,
2204 4197 2325 4234 cum
2355 4179 2502 4249 psal-

929 4284 1058 4335 leret
1118 4282 1207 4350 qui
1259 4278 1555 4349 psallebat,
1621 4275 1763 4342 facta
1825 4281 1900 4326 est
1951 4288 2110 4342 super
2151 4288 2270 4325 eum
2313 4288 2504 4324 manus

931 4373 1140 4427 Domini
1167 4373 1248 4435 ⁸ος
1280 4380 1338 4424 et
1384 4368 1524 4423 dixit
1564 4363 1887 4420 declarandi
1940 4363 2118 4433 gratia
2157 4380 2170 4416 :
2203 4361 2272 4417 Et
2302 4360 2503 4429 factum

929 4475 1002 4519 est
1027 4463 1258 4534 Spiritus
1307 4461 1519 4516 Domini
1565 4473 1726 4527 super
1767 4472 1907 4509 eum.

2595 3276 2915 3345 griuahatur
2967 3290 3091 3329 cum
3132 3275 3649 3344 peregrinantibus;
3682 3283 3739 3327 et
3774 3289 3898 3327 cum
3929 3289 4177 3328 commo-

2594 3369 2849 3423 rantibus
2879 3367 3346 3434 commorabatur,
3402 3366 3686 3420 individue
3731 3374 3790 3420 et
3827 3366 4180 3434 impartibili-

2596 3469 2679 3514 ter
2693 3474 2820 3514 cum
2844 3459 3105 3513 omnibus
3133 3458 3422 3523 habitans;
3453 3465 3510 3511 et
3538 3456 3845 3512 Antiochia:
3869 3456 4177 3512 Barnabam

2594 3559 2652 3604 et
2698 3551 2926 3606 Saulum
2945 3549 3281 3614 ordinabat;
3317 3557 3375 3604 ct
3408 3565 3536 3604 eum
3575 3551 3739 3605 Petro
3768 3559 3936 3619 atque
3967 3549 4180 3604 Joanne

2600 3641 2653 3693 in
2686 3639 2932 3694 Samaria
2980 3641 3200 3704 aderat;
3246 3649 3303 3693 et
3339 3639 3408 3693 ad
3462 3641 3602 3695 alios
3638 3641 3862 3709 quidem
3915 3642 4181 3697 veniebat

2598 3748 2698 3802 per
2727 3732 3134 3801 impositionem
3178 3747 3443 3786 manuum
3478 3733 3854 3802 apostolorum
3904 3748 4008 3802 per
4040 3748 4181 3802 quos

2600 3823 2959 3891 loquebatur;
3025 3823 3166 3876 alios
3233 3838 3369 3877 vero
3427 3823 3498 3877 ad
3559 3822 3981 3892 praedandum
4051 3826 4181 3879 mit-

2603 3916 2772 3978 tebat,
2810 3914 2947 3967 alios
3001 3929 3109 3966 non
3162 3914 3380 3968 sinebat
3424 3915 3509 3968 ire
3553 3929 3666 3982 quo
3705 3915 3989 3968 volebant.
4055 3914 4182 3970 Hac

2601 4006 2784 4060 omnia
2850 4014 2980 4060 sunt
3042 4007 3292 4075 exempla
3368 4005 3683 4060 divinarum
3751 4007 4180 4076 operationum,

2602 4093 2804 4160 quibus
2861 4092 3171 4146 substantia
3221 4103 3414 4163 aperte
3465 4094 3804 4148 declaratur.

2675 4183 2911 4237 XXVIII.
2947 4182 3130 4236 Multis
3161 4183 3600 4253 digressionibus
3639 4198 3775 4238 usus
3810 4199 3935 4240 sum
3979 4196 4038 4241 et
4070 4186 4186 4241 for-

2607 4285 2750 4329 tasse
2779 4289 2888 4327 non
2919 4274 3215 4337 inutiliter,
3235 4290 3360 4329 cum
3389 4275 3730 4344 propositum
3759 4275 3931 4331 fuerit
3956 4278 4188 4334 demon-

2605 4375 2782 4419 strare
2818 4362 3072 4417 eamdem
3113 4380 3237 4420 esse
3280 4365 3679 4431 substantiam,
3712 4376 3770 4420 et
3808 4369 4186 4437 aequalitatem

2606 4469 2996 4523 personarum.
3041 4453 3226 4523 Longe
3275 4455 3424 4509 enim
3479 4455 3722 4510 alienum
3777 4466 3866 4512 est
3909 4473 3942 4512 a
3999 4470 4187 4514 sancta

997 4557 1211 4612 XXVII.
1252 4557 1700 4609 Dcmonstratum
1723 4562 1859 4618 ergo
1893 4556 1980 4602 est
2018 4546 2087 4600 iis
2110 4545 2206 4616 qui
2236 4561 2345 4601 non
2369 4561 2502 4601 eon-
2536 4545 2582 4603 l)
2607 4546 2879 4600 Trinitatc
2911 4545 3100 4600 dicere
3135 4547 3192 4601 in
3225 4563 3290 4602 ca
3325 4550 3504 4619 majus
3538 4558 3596 4604 et
3626 4551 3810 4603 minus
3847 4567 3860 4602 ε
3895 4550 4005 4605 cui
4041 4552 4187 4605 enim

933 4648 1212 4702 tradicunt
1257 4643 1625 4706 contentiose,
1665 4638 2194 4695 consubstantialem
2224 4652 2347 4693 esse
2375 4653 2505 4693 san-

933 4749 1076 4794 ctam
1103 4739 1466 4800 Trinitatem;
1517 4734 1680 4789 simul
1713 4733 1877 4787 etiam
1927 4730 2360 4786 demonstratum
2397 4739 2504 4793 est,

933 4831 1088 4885 nefas
1139 4843 1262 4883 esse
1314 4826 1678 4897 particulares
1735 4822 2074 4877 substantias
2134 4821 2441 4891 intelligere
2491 4838 2505 4873 :

936 4921 1082 4974 unde
1103 4920 1252 4974 enim
1273 4916 1775 4972 demonstravimus
1795 4921 2042 4967 mutuam
2064 4912 2510 4982 conjunctionem

936 5010 1320 5078 operationum
1370 5017 1415 5067 ν.
1455 5005 1581 5060 inde
1619 5019 1784 5058 unam
1819 5017 1941 5057 esse
1989 5001 2359 5056 substantiam
2404 5001 2512 5054 im-

938 5099 1254 5170 partibilem
1300 5096 1651 5150 manifestum
1704 5093 1959 5156 fecimus,
1987 5107 2186 5161 nempe
2229 5092 2509 5161 insepara-

943 5191 1081 5244 biles
1099 5204 1222 5243 esse
1246 5188 1608 5258 hypostases;
1647 5200 1774 5240 cum
1796 5199 1976 5253 neque
2009 5183 2181 5238 Filius
2204 5181 2325 5236 sine
2351 5181 2514 5235 Patre

1010 5345 1058 5375 ’⁸³
1092 5342 1236 5398 Psal.
1290 5357 1435 5396 xxvi.
1475 5340 1528 5392 8.

942 5499 1001 5547 ιι,
1029 5485 1083 5537 4.
1158 5483 1203 5514 ⁸³
1223 5481 1378 5536 Joan.
1406 5496 1510 5543 xlv,
1531 5478 1622 5532 9.8.

1620 5339 1667 5370 ’³⁵
1716 5337 1858 5391 Psal.
1914 5350 2095 5402 cxvnl,
2144 5334 2231 5387 18.
2306 5335 2350 5366 ’⁸
2402 5335 2545 5388 Psal.
2588 5351 2696 5396 xw.
2741 5338 2800 5391 2.

945 5413 990 5444 "'
1015 5414 1155 5468 Psal.
1197 5427 1378 5472 cxvtu,
1413 5409 1498 5462 73.
1574 5409 1621 5439 ⁷⁷⁵
1660 5407 1859 5461 Ezech.
1899 5422 1978 5468 ιιι,
2003 5407 2103 5469 2'3;
2137 5419 2316 5465 χχχιιι,
2349 5403 2448 5469 29.;
2479 5420 2675 5465 xxxvii,
2705 5407 2752 5459 f.

2605 4636 2810 4691 dicitur
2858 4637 3021 4690 Pater
3071 4639 3246 4708 major
3295 4639 3474 4705 Filio,
3514 4640 3660 4695 sicut
3707 4643 3981 4712 scriptum
4036 4654 4125 4700 est
4171 4663 4184 4698 :

2607 4727 2771 4782 Pater
2797 4732 2975 4801 major
3002 4744 3084 4784 me
3115 4737 3191 4782 est
3209 4728 3280 4794 ⁸³,
3301 4731 3517 4786 scilicet
3540 4733 3716 4802 major
3740 4732 3946 4787 dicitur
3973 4737 4184 4790 ratione

2607 4817 2899 4888 principii,
2931 4835 3043 4873 non
3095 4819 3311 4874 ratione
3357 4822 3679 4878 substantiae
3723 4843 3736 4876 :
3780 4823 4020 4881 fortasse
4060 4844 4186 4883 vero

2610 4906 2794 4961 minor
2840 4908 3000 4963 Patre
3051 4908 3258 4962 dicitur
3304 4909 3512 4975 Filius,
3553 4923 3832 4981 quatenus
3878 4913 4063 4971 factus
4109 4929 4187 4973 est

2614 4999 2797 5054 minor
2835 5001 3074 5072 angelis,
3105 5011 3332 5072 propter
3370 5005 3806 5074 assumptionem
3848 5007 4036 5062 carnis
4087 5028 4099 5062 ε
4138 5020 4188 5063 et

2614 5088 2722 5144 hoc
2753 5092 2927 5160 magis
2958 5093 3258 5146 tenendum
3290 5103 3376 5148 est
3413 5113 3426 5147 :
3460 5111 3570 5150 non
3598 5097 3746 5150 enim
3775 5095 3988 5152 dicitur
4018 5102 4188 5171 major

2614 5197 2737 5236 esse
2783 5181 2990 5253 Spiritu
3043 5194 3270 5250 sancto,
3309 5185 3406 5242 sed
3457 5187 3599 5243 Filio
3649 5187 3770 5242 solo
3815 5189 3914 5258 qui
3969 5205 4186 5247 carnem

2904 5340 2949 5370 ⁷⁸
2990 5338 3134 5393 Psal.
3193 5355 3381 5403 χχχιιι,
3430 5343 3517 5396 17.

2904 5343 2949 5370 ⁷⁸
2991 5343 3134 5393 Psal.
3193 5355 3381 5403 χχχιιι,
3430 5343 3517 5396 17.
3628 5344 3672 5375 ⁷⁷
3708 5343 3850 5398 Psal.
3919 5362 4034 5407 cm.
4098 5346 4182 5400 30.

2826 5407 2874 5438 ιο
2914 5407 2978 5438 IV
3010 5409 3122 5438 11η,-
3171 5425 3224 5438 ..ι
3278 5411 3341 5438 ΔΗ
3437 5412 3479 5438 ιι
3515 5413 3639 5438 ιιι-..
3701 5427 3766 5438 ....
3826 5413 3897 5438 an
3999 5418 4046 5438 ιι
4082 5420 4161 5438 ι-.

2914 5407 2978 5464 ιγ
3008 5409 3142 5479 Reg.
3171 5425 3248 5475 In,
3278 5411 3362 5466 l5.

3437 5412 3479 5442 "
3507 5413 3663 5468 Joan.
3701 5427 3791 5477 xx,
3826 5413 3918 5468 22.
3999 5418 4046 5448 "
4069 5420 4181 5471 Act.

2208 5581 2443 5638 VARUE
2481 5582 2890 5638 LECTIONES.

1013 5695 1035 5721 ι’
1068 5683 1196 5737 Mat.
1229 5685 1495 5750 conjunct.
1531 5689 1735 5749 operat.
1768 5677 2122 5750 ἀλληλουχζαν
2150 5678 2258 5750 τῶν
2307 5677 2604 5750 ἐνεργειῶιί
2640 5677 2988 5748 ἁλληλουχὶα.
3035 5681 3220 5738 Mutua
3265 5686 3563 5742 habitatio:
3596 5687 3668 5740 ita
3707 5698 3766 5742 ut
3796 5688 3964 5746 Pater
3997 5691 4184 5744 habeat

941 5754 1135 5807 l‘iliuui
1171 5755 1223 5805 in
1252 5747 1330 5808 se;
1358 5763 1412 5804 et
1439 5747 1612 5805 Filius
1654 5747 1903 5814 Patrem;
1939 5758 1993 5802 et
2032 5747 2272 5815 Spiritus
2319 5757 2539 5800 sanctus
2584 5747 2801 5802 Patrem
2845 5747 2906 5804 et
2957 5750 3190 5819 Filium;
3235 5765 3289 5809 et
3354 5755 3511 5810 Pater
3567 5767 3622 5811 et
3696 5757 3870 5812 Filius
3928 5762 4186 5832 Spiritum

951 5833 1190 5878 anetum.
