4462 6440
145 449 168 512 1
179 455 295 516 329

1180 462 1459 523 ORATIO
1502 462 1547 522 Ι.
1582 489 1644 497 -
1673 465 1770 523 DE
1809 467 1911 525 SS.
1953 465 2391 525 'l'lllNl'l‘.-\'I‘E.

3278 454 3413 518 1330

137 567 475 636 assumpsit.
516 567 573 620 In
623 567 931 621 substantia
977 568 1144 639 igitur
1189 568 1396 624 frustra
1440 582 1496 626 et
1537 588 1732 641 super-
1766 577 1807 631 A
1837 572 1967 640 quid
2002 572 2152 627 aliud
2178 571 2229 627 ei
2256 571 2567 625 faciendtuu
2597 577 2763 632 esset,
2794 569 2888 638 qui
2920 581 3147 639 propter
3174 569 3415 624 Charita-

138 669 330 709 vacue
369 658 545 725 majus
579 667 630 711 et
666 657 852 711 minus
886 658 1155 727 quaeritur
1196 678 1208 713 :
1248 661 1556 717 substantia
1590 660 1738 715 enim

138 762 260 799 non
308 748 508 817 recipit
553 751 728 819 majus
767 759 824 803 et
866 750 1083 814 minus,
1120 762 1181 805 ιιι
1215 753 1388 807 exteri
1429 753 1739 823 philosophi

138 838 404 892 tradunt.
446 841 617 895 Unam
665 841 832 904 igitur
878 842 1243 896 substantiam
1291 846 1646 913 profitemur,
1685 845 1739 898 in

136 946 256 999 qua
297 948 573 1000 generatis
619 942 674 986 et
710 934 960 1003 genitura
991 946 1049 990 et
1081 936 1388 1006 procedens
1423 953 1566 993 unus
1597 937 1742 992 Deus

137 1031 254 1073 εει.

220 1109 422 1165 XXIX.
459 1111 754 1178 Quomodo
788 1125 974 1169 autem
1011 1127 1310 1185 generatur
1344 1117 1619 1181 Verbum,
1653 1118 1739 1172 vel

140 1204 416 1270 procedit
473 1205 749 1274 Spiritus,
801 1223 871 1262 ne
920 1207 1141 1262 curiose
1193 1208 1571 1278 inquiramus;
1629 1224 1739 1263 non

134 1296 302 1348 cnim
359 1306 539 1351 tutum
592 1309 675 1353 est
717 1308 773 1353 et
819 1300 1071 1369 periculo
1132 1315 1384 1355 vacans:
1435 1301 1540 1355 hoc
1588 1301 1738 1354 enim

138 1387 506 1443 solummodo
550 1392 833 1461 cognitum
874 1399 959 1446 est
1000 1391 1293 1461 principio,
1327 1401 1384 1447 et
1427 1393 1493 1447 iis
1534 1392 1628 1461 qui
1673 1408 1741 1446 ex

139 1479 271 1546 ipso
308 1480 630 1536 ilill'erenter
658 1493 863 1537 exeunt
890 1500 901 1536 :
938 1484 1101 1538 nobis
1133 1499 1284 1548 vero,
1315 1485 1409 1554 qui
1449 1500 1545 1553 per
1577 1484 1737 1538 Iidem

140 1570 415 1625 instructi
442 1588 633 1626 sumus
651 1573 719 1628 ad
746 1575 1044 1645 perfectam
1072 1576 1316 1647 mysterii
1344 1577 1737 1647 cognitionem,

141 1660 288 1713 satis
332 1671 419 1715 est
459 1678 794 1731 cognoscere
838 1666 1008 1720 Deum
1056 1683 1225 1721 unum
1270 1683 1424 1731 esse,
1475 1674 1531 1721 et
1575 1684 1738 1725 unam

143 1764 415 1807 naturam
461 1754 799 1820 divinitatis,
843 1760 1097 1828 quamvis
1142 1759 1196 1812 in
1247 1759 1426 1814 tribus
1468 1762 1738 1825 cernitur,

142 1845 466 1915 principio,
500 1857 556 1901 et
597 1860 879 1913 creatore,
908 1861 964 1905 et
1007 1851 1319 1921 perfectore
1376 1869 1389 1905 :
1444 1852 1546 1906 tria
1589 1852 1738 1907 enim

1844 670 1949 715 teut
1976 663 2143 717 vellet
2166 676 2264 716 eos
2290 662 2383 731 qui
2409 676 2599 715 errore
2626 660 2910 725 labuntur,
2933 660 3224 725 dedocere,
3248 676 3412 731 quam

1840 766 1974 806 voce
2007 754 2184 822 patria
2214 761 2270 807 et
2297 753 2495 807 usitata
2527 751 2873 807 auditoribus
2910 752 3026 807 uti?
3061 760 3122 805 ut
3153 767 3219 805 ex
3252 751 3415 805 nobis

1841 841 1977 911 ipsis
2024 844 2175 913 quod
2220 846 2431 915 justum
2483 853 2596 908 est,
2641 842 2974 913 judicctuus.
3020 842 3212 898 Omnis
3265 842 3413 897 enim

1840 934 2006 989 homo
2063 935 2340 990 hominem
2390 936 2625 990 similem
2686 934 2990 989 secundum
3050 934 3412 989 substantiam

1840 1035 2096 1095 generat;
2135 1037 2191 1081 et
2224 1029 2404 1082 onmis
2436 1030 2529 1097 qui
2563 1038 2822 1098 generat,
2855 1038 3009 1097 pater
3038 1037 3153 1089 est;
3190 1036 3247 1081 et
3280 1027 3412 1080 item

1840 1119 1934 1187 qui
1976 1127 2295 1187 generatur,
2326 1119 2501 1185 ﬁlius;
2545 1130 2744 1174 neuter
2774 1128 2957 1173 autem
2990 1130 3069 1173 est
3108 1119 3302 1188 major,
3329 1118 3411 1171 vel

1846 1210 2029 1264 tninor
2052 1219 2248 1265 natura
2280 1229 2292 1263 :
2324 1226 2427 1265 nec
2456 1212 2655 1281 aliquis
2683 1211 2887 1266 dicitur
2915 1226 3106 1264 creare
3138 1225 3287 1271 eum,
3318 1208 3413 1278 qui

1840 1318 1906 1355 ex
1959 1305 2074 1372 ipso
2123 1312 2419 1373 generatur
2466 1320 2479 1356 :
2529 1313 2585 1357 et
2634 1305 2736 1357 hoc
2785 1303 3101 1373 quicunque
3150 1310 3234 1355 est
3272 1316 3416 1354 sana:

1842 1392 2072 1455 mentis,
2099 1401 2159 1445 ut
2186 1392 2430 1458 videtur,
2461 1392 2840 1456 confitebitur,
2869 1393 3090 1448 discens
3121 1407 3189 1447 ex
3218 1394 3415 1446 huma-

1842 1484 1947 1547 nis,
1981 1484 2163 1553 quoad
2208 1483 2326 1539 fieri
2372 1492 2576 1555 potest,
2610 1484 2819 1539 divina.
2857 1486 2960 1551 Qui
3005 1486 3153 1540 enim
3193 1494 3418 1555 generat

1843 1576 2016 1629 ﬁlium
2047 1576 2296 1647 ejusdem
2327 1592 2513 1631 secum
2538 1577 2881 1639 substantim,
2907 1577 3232 1631 naturaliter
3253 1592 3417 1647 gene-

1842 1676 1925 1722 rat
1974 1686 1985 1721 :
2030 1669 2127 1739 qui
2171 1678 2357 1723 autem
2406 1678 2589 1732 creat,
2631 1668 2779 1723 aliud
2823 1667 3052 1721 diversa":
3097 1668 3419 1722 substantia:

1840 1769 2020 1826 creat;
2067 1774 2125 1815 et
2167 1776 2451 1830 nunquam
2497 1761 2667 1815 lilium
2713 1778 2726 1814 :
2773 1775 2944 1829 quare
2987 1762 3033 1815 si
3078 1759 3297 1830 genitus
3333 1768 3420 1814 est

1844 1851 2037 1913 Filius,
2061 1866 2172 1904 non
2202 1860 2289 1904 est
2316 1859 2600 1911 creatura;
2630 1859 2686 1904 et
2713 1849 2758 1903 si
2790 1859 2988 1903 natura
3018 1850 3180 1904 Pater
3208 1859 3293 1904 est
3322 1849 3416 1917 qui

144 1937 383 1989 nomina
429 1948 560 1993 sunt
600 1941 750 1994 circa
797 1957 958 1994 unam
1002 1942 1404 2007 substantiam,
1438 1952 1494 1997 et
1537 1960 1737 1997 unum—
1770 1930 1811 1981 Β
1841 1942 2052 2009 genuit,
2077 1957 2189 2011 quo
2215 1942 2381 1996 modo
2408 1941 2624 1996 dicetur
2654 1949 2871 1995 creator
2902 1943 3112 2010 geniti?
3144 1941 3295 1995 llanc
3324 1957 3421 1996 na-

143 2028 425 2096 quothue
458 2046 623 2083 unam
659 2031 996 2102 hypostasim
1033 2033 1275 2088 declarat
1307 2051 1417 2087 non
1454 2045 1743 2089 transeun-

148 2130 268 2171 tem
313 2119 369 2172 in
408 2120 594 2185 aliam,
621 2132 678 2176 et
713 2122 910 2177 factam
943 2124 1090 2193 quod
1127 2142 1235 2179 non
1266 2134 1405 2179 erat.
1433 2125 1528 2179 lla:
1559 2134 1741 2180 autem

146 2219 289 2262 sunt
326 2210 512 2277 Pater,
539 2223 595 2267 et
630 2214 837 2279 Filius,
868 2224 924 2268 et
960 2215 1204 2284 Spiritus
1237 2225 1465 2272 sanctus
1500 2235 1513 2268 :
1549 2217 1741 2272 eadem

145 2302 309 2353 enim
348 2304 647 2370 sazpissime
692 2305 879 2359 dicere
924 2307 1127 2369 tutius,
1158 2315 1215 2361 et
1248 2308 1466 2361 cautius
1506 2317 1593 2361 est
1631 2327 1642 2361 :
1686 2308 1741 2361 in

149 2391 241 2444 his
286 2392 581 2448 initiantur
628 2394 683 2449 in
720 2396 1032 2465 baptismo,
1065 2406 1122 2452 et
1160 2398 1394 2451 salutem
1439 2413 1537 2467 per
1578 2397 1742 2451 fidem

148 2496 545 2552 reportamus;
581 2496 636 2541 et
670 2488 737 2541 ad
770 2488 938 2542 vitam
977 2489 1344 2545 immortalem
1377 2498 1433 2544 et
1462 2505 1744 2558 nunquam

149 2586 546 2631 senescentem
578 2594 641 2633 ac
683 2578 883 2633 inﬁniti
927 2580 1114 2634 saeculi
1144 2580 1413 2644 redimus,
1456 2580 1746 2635 credentes

152 2665 207 2718 in
271 2666 482 2735 quibus
536 2667 801 2738 baptizati
860 2685 1087 2734 sumus,
1144 2678 1200 2723 et
1258 2669 1463 2738 quibus
1515 2669 1743 2739 ascripti

151 2774 359 2813 sumus
407 2778 419 2812 :
466 2760 524 2815 bi
570 2771 754 2817 autem
794 2770 928 2817 sunt
964 2779 1108 2817 unus
1147 2763 1295 2815 Deus
1333 2762 1507 2827 solus,
1539 2761 1593 2815 in
1635 2776 1745 2830 quo

152 2865 479 2920 generans,
520 2863 579 2907 et
620 2854 875 2923 genitus,
920 2862 977 2909 et
1026 2854 1336 2924 procedens
1386 2869 1530 2907 unus
1579 2853 1743 2907 Deus.

152 2944 399 2998 Omissis
418 2944 583 3014 igitur
594 2946 911 3015 superfluis,
927 2957 1242 3001 sanctorum
1256 2947 1486 3001 vocibus
1502 2954 1746 3010 utamur,

153 3049 289 3101 qum
325 3036 489 3089 nobis
510 3035 659 3105 'ipsis
700 3036 850 3106 quod
894 3047 1074 3092 tutum
1118 3046 1289 3091 estet
1321 3035 1487 3089 simul
1529 3049 1559 3087 a
1595 3034 1746 3103 peri-

154 3124 293 3177 culo
321 3134 502 3188 vacat,
535 3126 805 3194 praebent.
832 3127 925 3182 lle
951 3136 1137 3182 autem
1168 3142 1333 3182 voces
1364 3127 1746 3197 theologorum

154 3215 543 3282 generationis
579 3219 980 3283 meminerunt,
1015 3220 1359 3273 declarantes
1392 3220 1553 3289 plane
1590 3220 1746 3274 babi-

157 3308 455 3373 tudinem,
492 3325 655 3379 quam
701 3311 868 3365 habet
902 3310 1241 3382 principium
1284 3312 1351 3365 ad
1390 3328 1516 3367 eum
1551 3313 1645 3381 qui
1681 3327 1748 3367 ex

158 3398 289 3469 ipso
332 3400 611 3472 principio
660 3404 881 3464 exsistit
925 3421 937 3456 :
989 3403 1105 3473 Ego
1150 3404 1328 3465 enim,
1360 3404 1566 3473 inquit,
1598 3404 1749 3457 hodie

156 3494 323 3560 genui
361 3501 411 3546 te
430 3493 507 3557 “;
550 3504 606 3548 et
647 3511 660 3547 :
695 3494 833 3550 Ante
879 3493 1157 3563 luciferum
1196 3496 1353 3564 genui
1396 3503 1444 3546 te
1464 3495 1542 3559 ⁸⁵;
1584 3504 1749 3563 atque

162 3579 287 3634 haec
320 3579 548 3649 quidem
589 3590 848 3651 tanquam
884 3598 915 3637 a
948 3583 1222 3653 principio
1263 3603 1274 3636 :
1310 3584 1380 3638 ab
1415 3583 1530 3653 ipsa
1564 3593 1748 3639 autem

162 3670 459 3742 Sapientia
511 3672 646 3728 illud
694 3674 903 3729 dictum
952 3683 1040 3730 est
1092 3692 1106 3728 :
1159 3676 1296 3729 Ante
1352 3692 1532 3729 omnes
1587 3676 1749 3731 colles

162 3771 393 3833 generat
445 3780 526 3817 me
548 3765 618 3829 ⁸⁸,
667 3765 813 3818 Deus
857 3766 1093 3821 scilicet.
1134 3766 1442 3820 Didicimus
1488 3776 1749 3835 praeterea

159 3854 597 3923 appellationem
638 3854 818 3909 Patris
858 3873 871 3909 :
914 3855 1079 3910 Pater
1118 3858 1259 3909 enim
1299 3857 1439 3909 misit
1480 3872 1561 3909 me
1583 3857 1648 3919 ⁸⁷,
1673 3857 1751 3911 ait

162 3946 450 4011 Salvator;
483 3954 540 4001 et
576 3963 590 4001 :
622 3946 734 4017 Ego
766 3965 800 4001 α
828 3946 990 4001 Patre
1018 3948 1185 4011 exivi,
1212 3956 1262 4000 et
1292 3948 1440 4001 venio
1457 3948 1525 4011 ⁸⁸,
1555 3955 1611 4002 et
1643 3946 1748 4002 alia

163 4038 831 4109 ejusmodi.\'ocaverunt
852 4047 1033 4093 autem
1060 4038 1365 4108 Scriptura:
1392 4050 1596 4095 saneta:
1621 4055 1749 4094 eum

163 4132 262 4199 qui
314 4130 537 4199 genitus
583 4139 702 4194 est,
738 4130 972 4195 Filium;
1022 4130 1168 4184 sicut
1211 4146 1339 4184 eum
1381 4129 1477 4199 qui
1522 4131 1747 4200 genuit,

166 4221 397 4274 Patrem
452 4238 466 4273 :
509 4219 677 4274 Filius
724 4222 911 4285 enim,
946 4221 1156 4290 inquit,
1188 4237 1332 4275 meus
1380 4237 1432 4274 es
1482 4229 1539 4275 tu
1560 4220 1626 4276 ⁸⁸.
1660 4222 1753 4276 Sic

166 4314 358 4368 divina
397 4313 682 4384 Scriptura
724 4314 932 4369 nostris
971 4314 1294 4369 nominibus
1328 4330 1431 4369 nos
1462 4314 1530 4368 ad
1563 4330 1750 4369 veram

166 4405 551 4476 cognitionem
601 4406 897 4469 instruxit,
931 4406 1027 4475 qui
1076 4420 1188 4459 non
1237 4412 1553 4475 poteramus
1591 4405 1752 4461 aliter

171 4496 363 4551 ἀθωτί
394 4511 461 4550 ea
489 4510 613 4565 quae
641 4495 874 4564 spiritus
906 4504 1039 4551 sunt
1074 4512 1088 4548 :
1125 4510 1228 4549 nec
1260 4495 1408 4549 enim
1443 4495 1572 4564 quia
1605 4495 1752 4551 Deus

1844 2032 2076 2085 turalem
2114 2032 2495 2101 cognationem
2529 2047 2596 2085 ex
2629 2029 2835 2085 nostris
2868 2029 3185 2084 nominibus
3218 2045 3419 2099 cogno-

1844 2124 2048 2188 vimus;
2080 2134 2339 2179 czeterum
2370 2124 2556 2177 divina
2585 2133 2736 2177 tanto
2761 2124 2848 2177 his
2880 2123 3199 2177 nominibus
3222 2124 3417 2177 altiora

1841 2223 1989 2275 sunt,
2009 2224 2219 2282 quanto
2246 2213 2336 2266 illa
2362 2223 2556 2267 natura
2588 2222 2777 2265 nostra
2806 2212 3000 2265 humili
3032 2220 3230 2265 natura
3257 2212 3421 2265 altior

1838 2315 1943 2361 est.
1966 2305 2351 2359 Consentauca
2382 2304 2470 2357 bis
2496 2314 2686 2358 tenere
2707 2312 2925 2373 oportet
2947 2316 3064 2366 eos,
3086 2302 3183 2372 qui
3206 2301 3419 2366 volunt,

1845 2408 1905 2450 ut
1930 2396 2025 2450 Dei
2054 2397 2311 2451 voluntas
2337 2404 2444 2459 est,
2473 2395 2676 2450 vivere.

1914 2486 2104 2541 XXXI.
2135 2488 2193 2542 Si
2225 2496 2408 2542 autem
2439 2486 2695 2541 nonnulli
2724 2494 2918 2541 contra
2950 2496 3205 2541 naturam
3235 2500 3421 2539 rerum

1843 2581 2209 2651 cogitationes
2254 2581 2449 2635 inanes
2496 2579 2839 2634 fabricantur
2883 2593 3144 2648 perverso
3190 2577 3424 2633 consilio

1842 2681 1900 2728 et
1933 2671 2241 2743 proposito,
2269 2671 2419 2740 quod
2456 2670 2559 2725 sibi
2596 2670 2699 2739 ipsi
2736 2669 2793 2723 in
2826 2670 3030 2723 malum
3067 2682 3229 2723 suum
3264 2677 3322 2722 et
3352 2665 3422 2721 ad

1844 2762 2235 2832 decipiendum
2292 2761 2661 2832 simpliciores
2708 2762 3127 2829 excogitarunt,
3173 2773 3314 2813 vana
3364 2764 3425 2813 et

1847 2854 2031 2908 inania
2075 2852 2415 2908 meditantur
2462 2871 2476 2906 :
2532 2851 2597 2905 Et
2643 2861 2820 2921 erunt,
2858 2850 3057 2919 inquit,
3094 2848 3426 2919 frauduleuti

1848 2946 2095 3015 frustrati
2110 2946 2420 3009 venatione;
2440 2960 2541 2998 nec
2556 2946 2703 2998 enim
2721 2945 3006 2998 veritatem
3025 2951 3423 3011 assequuntur;

1849 3052 2028 3106 neque
2065 3044 2294 3091 vertunt
2335 3051 2454 3098 res,
2490 3044 2685 3090 contra
2722 3049 2859 3103 quas
2898 3042 3104 3087 novant
3138 3032 3364 3086 nomina
3408 3049 3422 3084 :

1852 3127 1955 3183 ﬁxa
1997 3128 2146 3182 enim
2187 3136 2271 3182 est
2302 3136 2500 3181 natura
2536 3140 2749 3189 rerum;
2786 3133 2842 3178 et
2875 3138 2987 3177 non
3023 3122 3338 3177 movebitur
3370 3121 3427 3175 in

1852 3220 2114 3275 saeculum
2150 3220 2370 3284 8336"“;
2408 3219 2502 3273 sed
2539 3226 2601 3271 ut
2631 3226 2779 3278 erat,
2811 3225 2868 3271 et
2898 3224 3011 3278 est,
3043 3215 3123 3270 sic
3156 3220 3341 3270 manet
3370 3223 3427 3268 et

1854 3314 2197 3383 permanebit
2234 3330 2247 3365 :
2283 3328 2386 3367 nec
2420 3312 2535 3367 btee
2568 3320 2662 3365 aut
2697 3310 2786 3363 illa
2823 3308 3119 3379 appellatio
3152 3307 3425 3362 rationem

1851 3406 1971 3475 ejus
2009 3404 2065 3458 in
2101 3405 2252 3459 aliud
2292 3403 2596 3473 quidquam
2640 3401 2906 3465 mutabit,
2937 3399 3007 3454 ab
3044 3414 3113 3454 eo
3148 3397 3297 3467 quod
3338 3412 3427 3452 se-

1852 3495 2093 3549 cundum
2126 3503 2378 3549 naturam
2410 3502 2517 3558 est,
2542 3492 2783 3546 alienum
2811 3510 2823 3544 :
2854 3490 3130 3561 posterior
3152 3488 3304 3544 enim
3336 3496 3425 3543 est

1854 3583 2133 3655 impositio
2165 3584 2480 3647 nominum;
2510 3582 2833 3652 prioresque
2856 3592 2987 3635 sunt
3012 3596 3103 3635 res
3126 3580 3194 3634 de
3223 3579 3429 3649 quibus

1852 3676 2075 3730 nomina
2111 3674 2397 3730 dicuntur.
2429 3675 2486 3730 Si
2530 3674 2699 3745 igitur
2726 3684 2939 3729 natura:
2976 3688 3159 3727 rerum
3204 3671 3427 3726 nomina

1853 3765 2215 3827 conveniunt,
2245 3773 2303 3819 et
2337 3764 2392 3818 in
2426 3778 2520 3819 eas
2557 3778 2645 3819 res
2682 3763 2917 3833 pulchre
2950 3762 3128 3817 oratio
3159 3761 3424 3831 quadrat;

1851 3871 1984 3910 vera
2029 3856 2231 3910 merito
2266 3862 2499 3910 vocatur
2538 3857 2745 3910 nullam
2793 3855 3086 3909 incurrens
3124 3854 3427 3924 reprehen-

1853 3944 2063 4001 sionem
2113 3964 2127 3999 :
2169 3946 2254 4001 sin
2297 3957 2480 4001 autem
2524 3956 2715 4001 contra
2755 3962 2867 4001 non
2909 3946 3209 4001 convenire
3248 3959 3429 4014 neque

1853 4035 2125 4104 quadrare
2162 4035 2493 4104 reperiatur,
2520 4034 2872 4089 manifestum
2905 4043 3020 4097 est,
3048 4033 3274 4103 probari
3307 4048 3427 4088 esse

1854 4124 2045 4179 falsam
2089 4140 2101 4176 :
2142 4132 2329 4177 manet
2368 4138 2499 4177 vero
2541 4139 2629 4177 res
2666 4138 2788 4192 quae
2826 4122 3131 4176 secundum
3174 4130 3429 4176 naturam

1853 4216 2153 4271 constituta
2188 4222 2296 4277 est,
2328 4215 2480 4268 nullo
2516 4213 2867 4268 incommodo
2902 4230 2971 4269 ex
3002 4212 3139 4268 falsa
3176 4214 3430 4268 oratione

1853 4315 2099 4376 accepto.
2124 4306 2303 4375 Atque
2328 4306 2432 4359 hoc
2454 4306 2675 4375 quidem
2706 4306 2761 4359 in
2792 4321 3123 4375 unaquaque
3154 4321 3212 4360 re
3232 4322 3428 4360 verum

1853 4414 1975 4453 esse
2016 4398 2340 4467 comperiet,
2366 4398 2411 4451 si
2451 4400 2578 4466 quis
2616 4408 2828 4466 qumrat
2865 4416 2879 4452 :
2916 4398 3065 4467 quod
3106 4398 3152 4451 si
3194 4398 3248 4451 in
3290 4413 3426 4448 tma-

1854 4506 2069 4560 quaque
2118 4506 2207 4552 re,
2257 4489 2431 4543 multo
2478 4488 2653 4558 magis
2701 4489 2755 4541 in
2802 4488 3009 4543 divinis
3055 4483 3427 4556 dogmatibus.

172 4588 421 4657 propriis
444 4595 503 4641 et
527 4587 876 4641 naturalibus
905 4586 1227 4641 nominibus
1250 4585 1543 4657 indigeret,
1562 4596 1750 4641 nostra
1785 4596 1829 4653 D
1856 4583 2038 4636 Fallax
2062 4581 2211 4635 enim
2237 4580 2414 4633 oratio
2436 4578 2655 4647 aliquos
2677 4576 2849 4642 fallet,
2868 4585 2927 4632 et
2954 4576 3204 4632 fortassis
3230 4590 3260 4627 a
3288 4572 3433 4625 veri-

171 4680 275 4733 sibi
317 4678 647 4742 vindicavit,
680 4685 738 4732 et
780 4693 877 4747 per
921 4687 1131 4742 nostra,
1166 4687 1227 4732 ut
1266 4676 1477 4733 dictum
1516 4686 1620 4742 est,
1652 4693 1752 4733 sua

172 4786 274 4826 nos
304 4770 522 4824 docuit.

243 4861 418 4917 XXX.
450 4860 606 4914 Sicut
650 4859 819 4930 igitur
868 4858 915 4913 si
961 4858 1118 4927 quis,
1153 4873 1278 4912 cum
1325 4857 1493 4913 vellet
1535 4857 1755 4914 tradere

176 4954 375 5007 aliene
403 4948 615 5004 nationi
648 4950 840 5004 utilem
870 4948 1243 5017 disciplinam,
1269 4962 1501 5016 eamque
1534 4947 1601 5002 ad
1640 4963 1755 5003 me-

178 5044 377 5098 liorem
421 5050 627 5096 statutn
664 5050 721 5095 et
752 5042 1015 5110 optimam
1054 5039 1179 5094 vita:
1214 5054 1464 5093 normam
1501 5038 1756 5103 erudire;

180 5136 363 5189 inanis
395 5134 619 5203 penitus
648 5144 795 5189 esset
822 5148 991 5202 opera
1027 5133 1148 5201 ejus
1180 5139 1239 5186 et
1267 5131 1537 5190 studium,
1567 5131 1611 5184 si
1648 5131 1757 5183 Iin-

180 5241 279 5293 gua
316 5240 420 5281 sua
450 5232 723 5287 uteretur,
752 5239 877 5278 cum
913 5223 989 5277 illi
1023 5223 1117 5291 qui
1152 5222 1259 5276 alia
1293 5222 1479 5292 lingua
1520 5224 1757 5290 loquun-

183 5327 292 5382 tur,
316 5333 432 5373 non
461 5324 691 5387 possunt
711 5314 813 5370 nisi
837 5315 1116 5385 propriam
1140 5313 1383 5384 linguam
1409 5312 1714 5381 intelligere
1741 5328 1754 5364 :

254 5474 300 5502 "
325 5472 469 5528 Psal.
494 5487 550 5535 ll,
573 5471 622 5523 7.
700 5468 745 5501 "
766 5470 903 5524 Psal.
931 5485 1036 5529 eis,
1058 5467 1111 5523 5.
1188 5465 1234 5498 "
1257 5467 1415 5522 Prov.
1444 5483 1514 5532 vi,
1541 5465 1630 5520 ‘23.

1707 5463 1751 5496 "
1774 5464 1931 5519 Joan.
1960 5482 2010 5529 v,
2037 5465 2123 5519 5‘3.

1860 4682 1965 4727 tate
1987 4672 2226 4726 abducet
2244 4686 2340 4725 eos
2359 4670 2452 4740 qui
2476 4685 2587 4724 non
2613 4677 2747 4723 sunt
2766 4684 2830 4722 ea
2854 4666 3083 4731 imbuti;
3110 4680 3218 4718 non
3243 4673 3432 4720 tamen

1857 4764 2095 4819 mutabit
2124 4771 2375 4817 naturam
2406 4762 2474 4815 de
2504 4777 2611 4831 qua
2641 4760 3035 4831 pronuntiatur
3074 4775 3088 4811 :
3130 4771 3243 4811 non
3279 4756 3428 4811 enim

1854 4865 2003 4913 esset
2036 4864 2234 4910 natura
2273 4854 2525 4910 oratione
2564 4852 2858 4915 valentior,
2897 4851 2943 4906 si
2981 4864 3120 4906 sono
3161 4845 3434 4903 orationis

1857 4962 1944 5001 I'CS
1974 4954 2341 5000 mutarentur.

1928 5036 2142 5090 XXXII.
2179 5034 2284 5090 Sed
2327 5033 2610 5102 deinceps,
2641 5031 2771 5101 quia
2813 5028 3065 5084 fortassis
3102 5027 3217 5082 luce
3254 5025 3433 5079 oratio

1856 5138 1941 5181 est
1964 5127 2365 5197 longiorjusto,
2385 5124 2451 5179 ad
2479 5126 2636 5179 aliam
2667 5136 2980 5193 pergemus,
2999 5119 3085 5174 vel
3113 5118 3298 5187 potius
3322 5132 3429 5170 non

1858 5218 1927 5273 ad
1953 5219 2114 5272 aliam
2146 5235 2161 5272 :
2195 5216 2375 5270 adhuc
2401 5217 2549 5270 enim
2585 5214 2636 5267 in
2669 5212 2876 5268 eisdem
2908 5218 3178 5275 versatur,
3211 5207 3430 5263 tametsi

1860 5310 2036 5364 variat
2058 5308 2285 5363 materia
2308 5306 2820 5378 argumentationis.

2200 5463 2245 5497 ⁸⁸
2266 5465 2421 5520 Joan.
2450 5481 2555 5523 xvi,
2578 5464 2665 5520 28.
2747 5464 2789 5491 '"‘
2814 5462 2953 5518 Psal.
2983 5477 3041 5523 ll,
3066 5460 3115 5511 7.
