4462 6440
856 379 980 441 I332
2005 397 2062 453 Β.
2103 396 2493 455 ΑΝΑΒΤΛδΙΙ
2541 400 2618 454 Α)

2367 398 2493 454 ιδιι
2541 400 3005 458 AN'i'lUCllENI
3977 399 4129 462 i332

883 557 2626 583 ...η-...Μ

2451 703 2528 761 II.

2019 816 2119 874 DIC
2159 818 2899 881 INCIINZUMSCRIP'I'U.

927 1066 968 1121 Ι.
996 1067 1192 1122 Omnia
1226 1068 1394 1123 audet
1416 1070 1599 1140 lingua
1627 1071 1841 1136 dolosa,
1872 1088 1996 1141 qua:
2027 1085 2081 1127 et
2101 1074 2424 1129 Creatorem
2457 1079 2500 1136 Α
2532 1091 2708 1143 rante,
2731 1081 2847 1135 sine
2874 1098 2986 1151 quo
3009 1099 3130 1137 esse
3157 1100 3268 1139 non
3299 1092 3498 1154 potest.
3524 1085 3615 1139 Sic
3644 1103 3656 1137 :
3686 1087 3814 1139 (.‘wti
3844 1099 4122 1137 enarnmt

851 1157 1178 1245 contemnit.
1214 1166 1269 1211 cl
1304 1175 1424 1227 qttte
1460 1161 1580 1228 ejus
1619 1161 1796 1215 virtus
1834 1164 1925 1226 sit,
1963 1180 2072 1216 non
2117 1165 2305 1216 sentit.
2345 1164 2430 1218 Sit
2530 1172 2758 1241 gloriam
2792 1173 2920 1236 Dei;
2953 1183 3002 1227 et
3036 1193 3194 1242 opera
3233 1194 3487 1228 manuum
3531 1177 3642 1245 ejus
3679 1179 3973 1228 annuntiat
4013 1177 4118 1243 ﬁr-

853 1244 1014 1298 nobis
1047 1246 1312 1300 Dominus
1345 1249 1550 1301 auxilio
1586 1252 1735 1319 spei,
1771 1253 2083 1322 tribttatque
2117 1270 2427 1308 sermonem
2531 1269 2856 1313 ntamcntnm
2879 1263 2953 1326 9‘;
2996 1278 3104 1316 non
3146 1265 3311 1318 seutcl
3354 1244 3586 1328 factum,
3620 1273 3676 1318 et
3712 1281 3741 1317 a
3774 1265 4120 1318 fabricatore

854 1336 1161 1403 prudentia:
1205 1346 1430 1405 propter
1470 1354 1569 1393 eos
1615 1341 1710 1409 qui
1757 1343 1995 1396 fructum
2047 1345 2330 1413 percipere
2373 1357 2430 1400 ct
2531 1365 2631 1403 suo
2663 1351 2982 1418 alienatum,
3015 1369 3234 1423 semper
3264 1359 3410 1410 enim
3447 1357 3656 1425 indiget
3687 1368 4116 1422 conservatorc,

853 1428 1204 1495 prudentiam
1249 1445 1451 1498 augere
1473 1432 1705 1500 cupiunt
1746 1451 1756 1484 :
1799 1442 1853 1485 tu
1891 1451 2045 1498 vero,
2070 1437 2426 1501 charissimc,
2531 1443 2624 1511 qui
2670 1460 2777 1497 non
2820 1445 2950 1498 sinit
2989 1455 3352 1501 veterascere.
3381 1448 3556 1512 Unde,
3589 1449 3718 1518 quia
3755 1465 3920 1503 omne
3965 1451 4119 1519 quod

852 1534 922 1571 lic
963 1535 1085 1612 Cum
1128 1521 1230 1582 eis,
1265 1521 1408 1576 sicut
1441 1523 1710 1593 scriptum
1745 1536 1831 1578 est
1854 1527 1918 1589 °°.
1954 1536 2173 1594 pactum
2207 1528 2376 1581 facias
2413 1547 2426 1580 :
2531 1541 2644 1607 pati
2679 1549 2881 1608 potest,
2903 1556 3014 1594 nou
3044 1549 3366 1595 renovatum
3393 1544 3717 1607 vcterascit;
3747 1544 3893 1612 quod
3925 1554 4119 1598 autem

851 1625 946 1661 eos
987 1610 1132 1673 dico,
1167 1613 1260 1680 qtti
1303 1613 1472 1667 Deum
1519 1615 1881 1681 imminuent,
1913 1627 1970 1672 ct
2008 1618 2252 1673 divinatn
2295 1622 2428 1675 sub-
2531 1638 2732 1682 natura
2759 1639 3104 1685 veterascere
3137 1641 3339 1701 potest,
3366 1648 3476 1686 non
3503 1610 3853 1687 veterascens
3884 1651 4123 1688 renova-

852 1707 1112 1757 stantiam
1154 1707 1645 1773 circumscribunt,
1673 1721 1729 1764 et
1761 1723 2031 1781 quantum
2069 1715 2123 1766 itt
2159 1715 2293 1782 ipsis
2324 1725 2429 1778 est,
2533 1730 2623 1772 tttr
2655 1738 2667 1771 :
2701 1720 2905 1773 cmlum
2943 1721 3112 1789 igitur
3138 1731 3193 1774 et
3221 1723 3464 1776 cwlestia
3498 1738 3730 1792 corpora
3762 1740 3888 1790 qua!
3922 1724 4121 1776 hacte-

855 1795 1080 1848 tradunt
1111 1813 1343 1851 vacuum
1388 1815 1511 1854 esse
1555 1803 1874 1855 universum
1920 1821 1949 1856 a
1996 1804 2259 1859 Creatore
2307 1807 2432 1858 uni-
2535 1827 2638 1863 nus
2667 1813 2810 1866 sicut
2835 1829 2864 1866 a
2894 1812 3166 1881 principio
3194 1813 3334 1866 facta
3366 1824 3513 1877 sunt,
3541 1815 3765 1879 durant,
3796 1815 4124 1868 renovatio-

853 1885 1001 1936 versi
1035 1903 1046 1937 :
1074 1887 1167 1954 qui
1199 1888 1456 1943 videntur
1483 1891 1556 1958 pii
1585 1907 1729 1952 esse,
1754 1893 2104 1960 impudenter
2130 1895 2430 1963 blasphemi
2537 1919 2660 1955 nem
2690 1903 2744 1956 in
2770 1918 2827 1956 se
2849 1903 3096 1970 quotidie
3122 1904 3239 1956 fieri
3268 1905 3603 1968 ostendunt;
3634 1905 4120 1970 conservationem

855 1985 1016 2040 Slllll,
1061 1979 1263 2032 divin-'0
1311 1992 1521 2037 natura}
1571 1985 1992 2054 amplitudinem
2041 1997 2336 2054 negantes,
2380 1995 2436 2041 et
2534 2009 2667 2047 vero
2690 1995 3265 2047 vocorenovatitmem
3295 2014 3306 2047 :
3333 2005 3922 2049 conservatantemea
3946 1996 4118 2057 Dens,

855 2069 1096 2135 linguam
1139 2087 1294 2126 suam
1338 2074 1707 2143 importunam
1748 2086 1805 2131 et
1837 2078 2124 2147 loquacem
2167 2080 2223 2132 in
2261 2081 2434 2134 Deum
2535 2083 2813 2156 quomodo
2846 2083 3040 2137 auecta
3074 2091 3223 2136 sunt.
3257 2083 3311 2136 Si
3349 2094 3532 2138 autem
3567 2093 3712 2138 recte
3747 2085 3939 2147 habet,
3966 2083 4118 2149 quod

859 2163 1105 2217 universi
1149 2178 1432 2221 acuentes.
1473 2169 1614 2224 Sane
1649 2171 1875 2238 quidem
1912 2187 2022 2225 non
2059 2183 2438 2241 cognoverunt
2539 2194 2637 2231 nos
2663 2175 3435 2244 intelligimus,cucrgiam,id
3460 2176 3970 2245 cst,operationem
3994 2190 4120 2228 esse

858 2253 971 2319 isti,
1005 2271 1106 2309 nec
1140 2258 1532 2313 intellexerunt
1561 2262 1860 2330 potentiam
1892 2261 2014 2327 Dei,
2041 2264 2175 2332 quin
2209 2266 2433 2333 potius:
2536 2268 3052 2330 conservationem;
3101 2274 3462 2320 conservatur
3503 2281 3670 2330 vero,
3704 2277 3758 2319 et
3796 2266 4124 2320 continetur

857 2348 1201 2405 Obscuratum
1251 2365 1354 2420 est,
1392 2357 1538 2410 sicut
1582 2358 1659 2412 ait
1703 2358 2021 2428 Scriptttra,
2051 2362 2301 2429 insipiens
2345 2377 2433 2412 cor
2472 2427 2495 2429 ᾗ
2544 2363 2894 2425 universum;
2935 2359 3081 2413 circa
3117 2358 3436 2412 universum
3469 2368 3723 2411 versatur
3755 2359 4008 2425 cucrgia.
4038 2359 4123 2412 Ab

856 2457 1039 2494 eorum
1073 2460 1090 2496 :
1121 2444 1349 2499 dicentes
1373 2464 1427 2499 sc
1452 2465 1562 2500 esse
1587 2451 1870 2518 sapientes,
1895 2452 2044 2505 stulti
2075 2454 2198 2521 facti
2228 2460 2350 2506 sunt
2368 2452 2435 2504 θ’.
2468 2427 2508 2481 Β
2540 2455 2641 2508 hac
2666 2463 2849 2506 autem
2877 2467 2987 2504 non
3011 2462 3098 2505 est
3119 2449 3427 2504 substantia
3455 2449 3808 2519 separabilis;
3841 2458 3928 2502 cst
3954 2450 4125 2518 igitur

857 2531 1004 2584 Deus
1045 2544 1228 2588 autem
1273 2539 1672 2605 patientissime
1712 2541 1818 2594 fert
1857 2543 2004 2605 hare,
2034 2545 2128 2611 qui
2169 2560 2279 2598 non
2317 2543 2439 2598 vult
2537 2546 2684 2599 circa
2708 2544 3048 2605 universum,
3071 2541 3203 2595 etin
3231 2540 3494 2594 universo
3519 2540 3830 2593 substantia
3855 2539 3976 2592 Dei.

857 2623 1002 2678 ullos
1045 2627 1245 2693 perire,
1281 2629 1376 2682 sed
1421 2647 1616 2686 omnes
1655 2634 1721 2686 ad
1766 2636 2150 2702 pomitcntiam
2184 2637 2376 2690 venire
2422 2655 2433 2690 :
2608 2636 2696 2689 111.
2729 2632 2819 2688 Sic
2854 2631 3234 2700 intelligimus,
3262 2628 3410 2699 quod
3446 2628 3698 2682 Salvator
3727 2627 3867 2680 dixit
3904 2645 3918 2680 :
3955 2626 4125 2679 Pater

863 2714 980 2767 Vult
1011 2719 1152 2769 enim
1185 2735 1363 2773 omnes
1396 2723 1630 2776 homines
1663 2724 1836 2778 salvos
1866 2725 2005 2793 ﬁeri,
2030 2737 2078 2779 et
2111 2729 2181 2780 ad
2208 2728 2436 2797 agnitio-
2539 2745 2687 2782 mens
2730 2740 2894 2795 usque
2937 2723 3093 2777 modo
3139 2730 3414 2791 aperatur,
3443 2729 3492 2773 et
3538 2736 3632 2788 ego
3674 2735 3865 2787 eperor
3883 2719 3962 2781 ";
4008 2733 4121 2771 non

859 2824 977 2860 nent
1017 2813 1254 2863 veritatis
1294 2815 1560 2868 venire".
1593 2815 1747 2870 Faxit
1785 2818 1951 2881 Deus,
1981 2829 2040 2872 ut
2080 2819 2184 2873 hoc
2221 2821 2440 2889 sapiens
2538 2819 2686 2890 quod
2722 2817 2870 2871 facta
2909 2816 2981 2868 sit
3013 2813 3257 2868 accessio
3300 2812 3563 2865 universo
3607 2828 3619 2863 :
3661 2809 3934 2878 chnierit
3967 2808 4121 2861 enim

859 2900 1154 2956 consiliqu
1201 2904 1410 2958 exitum
1457 2905 1664 2960 bonum
1709 2908 1763 2961 in
1804 2909 1886 2962 eis
1930 2919 2272 2978 asscquatur,
2307 2911 2440 2979 ipsis
2540 2914 2679 2967 Deus
2730 2911 2814 2963 die
2861 2909 3084 2975 septima
3133 2905 3198 2958 ab
3249 2903 3488 2957 omnibus
3531 2901 3770 2972 aperifms
3816 2902 3964 2959 suis,
4003 2914 4126 2969 qua

860 2994 1097 3047 salutem
1146 2999 1466 3052 consecutis
1519 3002 1824 3056 secundum
1879 3003 2224 3072 propositum
2279 3005 2371 3058 Dei
2426 3025 2436 3057 :
2539 3017 2622 3068 σω]

2361 3005 2371 3057 i
2426 3025 2436 3057 :
2539 3001 2690 3068 ctcpit
2732 2998 2905 3066 facere
2923 2995 2998 3060 ";
3045 3003 3104 3047 et
3147 3009 3160 3045 :
3207 2991 3352 3046 Nihil
3395 3000 3471 3044 est
3510 3007 3687 3042 recens
3731 2989 3824 3042 sub
3868 2988 4010 3050 sole,
4044 2988 4123 3040 ait

861 3083 964 3147 Qui
990 3096 1140 3139 vocnt
1171 3106 1231 3141 ea
1261 3107 1380 3158 qua:
1409 3108 1513 3144 non
1542 3102 1689 3158 sunt,
1716 3104 1971 3165 tanquam
1997 3113 2058 3148 ea
2087 3112 2202 3166 (μην
2228 3106 2350 3150 sunt
2371 3098 2437 3149 ’³.
2542 3091 2802 3145 Salomon
2827 3089 2910 3152 ⁹⁷;
2957 3085 3054 3140 sed
3102 3100 3244 3152 opus
3288 3081 3594 3136 nominavit
3638 3081 4123 3134 conservationem

931 3176 997 3230 Π·
1047 3177 1127 3231 Nc
1181 3189 1365 3235 autem
1422 3185 1727 3240 absurdum
1781 3196 1837 3241 et
1893 3188 2149 3242 dolosam
2210 3189 2440 3242 istorum
2544 3179 2958 3248 univcrsinsa
2982 3176 3129 3232 enim
3157 3190 3360 3243 genera
3385 3181 3443 3227 et
3469 3172 3684 3242 species
3709 3186 3903 3226 eorum
3931 3170 4128 3223 videre

864 3268 1061 3339 dogma
1105 3273 1299 3338 lateat,
1333 3275 1654 3343 videamus,
1687 3279 1872 3348 qualia
1912 3281 2026 3333 sint
2063 3295 2185 3350 qua:
2224 3280 2292 3334 de
2332 3281 2444 3335 Deo
2541 3274 2671 3327 licet
2698 3286 2915 3339 semper
2944 3267 3286 3330 conservari,
3313 3280 3416 3318 nec
3447 3264 3632 3333 augeri
3665 3266 3907 3332 penitus.
3941 3277 4128 3330 neque

865 3360 1054 3415 dicere
1101 3365 1307 3418 audent
1352 3385 1363 3417 :
1414 3385 1432 3417 ‹
1481 3369 1737 3439 Encrgia,
1776 3371 2060 3440 inquiunt,
2093 3371 2148 3425 in
2187 3373 2448 3426 onmibus
2544 3365 2618 3418 ιιῑί

2365 3389 2448 3426 ius
2544 3364 2749 3427 minui;
2790 3365 3194 3415 conservantur
3230 3367 3414 3410 autem
3451 3355 3654 3417 Verbo,
3683 3367 3742 3408 ut
3780 3361 3944 3406 antea
3981 3352 4127 3405 dixi-

865 3452 1035 3506 rcbus
1069 3465 1153 3508 cst
1188 3455 1362 3522 Deus;
1400 3459 1712 3514 substantia
1744 3477 1879 3514 vero
1914 3462 2162 3514 minimc.
2202 3481 2219 3511 ι
2267 3462 2443 3516 Encr-
2544 3472 2627 3511 mu

2363 3479 2443 3516 er—
2544 3472 2698 3519 tuus,
2746 3454 2821 3507 ita
2868 3463 2930 3506 ut
2970 3463 3228 3520 separare
3268 3464 3332 3502 ea
3374 3463 3404 3500 a
3449 3454 3720 3515 potestate
3759 3451 4125 3496 conservaute

862 3543 1009 3613 giam
1036 3558 1238 3602 vocant
1264 3562 1407 3617 opus
1433 3550 1678 3621 energia,
1705 3551 1757 3605 id
1785 3561 1890 3616 est,
1914 3553 2235 3622 operatione
2259 3552 2445 3607 confc-
2546 3547 2774 3616 impium
2811 3544 2885 3599 sit
2920 3561 2933 3597 :
2971 3541 3246 3611 siquidem
3287 3539 3354 3593 ad
3394 3537 3684 3592 interitum
3721 3533 3964 3589 deducet
4001 3531 4130 3586 uni-

864 3644 1042 3699 cttuu,
1065 3647 1127 3690 ut
1157 3636 1459 3693 fabricator
1488 3641 1646 3693 navis
1672 3640 1834 3695 estin
1860 3641 1985 3695 navi
2017 3657 2048 3695 a
2074 3656 2132 3695 se
2158 3641 2442 3707 fabricata,
2546 3655 2766 3695 versum
2789 3678 2804 3700 ,
2844 3637 2942 3706 qui
2988 3645 3273 3690 auctorem
3324 3631 3570 3687 universi
3614 3629 3683 3683 ab
3725 3627 3992 3682 universo
4037 3640 4128 3679 se-

863 3736 923 3780 et
963 3737 1141 3781 textor
1186 3729 1239 3782 iu
1287 3731 1454 3799 pallio
1494 3733 1637 3801 quod
1685 3732 1878 3786 texuit.
1912 3733 2076 3801 Atqui
2119 3733 2296 3787 dicam
2341 3750 2443 3804 ego
2474 3768 2516 3826 ο
2544 3731 2811 3803 juuxcrit.

868 3816 1293 3885 inseparabilem
1337 3834 1460 3873 esse
1505 3835 1535 3872 a
1580 3831 1778 3873 natura
1830 3819 1926 3873 Dei
1973 3820 2253 3889 energiam
2301 3820 2441 3890 ejus,
2475 3806 2516 3826 ν’
2621 3823 2709 3876 IV.
2760 3819 2932 3874 Adest
2983 3818 3150 3887 igitur
3194 3815 3248 3869 iu
3293 3812 3556 3867 omnibus
3599 3810 3746 3864 Deus
3788 3821 3903 3861 non
3949 3806 4130 3860 solum

865 3909 1121 3976 exemplo
1166 3910 1458 3978 superiore
1501 3911 1571 3966 ab
1620 3911 1742 3965 istis
1789 3922 2010 3981 sumpto
2059 3928 2194 3967 usus
2239 3929 2254 3966 :
2304 3913 2449 3967 sicut
2549 3913 2798 3982 energia,
2826 3910 2879 3964 id
2919 3917 3003 3964 est
3059 3905 3407 3977 operatione,
3432 3903 3527 3958 sed
3563 3901 3731 3956 etiam
3764 3898 4126 3952 substantia:

867 4001 1016 4053 cnim
1052 4000 1350 4056 fabricator
1375 4005 1531 4057 navis
1559 4005 1811 4059 cernitur
1839 4003 1894 4057 in
1923 4004 2070 4067 navi,
2095 4014 2152 4058 et
2183 4011 2363 4058 textor
2391 4003 2445 4057 in
2551 4005 2990 4060 demonstratum
3026 4000 3173 4052 enim
3210 4006 3316 4060 est,
3345 4011 3455 4049 non
3490 4008 3611 4048 esse
3643 3993 3926 4060 energiam
3966 4004 4130 4058 sepa-

866 4097 1036 4165 pallio
1063 4098 1266 4163 textili;
1293 4099 1374 4153 sic
1395 4099 1540 4154 Deus
1563 4101 1616 4153 iu
1640 4100 1904 4168 operibus
1925 4100 2040 4154 suis
2067 4117 2079 4153 :
2104 4099 2319 4153 tametsi
2345 4099 2446 4163 illi,
2555 4105 2726 4148 ratam
2755 4108 2785 4145 a
2816 4088 3146 4144 substantia.
3174 4085 3463 4154 Energiam
3491 4093 3675 4137 autem
3699 4093 3838 4133 voco
3863 4078 4129 4168 virtutem

868 4198 1065 4256 utpote
1092 4190 1354 4244 mortales
1380 4201 1437 4243 et
1461 4191 1792 4260 corporibus
1820 4190 2251 4260 circumscripti,
2275 4190 2448 4244 solam
2551 4184 2828 4237 viventem
2855 4189 2913 4233 ct
2935 4191 3150 4245 semper
3173 4182 3426 4269 agentem
3445 4178 3494 4234 ⁸,
3516 4169 3882 4269 prodeuntem
3908 4181 3981 4220 ex
4004 4166 4134 4264 sub-

868 4279 1154 4347 energiam
1192 4279 1512 4349 relinquant
1543 4259 1768 4334 vacuam
1803 4281 1873 4335 ab
1908 4259 2264 4349 artifice,iqui
2297 4279 2449 4350 operi
2553 4273 2755 4329 stantia
2785 4277 3050 4338 operante
3081 4284 3093 4319 :
3129 4263 3423 4355 triplieiter
3446 4259 3833 4355 enim-dicitur
3858 4259 4127 4355 (ξηαπ-εἰει)

870 4369 1125 4424 faciendo
1156 4379 1333 4424 artem
1355 4348 1623 4426 adhibuit
1651 4390 1665 4425 :
1698 4381 1862 4440 atque
1895 4371 2169 4428 artificem
2188 4348 2448 4440 quidem,
2553 4366 2632 4419 Vis

2373 4387 2448 4435 tn,
2553 4366 2638 4419 vis
2669 4360 2936 4432 Operandi
2975 4367 3185 4412 naturae
3219 4353 3414 4418 insita;
3449 4362 3507 4406 et
3537 4348 3807 4404 habitudo
3842 4348 4130 4416 operantis

871 4463 917 4515 si
958 4463 1116 4517 adest
1149 4472 1206 4516 et
1238 4465 1616 4533 cognoscitur,
1644 4464 1908 4533 [medical
1945 4480 2119 4533 opus;
2165 4464 2449 4517 absentem
2553 4457 2621 4511 ad

2370 4479 2449 4517 em
2553 4457 2621 4511 ad
2656 4469 2817 4524 opus,
2848 4467 2959 4521 quo
2991 4450 3079 4514 fit;
3111 4457 3169 4503 et
3197 4446 3252 4501 id
3288 4446 3489 4514 ipsum,
3513 4441 3660 4512 quod
3693 4456 3761 4494 ex
3793 4441 4132 4508 antegressis

868 4568 1004 4606 vero
1043 4561 1099 4607 et
1147 4547 1531 4624 incoguiium,
1561 4556 1795 4610 minime
1835 4573 1850 4608 ε
1896 4555 1992 4609 sed
2036 4571 2136 4609 cur
2177 4555 2288 4609 ita?
2321 4555 2451 4624 quia
2553 4547 2868 4604 confectum
2923 4551 3027 4597 est.
3075 4541 3240 4596 Prius
3283 4537 3432 4593 enim
3481 4533 3890 4603 contemplatur
3940 4545 4128 4592 mens,

872 4654 1177 4714 utrumque
1228 4646 1650 4716 circumscripte
1699 4647 1947 4701 cernitur
1993 4656 2050 4700 et
2095 4662 2265 4716 opus,
2303 4654 2359 4700 et
2397 4645 2452 4700 id
2554 4638 2704 4709 quod
2765 4634 3077 4690 radendum
3131 4639 3251 4695 οεις
3309 4636 3502 4698 Postea
3556 4632 4127 4716 m0"cmm’_m3nus:

871 4733 1020 4786 unde
1052 4713 1364 4802 profectum
1390 4745 1476 4788 est
1498 4713 1660 4805 opus.
1680 4736 1821 4801 Quia
1844 4750 1981 4789 vero
1997 4713 2233 4788 viva—est
2256 4742 2452 4787 natura
2556 4729 2757 4785 deinde
2792 4733 3212 4782 consummatur
3243 4721 3390 4791 quod
3427 4713 3991 4814 meus_contemplata
4028 4721 4129 4814 est,

873 4826 1084 4891 divina,
1115 4827 1392 4895 cnergias,
1424 4827 1478 4881 id
1521 4837 1607 4882 est
1646 4828 2022 4897 operationes,
2056 4826 2221 4880 habet
2260 4827 2453 4880 viven-
2555 4830 2611 4877 et
2633 4819 2782 4891 quod
2806 4834 2905 4889 per
2927 4825 3136 4872 motum
3165 4813 3549 4870 esteﬂ‘cctum.
3572 4808 3665 4863 liae
3689 4815 3871 4861 autem
3894 4808 4130 4874 energim

877 4930 980 4981 tes,
1006 4927 1063 4971 ct
1091 4918 1211 4972 sine
1245 4918 1661 4974 intermissione
1693 4929 1917 4988 agentes
1951 4935 1964 4970 :
2003 4918 2120 4971 sine
2150 4916 2453 4971 substantia
2555 4928 2747 4967 eorum
2786 4919 2936 4974 sunt,
2971 4923 3094 4978 qua:
3133 4904 3433 4975 composita
3469 4910 3526 4957 et
3561 4897 3814 4988 mortalia
3854 4903 3990 4950 sunt
4028 4910 4043 4948 :
4078 4902 4133 4946 et

875 5014 1062 5060 autem
1098 5022 1209 5060 non
1243 5016 1427 5076 potest
1459 5008 1574 5061 ullo
1609 4987 1774 5062 modo
1807 5007 2030 5077 prodire
2065 5007 2321 5076 energia;
2359 5005 2452 5059 ubi
2556 5004 2628 5058 ob
2653 5003 2796 5058 hanc
2821 5015 3039 5055 causam
3069 5014 3178 5053 non
3205 5007 3429 5051 necesse
3455 5003 3562 5057 est,
3587 5001 3649 5046 ut
3669 4987 3817 5060 quod
3849 4993 4130 5077 operatur.

875 5095 1026 5146 enim
1073 5075 1298 5164 euergia
1345 5095 1628 5159 cernitur,
1665 5075 1827 5148 simul
1880 5109 2004 5147 cum
2056 5094 2159 5148 hac
2207 5075 2457 5148 cernitur
2490 5101 2533 5156 ι)
2564 5107 2784 5162 semper
2810 5090 2955 5144 adsit
2982 5089 3034 5142 ci
3072 5088 3151 5144 rei
3187 5102 3349 5156 quam
3385 5091 3679 5153 operatur;
3712 5079 3842 5149 quia
3875 5075 4136 5146 prohibet

878 5185 1190 5239 substantia
1226 5203 1292 5241 ex
1329 5203 1434 5256 qtta
1471 5188 1655 5257 prodit
1687 5204 1701 5240 :
1740 5195 2036 5255 utrumque
2069 5186 2216 5241 enim
2248 5195 2335 5240 est
2365 5187 2452 5240 in-
2561 5183 2754 5238 adesse
2804 5180 3082 5235 crassities
3129 5175 3413 5246 corporis,
3445 5182 3502 5228 ει
3547 5186 3698 5225 “101‘s
3740 5166 4057 5238 οιτοηιιιίεο
4082 5172 4136 5257 εξ

877 5254 1391 5345 circumscriptum;
1425 5254 1786 5346 quamobrem
1813 5254 2041 5331 omnino
2069 5285 2202 5330 sunt
2229 5276 2374 5330 inter
2397 5291 2454 5330 se
2560 5274 2797 5330 cessatio
2828 5270 3188 5342 operationis,
3210 5278 3267 5323 et
3293 5266 3546 5322 fortassis
3568 5262 3736 5319 etiam
3765 5259 4032 5314 interitus
4064 5254 4138 5311 reI

882 5365 1270 5435 inseparabilia
1307 5385 1322 5420 :
1361 5367 1624 5438 praedicat
1654 5367 1878 5438 quidem
1913 5367 2165 5438 operatio
2197 5367 2454 5422 substan-
2562 5366 2790 5422 cﬂcctre.
2819 5364 2878 5418 In
2918 5363 3104 5417 divina
3145 5371 3328 5415 autem
3365 5367 3582 5450 natura-
3603 5353 3741 5410 nihil
3778 5352 3982 5450 horum
4019 5364 4137 5420 qua:

883 5457 1015 5510 tiam
1053 5459 1344 5524 latentem;
1385 5461 1635 5515 cernitur
1667 5477 1801 5515 vero
1833 5461 2130 5532 conjuncta
2163 5475 2288 5514 cum
2323 5474 2455 5527 epe-
2565 5457 2713 5510 dicta
2737 5462 2888 5516 sunt,
2912 5452 3204 5524 prohibet;
3238 5448 3468 5520 simplex
3495 5445 3646 5502 enim
3670 5450 3777 5509 est,
3798 5441 3930 5510 quia
3961 5441 4137 5492 incor-

952 5580 997 5608 ’°
1024 5581 1181 5632 Prov.
1208 5596 1245 5636 I.
1278 5580 1358 5632 l5.
1437 5579 1479 5608 "
1508 5579 1664 5631 Rom.
1694 5595 1730 5637 ι,
1754 5579 1845 5638 εξι,
1868 5577 1955 5631 9.2.
2033 5578 2076 5607 θ’
2104 5577 2120 5630 1
2152 5575 2292 5630 Tim.
2323 5591 2382 5637 tt,
2409 5574 2456 5627 υἱ.
2571 5573 2617 5602 9’
2639 5573 2796 5626 Rom.
2822 5587 2896 5632 iv,
2919 5571 2970 5624 7.
3072 5567 3114 5598 ""
3139 5567 3282 5623 l‘sal.
3307 5581 3457 5631 xvttl,
3500 5563 3548 5617 1.
3648 5560 3695 5592 ’³
3731 5556 3890 5614 Joan.
3953 5570 4007 5618 νο
4057 5551 4136 5609 Π-

884 5648 928 5680 ⁵¹
960 5647 1093 5701 (ivit.
1123 5666 1178 5710 It,
1202 5652 1256 5702 ‘2.
1330 5651 1370 5676 “7
1403 5650 1582 5702 Lt't'ie.
1611 5667 1646 5711 t,
1687 5652 1766 5702 ill.

2191 5735 2413 5792 \‘AlilJi
2461 5731 2855 5790 LEC'I‘IUNIS.

965 5838 986 5866 "
1018 5833 1222 5886 διημιίι
1265 5845 1431 5895 MN”:
1457 5851 1522 5899 ut,
1650 5848 1888 5901 'r.'-|"1’.'«'.-
