4462 6440
187 445 331 508 1333

1121 447 1405 506 ORATIO
1452 447 1617 503 ll.—
1643 444 1741 503 DE
1782 446 2493 509 INCIRCUMSCRII‘TU.

3299 441 3438 508 1334

185 551 387 604 porca:
427 545 481 588 et
518 550 533 587 :
573 534 726 589 Solus
761 537 909 588 habet
948 538 1405 589 immortulilulcm
1430 537 1505 599 93;
1550 546 1604 588 et
1646 551 1768 602 pcr-
1805 541 1844 593 Α
1881 538 2079 592 ctiouis
2113 549 2323 593 naturae
2370 539 2439 592 ab
2489 537 2707 607 cucrgia
2741 536 2856 591 sive
2908 535 3263 604 operatione?
3288 536 3434 590 Nus-

185 637 372 693 petum
401 626 641 693 energia-
673 627 822 695 ejus;
858 626 1084 695 etquod
1118 626 1377 680 eliectum
1407 635 1513 689 est,
1545 640 1771 679 conser-

184 728 353 769 vatur
392 735 404 767 :
447 716 656 770 idcirco
698 718 750 771 in
795 720 1056 771 omnibus
1095 718 1262 773 rebus
1302 719 1613 773 necessario
1652 734 1771 770 cer-

184 809 349 859 nitur
392 806 698 860 substantia
743 810 1047 877 operantis.
1082 809 1364 877 Siquidem
1416 809 1470 861 in
1518 808 1773 874 exemplo

182 898 504 964 superiore,
536 899 801 965 quamdiu
834 900 893 953 lit
918 900 969 953 id
1001 901 1053 955 in
1085 917 1193 970 quo
1218 910 1474 954 versatur
1499 901 1770 969 operatio,

183 990 385 1041 tamliu
435 990 746 1043 necessario
794 991 951 1045 adest
994 1002 1190 1046 natura
1231 990 1512 1060 operantis
1549 1005 1563 1043 :
1611 1005 1774 1042 nemo

182 1095 436 1148 namque
470 1082 673 1134 absens
710 1092 891 1150 potest
925 1084 1132 1152 aliquid
1172 1084 1411 1151 operari.
1446 1082 1617 1151 Igitur
1645 1080 1772 1149 quia

182 1188 413 1240 semper
459 1172 641 1225 omnia
686 1175 831 1227 Deus
875 1184 1167 1243 operatur,
1200 1185 1256 1228 ct
1296 1172 1772 1228 conservationem

184 1260 444 1314 universi
497 1263 616 1315 sine
670 1265 980 1318 cessatione
1034 1267 1350 1330 continuat,
1407 1278 1635 1316 necesse
1689 1271 1773 1316 est

184 1352 370 1404 DCIIII]
414 1372 536 1407 esse
578 1356 631 1408 in
678 1358 967 1418 erunibus,
998 1366 1052 1410 et
1093 1372 1121 1410 a
1167 1358 1317 1410 nulla
1363 1373 1420 1409 re
1457 1365 1772 1425 separatqu

180 1458 313 1497 esse
355 1462 368 1496 :
424 1446 630 1514 alioqui
675 1449 955 1515 quomodo
989 1449 1056 1502 de
1104 1450 1237 1504 Deo.
1262 1460 1322 1502 ut
1374 1449 1543 1501 Deum
1591 1447 1769 1511 decet,

182 1534 405 1587 sentire
450 1535 673 1589 liceret?
718 1541 813 1592 lict
856 1539 1026 1601 enim,
1060 1548 1119 1591 ut
1158 1541 1330 1592 Deum
1372 1538 1618 1591 dicamus
1652 1553 1772 1591 esse

178 1638 422 1692 corpus,
454 1627 600 1694 quod
636 1637 943 1682 extremam
973 1629 1314 1698 impietatem
1350 1635 1575 1696 superat
1609 1646 1621 1680 :
1660 1628 1770 1681 cir-

181 1716 557 1785 cumscriptio
583 1720 731 1772 enim
765 1721 988 1789 propria
1016 1730 1102 1773 est
1126 1734 1445 1789 corporum,
1477 1718 1588 1771 i‘no
1619 1734 1769 1773 crea-

184 1817 466 1861 turarum.

257 1899 326 1951 ν.
361 1900 416 1953 Si
447 1916 579 1971 ergo
618 1903 902 1971 proprium
930 1914 1016 1958 cst
1042 1920 1336 1973 corporum
1367 1914 1423 1956 et
1475 1911 1763 1957 creatura-

183 2005 313 2041 rum
350 1989 740 2045 circumscribi
772 2011 784 2056 ;
814 1993 1127 2062 incorporei
1165 2002 1221 2045 et
1252 1993 1483 2045 increati
1522 2006 1630 2044 non
1660 1990 1766 2042 cir-

179 2080 491 2133 cumscribi
524 2099 537 2134 :
569 2082 664 2150 qui
688 2082 823 2136 dicit
846 2100 972 2137 cum
1010 2082 1106 2152 qui
1136 2094 1330 2136 natura
1361 2092 1445 2135 est
1471 2081 1766 2134 incircum-

181 2170 432 2238 scriptus
456 2188 561 2225 non
588 2187 710 2227 esse
737 2175 790 2227 in
823 2175 1006 2242 aliqua
1040 2190 1118 2236 re,
1150 2175 1196 2228 is
1229 2173 1763 2240 iucircumscriptum

180 2258 644 2314 circumscribit:
672 2262 882 2315 etenim
913 2263 959 2316 si
1001 2262 1071 2316 ab
1111 2278 1220 2316 uno
1254 2263 1392 2324 solo,
1431 2262 1563 2316 licet
1598 2261 1763 2314 mini-

185 2365 302 2410 Iuo,
335 2360 611 2411 arceatur,
632 2352 830 2404 modus
874 2352 1408 2419 circumscriptionis
1456 2352 1762 2420 estzsiqui-

181 2440 317 2493 dem
356 2441 427 2493 ab
476 2442 649 2495 altero
705 2443 991 2497 terminari
1049 2443 1441 2505 substantiam,
1487 2444 1763 2497 terminati

182 2534 670 2604 circumscriptam
726 2552 848 2591 esse
911 2537 1288 2600 demonstrat,
1351 2546 1411 2591 ut
1470 2553 1591 2606 qua:
1652 2553 1765 2591 non

184 2627 369 2693 possit
416 2627 877 2682 circumscribere
921 2630 1068 2698 quod
1105 2630 1276 2698 ipsam
1313 2631 1588 2683 terminat.
1620 2629 1767 2695 Quo-

187 2715 362 2768 modo
395 2716 564 2785 igitur
602 2734 793 2771 verum
829 2719 955 2782 erit,
990 2719 1138 2787 quod
1161 2719 1239 2772 ait
1276 2719 1556 2788 Scriptura
1592 2738 1606 2772 :
1639 2718 1765 2789 Spi-

184 2806 326 2857 ritus
350 2804 564 2859 Domini
607 2808 823 2876 replevit
847 2809 1021 2862 orbem
1046 2818 1313 2862 terrarum
1339 2810 1382 2841 ”
1405 2811 1428 2861 ?
1452 2809 1587 2863 Cum
1618 2812 1764 2865 enim

185 2896 335 2950 Deus
354 2898 428 2952 sit
448 2899 771 2963 substantia,
787 2901 969 2954 omnia
985 2916 1106 2969 qua:
1131 2909 1280 2962 sunt,
1305 2900 1489 2954 divina
1512 2901 1767 2955 substan-

185 2986 261 3040 tia
297 2987 586 3055 implevit;
618 2988 750 3042 etin
795 2989 1051 3043 omnibus
1076 2996 1161 3042 est
1214 2990 1440 3051 virtute,
1479 3004 1588 3041 non
1626 2989 1763 3042 assi-

185 3076 419 3131 milatus
448 3078 579 3131 moli
625 3078 897 3147 corporis,
954 3079 1052 3132 sed
1095 3078 1281 3131 divina
1313 3078 1634 3132 universum
1671 3094 1764 3131 co-

1873 644 2079 696 quam:
2110 649 2208 700 per
2255 631 2440 685 omnia
2487 631 2635 684 enim
2669 638 2811 683 meat
2852 630 3015 691 Deus,
3055 628 3311 681 universa
3336 628 3437 680 im-

1874 715 2026 784 plens
2055 719 2417 789 amplitudine
2446 727 2677 782 naturm,
2716 726 2774 773 et
2798 716 3085 788 potestatis
3105 730 3217 770 sua:
3254 716 3434 770 abun-

1873 805 2078 860 (lautia.

1945 899 2054 953 Vll.
2083 900 2187 953 Sed
2236 908 2364 953 sunt
2394 901 2643 969 quidam,
2671 898 2766 969 qui
2814 899 3186 953 infirmitatem
3228 908 3439 953 natura:

1872 1007 1982 1043 sua!
2016 991 2072 1044 in
2119 992 2290 1045 Deum
2342 991 2697 1055 transferunt,
2725 991 2872 1046 circa
2903 991 3133 1044 maxima
3184 990 3335 1060 parci
3382 999 3439 1045 et

1874 1081 2229 1135 reslricti.At
2278 1081 2372 1150 qui
2425 1082 2739 1136 existimant
2791 1081 2989 1135 melius
3024 1096 3147 1134 esse
3178 1081 3438 1135 cohibere

1874 1181 2123 1225 naturain
2155 1173 2396 1226 divinam
2437 1188 2466 1226 a
2491 1172 2745 1233 materia,
2767 1188 2929 1239 quam
2966 1171 3227 1225 arbitrari
3260 1172 3442 1240 porri-

1872 1261 1921 1329 gi
1952 1276 2071 1313 eam
2099 1270 2156 1315 et
2198 1260 2453 1330 protendi
2511 1275 2687 1329 usque
2745 1259 2812 1312 ad
2860 1259 3199 1321 universum,
3232 1259 3439 1328 quique

1873 1360 2068 1421 putant
2111 1352 2334 1421 penitus
2371 1352 2524 1406 nefas
2567 1360 2623 1405 et
2654 1351 2885 1420 impium
2912 1365 3058 1411 esse,
3087 1349 3274 1404 subire
3312 1364 3437 1404 cor-

1873 1458 2005 1511 pora
2050 1443 2330 1506 indecora,
2362 1442 2581 1495 sordida
2618 1451 2673 1495 et
2718 1440 2920 1503 fetida,
2971 1439 3056 1493 vel
3097 1438 3307 1493 animas
3339 1440 3441 1492 im-

1872 1534 2009 1603 pias,
2039 1543 2094 1587 et
2129 1533 2236 1585 alia
2279 1531 2526 1600 quaedam
2569 1534 2816 1596 minima,
2880 1531 3187 1599 intelligere
3234 1528 3440 1583 debent

1871 1626 1938 1680 de
1969 1626 2103 1690 Deo,
2131 1640 2251 1679 esse
2287 1634 2540 1678 naturam
2572 1639 2698 1692 qua:
2729 1624 2987 1677 omnibus
3021 1620 3435 1688 antecellit,qui

1870 1716 2118 1785 profecto
2179 1715 2409 1768 humilia
2441 1714 2509 1768 de
2557 1715 2669 1768 Deo
2708 1713 2973 1776 sentiunt,
2994 1722 3049 1767 et
3079 1730 3200 1781 qua:
3236 1714 3442 1780 magni-

1873 1809 2062 1862 tudine
2094 1809 2214 1877 ejus
2254 1822 2376 1875 qtue
2403 1805 2597 1874 attingi
2629 1819 2738 1858 non
2768 1813 2949 1873 potest
2978 1844 2992 1867 ,
3029 1803 3250 1873 indigna
3287 1813 3434 1857 sunt.

1801 1864 1839 1916 Β
1872 1898 2143 1954 Fortassis
2173 1906 2356 1951 autem
2387 1899 2482 1965 qui
2517 1898 2596 1951 sic
2626 1896 2834 1950 sentire
2859 1895 2911 1949 in
2942 1895 3184 1949 animum
3210 1894 3439 1949 induxe-

1872 2001 2020 2050 runt.
2061 1990 2316 2059 ignorant
2357 1990 2712 2057 operationes
2761 1990 2882 2059 ejus
2932 2002 3055 2056 quzc
3104 1988 3159 2041 in
3210 1989 3437 2041 univer-

1864 2082 1983 2134 sum
2037 2079 2342 2149 pervadunt
2392 2097 2405 2130 :
2464 2078 2612 2131 nulla
2661 2078 2811 2132 enim
2856 2079 3131 2148 particula
3197 2079 3438 2133 materia:

1864 2178 1966 2233 est,
1997 2185 2118 2239 qua:
2147 2185 2255 2222 non
2286 2170 2358 2223 sit
2387 2184 2526 2238 opus
2553 2169 2647 2223 Dei
2681 2186 2692 2222 :
2724 2185 2903 2238 neque
2934 2169 3232 2238 quidquam
3266 2171 3440 2224 sordi-

1864 2263 1993 2314 dum
2039 2262 2122 2315 vel
2149 2261 2493 2315 immundum
2528 2261 2683 2315 ducit
2712 2262 2856 2315 Deus
2893 2270 3259 2331 praeterquam
3290 2263 3440 2331 cogi-

1867 2354 2123 2416 tationes,
2146 2353 2431 2407 voluntate
2455 2362 2641 2407 nostra
2676 2354 2729 2406 in
2763 2353 2946 2407 anima
2985 2353 3269 2407 conﬂatas.
3293 2352 3435 2419 Quid

1863 2460 1995 2515 ergo
2027 2460 2093 2497 ex
2135 2446 2397 2499 omnibus
2453 2443 2619 2498 rebus
2660 2444 2999 2514 excogitabit
3035 2444 3258 2513 aliquis,
3288 2445 3434 2513 quod

1865 2551 1972 2591 non
2000 2536 2194 2591 fecerit
2218 2537 2363 2591 Deus
2389 2536 2413 2589 ?
2437 2535 2720 2601 Quodnam
2749 2550 2970 2604 corpus,
3005 2535 3308 2603 quamlibet
3337 2536 3439 2588 im-

1866 2625 2128 2679 mundum
2152 2624 2368 2689 sit,non
2399 2640 2525 2694 pars
2542 2632 2626 2679 est
2652 2623 2891 2678 materiae
2915 2622 3175 2693 subjecta:
3195 2624 3440 2693 corpori-

1866 2715 2239 2784 busJiguratae
2264 2723 2320 2769 et
2345 2714 2589 2769 formatae
2612 2713 3019 2783 atqualitatibus
3041 2729 3163 2782 qua:
3190 2714 3241 2768 ei
3268 2715 3436 2767 adve-

1865 2806 2073 2858 niunt?
2102 2804 2313 2859 Debilia
2341 2820 2473 2874 ergo
2508 2805 2619 2868 isti,
2654 2815 2711 2858 et
2740 2819 2860 2872 quae
2886 2804 3246 2857 fundamento
3277 2804 3437 2873 peni-

1866 2903 1955 2948 tus
1982 2902 2206 2958 carent,
2239 2894 2486 2964 cogitant
2513 2912 2527 2960 ;
2562 2895 2692 2965 quia
2722 2894 2860 2948 nihil
2888 2903 3271 2949 creaturarum
3306 2910 3437 2949 sua-

1865 2999 1986 3038 rum
2033 2985 2181 3038 Deus
2230 2986 2428 3055 rejicit,
2467 3001 2567 3039 nec
2603 2984 2904 3055 quidquam
2948 3000 3133 3039 rerum
3182 2985 3437 3056 putidum

1863 3078 2184 3143 existimat;
2214 3078 2310 3132 sed
2343 3092 2445 3132 nec
2472 3077 2538 3132 ad
2569 3094 2669 3132 nos
2702 3077 2970 3133 accedens
2995 3086 3237 3132 nostrain
3265 3080 3440 3147 parti-

184 3176 516 3238 agmentaus
566 3178 623 3223 et
677 3170 969 3224 continens
999 3188 1011 3223 :
1049 3170 1188 3223 nihil
1224 3169 1372 3223 enim
1413 3183 1605 3222 eorum
1637 3185 1760 3237 quae
1785 3181 1832 3241 ο
1863 3168 2009 3237 cipat
2039 3167 2362 3237 nequitiam,
2392 3183 2513 3236 qua:
2558 3168 2673 3222 sola
2704 3176 2789 3221 est
2838 3182 3027 3221 revera
3060 3166 3433 3231 immunditia,

183 3270 341 3321 sunt,
377 3274 503 3313 esse
552 3269 752 3328 potest,
798 3259 932 3329 quin
1001 3260 1292 3329 participet
1344 3259 1394 3312 id
1445 3259 1593 3327 quod
1629 3267 1756 3314 est:

184 3349 343 3403 solus
391 3356 576 3402 autem
610 3351 755 3404 Deus
787 3350 1012 3419 proprie
1041 3359 1145 3413 est,
1177 3351 1271 3418 qui
1298 3364 1516 3417 semper
1551 3357 1636 3402 est
1664 3365 1761 3403 eo-

182 3441 313 3495 dein
370 3442 535 3496 modo
580 3452 637 3495 et
694 3450 908 3506 tenore,
933 3458 1112 3511 neque
1162 3450 1442 3506 mutatur;
1479 3452 1536 3497 et
1559 3442 1758 3510 siquid

184 3531 397 3586 dicitur
448 3548 592 3597 esse,
624 3548 734 3587 non
778 3534 1053 3602 praecipue
1101 3548 1222 3587 esse
1262 3532 1490 3597 dicitur,
1516 3533 1611 3587 sed
1639 3548 1760 3587 esse

184 3621 613 3690 participatione
645 3624 784 3691 ejus,
811 3622 906 3691 qui
935 3621 1161 3691 proprie
1199 3631 1255 3675 et
1283 3622 1522 3690 primum
1556 3630 1641 3676 est
1662 3662 1676 3684 ,
1705 3630 1762 3676 et

184 3712 421 3765 fortasse
480 3713 659 3765 Solum
706 3722 831 3776 est;
877 3714 955 3767 ait
1000 3714 1151 3767 enim
1196 3714 1484 3783 Scriptura
1520 3732 1533 3767 :
1569 3714 1759 3784 Diligis

182 3805 391 3865 oninia,
415 3820 533 3873 qua!
565 3812 687 3857 sunt
715 3806 753 3858 '.
780 3806 836 3860 Si
873 3814 1058 3860 autem
1106 3822 1228 3875 qua:
1261 3815 1422 3869 sunt,
1454 3807 1580 3861 ideo
1610 3816 1756 3869 sunt,

181 3895 313 3962 quia
342 3894 399 3947 id
426 3895 574 3962 quod
614 3905 698 3949 cst
730 3896 1097 3965 participant;
1130 3898 1461 3966 participant
1490 3907 1672 3952 autem
1702 3898 1757 3952 id

180 3983 330 4049 quod
390 3992 496 4046 est,
545 3984 757 4038 scilicet
806 3985 1111 4039 secundum
1168 3987 1547 4055 operationem
1597 3989 1755 4058 ejus;

179 4069 435 4137 Operatio
456 4086 592 4127 vero
621 4072 869 4141 sejunctc
900 4089 928 4126 a
957 4072 1263 4128 substantia
1289 4091 1399 4129 non
1423 4078 1571 4140 exit,
1594 4086 1648 4131 et
1673 4088 1759 4133 est

182 4159 240 4210 in
275 4160 538 4214 omnibus
567 4178 581 4214 :
615 4162 924 4217 substantia
953 4164 1123 4233 igitur
1154 4166 1210 4218 in
1245 4167 1504 4223 omnibus
1539 4177 1624 4223 est
1647 4208 1662 4232 ,
1698 4176 1759 4222 ut

179 4250 258 4304 ait
306 4251 623 4319 Propheta:
654 4251 853 4307 Cwlum
904 4264 952 4307 et
1008 4264 1209 4309 terram
1250 4273 1344 4327 ego
1382 4258 1595 4328 impleo,
1631 4261 1757 4313 dicit

178 4339 442 4391 Dominus
472 4341 493 4371 '
521 4355 535 4403 ;
565 4339 758 4408 implet
789 4350 973 4395 autem
1013 4358 1136 4411 qua:
1168 4354 1299 4399 sunt
1337 4360 1502 4415 supra
1531 4362 1595 4401 ea
1635 4365 1758 4417 quae

179 4441 309 4484 sunt
336 4449 351 4484 :
381 4439 439 4484 et
465 4430 601 4484 nihil
628 4442 715 4488 est
737 4448 994 4497 vacuum,
1026 4451 1136 4489 non
1166 4439 1442 4507 particeps
1473 4441 1614 4510 ejus.
1642 4441 1755 4497 Nec

1863 3272 1986 3326 qua!
2027 3272 2130 3311 nec
2185 3266 2292 3320 est,
2325 3258 2430 3311 nisi
2466 3273 2590 3311 cum
2643 3257 2825 3327 agitur
2861 3264 3093 3310 tantum.
3129 3256 3266 3323 Quis
3304 3272 3437 3328 ergo

1866 3359 1972 3403 tam
2023 3350 2222 3419 puerili
2272 3366 2459 3412 sensu,
2496 3359 2549 3403 et
2592 3360 2702 3403 tam
2753 3365 2922 3420 parvo
2967 3350 3176 3420 judicio
3217 3359 3335 3415 est,
3377 3360 3437 3406 ut

1862 3450 2091 3510 propter
2120 3442 2416 3510 qualitates
2440 3441 2683 3495 vicissim
2708 3441 3070 3495 advenientes
3090 3449 3147 3495 et
3173 3442 3438 3496 receden-

1863 3541 1964 3595 tcs,
1998 3533 2169 3587 Deum
2224 3532 2683 3588 circumscribat:
2717 3532 2883 3602 idque
2929 3548 2996 3587 ne
3040 3532 3300 3602 patiatur,
3338 3536 3432 3604 qui

1860 3623 1971 3692 pati
2011 3637 2117 3675 non
2150 3631 2331 3689 potest
2353 3622 2377 3675 ?

1930 3712 2065 3767 VIII.
2100 3712 2316 3766 Etenim
2349 3713 2394 3766 si
2451 3715 2531 3768 sol
2570 3714 2777 3783 alioqui
2812 3728 3145 3783 corporeus,
3175 3712 3435 3767 omnibus

1858 3804 2183 3873 corporibus
2220 3820 2316 3872 per
2352 3806 2538 3860 radios
2582 3822 2713 3860 suos
2756 3805 3239 3875 appropinquans,
3267 3804 3435 3859 nullis

1861 3904 2042 3949 tamen
2095 3895 2354 3949 sordibus
2399 3914 2456 3951 se
2486 3898 2759 3965 inquinat,
2786 3913 2967 3966 neque
2999 3896 3230 3951 fetorem
3259 3897 3429 3966 capit,

1858 3985 2113 4054 quamvis
2148 3986 2201 4039 in
2230 3985 2475 4041 inﬁnitas
2514 4003 2603 4042 res
2647 3986 2820 4042 fmdas
2854 3986 3039 4041 radios
3069 3988 3236 4057 jaciat
3267 4005 3282 4051 ;
3319 3987 3435 4040 imo

1858 4091 1991 4131 vero
2017 4086 2240 4141 contra,
2269 4078 2543 4147 ejusmodi
2574 4077 2872 4147 qualitates
2916 4077 2970 4130 in
3007 4077 3206 4131 melius
3237 4086 3434 4147 suapte

1860 4176 2055 4221 natura
2100 4177 2274 4222 mutat
2306 4185 2320 4222 ε
2358 4178 2566 4238 quanto
2613 4170 2787 4239 magis
2817 4170 2982 4234 Deus,
3007 4169 3101 4238 qui
3134 4178 3219 4223 est
3260 4184 3429 4237 supra

1863 4260 2058 4324 solem,
2096 4259 2243 4313 bona
2302 4275 2401 4314 sua
2463 4260 2999 4325 eommunicabit,et
3046 4260 3161 4329 ipse
3214 4260 3428 4313 nullum

1860 4351 2249 4419 participabit?
2274 4350 2385 4405 Nec
2429 4352 2575 4406 enim
2616 4351 2745 4405 licet
2770 4352 2853 4405 sol
2886 4360 3170 4419 putrorem
3199 4350 3428 4420 partici-

1858 4449 2055 4510 paret,
2090 4440 2406 4495 necessario
2446 4441 2612 4495 etiam
2657 4442 2803 4495 Deus
2846 4440 3201 4509 participaret
3234 4460 3246 4494 :
3280 4440 3427 4509 quod

175 4520 324 4575 enim
384 4522 699 4577 existimare
774 4525 901 4593 quis
951 4524 1119 4581 debet
1241 4503 1413 4583 Deum
1454 4503 1752 4597 honorare,
1784 4503 1817 4560 Ῑ
1924 4545 2101 4599 neque
2123 4531 2202 4584 sol
2233 4530 2547 4599 participat,
2574 4546 2700 4585 cum
2751 4530 2824 4585 sit
2847 4503 3071 4599 alioqui
3108 4503 3385 4599 passibilis
3410 4572 3425 4595 ,

174 4615 335 4681 quasi
394 4613 464 4667 ad
502 4615 676 4669 malos
726 4631 838 4670 non
872 4616 1191 4685 descendat,
1228 4632 1324 4675 aut
1350 4620 1419 4675 ad
1459 4623 1617 4688 alios,
1646 4625 1755 4678 alio

176 4704 343 4758 modo
374 4705 670 4773 prmsentia
687 4706 809 4776 ejus
834 4707 1124 4779 indignos;
1152 4725 1220 4765 ne
1243 4726 1460 4767 summo
1483 4714 1754 4771 dedecore

172 4807 230 4851 et
252 4795 560 4866 ignominia
584 4810 710 4849 eum
745 4795 966 4860 alliciat,
1001 4799 1251 4855 tribuens
1275 4802 1326 4856 ei
1355 4806 1751 4873 proprietatem

172 4898 494 4953 corporum,
526 4883 578 4937 id
600 4892 705 4949 est,
741 4886 1313 4957 circumscriptionem
1338 4902 1394 4946 et
1431 4895 1746 4959 terminum,

173 4990 441 5044 separatis
473 4975 686 5031 scilicet
728 4979 1108 5047 operationem
1138 4997 1169 5035 a
1212 4983 1520 5040 substantia
1560 5002 1574 5041 :
1605 4992 1751 5057 quod

174 5066 402 5134 quidem
434 5066 490 5120 in
520 5068 632 5122 Deo
651 5069 883 5140 intelligi
904 5087 1013 5126 non
1050 5082 1250 5141 potest.

245 5158 334 5212 γι.
364 5157 505 5212 Ante
530 5159 636 5213 hoc
664 5161 889 5229 quidem
920 5178 1046 5216 cum
1085 5164 1361 5233 Propheta
1395 5170 1601 5235 sciret,
1641 5172 1751 5225 aie-

174 5250 265 5303 bat
296 5269 309 5303 :
341 5248 460 5314 Quo
491 5268 522 5303 a
545 5253 737 5320 spiritu
789 5262 878 5306 tuo
926 5254 1009 5308 ibo
1039 5256 1065 5307 ?
1092 5270 1201 5309 non
1246 5257 1405 5320 dixit,
1436 5259 1507 5313 ab
1551 5276 1749 5329 opera-

174 5339 321 5393 tione
352 5347 445 5392 tua
476 5355 489 5390 :
524 5338 591 5391 Et
617 5358 650 5393 a
678 5342 812 5408 facie
829 5349 944 5405 tua,
979 5358 1080 5412 quo
1106 5342 1307 5412 fugiant
1331 5344 1357 5397 ?
1382 5342 1440 5397 Si
1460 5346 1743 5400 escendero

171 5433 222 5482 in
254 5429 476 5492 cwlum,
501 5437 557 5481 tu
587 5429 696 5483 illic
740 5447 791 5483 es
812 5471 826 5494 ,
854 5446 965 5485 non
1023 5432 1200 5486 solum
1254 5433 1501 5501 operatio
1533 5443 1622 5487 tua
1652 5451 1665 5499 ;
1697 5437 1743 5488 si

169 5523 486 5575 descendere
516 5522 586 5574 ad
612 5522 902 5588 infernum,
928 5522 1090 5576 ades’
1115 5541 1128 5586 ;
1166 5532 1224 5577 et
1253 5539 1376 5592 qua:
1412 5535 1740 5593 sequuntur.

170 5608 271 5667 Ubi
324 5610 496 5680 igitur
535 5610 823 5680 Scriptura
849 5612 1311 5682 signiﬁcationem
1346 5614 1498 5669 dedit
1525 5615 1739 5686 disjun-

232 5787 277 5817 ”
306 5785 325 5841 Ι
356 5786 498 5843 Tim.
524 5804 594 5854 τι,
630 5789 706 5845 lb'.

786 5791 826 5821 "
859 5792 982 5861 δίῳ.
1026 5808 1060 5855 I,
1096 5793 1147 5843 7.
1230 5793 1395 5861 'Sap.
1434 5808 1504 5855 xu,
1536 5792 1623 5844 :23.

1702 5796 1718 5823 ’
1754 5796 1951 5851 Jercm.
1994 5814 2139 5863 χχιιι,
2177 5798 2266 5853 ‘21.

1858 4621 2002 4674 sicut
2043 4621 2252 4689 reliqua
2278 4635 2507 4690 corpora
2539 4636 2555 4675 :
2590 4620 2866 4692 quomodo
2897 4621 3045 4677 Deus
3074 4622 3428 4692 impassibilis

1858 4712 2267 4781 participaverit
2290 4713 2314 4764 ?

1931 4806 2021 4860 ΙΧ.
2048 4803 2339 4868 Cancrum,
2376 4806 2506 4875 quia
2549 4809 2930 4876 operationem
2961 4807 3115 4861 aiunt
3155 4807 3208 4861 in
3244 4807 3428 4860 omni-

1858 4896 1963 4950 bus
2006 4912 2126 4950 esse
2154 4912 2167 4959 ;
2196 4897 2337 4950 hanc
2381 4896 2530 4951 enim
2569 4899 2761 4952 volunt
2801 4914 2909 4952 non
2968 4897 3425 4953 circumscribere

1851 5002 2032 5055 neque
2066 4987 2362 5040 terminare
2384 5027 2398 5048 ,
2431 4986 2805 5056 interrogandi
2843 4996 3005 5053 sunt,
3033 4986 3311 5056 quomodo
3355 4985 3425 5040 de

1848 5092 1913 5131 ca
1943 5076 2225 5131 sentiunt:
2258 5093 2326 5131 an
2377 5077 2572 5131 dicunt
2627 5078 2959 5147 participare
3004 5092 3126 5131 eam
3173 5066 3425 5147 terrenas

1848 5168 2061 5230 sordes,
2090 5183 2214 5221 cum
2274 5166 2340 5221 ad
2396 5185 2491 5223 cas
2547 5170 2795 5224 accedit?
2824 5186 2893 5223 an
2936 5184 3044 5223 non
3071 5170 3095 5222 ?
3122 5169 3176 5223 Si
3228 5184 3420 5223 verum

1846 5258 2185 5321 fatebuntur,
2240 5259 2591 5327 perspicuum
2640 5269 2764 5324 est,
2793 5259 2908 5313 ﬁeri
2950 5275 3131 5328 posse,
3158 5268 3219 5313 ut
3275 5259 3420 5327 quod

1848 5348 2283 5416 appropinquat,
2312 5364 2420 5401 non
2450 5349 2742 5417 participet
2773 5350 3037 5403 malitiam
3072 5364 3265 5403 eorum
3294 5349 3423 5417 qui-

1852 5438 1955 5492 bus
2004 5440 2448 5507 appropinquat:
2486 5439 2572 5492 sin
2624 5456 2758 5494 vero
2812 5440 3019 5505 dicent,
3070 5440 3420 5509 participare,

1850 5529 1993 5582 idem
2074 5528 2374 5583 absurdum
2444 5530 2665 5584 eveniet
2735 5530 2816 5584 eis
2885 5531 2981 5600 qui
3050 5531 3156 5585 hoc
3206 5530 3421 5594 dicunt,

1850 5619 1999 5689 quod
2044 5629 2105 5673 ut
2150 5620 2425 5690 fugerent,
2458 5621 2628 5675 Deum
2676 5621 3248 5676 circumscribebant:
3284 5635 3419 5675 cou-

2346 5798 2365 5823 "
2391 5798 2527 5851 l‘sal.
2573 5814 2830 5866 cxxxvm,
2865 5800 2916 5863 7,
2945 5800 2993 5852 8.
