4462 6440
857 361 990 424 1335

1980 372 2038 428 >5.
2083 375 2124 426 .\
2137 370 2174 427 λ
2188 372 2227 426 Α
2238 369 2367 428 S'l'.\
2378 369 2478 426 .‘ill
2520 370 2989 432 ΑΝἹἪΜᾹΗΕΧΙ

3969 366 3990 429 Ῑ
4001 367 4125 429 336

856 477 1072 526 trahant
1141 476 1307 544 igitur
1369 477 1534 530 etiam
1609 478 1952 546 operatione,
2003 487 2059 530 ut
2110 478 2427 530 universum
2460 482 2499 536 Α
2532 482 2754 531 reritutc
2781 481 2820 540 ⁵,
2847 490 2902 532 et
2929 481 3096 533 Deum
3127 481 3294 533 lii-um
3325 496 3447 533 esse
3481 481 3740 540 scientes,
3771 491 3882 530 non
3905 475 4124 528 delle-si

855 565 1177 617 dissolvunt.
1208 566 1362 631 Quod
1405 566 1449 618 si
1489 566 1620 621 dum
1665 569 1767 621 hoc
1800 566 2100 620 absurdum
2151 575 2426 630 metuunt,

856 655 1009 722 quasi
1041 671 1137 707 eos
1191 659 1477 714 sententia:
1508 661 1772 728 pmniteat
1797 701 1811 724 ,
1832 660 2048 713 divinas
2077 660 2430 728 operationes

859 749 995 800 nihil
1026 750 1145 801 hmli
1167 751 1373 814 dicant,
1412 768 1512 804 cur
1540 767 1647 804 non
1679 752 1820 804 idem
1851 752 1918 804 de
1954 752 2259 805 substantia
2288 752 2429 805 aﬂir—

861 842 1054 892 mant?
1094 841 1146 894 Si
1179 852 1361 896 autem
1393 844 1772 912 operationem
1823 845 1946 897 ideo
1977 845 2169 899 dicunt
2201 845 2428 899 liberam

858 949 978 984 esse
1023 950 1052 985 ιι
1094 936 1536 1004 participatione,
1573 939 1720 1007 quod
1778 939 1848 992 sit
1899 939 2130 992 facultas
2180 938 2428 1007 quazdam

865 1023 1233 1092 ineorporea;
1282 1028 1407 1082 inde
1453 1029 1580 1083 licet
1625 1045 1880 1100 arguere,
1911 1031 2097 1084 dicere
2142 1045 2259 1092 eos,
2296 1031 2430 1083 sub-

859 1116 1116 1169 stantiam
1153 1119 1245 1172 bei
1282 1135 1391 1173 non
1420 1135 1540 1174 esse
1573 1121 1971 1191 incorporcam,
2001 1133 2057 1176 et
2084 1122 2186 1175 hac
2218 1123 2428 1176 ratione

861 1222 981 1259 eam
1018 1208 1474 1266 circumscribere
1500 1253 1514 1275 ,
1551 1213 1704 1281 quasi
1746 1225 1995 1268 naturam
2037 1215 2302 1283 corporis.
2337 1215 2432 1268 Est

861 1309 1044 1352 autem
1073 1302 1229 1368 plane
1259 1305 1544 1358 manifesta
1568 1307 1806 1360 amentia
1837 1309 1916 1360 sic
1940 1308 2142 1362 sentire
2163 1317 2219 1360 et
2242 1307 2392 1377 loqui
2417 1325 2429 1361 :

863 1391 1005 1458 siqui
1033 1393 1136 1445 lem
1179 1392 1410 1464 Spiritus
1457 1403 1534 1448 est
1586 1396 1724 1450 Deus
1751 1399 1771 1428 ⁸
1797 1414 1812 1462 ;
1842 1397 2204 1467 quamobrem
2266 1399 2434 1467 spiri-

866 1485 1048 1538 taliter
1072 1503 1198 1539 eum
1243 1487 1616 1556 gloriliccmus
1641 1491 1787 1543 omni
1816 1507 2078 1559 corporea
2106 1490 2436 1560 cogitatione

865 1576 1180 1645 longissime
1238 1581 1480 1649 repulsa,
1540 1583 1834 1638 adorantes
1899 1598 2026 1638 eum
2063 1584 2118 1636 in
2171 1586 2360 1653 spiritu
2389 1595 2437 1637 et

935 1714 955 1742 ⁸
977 1712 1135 1766 Joan.
1172 1729 1242 1779 tv,
1269 1715 1358 1768 21.
1436 1715 1456 1746 ⁸
1486 1716 1625 1769 Ibid.

2532 588 2559 622 a
2599 572 2682 622 via
2737 581 2881 623 recta
2938 589 3101 640 qualn
3157 572 3212 624 in
3259 571 3606 641 dogmatibus
3641 569 3910 622 triverunt
3937 567 4126 635 pedes

2533 665 2755 717 l'atrum
2786 674 3099 717 nostrorum
3135 675 3549 718 mansuetorum
3583 675 3636 716 ct
3663 660 3980 720 humilium,
4013 659 4124 726 qui

2537 764 2684 810 recte
2743 766 3047 810 tractarunt
3100 759 3328 810 verbum
3387 758 3674 819 veritatis,
3742 770 3910 822 super
3969 769 4127 819 quos

2537 850 2749 917 aspexit
2775 851 3041 903 Dominus
3073 860 3296 920 propter
3322 859 3534 902 rectum
3570 865 3665 902 cor
3698 863 3888 898 eorum
3922 863 3935 896 :
3969 859 4127 912 quos

2537 946 2637 1014 ipsi
2674 946 2928 1006 insecuti,
2958 945 3287 998 sententiam
3329 959 3522 1012 puram
3553 949 3609 994 et
3657 940 3899 1007 undique
3953 938 4124 988 litua-

2537 1047 2648 1090 tam
2732 1037 3109 1107 exposuimus,
3167 1037 3304 1089 nihil
3357 1035 3641 1104 proprium
3699 1041 4122 1100 expromentes,

2538 1130 2632 1184 sed
2684 1130 2866 1198 potius
2912 1138 3229 1184 sanctorum
3276 1128 3442 1181 verba
3479 1135 3737 1194 tanquam
3763 1128 3931 1177 llores
3963 1123 4121 1176 colli-

2532 1230 2742 1291 gentes,
2803 1219 2917 1270 ba-c
2970 1235 3116 1271 nunc
3180 1230 3438 1285 tanquam
3489 1217 3644 1270 favos
3694 1213 3952 1267 finximus
3983 1252 3996 1275 ,
4033 1211 4122 1263 usi

2533 1310 2801 1381 adjutrice
2827 1309 2910 1362 vel
2944 1308 3127 1377 potius
3155 1323 3321 1359 causa
3345 1316 3401 1359 et
3422 1307 3693 1375 principio
3719 1304 3969 1372 sapiente
3993 1316 4121 1368 ape,

2534 1406 2695 1472 cujus
2740 1403 2960 1456 labores
3012 1415 3168 1470 rcges
3199 1408 3256 1454 et
3291 1398 3492 1469 privati
3522 1398 3588 1452 ad
3622 1398 3914 1452 sanitatem
3963 1393 4126 1447 adhi-

2536 1498 2686 1550 bent.

884 1891 4107 1914 Μ

2437 2028 2553 2086 III.

1499 2169 1603 2228 DE
1649 2168 1927 2228 DIVINA
1966 2165 2464 2236 OECONOMIA,
2502 2164 2583 2223 ID
2627 2164 2758 2224 ES'I
2812 2160 3444 2223 INCARNATIONE.

935 2427 979 2485 l.
1008 2427 1238 2500 Oportet
1290 2430 1598 2499 sapientem
1649 2431 1949 2488 Salvatoris
2001 2436 2173 2489 nostri
2209 2451 2432 2493 (econo-
2469 2446 2510 2501 Β
2534 2441 2747 2509 jnssum
2780 2441 2797 2476 ι
2837 2448 2994 2504 erat;
3030 2439 3263 2493 alterum
3301 2437 3452 2494 enim
3483 2436 3601 2491 sine
3645 2438 3822 2490 altero
3859 2451 3977 2490 non
4003 2445 4124 2490 erat

863 2519 1028 2573 miam
1077 2536 1178 2590 pro
1211 2522 1480 2574 tenuitate
1511 2531 1712 2576 nostr:e
1759 2523 2137 2589 intelligentia:
2183 2527 2431 2594 laudare,

865 2624 975 2662 non
1018 2625 1118 2677 pro
1172 2609 1440 2676 dignitate
1488 2612 1886 2680 magnitudinis
1935 2614 2121 2668 Verbi.
2151 2616 2268 2670 Non
2331 2617 2433 2671 hoc

863 2700 1166 2769 polliceor;
1201 2717 1544 2771 nequaquam
1573 2721 1585 2756 :
1621 2719 1729 2757 non
1793 2705 1940 2758 enim
1972 2717 2151 2775 potest
2194 2708 2433 2762 lnunana

864 2807 1040 2854 mens,
1069 2794 1322 2860 quamvis
1361 2796 1748 2863 purgatissima
1789 2797 1898 2862 sit,
1932 2808 2135 2852 tantam
2171 2803 2432 2870 amplitu-

871 2886 1050 2937 dinem
1101 2887 1412 2953 complecti,
1455 2886 1549 2940 sed
1584 2896 1642 2940 ut
1691 2887 1922 2942 infirma:
1970 2899 2027 2944 ct
2071 2907 2250 2960 parva:
2289 2894 2435 2948 vires

867 2985 1066 3028 nostra!
1115 2975 1300 3029 ferunt
1325 3020 1338 3038 ,
1371 2977 1439 3031 de
1467 2979 1569 3031 hac
1597 2994 1656 3030 re.
1680 2979 2033 3035 disseremus.
2061 2982 2432 3048 Quamobrem

867 3065 936 3117 ab
978 3065 1043 3119 iis
1080 3066 1172 3134 qui
1217 3067 1283 3119 ad
1341 3067 1631 3135 legendum
1677 3071 2032 3131 accesserint,
2068 3072 2328 3139 petimus,
2367 3088 2435 3126 ne

865 3167 991 3205 cum
1022 3169 1184 3206 sensu
1222 3155 1414 3207 bmnili
1445 3171 1637 3209 eorum
1667 3173 1789 3225 qua:
1822 3172 1853 3211 a
1909 3158 2070 3214 nobis
2093 3161 2434 3224 scrilmntur,

867 3245 1028 3298 nillil”
1079 3246 1228 3298 humi
1289 3258 1517 3314 repaut,
1550 3250 1642 3302 sed
1677 3249 1862 3318 potius
1895 3266 2020 3304 cum
2073 3252 2437 3320 amplitudine

868 3350 1050 3386 rerum
1103 3335 1155 3386 in
1208 3336 1381 3388 altum
1432 3338 1730 3391 tollantur:
1771 3339 1873 3392 etsi
1920 3339 2068 3392 enim
2110 3340 2437 3394 oratiouna

865 3441 990 3477 cum
1040 3425 1412 3480 instrumento
1460 3444 1561 3481 suo
1616 3427 1832 3482 infirma
1875 3438 1982 3493 est,
2019 3439 2205 3484 manet
2255 3442 2436 3485 tamen

869 3517 1093 3570 materia
1121 3518 1438 3571 detrimenti
1469 3534 1704 3587 expers:
1741 3536 1863 3588 qua:
1898 3521 2004 3574 hoc
2054 3521 2175 3590 ipso
2212 3522 2436 3590 grandi-

867 3616 1035 3660 tatem
1077 3607 1455 3672 demonstrat,
1501 3610 1647 3677 quod
1685 3626 1906 3664 onmem
1930 3627 2239 3667 sermonem
2271 3630 2438 3682 supc-

870 3707 995 3751 rat:
1033 3715 1142 3752 non
1202 3700 1350 3753 enim
1412 3702 1658 3754 universi
1700 3701 1946 3765 fabrica,
1996 3703 2198 3757 cmlum
2258 3705 2439 3759 Verbo

867 3789 1180 3844 confectum
1230 3799 1285 3844 ct
1322 3791 1602 3846 sideribus
1647 3800 1944 3856 ornatum,
1975 3803 2032 3847 et
2086 3803 2228 3848 terra
2273 3810 2440 3864 super
2464 3789 2510 3816 “

868 3881 1104 3934 nihilum
1137 3881 1382 3946 fundata,
1417 3892 1473 3936 et
1516 3882 1664 3936 onmi
1697 3899 1898 3952 genere
1923 3884 2181 3938 arborum
2213 3885 2440 3953 pulchre

865 3973 1077 4025 consiu.
1157 3973 1418 4040 omnique
1494 3975 1683 4042 generi
1745 3972 2108 4026 animantium
2181 3973 2441 4028 alimenta

870 4062 1067 4116 idonea
1135 4091 1144 4115 ;
1205 4063 1495 4131 npeditans
1521 4081 1536 4126 ;
1570 4079 1720 4118 mare
1779 4064 2037 4125 liberum.
2064 4074 2121 4118 et
2148 4063 2285 4117 fines
2310 4079 2442 4118 suos

867 4168 976 4208 non
1020 4169 1166 4223 egrci
1212 4170 1350 4219 ens;
1384 4171 1480 4208 aer
1508 4155 1684 4217 fusus,
1719 4165 1774 4208 et
1802 4170 1833 4208 a
1874 4156 2027 4209 nullo
2069 4171 2166 4224 per
2194 4156 2304 4208 vim
2343 4171 2441 4209 oc-

868 4254 1122 4313 cupatus,
1165 4245 1262 4298 sed
1312 4245 1568 4314 :equalibi
1623 4246 2042 4315 participatione
2076 4246 2441 4315 aspirantium

869 4333 1194 4396 honoratus,
1224 4342 1281 4387 et
1305 4343 1513 4388 ceterae
1542 4344 1725 4403 partes
1761 4335 1948 4388 mundi
1973 4336 2163 4394 creati,
2191 4334 2262 4388 ita
2291 4345 2444 4404 pote-

870 4435 1067 4478 statem
1120 4425 1266 4478 illam
1304 4441 1426 4495 qua‘.
1470 4441 1633 4494 supra
1678 4428 1862 4480 omnia
1897 4435 1981 4479 est
2035 4426 2440 4490 demonstrant,

870 4527 1140 4584 quantmn
1196 4516 1574 4580 demonstrat,
1609 4519 1855 4586 potuisse
1896 4518 2138 4572 divinam
2190 4527 2441 4573 naturam

869 4625 994 4661 eum
1026 4617 1213 4662 nostra
1244 4607 1484 4670 misceri,
1512 4616 1568 4662 et
1592 4609 1834 4677 copulari
1861 4611 1978 4663 sine
2006 4609 2114 4663 ulla
2141 4611 2442 4665 mutatione

868 4712 995 4748 eum
1036 4711 1269 4765 corpore
1323 4699 1504 4751 anima
1539 4698 1796 4752 rationali
1827 4699 2076 4768 pratdito.
2103 4700 2181 4754 Ae
2219 4715 2441 4754 causam

867 4788 1092 4854 quidem
1133 4788 1296 4856 hujus
1323 4781 1456 4841 tanti
1487 4788 1787 4843 descensus
1815 4790 2112 4859 perfectam
2146 4791 2262 4860 ipse
2291 4793 2443 4847 solus

869 4879 1046 4939 novit,
1083 4878 1213 4931 etii
1259 4877 1468 4947 quibus
1521 4879 1803 4947 patefecit,
1851 4889 1909 4935 et
1967 4882 2070 4935 hac
2124 4884 2438 4952 cognitione

868 4971 1018 5039 digiti
1053 4970 1297 5023 fuerunt.

938 5063 1001 5116 ll.
1043 5062 1318 5128 Quantum
1353 5073 1536 5116 autem
1583 5077 1684 5115 nos
1715 5063 1950 5116 assecuti
1997 5078 2186 5118 sumus
2216 5065 2437 5119 illorum

872 5154 1094 5222 scriptis
1115 5153 1344 5214 eruditi,
1372 5169 1534 5208 causa
1565 5153 1690 5217 fuit,
1719 5162 1778 5206 ut
1809 5155 1993 5219 homo,
2027 5156 2121 5223 qui
2142 5159 2284 5211 male
2309 5173 2438 5226 per-

874 5249 1035 5308 ierat,
1063 5247 1244 5298 salvus
1272 5247 1448 5308 fieret,
1480 5247 1573 5315 qui
1611 5261 1774 5298 manu
1803 5245 1897 5298 Dei
1929 5247 2194 5302 formatus
2219 5259 2271 5303 ct
2306 5251 2440 5304 ima-

870 5340 994 5408 gine
1049 5338 1370 5402 honoratus,
1403 5338 1632 5406 provide
1686 5338 1742 5391 in
1779 5339 2031 5407 paradiso
2077 5356 2108 5394 a
2141 5342 2438 5399 Conditore

870 5431 1082 5498 positus
1109 5430 1232 5492 fuit,
1269 5439 1322 5482 ut
1351 5441 1692 5500 aperurctur,
1710 5437 1758 5481 et
1789 5430 2069 5484 custodiret
2095 5448 2213 5486 eum
2232 5437 2272 5498 ⁸,
2295 5435 2439 5492 sicut

940 5573 962 5601 ⁸⁵
990 5573 1128 5627 Gen.
1164 5587 1234 5633 ιι,
1271 5572 1350 5626 15.
1425 5572 1442 5599 ⁷
1476 5573 1636 5627 Prov.
1674 5590 1824 5636 svnt,
1855 5574 1907 5627 5.
1987 5573 2007 5602 '
2043 5575 2248 5630 Thren.
2283 5593 2354 5640 tv,
2381 5579 2431 5632 ὃ.

2509 5580 2529 5610 ⁵
2550 5580 2706 5634 Joan.
2742 5596 2755 5633 t
2781 5623 2793 5644 ,
2825 5580 2916 5635 29.

2539 2532 2670 2585 utile
2698 2549 2711 2586 :
2746 2531 2842 2584 sed
2871 2547 2980 2585 non
3007 2528 3308 2584 custodivit
3333 2544 3552 2598 semper
3581 2527 3726 2596 quod
3759 2527 3808 2580 ei
3849 2529 4119 2581 commis-

2535 2639 2656 2676 sum
2694 2631 2836 2685 erat,
2874 2637 2971 2691 per
3020 2621 3332 2692 segnitiem,
3359 2630 3415 2673 et
3472 2635 3764 2689 aggressus
3800 2629 3886 2673 est
3923 2621 4122 2678 vetita.

2535 2715 2664 2769 dolo
2701 2714 2986 2784 cujusdam
3033 2713 3242 2768 fallacis
3281 2713 3583 2780 voluptatis
3634 2712 3918 2767 inductus.
3980 2713 4122 2768 lline

2537 2806 2613 2860 illi
2651 2806 2835 2859 omnis
2863 2805 3021 2858 labor
3058 2813 3221 2858 natus
3250 2813 3356 2864 est,
3394 2813 3450 2857 ct
3481 2803 3748 2856 malorum
3779 2801 4077 2856 inundatio
4104 2821 4118 2866 ;

2536 2911 2660 2964 qua:
2705 2910 2833 2950 cum
2903 2896 3139 2949 resecari
3193 2895 3397 2964 alioqui
3459 2909 3601 2962 opus
3655 2893 3884 2956 fuisset,
3943 2893 4121 2961 magis

2541 2997 2721 3041 tamen
2773 2997 2938 3051 aucta
2985 2994 3137 3040 sunt.
3189 2985 3282 3040 Sic
3322 2985 3470 3040 enim
3516 2986 3585 3039 iis
3626 2986 3850 3038 evenire.
3893 2985 4122 3038 solitum

2536 3087 2644 3143 est,
2673 3079 2770 3149 qui
2800 3080 2954 3134 nullo
2981 3079 3178 3134 ordine
3214 3089 3433 3133 servato
3457 3087 3722 3147 :egrotant
3744 3119 3758 3140 ,
3781 3079 3860 3130 sic
3891 3089 3952 3130 et
3979 3093 4119 3146 prm-

2536 3170 2712 3238 ceptis
2763 3171 3104 3225 medicormn
3163 3185 3274 3223 non
3335 3169 3480 3223 sicut
3533 3166 3738 3220 debent
3765 3209 3774 3225 ,.
3834 3176 4116 3218 utuntur:

2538 3257 2599 3310 In
2632 3260 2956 3327 profundum
2984 3260 3151 3327 igitur
3181 3260 3446 3311 malorum
3471 3275 3592 3310 cum
3623 3256 3905 3309 det-enisaet
3931 3297 3947 3318 ,
3980 3255 4124 3308 sicut

2537 3349 2614 3400 ait
2641 3348 2870 3418 Sapiens
2906 3349 2962 3403 in
2997 3350 3330 3411 Proverbiis,
3362 3348 3675 3417 contempsit
3706 3348 3750 3400 ⁷.
3794 3343 3955 3399 Unde
3990 3343 4122 3412 quia

2539 3453 2605 3491 ex
2643 3446 2792 3492 tanta
2815 3439 3144 3494 excellentia
3179 3448 3234 3493 et
3271 3438 3565 3491 altitudine
3600 3436 3788 3505 lapsus
3815 3442 3979 3495 erat,
4009 3447 4121 3485 non

2539 3529 2879 3597 congruebat
2923 3529 3155 3585 bonitati
3189 3529 3426 3583 naturali
3474 3529 3593 3589 Dei,
3622 3527 3712 3581 hic
3740 3526 3954 3595 lapsum
4001 3524 4121 3577 sine

2541 3619 2814 3673 medicina
2840 3659 2855 3683 ,
2884 3630 2941 3673 et
2968 3627 3124 3674 extra
3151 3619 3368 3673 felicem
3409 3626 3614 3672 statum
3642 3617 3697 3670 in
3727 3631 3838 3684 quo
3861 3614 4123 3668 conditus

2542 3711 2741 3773 fuerat,
2773 3712 3085 3781 neglectum
3135 3712 3449 3782 prmterire;
3490 3711 3585 3780 qui
3629 3709 3777 3764 enim
3820 3706 4124 3776 aliquando

2545 3803 2598 3855 in
2635 3819 2903 3874 purpura,
2936 3815 2995 3858 ut
3023 3804 3099 3857 ait
3125 3803 3415 3872 Propheta,
3445 3802 3595 3856 Altus
3621 3810 3669 3853 et
3690 3800 3943 3852 educatus
3968 3807 4085 3852 erat
4107 3835 4125 3863 ,

2542 3891 2755 3944 indutus
2784 3903 2860 3944 est
2883 3900 3110 3945 stercore
3140 3893 3181 3945 ⁸.

2613 3981 2703 4036 111.
2737 3981 2949 4035 Idcirco
2977 3982 3255 4050 sapienter
3283 3981 3453 4038 V'erbi
3503 3980 3600 4035 Dei
3648 3979 3974 4035 oeconomia
4024 3993 4121 4031 ne-

2541 4075 2754 4144 gotium
2804 4074 3047 4142 suscepit
3078 4089 3309 4142 magnus
3340 4073 3430 4128 ille
3459 4088 3554 4126 rex
3581 4114 3596 4136 ,
3623 4080 3680 4125 et
3715 4085 3843 4126 vere
3875 4068 4122 4140 praeclari

2542 4166 2780 4236 generis,
2813 4180 2878 4219 ac
2939 4181 3068 4219 vere
3123 4166 3350 4220 liberex
3407 4163 3671 4220 omnibus
3721 4161 3814 4230 qui
3871 4169 4006 4214 sunt
4057 4160 4124 4212 ab

2544 4258 2760 4311 oriente
2812 4257 2990 4311 solis:
3023 4271 3286 4325 egressus
3327 4256 3478 4310 enim
3508 4270 3539 4309 e
3581 4269 3680 4307 sua
3716 4253 3944 4306 civitate
3995 4267 4124 4319 pro-

2543 4359 2667 4420 pter
2684 4365 2812 4404 cura
2835 4354 2930 4418 qui
2962 4350 3088 4404 inde
3114 4351 3482 4411 exsulaverat,
3502 4349 3645 4402 sedit
3673 4361 3838 4415 super
3869 4356 4122 4399 nostrum

2544 4451 2763 4496 stercus
2787 4442 2840 4496 in
2872 4458 2984 4511 quo
3005 4441 3355 4504 sedebamus,
3387 4440 3539 4494 exuti
3564 4438 3916 4509 splendidum
3951 4436 4120 4490 vesti-

2546 4543 2662 4588 tum
2714 4551 2825 4604 quo
2867 4549 3090 4588 eramus
3129 4543 3257 4588 ante
3301 4533 3795 4602 transgressionem
3836 4528 4043 4588 induti,
4068 4537 4124 4579 et

2545 4625 2652 4679 hoe.
2696 4625 2872 4680 fetore
2923 4625 3109 4680 amicti
3140 4643 3153 4678 :
3190 4631 3246 4678 et
3271 4625 3536 4693 quoniam
3560 4639 3628 4677 ex
3659 4630 3906 4676 stercore
3954 4619 4123 4673 fetido

2545 4717 2732 4770 ulcera
2763 4726 2819 4771 et
2847 4716 3077 4769 vulnera
3115 4730 3530 4785 acceperamus,
3563 4728 3686 4782 quae
3714 4720 3885 4765 totam
3913 4719 4122 4763 natura:

2545 4816 2748 4863 nostra?
2771 4808 3034 4862 fabricam
3058 4806 3508 4877 corrumpebant,
3537 4804 3752 4874 accepit
3789 4810 3992 4856 testam
4014 4841 4029 4864 ,
4062 4809 4122 4853 ut

2545 4903 2779 4955 multum
2820 4911 3104 4970 putrorcm
3132 4899 3490 4962 corraderet;
3520 4912 3758 4967 purgare
3782 4895 3932 4948 cnim
3967 4892 4120 4947 vole-

2549 4991 2642 5046 bat
2664 4992 2885 5055 vulnus,
2921 5000 2978 5044 et
2999 4992 3203 5044 lavare.
3233 4989 3341 5044 Sed
3373 5004 3497 5058 qua:
3520 4988 3626 5042 ista
3657 4996 3794 5041 testa
3819 4985 3955 5040 est?
3995 4999 4117 5038 cor-

2545 5098 2649 5151 pus
2696 5083 2912 5136 scilicet
2961 5090 3284 5144 terrenum,
3346 5095 3460 5149 quo
3510 5087 3799 5148 peccatum
3867 5084 4117 5129 nostrum

2545 5173 2906 5226 emundavit:
2941 5173 3122 5241 Agnus
3164 5171 3258 5224 Dei
3290 5171 3488 5234 factus,
3521 5170 3613 5240 qui
3655 5168 3793 5221 tollit
3847 5174 4117 5236 peccatum

2549 5264 2786 5316 mtmdi".
2826 5263 2939 5316 lloc
2980 5263 3138 5316 nobis
3180 5271 3266 5316 est
3311 5264 3566 5330 Magnum
3604 5260 3932 5328 mysterium,
3966 5271 4118 5310 aste-

2542 5355 2672 5406 culis
2703 5366 2751 5406 et
2782 5371 2814 5406 η
2868 5354 3293 5423 generatimiibns
3318 5353 3373 5404 in
3400 5352 3529 5414 Deo,
3562 5351 3651 5420 qui
3683 5350 3861 5401 omm'a
3899 5349 4116 5402 crearit.

2547 5444 3015 5506 absconditum”;
3056 5442 3202 5509 quod
3255 5441 3494 5497 Joannes
3554 5439 3842 5508 theologia:
3913 5438 4117 5492 tonitru

2999 5580 3034 5609 "‘
3071 5579 3272 5649 Ephes.
3304 5594 3386 5644 nt,
3419 5580 3482 5638 9;
3514 5575 3722 5633 Coloss.
3743 5590 3782 5639 I,
3812 5574 3904 5631 26.

2132 5692 2363 5747 VMllJi
2412 5693 2815 5749 [κατωκιςά

961 5776 1212 5831 tirenum
1271 5781 1370 5834 .\tt,
1416 5791 1607 5834 malum
1641 5788 1658 5801 ”
1699 5783 1800 5837 S'Jtl
1850 5785 2048 5850 17-5/3”
