  <div class='ocr_page' id='page_1' title='image "/cluster/home/n/w/nwhite01/storage/ocr_20150623/89/nnc1.0046980172/694.png"; bbox 0 0 4462 6440; ppageno 0'>
   <div class='ocr_carea' id='block_1_1' title="bbox 1365 406 2662 494">
    <p class='ocr_par' dir='ltr' id='par_1_1' title="bbox 1365 406 2662 494">
     <span class='ocr_line' id='line_1_1' title="bbox 1365 406 2662 494; baseline 0.022 -28"><span class='ocrx_word' id='word_1_1' title='bbox 1365 406 1647 470; x_wconf 58' lang='lat' dir='ltr'><strong>ORATIO</strong></span> <span class='ocrx_word' id='word_1_2' title='bbox 1688 412 1841 472; x_wconf 85' lang='lat' dir='ltr'><strong>Ill.-</strong></span> <span class='ocrx_word' id='word_1_3' title='bbox 1887 440 1900 449; x_wconf 90' lang='lat'><strong>-</strong></span> <span class='ocrx_word' id='word_1_4' title='bbox 1933 417 2028 476; x_wconf 84' lang='lat' dir='ltr'><strong>DE</strong></span> <span class='ocrx_word' id='word_1_5' title='bbox 2068 420 2662 494; x_wconf 66' lang='lat' dir='ltr'><strong>thlAliNA&#39;l‘lONE.</strong></span> 
     </span>
    </p>
   </div>
   <div class='ocr_carea' id='block_1_2' title="bbox 362 494 3640 624">
    <p class='ocr_par' dir='ltr' id='par_1_2' title="bbox 362 494 3640 624">
     <span class='ocr_line' id='line_1_2' title="bbox 362 494 3640 624; baseline 0.012 -52"><span class='ocrx_word' id='word_1_6' title='bbox 362 494 734 624; x_wconf 58' lang='grc' dir='ltr'><strong>Ρτίῑδίείὶνῖι·</strong></span> <span class='ocrx_word' id='word_1_7' title='bbox 777 515 902 554; x_wconf 66' lang='lat' dir='ltr'><strong>Cm“</strong></span> <span class='ocrx_word' id='word_1_8' title='bbox 943 520 1109 574; x_wconf 63' lang='lat' dir='ltr'><strong>S“llra</strong></span> <span class='ocrx_word' id='word_1_9' title='bbox 1154 524 1376 573; x_wconf 68' lang='grc' dir='ltr'>ευΙὶευιιι</span> <span class='ocrx_word' id='word_1_10' title='bbox 1416 525 1472 568; x_wconf 66' lang='grc' dir='ltr'><strong>ει</strong></span> <span class='ocrx_word' id='word_1_11' title='bbox 1535 535 1701 588; x_wconf 64' lang='lat' dir='ltr'><strong>S&quot;Prﬂ</strong></span> <span class='ocrx_word' id='word_1_12' title='bbox 1733 537 1795 574; x_wconf 63' lang='grc' dir='ltr'><strong>οἱ]</strong></span> <span class='ocrx_word' id='word_1_13' title='bbox 1835 539 1957 590; x_wconf 66' lang='grc' dir='ltr'><strong>⁴Ιυίυ</strong></span> <span class='ocrx_word' id='word_1_14' title='bbox 1989 532 2029 585; x_wconf 79' lang='grc' dir='ltr'>Α</span> <span class='ocrx_word' id='word_1_15' title='bbox 2059 544 2124 582; x_wconf 79' lang='lat' dir='ltr'><strong>cx</strong></span> <span class='ocrx_word' id='word_1_16' title='bbox 2154 532 2239 585; x_wconf 84' lang='lat' dir='ltr'><strong>his</strong></span> <span class='ocrx_word' id='word_1_17' title='bbox 2265 537 2412 590; x_wconf 83' lang='lat' dir='ltr'><strong>enim</strong></span> <span class='ocrx_word' id='word_1_18' title='bbox 2434 542 2871 615; x_wconf 72' lang='lat' dir='ltr'><strong>exstititcorpus</strong></span> <span class='ocrx_word' id='word_1_19' title='bbox 2895 558 3200 615; x_wconf 87' lang='lat' dir='ltr'><strong>terrenmn,</strong></span> <span class='ocrx_word' id='word_1_20' title='bbox 3225 553 3372 621; x_wconf 89' lang='lat' dir='ltr'><strong>quod</strong></span> <span class='ocrx_word' id='word_1_21' title='bbox 3407 557 3640 624; x_wconf 89' lang='lat' dir='ltr'><strong>tempori</strong></span> 
     </span>
     <span class='ocr_line' id='line_1_3' title="bbox 362 595 2148 624; baseline 0 0"><span class='ocrx_word' id='word_1_22' title='bbox 362 600 434 624; x_wconf 68' lang='lat' dir='ltr'><strong>cn</strong></span> <span class='ocrx_word' id='word_1_23' title='bbox 461 603 480 624; x_wconf 77' lang='grc' dir='ltr'><strong>ι</strong></span> <span class='ocrx_word' id='word_1_24' title='bbox 514 603 737 624; x_wconf 64' lang='lat' dir='ltr'><strong>anno...&quot;</strong></span> <span class='ocrx_word' id='word_1_25' title='bbox 763 595 964 624; x_wconf 70' lang='lat' dir='ltr'><strong>n-.l.....</strong></span> <span class='ocrx_word' id='word_1_26' title='bbox 1023 601 1267 624; x_wconf 74' lang='lat' dir='ltr'><strong>..I..-....___</strong></span> <span class='ocrx_word' id='word_1_27' title='bbox 1303 622 1311 624; x_wconf 96' lang='lat'><em>_</em></span> <span class='ocrx_word' id='word_1_28' title='bbox 1353 605 1369 624; x_wconf 82' lang='grc' dir='ltr'><strong>ι</strong></span> <span class='ocrx_word' id='word_1_29' title='bbox 1512 611 1521 620; x_wconf 87' lang='grc'>.</span> <span class='ocrx_word' id='word_1_30' title='bbox 1600 612 1610 621; x_wconf 92' lang='grc'><strong>.</strong></span> <span class='ocrx_word' id='word_1_31' title='bbox 1656 612 1666 622; x_wconf 91' lang='grc'><strong>.</strong></span> <span class='ocrx_word' id='word_1_32' title='bbox 1760 612 1770 622; x_wconf 87' lang='grc'><strong>.</strong></span> <span class='ocrx_word' id='word_1_33' title='bbox 1899 614 1908 623; x_wconf 94' lang='grc'>.</span> <span class='ocrx_word' id='word_1_34' title='bbox 2139 622 2148 624; x_wconf 87' lang='grc'><strong>-</strong></span> 
     </span>
    </p>
   </div>
   <div class='ocr_carea' id='block_1_3' title="bbox 361 586 1958 681">
    <p class='ocr_par' dir='ltr' id='par_1_3' title="bbox 361 586 1958 681">
     <span class='ocr_line' id='line_1_4' title="bbox 361 586 1958 681; baseline 0.02 -46"><span class='ocrx_word' id='word_1_35' title='bbox 361 586 480 639; x_wconf 84' lang='lat' dir='ltr'><strong>sub</strong></span> <span class='ocrx_word' id='word_1_36' title='bbox 514 603 737 645; x_wconf 89' lang='lat' dir='ltr'><strong>sensqu</strong></span> <span class='ocrx_word' id='word_1_37' title='bbox 763 595 991 661; x_wconf 89' lang='lat' dir='ltr'><strong>cadunt,</strong></span> <span class='ocrx_word' id='word_1_38' title='bbox 1020 601 1270 657; x_wconf 87' lang='lat' dir='ltr'><strong>elevatus</strong></span> <span class='ocrx_word' id='word_1_39' title='bbox 1301 622 1312 656; x_wconf 91' lang='lat'>:</span> <span class='ocrx_word' id='word_1_40' title='bbox 1343 605 1405 658; x_wconf 86' lang='lat' dir='ltr'><strong>In</strong></span> <span class='ocrx_word' id='word_1_41' title='bbox 1440 611 1720 679; x_wconf 79' lang='lat' dir='ltr'><strong>principio,</strong></span> <span class='ocrx_word' id='word_1_42' title='bbox 1758 612 1958 681; x_wconf 92' lang='lat' dir='ltr'><strong>inquit,</strong></span> 
     </span>
    </p>
   </div>
   <div class='ocr_carea' id='block_1_4' title="bbox 357 679 1960 766">
    <p class='ocr_par' dir='ltr' id='par_1_4' title="bbox 357 679 1960 766">
     <span class='ocr_line' id='line_1_5' title="bbox 357 679 1960 766; baseline 0.02 -40"><span class='ocrx_word' id='word_1_43' title='bbox 357 689 491 729; x_wconf 69' lang='lat' dir='ltr'><strong>erat</strong></span> <span class='ocrx_word' id='word_1_44' title='bbox 553 679 795 740; x_wconf 70' lang='lat' dir='ltr'><strong>Verbum.</strong></span> <span class='ocrx_word' id='word_1_45' title='bbox 832 696 878 737; x_wconf 74' lang='lat' dir='ltr'><strong>rt</strong></span> <span class='ocrx_word' id='word_1_46' title='bbox 916 688 1133 743; x_wconf 72' lang='lat' dir='ltr'><strong>l&#39;i&#39;rlmm</strong></span> <span class='ocrx_word' id='word_1_47' title='bbox 1179 705 1294 747; x_wconf 77' lang='lat' dir='ltr'><strong>erat</strong></span> <span class='ocrx_word' id='word_1_48' title='bbox 1340 698 1483 766; x_wconf 79' lang='lat' dir='ltr'><strong>apud</strong></span> <span class='ocrx_word' id='word_1_49' title='bbox 1528 699 1713 764; x_wconf 69' lang='lat' dir='ltr'><strong>Deum,</strong></span> <span class='ocrx_word' id='word_1_50' title='bbox 1742 716 1792 755; x_wconf 75' lang='lat' dir='ltr'><strong>et</strong></span> <span class='ocrx_word' id='word_1_51' title='bbox 1824 705 1960 758; x_wconf 70' lang='lat' dir='ltr'><strong>licus</strong></span> 
     </span>
    </p>
   </div>
   <div class='ocr_carea' id='block_1_5' title="bbox 353 771 1736 858">
    <p class='ocr_par' dir='ltr' id='par_1_5' title="bbox 353 771 1736 858">
     <span class='ocr_line' id='line_1_6' title="bbox 353 771 1736 858; baseline 0.019 -38"><span class='ocrx_word' id='word_1_52' title='bbox 353 779 486 822; x_wconf 74' lang='lat' dir='ltr'><strong>eral</strong></span> <span class='ocrx_word' id='word_1_53' title='bbox 534 771 771 829; x_wconf 71' lang='lat' dir='ltr'><strong>Verbum.</strong></span> <span class='ocrx_word' id='word_1_54' title='bbox 807 779 1000 833; x_wconf 83' lang='lat' dir='ltr'><strong>Omnia</strong></span> <span class='ocrx_word' id='word_1_55' title='bbox 1027 800 1121 852; x_wconf 75' lang='lat' dir='ltr'><strong>per</strong></span> <span class='ocrx_word' id='word_1_56' title='bbox 1147 787 1316 855; x_wconf 77' lang='lat' dir='ltr'><strong>ipsum</strong></span> <span class='ocrx_word' id='word_1_57' title='bbox 1355 790 1498 858; x_wconf 69' lang='lat' dir='ltr'><strong>[arta</strong></span> <span class='ocrx_word' id='word_1_58' title='bbox 1527 802 1650 844; x_wconf 75' lang='lat' dir='ltr'><strong>siml</strong></span> <span class='ocrx_word' id='word_1_59' title='bbox 1675 796 1736 847; x_wconf 85' lang='lat'><strong>“.</strong></span> 
     </span>
    </p>
   </div>
   <div class='ocr_carea' id='block_1_6' title="bbox 436 905 1953 998">
    <p class='ocr_par' dir='ltr' id='par_1_6' title="bbox 436 905 1953 998">
     <span class='ocr_line' id='line_1_7' title="bbox 436 905 1953 998; baseline 0.018 -41"><span class='ocrx_word' id='word_1_60' title='bbox 436 905 534 958; x_wconf 93' lang='lat' dir='ltr'><strong>lV.</strong></span> <span class='ocrx_word' id='word_1_61' title='bbox 573 907 756 977; x_wconf 87' lang='lat' dir='ltr'><strong>Ipsum</strong></span> <span class='ocrx_word' id='word_1_62' title='bbox 785 913 954 982; x_wconf 82' lang='lat' dir='ltr'><strong>igitur</strong></span> <span class='ocrx_word' id='word_1_63' title='bbox 979 919 1302 986; x_wconf 84' lang='lat' dir='ltr'><strong>magistrum</strong></span> <span class='ocrx_word' id='word_1_64' title='bbox 1329 932 1385 977; x_wconf 91' lang='lat' dir='ltr'><strong>et</strong></span> <span class='ocrx_word' id='word_1_65' title='bbox 1406 924 1603 980; x_wconf 85' lang='lat' dir='ltr'><strong>ducent</strong></span> <span class='ocrx_word' id='word_1_66' title='bbox 1634 941 1953 998; x_wconf 84' lang='lat' dir='ltr'><strong>sequentes,</strong></span> 
     </span>
    </p>
   </div>
   <div class='ocr_carea' id='block_1_7' title="bbox 348 998 1952 1077">
    <p class='ocr_par' dir='ltr' id='par_1_7' title="bbox 348 998 1952 1077">
     <span class='ocr_line' id='line_1_8' title="bbox 348 998 1952 1077; baseline 0.019 -31"><span class='ocrx_word' id='word_1_67' title='bbox 348 998 620 1066; x_wconf 73' lang='lat' dir='ltr'><strong>ejusdem</strong></span> <span class='ocrx_word' id='word_1_68' title='bbox 657 1004 891 1059; x_wconf 80' lang='lat' dir='ltr'><strong>vocibus</strong></span> <span class='ocrx_word' id='word_1_69' title='bbox 921 1007 1125 1066; x_wconf 84' lang='lat' dir='ltr'><strong>divinis</strong></span> <span class='ocrx_word' id='word_1_70' title='bbox 1173 1023 1394 1069; x_wconf 83' lang='lat' dir='ltr'><strong>utamur</strong></span> <span class='ocrx_word' id='word_1_71' title='bbox 1433 1018 1646 1073; x_wconf 89' lang='lat' dir='ltr'><strong>aientes</strong></span> <span class='ocrx_word' id='word_1_72' title='bbox 1679 1040 1690 1073; x_wconf 87' lang='lat'>:</span> <span class='ocrx_word' id='word_1_73' title='bbox 1734 1022 1952 1077; x_wconf 71' lang='lat' dir='ltr'><strong>l&#39;crlmm</strong></span> 
     </span>
    </p>
   </div>
   <div class='ocr_carea' id='block_1_8' title="bbox 346 1094 1949 1184">
    <p class='ocr_par' dir='ltr' id='par_1_8' title="bbox 346 1094 1949 1184">
     <span class='ocr_line' id='line_1_9' title="bbox 346 1094 1949 1184; baseline 0.017 -43"><span class='ocrx_word' id='word_1_74' title='bbox 346 1108 488 1143; x_wconf 81' lang='grc' dir='ltr'><strong>ιάιο</strong></span> <span class='ocrx_word' id='word_1_75' title='bbox 539 1094 736 1162; x_wconf 81' lang='lat' dir='ltr'><strong>factum</strong></span> <span class='ocrx_word' id='word_1_76' title='bbox 775 1109 872 1161; x_wconf 82' lang='lat' dir='ltr'><strong>cst,</strong></span> <span class='ocrx_word' id='word_1_77' title='bbox 902 1110 952 1152; x_wconf 84' lang='lat' dir='ltr'><strong>ct</strong></span> <span class='ocrx_word' id='word_1_78' title='bbox 1004 1105 1262 1160; x_wconf 80' lang='lat' dir='ltr'><strong>habitavit</strong></span> <span class='ocrx_word' id='word_1_79' title='bbox 1301 1109 1352 1161; x_wconf 84' lang='lat' dir='ltr'><strong>in</strong></span> <span class='ocrx_word' id='word_1_80' title='bbox 1387 1111 1532 1165; x_wconf 83' lang='lat' dir='ltr'><strong>nobis</strong></span> <span class='ocrx_word' id='word_1_81' title='bbox 1563 1114 1624 1167; x_wconf 84' lang='lat'><strong>“.</strong></span> <span class='ocrx_word' id='word_1_82' title='bbox 1654 1115 1949 1184; x_wconf 81' lang='lat' dir='ltr'><strong>Postquam</strong></span> 
     </span>
    </p>
   </div>
   <div class='ocr_carea' id='block_1_9' title="bbox 344 1185 1948 1265">
    <p class='ocr_par' dir='ltr' id='par_1_9' title="bbox 344 1185 1948 1265">
     <span class='ocr_line' id='line_1_10' title="bbox 344 1185 1948 1265; baseline 0.016 -28"><span class='ocrx_word' id='word_1_83' title='bbox 344 1185 517 1238; x_wconf 86' lang='lat' dir='ltr'><strong>enim</strong></span> <span class='ocrx_word' id='word_1_84' title='bbox 553 1188 780 1242; x_wconf 80' lang='lat' dir='ltr'><strong>nimiam</strong></span> <span class='ocrx_word' id='word_1_85' title='bbox 811 1193 933 1262; x_wconf 90' lang='lat' dir='ltr'><strong>ejus</strong></span> <span class='ocrx_word' id='word_1_86' title='bbox 975 1210 1106 1265; x_wconf 88' lang='lat' dir='ltr'><strong>erga</strong></span> <span class='ocrx_word' id='word_1_87' title='bbox 1134 1213 1238 1252; x_wconf 86' lang='lat' dir='ltr'><strong>nos</strong></span> <span class='ocrx_word' id='word_1_88' title='bbox 1273 1201 1717 1259; x_wconf 87' lang='lat' dir='ltr'><strong>misericordiam</strong></span> <span class='ocrx_word' id='word_1_89' title='bbox 1756 1220 1948 1262; x_wconf 89' lang='lat' dir='ltr'><strong>osten-</strong></span> 
     </span>
    </p>
   </div>
   <div class='ocr_carea' id='block_1_10' title="bbox 344 1273 1950 1365">
    <p class='ocr_par' dir='ltr' id='par_1_10' title="bbox 344 1273 1950 1365">
     <span class='ocr_line' id='line_1_11' title="bbox 344 1273 1950 1365; baseline 0.017 -39"><span class='ocrx_word' id='word_1_90' title='bbox 344 1273 461 1337; x_wconf 88' lang='lat' dir='ltr'><strong>dit,</strong></span> <span class='ocrx_word' id='word_1_91' title='bbox 506 1277 662 1332; x_wconf 83' lang='lat' dir='ltr'><strong>illum</strong></span> <span class='ocrx_word' id='word_1_92' title='bbox 698 1281 879 1350; x_wconf 91' lang='lat' dir='ltr'><strong>ipsum</strong></span> <span class='ocrx_word' id='word_1_93' title='bbox 902 1284 1040 1339; x_wconf 83' lang='lat' dir='ltr'><strong>dixit</strong></span> <span class='ocrx_word' id='word_1_94' title='bbox 1068 1288 1272 1343; x_wconf 90' lang='lat' dir='ltr'><strong>factum</strong></span> <span class='ocrx_word' id='word_1_95' title='bbox 1302 1307 1426 1347; x_wconf 85' lang='lat' dir='ltr'><strong>esse</strong></span> <span class='ocrx_word' id='word_1_96' title='bbox 1457 1295 1766 1352; x_wconf 79' lang='lat' dir='ltr'><strong>hominem.</strong></span> <span class='ocrx_word' id='word_1_97' title='bbox 1801 1298 1950 1365; x_wconf 76' lang='lat' dir='ltr'><strong>Quo-</strong></span> 
     </span>
    </p>
   </div>
   <div class='ocr_carea' id='block_1_11' title="bbox 343 1366 1946 1461">
    <p class='ocr_par' dir='ltr' id='par_1_11' title="bbox 343 1366 1946 1461">
     <span class='ocr_line' id='line_1_12' title="bbox 343 1366 1946 1461; baseline 0.019 -44"><span class='ocrx_word' id='word_1_98' title='bbox 343 1366 528 1421; x_wconf 82' lang='lat' dir='ltr'><strong>modo</strong></span> <span class='ocrx_word' id='word_1_99' title='bbox 580 1379 765 1426; x_wconf 90' lang='lat' dir='ltr'><strong>autem</strong></span> <span class='ocrx_word' id='word_1_100' title='bbox 822 1374 942 1430; x_wconf 84' lang='lat' dir='ltr'><strong>fieri</strong></span> <span class='ocrx_word' id='word_1_101' title='bbox 987 1379 1285 1446; x_wconf 90' lang='lat' dir='ltr'><strong>potuisset,</strong></span> <span class='ocrx_word' id='word_1_102' title='bbox 1332 1392 1394 1436; x_wconf 94' lang='grc' dir='ltr'><strong>ιιι</strong></span> <span class='ocrx_word' id='word_1_103' title='bbox 1442 1388 1539 1454; x_wconf 85' lang='grc' dir='ltr'>ιιιιὶ</span> <span class='ocrx_word' id='word_1_104' title='bbox 1571 1397 1692 1442; x_wconf 90' lang='lat' dir='ltr'><strong>erat</strong></span> <span class='ocrx_word' id='word_1_105' title='bbox 1738 1392 1946 1461; x_wconf 79' lang='lat' dir='ltr'><strong>alioqui</strong></span> 
     </span>
    </p>
   </div>
   <div class='ocr_carea' id='block_1_12' title="bbox 341 1456 1945 1548">
    <p class='ocr_par' dir='ltr' id='par_1_12' title="bbox 341 1456 1945 1548">
     <span class='ocr_line' id='line_1_13' title="bbox 341 1456 1945 1548; baseline 0.02 -40"><span class='ocrx_word' id='word_1_106' title='bbox 341 1456 742 1527; x_wconf 82' lang='lat' dir='ltr'><strong>immutabilis,</strong></span> <span class='ocrx_word' id='word_1_107' title='bbox 776 1464 933 1521; x_wconf 85' lang='lat' dir='ltr'><strong>fieret</strong></span> <span class='ocrx_word' id='word_1_108' title='bbox 981 1471 1130 1538; x_wconf 91' lang='lat' dir='ltr'><strong>quod</strong></span> <span class='ocrx_word' id='word_1_109' title='bbox 1193 1488 1303 1528; x_wconf 92' lang='lat' dir='ltr'><strong>non</strong></span> <span class='ocrx_word' id='word_1_110' title='bbox 1353 1488 1474 1531; x_wconf 91' lang='lat' dir='ltr'><strong>erat</strong></span> <span class='ocrx_word' id='word_1_111' title='bbox 1507 1495 1521 1543; x_wconf 91' lang='lat'><strong>;</strong></span> <span class='ocrx_word' id='word_1_112' title='bbox 1553 1480 1781 1548; x_wconf 91' lang='lat' dir='ltr'><strong>docuit,</strong></span> <span class='ocrx_word' id='word_1_113' title='bbox 1819 1456 1945 1540; x_wconf 80' lang='lat' dir='ltr'><strong>cum</strong></span> 
     </span>
    </p>
   </div>
   <div class='ocr_carea' id='block_1_13' title="bbox 337 1549 1942 1639">
    <p class='ocr_par' dir='ltr' id='par_1_13' title="bbox 337 1549 1942 1639">
     <span class='ocr_line' id='line_1_14' title="bbox 337 1549 1942 1639; baseline 0.019 -38"><span class='ocrx_word' id='word_1_114' title='bbox 337 1549 494 1604; x_wconf 66' lang='lat' dir='ltr'><strong>dixit</strong></span> <span class='ocrx_word' id='word_1_115' title='bbox 522 1571 534 1605; x_wconf 93' lang='lat'><strong>:</strong></span> <span class='ocrx_word' id='word_1_116' title='bbox 562 1554 632 1606; x_wconf 72' lang='lat' dir='ltr'><strong>Et</strong></span> <span class='ocrx_word' id='word_1_117' title='bbox 660 1557 914 1612; x_wconf 78' lang='lat' dir='ltr'><strong>habitavit</strong></span> <span class='ocrx_word' id='word_1_118' title='bbox 940 1562 994 1613; x_wconf 82' lang='lat' dir='ltr'><strong>in</strong></span> <span class='ocrx_word' id='word_1_119' title='bbox 1025 1564 1204 1620; x_wconf 78' lang='lat' dir='ltr'><strong>nobis:</strong></span> <span class='ocrx_word' id='word_1_120' title='bbox 1231 1568 1380 1636; x_wconf 90' lang='lat' dir='ltr'><strong>quod</strong></span> <span class='ocrx_word' id='word_1_121' title='bbox 1413 1572 1644 1639; x_wconf 88' lang='lat' dir='ltr'><strong>perinde</strong></span> <span class='ocrx_word' id='word_1_122' title='bbox 1671 1585 1776 1636; x_wconf 90' lang='lat' dir='ltr'><strong>est,</strong></span> <span class='ocrx_word' id='word_1_123' title='bbox 1814 1592 1878 1630; x_wconf 91' lang='lat' dir='ltr'><strong>ac</strong></span> <span class='ocrx_word' id='word_1_124' title='bbox 1897 1578 1942 1632; x_wconf 90' lang='lat' dir='ltr'><strong>si</strong></span> 
     </span>
    </p>
   </div>
   <div class='ocr_carea' id='block_1_14' title="bbox 337 1643 1942 1736">
    <p class='ocr_par' dir='ltr' id='par_1_14' title="bbox 337 1643 1942 1736">
     <span class='ocr_line' id='line_1_15' title="bbox 337 1643 1942 1736; baseline 0.019 -42"><span class='ocrx_word' id='word_1_125' title='bbox 337 1643 586 1711; x_wconf 83' lang='lat' dir='ltr'><strong>diceret,</strong></span> <span class='ocrx_word' id='word_1_126' title='bbox 617 1648 758 1702; x_wconf 88' lang='lat' dir='ltr'><strong>Usus</strong></span> <span class='ocrx_word' id='word_1_127' title='bbox 783 1661 872 1706; x_wconf 91' lang='lat' dir='ltr'><strong>est</strong></span> <span class='ocrx_word' id='word_1_128' title='bbox 903 1669 1069 1710; x_wconf 89' lang='lat' dir='ltr'><strong>carne</strong></span> <span class='ocrx_word' id='word_1_129' title='bbox 1101 1673 1203 1727; x_wconf 90' lang='lat' dir='ltr'><strong>pro</strong></span> <span class='ocrx_word' id='word_1_130' title='bbox 1226 1661 1584 1718; x_wconf 90' lang='lat' dir='ltr'><strong>tabernaculo</strong></span> <span class='ocrx_word' id='word_1_131' title='bbox 1609 1683 1624 1730; x_wconf 91' lang='lat'><strong>;</strong></span> <span class='ocrx_word' id='word_1_132' title='bbox 1649 1671 1942 1736; x_wconf 86' lang='lat' dir='ltr'><strong>oportebat</strong></span> 
     </span>
    </p>
   </div>
   <div class='ocr_carea' id='block_1_15' title="bbox 336 1737 1940 1822">
    <p class='ocr_par' dir='ltr' id='par_1_15' title="bbox 336 1737 1940 1822">
     <span class='ocr_line' id='line_1_16' title="bbox 336 1737 1940 1822; baseline 0.017 -34"><span class='ocrx_word' id='word_1_133' title='bbox 336 1737 525 1800; x_wconf 84' lang='lat' dir='ltr'><strong>enim,</strong></span> <span class='ocrx_word' id='word_1_134' title='bbox 567 1750 626 1794; x_wconf 92' lang='lat' dir='ltr'><strong>ut</strong></span> <span class='ocrx_word' id='word_1_135' title='bbox 657 1743 752 1810; x_wconf 85' lang='lat' dir='ltr'><strong>qui</strong></span> <span class='ocrx_word' id='word_1_136' title='bbox 789 1756 914 1800; x_wconf 89' lang='lat' dir='ltr'><strong>vere</strong></span> <span class='ocrx_word' id='word_1_137' title='bbox 940 1757 995 1801; x_wconf 94' lang='lat' dir='ltr'><strong>et</strong></span> <span class='ocrx_word' id='word_1_138' title='bbox 1029 1761 1222 1805; x_wconf 90' lang='lat' dir='ltr'><strong>natura</strong></span> <span class='ocrx_word' id='word_1_139' title='bbox 1250 1768 1343 1806; x_wconf 73' lang='lat' dir='ltr'><strong>rex</strong></span> <span class='ocrx_word' id='word_1_140' title='bbox 1369 1765 1558 1810; x_wconf 83' lang='lat' dir='ltr'><strong>noster</strong></span> <span class='ocrx_word' id='word_1_141' title='bbox 1580 1766 1721 1822; x_wconf 89' lang='lat' dir='ltr'><strong>erat,</strong></span> <span class='ocrx_word' id='word_1_142' title='bbox 1748 1775 1850 1815; x_wconf 90' lang='lat' dir='ltr'><strong>nos</strong></span> <span class='ocrx_word' id='word_1_143' title='bbox 1870 1763 1940 1816; x_wconf 90' lang='lat' dir='ltr'><strong>ab</strong></span> 
     </span>
    </p>
   </div>
   <div class='ocr_carea' id='block_1_16' title="bbox 335 1828 2009 1933">
    <p class='ocr_par' dir='ltr' id='par_1_16' title="bbox 335 1828 2009 1933">
     <span class='ocr_line' id='line_1_17' title="bbox 335 1828 2009 1933; baseline 0.017 -55"><span class='ocrx_word' id='word_1_144' title='bbox 335 1828 535 1882; x_wconf 90' lang='lat' dir='ltr'><strong>alieno</strong></span> <span class='ocrx_word' id='word_1_145' title='bbox 558 1839 616 1884; x_wconf 93' lang='lat' dir='ltr'><strong>et</strong></span> <span class='ocrx_word' id='word_1_146' title='bbox 643 1833 961 1890; x_wconf 90' lang='lat' dir='ltr'><strong>adulterino</strong></span> <span class='ocrx_word' id='word_1_147' title='bbox 993 1841 1234 1906; x_wconf 89' lang='lat' dir='ltr'><strong>quodam</strong></span> <span class='ocrx_word' id='word_1_148' title='bbox 1259 1843 1486 1900; x_wconf 87' lang='lat' dir='ltr'><strong>domino</strong></span> <span class='ocrx_word' id='word_1_149' title='bbox 1510 1862 1807 1917; x_wconf 87' lang='lat' dir='ltr'><strong>oppressos</strong></span> <span class='ocrx_word' id='word_1_150' title='bbox 1839 1853 1934 1921; x_wconf 88' lang='lat' dir='ltr'><strong>qui</strong></span> <span class='ocrx_word' id='word_1_151' title='bbox 1968 1879 2009 1933; x_wconf 75' lang='grc' dir='ltr'><strong>Β</strong></span> 
     </span>
    </p>
   </div>
   <div class='ocr_carea' id='block_1_17' title="bbox 335 1932 1932 2012">
    <p class='ocr_par' dir='ltr' id='par_1_17' title="bbox 335 1932 1932 2012">
     <span class='ocr_line' id='line_1_18' title="bbox 335 1932 1932 2012; baseline 0.017 -42"><span class='ocrx_word' id='word_1_152' title='bbox 335 1934 584 1988; x_wconf 85' lang='lat' dir='ltr'><strong>regnum</strong></span> <span class='ocrx_word' id='word_1_153' title='bbox 621 1937 903 1994; x_wconf 76' lang='lat' dir='ltr'><strong>rapuerat,</strong></span> <span class='ocrx_word' id='word_1_154' title='bbox 930 1932 1077 2000; x_wconf 91' lang='lat' dir='ltr'><strong>quod</strong></span> <span class='ocrx_word' id='word_1_155' title='bbox 1111 1932 1176 1985; x_wconf 89' lang='lat' dir='ltr'><strong>ad</strong></span> <span class='ocrx_word' id='word_1_156' title='bbox 1213 1950 1344 1988; x_wconf 91' lang='lat' dir='ltr'><strong>eum</strong></span> <span class='ocrx_word' id='word_1_157' title='bbox 1376 1938 1529 1992; x_wconf 91' lang='lat' dir='ltr'><strong>nulla</strong></span> <span class='ocrx_word' id='word_1_158' title='bbox 1561 1940 1778 1995; x_wconf 90' lang='lat' dir='ltr'><strong>ratione</strong></span> <span class='ocrx_word' id='word_1_159' title='bbox 1800 1958 1932 2012; x_wconf 89' lang='lat' dir='ltr'><strong>per-</strong></span> 
     </span>
    </p>
   </div>
   <div class='ocr_carea' id='block_1_18' title="bbox 334 2013 1934 2094">
    <p class='ocr_par' dir='ltr' id='par_1_18' title="bbox 334 2013 1934 2094">
     <span class='ocr_line' id='line_1_19' title="bbox 334 2013 1934 2094; baseline 0.017 -32"><span class='ocrx_word' id='word_1_160' title='bbox 334 2013 580 2073; x_wconf 88' lang='lat' dir='ltr'><strong>tinebat.</strong></span> <span class='ocrx_word' id='word_1_161' title='bbox 601 2030 710 2070; x_wconf 92' lang='lat' dir='ltr'><strong>non</strong></span> <span class='ocrx_word' id='word_1_162' title='bbox 738 2017 1075 2089; x_wconf 89' lang='lat' dir='ltr'><strong>relinqueret</strong></span> <span class='ocrx_word' id='word_1_163' title='bbox 1106 2026 1372 2094; x_wconf 88' lang='lat' dir='ltr'><strong>captivos,</strong></span> <span class='ocrx_word' id='word_1_164' title='bbox 1400 2030 1548 2084; x_wconf 92' lang='lat' dir='ltr'><strong>nulla</strong></span> <span class='ocrx_word' id='word_1_165' title='bbox 1572 2033 1743 2086; x_wconf 92' lang='lat' dir='ltr'><strong>nostri</strong></span> <span class='ocrx_word' id='word_1_166' title='bbox 1778 2034 1934 2089; x_wconf 88' lang='lat' dir='ltr'><strong>habi-</strong></span> 
     </span>
    </p>
   </div>
   <div class='ocr_carea' id='block_1_19' title="bbox 336 2106 1931 2191">
    <p class='ocr_par' dir='ltr' id='par_1_19' title="bbox 336 2106 1931 2191">
     <span class='ocr_line' id='line_1_20' title="bbox 336 2106 1931 2191; baseline 0.016 -34"><span class='ocrx_word' id='word_1_167' title='bbox 336 2114 393 2158; x_wconf 89' lang='lat' dir='ltr'><strong>ta</strong></span> <span class='ocrx_word' id='word_1_168' title='bbox 425 2106 645 2161; x_wconf 82' lang='lat' dir='ltr'><strong>ratione</strong></span> <span class='ocrx_word' id='word_1_169' title='bbox 697 2117 753 2164; x_wconf 88' lang='lat' dir='ltr'><strong>et</strong></span> <span class='ocrx_word' id='word_1_170' title='bbox 812 2128 946 2166; x_wconf 90' lang='lat' dir='ltr'><strong>cura</strong></span> <span class='ocrx_word' id='word_1_171' title='bbox 976 2131 989 2166; x_wconf 94' lang='lat'><strong>:</strong></span> <span class='ocrx_word' id='word_1_172' title='bbox 1021 2116 1157 2182; x_wconf 90' lang='lat' dir='ltr'><strong>quin</strong></span> <span class='ocrx_word' id='word_1_173' title='bbox 1203 2119 1392 2185; x_wconf 88' lang='lat' dir='ltr'><strong>potius</strong></span> <span class='ocrx_word' id='word_1_174' title='bbox 1438 2121 1674 2191; x_wconf 84' lang='lat' dir='ltr'><strong>insignia</strong></span> <span class='ocrx_word' id='word_1_175' title='bbox 1727 2136 1931 2182; x_wconf 74' lang='lat' dir='ltr'><strong>nostra:</strong></span> 
     </span>
    </p>
   </div>
   <div class='ocr_carea' id='block_1_20' title="bbox 331 2197 1929 2280">
    <p class='ocr_par' dir='ltr' id='par_1_20' title="bbox 331 2197 1929 2280">
     <span class='ocr_line' id='line_1_21' title="bbox 331 2197 1929 2280; baseline 0.017 -32"><span class='ocrx_word' id='word_1_176' title='bbox 331 2197 634 2254; x_wconf 82' lang='lat' dir='ltr'><strong>servitutis</strong></span> <span class='ocrx_word' id='word_1_177' title='bbox 692 2201 970 2268; x_wconf 90' lang='lat' dir='ltr'><strong>indueret,</strong></span> <span class='ocrx_word' id='word_1_178' title='bbox 1002 2216 1058 2260; x_wconf 93' lang='lat' dir='ltr'><strong>et</strong></span> <span class='ocrx_word' id='word_1_179' title='bbox 1108 2208 1177 2262; x_wconf 90' lang='lat' dir='ltr'><strong>ad</strong></span> <span class='ocrx_word' id='word_1_180' title='bbox 1238 2226 1339 2266; x_wconf 88' lang='lat' dir='ltr'><strong>nos</strong></span> <span class='ocrx_word' id='word_1_181' title='bbox 1391 2215 1631 2278; x_wconf 80' lang='lat' dir='ltr'><strong>veniret,</strong></span> <span class='ocrx_word' id='word_1_182' title='bbox 1660 2227 1929 2280; x_wconf 89' lang='lat' dir='ltr'><strong>ut,muro</strong></span> 
     </span>
    </p>
   </div>
   <div class='ocr_carea' id='block_1_21' title="bbox 330 2287 1925 2379">
    <p class='ocr_par' dir='ltr' id='par_1_21' title="bbox 330 2287 1925 2379">
     <span class='ocr_line' id='line_1_22' title="bbox 330 2287 1925 2379; baseline 0.017 -41"><span class='ocrx_word' id='word_1_183' title='bbox 330 2287 578 2357; x_wconf 88' lang='lat' dir='ltr'><strong>disjecto</strong></span> <span class='ocrx_word' id='word_1_184' title='bbox 621 2301 678 2346; x_wconf 95' lang='grc' dir='ltr'><strong>ει</strong></span> <span class='ocrx_word' id='word_1_185' title='bbox 733 2293 940 2360; x_wconf 87' lang='lat' dir='ltr'><strong>diruto,</strong></span> <span class='ocrx_word' id='word_1_186' title='bbox 974 2298 1138 2352; x_wconf 90' lang='lat' dir='ltr'><strong>nobis</strong></span> <span class='ocrx_word' id='word_1_187' title='bbox 1195 2302 1440 2369; x_wconf 72' lang='lat' dir='ltr'><strong>prmiret,</strong></span> <span class='ocrx_word' id='word_1_188' title='bbox 1469 2315 1526 2358; x_wconf 91' lang='grc' dir='ltr'><strong>ει</strong></span> <span class='ocrx_word' id='word_1_189' title='bbox 1557 2319 1744 2361; x_wconf 88' lang='lat' dir='ltr'><strong>secum</strong></span> <span class='ocrx_word' id='word_1_190' title='bbox 1775 2311 1925 2379; x_wconf 88' lang='lat' dir='ltr'><strong>ejus-</strong></span> 
     </span>
    </p>
   </div>
   <div class='ocr_carea' id='block_1_22' title="bbox 329 2379 1925 2456">
    <p class='ocr_par' dir='ltr' id='par_1_22' title="bbox 329 2379 1925 2456">
     <span class='ocr_line' id='line_1_23' title="bbox 329 2379 1925 2456; baseline 0.016 -26"><span class='ocrx_word' id='word_1_191' title='bbox 329 2379 465 2432; x_wconf 88' lang='lat' dir='ltr'><strong>dem</strong></span> <span class='ocrx_word' id='word_1_192' title='bbox 530 2392 747 2438; x_wconf 74' lang='lat' dir='ltr'><strong>natura:</strong></span> <span class='ocrx_word' id='word_1_193' title='bbox 784 2385 1040 2443; x_wconf 85' lang='lat' dir='ltr'><strong>homines</strong></span> <span class='ocrx_word' id='word_1_194' title='bbox 1085 2392 1583 2455; x_wconf 63' lang='lat' dir='ltr'><strong>extraherenimo</strong></span> <span class='ocrx_word' id='word_1_195' title='bbox 1635 2401 1925 2456; x_wconf 85' lang='lat' dir='ltr'><strong>servitutis</strong></span> 
     </span>
    </p>
   </div>
   <div class='ocr_carea' id='block_1_23' title="bbox 326 2473 1925 2555">
    <p class='ocr_par' dir='ltr' id='par_1_23' title="bbox 326 2473 1925 2555">
     <span class='ocr_line' id='line_1_24' title="bbox 326 2473 1925 2555; baseline 0.014 -33"><span class='ocrx_word' id='word_1_196' title='bbox 326 2484 535 2524; x_wconf 84' lang='lat' dir='ltr'><strong>eorum</strong></span> <span class='ocrx_word' id='word_1_197' title='bbox 559 2473 893 2541; x_wconf 86' lang='lat' dir='ltr'><strong>quibuscum</strong></span> <span class='ocrx_word' id='word_1_198' title='bbox 919 2488 1123 2534; x_wconf 86' lang='lat' dir='ltr'><strong>natura</strong></span> <span class='ocrx_word' id='word_1_199' title='bbox 1151 2481 1257 2536; x_wconf 89' lang='lat' dir='ltr'><strong>sibi</strong></span> <span class='ocrx_word' id='word_1_200' title='bbox 1279 2486 1590 2540; x_wconf 90' lang='lat' dir='ltr'><strong>communis</strong></span> <span class='ocrx_word' id='word_1_201' title='bbox 1616 2496 1785 2555; x_wconf 87' lang='lat' dir='ltr'><strong>esset,</strong></span> <span class='ocrx_word' id='word_1_202' title='bbox 1803 2491 1925 2545; x_wconf 87' lang='lat' dir='ltr'><strong>vin-</strong></span> 
     </span>
    </p>
   </div>
   <div class='ocr_carea' id='block_1_24' title="bbox 326 2563 1124 2638">
    <p class='ocr_par' dir='ltr' id='par_1_24' title="bbox 326 2563 1124 2638">
     <span class='ocr_line' id='line_1_25' title="bbox 326 2563 1124 2638; baseline 0.013 -24"><span class='ocrx_word' id='word_1_203' title='bbox 326 2563 458 2615; x_wconf 87' lang='lat' dir='ltr'><strong>cula</strong></span> <span class='ocrx_word' id='word_1_204' title='bbox 490 2563 597 2617; x_wconf 87' lang='lat' dir='ltr'><strong>sibi</strong></span> <span class='ocrx_word' id='word_1_205' title='bbox 629 2575 826 2633; x_wconf 90' lang='lat' dir='ltr'><strong>sponte</strong></span> <span class='ocrx_word' id='word_1_206' title='bbox 852 2567 1124 2638; x_wconf 86' lang='lat' dir='ltr'><strong>injiceret.</strong></span> 
     </span>
    </p>
   </div>
   <div class='ocr_carea' id='block_1_25' title="bbox 403 2699 1920 2786">
    <p class='ocr_par' dir='ltr' id='par_1_25' title="bbox 403 2699 1920 2786">
     <span class='ocr_line' id='line_1_26' title="bbox 403 2699 1920 2786; baseline 0.011 -33"><span class='ocrx_word' id='word_1_207' title='bbox 403 2700 471 2754; x_wconf 91' lang='lat' dir='ltr'><strong>V.</strong></span> <span class='ocrx_word' id='word_1_208' title='bbox 508 2699 593 2755; x_wconf 91' lang='lat' dir='ltr'><strong>0b</strong></span> <span class='ocrx_word' id='word_1_209' title='bbox 634 2701 778 2758; x_wconf 83' lang='lat' dir='ltr'><strong>hanc</strong></span> <span class='ocrx_word' id='word_1_210' title='bbox 822 2719 1044 2761; x_wconf 89' lang='lat' dir='ltr'><strong>causam</strong></span> <span class='ocrx_word' id='word_1_211' title='bbox 1075 2709 1228 2764; x_wconf 85' lang='lat' dir='ltr'><strong>venit</strong></span> <span class='ocrx_word' id='word_1_212' title='bbox 1254 2711 1321 2766; x_wconf 90' lang='lat' dir='ltr'><strong>ad</strong></span> <span class='ocrx_word' id='word_1_213' title='bbox 1350 2729 1450 2768; x_wconf 89' lang='lat' dir='ltr'><strong>nos</strong></span> <span class='ocrx_word' id='word_1_214' title='bbox 1477 2715 1573 2784; x_wconf 90' lang='lat' dir='ltr'><strong>qui</strong></span> <span class='ocrx_word' id='word_1_215' title='bbox 1603 2714 1763 2786; x_wconf 87' lang='lat' dir='ltr'><strong>longe</strong></span> <span class='ocrx_word' id='word_1_216' title='bbox 1793 2732 1920 2770; x_wconf 88' lang='lat' dir='ltr'><strong>era-</strong></span> 
     </span>
    </p>
   </div>
   <div class='ocr_carea' id='block_1_26' title="bbox 325 2793 1916 2876">
    <p class='ocr_par' dir='ltr' id='par_1_26' title="bbox 325 2793 1916 2876">
     <span class='ocr_line' id='line_1_27' title="bbox 325 2793 1916 2876; baseline 0.012 -34"><span class='ocrx_word' id='word_1_217' title='bbox 325 2807 484 2856; x_wconf 89' lang='lat' dir='ltr'><strong>mus,</strong></span> <span class='ocrx_word' id='word_1_218' title='bbox 512 2801 570 2846; x_wconf 91' lang='lat' dir='ltr'><strong>ct</strong></span> <span class='ocrx_word' id='word_1_219' title='bbox 598 2793 759 2848; x_wconf 90' lang='lat' dir='ltr'><strong>nobis</strong></span> <span class='ocrx_word' id='word_1_220' title='bbox 785 2795 842 2850; x_wconf 91' lang='lat' dir='ltr'><strong>in</strong></span> <span class='ocrx_word' id='word_1_221' title='bbox 879 2796 1184 2869; x_wconf 87' lang='lat' dir='ltr'><strong>longinquo</strong></span> <span class='ocrx_word' id='word_1_222' title='bbox 1211 2803 1407 2872; x_wconf 86' lang='lat' dir='ltr'><strong>positis</strong></span> <span class='ocrx_word' id='word_1_223' title='bbox 1433 2805 1916 2876; x_wconf 76' lang='lat' dir='ltr'><strong>appropinquavit,</strong></span> 
     </span>
    </p>
   </div>
   <div class='ocr_carea' id='block_1_27' title="bbox 325 2882 1917 2966">
    <p class='ocr_par' dir='ltr' id='par_1_27' title="bbox 325 2882 1917 2966">
     <span class='ocr_line' id='line_1_28' title="bbox 325 2882 1917 2966; baseline 0.012 -32"><span class='ocrx_word' id='word_1_224' title='bbox 325 2897 444 2936; x_wconf 92' lang='lat' dir='ltr'><strong>non</strong></span> <span class='ocrx_word' id='word_1_225' title='bbox 498 2882 664 2950; x_wconf 92' lang='lat' dir='ltr'><strong>loco;</strong></span> <span class='ocrx_word' id='word_1_226' title='bbox 697 2901 799 2939; x_wconf 92' lang='lat' dir='ltr'><strong>nec</strong></span> <span class='ocrx_word' id='word_1_227' title='bbox 829 2887 980 2941; x_wconf 90' lang='lat' dir='ltr'><strong>enim</strong></span> <span class='ocrx_word' id='word_1_228' title='bbox 1028 2889 1168 2945; x_wconf 91' lang='lat' dir='ltr'><strong>facta</strong></span> <span class='ocrx_word' id='word_1_229' title='bbox 1203 2901 1288 2946; x_wconf 92' lang='lat' dir='ltr'><strong>est</strong></span> <span class='ocrx_word' id='word_1_230' title='bbox 1329 2893 1437 2949; x_wconf 89' lang='lat' dir='ltr'><strong>loci</strong></span> <span class='ocrx_word' id='word_1_231' title='bbox 1470 2896 1702 2950; x_wconf 89' lang='lat' dir='ltr'><strong>mutatio</strong></span> <span class='ocrx_word' id='word_1_232' title='bbox 1731 2914 1744 2948; x_wconf 94' lang='lat'><strong>:</strong></span> <span class='ocrx_word' id='word_1_233' title='bbox 1781 2915 1917 2966; x_wconf 85' lang='lat' dir='ltr'><strong>quo-</strong></span> 
     </span>
    </p>
   </div>
   <div class='ocr_carea' id='block_1_28' title="bbox 325 2973 1912 3054">
    <p class='ocr_par' dir='ltr' id='par_1_28' title="bbox 325 2973 1912 3054">
     <span class='ocr_line' id='line_1_29' title="bbox 325 2973 1912 3054; baseline 0.011 -29"><span class='ocrx_word' id='word_1_234' title='bbox 325 2973 502 3028; x_wconf 90' lang='lat' dir='ltr'><strong>modo</strong></span> <span class='ocrx_word' id='word_1_235' title='bbox 573 2975 723 3030; x_wconf 92' lang='lat' dir='ltr'><strong>cnim</strong></span> <span class='ocrx_word' id='word_1_236' title='bbox 775 2977 1068 3044; x_wconf 86' lang='lat' dir='ltr'><strong>Divinitas,</strong></span> <span class='ocrx_word' id='word_1_237' title='bbox 1112 2991 1207 3036; x_wconf 87' lang='lat' dir='ltr'><strong>aut</strong></span> <span class='ocrx_word' id='word_1_238' title='bbox 1259 2984 1355 3037; x_wconf 91' lang='lat' dir='ltr'><strong>ubi</strong></span> <span class='ocrx_word' id='word_1_239' title='bbox 1400 2985 1912 3054; x_wconf 89' lang='lat' dir='ltr'><strong>circumscribatur,</strong></span> 
     </span>
    </p>
   </div>
   <div class='ocr_carea' id='block_1_29' title="bbox 320 3066 1915 3140">
    <p class='ocr_par' dir='ltr' id='par_1_29' title="bbox 320 3066 1915 3140">
     <span class='ocr_line' id='line_1_30' title="bbox 320 3066 1915 3140; baseline 0.012 -23"><span class='ocrx_word' id='word_1_240' title='bbox 320 3081 451 3134; x_wconf 73' lang='lat' dir='ltr'><strong>quae</strong></span> <span class='ocrx_word' id='word_1_241' title='bbox 484 3066 745 3123; x_wconf 87' lang='lat' dir='ltr'><strong>universa</strong></span> <span class='ocrx_word' id='word_1_242' title='bbox 782 3069 838 3123; x_wconf 92' lang='lat' dir='ltr'><strong>in</strong></span> <span class='ocrx_word' id='word_1_243' title='bbox 870 3087 929 3126; x_wconf 89' lang='lat' dir='ltr'><strong>se</strong></span> <span class='ocrx_word' id='word_1_244' title='bbox 956 3074 1298 3140; x_wconf 91' lang='lat' dir='ltr'><strong>eontinct,ct</strong></span> <span class='ocrx_word' id='word_1_245' title='bbox 1325 3093 1356 3131; x_wconf 91' lang='lat' dir='ltr'><strong>a</strong></span> <span class='ocrx_word' id='word_1_246' title='bbox 1382 3080 1539 3133; x_wconf 91' lang='lat' dir='ltr'><strong>nullo</strong></span> <span class='ocrx_word' id='word_1_247' title='bbox 1559 3082 1915 3135; x_wconf 89' lang='lat' dir='ltr'><strong>continetur?</strong></span> 
     </span>
    </p>
   </div>
   <div class='ocr_carea' id='block_1_30' title="bbox 319 3158 1047 3230">
    <p class='ocr_par' dir='ltr' id='par_1_30' title="bbox 319 3158 1047 3230">
     <span class='ocr_line' id='line_1_31' title="bbox 319 3158 1047 3230; baseline 0.011 -18"><span class='ocrx_word' id='word_1_248' title='bbox 319 3158 450 3212; x_wconf 83' lang='lat' dir='ltr'><strong>Non</strong></span> <span class='ocrx_word' id='word_1_249' title='bbox 509 3159 681 3229; x_wconf 82' lang='lat' dir='ltr'><strong>igitur</strong></span> <span class='ocrx_word' id='word_1_250' title='bbox 740 3171 958 3230; x_wconf 90' lang='lat' dir='ltr'><strong>poterat</strong></span> <span class='ocrx_word' id='word_1_251' title='bbox 1000 3165 1047 3220; x_wconf 89' lang='lat' dir='ltr'><strong>is</strong></span> 
     </span>
    </p>
   </div>
   <div class='ocr_carea' id='block_1_31' title="bbox 317 3261 1907 3337">
    <p class='ocr_par' dir='ltr' id='par_1_31' title="bbox 317 3261 1907 3337">
     <span class='ocr_line' id='line_1_32' title="bbox 317 3261 1907 3337; baseline 0.012 -35"><span class='ocrx_word' id='word_1_252' title='bbox 317 3261 481 3305; x_wconf 80' lang='lat' dir='ltr'><strong>extra</strong></span> <span class='ocrx_word' id='word_1_253' title='bbox 504 3267 800 3307; x_wconf 88' lang='lat' dir='ltr'><strong>numerqu</strong></span> <span class='ocrx_word' id='word_1_254' title='bbox 831 3271 1024 3312; x_wconf 91' lang='lat' dir='ltr'><strong>eorum</strong></span> <span class='ocrx_word' id='word_1_255' title='bbox 1047 3275 1170 3328; x_wconf 74' lang='lat' dir='ltr'><strong>qua:</strong></span> <span class='ocrx_word' id='word_1_256' title='bbox 1211 3271 1360 3328; x_wconf 91' lang='lat' dir='ltr'><strong>sunt,</strong></span> <span class='ocrx_word' id='word_1_257' title='bbox 1396 3272 1456 3318; x_wconf 91' lang='lat' dir='ltr'><strong>ut</strong></span> <span class='ocrx_word' id='word_1_258' title='bbox 1486 3265 1782 3320; x_wconf 88' lang='lat' dir='ltr'><strong>adventum</strong></span> <span class='ocrx_word' id='word_1_259' title='bbox 1812 3269 1907 3337; x_wconf 92' lang='lat' dir='ltr'><strong>qui</strong></span> 
     </span>
    </p>
   </div>
   <div class='ocr_carea' id='block_1_32' title="bbox 317 3341 1908 3427">
    <p class='ocr_par' dir='ltr' id='par_1_32' title="bbox 317 3341 1908 3427">
     <span class='ocr_line' id='line_1_33' title="bbox 317 3341 1908 3427; baseline 0.013 -34"><span class='ocrx_word' id='word_1_260' title='bbox 317 3341 579 3396; x_wconf 75' lang='lat' dir='ltr'><strong>similiter</strong></span> <span class='ocrx_word' id='word_1_261' title='bbox 614 3344 680 3397; x_wconf 92' lang='lat' dir='ltr'><strong>ad</strong></span> <span class='ocrx_word' id='word_1_262' title='bbox 708 3345 887 3400; x_wconf 93' lang='lat' dir='ltr'><strong>locum</strong></span> <span class='ocrx_word' id='word_1_263' title='bbox 911 3350 1208 3417; x_wconf 83' lang='lat' dir='ltr'><strong>pertineat,</strong></span> <span class='ocrx_word' id='word_1_264' title='bbox 1235 3368 1546 3422; x_wconf 73' lang='lat' dir='ltr'><strong>qumramus</strong></span> <span class='ocrx_word' id='word_1_265' title='bbox 1570 3372 1584 3420; x_wconf 90' lang='lat'><strong>;</strong></span> <span class='ocrx_word' id='word_1_266' title='bbox 1612 3367 1908 3427; x_wconf 90' lang='lat' dir='ltr'><strong>utrumque</strong></span> 
     </span>
    </p>
   </div>
   <div class='ocr_carea' id='block_1_33' title="bbox 316 3429 1907 3502">
    <p class='ocr_par' dir='ltr' id='par_1_33' title="bbox 316 3429 1907 3502">
     <span class='ocr_line' id='line_1_34' title="bbox 316 3429 1907 3502; baseline 0.014 -21"><span class='ocrx_word' id='word_1_267' title='bbox 316 3429 471 3482; x_wconf 92' lang='lat' dir='ltr'><strong>enim</strong></span> <span class='ocrx_word' id='word_1_268' title='bbox 504 3439 626 3484; x_wconf 91' lang='lat' dir='ltr'><strong>erat</strong></span> <span class='ocrx_word' id='word_1_269' title='bbox 671 3432 1033 3502; x_wconf 87' lang='lat' dir='ltr'><strong>impossibile.</strong></span> <span class='ocrx_word' id='word_1_270' title='bbox 1060 3437 1258 3493; x_wconf 83' lang='lat' dir='ltr'><strong>Procul</strong></span> <span class='ocrx_word' id='word_1_271' title='bbox 1289 3452 1472 3497; x_wconf 91' lang='lat' dir='ltr'><strong>autem</strong></span> <span class='ocrx_word' id='word_1_272' title='bbox 1510 3445 1578 3499; x_wconf 89' lang='lat' dir='ltr'><strong>ab</strong></span> <span class='ocrx_word' id='word_1_273' title='bbox 1609 3462 1677 3500; x_wconf 91' lang='lat' dir='ltr'><strong>eo</strong></span> <span class='ocrx_word' id='word_1_274' title='bbox 1710 3449 1907 3502; x_wconf 88' lang='lat' dir='ltr'><strong>abera-</strong></span> 
     </span>
    </p>
   </div>
   <div class='ocr_carea' id='block_1_34' title="bbox 317 3521 1908 3601">
    <p class='ocr_par' dir='ltr' id='par_1_34' title="bbox 317 3521 1908 3601">
     <span class='ocr_line' id='line_1_35' title="bbox 317 3521 1908 3601; baseline 0.016 -31"><span class='ocrx_word' id='word_1_275' title='bbox 317 3535 447 3573; x_wconf 88' lang='lat' dir='ltr'><strong>mus</strong></span> <span class='ocrx_word' id='word_1_276' title='bbox 489 3521 787 3576; x_wconf 73' lang='lat' dir='ltr'><strong>affectione</strong></span> <span class='ocrx_word' id='word_1_277' title='bbox 808 3566 822 3588; x_wconf 91' lang='lat'><strong>,</strong></span> <span class='ocrx_word' id='word_1_278' title='bbox 851 3535 907 3579; x_wconf 91' lang='lat' dir='ltr'><strong>et</strong></span> <span class='ocrx_word' id='word_1_279' title='bbox 939 3528 1223 3584; x_wconf 85' lang='lat' dir='ltr'><strong>voluntate</strong></span> <span class='ocrx_word' id='word_1_280' title='bbox 1262 3533 1514 3601; x_wconf 86' lang='lat' dir='ltr'><strong>spiritus,</strong></span> <span class='ocrx_word' id='word_1_281' title='bbox 1547 3544 1608 3589; x_wconf 93' lang='lat' dir='ltr'><strong>ut</strong></span> <span class='ocrx_word' id='word_1_282' title='bbox 1634 3538 1713 3591; x_wconf 87' lang='lat' dir='ltr'><strong>ait</strong></span> <span class='ocrx_word' id='word_1_283' title='bbox 1758 3539 1908 3594; x_wconf 84' lang='lat' dir='ltr'><strong>Scri-</strong></span> 
     </span>
    </p>
   </div>
   <div class='ocr_carea' id='block_1_35' title="bbox 314 3611 1904 3688">
    <p class='ocr_par' dir='ltr' id='par_1_35' title="bbox 314 3611 1904 3688">
     <span class='ocr_line' id='line_1_36' title="bbox 314 3611 1904 3688; baseline 0.016 -27"><span class='ocrx_word' id='word_1_284' title='bbox 314 3620 510 3676; x_wconf 83' lang='lat' dir='ltr'><strong>ptura.</strong></span> <span class='ocrx_word' id='word_1_285' title='bbox 557 3611 769 3668; x_wconf 87' lang='lat' dir='ltr'><strong>Idcirco</strong></span> <span class='ocrx_word' id='word_1_286' title='bbox 815 3617 882 3669; x_wconf 92' lang='lat' dir='ltr'><strong>ad</strong></span> <span class='ocrx_word' id='word_1_287' title='bbox 932 3634 1035 3673; x_wconf 94' lang='lat' dir='ltr'><strong>nos</strong></span> <span class='ocrx_word' id='word_1_288' title='bbox 1069 3621 1382 3688; x_wconf 88' lang='lat' dir='ltr'><strong>descendit,</strong></span> <span class='ocrx_word' id='word_1_289' title='bbox 1411 3641 1520 3680; x_wconf 91' lang='lat' dir='ltr'><strong>non</strong></span> <span class='ocrx_word' id='word_1_290' title='bbox 1553 3628 1743 3683; x_wconf 89' lang='lat' dir='ltr'><strong>relicta</strong></span> <span class='ocrx_word' id='word_1_291' title='bbox 1790 3633 1904 3687; x_wconf 90' lang='lat' dir='ltr'><strong>vita</strong></span> 
     </span>
    </p>
   </div>
   <div class='ocr_carea' id='block_1_36' title="bbox 313 3703 1902 3784">
    <p class='ocr_par' dir='ltr' id='par_1_36' title="bbox 313 3703 1902 3784">
     <span class='ocr_line' id='line_1_37' title="bbox 313 3703 1902 3784; baseline 0.014 -29"><span class='ocrx_word' id='word_1_292' title='bbox 313 3703 530 3767; x_wconf 87' lang='lat' dir='ltr'><strong>divina,</strong></span> <span class='ocrx_word' id='word_1_293' title='bbox 563 3721 727 3774; x_wconf 87' lang='lat' dir='ltr'><strong>quam</strong></span> <span class='ocrx_word' id='word_1_294' title='bbox 759 3723 884 3761; x_wconf 91' lang='lat' dir='ltr'><strong>cum</strong></span> <span class='ocrx_word' id='word_1_295' title='bbox 917 3710 1075 3765; x_wconf 82' lang='lat' dir='ltr'><strong>Patre</strong></span> <span class='ocrx_word' id='word_1_296' title='bbox 1121 3720 1178 3767; x_wconf 90' lang='lat' dir='ltr'><strong>et</strong></span> <span class='ocrx_word' id='word_1_297' title='bbox 1220 3713 1429 3784; x_wconf 91' lang='lat' dir='ltr'><strong>Spiritu</strong></span> <span class='ocrx_word' id='word_1_298' title='bbox 1455 3729 1646 3774; x_wconf 90' lang='lat' dir='ltr'><strong>sancto</strong></span> <span class='ocrx_word' id='word_1_299' title='bbox 1675 3730 1902 3778; x_wconf 87' lang='lat' dir='ltr'><strong>natura-</strong></span> 
     </span>
    </p>
   </div>
   <div class='ocr_carea' id='block_1_37' title="bbox 313 3796 1903 3884">
    <p class='ocr_par' dir='ltr' id='par_1_37' title="bbox 313 3796 1903 3884">
     <span class='ocr_line' id='line_1_38' title="bbox 313 3796 1903 3884; baseline 0.013 -35"><span class='ocrx_word' id='word_1_300' title='bbox 313 3796 447 3850; x_wconf 92' lang='lat' dir='ltr'><strong>liter</strong></span> <span class='ocrx_word' id='word_1_301' title='bbox 495 3797 769 3868; x_wconf 81' lang='lat' dir='ltr'><strong>degebat;</strong></span> <span class='ocrx_word' id='word_1_302' title='bbox 808 3817 934 3855; x_wconf 91' lang='lat' dir='ltr'><strong>cum</strong></span> <span class='ocrx_word' id='word_1_303' title='bbox 969 3804 1173 3873; x_wconf 90' lang='lat' dir='ltr'><strong>quibus</strong></span> <span class='ocrx_word' id='word_1_304' title='bbox 1220 3817 1351 3862; x_wconf 89' lang='lat' dir='ltr'><strong>ante</strong></span> <span class='ocrx_word' id='word_1_305' title='bbox 1402 3812 1601 3866; x_wconf 63' lang='lat' dir='ltr'><strong>saecula</strong></span> <span class='ocrx_word' id='word_1_306' title='bbox 1651 3814 1702 3866; x_wconf 93' lang='lat' dir='ltr'><strong>in</strong></span> <span class='ocrx_word' id='word_1_307' title='bbox 1731 3815 1903 3884; x_wconf 82' lang='lat' dir='ltr'><strong>gloria</strong></span> 
     </span>
    </p>
   </div>
   <div class='ocr_carea' id='block_1_38' title="bbox 312 3889 1902 3975">
    <p class='ocr_par' dir='ltr' id='par_1_38' title="bbox 312 3889 1902 3975">
     <span class='ocr_line' id='line_1_39' title="bbox 312 3889 1902 3975; baseline 0.012 -34"><span class='ocrx_word' id='word_1_308' title='bbox 312 3898 438 3942; x_wconf 88' lang='lat' dir='ltr'><strong>erat</strong></span> <span class='ocrx_word' id='word_1_309' title='bbox 488 3889 546 3942; x_wconf 90' lang='lat' dir='ltr'><strong>in</strong></span> <span class='ocrx_word' id='word_1_310' title='bbox 602 3890 726 3944; x_wconf 88' lang='lat' dir='ltr'><strong>sinu</strong></span> <span class='ocrx_word' id='word_1_311' title='bbox 785 3903 1019 3961; x_wconf 87' lang='lat' dir='ltr'><strong>paterno</strong></span> <span class='ocrx_word' id='word_1_312' title='bbox 1079 3898 1470 3967; x_wconf 84' lang='lat' dir='ltr'><strong>requiescens;</strong></span> <span class='ocrx_word' id='word_1_313' title='bbox 1523 3903 1619 3957; x_wconf 92' lang='lat' dir='ltr'><strong>sed</strong></span> <span class='ocrx_word' id='word_1_314' title='bbox 1673 3915 1902 3975; x_wconf 85' lang='lat' dir='ltr'><strong>propter</strong></span> 
     </span>
    </p>
   </div>
   <div class='ocr_carea' id='block_1_39' title="bbox 312 3981 1900 4065">
    <p class='ocr_par' dir='ltr' id='par_1_39' title="bbox 312 3981 1900 4065">
     <span class='ocr_line' id='line_1_40' title="bbox 312 3981 1900 4065; baseline 0.012 -30"><span class='ocrx_word' id='word_1_315' title='bbox 312 3981 650 4036; x_wconf 88' lang='lat' dir='ltr'><strong>charitatem</strong></span> <span class='ocrx_word' id='word_1_316' title='bbox 679 3995 934 4054; x_wconf 88' lang='lat' dir='ltr'><strong>suscepta</strong></span> <span class='ocrx_word' id='word_1_317' title='bbox 957 4000 1152 4056; x_wconf 88' lang='lat' dir='ltr'><strong>sponte</strong></span> <span class='ocrx_word' id='word_1_318' title='bbox 1183 3996 1491 4049; x_wconf 77' lang='lat' dir='ltr'><strong>(nconomia</strong></span> <span class='ocrx_word' id='word_1_319' title='bbox 1521 4011 1642 4065; x_wconf 69' lang='lat' dir='ltr'><strong>qua:</strong></span> <span class='ocrx_word' id='word_1_320' title='bbox 1681 3997 1900 4054; x_wconf 90' lang='lat' dir='ltr'><strong>bonita-</strong></span> 
     </span>
    </p>
   </div>
   <div class='ocr_carea' id='block_1_40' title="bbox 313 4073 1897 4156">
    <p class='ocr_par' dir='ltr' id='par_1_40' title="bbox 313 4073 1897 4156">
     <span class='ocr_line' id='line_1_41' title="bbox 313 4073 1897 4156; baseline 0.013 -32"><span class='ocrx_word' id='word_1_321' title='bbox 313 4079 424 4126; x_wconf 88' lang='lat' dir='ltr'><strong>tem</strong></span> <span class='ocrx_word' id='word_1_322' title='bbox 474 4073 600 4144; x_wconf 91' lang='lat' dir='ltr'><strong>ejus</strong></span> <span class='ocrx_word' id='word_1_323' title='bbox 646 4078 958 4132; x_wconf 85' lang='lat' dir='ltr'><strong>naturalem</strong></span> <span class='ocrx_word' id='word_1_324' title='bbox 988 4078 1242 4148; x_wconf 88' lang='lat' dir='ltr'><strong>decebat,</strong></span> <span class='ocrx_word' id='word_1_325' title='bbox 1276 4084 1356 4138; x_wconf 90' lang='lat' dir='ltr'><strong>sic</strong></span> <span class='ocrx_word' id='word_1_326' title='bbox 1377 4101 1600 4142; x_wconf 91' lang='lat' dir='ltr'><strong>carnem</strong></span> <span class='ocrx_word' id='word_1_327' title='bbox 1632 4105 1897 4156; x_wconf 88' lang='lat' dir='ltr'><strong>crassam,</strong></span> 
     </span>
    </p>
   </div>
   <div class='ocr_carea' id='block_1_41' title="bbox 313 4168 1896 4250">
    <p class='ocr_par' dir='ltr' id='par_1_41' title="bbox 313 4168 1896 4250">
     <span class='ocr_line' id='line_1_42' title="bbox 313 4168 1896 4250; baseline 0.015 -34"><span class='ocrx_word' id='word_1_328' title='bbox 313 4171 597 4217; x_wconf 83' lang='lat' dir='ltr'><strong>terrenam</strong></span> <span class='ocrx_word' id='word_1_329' title='bbox 623 4173 678 4218; x_wconf 92' lang='lat' dir='ltr'><strong>et</strong></span> <span class='ocrx_word' id='word_1_330' title='bbox 705 4168 1013 4233; x_wconf 88' lang='lat' dir='ltr'><strong>mortalem,</strong></span> <span class='ocrx_word' id='word_1_331' title='bbox 1046 4180 1102 4226; x_wconf 90' lang='grc' dir='ltr'><strong>ει</strong></span> <span class='ocrx_word' id='word_1_332' title='bbox 1125 4174 1288 4229; x_wconf 91' lang='lat' dir='ltr'><strong>morti</strong></span> <span class='ocrx_word' id='word_1_333' title='bbox 1320 4177 1669 4234; x_wconf 89' lang='lat' dir='ltr'><strong>resistentem</strong></span> <span class='ocrx_word' id='word_1_334' title='bbox 1695 4181 1896 4250; x_wconf 90' lang='lat' dir='ltr'><strong>induit,</strong></span> 
     </span>
    </p>
   </div>
   <div class='ocr_carea' id='block_1_42' title="bbox 308 4254 1897 4329">
    <p class='ocr_par' dir='ltr' id='par_1_42' title="bbox 308 4254 1897 4329">
     <span class='ocr_line' id='line_1_43' title="bbox 308 4254 1897 4329; baseline 0.016 -25"><span class='ocrx_word' id='word_1_335' title='bbox 308 4254 702 4323; x_wconf 76' lang='lat' dir='ltr'><strong>exsuperantia</strong></span> <span class='ocrx_word' id='word_1_336' title='bbox 743 4261 1031 4326; x_wconf 85' lang='lat' dir='ltr'><strong>potestatis</strong></span> <span class='ocrx_word' id='word_1_337' title='bbox 1078 4278 1193 4318; x_wconf 70' lang='lat' dir='ltr'><strong>suae</strong></span> <span class='ocrx_word' id='word_1_338' title='bbox 1241 4281 1374 4322; x_wconf 87' lang='lat' dir='ltr'><strong>usus</strong></span> <span class='ocrx_word' id='word_1_339' title='bbox 1405 4269 1473 4322; x_wconf 88' lang='lat' dir='ltr'><strong>ad</strong></span> <span class='ocrx_word' id='word_1_340' title='bbox 1511 4273 1897 4329; x_wconf 88' lang='lat' dir='ltr'><strong>occultandam</strong></span> 
     </span>
    </p>
   </div>
   <div class='ocr_carea' id='block_1_43' title="bbox 309 4345 1896 4431">
    <p class='ocr_par' dir='ltr' id='par_1_43' title="bbox 309 4345 1896 4431">
     <span class='ocr_line' id='line_1_44' title="bbox 309 4345 1896 4431; baseline 0.016 -35"><span class='ocrx_word' id='word_1_341' title='bbox 309 4345 583 4413; x_wconf 76' lang='lat' dir='ltr'><strong>gloriam,</strong></span> <span class='ocrx_word' id='word_1_342' title='bbox 630 4356 686 4401; x_wconf 90' lang='lat' dir='ltr'><strong>et</strong></span> <span class='ocrx_word' id='word_1_343' title='bbox 741 4349 808 4402; x_wconf 88' lang='lat' dir='ltr'><strong>ad</strong></span> <span class='ocrx_word' id='word_1_344' title='bbox 850 4354 1240 4410; x_wconf 87' lang='lat' dir='ltr'><strong>assumendam</strong></span> <span class='ocrx_word' id='word_1_345' title='bbox 1283 4373 1508 4415; x_wconf 88' lang='lat' dir='ltr'><strong>carnem</strong></span> <span class='ocrx_word' id='word_1_346' title='bbox 1558 4378 1726 4431; x_wconf 87' lang='lat' dir='ltr'><strong>quam</strong></span> <span class='ocrx_word' id='word_1_347' title='bbox 1790 4368 1896 4422; x_wconf 85' lang='lat' dir='ltr'><strong>sibi</strong></span> 
     </span>
    </p>
   </div>
   <div class='ocr_carea' id='block_1_44' title="bbox 310 4434 1896 4525">
    <p class='ocr_par' dir='ltr' id='par_1_44' title="bbox 310 4434 1896 4525">
     <span class='ocr_line' id='line_1_45' title="bbox 310 4434 1896 4525; baseline 0.015 -40"><span class='ocrx_word' id='word_1_348' title='bbox 310 4434 490 4488; x_wconf 91' lang='lat' dir='ltr'><strong>univit</strong></span> <span class='ocrx_word' id='word_1_349' title='bbox 509 4435 640 4489; x_wconf 92' lang='lat' dir='ltr'><strong>etin</strong></span> <span class='ocrx_word' id='word_1_350' title='bbox 662 4453 769 4506; x_wconf 90' lang='lat' dir='ltr'><strong>qua</strong></span> <span class='ocrx_word' id='word_1_351' title='bbox 794 4438 1085 4504; x_wconf 84' lang='lat' dir='ltr'><strong>habitavit,</strong></span> <span class='ocrx_word' id='word_1_352' title='bbox 1105 4443 1414 4500; x_wconf 90' lang='lat' dir='ltr'><strong>divinitatis</strong></span> <span class='ocrx_word' id='word_1_353' title='bbox 1441 4451 1677 4519; x_wconf 69' lang='lat' dir='ltr'><strong>proprire</strong></span> <span class='ocrx_word' id='word_1_354' title='bbox 1699 4456 1896 4525; x_wconf 89' lang='lat' dir='ltr'><strong>ampli-</strong></span> 
     </span>
    </p>
   </div>
   <div class='ocr_carea' id='block_1_45' title="bbox 2066 622 3644 706">
    <p class='ocr_par' dir='ltr' id='par_1_45' title="bbox 2066 622 3644 706">
     <span class='ocr_line' id='line_1_46' title="bbox 2066 622 3644 706; baseline 0.016 -34"><span class='ocrx_word' id='word_1_355' title='bbox 2066 622 2321 690; x_wconf 81' lang='lat' dir='ltr'><strong>subjccit.</strong></span> <span class='ocrx_word' id='word_1_356' title='bbox 2354 627 2430 680; x_wconf 75' lang='lat' dir='ltr'><strong>Ex</strong></span> <span class='ocrx_word' id='word_1_357' title='bbox 2467 631 2665 698; x_wconf 84' lang='lat' dir='ltr'><strong>spiritu</strong></span> <span class='ocrx_word' id='word_1_358' title='bbox 2699 649 2830 687; x_wconf 90' lang='lat' dir='ltr'><strong>vero</strong></span> <span class='ocrx_word' id='word_1_359' title='bbox 2860 643 2965 700; x_wconf 89' lang='lat' dir='ltr'><strong>est,</strong></span> <span class='ocrx_word' id='word_1_360' title='bbox 2999 639 3142 706; x_wconf 90' lang='lat' dir='ltr'><strong>quod</strong></span> <span class='ocrx_word' id='word_1_361' title='bbox 3186 652 3270 696; x_wconf 90' lang='lat' dir='ltr'><strong>est</strong></span> <span class='ocrx_word' id='word_1_362' title='bbox 3303 622 3556 696; x_wconf 84' lang='lat' dir='ltr'><strong>divinum</strong></span> <span class='ocrx_word' id='word_1_363' title='bbox 3585 655 3644 697; x_wconf 90' lang='lat' dir='ltr'><strong>et</strong></span> 
     </span>
    </p>
   </div>
   <div class='ocr_carea' id='block_1_46' title="bbox 2064 712 3640 804">
    <p class='ocr_par' dir='ltr' id='par_1_46' title="bbox 2064 712 3640 804">
     <span class='ocr_line' id='line_1_47' title="bbox 2064 712 3640 804; baseline 0.015 -39"><span class='ocrx_word' id='word_1_364' title='bbox 2064 712 2184 766; x_wconf 92' lang='lat' dir='ltr'><strong>sine</strong></span> <span class='ocrx_word' id='word_1_365' title='bbox 2218 725 2487 786; x_wconf 88' lang='lat' dir='ltr'><strong>tempore,</strong></span> <span class='ocrx_word' id='word_1_366' title='bbox 2514 723 2661 790; x_wconf 91' lang='lat' dir='ltr'><strong>quod</strong></span> <span class='ocrx_word' id='word_1_367' title='bbox 2686 728 2840 780; x_wconf 92' lang='lat' dir='ltr'><strong>carni</strong></span> <span class='ocrx_word' id='word_1_368' title='bbox 2875 728 3130 782; x_wconf 71' lang='lat' dir='ltr'><strong>animatae</strong></span> <span class='ocrx_word' id='word_1_369' title='bbox 3157 732 3313 786; x_wconf 90' lang='lat' dir='ltr'><strong>unirc</strong></span> <span class='ocrx_word' id='word_1_370' title='bbox 3333 735 3640 804; x_wconf 87' lang='lat' dir='ltr'><strong>voluit,per</strong></span> 
     </span>
    </p>
   </div>
   <div class='ocr_carea' id='block_1_47' title="bbox 2060 811 3635 895">
    <p class='ocr_par' dir='ltr' id='par_1_47' title="bbox 2060 811 3635 895">
     <span class='ocr_line' id='line_1_48' title="bbox 2060 811 3635 895; baseline 0.015 -39"><span class='ocrx_word' id='word_1_371' title='bbox 2060 821 2224 873; x_wconf 89' lang='lat' dir='ltr'><strong>quam</strong></span> <span class='ocrx_word' id='word_1_372' title='bbox 2277 811 2566 867; x_wconf 90' lang='lat' dir='ltr'><strong>nobiscum</strong></span> <span class='ocrx_word' id='word_1_373' title='bbox 2606 827 2858 872; x_wconf 88' lang='lat' dir='ltr'><strong>versatus</strong></span> <span class='ocrx_word' id='word_1_374' title='bbox 2890 829 2977 874; x_wconf 92' lang='lat' dir='ltr'><strong>est</strong></span> <span class='ocrx_word' id='word_1_375' title='bbox 3021 819 3126 874; x_wconf 91' lang='lat' dir='ltr'><strong>hoc</strong></span> <span class='ocrx_word' id='word_1_376' title='bbox 3169 822 3438 877; x_wconf 88' lang='lat' dir='ltr'><strong>velamine</strong></span> <span class='ocrx_word' id='word_1_377' title='bbox 3470 841 3635 895; x_wconf 87' lang='lat' dir='ltr'><strong>oper—</strong></span> 
     </span>
    </p>
   </div>
   <div class='ocr_carea' id='block_1_48' title="bbox 2060 899 3636 985">
    <p class='ocr_par' dir='ltr' id='par_1_48' title="bbox 2060 899 3636 985">
     <span class='ocr_line' id='line_1_49' title="bbox 2060 899 3636 985; baseline 0.014 -36"><span class='ocrx_word' id='word_1_378' title='bbox 2060 905 2189 960; x_wconf 86' lang='lat' dir='ltr'><strong>tus;</strong></span> <span class='ocrx_word' id='word_1_379' title='bbox 2224 899 2368 953; x_wconf 87' lang='lat' dir='ltr'><strong>sicut</strong></span> <span class='ocrx_word' id='word_1_380' title='bbox 2406 919 2608 971; x_wconf 88' lang='lat' dir='ltr'><strong>corpus</strong></span> <span class='ocrx_word' id='word_1_381' title='bbox 2659 909 2792 977; x_wconf 81' lang='lat' dir='ltr'><strong>tegit</strong></span> <span class='ocrx_word' id='word_1_382' title='bbox 2840 912 3079 966; x_wconf 87' lang='lat' dir='ltr'><strong>animam</strong></span> <span class='ocrx_word' id='word_1_383' title='bbox 3128 924 3373 968; x_wconf 85' lang='lat' dir='ltr'><strong>nostram</strong></span> <span class='ocrx_word' id='word_1_384' title='bbox 3401 931 3523 985; x_wconf 74' lang='lat' dir='ltr'><strong>qua:</strong></span> <span class='ocrx_word' id='word_1_385' title='bbox 3551 926 3636 971; x_wconf 87' lang='lat' dir='ltr'><strong>est</strong></span> 
     </span>
    </p>
   </div>
   <div class='ocr_carea' id='block_1_49' title="bbox 2059 986 3632 1068">
    <p class='ocr_par' dir='ltr' id='par_1_49' title="bbox 2059 986 3632 1068">
     <span class='ocr_line' id='line_1_50' title="bbox 2059 986 3632 1068; baseline 0.013 -30"><span class='ocrx_word' id='word_1_386' title='bbox 2059 986 2489 1056; x_wconf 87' lang='lat' dir='ltr'><strong>inaspectabilis,</strong></span> <span class='ocrx_word' id='word_1_387' title='bbox 2520 1002 2576 1047; x_wconf 93' lang='lat' dir='ltr'><strong>et</strong></span> <span class='ocrx_word' id='word_1_388' title='bbox 2622 996 2678 1049; x_wconf 92' lang='lat' dir='ltr'><strong>in</strong></span> <span class='ocrx_word' id='word_1_389' title='bbox 2731 998 2798 1052; x_wconf 89' lang='lat' dir='ltr'><strong>iis</strong></span> <span class='ocrx_word' id='word_1_390' title='bbox 2834 1015 2955 1068; x_wconf 73' lang='lat' dir='ltr'><strong>qua:</strong></span> <span class='ocrx_word' id='word_1_391' title='bbox 3004 1002 3107 1056; x_wconf 91' lang='lat' dir='ltr'><strong>sub</strong></span> <span class='ocrx_word' id='word_1_392' title='bbox 3137 1019 3363 1058; x_wconf 87' lang='lat' dir='ltr'><strong>sensum</strong></span> <span class='ocrx_word' id='word_1_393' title='bbox 3405 1005 3632 1066; x_wconf 87' lang='lat' dir='ltr'><strong>cadunt,</strong></span> 
     </span>
    </p>
   </div>
   <div class='ocr_carea' id='block_1_50' title="bbox 2057 1096 3633 1166">
    <p class='ocr_par' dir='ltr' id='par_1_50' title="bbox 2057 1096 3633 1166">
     <span class='ocr_line' id='line_1_51' title="bbox 2057 1096 3633 1166; baseline 0.008 -28"><span class='ocrx_word' id='word_1_394' title='bbox 2057 1101 2164 1141; x_wconf 92' lang='lat' dir='ltr'><strong>non</strong></span> <span class='ocrx_word' id='word_1_395' title='bbox 2221 1104 2544 1148; x_wconf 87' lang='lat' dir='ltr'><strong>numeratur</strong></span> <span class='ocrx_word' id='word_1_396' title='bbox 2571 1112 2584 1149; x_wconf 95' lang='lat'><strong>:</strong></span> <span class='ocrx_word' id='word_1_397' title='bbox 2615 1097 2743 1166; x_wconf 91' lang='lat' dir='ltr'><strong>quia</strong></span> <span class='ocrx_word' id='word_1_398' title='bbox 2786 1097 2928 1152; x_wconf 90' lang='lat' dir='ltr'><strong>facta</strong></span> <span class='ocrx_word' id='word_1_399' title='bbox 2977 1107 3060 1152; x_wconf 90' lang='lat' dir='ltr'><strong>cst</strong></span> <span class='ocrx_word' id='word_1_400' title='bbox 3088 1098 3156 1152; x_wconf 89' lang='lat' dir='ltr'><strong>ad</strong></span> <span class='ocrx_word' id='word_1_401' title='bbox 3191 1096 3483 1166; x_wconf 80' lang='lat' dir='ltr'><strong>imaginem</strong></span> <span class='ocrx_word' id='word_1_402' title='bbox 3513 1097 3633 1166; x_wconf 87' lang='lat' dir='ltr'><strong>ejus</strong></span> 
     </span>
    </p>
   </div>
   <div class='ocr_carea' id='block_1_51' title="bbox 2052 1179 3629 1258">
    <p class='ocr_par' dir='ltr' id='par_1_51' title="bbox 2052 1179 3629 1258">
     <span class='ocr_line' id='line_1_52' title="bbox 2052 1179 3629 1258; baseline 0.006 -28"><span class='ocrx_word' id='word_1_403' title='bbox 2052 1179 2147 1246; x_wconf 91' lang='lat' dir='ltr'><strong>qui</strong></span> <span class='ocrx_word' id='word_1_404' title='bbox 2197 1195 2318 1236; x_wconf 89' lang='lat' dir='ltr'><strong>eam</strong></span> <span class='ocrx_word' id='word_1_405' title='bbox 2363 1185 2591 1252; x_wconf 89' lang='lat' dir='ltr'><strong>creavit,</strong></span> <span class='ocrx_word' id='word_1_406' title='bbox 2625 1196 2919 1257; x_wconf 80' lang='lat' dir='ltr'><strong>servatque</strong></span> <span class='ocrx_word' id='word_1_407' title='bbox 2953 1188 3108 1258; x_wconf 86' lang='lat' dir='ltr'><strong>signa</strong></span> <span class='ocrx_word' id='word_1_408' title='bbox 3149 1187 3534 1243; x_wconf 87' lang='lat' dir='ltr'><strong>similitudinis</strong></span> <span class='ocrx_word' id='word_1_409' title='bbox 3560 1185 3629 1239; x_wconf 86' lang='lat' dir='ltr'><strong>ad</strong></span> 
     </span>
    </p>
   </div>
   <div class='ocr_carea' id='block_1_52' title="bbox 2051 1273 3626 1349">
    <p class='ocr_par' dir='ltr' id='par_1_52' title="bbox 2051 1273 3626 1349">
     <span class='ocr_line' id='line_1_53' title="bbox 2051 1273 3626 1349; baseline 0.008 -28"><span class='ocrx_word' id='word_1_410' title='bbox 2051 1285 2217 1338; x_wconf 91' lang='lat' dir='ltr'><strong>quam</strong></span> <span class='ocrx_word' id='word_1_411' title='bbox 2258 1273 2396 1328; x_wconf 90' lang='lat' dir='ltr'><strong>facta</strong></span> <span class='ocrx_word' id='word_1_412' title='bbox 2443 1287 2564 1331; x_wconf 90' lang='lat' dir='ltr'><strong>est:</strong></span> <span class='ocrx_word' id='word_1_413' title='bbox 2595 1280 2743 1349; x_wconf 91' lang='lat' dir='ltr'><strong>quod</strong></span> <span class='ocrx_word' id='word_1_414' title='bbox 2791 1280 2940 1334; x_wconf 91' lang='lat' dir='ltr'><strong>enim</strong></span> <span class='ocrx_word' id='word_1_415' title='bbox 3003 1289 3201 1334; x_wconf 90' lang='lat' dir='ltr'><strong>natura</strong></span> <span class='ocrx_word' id='word_1_416' title='bbox 3245 1279 3478 1333; x_wconf 90' lang='lat' dir='ltr'><strong>inditum</strong></span> <span class='ocrx_word' id='word_1_417' title='bbox 3517 1287 3626 1342; x_wconf 86' lang='lat' dir='ltr'><strong>est,</strong></span> 
     </span>
    </p>
   </div>
   <div class='ocr_carea' id='block_1_53' title="bbox 2051 1373 3323 1435">
    <p class='ocr_par' dir='ltr' id='par_1_53' title="bbox 2051 1373 3323 1435">
     <span class='ocr_line' id='line_1_54' title="bbox 2051 1373 3323 1435; baseline 0.007 -21"><span class='ocrx_word' id='word_1_418' title='bbox 2051 1376 2160 1415; x_wconf 90' lang='lat' dir='ltr'><strong>non</strong></span> <span class='ocrx_word' id='word_1_419' title='bbox 2181 1373 2266 1418; x_wconf 91' lang='grc' dir='ltr'><strong>εει</strong></span> <span class='ocrx_word' id='word_1_420' title='bbox 2303 1377 2489 1435; x_wconf 88' lang='lat' dir='ltr'><strong>aptum</strong></span> <span class='ocrx_word' id='word_1_421' title='bbox 2529 1382 2740 1435; x_wconf 87' lang='lat' dir='ltr'><strong>natmn,</strong></span> <span class='ocrx_word' id='word_1_422' title='bbox 2772 1382 2834 1427; x_wconf 92' lang='lat' dir='ltr'><strong>ut</strong></span> <span class='ocrx_word' id='word_1_423' title='bbox 2866 1373 3024 1427; x_wconf 83' lang='lat' dir='ltr'><strong>facile</strong></span> <span class='ocrx_word' id='word_1_424' title='bbox 3058 1379 3323 1426; x_wconf 89' lang='lat' dir='ltr'><strong>mutetur.</strong></span> 
     </span>
    </p>
   </div>
   <div class='ocr_carea' id='block_1_54' title="bbox 2120 1453 3624 1528">
    <p class='ocr_par' dir='ltr' id='par_1_54' title="bbox 2120 1453 3624 1528">
     <span class='ocr_line' id='line_1_55' title="bbox 2120 1453 3624 1528; baseline 0.005 -21"><span class='ocrx_word' id='word_1_425' title='bbox 2120 1453 2212 1508; x_wconf 89' lang='lat' dir='ltr'><strong>Vl.</strong></span> <span class='ocrx_word' id='word_1_426' title='bbox 2250 1454 2524 1521; x_wconf 89' lang='lat' dir='ltr'><strong>Quautmn</strong></span> <span class='ocrx_word' id='word_1_427' title='bbox 2553 1461 2721 1528; x_wconf 84' lang='lat' dir='ltr'><strong>igitur</strong></span> <span class='ocrx_word' id='word_1_428' title='bbox 2748 1465 2912 1518; x_wconf 90' lang='lat' dir='ltr'><strong>nobis</strong></span> <span class='ocrx_word' id='word_1_429' title='bbox 2947 1464 3170 1518; x_wconf 90' lang='lat' dir='ltr'><strong>modum</strong></span> <span class='ocrx_word' id='word_1_430' title='bbox 3205 1460 3430 1516; x_wconf 88' lang='lat' dir='ltr'><strong>unionis</strong></span> <span class='ocrx_word' id='word_1_431' title='bbox 3457 1461 3624 1517; x_wconf 81' lang='lat' dir='ltr'><strong>Verbi</strong></span> 
     </span>
    </p>
   </div>
   <div class='ocr_carea' id='block_1_55' title="bbox 2045 1550 3622 1624">
    <p class='ocr_par' dir='ltr' id='par_1_55' title="bbox 2045 1550 3622 1624">
     <span class='ocr_line' id='line_1_56' title="bbox 2045 1550 3622 1624; baseline 0.006 -28"><span class='ocrx_word' id='word_1_432' title='bbox 2045 1558 2170 1602; x_wconf 88' lang='lat' dir='ltr'><strong>cum</strong></span> <span class='ocrx_word' id='word_1_433' title='bbox 2193 1561 2359 1602; x_wconf 90' lang='lat' dir='ltr'><strong>carne</strong></span> <span class='ocrx_word' id='word_1_434' title='bbox 2391 1550 2710 1618; x_wconf 90' lang='lat' dir='ltr'><strong>conjectura</strong></span> <span class='ocrx_word' id='word_1_435' title='bbox 2736 1555 3003 1624; x_wconf 90' lang='lat' dir='ltr'><strong>consequi</strong></span> <span class='ocrx_word' id='word_1_436' title='bbox 3052 1555 3205 1616; x_wconf 88' lang='lat' dir='ltr'><strong>licet,</strong></span> <span class='ocrx_word' id='word_1_437' title='bbox 3231 1553 3396 1608; x_wconf 86' lang='lat' dir='ltr'><strong>aliam</strong></span> <span class='ocrx_word' id='word_1_438' title='bbox 3427 1553 3622 1621; x_wconf 64' lang='lat' dir='ltr'><strong>imagio</strong></span> 
     </span>
    </p>
   </div>
   <div class='ocr_carea' id='block_1_56' title="bbox 2045 1641 3619 1716">
    <p class='ocr_par' dir='ltr' id='par_1_56' title="bbox 2045 1641 3619 1716">
     <span class='ocr_line' id='line_1_57' title="bbox 2045 1641 3619 1716; baseline 0.006 -27"><span class='ocrx_word' id='word_1_439' title='bbox 2045 1652 2171 1690; x_wconf 90' lang='lat' dir='ltr'><strong>nem</strong></span> <span class='ocrx_word' id='word_1_440' title='bbox 2229 1649 2284 1693; x_wconf 93' lang='lat' dir='ltr'><strong>et</strong></span> <span class='ocrx_word' id='word_1_441' title='bbox 2341 1641 2768 1699; x_wconf 88' lang='lat' dir='ltr'><strong>similitudinem</strong></span> <span class='ocrx_word' id='word_1_442' title='bbox 2816 1662 2928 1699; x_wconf 92' lang='lat' dir='ltr'><strong>non</strong></span> <span class='ocrx_word' id='word_1_443' title='bbox 2982 1648 3295 1716; x_wconf 91' lang='lat' dir='ltr'><strong>poterimus</strong></span> <span class='ocrx_word' id='word_1_444' title='bbox 3348 1645 3619 1715; x_wconf 88' lang='lat' dir='ltr'><strong>reperire,</strong></span> 
     </span>
    </p>
   </div>
   <div class='ocr_carea' id='block_1_57' title="bbox 2043 1733 3620 1807">
    <p class='ocr_par' dir='ltr' id='par_1_57' title="bbox 2043 1733 3620 1807">
     <span class='ocr_line' id='line_1_58' title="bbox 2043 1733 3620 1807; baseline 0.005 -25"><span class='ocrx_word' id='word_1_445' title='bbox 2043 1746 2208 1799; x_wconf 88' lang='lat' dir='ltr'><strong>quam</strong></span> <span class='ocrx_word' id='word_1_446' title='bbox 2237 1733 2434 1788; x_wconf 81' lang='lat' dir='ltr'><strong>anima:</strong></span> <span class='ocrx_word' id='word_1_447' title='bbox 2455 1751 2580 1788; x_wconf 92' lang='grc' dir='ltr'>ειιιιι</span> <span class='ocrx_word' id='word_1_448' title='bbox 2609 1738 2837 1806; x_wconf 90' lang='lat' dir='ltr'><strong>proprio</strong></span> <span class='ocrx_word' id='word_1_449' title='bbox 2855 1753 3110 1807; x_wconf 88' lang='lat' dir='ltr'><strong>corpore,</strong></span> <span class='ocrx_word' id='word_1_450' title='bbox 3128 1755 3196 1792; x_wconf 77' lang='lat' dir='ltr'><strong>ex</strong></span> <span class='ocrx_word' id='word_1_451' title='bbox 3216 1738 3421 1807; x_wconf 88' lang='lat' dir='ltr'><strong>quibus</strong></span> <span class='ocrx_word' id='word_1_452' title='bbox 3443 1751 3620 1790; x_wconf 90' lang='lat' dir='ltr'><strong>unum</strong></span> 
     </span>
    </p>
   </div>
   <div class='ocr_carea' id='block_1_58' title="bbox 2043 1821 3619 1900">
    <p class='ocr_par' dir='ltr' id='par_1_58' title="bbox 2043 1821 3619 1900">
     <span class='ocr_line' id='line_1_59' title="bbox 2043 1821 3619 1900; baseline 0.005 -26"><span class='ocrx_word' id='word_1_453' title='bbox 2043 1821 2248 1876; x_wconf 92' lang='lat' dir='ltr'><strong>animal</strong></span> <span class='ocrx_word' id='word_1_454' title='bbox 2295 1824 2460 1878; x_wconf 88' lang='lat' dir='ltr'><strong>homo</strong></span> <span class='ocrx_word' id='word_1_455' title='bbox 2485 1829 2724 1893; x_wconf 78' lang='lat' dir='ltr'><strong>exsistit,</strong></span> <span class='ocrx_word' id='word_1_456' title='bbox 2757 1846 2938 1900; x_wconf 91' lang='lat' dir='ltr'><strong>neque</strong></span> <span class='ocrx_word' id='word_1_457' title='bbox 2966 1829 3220 1900; x_wconf 90' lang='lat' dir='ltr'><strong>partibus</strong></span> <span class='ocrx_word' id='word_1_458' title='bbox 3241 1831 3295 1882; x_wconf 93' lang='lat' dir='ltr'><strong>in</strong></span> <span class='ocrx_word' id='word_1_459' title='bbox 3336 1828 3619 1898; x_wconf 89' lang='lat' dir='ltr'><strong>composi-</strong></span> 
     </span>
    </p>
   </div>
   <div class='ocr_carea' id='block_1_59' title="bbox 2040 1912 3618 1983">
    <p class='ocr_par' dir='ltr' id='par_1_59' title="bbox 2040 1912 3618 1983">
     <span class='ocr_line' id='line_1_60' title="bbox 2040 1912 3618 1983; baseline 0.006 -19"><span class='ocrx_word' id='word_1_460' title='bbox 2040 1912 2188 1967; x_wconf 92' lang='lat' dir='ltr'><strong>tione</strong></span> <span class='ocrx_word' id='word_1_461' title='bbox 2222 1914 2365 1968; x_wconf 90' lang='lat' dir='ltr'><strong>inter</strong></span> <span class='ocrx_word' id='word_1_462' title='bbox 2399 1931 2458 1970; x_wconf 92' lang='lat' dir='ltr'><strong>se</strong></span> <span class='ocrx_word' id='word_1_463' title='bbox 2498 1921 2746 1983; x_wconf 85' lang='lat' dir='ltr'><strong>mutatis,</strong></span> <span class='ocrx_word' id='word_1_464' title='bbox 2777 1937 2880 1974; x_wconf 92' lang='lat' dir='ltr'><strong>nec</strong></span> <span class='ocrx_word' id='word_1_465' title='bbox 2907 1938 3016 1975; x_wconf 90' lang='lat' dir='ltr'><strong>una</strong></span> <span class='ocrx_word' id='word_1_466' title='bbox 3059 1939 3254 1976; x_wconf 88' lang='lat' dir='ltr'><strong>carum</strong></span> <span class='ocrx_word' id='word_1_467' title='bbox 3290 1923 3618 1976; x_wconf 88' lang='lat' dir='ltr'><strong>alterutram</strong></span> 
     </span>
    </p>
   </div>
   <div class='ocr_carea' id='block_1_60' title="bbox 2034 2006 3616 2081">
    <p class='ocr_par' dir='ltr' id='par_1_60' title="bbox 2034 2006 3616 2081">
     <span class='ocr_line' id='line_1_61' title="bbox 2034 2006 3616 2081; baseline 0.007 -25"><span class='ocrx_word' id='word_1_468' title='bbox 2034 2019 2100 2057; x_wconf 80' lang='lat' dir='ltr'><strong>ex</strong></span> <span class='ocrx_word' id='word_1_469' title='bbox 2167 2021 2225 2059; x_wconf 88' lang='lat' dir='ltr'><strong>se</strong></span> <span class='ocrx_word' id='word_1_470' title='bbox 2287 2006 2704 2064; x_wconf 79' lang='lat' dir='ltr'><strong>facientezscd</strong></span> <span class='ocrx_word' id='word_1_471' title='bbox 2767 2014 2952 2081; x_wconf 87' lang='lat' dir='ltr'><strong>potius</strong></span> <span class='ocrx_word' id='word_1_472' title='bbox 2997 2015 3333 2069; x_wconf 90' lang='lat' dir='ltr'><strong>coeuntibus</strong></span> <span class='ocrx_word' id='word_1_473' title='bbox 3394 2015 3616 2067; x_wconf 84' lang='lat' dir='ltr'><strong>duobus</strong></span> 
     </span>
    </p>
   </div>
   <div class='ocr_carea' id='block_1_61' title="bbox 2033 2098 3613 2174">
    <p class='ocr_par' dir='ltr' id='par_1_61' title="bbox 2033 2098 3613 2174">
     <span class='ocr_line' id='line_1_62' title="bbox 2033 2098 3613 2174; baseline 0.003 -23"><span class='ocrx_word' id='word_1_474' title='bbox 2033 2098 2272 2152; x_wconf 82' lang='lat' dir='ltr'><strong>diversis</strong></span> <span class='ocrx_word' id='word_1_475' title='bbox 2312 2101 2443 2153; x_wconf 90' lang='lat' dir='ltr'><strong>illud</strong></span> <span class='ocrx_word' id='word_1_476' title='bbox 2477 2102 2728 2166; x_wconf 77' lang='lat' dir='ltr'><strong>exsistit.</strong></span> <span class='ocrx_word' id='word_1_477' title='bbox 2780 2104 2928 2172; x_wconf 89' lang='lat' dir='ltr'><strong>quod</strong></span> <span class='ocrx_word' id='word_1_478' title='bbox 2983 2114 3108 2173; x_wconf 80' lang='lat' dir='ltr'><strong>post</strong></span> <span class='ocrx_word' id='word_1_479' title='bbox 3149 2105 3613 2174; x_wconf 83' lang='lat' dir='ltr'><strong>compositionem</strong></span> 
     </span>
    </p>
   </div>
   <div class='ocr_carea' id='block_1_62' title="bbox 2030 2192 3614 2265">
    <p class='ocr_par' dir='ltr' id='par_1_62' title="bbox 2030 2192 3614 2265">
     <span class='ocr_line' id='line_1_63' title="bbox 2030 2192 3614 2265; baseline 0.005 -23"><span class='ocrx_word' id='word_1_480' title='bbox 2030 2199 2204 2244; x_wconf 89' lang='lat' dir='ltr'><strong>estet</strong></span> <span class='ocrx_word' id='word_1_481' title='bbox 2246 2192 2591 2246; x_wconf 91' lang='lat' dir='ltr'><strong>nominatur.</strong></span> <span class='ocrx_word' id='word_1_482' title='bbox 2644 2194 2990 2250; x_wconf 86' lang='lat' dir='ltr'><strong>Adhibentes</strong></span> <span class='ocrx_word' id='word_1_483' title='bbox 3035 2197 3206 2265; x_wconf 84' lang='lat' dir='ltr'><strong>igitur</strong></span> <span class='ocrx_word' id='word_1_484' title='bbox 3233 2213 3300 2251; x_wconf 78' lang='lat' dir='ltr'><strong>ex</strong></span> <span class='ocrx_word' id='word_1_485' title='bbox 3345 2198 3449 2250; x_wconf 90' lang='lat' dir='ltr'><strong>hac</strong></span> <span class='ocrx_word' id='word_1_486' title='bbox 3477 2198 3614 2250; x_wconf 88' lang='lat' dir='ltr'><strong>ima-</strong></span> 
     </span>
    </p>
   </div>
   <div class='ocr_carea' id='block_1_63' title="bbox 2029 2283 3609 2357">
    <p class='ocr_par' dir='ltr' id='par_1_63' title="bbox 2029 2283 3609 2357">
     <span class='ocr_line' id='line_1_64' title="bbox 2029 2283 3609 2357; baseline 0.005 -22"><span class='ocrx_word' id='word_1_487' title='bbox 2029 2283 2178 2351; x_wconf 88' lang='lat' dir='ltr'><strong>gine,</strong></span> <span class='ocrx_word' id='word_1_488' title='bbox 2210 2286 2634 2352; x_wconf 90' lang='lat' dir='ltr'><strong>quantumutilc</strong></span> <span class='ocrx_word' id='word_1_489' title='bbox 2651 2298 2736 2339; x_wconf 93' lang='grc' dir='ltr'><strong>εει</strong></span> <span class='ocrx_word' id='word_1_490' title='bbox 2758 2287 2825 2340; x_wconf 91' lang='lat' dir='ltr'><strong>ad</strong></span> <span class='ocrx_word' id='word_1_491' title='bbox 2857 2289 3175 2357; x_wconf 78' lang='lat' dir='ltr'><strong>exemplum</strong></span> <span class='ocrx_word' id='word_1_492' title='bbox 3202 2289 3609 2352; x_wconf 89' lang='lat' dir='ltr'><strong>similitudinis,</strong></span> 
     </span>
    </p>
   </div>
   <div class='ocr_carea' id='block_1_64' title="bbox 2030 2372 3606 2450">
    <p class='ocr_par' dir='ltr' id='par_1_64' title="bbox 2030 2372 3606 2450">
     <span class='ocr_line' id='line_1_65' title="bbox 2030 2372 3606 2450; baseline 0.006 -24"><span class='ocrx_word' id='word_1_493' title='bbox 2030 2372 2292 2426; x_wconf 85' lang='lat' dir='ltr'><strong>unionem</strong></span> <span class='ocrx_word' id='word_1_494' title='bbox 2332 2374 2494 2429; x_wconf 90' lang='lat' dir='ltr'><strong>Verbi</strong></span> <span class='ocrx_word' id='word_1_495' title='bbox 2527 2391 2652 2430; x_wconf 93' lang='lat' dir='ltr'><strong>cum</strong></span> <span class='ocrx_word' id='word_1_496' title='bbox 2688 2378 3037 2434; x_wconf 88' lang='lat' dir='ltr'><strong>humanitate</strong></span> <span class='ocrx_word' id='word_1_497' title='bbox 3077 2381 3606 2450; x_wconf 88' lang='lat' dir='ltr'><strong>eontemplabimur.</strong></span> 
     </span>
    </p>
   </div>
   <div class='ocr_carea' id='block_1_65' title="bbox 2027 2463 3608 2540">
    <p class='ocr_par' dir='ltr' id='par_1_65' title="bbox 2027 2463 3608 2540">
     <span class='ocr_line' id='line_1_66' title="bbox 2027 2463 3608 2540; baseline 0.004 -22"><span class='ocrx_word' id='word_1_498' title='bbox 2027 2463 2274 2518; x_wconf 88' lang='lat' dir='ltr'><strong>Verbum</strong></span> <span class='ocrx_word' id='word_1_499' title='bbox 2319 2466 2468 2520; x_wconf 90' lang='lat' dir='ltr'><strong>enim</strong></span> <span class='ocrx_word' id='word_1_500' title='bbox 2510 2467 2660 2536; x_wconf 88' lang='lat' dir='ltr'><strong>quod</strong></span> <span class='ocrx_word' id='word_1_501' title='bbox 2709 2468 2762 2522; x_wconf 91' lang='lat' dir='ltr'><strong>in</strong></span> <span class='ocrx_word' id='word_1_502' title='bbox 2794 2470 3071 2540; x_wconf 91' lang='lat' dir='ltr'><strong>principio</strong></span> <span class='ocrx_word' id='word_1_503' title='bbox 3094 2479 3216 2525; x_wconf 88' lang='lat' dir='ltr'><strong>erat</strong></span> <span class='ocrx_word' id='word_1_504' title='bbox 3257 2471 3424 2535; x_wconf 88' lang='lat' dir='ltr'><strong>Deus,</strong></span> <span class='ocrx_word' id='word_1_505' title='bbox 3477 2485 3608 2525; x_wconf 90' lang='lat' dir='ltr'><strong>cum</strong></span> 
     </span>
    </p>
   </div>
   <div class='ocr_carea' id='block_1_66' title="bbox 2023 2556 3607 2632">
    <p class='ocr_par' dir='ltr' id='par_1_66' title="bbox 2023 2556 3607 2632">
     <span class='ocr_line' id='line_1_67' title="bbox 2023 2556 3607 2632; baseline 0.006 -25"><span class='ocrx_word' id='word_1_506' title='bbox 2023 2556 2192 2610; x_wconf 86' lang='lat' dir='ltr'><strong>vellet</strong></span> <span class='ocrx_word' id='word_1_507' title='bbox 2243 2558 2361 2611; x_wconf 79' lang='lat' dir='ltr'><strong>fieri</strong></span> <span class='ocrx_word' id='word_1_508' title='bbox 2416 2559 2606 2624; x_wconf 88' lang='lat' dir='ltr'><strong>homo,</strong></span> <span class='ocrx_word' id='word_1_509' title='bbox 2640 2561 2772 2630; x_wconf 89' lang='lat' dir='ltr'><strong>quia</strong></span> <span class='ocrx_word' id='word_1_510' title='bbox 2804 2579 2915 2616; x_wconf 92' lang='lat' dir='ltr'><strong>non</strong></span> <span class='ocrx_word' id='word_1_511' title='bbox 2965 2572 3156 2632; x_wconf 88' lang='lat' dir='ltr'><strong>posset</strong></span> <span class='ocrx_word' id='word_1_512' title='bbox 3215 2564 3385 2618; x_wconf 88' lang='lat' dir='ltr'><strong>homo</strong></span> <span class='ocrx_word' id='word_1_513' title='bbox 3443 2565 3607 2617; x_wconf 88' lang='lat' dir='ltr'><strong>aliter</strong></span> 
     </span>
    </p>
   </div>
   <div class='ocr_carea' id='block_1_67' title="bbox 2024 2647 3607 2726">
    <p class='ocr_par' dir='ltr' id='par_1_67' title="bbox 2024 2647 3607 2726">
     <span class='ocr_line' id='line_1_68' title="bbox 2024 2647 3607 2726; baseline 0.006 -26"><span class='ocrx_word' id='word_1_514' title='bbox 2024 2647 2210 2702; x_wconf 88' lang='lat' dir='ltr'><strong>salvus</strong></span> <span class='ocrx_word' id='word_1_515' title='bbox 2234 2649 2377 2716; x_wconf 79' lang='lat' dir='ltr'><strong>fieri,</strong></span> <span class='ocrx_word' id='word_1_516' title='bbox 2407 2650 2718 2720; x_wconf 86' lang='lat' dir='ltr'><strong>ingressum</strong></span> <span class='ocrx_word' id='word_1_517' title='bbox 2741 2663 2828 2708; x_wconf 91' lang='lat' dir='ltr'><strong>cst</strong></span> <span class='ocrx_word' id='word_1_518' title='bbox 2863 2655 2919 2709; x_wconf 91' lang='lat' dir='ltr'><strong>in</strong></span> <span class='ocrx_word' id='word_1_519' title='bbox 2953 2664 3175 2710; x_wconf 85' lang='lat' dir='ltr'><strong>uterum</strong></span> <span class='ocrx_word' id='word_1_520' title='bbox 3200 2655 3522 2726; x_wconf 84' lang='lat' dir='ltr'><strong>virginalem</strong></span> <span class='ocrx_word' id='word_1_521' title='bbox 3549 2665 3607 2710; x_wconf 88' lang='lat' dir='ltr'><strong>et</strong></span> 
     </span>
    </p>
   </div>
   <div class='ocr_carea' id='block_1_68' title="bbox 2021 2739 3602 2817">
    <p class='ocr_par' dir='ltr' id='par_1_68' title="bbox 2021 2739 3602 2817">
     <span class='ocr_line' id='line_1_69' title="bbox 2021 2739 3602 2817; baseline 0.006 -27"><span class='ocrx_word' id='word_1_522' title='bbox 2021 2739 2203 2793; x_wconf 89' lang='lat' dir='ltr'><strong>omnis</strong></span> <span class='ocrx_word' id='word_1_523' title='bbox 2247 2743 2624 2810; x_wconf 86' lang='lat' dir='ltr'><strong>corruptionis</strong></span> <span class='ocrx_word' id='word_1_524' title='bbox 2679 2757 3017 2814; x_wconf 78' lang='lat' dir='ltr'><strong>expertem:</strong></span> <span class='ocrx_word' id='word_1_525' title='bbox 3071 2758 3195 2802; x_wconf 88' lang='lat' dir='ltr'><strong>erat</strong></span> <span class='ocrx_word' id='word_1_526' title='bbox 3242 2747 3393 2801; x_wconf 91' lang='lat' dir='ltr'><strong>enim</strong></span> <span class='ocrx_word' id='word_1_527' title='bbox 3453 2748 3602 2817; x_wconf 75' lang='lat' dir='ltr'><strong>virgo</strong></span> 
     </span>
    </p>
   </div>
   <div class='ocr_carea' id='block_1_69' title="bbox 2020 2835 3598 2904">
    <p class='ocr_par' dir='ltr' id='par_1_69' title="bbox 2020 2835 3598 2904">
     <span class='ocr_line' id='line_1_70' title="bbox 2020 2835 3598 2904; baseline 0.006 -23"><span class='ocrx_word' id='word_1_528' title='bbox 2020 2842 2168 2884; x_wconf 75' lang='lat' dir='ltr'><strong>casta</strong></span> <span class='ocrx_word' id='word_1_529' title='bbox 2215 2835 2406 2901; x_wconf 74' lang='lat' dir='ltr'><strong>spiritu</strong></span> <span class='ocrx_word' id='word_1_530' title='bbox 2430 2843 2480 2885; x_wconf 82' lang='lat' dir='ltr'><strong>et</strong></span> <span class='ocrx_word' id='word_1_531' title='bbox 2509 2839 2808 2900; x_wconf 76' lang='lat' dir='ltr'><strong>corpore”.</strong></span> <span class='ocrx_word' id='word_1_532' title='bbox 2845 2837 3220 2903; x_wconf 86' lang='lat' dir='ltr'><strong>Quamobrem</strong></span> <span class='ocrx_word' id='word_1_533' title='bbox 3260 2839 3598 2904; x_wconf 82' lang='lat' dir='ltr'><strong>necessario,</strong></span> 
     </span>
    </p>
   </div>
   <div class='ocr_carea' id='block_1_70' title="bbox 2022 2921 3599 2999">
    <p class='ocr_par' dir='ltr' id='par_1_70' title="bbox 2022 2921 3599 2999">
     <span class='ocr_line' id='line_1_71' title="bbox 2022 2921 3599 2999; baseline 0.008 -26"><span class='ocrx_word' id='word_1_534' title='bbox 2022 2931 2079 2974; x_wconf 92' lang='lat' dir='ltr'><strong>ut</strong></span> <span class='ocrx_word' id='word_1_535' title='bbox 2105 2921 2359 2987; x_wconf 89' lang='lat' dir='ltr'><strong>decebat,</strong></span> <span class='ocrx_word' id='word_1_536' title='bbox 2396 2925 2463 2978; x_wconf 92' lang='lat' dir='ltr'><strong>ad</strong></span> <span class='ocrx_word' id='word_1_537' title='bbox 2494 2935 2710 2980; x_wconf 91' lang='lat' dir='ltr'><strong>tantum</strong></span> <span class='ocrx_word' id='word_1_538' title='bbox 2768 2930 3018 2999; x_wconf 88' lang='lat' dir='ltr'><strong>mysterii</strong></span> <span class='ocrx_word' id='word_1_539' title='bbox 3074 2929 3448 2985; x_wconf 89' lang='lat' dir='ltr'><strong>ministerium</strong></span> <span class='ocrx_word' id='word_1_540' title='bbox 3475 2945 3599 2985; x_wconf 85' lang='lat' dir='ltr'><strong>eam</strong></span> 
     </span>
    </p>
   </div>
   <div class='ocr_carea' id='block_1_71' title="bbox 2017 3012 3600 3084">
    <p class='ocr_par' dir='ltr' id='par_1_71' title="bbox 2017 3012 3600 3084">
     <span class='ocr_line' id='line_1_72' title="bbox 2017 3012 3600 3084; baseline 0.007 -19"><span class='ocrx_word' id='word_1_541' title='bbox 2017 3012 2208 3081; x_wconf 85' lang='lat' dir='ltr'><strong>elegit,</strong></span> <span class='ocrx_word' id='word_1_542' title='bbox 2241 3014 2572 3084; x_wconf 89' lang='lat' dir='ltr'><strong>unitumquc</strong></span> <span class='ocrx_word' id='word_1_543' title='bbox 2613 3019 2841 3074; x_wconf 89' lang='lat' dir='ltr'><strong>estsine</strong></span> <span class='ocrx_word' id='word_1_544' title='bbox 2873 3020 3200 3075; x_wconf 90' lang='lat' dir='ltr'><strong>confusione</strong></span> <span class='ocrx_word' id='word_1_545' title='bbox 3235 3031 3293 3076; x_wconf 91' lang='lat' dir='ltr'><strong>et</strong></span> <span class='ocrx_word' id='word_1_546' title='bbox 3338 3021 3600 3076; x_wconf 88' lang='lat' dir='ltr'><strong>mistione</strong></span> 
     </span>
    </p>
   </div>
   <div class='ocr_carea' id='block_1_72' title="bbox 2020 3106 3597 3181">
    <p class='ocr_par' dir='ltr' id='par_1_72' title="bbox 2020 3106 3597 3181">
     <span class='ocr_line' id='line_1_73' title="bbox 2020 3106 3597 3181; baseline 0.01 -25"><span class='ocrx_word' id='word_1_547' title='bbox 2020 3113 2194 3158; x_wconf 86' lang='lat' dir='ltr'><strong>totum</strong></span> <span class='ocrx_word' id='word_1_548' title='bbox 2225 3106 2322 3158; x_wconf 87' lang='lat' dir='ltr'><strong>toti</strong></span> <span class='ocrx_word' id='word_1_549' title='bbox 2355 3108 2530 3171; x_wconf 91' lang='lat' dir='ltr'><strong>carni,</strong></span> <span class='ocrx_word' id='word_1_550' title='bbox 2553 3111 2734 3164; x_wconf 88' lang='lat' dir='ltr'><strong>anima</strong></span> <span class='ocrx_word' id='word_1_551' title='bbox 2767 3112 2998 3166; x_wconf 85' lang='lat' dir='ltr'><strong>rationis</strong></span> <span class='ocrx_word' id='word_1_552' title='bbox 3021 3114 3289 3181; x_wconf 90' lang='lat' dir='ltr'><strong>participe</strong></span> <span class='ocrx_word' id='word_1_553' title='bbox 3317 3114 3597 3174; x_wconf 62' lang='lat' dir='ltr'><strong>animate.</strong></span> 
     </span>
    </p>
   </div>
   <div class='ocr_carea' id='block_1_73' title="bbox 1091 3167 3596 3274">
    <p class='ocr_par' dir='ltr' id='par_1_73' title="bbox 1091 3167 3596 3274">
     <span class='ocr_line' id='line_1_74' title="bbox 1091 3167 3596 3274; baseline 0.01 -39"><span class='ocrx_word' id='word_1_554' title='bbox 1091 3167 1185 3235; x_wconf 76' lang='grc' dir='ltr'><strong>(ἰυί</strong></span> <span class='ocrx_word' id='word_1_555' title='bbox 1234 3167 1306 3221; x_wconf 68' lang='lat' dir='ltr'><strong>ab</strong></span> <span class='ocrx_word' id='word_1_556' title='bbox 1344 3183 1413 3223; x_wconf 69' lang='grc' dir='ltr'><strong>(³ο</strong></span> <span class='ocrx_word' id='word_1_557' title='bbox 1457 3169 1757 3238; x_wconf 51' lang='lat' dir='ltr'><strong>defecerat:</strong></span> <span class='ocrx_word' id='word_1_558' title='bbox 1791 3189 1914 3228; x_wconf 64' lang='lat'><strong>055°</strong></span> <span class='ocrx_word' id='word_1_559' title='bbox 1941 3205 1983 3260; x_wconf 67' lang='grc' dir='ltr'><strong>(ζ</strong></span> <span class='ocrx_word' id='word_1_560' title='bbox 2015 3204 2071 3250; x_wconf 91' lang='grc' dir='ltr'><strong>ει</strong></span> <span class='ocrx_word' id='word_1_561' title='bbox 2102 3212 2202 3265; x_wconf 89' lang='lat' dir='ltr'><strong>per</strong></span> <span class='ocrx_word' id='word_1_562' title='bbox 2225 3199 2526 3252; x_wconf 89' lang='lat' dir='ltr'><strong>adventum</strong></span> <span class='ocrx_word' id='word_1_563' title='bbox 2564 3201 2805 3271; x_wconf 91' lang='lat' dir='ltr'><strong>Spiritus</strong></span> <span class='ocrx_word' id='word_1_564' title='bbox 2834 3205 3011 3258; x_wconf 88' lang='lat' dir='ltr'><strong>sancti</strong></span> <span class='ocrx_word' id='word_1_565' title='bbox 3055 3221 3120 3258; x_wconf 84' lang='lat' dir='ltr'><strong>ex</strong></span> <span class='ocrx_word' id='word_1_566' title='bbox 3145 3221 3314 3259; x_wconf 90' lang='lat' dir='ltr'><strong>carne</strong></span> <span class='ocrx_word' id='word_1_567' title='bbox 3346 3204 3596 3274; x_wconf 84' lang='lat' dir='ltr'><strong>Virginis</strong></span> 
     </span>
    </p>
   </div>
   <div class='ocr_carea' id='block_1_74' title="bbox 2012 3287 3596 3360">
    <p class='ocr_par' dir='ltr' id='par_1_74' title="bbox 2012 3287 3596 3360">
     <span class='ocr_line' id='line_1_75' title="bbox 2012 3287 3596 3360; baseline 0.006 -19"><span class='ocrx_word' id='word_1_568' title='bbox 2012 3287 2199 3343; x_wconf 78' lang='lat' dir='ltr'><strong>Matris</strong></span> <span class='ocrx_word' id='word_1_569' title='bbox 2236 3291 2487 3346; x_wconf 68' lang='lat' dir='ltr'><strong>conﬂata:</strong></span> <span class='ocrx_word' id='word_1_570' title='bbox 2545 3303 2603 3346; x_wconf 92' lang='lat' dir='ltr'><strong>et</strong></span> <span class='ocrx_word' id='word_1_571' title='bbox 2659 3296 2994 3360; x_wconf 61' lang='lat' dir='ltr'><strong>constituta),</strong></span> <span class='ocrx_word' id='word_1_572' title='bbox 3038 3297 3190 3350; x_wconf 88' lang='lat' dir='ltr'><strong>nulla</strong></span> <span class='ocrx_word' id='word_1_573' title='bbox 3222 3312 3390 3350; x_wconf 88' lang='lat' dir='ltr'><strong>causa</strong></span> <span class='ocrx_word' id='word_1_574' title='bbox 3429 3296 3483 3350; x_wconf 92' lang='lat' dir='ltr'><strong>in</strong></span> <span class='ocrx_word' id='word_1_575' title='bbox 3530 3311 3596 3351; x_wconf 82' lang='lat' dir='ltr'><strong>ea</strong></span> 
     </span>
    </p>
   </div>
   <div class='ocr_carea' id='block_1_75' title="bbox 2009 3383 3593 3457">
    <p class='ocr_par' dir='ltr' id='par_1_75' title="bbox 2009 3383 3593 3457">
     <span class='ocr_line' id='line_1_76' title="bbox 2009 3383 3593 3457; baseline 0.004 -22"><span class='ocrx_word' id='word_1_576' title='bbox 2009 3389 2327 3450; x_wconf 88' lang='lat' dir='ltr'><strong>antegressa</strong></span> <span class='ocrx_word' id='word_1_577' title='bbox 2351 3399 2421 3436; x_wconf 79' lang='lat' dir='ltr'><strong>ex</strong></span> <span class='ocrx_word' id='word_1_578' title='bbox 2444 3383 2514 3437; x_wconf 92' lang='lat' dir='ltr'><strong>iis</strong></span> <span class='ocrx_word' id='word_1_579' title='bbox 2535 3385 2743 3452; x_wconf 90' lang='lat' dir='ltr'><strong>quibus</strong></span> <span class='ocrx_word' id='word_1_580' title='bbox 2761 3397 3178 3441; x_wconf 88' lang='lat' dir='ltr'><strong>consueverunt</strong></span> <span class='ocrx_word' id='word_1_581' title='bbox 3195 3402 3430 3457; x_wconf 88' lang='lat' dir='ltr'><strong>corpora</strong></span> <span class='ocrx_word' id='word_1_582' title='bbox 3449 3387 3593 3450; x_wconf 82' lang='lat' dir='ltr'><strong>fieri,</strong></span> 
     </span>
    </p>
   </div>
   <div class='ocr_carea' id='block_1_76' title="bbox 2010 3476 3596 3542">
    <p class='ocr_par' dir='ltr' id='par_1_76' title="bbox 2010 3476 3596 3542">
     <span class='ocr_line' id='line_1_77' title="bbox 2010 3476 3596 3542; baseline 0.004 -16"><span class='ocrx_word' id='word_1_583' title='bbox 2010 3481 2213 3542; x_wconf 65' lang='lat' dir='ltr'><strong>praeter</strong></span> <span class='ocrx_word' id='word_1_584' title='bbox 2241 3476 2506 3530; x_wconf 88' lang='lat' dir='ltr'><strong>virtutem</strong></span> <span class='ocrx_word' id='word_1_585' title='bbox 2540 3477 2827 3531; x_wconf 81' lang='lat' dir='ltr'><strong>Altissimi.</strong></span> <span class='ocrx_word' id='word_1_586' title='bbox 2861 3477 2989 3532; x_wconf 90' lang='lat' dir='ltr'><strong>Sola</strong></span> <span class='ocrx_word' id='word_1_587' title='bbox 3023 3479 3171 3533; x_wconf 83' lang='lat' dir='ltr'><strong>enim</strong></span> <span class='ocrx_word' id='word_1_588' title='bbox 3218 3479 3422 3533; x_wconf 90' lang='lat' dir='ltr'><strong>mulier</strong></span> <span class='ocrx_word' id='word_1_589' title='bbox 3476 3494 3596 3533; x_wconf 88' lang='lat' dir='ltr'><strong>ma-</strong></span> 
     </span>
    </p>
   </div>
   <div class='ocr_carea' id='block_1_77' title="bbox 2010 3564 3590 3635">
    <p class='ocr_par' dir='ltr' id='par_1_77' title="bbox 2010 3564 3590 3635">
     <span class='ocr_line' id='line_1_78' title="bbox 2010 3564 3590 3635; baseline 0.004 -18"><span class='ocrx_word' id='word_1_590' title='bbox 2010 3564 2206 3618; x_wconf 90' lang='lat' dir='ltr'><strong>teriam</strong></span> <span class='ocrx_word' id='word_1_591' title='bbox 2277 3568 2503 3635; x_wconf 91' lang='lat' dir='ltr'><strong>corpori</strong></span> <span class='ocrx_word' id='word_1_592' title='bbox 2575 3568 2724 3635; x_wconf 90' lang='lat' dir='ltr'><strong>quod</strong></span> <span class='ocrx_word' id='word_1_593' title='bbox 2789 3569 3099 3623; x_wconf 87' lang='lat' dir='ltr'><strong>divinitatis</strong></span> <span class='ocrx_word' id='word_1_594' title='bbox 3158 3571 3590 3624; x_wconf 89' lang='lat' dir='ltr'><strong>instrumentum</strong></span> 
     </span>
    </p>
   </div>
   <div class='ocr_carea' id='block_1_78' title="bbox 2007 3653 3591 3730">
    <p class='ocr_par' dir='ltr' id='par_1_78' title="bbox 2007 3653 3591 3730">
     <span class='ocr_line' id='line_1_79' title="bbox 2007 3653 3591 3730; baseline 0.006 -24"><span class='ocrx_word' id='word_1_595' title='bbox 2007 3653 2211 3707; x_wconf 89' lang='lat' dir='ltr'><strong>factum</strong></span> <span class='ocrx_word' id='word_1_596' title='bbox 2263 3665 2370 3718; x_wconf 89' lang='lat' dir='ltr'><strong>est,</strong></span> <span class='ocrx_word' id='word_1_597' title='bbox 2440 3657 2840 3725; x_wconf 88' lang='lat' dir='ltr'><strong>suppeditavit,</strong></span> <span class='ocrx_word' id='word_1_598' title='bbox 2893 3660 3041 3714; x_wconf 91' lang='lat' dir='ltr'><strong>sicut</strong></span> <span class='ocrx_word' id='word_1_599' title='bbox 3069 3660 3201 3714; x_wconf 91' lang='lat' dir='ltr'><strong>olim</strong></span> <span class='ocrx_word' id='word_1_600' title='bbox 3242 3676 3311 3715; x_wconf 81' lang='lat' dir='ltr'><strong>ex</strong></span> <span class='ocrx_word' id='word_1_601' title='bbox 3363 3661 3591 3730; x_wconf 90' lang='lat' dir='ltr'><strong>propria</strong></span> 
     </span>
    </p>
   </div>
   <div class='ocr_carea' id='block_1_79' title="bbox 2005 3745 3623 3808">
    <p class='ocr_par' dir='ltr' id='par_1_79' title="bbox 2005 3745 3623 3808">
     <span class='ocr_line' id='line_1_80' title="bbox 2005 3745 3623 3808; baseline 0.006 -10"><span class='ocrx_word' id='word_1_602' title='bbox 2005 3759 2176 3798; x_wconf 89' lang='lat' dir='ltr'><strong>carne</strong></span> <span class='ocrx_word' id='word_1_603' title='bbox 2209 3745 2386 3800; x_wconf 85' lang='lat' dir='ltr'><strong>solius</strong></span> <span class='ocrx_word' id='word_1_604' title='bbox 2428 3747 2533 3802; x_wconf 90' lang='lat' dir='ltr'><strong>viri</strong></span> <span class='ocrx_word' id='word_1_605' title='bbox 2580 3750 2786 3804; x_wconf 91' lang='lat' dir='ltr'><strong>mulier</strong></span> <span class='ocrx_word' id='word_1_606' title='bbox 2807 3758 2865 3804; x_wconf 92' lang='lat' dir='ltr'><strong>et</strong></span> <span class='ocrx_word' id='word_1_607' title='bbox 2899 3759 3078 3806; x_wconf 91' lang='lat' dir='ltr'><strong>mater</strong></span> <span class='ocrx_word' id='word_1_608' title='bbox 3101 3751 3410 3807; x_wconf 90' lang='lat' dir='ltr'><strong>viventium</strong></span> <span class='ocrx_word' id='word_1_609' title='bbox 3443 3754 3588 3808; x_wconf 88' lang='lat' dir='ltr'><strong>facta</strong></span> <span class='ocrx_word' id='word_1_610' title='bbox 3615 3760 3623 3768; x_wconf 92' lang='lat'><strong><em>&#39;</em></strong></span> 
     </span>
    </p>
   </div>
   <div class='ocr_carea' id='block_1_80' title="bbox 2004 3846 3586 3999">
    <p class='ocr_par' dir='ltr' id='par_1_80' title="bbox 2004 3846 3586 3999">
     <span class='ocr_line' id='line_1_81' title="bbox 2004 3846 3586 3999; baseline 0.004 -21"><span class='ocrx_word' id='word_1_611' title='bbox 2004 3846 2184 3979; x_wconf 49' lang='lat' dir='ltr'><strong>cs‘Vll.</strong></span> <span class='ocrx_word' id='word_1_612' title='bbox 2218 3925 2368 3980; x_wconf 89' lang='lat' dir='ltr'><strong>Vane</strong></span> <span class='ocrx_word' id='word_1_613' title='bbox 2411 3927 2580 3997; x_wconf 85' lang='lat' dir='ltr'><strong>igitur</strong></span> <span class='ocrx_word' id='word_1_614' title='bbox 2629 3927 2895 3992; x_wconf 88' lang='lat' dir='ltr'><strong>delirant,</strong></span> <span class='ocrx_word' id='word_1_615' title='bbox 2925 3928 3021 3998; x_wconf 92' lang='lat' dir='ltr'><strong>qui</strong></span> <span class='ocrx_word' id='word_1_616' title='bbox 3069 3937 3302 3999; x_wconf 90' lang='lat' dir='ltr'><strong>propter</strong></span> <span class='ocrx_word' id='word_1_617' title='bbox 3361 3930 3586 3985; x_wconf 90' lang='lat' dir='ltr'><strong>modum</strong></span> 
     </span>
    </p>
   </div>
   <div class='ocr_carea' id='block_1_81' title="bbox 2002 4017 3582 4088">
    <p class='ocr_par' dir='ltr' id='par_1_81' title="bbox 2002 4017 3582 4088">
     <span class='ocr_line' id='line_1_82' title="bbox 2002 4017 3582 4088; baseline 0.006 -20"><span class='ocrx_word' id='word_1_618' title='bbox 2002 4017 2375 4084; x_wconf 86' lang='lat' dir='ltr'><strong>generationis</strong></span> <span class='ocrx_word' id='word_1_619' title='bbox 2428 4028 2631 4088; x_wconf 85' lang='lat' dir='ltr'><strong>negant</strong></span> <span class='ocrx_word' id='word_1_620' title='bbox 2675 4035 2800 4074; x_wconf 87' lang='lat' dir='ltr'><strong>esse</strong></span> <span class='ocrx_word' id='word_1_621' title='bbox 2840 4020 3008 4075; x_wconf 89' lang='lat' dir='ltr'><strong>nobis</strong></span> <span class='ocrx_word' id='word_1_622' title='bbox 3059 4020 3582 4077; x_wconf 87' lang='lat' dir='ltr'><strong>consubstantiale:</strong></span> 
     </span>
    </p>
   </div>
   <div class='ocr_carea' id='block_1_82' title="bbox 2001 4107 3586 4168">
    <p class='ocr_par' dir='ltr' id='par_1_82' title="bbox 2001 4107 3586 4168">
     <span class='ocr_line' id='line_1_83' title="bbox 2001 4107 3586 4168; baseline 0.005 -8"><span class='ocrx_word' id='word_1_623' title='bbox 2001 4107 2196 4162; x_wconf 89' lang='lat' dir='ltr'><strong>eadem</strong></span> <span class='ocrx_word' id='word_1_624' title='bbox 2226 4109 2375 4163; x_wconf 90' lang='lat' dir='ltr'><strong>enim</strong></span> <span class='ocrx_word' id='word_1_625' title='bbox 2409 4110 2626 4165; x_wconf 89' lang='lat' dir='ltr'><strong>ratione</strong></span> <span class='ocrx_word' id='word_1_626' title='bbox 2653 4127 2755 4166; x_wconf 87' lang='lat' dir='ltr'><strong>nec</strong></span> <span class='ocrx_word' id='word_1_627' title='bbox 2799 4113 2911 4168; x_wconf 82' lang='lat' dir='ltr'><strong>Eva</strong></span> <span class='ocrx_word' id='word_1_628' title='bbox 2939 4114 3050 4168; x_wconf 83' lang='lat' dir='ltr'><strong>erit</strong></span> <span class='ocrx_word' id='word_1_629' title='bbox 3095 4114 3586 4168; x_wconf 89' lang='lat' dir='ltr'><strong>consubstantialis</strong></span> 
     </span>
    </p>
   </div>
   <div class='ocr_carea' id='block_1_83' title="bbox 2001 4200 3585 4273">
    <p class='ocr_par' dir='ltr' id='par_1_83' title="bbox 2001 4200 3585 4273">
     <span class='ocr_line' id='line_1_84' title="bbox 2001 4200 3585 4273; baseline 0.004 -22"><span class='ocrx_word' id='word_1_630' title='bbox 2001 4200 2144 4261; x_wconf 89' lang='lat' dir='ltr'><strong>viro,</strong></span> <span class='ocrx_word' id='word_1_631' title='bbox 2169 4209 2265 4256; x_wconf 92' lang='lat' dir='ltr'><strong>aut</strong></span> <span class='ocrx_word' id='word_1_632' title='bbox 2296 4202 2346 4254; x_wconf 90' lang='lat' dir='ltr'><strong>ei</strong></span> <span class='ocrx_word' id='word_1_633' title='bbox 2379 4202 2475 4270; x_wconf 93' lang='lat' dir='ltr'><strong>qui</strong></span> <span class='ocrx_word' id='word_1_634' title='bbox 2515 4219 2581 4256; x_wconf 83' lang='lat' dir='ltr'><strong>ex</strong></span> <span class='ocrx_word' id='word_1_635' title='bbox 2608 4212 2847 4273; x_wconf 90' lang='lat' dir='ltr'><strong>utroque</strong></span> <span class='ocrx_word' id='word_1_636' title='bbox 2882 4205 3046 4259; x_wconf 89' lang='lat' dir='ltr'><strong>simul</strong></span> <span class='ocrx_word' id='word_1_637' title='bbox 3081 4215 3245 4259; x_wconf 92' lang='lat' dir='ltr'><strong>natus</strong></span> <span class='ocrx_word' id='word_1_638' title='bbox 3265 4212 3386 4269; x_wconf 87' lang='lat' dir='ltr'><strong>est;</strong></span> <span class='ocrx_word' id='word_1_639' title='bbox 3420 4205 3585 4258; x_wconf 85' lang='lat' dir='ltr'><strong>ambo</strong></span> 
     </span>
    </p>
   </div>
   <div class='ocr_carea' id='block_1_84' title="bbox 2000 4292 3584 4366">
    <p class='ocr_par' dir='ltr' id='par_1_84' title="bbox 2000 4292 3584 4366">
     <span class='ocr_line' id='line_1_85' title="bbox 2000 4292 3584 4366; baseline 0.003 -22"><span class='ocrx_word' id='word_1_640' title='bbox 2000 4292 2148 4345; x_wconf 92' lang='lat' dir='ltr'><strong>enim</strong></span> <span class='ocrx_word' id='word_1_641' title='bbox 2177 4295 2334 4346; x_wconf 90' lang='lat' dir='ltr'><strong>vario</strong></span> <span class='ocrx_word' id='word_1_642' title='bbox 2359 4294 2526 4347; x_wconf 89' lang='lat' dir='ltr'><strong>modo</strong></span> <span class='ocrx_word' id='word_1_643' title='bbox 2553 4295 2895 4349; x_wconf 82' lang='lat' dir='ltr'><strong>exstiterunt</strong></span> <span class='ocrx_word' id='word_1_644' title='bbox 2923 4313 2938 4349; x_wconf 91' lang='lat'>:</span> <span class='ocrx_word' id='word_1_645' title='bbox 2965 4311 3070 4350; x_wconf 89' lang='lat' dir='ltr'><strong>nec</strong></span> <span class='ocrx_word' id='word_1_646' title='bbox 3095 4311 3221 4350; x_wconf 91' lang='lat' dir='ltr'><strong>cum</strong></span> <span class='ocrx_word' id='word_1_647' title='bbox 3247 4296 3452 4365; x_wconf 90' lang='lat' dir='ltr'><strong>alioqui</strong></span> <span class='ocrx_word' id='word_1_648' title='bbox 3486 4312 3584 4366; x_wconf 89' lang='lat' dir='ltr'><strong>po-</strong></span> 
     </span>
    </p>
   </div>
   <div class='ocr_carea' id='block_1_85' title="bbox 2001 4387 3582 4456">
    <p class='ocr_par' dir='ltr' id='par_1_85' title="bbox 2001 4387 3582 4456">
     <span class='ocr_line' id='line_1_86' title="bbox 2001 4387 3582 4456; baseline 0.001 -17"><span class='ocrx_word' id='word_1_649' title='bbox 2001 4387 2220 4449; x_wconf 88' lang='lat' dir='ltr'><strong>tuisset,</strong></span> <span class='ocrx_word' id='word_1_650' title='bbox 2253 4387 2540 4456; x_wconf 90' lang='lat' dir='ltr'><strong>proprium</strong></span> <span class='ocrx_word' id='word_1_651' title='bbox 2577 4402 2783 4456; x_wconf 87' lang='lat' dir='ltr'><strong>corpus</strong></span> <span class='ocrx_word' id='word_1_652' title='bbox 2828 4387 3054 4442; x_wconf 88' lang='lat' dir='ltr'><strong>aliunde</strong></span> <span class='ocrx_word' id='word_1_653' title='bbox 3101 4387 3280 4450; x_wconf 78' lang='lat' dir='ltr'><strong>(luxit,</strong></span> <span class='ocrx_word' id='word_1_654' title='bbox 3316 4399 3480 4454; x_wconf 90' lang='lat' dir='ltr'><strong>quam</strong></span> <span class='ocrx_word' id='word_1_655' title='bbox 3514 4400 3582 4440; x_wconf 81' lang='lat' dir='ltr'><strong>ex</strong></span> 
     </span>
    </p>
   </div>
   <div class='ocr_carea' id='block_1_86' title="bbox 2001 4479 3581 4550">
    <p class='ocr_par' dir='ltr' id='par_1_86' title="bbox 2001 4479 3581 4550">
     <span class='ocr_line' id='line_1_87' title="bbox 2001 4479 3581 4550; baseline -0.001 -18"><span class='ocrx_word' id='word_1_656' title='bbox 2001 4479 2234 4533; x_wconf 89' lang='lat' dir='ltr'><strong>materia</strong></span> <span class='ocrx_word' id='word_1_657' title='bbox 2289 4481 2496 4534; x_wconf 90' lang='lat' dir='ltr'><strong>nostris</strong></span> <span class='ocrx_word' id='word_1_658' title='bbox 2547 4480 2884 4549; x_wconf 89' lang='lat' dir='ltr'><strong>corporibus</strong></span> <span class='ocrx_word' id='word_1_659' title='bbox 2941 4480 3188 4550; x_wconf 89' lang='lat' dir='ltr'><strong>subjecta</strong></span> <span class='ocrx_word' id='word_1_660' title='bbox 3223 4497 3236 4532; x_wconf 91' lang='lat'><strong>:</strong></span> <span class='ocrx_word' id='word_1_661' title='bbox 3268 4479 3387 4534; x_wconf 84' lang='lat' dir='ltr'><strong>Non</strong></span> <span class='ocrx_word' id='word_1_662' title='bbox 3417 4480 3581 4544; x_wconf 84' lang='lat' dir='ltr'><strong>enim,</strong></span> 
     </span>
    </p>
   </div>
   <div class='ocr_carea' id='block_1_87' title="bbox 311 4526 3580 4642">
    <p class='ocr_par' dir='ltr' id='par_1_87' title="bbox 311 4526 3580 4642">
     <span class='ocr_line' id='line_1_88' title="bbox 311 4526 3580 4642; baseline 0.015 -64"><span class='ocrx_word' id='word_1_663' title='bbox 311 4526 562 4581; x_wconf 86' lang='lat' dir='ltr'><strong>tudinem</strong></span> <span class='ocrx_word' id='word_1_664' title='bbox 591 4527 999 4586; x_wconf 88' lang='lat' dir='ltr'><strong>inumbratione</strong></span> <span class='ocrx_word' id='word_1_665' title='bbox 1030 4542 1238 4605; x_wconf 88' lang='lat' dir='ltr'><strong>tegens.</strong></span> <span class='ocrx_word' id='word_1_666' title='bbox 1265 4537 1568 4608; x_wconf 86' lang='lat' dir='ltr'><strong>Oportebat</strong></span> <span class='ocrx_word' id='word_1_667' title='bbox 1589 4545 1735 4599; x_wconf 91' lang='lat' dir='ltr'><strong>enim</strong></span> <span class='ocrx_word' id='word_1_668' title='bbox 1765 4564 1890 4603; x_wconf 88' lang='lat' dir='ltr'><strong>eum</strong></span> <span class='ocrx_word' id='word_1_669' title='bbox 1927 4537 1967 4592; x_wconf 77' lang='grc' dir='ltr'><strong>θ</strong></span> <span class='ocrx_word' id='word_1_670' title='bbox 2261 4526 2608 4640; x_wconf 43' lang='grc' dir='ltr'><strong>α-ῥῆξιιξηάξε</strong></span> <span class='ocrx_word' id='word_1_671' title='bbox 2650 4526 2898 4642; x_wconf 57' lang='grc' dir='ltr'><strong>Ζηθοιοε,</strong></span> <span class='ocrx_word' id='word_1_672' title='bbox 2947 4526 3061 4626; x_wconf 70' lang='lat' dir='ltr'><strong>necJ</strong></span> <span class='ocrx_word' id='word_1_673' title='bbox 3087 4572 3251 4624; x_wconf 88' lang='lat' dir='ltr'><strong>aliam</strong></span> <span class='ocrx_word' id='word_1_674' title='bbox 3295 4569 3580 4624; x_wconf 67' lang='lat' dir='ltr'><strong>caelestem</strong></span> 
     </span>
    </p>
   </div>
   <div class='ocr_carea' id='block_1_88' title="bbox 306 4620 1889 4700">
    <p class='ocr_par' dir='ltr' id='par_1_88' title="bbox 306 4620 1889 4700">
     <span class='ocr_line' id='line_1_89' title="bbox 306 4620 1889 4700; baseline 0.015 -27"><span class='ocrx_word' id='word_1_675' title='bbox 306 4620 398 4688; x_wconf 86' lang='lat' dir='ltr'><strong>qui</strong></span> <span class='ocrx_word' id='word_1_676' title='bbox 431 4631 559 4675; x_wconf 87' lang='lat' dir='ltr'><strong>erat</strong></span> <span class='ocrx_word' id='word_1_677' title='bbox 588 4620 1020 4691; x_wconf 86' lang='lat' dir='ltr'><strong>inaspectabilis,</strong></span> <span class='ocrx_word' id='word_1_678' title='bbox 1051 4629 1139 4682; x_wconf 94' lang='lat' dir='ltr'><strong>cui</strong></span> <span class='ocrx_word' id='word_1_679' title='bbox 1168 4634 1513 4700; x_wconf 88' lang='lat' dir='ltr'><strong>propositum</strong></span> <span class='ocrx_word' id='word_1_680' title='bbox 1544 4647 1667 4692; x_wconf 92' lang='lat' dir='ltr'><strong>erat</strong></span> <span class='ocrx_word' id='word_1_681' title='bbox 1694 4641 1889 4696; x_wconf 90' lang='lat' dir='ltr'><strong>venire</strong></span> 
     </span>
    </p>
   </div>
   <div class='ocr_carea' id='block_1_89' title="bbox 306 4713 1887 4799">
    <p class='ocr_par' dir='ltr' id='par_1_89' title="bbox 306 4713 1887 4799">
     <span class='ocr_line' id='line_1_90' title="bbox 306 4713 1887 4799; baseline 0.015 -33"><span class='ocrx_word' id='word_1_682' title='bbox 306 4713 371 4767; x_wconf 87' lang='lat' dir='ltr'><strong>ad</strong></span> <span class='ocrx_word' id='word_1_683' title='bbox 402 4729 502 4769; x_wconf 90' lang='lat' dir='ltr'><strong>eos</strong></span> <span class='ocrx_word' id='word_1_684' title='bbox 541 4714 636 4783; x_wconf 89' lang='lat' dir='ltr'><strong>qui</strong></span> <span class='ocrx_word' id='word_1_685' title='bbox 665 4717 972 4772; x_wconf 84' lang='lat' dir='ltr'><strong>secundum</strong></span> <span class='ocrx_word' id='word_1_686' title='bbox 1008 4737 1232 4778; x_wconf 90' lang='lat' dir='ltr'><strong>sensum</strong></span> <span class='ocrx_word' id='word_1_687' title='bbox 1265 4725 1546 4793; x_wconf 85' lang='lat' dir='ltr'><strong>vivebant,</strong></span> <span class='ocrx_word' id='word_1_688' title='bbox 1574 4734 1887 4799; x_wconf 81' lang='lat' dir='ltr'><strong>aspectabi—</strong></span> 
     </span>
    </p>
   </div>
   <div class='ocr_carea' id='block_1_90' title="bbox 306 4804 1887 4879">
    <p class='ocr_par' dir='ltr' id='par_1_90' title="bbox 306 4804 1887 4879">
     <span class='ocr_line' id='line_1_91' title="bbox 306 4804 1887 4879; baseline 0.013 -21"><span class='ocrx_word' id='word_1_689' title='bbox 306 4804 410 4858; x_wconf 90' lang='lat' dir='ltr'><strong>lem</strong></span> <span class='ocrx_word' id='word_1_690' title='bbox 442 4806 530 4857; x_wconf 84' lang='lat' dir='ltr'><strong>eis</strong></span> <span class='ocrx_word' id='word_1_691' title='bbox 556 4805 676 4860; x_wconf 85' lang='lat' dir='ltr'><strong>fieri</strong></span> <span class='ocrx_word' id='word_1_692' title='bbox 708 4817 765 4862; x_wconf 92' lang='lat' dir='ltr'><strong>et</strong></span> <span class='ocrx_word' id='word_1_693' title='bbox 786 4809 1046 4865; x_wconf 88' lang='lat' dir='ltr'><strong>similem.</strong></span> <span class='ocrx_word' id='word_1_694' title='bbox 1069 4811 1437 4879; x_wconf 88' lang='lat' dir='ltr'><strong>Quamobrem</strong></span> <span class='ocrx_word' id='word_1_695' title='bbox 1461 4819 1887 4879; x_wconf 88' lang='lat' dir='ltr'><strong>instrumentum</strong></span> 
     </span>
    </p>
   </div>
   <div class='ocr_carea' id='block_1_91' title="bbox 306 4897 1889 4979">
    <p class='ocr_par' dir='ltr' id='par_1_91' title="bbox 306 4897 1889 4979">
     <span class='ocr_line' id='line_1_92' title="bbox 306 4897 1889 4979; baseline 0.013 -29"><span class='ocrx_word' id='word_1_696' title='bbox 306 4897 408 4952; x_wconf 89' lang='lat' dir='ltr'><strong>hoc</strong></span> <span class='ocrx_word' id='word_1_697' title='bbox 423 4898 681 4952; x_wconf 90' lang='lat' dir='ltr'><strong>divinum</strong></span> <span class='ocrx_word' id='word_1_698' title='bbox 706 4900 810 4956; x_wconf 92' lang='lat' dir='ltr'><strong>sibi</strong></span> <span class='ocrx_word' id='word_1_699' title='bbox 832 4901 1108 4968; x_wconf 80' lang='lat' dir='ltr'><strong>formavit,</strong></span> <span class='ocrx_word' id='word_1_700' title='bbox 1134 4917 1193 4959; x_wconf 90' lang='lat' dir='ltr'><strong>ut</strong></span> <span class='ocrx_word' id='word_1_701' title='bbox 1212 4924 1309 4978; x_wconf 92' lang='lat' dir='ltr'><strong>per</strong></span> <span class='ocrx_word' id='word_1_702' title='bbox 1334 4910 1511 4979; x_wconf 90' lang='lat' dir='ltr'><strong>ipsum</strong></span> <span class='ocrx_word' id='word_1_703' title='bbox 1532 4912 1685 4968; x_wconf 88' lang='lat' dir='ltr'><strong>lierct</strong></span> <span class='ocrx_word' id='word_1_704' title='bbox 1703 4916 1889 4971; x_wconf 89' lang='lat' dir='ltr'><strong>visibi-</strong></span> 
     </span>
    </p>
   </div>
   <div class='ocr_carea' id='block_1_92' title="bbox 304 4989 1890 5064">
    <p class='ocr_par' dir='ltr' id='par_1_92' title="bbox 304 4989 1890 5064">
     <span class='ocr_line' id='line_1_93' title="bbox 304 4989 1890 5064; baseline 0.013 -21"><span class='ocrx_word' id='word_1_705' title='bbox 304 4989 368 5044; x_wconf 84' lang='lat' dir='ltr'><strong>lis</strong></span> <span class='ocrx_word' id='word_1_706' title='bbox 393 5009 406 5056; x_wconf 92' lang='lat'><strong>;</strong></span> <span class='ocrx_word' id='word_1_707' title='bbox 435 4999 496 5044; x_wconf 90' lang='lat' dir='ltr'><strong>et</strong></span> <span class='ocrx_word' id='word_1_708' title='bbox 517 4992 664 5060; x_wconf 87' lang='lat' dir='ltr'><strong>quod</strong></span> <span class='ocrx_word' id='word_1_709' title='bbox 705 5001 905 5049; x_wconf 74' lang='lat' dir='ltr'><strong>nostra:</strong></span> <span class='ocrx_word' id='word_1_710' title='bbox 950 5006 1157 5050; x_wconf 71' lang='lat' dir='ltr'><strong>natura:</strong></span> <span class='ocrx_word' id='word_1_711' title='bbox 1207 4999 1410 5056; x_wconf 74' lang='lat' dir='ltr'><strong>divina:</strong></span> <span class='ocrx_word' id='word_1_712' title='bbox 1439 5013 1559 5059; x_wconf 89' lang='lat' dir='ltr'><strong>erat</strong></span> <span class='ocrx_word' id='word_1_713' title='bbox 1593 5014 1649 5059; x_wconf 92' lang='grc' dir='ltr'><strong>ει</strong></span> <span class='ocrx_word' id='word_1_714' title='bbox 1681 5017 1890 5064; x_wconf 78' lang='lat' dir='ltr'><strong>natura:</strong></span> 
     </span>
    </p>
   </div>
   <div class='ocr_carea' id='block_1_93' title="bbox 304 5083 1888 5159">
    <p class='ocr_par' dir='ltr' id='par_1_93' title="bbox 304 5083 1888 5159">
     <span class='ocr_line' id='line_1_94' title="bbox 304 5083 1888 5159; baseline 0.016 -25"><span class='ocrx_word' id='word_1_715' title='bbox 304 5084 520 5138; x_wconf 87' lang='lat' dir='ltr'><strong>unitum</strong></span> <span class='ocrx_word' id='word_1_716' title='bbox 542 5083 747 5139; x_wconf 88' lang='lat' dir='ltr'><strong>divinis</strong></span> <span class='ocrx_word' id='word_1_717' title='bbox 768 5087 1080 5143; x_wconf 87' lang='lat' dir='ltr'><strong>actionibus</strong></span> <span class='ocrx_word' id='word_1_718' title='bbox 1096 5091 1460 5148; x_wconf 80' lang='lat' dir='ltr'><strong>ministraret:</strong></span> <span class='ocrx_word' id='word_1_719' title='bbox 1478 5107 1539 5152; x_wconf 93' lang='lat' dir='ltr'><strong>ut</strong></span> <span class='ocrx_word' id='word_1_720' title='bbox 1554 5098 1657 5154; x_wconf 86' lang='lat' dir='ltr'><strong>hac</strong></span> <span class='ocrx_word' id='word_1_721' title='bbox 1677 5102 1888 5159; x_wconf 84' lang='lat' dir='ltr'><strong>ratione</strong></span> 
     </span>
    </p>
   </div>
   <div class='ocr_carea' id='block_1_94' title="bbox 302 5175 1888 5256">
    <p class='ocr_par' dir='ltr' id='par_1_94' title="bbox 302 5175 1888 5256">
     <span class='ocr_line' id='line_1_95' title="bbox 302 5175 1888 5256; baseline 0.015 -33"><span class='ocrx_word' id='word_1_722' title='bbox 302 5175 560 5228; x_wconf 86' lang='lat' dir='ltr'><strong>nnmibus</strong></span> <span class='ocrx_word' id='word_1_723' title='bbox 605 5175 698 5243; x_wconf 91' lang='lat' dir='ltr'><strong>qui</strong></span> <span class='ocrx_word' id='word_1_724' title='bbox 734 5176 1168 5247; x_wconf 83' lang='lat' dir='ltr'><strong>redemptionem</strong></span> <span class='ocrx_word' id='word_1_725' title='bbox 1205 5184 1326 5253; x_wconf 86' lang='lat' dir='ltr'><strong>ejus</strong></span> <span class='ocrx_word' id='word_1_726' title='bbox 1357 5189 1772 5256; x_wconf 82' lang='lat' dir='ltr'><strong>exspectabant,</strong></span> <span class='ocrx_word' id='word_1_727' title='bbox 1803 5192 1888 5246; x_wconf 80' lang='lat' dir='ltr'><strong>di-</strong></span> 
     </span>
    </p>
   </div>
   <div class='ocr_carea' id='block_1_95' title="bbox 302 5264 1879 5342">
    <p class='ocr_par' dir='ltr' id='par_1_95' title="bbox 302 5264 1879 5342">
     <span class='ocr_line' id='line_1_96' title="bbox 302 5264 1879 5342; baseline 0.013 -25"><span class='ocrx_word' id='word_1_728' title='bbox 302 5272 452 5318; x_wconf 86' lang='lat' dir='ltr'><strong>ceret</strong></span> <span class='ocrx_word' id='word_1_729' title='bbox 489 5283 502 5317; x_wconf 91' lang='lat'>:</span> <span class='ocrx_word' id='word_1_730' title='bbox 555 5264 678 5335; x_wconf 78' lang='lat' dir='ltr'><strong>Ipse</strong></span> <span class='ocrx_word' id='word_1_731' title='bbox 710 5268 800 5336; x_wconf 78' lang='lat' dir='ltr'><strong>qui</strong></span> <span class='ocrx_word' id='word_1_732' title='bbox 853 5267 1135 5338; x_wconf 82' lang='lat' dir='ltr'><strong>loquebar,</strong></span> <span class='ocrx_word' id='word_1_733' title='bbox 1168 5273 1467 5342; x_wconf 78' lang='lat' dir='ltr'><strong>adsunt“;</strong></span> <span class='ocrx_word' id='word_1_734' title='bbox 1523 5279 1678 5334; x_wconf 85' lang='lat' dir='ltr'><strong>adest</strong></span> <span class='ocrx_word' id='word_1_735' title='bbox 1731 5283 1879 5337; x_wconf 91' lang='lat' dir='ltr'><strong>enim</strong></span> 
     </span>
    </p>
   </div>
   <div class='ocr_carea' id='block_1_96' title="bbox 303 5357 1878 5440">
    <p class='ocr_par' dir='ltr' id='par_1_96' title="bbox 303 5357 1878 5440">
     <span class='ocr_line' id='line_1_97' title="bbox 303 5357 1878 5440; baseline 0.013 -32"><span class='ocrx_word' id='word_1_736' title='bbox 303 5373 425 5413; x_wconf 88' lang='lat' dir='ltr'><strong>vere</strong></span> <span class='ocrx_word' id='word_1_737' title='bbox 471 5357 714 5413; x_wconf 87' lang='lat' dir='ltr'><strong>Verbum</strong></span> <span class='ocrx_word' id='word_1_738' title='bbox 753 5377 768 5425; x_wconf 94' lang='lat'><strong>;</strong></span> <span class='ocrx_word' id='word_1_739' title='bbox 796 5370 852 5415; x_wconf 93' lang='lat' dir='ltr'><strong>et</strong></span> <span class='ocrx_word' id='word_1_740' title='bbox 877 5364 1130 5431; x_wconf 87' lang='lat' dir='ltr'><strong>quamvis</strong></span> <span class='ocrx_word' id='word_1_741' title='bbox 1161 5366 1339 5419; x_wconf 89' lang='lat' dir='ltr'><strong>solum</strong></span> <span class='ocrx_word' id='word_1_742' title='bbox 1375 5383 1578 5438; x_wconf 89' lang='lat' dir='ltr'><strong>corpus</strong></span> <span class='ocrx_word' id='word_1_743' title='bbox 1609 5373 1878 5440; x_wconf 88' lang='lat' dir='ltr'><strong>cernitur,</strong></span> 
     </span>
    </p>
   </div>
   <div class='ocr_carea' id='block_1_97' title="bbox 301 5452 1881 5524">
    <p class='ocr_par' dir='ltr' id='par_1_97' title="bbox 301 5452 1881 5524">
     <span class='ocr_line' id='line_1_98' title="bbox 301 5452 1881 5524; baseline 0.011 -18"><span class='ocrx_word' id='word_1_744' title='bbox 301 5452 442 5508; x_wconf 82' lang='lat' dir='ltr'><strong>Deus</strong></span> <span class='ocrx_word' id='word_1_745' title='bbox 463 5468 634 5508; x_wconf 86' lang='lat' dir='ltr'><strong>verus</strong></span> <span class='ocrx_word' id='word_1_746' title='bbox 653 5463 758 5517; x_wconf 87' lang='lat' dir='ltr'><strong>est.</strong></span> <span class='ocrx_word' id='word_1_747' title='bbox 785 5463 842 5508; x_wconf 85' lang='lat' dir='ltr'><strong>et</strong></span> <span class='ocrx_word' id='word_1_748' title='bbox 865 5456 1160 5513; x_wconf 89' lang='lat' dir='ltr'><strong>humanam</strong></span> <span class='ocrx_word' id='word_1_749' title='bbox 1194 5460 1428 5516; x_wconf 90' lang='lat' dir='ltr'><strong>formam</strong></span> <span class='ocrx_word' id='word_1_750' title='bbox 1459 5466 1637 5520; x_wconf 90' lang='lat' dir='ltr'><strong>oculis</strong></span> <span class='ocrx_word' id='word_1_751' title='bbox 1673 5470 1881 5524; x_wconf 89' lang='lat' dir='ltr'><strong>nostris</strong></span> 
     </span>
    </p>
   </div>
   <div class='ocr_carea' id='block_1_98' title="bbox 301 5545 1878 5628">
    <p class='ocr_par' dir='ltr' id='par_1_98' title="bbox 301 5545 1878 5628">
     <span class='ocr_line' id='line_1_99' title="bbox 301 5545 1878 5628; baseline 0.011 -32"><span class='ocrx_word' id='word_1_752' title='bbox 301 5545 551 5614; x_wconf 88' lang='lat' dir='ltr'><strong>subjicit;</strong></span> <span class='ocrx_word' id='word_1_753' title='bbox 578 5552 638 5599; x_wconf 90' lang='lat' dir='ltr'><strong>et</strong></span> <span class='ocrx_word' id='word_1_754' title='bbox 663 5557 790 5601; x_wconf 90' lang='lat' dir='ltr'><strong>ante</strong></span> <span class='ocrx_word' id='word_1_755' title='bbox 817 5550 1014 5603; x_wconf 64' lang='lat' dir='ltr'><strong>saecula</strong></span> <span class='ocrx_word' id='word_1_756' title='bbox 1034 5560 1139 5617; x_wconf 87' lang='lat' dir='ltr'><strong>est,</strong></span> <span class='ocrx_word' id='word_1_757' title='bbox 1161 5552 1288 5607; x_wconf 90' lang='lat' dir='ltr'><strong>licet</strong></span> <span class='ocrx_word' id='word_1_758' title='bbox 1315 5563 1471 5609; x_wconf 90' lang='lat' dir='ltr'><strong>ortus</strong></span> <span class='ocrx_word' id='word_1_759' title='bbox 1492 5559 1612 5627; x_wconf 89' lang='lat' dir='ltr'><strong>ejus</strong></span> <span class='ocrx_word' id='word_1_760' title='bbox 1634 5566 1878 5628; x_wconf 88' lang='lat' dir='ltr'><strong>tempore</strong></span> 
     </span>
    </p>
   </div>
   <div class='ocr_carea' id='block_1_99' title="bbox 300 5632 1872 5710">
    <p class='ocr_par' dir='ltr' id='par_1_99' title="bbox 300 5632 1872 5710">
     <span class='ocr_line' id='line_1_100' title="bbox 300 5632 1872 5710; baseline 0.011 -24"><span class='ocrx_word' id='word_1_761' title='bbox 300 5632 472 5688; x_wconf 77' lang='lat' dir='ltr'><strong>factus</strong></span> <span class='ocrx_word' id='word_1_762' title='bbox 515 5633 858 5691; x_wconf 81' lang='lat' dir='ltr'><strong>describitur</strong></span> <span class='ocrx_word' id='word_1_763' title='bbox 885 5654 954 5694; x_wconf 77' lang='lat' dir='ltr'><strong>ex</strong></span> <span class='ocrx_word' id='word_1_764' title='bbox 999 5656 1200 5710; x_wconf 86' lang='lat' dir='ltr'><strong>genere</strong></span> <span class='ocrx_word' id='word_1_765' title='bbox 1243 5643 1519 5700; x_wconf 81' lang='lat' dir='ltr'><strong>Abraham</strong></span> <span class='ocrx_word' id='word_1_766' title='bbox 1555 5654 1611 5702; x_wconf 88' lang='grc' dir='ltr'><strong>ει</strong></span> <span class='ocrx_word' id='word_1_767' title='bbox 1657 5647 1872 5704; x_wconf 83' lang='lat' dir='ltr'><strong>David:</strong></span> 
     </span>
    </p>
   </div>
   <div class='ocr_carea' id='block_1_100' title="bbox 913 5814 1226 5870">
    <p class='ocr_par' dir='ltr' id='par_1_100' title="bbox 913 5814 1226 5870">
     <span class='ocr_line' id='line_1_101' title="bbox 913 5814 1226 5870; baseline 0.006 -2"><span class='ocrx_word' id='word_1_768' title='bbox 913 5814 1114 5868; x_wconf 83' lang='lat' dir='ltr'><strong>&quot;ibid.</strong></span> <span class='ocrx_word' id='word_1_769' title='bbox 1151 5816 1226 5870; x_wconf 80' lang='lat' dir='ltr'><strong>li.</strong></span> 
     </span>
    </p>
   </div>
   <div class='ocr_carea' id='block_1_101' title="bbox 363 5807 1714 5888">
    <p class='ocr_par' dir='ltr' id='par_1_101' title="bbox 363 5807 1714 5888">
     <span class='ocr_line' id='line_1_102' title="bbox 363 5807 1714 5888; baseline 0.011 -27"><span class='ocrx_word' id='word_1_770' title='bbox 363 5807 402 5837; x_wconf 87' lang='lat'><strong>&quot;</strong></span> <span class='ocrx_word' id='word_1_771' title='bbox 434 5807 591 5865; x_wconf 75' lang='lat' dir='ltr'><strong>.loan.</strong></span> <span class='ocrx_word' id='word_1_772' title='bbox 625 5809 666 5879; x_wconf 83' lang='lat' dir='ltr'><strong>l,</strong></span> <span class='ocrx_word' id='word_1_773' title='bbox 702 5827 737 5866; x_wconf 83' lang='grc' dir='ltr'>ι.</span> <span class='ocrx_word' id='word_1_774' title='bbox 769 5811 820 5865; x_wconf 77' lang='grc'><strong>’5.</strong></span> <span class='ocrx_word' id='word_1_775' title='bbox 913 5814 1114 5868; x_wconf 82' lang='lat' dir='ltr'><strong>&quot;ibid.</strong></span> <span class='ocrx_word' id='word_1_776' title='bbox 1151 5816 1226 5870; x_wconf 81' lang='lat' dir='ltr'><strong>li.</strong></span> <span class='ocrx_word' id='word_1_777' title='bbox 1313 5818 1350 5846; x_wconf 71' lang='lat'><strong>&quot;“</strong></span> <span class='ocrx_word' id='word_1_778' title='bbox 1407 5819 1483 5874; x_wconf 61' lang='lat' dir='ltr'><strong>lsa</strong></span> <span class='ocrx_word' id='word_1_779' title='bbox 1547 5836 1637 5888; x_wconf 83' lang='lat' dir='ltr'><strong>Lit,</strong></span> <span class='ocrx_word' id='word_1_780' title='bbox 1663 5825 1714 5876; x_wconf 70' lang='lat' dir='ltr'><strong>ti.</strong></span> 
     </span>
    </p>
   </div>
   <div class='ocr_carea' id='block_1_102' title="bbox 1794 5826 2286 5893">
    <p class='ocr_par' dir='ltr' id='par_1_102' title="bbox 1794 5826 2286 5893">
     <span class='ocr_line' id='line_1_103' title="bbox 1794 5826 2286 5893; baseline 0.006 -15"><span class='ocrx_word' id='word_1_781' title='bbox 1794 5826 1830 5853; x_wconf 83' lang='lat'><strong>&quot;‘</strong></span> <span class='ocrx_word' id='word_1_782' title='bbox 1871 5827 1886 5879; x_wconf 95' lang='lat' dir='ltr'><strong>l</strong></span> <span class='ocrx_word' id='word_1_783' title='bbox 1924 5828 2052 5882; x_wconf 73' lang='lat' dir='ltr'><strong>(lor.</strong></span> <span class='ocrx_word' id='word_1_784' title='bbox 2078 5846 2167 5893; x_wconf 81' lang='grc' dir='ltr'>ιιι,</span> <span class='ocrx_word' id='word_1_785' title='bbox 2199 5831 2286 5884; x_wconf 68' lang='grc' dir='ltr'><strong>δι.</strong></span> 
     </span>
    </p>
   </div>
   <div class='ocr_carea' id='block_1_103' title="bbox 1995 4660 3582 4730">
    <p class='ocr_par' dir='ltr' id='par_1_103' title="bbox 1995 4660 3582 4730">
     <span class='ocr_line' id='line_1_104' title="bbox 1995 4660 3582 4730; baseline -0.001 -14"><span class='ocrx_word' id='word_1_786' title='bbox 1995 4663 2286 4728; x_wconf 86' lang='lat' dir='ltr'><strong>virtutem,</strong></span> <span class='ocrx_word' id='word_1_787' title='bbox 2305 4663 2396 4716; x_wconf 76' lang='lat' dir='ltr'><strong>sed</strong></span> <span class='ocrx_word' id='word_1_788' title='bbox 2414 4679 2595 4716; x_wconf 77' lang='lat' dir='ltr'><strong>semen</strong></span> <span class='ocrx_word' id='word_1_789' title='bbox 2617 4664 2844 4717; x_wconf 71' lang='lat' dir='ltr'><strong>Abi-aha:</strong></span> <span class='ocrx_word' id='word_1_790' title='bbox 2866 4663 2933 4727; x_wconf 82' lang='lat'><strong>&quot;,</strong></span> <span class='ocrx_word' id='word_1_791' title='bbox 2956 4663 3045 4717; x_wconf 89' lang='grc' dir='ltr'>ειιί</span> <span class='ocrx_word' id='word_1_792' title='bbox 3067 4662 3208 4716; x_wconf 91' lang='lat' dir='ltr'><strong>facta</strong></span> <span class='ocrx_word' id='word_1_793' title='bbox 3243 4660 3425 4716; x_wconf 90' lang='lat' dir='ltr'><strong>fuerat</strong></span> <span class='ocrx_word' id='word_1_794' title='bbox 3450 4677 3582 4730; x_wconf 84' lang='lat' dir='ltr'><strong>pro-</strong></span> 
     </span>
    </p>
   </div>
   <div class='ocr_carea' id='block_1_104' title="bbox 1995 4753 3577 4824">
    <p class='ocr_par' dir='ltr' id='par_1_104' title="bbox 1995 4753 3577 4824">
     <span class='ocr_line' id='line_1_105' title="bbox 1995 4753 3577 4824; baseline -0.001 -18"><span class='ocrx_word' id='word_1_795' title='bbox 1995 4754 2208 4807; x_wconf 86' lang='lat' dir='ltr'><strong>missio.</strong></span> <span class='ocrx_word' id='word_1_796' title='bbox 2243 4753 2531 4818; x_wconf 83' lang='lat' dir='ltr'><strong>Quomodo</strong></span> <span class='ocrx_word' id='word_1_797' title='bbox 2566 4755 2734 4824; x_wconf 86' lang='lat' dir='ltr'><strong>igitur</strong></span> <span class='ocrx_word' id='word_1_798' title='bbox 2768 4755 2924 4807; x_wconf 87' lang='lat' dir='ltr'><strong>aiunt</strong></span> <span class='ocrx_word' id='word_1_799' title='bbox 2951 4753 3197 4822; x_wconf 90' lang='lat' dir='ltr'><strong>quidam,</strong></span> <span class='ocrx_word' id='word_1_800' title='bbox 3230 4768 3434 4821; x_wconf 89' lang='lat' dir='ltr'><strong>corpus</strong></span> <span class='ocrx_word' id='word_1_801' title='bbox 3461 4763 3577 4806; x_wconf 85' lang='lat' dir='ltr'><strong>ter-</strong></span> 
     </span>
    </p>
   </div>
   <div class='ocr_carea' id='block_1_105' title="bbox 1994 4841 3578 4911">
    <p class='ocr_par' dir='ltr' id='par_1_105' title="bbox 1994 4841 3578 4911">
     <span class='ocr_line' id='line_1_106' title="bbox 1994 4841 3578 4911; baseline -0.001 -15"><span class='ocrx_word' id='word_1_802' title='bbox 1994 4858 2191 4897; x_wconf 88' lang='lat' dir='ltr'><strong>renum</strong></span> <span class='ocrx_word' id='word_1_803' title='bbox 2219 4851 2278 4896; x_wconf 92' lang='grc' dir='ltr'><strong>ει</strong></span> <span class='ocrx_word' id='word_1_804' title='bbox 2315 4843 2372 4896; x_wconf 90' lang='lat' dir='ltr'><strong>in</strong></span> <span class='ocrx_word' id='word_1_805' title='bbox 2405 4851 2554 4896; x_wconf 90' lang='lat' dir='ltr'><strong>terra</strong></span> <span class='ocrx_word' id='word_1_806' title='bbox 2588 4853 2779 4898; x_wconf 89' lang='lat' dir='ltr'><strong>natum</strong></span> <span class='ocrx_word' id='word_1_807' title='bbox 2824 4844 3052 4898; x_wconf 74' lang='lat' dir='ltr'><strong>caeleste</strong></span> <span class='ocrx_word' id='word_1_808' title='bbox 3080 4843 3271 4905; x_wconf 86' lang='lat' dir='ltr'><strong>fuisse,</strong></span> <span class='ocrx_word' id='word_1_809' title='bbox 3299 4841 3578 4911; x_wconf 87' lang='lat' dir='ltr'><strong>siquidem</strong></span> 
     </span>
    </p>
   </div>
   <div class='ocr_carea' id='block_1_106' title="bbox 1994 4932 3578 5003">
    <p class='ocr_par' dir='ltr' id='par_1_106' title="bbox 1994 4932 3578 5003">
     <span class='ocr_line' id='line_1_107' title="bbox 1994 4932 3578 5003; baseline 0 -17"><span class='ocrx_word' id='word_1_810' title='bbox 1994 4932 2314 5003; x_wconf 89' lang='lat' dir='ltr'><strong>hujusmodi</strong></span> <span class='ocrx_word' id='word_1_811' title='bbox 2344 4935 2575 4988; x_wconf 85' lang='lat' dir='ltr'><strong>materia</strong></span> <span class='ocrx_word' id='word_1_812' title='bbox 2596 4951 2705 4989; x_wconf 90' lang='lat' dir='ltr'><strong>non</strong></span> <span class='ocrx_word' id='word_1_813' title='bbox 2726 4944 2813 4989; x_wconf 90' lang='lat' dir='ltr'><strong>est</strong></span> <span class='ocrx_word' id='word_1_814' title='bbox 2837 4935 2893 4989; x_wconf 91' lang='lat' dir='ltr'><strong>in</strong></span> <span class='ocrx_word' id='word_1_815' title='bbox 2925 4935 3038 4988; x_wconf 92' lang='lat' dir='ltr'><strong>illis</strong></span> <span class='ocrx_word' id='word_1_816' title='bbox 3058 4935 3195 4988; x_wconf 91' lang='lat' dir='ltr'><strong>locis</strong></span> <span class='ocrx_word' id='word_1_817' title='bbox 3214 4933 3538 4989; x_wconf 74' lang='lat' dir='ltr'><strong>cmlestibus</strong></span> <span class='ocrx_word' id='word_1_818' title='bbox 3553 4935 3578 4986; x_wconf 86' lang='lat'><strong>?</strong></span> 
     </span>
    </p>
   </div>
   <div class='ocr_carea' id='block_1_107' title="bbox 1999 5025 3570 5098">
    <p class='ocr_par' dir='ltr' id='par_1_107' title="bbox 1999 5025 3570 5098">
     <span class='ocr_line' id='line_1_108' title="bbox 1999 5025 3570 5098; baseline 0.003 -20"><span class='ocrx_word' id='word_1_819' title='bbox 1999 5025 2144 5095; x_wconf 87' lang='lat' dir='ltr'><strong>Ergo</strong></span> <span class='ocrx_word' id='word_1_820' title='bbox 2174 5041 2278 5081; x_wconf 90' lang='lat' dir='ltr'><strong>nec</strong></span> <span class='ocrx_word' id='word_1_821' title='bbox 2319 5043 2384 5080; x_wconf 79' lang='lat' dir='ltr'><strong>ex</strong></span> <span class='ocrx_word' id='word_1_822' title='bbox 2443 5037 2639 5082; x_wconf 89' lang='lat' dir='ltr'><strong>natura</strong></span> <span class='ocrx_word' id='word_1_823' title='bbox 2694 5029 2915 5098; x_wconf 91' lang='lat' dir='ltr'><strong>propria</strong></span> <span class='ocrx_word' id='word_1_824' title='bbox 2956 5028 3310 5092; x_wconf 89' lang='lat' dir='ltr'><strong>immutabili,</strong></span> <span class='ocrx_word' id='word_1_825' title='bbox 3357 5043 3462 5082; x_wconf 88' lang='lat' dir='ltr'><strong>nec</strong></span> <span class='ocrx_word' id='word_1_826' title='bbox 3505 5043 3570 5082; x_wconf 80' lang='lat' dir='ltr'><strong>ex</strong></span> 
     </span>
    </p>
   </div>
   <div class='ocr_carea' id='block_1_108' title="bbox 1997 5117 3570 5187">
    <p class='ocr_par' dir='ltr' id='par_1_108' title="bbox 1997 5117 3570 5187">
     <span class='ocr_line' id='line_1_109' title="bbox 1997 5117 3570 5187; baseline 0.001 -18"><span class='ocrx_word' id='word_1_827' title='bbox 1997 5117 2104 5170; x_wconf 84' lang='lat' dir='ltr'><strong>ulla</strong></span> <span class='ocrx_word' id='word_1_828' title='bbox 2139 5117 2268 5176; x_wconf 83' lang='lat' dir='ltr'><strong>alia,</strong></span> <span class='ocrx_word' id='word_1_829' title='bbox 2324 5117 2432 5170; x_wconf 87' lang='lat' dir='ltr'><strong>nisi</strong></span> <span class='ocrx_word' id='word_1_830' title='bbox 2478 5133 2545 5171; x_wconf 81' lang='lat' dir='ltr'><strong>ex</strong></span> <span class='ocrx_word' id='word_1_831' title='bbox 2579 5134 2688 5187; x_wconf 85' lang='lat' dir='ltr'><strong>qua</strong></span> <span class='ocrx_word' id='word_1_832' title='bbox 2718 5118 2926 5172; x_wconf 89' lang='lat' dir='ltr'><strong>dictum</strong></span> <span class='ocrx_word' id='word_1_833' title='bbox 2967 5127 3086 5182; x_wconf 89' lang='lat' dir='ltr'><strong>est,</strong></span> <span class='ocrx_word' id='word_1_834' title='bbox 3131 5118 3424 5172; x_wconf 88' lang='lat' dir='ltr'><strong>fabricavit</strong></span> <span class='ocrx_word' id='word_1_835' title='bbox 3459 5118 3570 5172; x_wconf 83' lang='lat' dir='ltr'><strong>sibi</strong></span> 
     </span>
    </p>
   </div>
   <div class='ocr_carea' id='block_1_109' title="bbox 1990 5209 3568 5276">
    <p class='ocr_par' dir='ltr' id='par_1_109' title="bbox 1990 5209 3568 5276">
     <span class='ocr_line' id='line_1_110' title="bbox 1990 5209 3568 5276; baseline 0.002 -16"><span class='ocrx_word' id='word_1_836' title='bbox 1990 5222 2212 5276; x_wconf 89' lang='lat' dir='ltr'><strong>corpus.</strong></span> <span class='ocrx_word' id='word_1_837' title='bbox 2252 5209 2420 5263; x_wconf 91' lang='lat' dir='ltr'><strong>Valde</strong></span> <span class='ocrx_word' id='word_1_838' title='bbox 2450 5210 2598 5264; x_wconf 91' lang='lat' dir='ltr'><strong>enim</strong></span> <span class='ocrx_word' id='word_1_839' title='bbox 2631 5211 2898 5264; x_wconf 89' lang='lat' dir='ltr'><strong>absonum</strong></span> <span class='ocrx_word' id='word_1_840' title='bbox 2950 5209 3168 5272; x_wconf 89' lang='lat' dir='ltr'><strong>fuisset,</strong></span> <span class='ocrx_word' id='word_1_841' title='bbox 3209 5210 3277 5272; x_wconf 88' lang='lat' dir='ltr'><strong>si,</strong></span> <span class='ocrx_word' id='word_1_842' title='bbox 3324 5225 3449 5263; x_wconf 90' lang='lat' dir='ltr'><strong>cum</strong></span> <span class='ocrx_word' id='word_1_843' title='bbox 3499 5209 3568 5263; x_wconf 86' lang='lat' dir='ltr'><strong>ad</strong></span> 
     </span>
    </p>
   </div>
   <div class='ocr_carea' id='block_1_110' title="bbox 1990 5301 3568 5371">
    <p class='ocr_par' dir='ltr' id='par_1_110' title="bbox 1990 5301 3568 5371">
     <span class='ocr_line' id='line_1_111' title="bbox 1990 5301 3568 5371; baseline 0.003 -20"><span class='ocrx_word' id='word_1_844' title='bbox 1990 5314 2091 5353; x_wconf 88' lang='lat' dir='ltr'><strong>nos</strong></span> <span class='ocrx_word' id='word_1_845' title='bbox 2125 5302 2360 5362; x_wconf 86' lang='lat' dir='ltr'><strong>veniret,</strong></span> <span class='ocrx_word' id='word_1_846' title='bbox 2396 5301 2640 5356; x_wconf 86' lang='lat' dir='ltr'><strong>alienum</strong></span> <span class='ocrx_word' id='word_1_847' title='bbox 2678 5318 2708 5356; x_wconf 91' lang='lat' dir='ltr'><strong>a</strong></span> <span class='ocrx_word' id='word_1_848' title='bbox 2744 5302 2906 5356; x_wconf 87' lang='lat' dir='ltr'><strong>nobis</strong></span> <span class='ocrx_word' id='word_1_849' title='bbox 2932 5316 3138 5371; x_wconf 90' lang='lat' dir='ltr'><strong>corpus</strong></span> <span class='ocrx_word' id='word_1_850' title='bbox 3179 5303 3387 5368; x_wconf 90' lang='lat' dir='ltr'><strong>ferret;</strong></span> <span class='ocrx_word' id='word_1_851' title='bbox 3431 5301 3568 5370; x_wconf 89' lang='lat' dir='ltr'><strong>quin</strong></span> 
     </span>
    </p>
   </div>
   <div class='ocr_carea' id='block_1_111' title="bbox 1987 5391 3568 5465">
    <p class='ocr_par' dir='ltr' id='par_1_111' title="bbox 1987 5391 3568 5465">
     <span class='ocr_line' id='line_1_112' title="bbox 1987 5391 3568 5465; baseline 0.004 -23"><span class='ocrx_word' id='word_1_852' title='bbox 1987 5391 2173 5459; x_wconf 83' lang='lat' dir='ltr'><strong>potius</strong></span> <span class='ocrx_word' id='word_1_853' title='bbox 2204 5407 2328 5445; x_wconf 91' lang='lat' dir='ltr'><strong>cum</strong></span> <span class='ocrx_word' id='word_1_854' title='bbox 2363 5393 2742 5446; x_wconf 90' lang='lat' dir='ltr'><strong>Deustantum</strong></span> <span class='ocrx_word' id='word_1_855' title='bbox 2776 5403 2925 5449; x_wconf 81' lang='lat' dir='ltr'><strong>esset</strong></span> <span class='ocrx_word' id='word_1_856' title='bbox 2959 5410 3023 5448; x_wconf 76' lang='lat' dir='ltr'><strong>ex</strong></span> <span class='ocrx_word' id='word_1_857' title='bbox 3049 5396 3207 5448; x_wconf 86' lang='lat' dir='ltr'><strong>Patre</strong></span> <span class='ocrx_word' id='word_1_858' title='bbox 3245 5395 3485 5465; x_wconf 85' lang='lat' dir='ltr'><strong>genitus,</strong></span> <span class='ocrx_word' id='word_1_859' title='bbox 3508 5402 3568 5449; x_wconf 88' lang='lat' dir='ltr'><strong>et</strong></span> 
     </span>
    </p>
   </div>
   <div class='ocr_carea' id='block_1_112' title="bbox 1987 5485 3564 5556">
    <p class='ocr_par' dir='ltr' id='par_1_112' title="bbox 1987 5485 3564 5556">
     <span class='ocr_line' id='line_1_113' title="bbox 1987 5485 3564 5556; baseline 0.003 -20"><span class='ocrx_word' id='word_1_860' title='bbox 1987 5493 2237 5537; x_wconf 87' lang='lat' dir='ltr'><strong>naturam</strong></span> <span class='ocrx_word' id='word_1_861' title='bbox 2263 5486 2384 5554; x_wconf 90' lang='lat' dir='ltr'><strong>ejus</strong></span> <span class='ocrx_word' id='word_1_862' title='bbox 2407 5485 2526 5538; x_wconf 92' lang='lat' dir='ltr'><strong>sine</strong></span> <span class='ocrx_word' id='word_1_863' title='bbox 2567 5485 2677 5538; x_wconf 92' lang='lat' dir='ltr'><strong>ulla</strong></span> <span class='ocrx_word' id='word_1_864' title='bbox 2707 5487 2997 5551; x_wconf 84' lang='lat' dir='ltr'><strong>varietate,</strong></span> <span class='ocrx_word' id='word_1_865' title='bbox 3040 5487 3092 5539; x_wconf 87' lang='lat' dir='ltr'><strong>id</strong></span> <span class='ocrx_word' id='word_1_866' title='bbox 3126 5497 3231 5551; x_wconf 88' lang='lat' dir='ltr'><strong>est,</strong></span> <span class='ocrx_word' id='word_1_867' title='bbox 3273 5503 3332 5541; x_wconf 90' lang='lat' dir='ltr'><strong>se</strong></span> <span class='ocrx_word' id='word_1_868' title='bbox 3382 5487 3564 5556; x_wconf 87' lang='lat' dir='ltr'><strong>ipsum</strong></span> 
     </span>
    </p>
   </div>
   <div class='ocr_carea' id='block_1_113' title="bbox 1985 5567 3563 5645">
    <p class='ocr_par' dir='ltr' id='par_1_113' title="bbox 1985 5567 3563 5645">
     <span class='ocr_line' id='line_1_114' title="bbox 1985 5567 3563 5645; baseline 0.006 -25"><span class='ocrx_word' id='word_1_869' title='bbox 1985 5567 2251 5630; x_wconf 81' lang='lat' dir='ltr'><strong>haberet.</strong></span> <span class='ocrx_word' id='word_1_870' title='bbox 2317 5587 2521 5640; x_wconf 83' lang='lat' dir='ltr'><strong>corpus</strong></span> <span class='ocrx_word' id='word_1_871' title='bbox 2563 5586 2630 5625; x_wconf 91' lang='lat' dir='ltr'><strong>ex</strong></span> <span class='ocrx_word' id='word_1_872' title='bbox 2674 5582 2851 5627; x_wconf 90' lang='lat' dir='ltr'><strong>matre</strong></span> <span class='ocrx_word' id='word_1_873' title='bbox 2898 5575 3221 5645; x_wconf 86' lang='lat' dir='ltr'><strong>assumpsit,</strong></span> <span class='ocrx_word' id='word_1_874' title='bbox 3270 5576 3563 5644; x_wconf 87' lang='lat' dir='ltr'><strong>factusque</strong></span> 
     </span>
    </p>
   </div>
   <div class='ocr_carea' id='block_1_114' title="bbox 1981 5657 3554 5732">
    <p class='ocr_par' dir='ltr' id='par_1_114' title="bbox 1981 5657 3554 5732">
     <span class='ocr_line' id='line_1_115' title="bbox 1981 5657 3554 5732; baseline 0.006 -22"><span class='ocrx_word' id='word_1_875' title='bbox 1981 5657 2136 5711; x_wconf 88' lang='grc' dir='ltr'>εειεί</span> <span class='ocrx_word' id='word_1_876' title='bbox 2164 5660 2655 5717; x_wconf 77' lang='lat' dir='ltr'><strong>consulistantialis</strong></span> <span class='ocrx_word' id='word_1_877' title='bbox 2677 5679 2691 5714; x_wconf 87' lang='lat'><strong>:</strong></span> <span class='ocrx_word' id='word_1_878' title='bbox 2712 5664 3074 5732; x_wconf 86' lang='lat' dir='ltr'><strong>quamobrem</strong></span> <span class='ocrx_word' id='word_1_879' title='bbox 3101 5666 3403 5721; x_wconf 85' lang='lat' dir='ltr'><strong>secundum</strong></span> <span class='ocrx_word' id='word_1_880' title='bbox 3426 5664 3554 5720; x_wconf 50' lang='lat' dir='ltr'><strong>ima.</strong></span> 
     </span>
    </p>
   </div>
   <div class='ocr_carea' id='block_1_115' title="bbox 2365 5833 2816 5894">
    <p class='ocr_par' dir='ltr' id='par_1_115' title="bbox 2365 5833 2816 5894">
     <span class='ocr_line' id='line_1_116' title="bbox 2365 5833 2816 5894; baseline 0.011 -9"><span class='ocrx_word' id='word_1_881' title='bbox 2365 5833 2403 5857; x_wconf 87' lang='lat'>&quot;&#39;</span> <span class='ocrx_word' id='word_1_882' title='bbox 2445 5833 2609 5888; x_wconf 69' lang='lat' dir='ltr'><strong>Hebr.</strong></span> <span class='ocrx_word' id='word_1_883' title='bbox 2649 5853 2706 5894; x_wconf 85' lang='lat' dir='ltr'><strong>tt.</strong></span> <span class='ocrx_word' id='word_1_884' title='bbox 2737 5836 2816 5892; x_wconf 68' lang='lat' dir='ltr'><strong>i6.</strong></span> 
     </span>
    </p>
   </div>
  </div>
