4462 6440
815 300 951 363 1339

2043 310 2082 364 .\
2098 308 2443 367 NAS'fASll
2488 308 2815 367 ANTIOCH
2832 309 2955 367 l'INl

3944 295 4110 361 1340

813 414 995 481 ginem
1024 414 1279 480 stipi-rius
1308 414 1668 482 propositam,
1704 430 1768 467 ex
1811 425 2044 482 utraque
2082 416 2392 470 substantia
2428 425 2466 474 Α
2499 423 2887 472 confiteantur.
2924 421 3034 474 Nos
3054 436 3188 474 vero
3220 426 3534 487 spectantes
3565 414 3827 468 unionem
3858 424 4116 468 natura-

818 522 962 558 unus
996 506 1253 558 Christus
1274 507 1529 574 apparuit
1568 507 1748 568 nobis,
1782 504 2100 562 idem'llcus
2132 518 2185 560 et
2208 509 2393 560 homo.

888 599 1021 651 Vlll.
1057 598 1122 651 Et
1156 600 1259 651 hoc
1285 606 1367 651 est
1387 599 1438 650 in
1470 599 1569 651 hoc
1595 601 1857 669 mysterio
1880 600 2226 663 admirabile,
2248 603 2394 670 quod

819 700 1119 759 utrumque
1150 706 1340 743 eorum
1374 706 1495 758 qu:e
1530 691 1809 754 coierunt,
1866 692 2263 760 proprietatum
2300 712 2399 745 na-

823 780 1055 833 turalem
1096 788 1279 832 servat
1312 780 1543 848 perimlc
1578 796 1639 835 ac
1675 781 1717 834 si
1750 796 1851 849 per
1886 796 1942 833 se
1969 782 2146 835 solum
2171 783 2402 836 exsiste-

825 876 929 929 ret,
983 882 1090 919 non
1130 870 1270 920 facta
1308 869 1536 920 alterius
1588 884 1711 921 cum
1764 868 1940 922 altero
1988 870 2224 929 unione,
2275 884 2400 923 cum

826 958 1032 1024 alioqui
1093 973 1197 1009 una
1248 959 1319 1010 sit
1377 957 1707 1026 hvposlasis.
1763 960 2021 1013 Christus
2091 959 2258 1027 igitur
2319 970 2405 1012 est

826 1048 973 1115 quod
1012 1062 1078 1099 ev
1128 1048 1330 1101 unione
1383 1050 1575 1101 harum
1633 1058 1959 1103 naturarum
1995 1050 2209 1103 exsistit
2238 1091 2250 1112 ,
2296 1066 2402 1102 non

831 1140 1119 1201 habitudo,
1152 1141 1246 1194 sed
1272 1142 1323 1194 id
1368 1143 1541 1211 ipsum
1570 1142 1716 1210 quod
1743 1158 1806 1194 ex
1830 1144 1913 1196 his
1933 1142 2261 1195 substantiis
2277 1158 2409 1195 con-

831 1244 974 1286 stat:
1013 1236 1121 1286 imo
1184 1234 1315 1301 ipsa:
1356 1235 1702 1295 substanli:c,
1733 1245 1787 1287 et
1817 1251 1924 1286 non
1967 1233 2153 1287 divina
2200 1234 2410 1301 absque

835 1327 1094 1385 ittllllana,
1130 1340 1305 1391 neque
1341 1338 1535 1375 rursus
1566 1324 1803 1375 humana
1834 1323 2045 1390 absque
2072 1322 2281 1387 divina,
2312 1322 2407 1374 sed

836 1416 1125 1481 utriusque
1160 1413 1550 1482 inseparabilis
1585 1414 1714 1464 unio
1762 1429 1970 1480 :quam
2017 1429 2127 1466 non
2176 1412 2412 1466 dicimus

836 1508 1032 1559 factam
1056 1522 1177 1559 esse
1199 1506 1267 1557 ad
1302 1506 1664 1557 imitatiomnn
1698 1504 2061 1572 liquidorum,
2092 1521 2213 1572 qme
2265 1505 2413 1557 inter

837 1612 895 1648 se
932 1595 1091 1647 mista
1133 1597 1187 1648 in
1224 1595 1373 1648 aliud
1413 1595 1542 1662 quid
1577 1604 1885 1657 mutantur,
1918 1595 2015 1647 sed
2051 1595 2118 1647 ad
2153 1594 2415 1646 similitu-

837 1688 1025 1739 dinem
1078 1686 1412 1755 propositam
1449 1685 1644 1739 anima:
1692 1694 1747 1738 ct
1779 1686 2048 1754 corporis,
2097 1702 2162 1738 ex
2209 1686 2414 1753 quibus

2504 528 2618 563 rum
2652 512 2959 565 secundum
2988 512 3323 581 hyposlasim
3364 507 3595 568 Christi,
3633 506 3723 572 qui
3762 521 3871 558 non
3907 505 4115 557 solum

2498 618 2559 655 ex
2596 603 2705 655 Deo
2735 612 2790 656 et
2819 602 3041 655 homine
3077 610 3315 663 constat,
3351 598 3443 652 sed
3486 600 3627 651 idem
3668 598 3812 650 Deus
3834 605 3891 649 et
3920 596 4116 647 homo

2499 702 2606 755 est,
2632 694 2798 746 salvis
2828 692 3155 746 substantiis
3191 692 3244 743 in
3297 691 3525 752 unione,
3565 704 3686 756 qu;c
3724 702 3819 755 per
3859 700 4115 751 compo-

2503 785 2757 837 sitionem
2791 783 3154 851 compositam
3208 782 3544 851 hypostasim
3591 795 3753 848 quam
3802 777 4110 829 (Lhristum

2506 889 2788 934 voramus,
2835 871 3095 925 reddunt.

2578 966 2647 1018 Χ.
2702 964 2916 1018 Idcirco
2970 964 3146 1019 sancti
3184 964 3373 1035 Patres
3405 961 3470 1014 de
3506 959 3729 1013 Christo
3761 975 3867 1010 non
3912 955 4115 1007 solum

2510 1066 2767 1123 tanquam
2798 1070 2862 1107 ex
2897 1055 3007 1108 Deo
3037 1064 3092 1108 ct
3133 1054 3375 1111 homine,
3411 1068 3509 1103 nec
3546 1066 3610 1101 ex
3636 1048 3851 1100 duabus
3878 1046 4115 1098 naturis

2510 1157 2768 1215 tanquam
2798 1163 2866 1201 ex
2899 1146 3191 1215 principiis
3218 1146 3549 1212 loquuntur,
3581 1140 3677 1195 sed
3714 1149 3978 1206 tanquam
4033 1136 4112 1189 de

2512 1239 2621 1290 llcu
2648 1248 2703 1291 ct
2737 1239 2985 1298 homine,
3016 1236 3166 1289 etde
3193 1235 3412 1288 duabus
3453 1231 3698 1294 naturis;
3729 1241 3789 1283 ut
3817 1228 4113 1280 fallaciam

2511 1327 2829 1394 longissime
2897 1328 3176 1393 relegunt,
3225 1334 3279 1376 et
3329 1324 3614 1375 veritatem
3676 1320 3837 1388 plane
3896 1314 4115 1385 pra-di-

2511 1426 2669 1471 Cent:
2698 1418 2848 1484 atqui
2868 1416 3101 1483 simplex
3127 1415 3151 1440 υ
3175 1424 3230 1465 et
3257 1422 3396 1464 rei-tu
3426 1422 3545 1463 erat
3579 1408 3902 1478 prmdicatio
3921 1406 4105 1475 pieta-

2513 1509 2602 1571 tis,
2642 1509 2748 1561 nisi
2781 1507 3028 1575 pleriquc
3074 1505 3226 1558 varie
3262 1505 3447 1559 conati
3483 1503 3716 1556 fuissent
3753 1516 3875 1553 eam
3912 1498 4109 1552 verbis

2513 1600 2802 1655 fallacibus
2827 1598 3148 1667 depravare.
3168 1597 3538 1662 Quamobrem
3585 1609 3651 1647 ne
3681 1594 3775 1662 qui
3797 1594 3849 1644 in
3880 1590 4111 1657 simpli-

2516 1693 2680 1745 citate
2707 1690 2903 1742 anima:
2943 1686 3354 1756 ingrediuntur,
3389 1686 3618 1738 istorum
3641 1683 3855 1749 laqueis
3893 1680 4111 1732 indicta

839 1778 1042 1829 animal
1079 1777 1311 1829 rationis
1361 1778 1657 1845 particeps,
1694 1776 1877 1839 homo,
1913 1776 2313 1842 constituitur;
2348 1793 2414 1830 ex
2452 1763 2488 1815 Β
2519 1796 2682 1835 causa
2739 1787 3075 1845 caperentur
3099 1817 3112 1839 ,
3169 1775 3407 1829 diversis
3464 1773 3812 1842 temporibus
3859 1770 4115 1840 Spiritus

843 1865 1205 1930 intelligente,
1238 1865 1484 1931 inquam,
1527 1874 1582 1917 et
1617 1864 1801 1917 sensili
1833 1865 2146 1934 intelligens
2174 1867 2417 1919 simulet

841 1956 1063 2006 sensile.
1127 1954 1219 2007 Sic
1260 1954 1349 2007 hic
1387 1964 1565 2023 potest
1625 1957 1749 2021 quis
1802 1957 2043 2008 tenuiter
2094 1956 2415 2026 mysterium

841 2046 1208 2112 contemplari
1238 2064 1250 2097 :
1288 2046 1447 2097 ambo
1482 2046 1630 2097 enim
1666 2046 1828 2098 simul
1862 2046 2332 2099 eocuntdivinum
2365 2056 2420 2097 et

845 2138 1144 2189 humanum
1186 2156 1196 2189 :
1236 2150 1291 2189 et
1323 2138 1467 2205 quod
1504 2154 1568 2191 ex
1606 2139 1709 2190 hae
1737 2138 2144 2204 compositione
2179 2144 2417 2199 constat,

844 2230 983 2281 nihil
1032 2228 1177 2280 aliud
1216 2238 1298 2281 est
1352 2245 1515 2296 quam
1575 2239 1785 2281 natura:
1820 2229 1987 2281 unitzc
2018 2247 2029 2279 :
2066 2244 2220 2296 teque
2272 2229 2420 2280 enim

846 2320 989 2372 Deus
1016 2328 1070 2373 ct
1097 2320 1280 2382 homo,
1310 2320 1588 2382 Christus,
1622 2318 1714 2387 qui
1748 2336 1813 2372 ex
1850 2320 2019 2373 unitis
2040 2321 2201 2371 modo
2237 2320 2424 2371 incll'a-

849 2411 945 2463 bili
978 2413 1236 2479 apparuit
1272 2414 1503 2473 mundo,
1540 2411 1757 2465 mortali
1784 2426 2015 2479 corpore
2044 2410 2109 2464 ad
2133 2409 2423 2464 delendam

848 2512 1079 2555 mortem
1120 2510 1281 2555 utens
1326 2503 1522 2571 :quod
1580 2511 1665 2556 est
1709 2502 2055 2555 admirabile.
2110 2500 2209 2556 Est
2258 2502 2427 2570 igitur

846 2610 975 2647 vere
1006 2595 1149 2647 Deus
1181 2594 1345 2646 simul
1374 2604 1430 2647 et
1456 2595 1643 2656 homo,
1677 2594 2102 2660 Christus:qu
2134 2593 2429 2660 appellatio

848 2702 978 2739 vera
1012 2702 1134 2739 csse
1179 2703 1287 2739 non
1324 2696 1525 2754 potest,
1563 2686 1666 2738 nisi
1706 2686 1817 2738 sint
1850 2684 2085 2737 diversa:
2119 2693 2331 2736 naturm
2375 2685 2424 2735 ei

848 2778 1132 2844 subjeelzc.
1162 2777 1453 2830 Tribuitur
1492 2787 1677 2830 autem
1723 2792 1867 2844 saepe
1915 2776 2216 2843 separatim
2272 2776 2430 2828 iisex

848 2871 1055 2937 quibus
1084 2878 1322 2932 constat,
1358 2884 1468 2920 non
1504 2868 1727 2936 quidem
1763 2866 1912 2934 quod
1944 2867 2049 2918 hoc
2093 2867 2269 2918 solum
2318 2866 2427 2927 sit;

851 2974 961 3011 non
992 2958 1140 3011 enim
1172 2958 1285 3010 fieri
1314 2966 1515 3026 potest.
1550 2966 1608 3009 ut
1631 2956 1864 3008 altermu
1895 2970 1962 3007 ex
1995 2953 2166 3006 unitis
2186 2963 2432 3006 contem-

852 3051 1089 3118 plemur,
1124 3050 1232 3101 nisi
1272 3050 1388 3101 sola
1423 3048 1758 3117 cogitatione
1797 3045 1997 3097 mentis
2036 3044 2424 3105 discernentis,

850 3150 1132 3209 quatenus
1153 3137 1562 3207 cognoscimus,
1588 3135 1721 3204 quid
1739 3145 1823 3189 est
1847 3135 2117 3196 divinum,
2148 3132 2296 3201 quod
2319 3148 2427 3185 non

851 3239 937 3285 est
976 3232 1313 3294 humanum;
1352 3228 1485 3303 quid
1538 3244 1736 3281 rursus
1777 3228 2103 3290 lmmauum,
2133 3223 2281 3293 quod
2317 3238 2426 3275 non

852 3336 938 3376 est
995 3322 1250 3375 divinum
1303 3336 1317 3372 :
1367 3320 1411 3373 si
1467 3318 1615 3372 enim
1672 3317 1971 3386 aliquando
2022 3317 2122 3369 has
2176 3314 2431 3367 notiones

855 3422 1037 3467 mente
1070 3412 1474 3480 exprimenius,
1532 3410 1784 3463 volentes
1807 3408 2119 3475 significare
2155 3407 2432 3476 subjecth

854 3504 1210 3566 substantias,
1239 3511 1294 3555 et
1319 3518 1509 3555 earum
1539 3501 1683 3553 inter
1707 3515 1766 3553 se
1804 3498 2208 3559 diversitatem,
2245 3497 2430 3550 statim

856 3596 1179 3663 eopulamus
1207 3603 1365 3654 actu;
1402 3609 1592 3645 rursus
1641 3592 1901 3645 unientes
1958 3591 2281 3658 priusquam
2311 3587 2431 3641 dis-

852 3689 1176 3758 jungamus,
1209 3696 1606 3753 cognoscentes
1647 3698 1818 3736 unum
1864 3681 2149 3736 Christum
2199 3696 2322 3735 esse
2366 3696 2432 3733 ex

858 3780 1094 3831 diversis
1123 3776 1335 3829 naturis
1362 3783 1731 3829 constantem.

931 3866 1019 3923 IX.
1042 3869 1155 3922 Etsi
1177 3868 1323 3921 enim
1355 3877 1484 3920 sunt
1502 3866 1734 3920 diversa:
1764 3875 1973 3918 natur:e
1994 3880 2059 3918 ex
2086 3863 2290 3932 quibus
2316 3863 2435 3916 uni-

864 3972 953 4014 tus
994 3970 1078 4013 est
1132 3961 1199 4013 ad
1253 3959 1757 4012 manifestationem
1796 3956 2066 4026 mysterii,
2108 3972 2218 4009 una
2253 3963 2434 4008 tamen

860 4063 947 4106 est
973 4052 1283 4122 bypostasis
1314 4070 1327 4103 :
1360 4051 1548 4104 eadem
1578 4049 1728 4103 enim
1775 4048 2095 4118 preprictas
2124 4047 2436 4117 hypostasis

865 4147 1086 4207 mansit,
1127 4144 1265 4197 Filio
1293 4144 1460 4196 etiam
1495 4142 1800 4196 incarnato.
1838 4141 2014 4195 Filius
2060 4138 2210 4194 enim
2246 4153 2439 4192 rursus

864 4244 951 4288 est
969 4233 1135 4287 etiam
1170 4232 1474 4285 secundum
1500 4246 1722 4284 carnem
1757 4247 1769 4282 :
1802 4244 1975 4297 quare
2003 4237 2197 4281 natura
2214 4226 2437 4296 quidem

866 4326 1131 4380 ditfcrunt
1164 4339 1453 4378 assumens
1500 4333 1557 4377 et
1608 4332 1920 4390 assumpta;
1969 4320 2251 4389 hypostasi
2307 4336 2440 4373 vero

2520 1878 2743 1923 sanctus
2795 1877 3008 1921 mentes
3066 1876 3380 1919 sanctorum
3431 1865 3669 1917 adventu
3726 1880 3828 1916 suo
3870 1862 4109 1921 docuit,

2521 1962 2780 2030 deditque
2812 1960 2919 2015 illis
2953 1974 3266 2013 sermonem
3293 1957 3359 2010 ad
3393 1954 3918 2016 contradicendum,
3956 1963 4013 2006 et
4038 1952 4109 2004 ad

2524 2053 2832 2106 tendieulas
2874 2052 3213 2105 fallaciarum
3263 2058 3458 2102 contra
3492 2048 3780 2100 veritatem
3828 2048 4113 2099 violentas

2522 2142 2937 2211 effugiendum,
2994 2141 3086 2208 qui
3148 2140 3312 2194 nobis
3372 2139 3719 2193 tradiderunt
3780 2139 4112 2191 thesaurum

2526 2250 2781 2303 magnum
2806 2273 2820 2296 ,
2852 2251 2915 2286 ac
2947 2232 3222 2301 przceipue
3253 2230 3476 2298 quidem
3530 2230 3585 2281 in
3620 2229 3767 2281 vasis
3792 2228 4067 2281 fictilibus
4098 2246 4111 2278 :

2528 2327 2632 2379 hoc
2657 2326 2806 2379 enim
2856 2324 3090 2378 decebat
3138 2324 3326 2376 divina
3368 2322 3624 2389 dogmata
3654 2332 3709 2373 et
3739 2320 4057 2373 doctrinam
4097 2336 4111 2370 :

2526 2416 2654 2484 quia
2689 2414 3076 2475 conveniebat,
3113 2421 3173 2466 ut
3207 2428 3427 2481 semper
3456 2426 3586 2464 vasa
3620 2409 4017 2479 frangerentur
4056 2410 4115 2463 in

2528 2507 2732 2575 quibus
2760 2520 2990 2573 magnus
3024 2505 3317 2558 thesaurus
3368 2501 3690 2557 reconditus
3720 2512 3827 2565 est,
3877 2510 4117 2570 propter

2532 2599 2866 2652 inlirmiores
2893 2597 3047 2650 dedit
3076 2594 3531 2665 praedicatoribus
3554 2594 3806 2647 veritatis
3842 2594 3956 2645 vim
3986 2610 4115 2647 ver-

2532 2688 2725 2740 borum
2752 2686 2816 2737 ad
2855 2682 3226 2738 resistendum
3259 2681 3796 2745 contradicentibus,
3827 2692 3885 2735 ct
3921 2683 3993 2734 ad
4028 2683 4115 2751 ja-

2532 2779 2654 2831 cula
2695 2777 3142 2830 adversariorum
3206 2786 3413 2829 temere
3465 2774 3667 2828 ciliissa
3707 2773 4114 2842 propulsanda.

2532 2869 2717 2933 Quare
2766 2866 3005 2920 Verbum
3043 2866 3297 2919 veritatis
3348 2882 3456 2918 non
3507 2866 3750 2918 vincitur
3791 2863 4115 2923 mendacio.

2535 2958 2629 3011 sed
2659 2957 2843 3026 potius
2869 2957 3141 3011 fallaciam
3174 2954 3448 3009 mendacii
3494 2955 3799 3023 redarguit.
3830 2955 3903 3008 Et
3930 2954 4116 3022 ipsum

2537 3049 2684 3102 omni
2720 3064 2786 3102 eo
2817 3048 2963 3117 quod
3001 3048 3242 3101 alienum
3272 3058 3378 3108 est.
3404 3048 3652 3116 exploso,
3678 3056 3884 3106 manet,
3935 3061 4117 3114 neque

2536 3140 2852 3208 deponitur,
2899 3153 3079 3205 neque
3131 3138 3539 3192 circumfertur.
3584 3137 3797 3191 Idcirco
3848 3136 4120 3192 Christum

2542 3235 2633 3285 Uei
2669 3234 2913 3285 virtutem
2945 3241 2992 3283 et
3020 3231 3114 3283 Dei
3145 3232 3519 3299 sapientiam“
3571 3246 3692 3284 eSsc
3718 3229 3906 3291 docet,
3944 3245 4119 3282 unum

2537 3338 2603 3377 ex
2630 3323 2771 3374 ('lBIO
2797 3330 2854 3374 et
2876 3336 2941 3373 ex
2982 3328 3129 3373 terra
3161 3320 3331 3373 Deum
3354 3330 3411 3374 et
3437 3321 3582 3375 servi
3616 3320 3794 3373 forma
3835 3318 4117 3382 indutum,

2540 3416 2822 3469 ntlaterct
2864 3413 3009 3467 Deus
3051 3413 3361 3482 principem
3416 3413 3603 3467 sa‘culi
3650 3413 3815 3481 hujus
3847 3426 3976 3463 cum
4012 3426 4121 3479 quo

2538 3517 2659 3562 erat
2703 3507 2753 3561 ei
2804 3515 3107 3568 certamen,
3148 3516 3203 3560 et
3246 3522 3355 3559 non
3404 3505 3695 3575 defugeret
3725 3504 3955 3565 Iuctaln,
4004 3513 4124 3555 tan-

2540 3616 2702 3667 quam
2752 3615 2859 3652 non
2900 3616 3022 3652 cum
3054 3601 3163 3653 Deo
3193 3606 3542 3659 certaturus;
3571 3597 3804 3648 fortasse
3835 3608 3972 3646 vero
3996 3633 4011 3655 ,
4063 3604 4122 3644 ut

2542 3706 2640 3758 per
2675 3688 2855 3741 simile
2893 3697 3144 3743 servaret
3189 3688 3390 3742 simile.
3423 3686 3545 3740 Non
3583 3684 3795 3738 ferebat
3827 3683 4001 3752 igitur
4025 3684 4124 3735 ali-

2541 3784 2673 3853 quid
2726 3794 3014 3839 cxternum
3066 3792 3123 3838 et
3175 3783 3418 3836 alienum
3479 3788 3676 3849 praztcr
3716 3778 3768 3833 id
3819 3777 3970 3847 quod
4025 3792 4124 3830 nos

2542 3891 2754 3937 sumus,
2781 3874 2876 3928 sed
2913 3885 3083 3927 totam
3130 3884 3375 3927 nostram
3421 3888 3657 3925 massam
3704 3872 3759 3924 in
3791 3887 3902 3924 uno
3932 3872 4125 3924 relicto

2544 3970 2705 4023 nobis
2744 3969 2955 4023 semine
3006 3966 3325 4035 assumpsit,
3377 3967 3555 4019 factus
3606 3966 3866 4035 primitia:
3918 3975 4126 4018 natura

2544 4071 2766 4112 nostrzc.
2802 4057 2914 4111 llac
2945 4069 3128 4112 autem
3158 4058 3371 4110 ratione
3397 4056 3605 4109 dicitur
3629 4057 3880 4126 primitiw
3901 4056 3971 4111 ".

2615 4150 2707 4204 XI.
2754 4151 2971 4205 Etenim
2999 4150 3130 4221 quia
3160 4159 3336 4204 totum
3378 4149 3531 4218 quod
3557 4148 3854 4211 ceciderat,
3886 4147 4125 4214 excitare

2544 4242 2888 4313 propositum
2919 4250 3037 4295 erat
3072 4242 3145 4305 ei,
3180 4242 3459 4294 ceciderat
3483 4251 3668 4294 autem
3701 4248 3880 4293 totum
3917 4252 4123 4309 genus;

2546 4348 2604 4383 se
2625 4341 2798 4384 totum
2831 4330 2927 4384 toti
2954 4330 3082 4383 Adae
3115 4330 3439 4393 immiscuit,
3471 4330 3583 4383 vita
3617 4338 3864 4391 mortuo,
3895 4338 3959 4380 ut
4003 4342 4122 4382 eum

869 4420 1116 4473 minime.
1158 4418 1251 4471 Sic
1280 4417 1547 4477 dicimus,
1606 4430 1771 4468 unam
1818 4429 1939 4467 esse
1975 4414 2309 4483 hypostasim
2345 4428 2441 4465 na-
2479 4431 2518 4481 υ
2548 4436 2631 4473 ser

2365 4428 2441 4465 13-
2479 4431 2518 4481 ῐ)
2548 4430 2814 4483 servaret,
2855 4421 2909 4472 in
2948 4436 3074 4473 eum
3105 4430 3279 4474 totum
3321 4431 3620 4489 penetrans
3650 4419 3740 4474 cui
3772 4420 3968 4472 unitos
3992 4426 4121 4476 erat.

869 4520 993 4563 tura
1023 4509 1420 4566 differentium.
1467 4507 1728 4560 omnibus
1778 4505 2052 4575 theologis
2090 4514 2145 4558 et
2179 4506 2441 4559 Ecclesiae

867 4599 1191 4654 doctoribus
1236 4598 1696 4667 approbantibus,
1732 4596 1825 4666 qui
1857 4597 2115 4650 eumdem
2164 4594 2441 4650 affirmant

867 4708 990 4745 esse
1013 4692 1183 4743 Deum
1214 4699 1269 4743 et
1295 4689 1594 4741 hominem.
1632 4688 1726 4740 lla:
1756 4686 1901 4740 enim
1934 4697 2065 4739 sunt
2096 4696 2332 4749 natur:e,
2366 4701 2438 4738 ex

870 4784 1077 4854 quibus
1096 4782 1441 4850 compositus
1460 4791 1545 4835 est
1570 4800 1581 4833 :
1615 4790 1842 4833 naturas
1869 4794 2001 4833 vero
2035 4795 2183 4833 nunc
2209 4778 2448 4833 dicimus

872 4891 982 4928 non
1015 4874 1307 4942 principia,
1357 4882 1419 4926 ut
1451 4872 1676 4940 quidam
1704 4872 1917 4933 dicunt,
1948 4870 2042 4937 qui
2094 4869 2445 4938 simpliciori-

876 4965 976 5018 bus
1015 4965 1245 5018 insidias
1273 4974 1487 5032 ponunt
1528 4964 1596 5017 ad
1627 4961 2041 5030 decipiendum,
2070 4960 2321 5014 dicentes
2344 4977 2443 5013 ua-

877 5066 1027 5110 turas
1056 5056 1345 5124 exquibus
1375 5056 1516 5109 facta
1546 5063 1628 5109 est
1662 5054 1817 5117 unio,
1839 5068 1961 5107 esse
1994 5053 2164 5106 Deum
2198 5052 2445 5113 Patrem,

873 5155 931 5198 et
950 5147 1233 5214 Virginem
1260 5155 1513 5207 matrem,
1543 5147 1635 5214 qui
1663 5155 1805 5199 tecte
1827 5155 1883 5198 et
1914 5144 2225 5197 inumbrate
2257 5144 2451 5199 dicunt

879 5236 1035 5300 illud,
1068 5252 1129 5288 ex
1162 5236 1370 5303 quibus,
1413 5246 1476 5289 ut
1512 5235 1648 5288 nihil
1695 5233 2096 5302 assumptionis
2146 5233 2199 5286 in
2228 5230 2455 5285 Christo

950 5371 1031 5426 "l
1061 5370 1187 5425 Cor.
1215 5388 1252 5433 ι.
1285 5372 1374 5426 2-1.
1454 5372 1495 5402 ⁸⁷
1525 5371 1541 5425 1
1577 5370 1707 5425 Cor.
1741 5387 1828 5432 xv,
1856 5369 1946 5433 20,
1979 5369 2069 5423 9.5.

2538 4510 2680 4563 sicut
2703 4509 2885 4561 anima
2911 4508 3091 4578 magni
3127 4510 3401 4578 corporis,
3433 4518 3611 4563 totum
3647 4509 3924 4571 animans,
3949 4519 4009 4562 et
4033 4508 4125 4561 toti

2540 4602 2711 4654 vitam
2760 4601 3085 4669 imparticns
3115 4602 3417 4655 sensiliter.
3447 4601 3540 4656 Sic
3572 4601 3781 4655 dicitur
3809 4616 3993 4670 genus
4026 4601 4125 4654 hu-

2542 4709 2764 4746 mamnn
2786 4692 2829 4723 ¹⁸
2861 4710 3049 4761 corpus
3076 4692 3293 4759 Christi,
3327 4705 3375 4746 et
3408 4694 3643 4746 membra
3673 4710 3735 4747 ea.
3762 4703 3916 4763 parte
3936 4705 3986 4757 ν,
4017 4704 4114 4747 tan-

2543 4796 2707 4850 quam
2751 4796 2849 4850 per
2892 4797 3086 4835 omnes
3112 4783 3483 4836 communiter
3509 4782 3880 4850 permeantis,
3924 4793 3984 4838 et
4012 4795 4123 4837 lano

2548 4884 2712 4937 quam
2736 4869 2789 4921 in
2814 4883 3148 4937 unoquoque
3176 4868 3482 4922 habitantis
3504 4869 3799 4937 separatim
3821 4870 4123 4923 secundum

2551 4974 2868 5013 mensuram
2906 4957 3056 5012 fidei.
3098 4958 3343 5012 Membra
3382 4958 3531 5010 enim
3557 4957 3842 5026 proprium
3890 4959 4028 5028 quid
4055 4960 4125 5012 si-

2555 5050 2838 5119 gnificant,
2863 5057 3140 5119 quatenus
3172 5048 3543 5103 membrorum
3561 5046 3858 5117 dignitates
3876 5049 4127 5102 diﬂereu—

2559 5149 2643 5193 tes
2697 5147 2861 5194 sunt:
2910 5138 3109 5191 horum
3158 5138 3305 5193 enim
3341 5138 3445 5191 alia
3499 5146 3629 5191 sunt
3677 5137 3989 5202 honorata;
4032 5136 4124 5191 alia

2563 5230 2801 5287 infirma.
2819 5230 2923 5283 alia
2947 5245 3081 5284 vero
3107 5230 3371 5293 honesta;
3395 5228 3519 5284 aliis
3546 5239 3731 5284 autem
3756 5229 3930 5301 major
3959 5230 4126 5284 honor

2150 5366 2191 5399 ¹⁰
2225 5367 2241 5421 l
2273 5366 2400 5421 Cor.
2438 5382 2530 5430 xu,
2565 5366 2652 5419 27.

2159 5504 2391 5562 VARUS
2430 5502 2720 5560 LECTION
2730 5502 2831 5560 ES.

978 5636 1001 5663 υ
1034 5629 1254 5695 simpler
1280 5640 1385 5680 νιν.
1424 5629 1703 5681 cito-Immo
1733 5632 1827 5698 τῆς
1861 5630 2142 5694 εὖκίὲξῖις
2177 5631 2456 5699 κήρυγμα.

889 5700 952 5752 At
988 5700 1140 5769 Vulg.
1186 5702 1412 5754 nn'ml'm
1448 5703 1508 5756 de
1535 5701 1777 5754 membro.

2538 5635 2560 5663 ν
2586 5625 2828 5681 Membra
2859 5639 2925 5681 ea:
2952 5636 3124 5697 parte.
3158 5627 3317 5681 Juxta
3344 5627 3614 5691 Grcccum,
3645 5621 3783 5695 μέλη
3818 5623 3882 5676 ἐκ
3916 5621 4125 5695 μὲρῡυς.
