4462 6440
171 403 307 466 l3“

161 516 474 568 adhibetur
511 535 521 567 :

163 609 247 660 ris
285 610 673 677 pra-dicantur.
711 607 889 674 Quare
916 627 1041 664 cum
1066 611 1359 679 Apostolus
1381 613 1744 680 dixitcorpns,

157 711 219 753 et
252 702 488 755 membra
519 701 1284 763 nominavit,docnitdill'crre
1306 719 1477 771 genus
1503 720 1532 756 a
1553 711 1742 768 parte:

158 801 221 843 et
275 807 406 845 cum
461 808 569 844 non
618 808 792 861 genus
841 792 1045 845 Christi
1091 794 1341 856 vocavit,
1399 794 1744 864 significavit,

160 883 559 936 communitati
609 884 932 936 substantize
982 893 1182 938 nostrae
1210 886 1424 937 unitum
1455 901 1606 947 esse,
1634 902 1745 939 non

160 982 362 1026 autem
428 975 744 1043 particulari
802 976 1111 1046 hypostasi;
1177 978 1382 1046 alioqui
1437 978 1746 1031 membrum

160 1070 312 1134 ejus,
343 1082 452 1120 non
498 1068 765 1132 membra,
808 1085 985 1138 neque
1025 1085 1228 1138 corpus
1251 1085 1371 1122 esse
1409 1070 1742 1123 diceremur.

241 1160 364 1213 XII.
401 1162 697 1229 Postquam
730 1178 863 1216 vero
908 1163 1078 1217 semel
1118 1162 1291 1216 voluit
1326 1163 1568 1217 Verbum
1625 1163 1742 1216 ﬁeri

162 1249 366 1311 homo,
391 1261 447 1304 et
468 1267 567 1305 nos
593 1251 1142 1305 totosindumcntum
1173 1267 1331 1305 suum
1366 1251 1581 1316 facere;
1620 1267 1743 1304 cum

165 1351 480 1410 utrumque
504 1342 596 1404 sit,
635 1343 870 1395 alterum
903 1343 1142 1406 dicitur;
1169 1353 1225 1396 ct
1250 1358 1376 1397 eum
1399 1344 1635 1396 alterum
1658 1342 1746 1394 di-

161 1434 342 1495 citur,
367 1445 663 1503 utrumque
701 1445 808 1496 est,
838 1450 948 1488 non
977 1436 1296 1489 nominibus
1330 1443 1698 1489 commutatus
1729 1451 1740 1485 :

161 1539 274 1577 nec
323 1527 473 1577 enim
505 1526 620 1578 lucc
656 1542 753 1595 per
781 1526 1108 1580 abusionem
1158 1527 1455 1592 dicuntur;
1497 1526 1592 1579 sed
1617 1541 1742 1579 cum

163 1626 475 1684 utrumque
502 1617 592 1681 sit,
616 1618 932 1672 nominatur
950 1619 1282 1687 separatim:
1318 1635 1444 1672 cum
1470 1621 1616 1672 enim
1643 1635 1742 1673 no-

164 1708 453 1762 minamus
468 1710 660 1774 Deum,
683 1726 793 1764 non
818 1712 1060 1780 aliquem
1083 1713 1282 1776 Deum;
1309 1713 1561 1766 eumdem
1578 1713 1744 1766 etiam

166 1799 530 1853 nominamus
563 1800 839 1855 hominem
864 1842 878 1865 ,
908 1817 1016 1855 non
1051 1803 1290 1871 aliquem
1321 1803 1619 1857 hominem.
1651 1803 1746 1855 Est

167 1896 365 1941 autem
395 1889 538 1943 Deus
564 1890 726 1944 simul
756 1901 812 1944 et
841 1891 1006 1945 homo
1041 1907 1136 1959 per
1157 1893 1381 1944 nomina
1405 1891 1744 1958 generaliora

167 1977 517 2043 declaratus,
551 1981 843 2046 exquibus
865 1992 1114 2044 constat;
1145 1983 1357 2035 scilicet
1393 1997 1501 2034 non
1522 1998 1584 2035 ex
1620 1998 1744 2050 par-

168 2067 508 2122 ticularibns
533 2069 922 2138 hypostasibus
952 2079 1186 2133 constat,
1239 2071 1334 2124 sed
1371 2086 1436 2124 ex
1467 2072 1741 2140 generali-

167 2156 279 2212 bus
345 2160 692 2214 substantiis.
755 2160 1026 2216 Existimo
1102 2161 1248 2214 enim
1304 2177 1482 2230 neque
1531 2171 1739 2230 partem

166 2250 500 2306 substantia:
521 2266 642 2305 esse
675 2253 864 2306 :aiunt
890 2255 1036 2306 enim
1059 2251 1152 2320 qui
1188 2251 1240 2306 in
1265 2251 1350 2307 his
1375 2267 1430 2306 se
1461 2260 1742 2315 exercent,

168 2349 363 2408 partes
410 2341 847 2394 substantiarum
880 2341 1221 2396 substantias
1264 2357 1405 2395 esse.
1443 2344 1525 2393 An
1575 2341 1741 2409 igitur

168 2446 303 2498 pars
325 2430 651 2484 substantia:
672 2432 1002 2500 reperietur,
1030 2448 1152 2500 quae
1183 2432 1449 2485 rationem
1487 2431 1742 2486 substan-

166 2522 257 2572 tiae
299 2537 412 2573 non
458 2521 678 2590 recipit,
729 2530 790 2575 ut
827 2522 1188 2576 substantiam
1220 2521 1604 2591 particularem
1641 2537 1743 2575 no-

163 2610 492 2664 minemus?
520 2611 618 2666 Sin
657 2623 838 2667 autem
870 2630 1035 2683 quam
1083 2622 1283 2667 vocant
1318 2623 1528 2682 partem
1573 2622 1740 2666 totam

165 2703 444 2755 rationem
492 2704 722 2773 recipit,
767 2714 940 2758 totum
966 2705 1093 2767 erit,
1127 2720 1233 2758 non
1255 2721 1381 2774 pars
1421 2720 1565 2757 :nec
1593 2704 1741 2757 enim

164 2792 318 2845 sicut
355 2793 412 2846 in
446 2795 692 2849 sectione
727 2795 922 2849 circuli
954 2796 1008 2849 in
1042 2796 1183 2849 duos
1217 2795 1619 2857 scmicirculos,
1649 2803 1744 2847 aut

167 2882 225 2936 in
267 2883 514 2952 reliquas
544 2895 758 2953 partes;
788 2902 966 2957 neque
983 2889 1127 2944 sicut
1161 2889 1216 2942 in
1238 2889 1483 2943 sectione
1518 2889 1744 2956 splizera:

170 2973 227 3027 in
262 2984 508 3043 quatuor
531 2985 734 3046 partes,
776 2989 872 3032 aut
916 2980 971 3033 in
999 2980 1379 3050 hemisphzeria
1401 3021 1415 3044 ,
1447 2982 1527 3035 sic
1570 2981 1742 3035 sectio

169 3066 500 3121 substantiae
547 3069 774 3138 intelligi
809 3079 1006 3139 potest.
1037 3070 1178 3136 Quid
1225 3073 1373 3125 enim
1420 3073 1584 3125 faciet
1608 3072 1742 3125 sub-

1130 410 1411 470 OIUTIU
1453 411 1566 472 ΙΙΙ.
1607 439 1672 446 -
1711 413 1806 471 DE
1851 413 2442 476 INCARNATIDNE.

557 525 722 584 atque
753 517 866 570 lnec
893 532 1002 571 non
1041 517 1108 572 de
1133 523 1526 575 communitate
1556 538 1750 590 corpo—
1779 522 1822 576 A
1857 523 2116 587 ticularc;
2152 534 2209 578 ct
2237 524 2281 577 si
2305 534 2453 578 retro
2474 531 2764 590 commeat,
2789 523 2842 579 id
2867 532 2973 589 est,
3001 523 3148 592 quod
3181 527 3424 595 particu-

3289 418 3424 485 l3i2

1848 615 1959 668 lare
1989 629 2096 677 est,
2125 627 2203 669 est
2231 632 2544 670 commune.

1920 706 2053 758 XIV.
2081 707 2328 774 Denique
2353 723 2463 776 quo
2496 705 2669 776 magis
2696 705 2767 758 sit
2801 706 2904 760 hoc
2937 707 3268 774 absurdum,
3296 713 3422 780 quis

1847 804 1956 849 tam
1990 797 2221 851 demens
2243 807 2349 862 est,
2389 807 2448 852 ut
2472 813 2592 852 esse
2621 806 2678 851 ct
2717 797 2899 851 taliter
2929 813 3070 861 esse,
3103 800 3417 870 cujusmodi

1847 899 1974 941 sunt
1998 889 2370 943 substantiam
2393 906 2514 944 esse
2544 900 2599 944 et
2642 890 2979 959 hypostasim
3011 907 3154 955 esse,
3184 894 3420 946 alterum

1847 996 1949 1050 pro
1978 982 2158 1034 altero
2185 981 2426 1035 vicissim
2464 982 2736 1049 accipiat?
2779 997 2889 1034 non
2935 982 3082 1035 enim
3113 982 3422 1037 substantia

1846 1079 1929 1122 est
1956 1070 2308 1137 particularis
2340 1078 2559 1122 natura.
2587 1069 2723 1122 Cum
2757 1069 2923 1137 igitur
2959 1079 3279 1124 naturarum
3306 1073 3422 1125 sive

1847 1162 2280 1213 substantiarnm
2315 1161 2573 1213 unionem
2603 1159 2862 1221 dicimus,
2905 1161 3050 1228 ipsas
3074 1161 3416 1215 substantias

1849 1254 1902 1306 in
1934 1253 2138 1305 unione
2170 1251 2628 1319 contemplamur,
2663 1266 2773 1303 non
2806 1250 2887 1302 sic
2910 1249 3053 1303 facta
3082 1251 3308 1314 unione,
3363 1261 3424 1306 ut

1847 1353 2044 1397 natura
2079 1343 2134 1395 in
2186 1353 2436 1395 naturam
2465 1352 2724 1406 transeat,
2773 1351 2870 1396 aut
2902 1342 2997 1394 fiat
3045 1340 3302 1395 confusio
3332 1344 3422 1395 vel

1850 1435 2069 1500 mistio;
2118 1433 2215 1487 sed
2256 1434 2524 1486 naturalis
2557 1434 2856 1501 copulatio.
2901 1433 3011 1486 llas
3038 1449 3172 1486 vero
3199 1441 3424 1487 naturas

1845 1527 1960 1580 sive
1985 1524 2341 1586 substantias,
2377 1522 2652 1576 sententia
2682 1531 2868 1574 nostra
2909 1531 2992 1576 est
3018 1538 3138 1576 esse
3170 1522 3314 1576 inter
3363 1536 3423 1577 se

1848 1616 2247 1686 inseparabiles
2276 1633 2289 1667 :
2316 1631 2426 1668 non
2470 1614 2619 1666 enim
2657 1613 2964 1666 secundum
3015 1612 3421 1677 habitudinem,

1846 1716 1941 1761 aut
1974 1707 2400 1775 appositioncm,
2436 1713 2530 1757 aut
2564 1705 3030 1773 prosopopmiam,
3062 1714 3158 1758 aut
3183 1705 3423 1772 dignita-

1849 1808 1978 1862 tem,
2016 1806 2110 1850 aut
2130 1796 2300 1849 alium
2329 1794 2550 1848 modum
2582 1797 2650 1847 ab
2679 1796 2746 1848 iis
2769 1796 3142 1864 excogitatum
3170 1797 3264 1863 qui
3284 1795 3423 1850 duas

1846 1903 2110 1958 personas
2152 1887 2381 1950 dicunt,
2417 1886 2653 1939 dicimus
2687 1885 2887 1938 factam
2923 1902 3043 1940 esse
3082 1886 3420 1940 incarnatio-

1845 1997 1968 2034 nem
1998 1978 2306 2033 Salvatoris
2334 1977 2510 2030 nostri
2532 1994 2545 2042 ;
2567 1981 2659 2030 sed
2689 1979 2951 2031 unionem
2983 1978 3227 2045 ipsarum
3261 1985 3423 2030 natu-

1846 2087 2030 2124 rarum
2054 2068 2358 2123 seeundum
2392 2067 2727 2138 hypostasim
2755 2068 3216 2136 contemplantes,
3248 2082 3418 2119 unmn

1843 2169 1900 2213 et
1939 2160 2192 2213 eumdem
2223 2159 2502 2213 Christum
2534 2159 2853 2221 adoramus,
2886 2159 2980 2227 qui
3013 2167 3133 2212 erat
3161 2170 3286 2211 ante
3331 2157 3417 2209 in-

1843 2251 2216 2306 carnationem
2253 2250 2418 2312 Deus,
2445 2259 2501 2305 ct
2522 2250 2718 2303 mansit
2747 2250 2894 2303 Deus
2925 2258 3047 2317 post
3078 2249 3420 2302 incarnatio-

1843 2360 1997 2407 nem;
2037 2343 2132 2412 qui
2166 2343 2271 2394 luit
2297 2342 2482 2395 unitus
2499 2342 2730 2396 diversa:
2748 2341 3088 2404 substanlim,
3119 2348 3179 2394 ut
3204 2342 3416 2394 salvum

1842 2433 2047 2486 faceret
2080 2431 2230 2500 quod
2279 2440 2400 2485 erat
2450 2431 2554 2486 sibi
2601 2432 3074 2485 consubstantiale
3114 2449 3129 2486 :
3173 2432 3417 2486 consub—

1843 2524 2114 2578 stantialis
2143 2525 2288 2577 cnim
2325 2524 2500 2578 factus
2528 2532 2612 2578 est
2642 2524 2857 2578 diversa
2890 2523 3195 2576 substantia
3223 2523 3418 2591 praedi-

1844 2614 1947 2677 tis;
1977 2624 2032 2667 et
2061 2613 2128 2667 ad
2159 2614 2483 2682 capiendam
2515 2614 2926 2683 generationem
2961 2613 3258 2666 humanam
3288 2629 3417 2683 pro-

1843 2705 2030 2768 cessit,
2061 2703 2157 2772 qui
2204 2713 2323 2757 erat
2351 2705 2556 2772 alioqui
2587 2715 2712 2758 ante
2748 2705 2944 2759 srecula
2971 2720 3041 2761 ex
3075 2705 3235 2760 Patre
3265 2707 3418 2760 nullo

1844 2793 2028 2846 medio
2049 2793 2341 2861 interjccto
2371 2795 2614 2862 genitus.

1914 2883 2028 2938 XV.
2083 2884 2241 2938 Unde
2298 2883 2435 2936 duas
2489 2885 2878 2952 generationes
2918 2898 3039 2938 esse
3083 2883 3415 2940 credimus:

1842 2973 2100 3028 eumdem
2128 2973 2280 3026 enim
2309 2988 2409 3041 per
2437 2972 2575 3026 duas
2611 2982 2838 3026 naturas
2866 2973 3101 3027 exivisse
3129 2988 3237 3027 non
3265 2976 3420 3027 simi-

1845 3065 1990 3126 liter.
2032 3064 2129 3120 sed
2163 3063 2511 3118 dissimiliter
2543 3055 2878 3129 didicimus;
2907 3063 3066 3118 aliter
3093 3080 3330 3133 namque
3351 3080 3418 3118 ex

167 3159 376 3213 stantia
406 3159 592 3214 secta?
625 3160 854 3217 fortasse
877 3170 1060 3232 partes
1087 3163 1510 3218 substantiaezat
1531 3161 1740 3217 dictum
1774 3177 1815 3233 ο
1849 3163 2010 3216 Patre
2037 3159 2257 3230 genitus
2279 3168 2384 3222 est,
2403 3167 2458 3212 et
2483 3159 2645 3212 aliter
2673 3174 2738 3213 ex
2761 3169 2960 3214 matre.
2978 3159 3244 3214 Caeterum
3273 3159 3418 3213 idem

166 3261 253 3307 est
289 3263 480 3322 partes
505 3255 826 3308 substantia:
866 3255 1201 3310 substantias
1222 3271 1372 3321 esse;
1402 3257 1570 3325 igitur
1597 3257 1743 3310 indi-

167 3344 340 3398 vidua
357 3355 467 3407 est,
500 3345 849 3413 impartibilis
875 3345 1184 3400 substantia
1228 3365 1242 3400 :
1277 3347 1421 3400 sicut
1450 3347 1597 3400 enim
1633 3361 1743 3400 non

169 3441 359 3501 potest
419 3434 596 3487 secari
631 3435 847 3502 sphwra
880 3442 976 3488 aut
1023 3436 1288 3500 circulus,
1318 3444 1375 3490 ct
1408 3436 1590 3491 facere
1624 3453 1747 3490 rur-

167 3538 267 3577 sus
293 3523 542 3592 spbzeras
568 3525 651 3578 vel
680 3526 947 3591 circulos;
982 3525 1062 3581 sic
1088 3542 1197 3580 non
1226 3527 1592 3595 potestdivisa
1611 3527 1743 3581 sub-

167 3615 376 3668 stantia
401 3614 583 3668 facere
601 3617 961 3684 particulares
988 3618 1327 3672 substantias
1357 3634 1456 3687 per
1476 3635 1532 3672 se
1550 3635 1670 3673 esse
1695 3631 1741 3671 ι.

242 3705 390 3760 XIII.
435 3705 514 3760 Ne
560 3706 726 3774 igitur
750 3709 874 3776 quis
931 3707 1135 3762 frustra
1187 3709 1434 3773 laboret,
1471 3718 1532 3762 ut
1588 3709 1746 3764 vanis

170 3795 488 3850 rationibus
504 3793 842 3851 demonstret
861 3797 1005 3866 quod
1022 3797 1388 3853 demonstrari
1415 3815 1524 3852 non
1544 3809 1744 3868 potest,

169 3900 296 3940 esse
333 3886 550 3940 scilicet
583 3885 842 3940 unionem
880 3886 1277 3940 incarnationis
1328 3887 1492 3941 Verbi
1546 3887 1746 3941 factam

172 3973 230 4027 in
263 3973 484 4027 naturis
513 3974 959 4042 particularibus,
990 3982 1175 4028 etnon
1214 3976 1606 4044 generalibus;
1633 3992 1744 4045 quo

169 4064 402 4134 quidem
435 4063 607 4117 miror
635 4063 912 4133 quomodo
961 4079 1072 4117 non
1099 4079 1195 4118 eos
1245 4065 1451 4133 pudet,
1486 4065 1581 4134 qui
1642 4067 1747 4120 hoc

170 4157 366 4212 dicunt
404 4172 418 4208 :
447 4164 532 4209 est
559 4156 706 4208 enim
741 4171 851 4209 non
881 4156 1066 4209 minus
1092 4155 1158 4208 ad
1188 4156 1607 4226 intelligendum
1637 4158 1745 4212 dif-

171 4248 338 4313 ficile,
368 4263 532 4316 quam
569 4246 785 4300 ditIicile
815 4257 898 4300 est
931 4247 1171 4319 gryphos
1204 4247 1582 4318 interpretari.
1611 4249 1746 4305 Cum

171 4340 323 4395 enim
379 4337 685 4394 substantia
718 4337 990 4409 significet
1015 4356 1161 4406 esse,
1217 4351 1275 4394 et
1307 4341 1493 4394 omnia
1535 4341 1749 4395 scilicet

172 4446 296 4500 qua:
337 4438 465 4482 sunt
520 4429 873 4493 substantia},
905 4429 1158 4482 similiter
1189 4430 1484 4484 essentiam
1519 4431 1748 4500 partici-

1846 3260 1948 3314 est,
2004 3251 2109 3305 etsi
2157 3264 2270 3303 non
2319 3248 2625 3302 secundum
2677 3248 2820 3302 idem
2864 3267 2876 3302 :
2913 3249 3233 3304 diﬂ‘erentia
3270 3251 3418 3302 enim

1846 3341 2278 3396 substantiarum
2326 3339 2608 3394 unitarum
2654 3339 2976 3394 differentes
3037 3342 3424 3410 generationes

1848 3432 2004 3496 fecit;
2069 3439 2126 3484 et
2171 3439 2405 3498 utraque
2449 3436 2537 3483 est
2593 3428 2960 3482 excellentior
3003 3437 3060 3482 et
3119 3428 3422 3483 admirabi—

1847 3522 1970 3584 lior,
2023 3536 2189 3589 quam
2235 3529 2297 3573 nt
2343 3518 2704 3586 intelligentia
2756 3517 3150 3587 comprehendi
3197 3526 3366 3584 queat
3403 3536 3419 3570 :

1848 3611 2061 3665 tametsi
2093 3626 2235 3664 unus
2254 3619 2360 3670 est.
2385 3610 2474 3663 cui
2499 3609 2739 3678 dignitas
2760 3608 2948 3671 datur,
2983 3608 3126 3662 sicut
3156 3608 3210 3661 in
3239 3607 3420 3673 nobis,

1848 3712 1904 3756 ut
1940 3703 2044 3755 hac
2077 3701 2493 3769 comparatione
2525 3710 2771 3764 utamur,
2800 3714 2867 3754 ex
2893 3713 3123 3765 corpore
3157 3707 3211 3752 et
3240 3699 3422 3753 anima

1848 3808 1971 3864 quae
1999 3793 2228 3846 diversae
2257 3800 2466 3845 natum
2491 3801 2639 3855 sunt,
2665 3807 2808 3846 unus
2829 3789 3082 3845 exsistit:
3117 3805 3242 3844 eum
3270 3790 3419 3844 enim

1846 3888 1941 3954 qui
1973 3895 2099 3940 ante
2132 3888 2329 3938 saecula
2358 3892 2464 3948 est,
2494 3892 2551 3937 et
2576 3883 2901 3937 saaculorum
2934 3888 3154 3946 auctor,
3187 3880 3275 3936 vel
3305 3896 3423 3936 tne-

1847 3976 2113 4033 diocriter
2131 3989 2349 4042 assequi
2376 3974 2718 4044 impossibile
2752 3982 2858 4027 est.

1917 4068 2054 4122 XVI.
2081 4067 2252 4120 Nemo
2283 4081 2414 4120 vero
2435 4081 2500 4119 ex
2534 4066 2603 4119 iis
2634 4065 2728 4134 qui
2760 4075 2914 4119 extra
2945 4064 3246 4119 Ecclesiam
3271 4073 3422 4129 sunt,

1846 4176 1912 4215 ea
1943 4174 2064 4228 qua:
2089 4157 2353 4220 diximus,
2383 4166 2592 4226 carpat,
2623 4166 2678 4210 et
2712 4171 2867 4210 more
2913 4172 3016 4210 suo
3047 4157 3192 4210 hanc
3220 4156 3426 4210 doctri-

1846 4267 1976 4308 nam
2029 4250 2258 4312 laecret,
2284 4256 2340 4302 et
2380 4255 2637 4315 tanquam
2669 4261 2763 4300 sus
2789 4245 3062 4315 fulgentes
3094 4245 3424 4314 margaritas

1849 4346 2021 4400 illotis
2062 4343 2296 4414 pedibus
2342 4346 2606 4408 proterat.
2660 4337 2982 4408 lgnorantes
3021 4337 3171 4390 enim
3207 4351 3330 4406 quze
3355 4336 3427 4390 sit

1850 4447 2002 4493 certa
2042 4445 2100 4491 et
2133 4445 2248 4489 tuta
2281 4431 2533 4485 doctrina
2577 4429 2647 4484 de
2688 4430 2758 4484 iis
2805 4445 2927 4499 qua:
2960 4429 3298 4493 didicerunt,
3331 4443 3430 4482 au-

174 4529 346 4590 pent,
405 4519 538 4588 quid
582 4534 775 4573 eorum
831 4521 1136 4574 secundum
1179 4522 1447 4575 rationem
1494 4523 1749 4576 essentia:
1775 4510 1936 4588 Ddaq

1662 4523 1749 4576 ιίω
1775 4510 1826 4569 θ
1851 4534 2042 4588 dacter
2061 4536 2254 4583 contra
2279 4523 2514 4578 verbum
2541 4521 2796 4575 veritatis
2835 4521 3110 4582 insiliunt,
3136 4519 3423 4588 aiuntque,

175 4613 364 4667 minus
383 4619 490 4676 est,
508 4621 570 4665 ut
596 4612 731 4665 illud
784 4611 1134 4681 particularis
1171 4627 1234 4666 ac
1278 4612 1574 4683 singularis
1613 4615 1747 4668 sub-

172 4707 381 4760 stantia
414 4705 631 4759 dicatur
654 4706 677 4758 ?
698 4720 824 4759 cum
855 4705 1060 4774 alioqui
1094 4705 1398 4760 substantia
1423 4706 1628 4775 aliquid
1657 4723 1749 4776 ge-

173 4799 390 4861 nerale,
417 4811 529 4851 non
557 4803 740 4850 autem
787 4795 1105 4866 singulare!
1137 4796 1381 4852 declaret
1418 4814 1432 4850 :
1481 4812 1547 4851 ac
1575 4813 1750 4868 genus

174 4890 402 4960 quidem
461 4888 934 4956 generalissimum
993 4888 1335 4954 audivimus,
1399 4897 1456 4944 et
1505 4889 1746 4959 speciem

173 4978 666 5048 specialissimam;
699 4993 870 5046 genus
895 4992 1027 5032 vero
1048 4976 1547 5047 singularissimum
1599 4996 1747 5035 nunc

176 5069 420 5137 primum
456 5066 743 5121 discimus.
802 5066 917 5120 Etsi
972 5066 1120 5121 enim
1181 5068 1432 5136 quaedam
1483 5069 1747 5125 dicuntur

176 5176 382 5232 genera
412 5159 745 5229 specierum,
792 5160 938 5214 sicut
973 5159 1151 5215 media
1185 5177 1309 5232 quae
1331 5162 1594 5217 dicuntur
1625 5179 1750 5234 spe-

177 5255 292 5308 cies
313 5267 603 5322 generum,
648 5259 705 5305 et
735 5251 850 5320 ipsa
893 5261 1022 5306 sunt
1057 5252 1291 5308 aliarum
1319 5254 1629 5323 specierum
1661 5271 1753 5326 ge-

180 5358 348 5405 nera;
381 5355 571 5395 verum
603 5341 720 5396 luec
748 5342 932 5396 omnia
962 5341 1029 5396 de
1049 5343 1302 5412 pluribus
1332 5344 1703 5414 pmdieantur
1736 5363 1750 5400 :

179 5433 326 5504 quod
352 5429 581 5502 quidem
611 5431 783 5501 magis
809 5441 894 5486 est
926 5433 1362 5501 communitatis,
1392 5450 1558 5503 quam
1584 5437 1754 5505 parti-

182 5522 512 5580 cularitatis.
537 5521 706 5592 Igitur
730 5522 877 5594 quod
914 5538 1206 5581 commune
1233 5534 1338 5592 est,
1371 5540 1484 5580 non
1511 5534 1599 5582 est
1629 5542 1756 5597 par-

1853 4623 2065 4680 scntire
2100 4628 2342 4674 sanctam
2373 4613 2704 4669 Trinitatem
2727 4611 2880 4666 carni
2921 4610 3128 4664 unitam
3158 4624 3301 4671 esse,
3332 4607 3427 4677 qui

1852 4711 2360 4785 quomodocunque
2413 4706 2550 4759 dicit
2584 4719 2750 4760 unam
2787 4703 3130 4757 divinitatem
3168 4701 3426 4755 substan-

1852 4807 1943 4859 tia:
1970 4817 2114 4865 esse,
2139 4808 2195 4855 et
2227 4799 2373 4852 hanc
2406 4794 2705 4848 confitetur
2728 4807 2856 4846 cum
2879 4799 3073 4845 natura
3097 4795 3286 4843 nostra
3308 4801 3429 4841 esse

1854 4891 2164 4961 copulatam
2199 4905 2211 4940 :
2239 4895 2298 4940 et
2316 4887 2448 4939 dum
2493 4882 2856 4937 temeritatem
2889 4879 3094 4934 mentis
3132 4893 3246 4933 suae
3276 4886 3432 4946 pate-

1855 4982 2067 5037 faciunt
2109 4987 2163 5033 et
2213 4974 2616 5030 absurditatem
2679 4987 2843 5042 quam
2902 4970 3013 5040 piis
3067 4968 3426 5032 induxerunt,

1851 5075 2045 5143 fugere
2095 5068 2388 5131 videntur;
2446 5066 2604 5119 aiunt
2631 5065 2838 5117 habere
2865 5061 3110 5117 Verbum
3150 5059 3429 5130 propriam

1854 5174 2130 5223 naturam,
2177 5159 2328 5214 Patri
2372 5166 2427 5212 et
2473 5154 2706 5226 Spiritui
2759 5163 2949 5209 sancto
2990 5151 3428 5212 connaturalem,

1854 5270 1977 5324 quae
2007 5252 2167 5307 nobis
2211 5266 2312 5320 per
2356 5247 2796 5302 incarnationem
2843 5261 2911 5301 ex
2961 5241 3230 5298 charitate
3278 5238 3431 5294 unita

1854 5356 1962 5402 est.
2005 5344 2174 5398 Miror
2220 5343 2338 5412 ipse
2373 5341 2478 5394 hoc
2527 5347 2639 5392 tam
2685 5338 2978 5400 absonum,
3014 5334 3292 5403 velimque
3343 5330 3432 5386 di-

1855 5452 1980 5493 cere
2032 5437 2086 5489 in
2139 5435 2305 5488 istum
2352 5447 2453 5502 pro
2496 5431 2735 5493 viribus,
2769 5445 2892 5498 quae
2918 5426 3429 5483 conveniuntznon

1857 5542 2030 5598 arguo
2077 5540 2247 5587 nunc,
2290 5523 2537 5592 possitne
2586 5521 2730 5575 Deus
2792 5534 3012 5575 carnem
3073 5514 3298 5572 indutus
3331 5511 3431 5566 ha-

1489 5676 1722 5734 VARIAL
1752 5675 2152 5733 LECTIONES.

260 5793 280 5819 ⁸
313 5785 408 5839 Ρη
459 5802 510 5837 se
545 5803 666 5838 ius-or.
701 5784 1023 5856 -.'mo:‘.ﬁut,
1052 5789 1398 5858 supposuere.

1480 5798 1504 5837 3
1536 5787 1840 5859 Singula".
1873 5787 2035 5856 ξδτκή,
2070 5782 2376 5852 ναιίὶίισιαοη
