4462 6440
880 362 1012 421 134:3

2011 368 2073 427 Β.
2115 364 2512 425 ANASTASII
2555 366 3019 431 ANTIOCHENI

4011 369 4157 431 13-24

877 476 1005 524 lure
1054 473 1335 540 propriam
1383 482 1659 535 naturam,
1702 487 1769 526 au
1818 488 1961 539 non;
2000 474 2094 528 sed
2129 473 2451 527 demonstro
2482 474 2523 528 Α
2556 474 2822 528 habitudo
2864 477 3087 546 quidem
3112 476 3378 531 naturalis
3407 486 3491 531 est
3542 476 3607 530 ad
3633 492 3781 540 eum,
3821 479 3886 532 ad
3917 478 4155 533 Patrem

873 577 999 614 eum
1045 562 1139 629 qui
1172 563 1287 617 lucc
1330 563 1486 626 dicit,
1527 579 1638 616 non
1676 578 1835 632 posse
1861 564 2071 617 sentire
2102 578 2224 617 esse
2253 562 2448 616 Filium

874 654 1021 706 Patri
1071 655 1602 708 consubstantialem
1665 674 1676 707 :
1729 671 1892 709 onme
1950 656 2098 709 enim
2145 654 2291 724 quod
2365 665 2452 708 est

875 744 1040 798 unius
1091 746 1449 810 substantiar,
1504 746 1753 801 eamdem
1804 746 2076 800 rationem
2129 747 2451 800 substantee

875 836 1105 904 recipit;
1135 846 1192 889 et
1232 837 1475 892 vicissim
1507 854 1668 892 onmc
1713 838 1859 906 quod
1898 838 2148 893 eamdem
2182 840 2449 892 rationem

874 926 1201 981 substantiae
1248 929 1467 997 recipit,
1522 929 1692 982 unius
1724 938 1782 982 et
1825 930 2073 998 ejusdem
2132 929 2451 983 substantiae

873 1026 959 1071 est
993 1036 1006 1071 :
1054 1030 1112 1073 et
1144 1029 1358 1081 contra,
1391 1021 1537 1089 quod
1566 1030 1787 1076 nonest
1819 1021 2067 1091 ejusdem
2102 1021 2449 1084 substantim,

874 1125 977 1163 nec
1000 1110 1249 1163 eamdem
1284 1112 1555 1165 rationem
1581 1114 1810 1181 recipit;
1842 1123 1898 1164 et
1932 1111 2076 1180 quod
2118 1128 2226 1164 non
2257 1112 2454 1181 recipit

874 1202 1128 1255 caunlem
1187 1203 1484 1270 rationem,
1528 1220 1631 1258 nec
1686 1205 1931 1272 ejusdem
1969 1204 2291 1257 substantiae
2332 1219 2453 1258 esse

877 1306 1081 1363 potest.
1130 1298 1347 1366 Eligant
1376 1297 1563 1363 igitur,
1615 1305 1798 1348 utrum
1834 1296 2006 1349 velint
2039 1312 2052 1347 :
2084 1296 2452 1363 undecunque

876 1398 1134 1439 oecurrct
1162 1388 1242 1440 eis
1263 1387 1585 1440 absurdmn.
1611 1385 1665 1439 Si
1694 1386 1868 1439 Filius
1900 1386 2149 1439 eamdem
2182 1388 2449 1441 rationem

876 1474 1198 1528 substantiae
1232 1491 1356 1529 cum
1395 1476 1554 1528 Patre
1594 1476 1811 1544 recipit,
1866 1492 1973 1529 una
2023 1477 2334 1531 substantia
2367 1487 2455 1532 est

875 1563 1055 1616 Patris
1076 1572 1131 1617 ct
1167 1564 1326 1617 Filii:
1353 1573 1407 1618 et
1439 1567 1752 1618 communis
1773 1566 2026 1619 delinitio
2050 1568 2131 1621 eis
2165 1568 2448 1622 reddetur.

875 1653 947 1705 At
988 1654 1269 1720 quomodo
1307 1654 1455 1722 quod
1495 1656 1867 1708 communiter
1906 1655 2181 1719 redditur,
2207 1658 2450 1726 particu-

875 1742 988 1795 lare
1024 1744 1169 1796 erit?
1215 1744 1300 1796 sin
1346 1754 1531 1799 autem
1563 1762 1671 1799 non
1705 1746 1956 1801 eamdem
1977 1748 2361 1802 deﬁnitionem
2395 1760 2452 1803 et

2555 565 2788 629 scilicet,
2845 583 2910 621 ex
2953 583 3062 636 quo
3118 568 3328 623 Filius:
3362 569 3532 623 Filius
3581 586 3712 624 vero
3756 571 4015 640 ejusdem
4066 571 4160 622 di-

2555 658 2803 711 vinitatis
2863 667 2950 711 est
2998 674 3121 712 cum
3195 660 3377 713 Patre.
3430 662 3639 715 Rursus
3694 662 3843 714 enim
3900 662 4159 715 dicimus

2554 746 2918 801 substantiam
2969 749 3358 818 particularem
3392 750 3596 804 habere
3631 752 4041 814 characterem,
4095 753 4158 803 ﬁ-

2553 838 2834 892 liationcm
2865 856 2877 891 :
2904 841 3006 894 hac
3025 842 3171 895 enim
3194 842 3400 895 dicitur
3421 858 3540 896 esse
3561 845 3845 897 character
3864 854 4151 913 paternae,

2554 944 2662 981 non
2703 929 2926 997 quidem
2962 943 3204 997 naturte;
3244 934 3375 986 illud
3402 935 3547 987 enim
3582 934 3760 1002 ipsqu
3794 947 3882 989 est
3914 943 4150 995 natura,

2553 1020 2699 1088 quod
2737 1020 2898 1074 Pater
2941 1031 3055 1087 cst;
3084 1024 3178 1077 sed
3215 1025 3545 1093 hypostasis,
3588 1025 3640 1078 id
3674 1036 3778 1087 est,
3831 1042 4093 1095 personae
4136 1046 4146 1076 :

2557 1119 2744 1178 utpote
2796 1110 3039 1165 inferens
3082 1130 3269 1167 secum
3326 1116 3563 1174 Patrem,
3597 1115 3757 1168 simul
3795 1129 3852 1168 ut
3884 1116 4153 1168 nomina-

2560 1210 2644 1253 tus
2669 1210 2752 1254 est
2797 1201 2968 1256 Filius
2994 1204 3294 1258 secundum
3334 1207 3711 1260 habitudinem
3742 1206 4042 1274 categorize
4078 1207 4149 1259 ad

2555 1292 2791 1359 aliquid;
2836 1309 2957 1361 qua:
2990 1302 3094 1358 cst,
3142 1311 3266 1350 cum
3304 1298 3354 1349 id
3402 1298 3545 1367 quod
3593 1307 3697 1358 est,
3749 1298 3986 1351 alterius
4018 1314 4149 1352 esse

2555 1384 2777 1446 dicitur,
2828 1396 2885 1440 ut
2944 1387 3114 1441 Filius
3161 1388 3338 1442 Patris
3376 1398 3460 1440 est
3503 1387 3668 1453 ﬁlius,
3711 1398 3768 1442 ct
3806 1388 3970 1441 Pater
4019 1388 4147 1441 Filii

2554 1488 2729 1544 pater,
2789 1477 2917 1546 quia
2962 1494 3059 1547 per
3098 1479 3276 1546 ipsum
3313 1478 3579 1531 habentes
3623 1494 3715 1531 acc
3746 1495 3906 1532 ssmtt
3939 1478 4006 1532 ad
4043 1478 4148 1532 Pa-

2557 1574 2715 1627 trem,
2747 1579 2804 1620 et
2840 1568 2954 1636 ipsc
2991 1578 3075 1621 est
3107 1569 3367 1636 magister
3394 1577 3601 1631 noster,
3635 1578 3691 1621 et
3728 1579 3927 1623 auctor
3953 1569 4148 1639 cogni-

2556 1658 2722 1713 tionis
2763 1661 2912 1729 ejus;
2958 1661 3103 1715 sicut
3151 1662 3294 1716 idem
3332 1661 3473 1715 dixit
3524 1661 3670 1715 Patri
3726 1680 3739 1716 :
3793 1662 4147 1730 Mauifeslori

2557 1766 2743 1802 nmneu
2775 1759 2921 1803 tuum
2965 1753 3259 1806 hominibus
3290 1754 3369 1818 ";
3414 1753 3785 1807 manifestavit
3815 1764 4006 1807 autem
4038 1771 4145 1807 no-

876 1834 1146 1887 rationem
1173 1835 1388 1903 recipit,
1415 1852 1524 1889 non
1549 1838 1657 1890 erit
1684 1854 1792 1891 una
1830 1838 2137 1913 substantia
2174 1858 2185 1891 :
2216 1856 2452 1908 quorum
2487 1818 2526 1871 Β
2558 1854 2681 1891 men
2734 1854 2841 1891 non
2879 1849 2938 1893 ut
2976 1841 3108 1905 Dei;
3158 1841 3264 1895 hoc
3319 1843 3469 1895 enim
3509 1843 3618 1911 jam
3666 1843 3797 1895 olim
3852 1844 4145 1912 cognitum

876 1933 1058 1977 autem
1079 1940 1185 1977 non
1202 1939 1285 1980 ρει
1301 1925 1608 1979 substantia
1630 1927 2176 1983 consubstantialitas
2193 1945 2303 1982 non
2324 1931 2450 1985 erit.

878 2016 1033 2067 Sicut
1068 2017 1215 2068 enim
1242 2033 1363 2085 quze
1386 2017 1633 2086 ejusdcm
1667 2018 1994 2071 substantiae
2028 2029 2180 2080 sunt.
2216 2021 2454 2075 consub-

875 2107 1153 2160 stantialia
1201 2116 1366 2171 sunt,
1409 2109 1489 2161 sic
1531 2124 1655 2177 ane
1704 2126 1815 2162 non
1862 2117 1995 2163 sunt
2040 2111 2290 2181 ejusdem
2319 2112 2451 2165 sub-

874 2202 1110 2261 stantize,
1145 2217 1253 2256 non
1281 2212 1411 2256 sunt
1438 2205 1963 2258 ci‘nmtlistantialia:
1985 2204 2263 2273 quomodo
2288 2207 2455 2276 igitur

874 2292 1034 2345 aiunt
1068 2292 1267 2345 Filium
1293 2309 1414 2346 esse
1447 2294 1595 2347 Patri
1631 2295 2179 2360 consubstantialem,
2207 2297 2454 2351 tribucno

875 2400 959 2444 tes
989 2390 1040 2444 ci
1071 2390 1457 2458 particularem
1483 2390 1892 2444 substantiam?
1918 2390 2272 2459 particularis
2302 2392 2449 2445 enim

872 2496 995 2535 esse
1038 2498 1147 2536 non
1197 2489 1397 2551 potest,
1441 2497 1563 2550 qua:
1596 2497 1721 2535 cum
1755 2482 1930 2535 altero
1975 2481 2117 2535 facta
2173 2490 2258 2535 est
2300 2497 2453 2536 com-

874 2572 1081 2625 munis.

946 2661 1103 2715 XVII.
1146 2661 1287 2727 Quid
1320 2676 1452 2731 ergo
1486 2661 1675 2715 dicent
1726 2676 1848 2715 esse
1885 2662 2029 2716 hanc
2059 2663 2451 2732 particularem

874 2752 1291 2806 substantiam?
1327 2752 1382 2806 Si
1432 2754 1620 2807 dicant
1652 2769 1775 2807 esse
1819 2753 2140 2807 ﬁliationem
2170 2774 2181 2808 :
2215 2756 2452 2825 priumm

874 2857 985 2894 non
1035 2850 1122 2895 est
1162 2842 1356 2895 ﬁliatio
1409 2843 1724 2897 substantia
1757 2861 1769 2895 :
1802 2842 2036 2910 deinde,
2065 2846 2173 2899 etsi
2210 2847 2373 2900 detur
2401 2858 2453 2901 ct

874 2935 1214 2988 concedatur
1260 2936 1365 2989 hoc
1388 2976 1402 2999 ,
1431 2950 1633 2998 rursus
1661 2934 2029 2988 concludetur
2062 2935 2114 2988 in
2148 2953 2244 2991 eos
2270 2937 2451 2990 diver-

873 3026 1012 3080 sitas
1052 3027 1398 3080 substantim.
1441 3026 1598 3081 Sicut
1637 3026 1784 3079 enim
1840 3042 1950 3080 non
1977 3036 2063 3081 est
2090 3028 2282 3081 eadem
2314 3029 2455 3084 ratio

2554 1940 2695 1990 erat,
2737 1931 2832 1984 sed
2862 1941 2921 1986 ut
2951 1932 3128 1986 Patris
3161 1951 3174 1986 :
3212 1934 3325 2003 ipse
3359 1934 3509 1987 enim
3549 1936 3922 2003 cognitionem
3957 1936 4147 1990 Patris

2555 2021 2841 2074 revelavit.

2626 2108 2810 2163 XVI".
2879 2110 3023 2166 Usus
3077 2126 3197 2165 sum
3232 2120 3311 2166 tot
3355 2112 3817 2183 digressionibus,
3869 2112 4008 2180 quia
4047 2128 4144 2165 vo-

2548 2202 2745 2255 lebam'
2790 2202 3199 2266 demonstrare,
3259 2204 3407 2273 quod
3480 2220 3609 2273 pars
3657 2205 3984 2259 substantiae
4029 2220 4142 2257 non

2553 2302 2671 2357 est;
2714 2304 2773 2347 ut
2823 2293 2971 2348 dicat
3021 2296 3243 2364 aliquis,
3282 2294 3479 2349 factam
3536 2311 3657 2351 esse
3693 2296 4141 2351 incarnationem

2554 2385 2888 2439 assumendo
2937 2395 3151 2454 partem
3202 2386 3433 2440 alterius
3474 2387 3850 2440 substantim:
3902 2396 3961 2440 et
4010 2387 4143 2456 quia

2554 2473 2809 2527 nolebam
2856 2474 3139 2544 corrigere
3178 2489 3372 2528 eorum
3408 2474 3729 2543 opinionem
3771 2475 3867 2543 qui
3917 2481 4141 2545 putant,

2556 2581 2685 2619 eum
2715 2565 2808 2635 qui
2834 2566 2971 2619 dicit
2998 2565 3361 2619 substantiam
3390 2566 3656 2635 integram
3683 2575 3704 2601 ι
3728 2565 3894 2619 Verbi
3928 2566 4142 2619 unitam

2553 2673 2674 2712 esse
2723 2658 2899 2720 carni,
2935 2658 3154 2711 Patrem
3203 2665 3261 2711 et
3299 2655 3569 2725 Spiritum
3597 2668 3852 2711 sanctqu
3889 2656 3959 2711 ad
3987 2672 4141 2712 moo—

2556 2748 2797 2801 nomiam
2833 2748 3231 2802 incarnationis
3276 2748 3495 2803 deferre
3528 2765 3544 2802 :
3576 2749 3721 2819 quod
3751 2748 3979 2817 quidem
4032 2765 4142 2803 non

2556 2855 2677 2893 esse
2706 2840 3101 2901 necessarium,
3124 2841 3262 2895 satis
3288 2840 3791 2895 demonstravimus
3816 2841 3884 2895 iis
3909 2841 4005 2909 qui
4029 2856 4142 2895 non

2558 2933 2924 2994 contentiose,
2974 2932 3070 2985 sed
3124 2933 3389 2987 benevole
3421 2933 3475 2985 in
3516 2934 3688 2986 Deum
3719 2932 3807 3001 pia
3849 2940 3907 2985 et
3947 2931 4138 2985 divina

2557 3038 2700 3077 vera:
2749 3023 2873 3077 ﬁdei
2906 3032 3108 3079 nostr.e
3138 3023 3390 3093 dogmata
3422 3023 3705 3092 accipiunt
3740 3040 3754 3074 :
3785 3022 3963 3076 Filius
3990 3023 4143 3077 enim

874 3120 1231 3187 paternitatis
1264 3128 1320 3173 ct
1370 3118 1681 3181 ﬁliationis,
1730 3120 1813 3174 sic
1859 3135 1969 3173 non
2019 3118 2127 3173 erit
2160 3120 2332 3175 Filius
2366 3138 2454 3175 se-
2482 3133 2531 3194 ο
2558 3130 2667 3168 non
2690 3125 2775 3169 ρει
2806 3114 3136 3180 substantia,
3171 3115 3266 3169 sed
3298 3115 3615 3185 hypostasis
3648 3114 3910 3175 ἐνούσιος.
3951 3113 4009 3167 id
4036 3124 4141 3177 est.

876 3205 1120 3259 cundum
1173 3205 1326 3273 ipsos
1354 3207 1521 3259 unius
1553 3215 1608 3260 ct
1658 3207 1907 3275 ejusdem
1954 3222 2078 3261 cum
2126 3208 2286 3262 Patre
2330 3209 2461 3263 sub-

879 3293 1097 3346 stanti:e
1131 3311 1143 3345 :
1173 3309 1293 3362 qua!
1315 3304 1499 3346 autem
1531 3310 1640 3346 non
1670 3303 1799 3347 sunt
1834 3294 2081 3364 ejusdem
2107 3295 2455 3362 substantize,

881 3399 1047 3437 nemo
1097 3386 1321 3454 negabit
1354 3402 1463 3440 non
1498 3402 1619 3441 esse
1663 3388 2181 3442 consubstantialia.
2232 3391 2459 3445 Desinat

877 3491 1013 3544 ergo
1058 3476 1161 3530 ista
1208 3479 1509 3531 verborum
1554 3479 1768 3533 vanitas
1813 3496 2031 3545 eorum,
2068 3482 2162 3551 qui
2204 3498 2456 3539 commu-

880 3584 1007 3621 nem
1042 3579 1099 3622 et
1148 3570 1544 3637 particularem
1568 3571 1934 3625 substantiam
1961 3572 2189 3628 dicunt:
2224 3574 2456 3629 demon-

878 3668 1111 3713 stratum
1145 3660 1290 3713 enim
1343 3670 1427 3714 est
1457 3663 1700 3730 copiose,
1755 3678 1862 3716 non
1925 3678 2047 3718 esse
2094 3665 2454 3721 substantiam

879 3747 1274 3814 particularem
1312 3767 1325 3801 :
1364 3751 1457 3818 qui
1500 3751 1647 3803 enim
1684 3752 1937 3806 nominat
1978 3754 2291 3823 aliquorum
2325 3757 2457 3812 sub-

877 3837 1160 3898 stantiam,
1192 3841 1515 3894 neccssario
1542 3855 1891 3896 communem
1920 3844 2192 3913 signiﬁcat
2228 3864 2457 3918 :super-

878 3944 1185 3982 vaeancum
1231 3930 1399 3998 igitur
1443 3940 1528 3985 est
1559 3932 1767 3987 addere
1798 3934 2121 3991 substantia:
2154 3955 2451 4008 tommzme;

879 4020 1112 4087 perinde
1148 4022 1296 4073 enim
1343 4032 1451 4085 est,
1486 4033 1548 4076 ut
1585 4024 1629 4076 si
1663 4025 1787 4092 quis
1825 4024 1973 4080 dicat
2002 4045 2274 4084 commune
2315 4050 2455 4087 com-

881 4110 1199 4163 munitatem
1233 4128 1250 4163 :
1289 4119 1345 4163 et
1394 4113 1571 4167 multo
1623 4115 1799 4183 magis
1841 4131 2313 4185 supervacaneum
2370 4133 2455 4179 est

880 4198 1067 4253 dicere
1119 4200 1508 4268 particularem
1579 4204 1981 4270 substantiam;
2030 4208 2178 4276 quod
2229 4211 2451 4279 quidem

880 4306 991 4343 non
1026 4300 1109 4344 eSt
1137 4292 1284 4344 aliud
1312 4307 1475 4360 quam
1501 4292 1687 4349 dicere
1712 4311 2067 4353 communem
2101 4302 2451 4370 particulari-

883 4392 1068 4436 talem.
1091 4382 1303 4436 Idcirco
1320 4384 1579 4438 doctores
1608 4386 1867 4442 Eeclesim
1891 4391 2112 4459 proprie
2143 4392 2448 4461 loquentes,

2562 3207 2925 3261 substantiam
2957 3207 3187 3261 habens.
3220 3207 3374 3272 Quod
3402 3207 3448 3261 si
3482 3206 3788 3261 substantia
3816 3214 3925 3269 est,
3954 3216 4017 3261 ut
4039 3206 4144 3260 hoc

2563 3314 2712 3353 nunc
2759 3298 3161 3361 concedamus;
3208 3307 3264 3352 at
3295 3314 3404 3351 non
3434 3306 3521 3352 est
3555 3298 3861 3351 substantia
3894 3299 4144 3367 particu-

2560 3390 2727 3444 laris:
2781 3397 2950 3444 totam
2984 3390 3132 3444 enim
3167 3388 3535 3443 substantiam
3572 3388 3781 3459 integre
3820 3388 4015 3452 habet,
4047 3390 4139 3458 qui

2558 3483 2680 3551 ejus
2713 3484 2991 3553 particeps
3022 3490 3127 3537 est.
3154 3484 3358 3537 Verum
3391 3483 3560 3551 igitur
3584 3491 3690 3546 est,
3730 3481 3878 3551 quod
3912 3482 4141 3545 dicitur.

2559 3574 2705 3643 quod
2751 3589 2816 3628 ex
2858 3573 3075 3629 duabus
3107 3573 3435 3628 substantiis
3472 3573 3739 3642 perfectis
3765 3574 3987 3628 exstitit
4036 3588 4141 3627 una

2560 3664 2873 3734 hypostasis
2918 3664 3146 3730 Christi,
3184 3666 3280 3734 qui
3317 3675 3401 3719 est
3450 3665 3618 3730 Deus,
3666 3666 3811 3720 sicut
3857 3666 4046 3732 Pater,
4096 3668 4140 3719 si

2557 3770 2686 3825 pars
2716 3764 2883 3820 esset,
2914 3764 2971 3810 ct
3006 3771 3117 3810 non
3142 3766 3317 3810 totum
3347 3757 3531 3826 :atqai
3558 3756 3704 3826 quod
3732 3757 3877 3811 Deus
3898 3759 4140 3827 appelle-

2558 3856 2667 3908 tur.
2702 3847 2887 3900 statim
2913 3846 3273 3911 docebimus;
3297 3846 3500 3902 deinde
3519 3846 3665 3917 quod
3690 3847 3892 3911 homo;
3927 3858 4140 3918 postea,

2556 3938 2702 4008 quod
2733 3938 3072 4007 compositus
3101 3953 3168 3992 ex
3202 3938 3464 3993 diversis.

2630 4029 2773 4083 XIX.
2813 4029 2962 4084 Dixit
3010 4045 3143 4099 ergo
3191 4029 3461 4084 Jeremias
3497 4029 3749 4085 indicans
3799 4029 3956 4085 hunc
3996 4050 4010 4085 :
4050 4031 4139 4085 llic

2558 4132 2632 4174 est
2666 4121 2801 4174 Deus
2840 4132 3036 4183 noster,
3078 4131 3125 4174 et
3165 4137 3268 4173 non
3313 4122 3666 4175 (estimabitur
3708 4122 3846 4176 alius
3887 4125 4141 4177 adversus

2555 4226 2692 4263 eum.
2723 4210 2820 4263 llic
2850 4210 3118 4263 adinvenit
3159 4225 3368 4263 omnem
3405 4212 3545 4263 viam
3577 4211 3887 4279 disciplina',
3921 4223 3973 4265 et
4003 4215 4141 4265 dedit

2556 4300 2708 4353 illam
2752 4299 2913 4354 Iacob
2955 4316 3117 4369 puero
3158 4317 3274 4364 suo,
3319 4309 3367 4353 et
3406 4300 3577 4355 Israel
3619 4300 3809 4355 dilecto
3855 4319 3977 4358 suo.
4018 4304 4141 4357 Post

2554 4391 2663 4443 lucc
2688 4390 2743 4442 in
2769 4391 2923 4443 terris
2953 4391 3093 4443 visus
3132 4399 3228 4454 est,
3258 4400 3305 4443 et
3333 4406 3452 4444 cum
3476 4392 3770 4445 hominibus
3803 4407 4140 4448 conversatus

879 4488 1173 4526 commune
1220 4475 1444 4543 quidem
1475 4490 1816 4534 vocaverunt
1865 4480 2272 4549 substantiam;
2322 4500 2449 4554 par-
2485 4455 2528 4509 θ
2556 4490 2628 4533 est
2656 4481 2723 4535 “.
2765 4480 2922 4547 Quod
2956 4492 3140 4535 autem
3172 4481 3278 4535 hoc
3309 4482 3635 4536 vaticinium
3684 4482 3752 4537 de
3790 4483 4021 4540 Christo
4064 4486 4139 4541 di-

885 4564 1112 4617 ticulare
1148 4580 1283 4618 vero
1326 4565 1442 4619 sive
1487 4568 1745 4635 speciale,
1770 4570 2108 4640 hypostasim
2139 4589 2153 4625 :
2185 4582 2246 4626 ut
2285 4575 2452 4629 homo

882 4671 1173 4710 commune
1215 4667 1337 4721 est;
1366 4658 1568 4727 aliquis
1612 4660 1798 4725 homo,
1840 4663 2194 4730 particulare,
2234 4664 2337 4719 hoc
2368 4676 2454 4720 est

885 4747 1219 4816 hypostasis;
1245 4747 1379 4801 illud
1408 4750 1715 4805 substantia
1742 4769 1753 4804 :
1778 4768 1879 4806 nec
1899 4753 2044 4806 enim
2068 4754 2268 4824 aliquis
2287 4756 2453 4811 homo

882 4853 993 4891 non
1033 4846 1120 4891 est
1164 4838 1351 4905 homo,
1388 4839 1484 4893 sed
1526 4851 1613 4895 est
1667 4842 1890 4911 quidem
1937 4843 2194 4910 ἐνοὺσιος,
2243 4846 2296 4900 id
2347 4857 2452 4913 est,

884 4930 938 4982 in
981 4929 1325 4993 substantia;
1374 4947 1483 4984 non
1519 4942 1701 4985 autem
1739 4934 2042 4989 secundum
2091 4935 2455 4993 substantiam

885 5019 1277 5086 particularem
1307 5031 1364 5073 et
1398 5032 1705 5090 separatam
1739 5039 1767 5077 a
1804 5026 2105 5090 communi,
2131 5025 2225 5079 sed
2255 5042 2456 5081 secun-

883 5108 1014 5160 dum
1045 5108 1316 5169 eamdem,
1355 5111 1656 5165 secundum
1689 5129 1853 5181 quam
1894 5114 2092 5184 singuli
2122 5131 2316 5171 omnes
2354 5119 2457 5173 sub

880 5198 1073 5251 eadem
1090 5198 1271 5267 specie
1293 5200 1474 5253 sortiti
1498 5210 1627 5255 sunt
1646 5201 2011 5255 substantiam
2034 5220 2047 5255 :
2078 5207 2457 5276 mmsquisque

880 5287 1030 5339 enim
1060 5288 1307 5341 eamdem
1338 5304 1466 5343 cum
1487 5290 1718 5358 reliquis
1740 5292 2011 5345 rationem
2038 5293 2238 5363 recipit
2259 5311 2271 5348 :
2292 5295 2458 5349 homo

879 5380 1032 5433 enim
1089 5391 1173 5435 est
1206 5385 1517 5437 conmmnis
1580 5385 1766 5449 homo,
1810 5394 1868 5440 et
1907 5387 2109 5456 aliquis
2162 5389 2352 5454 homo,
2402 5403 2459 5446 et

884 5480 1085 5525 neuter
1121 5481 1207 5526 est
1243 5474 1387 5541 plus,
1423 5483 1517 5529 aut
1572 5476 1757 5531 minus
1804 5478 1991 5533 homo.
2037 5480 2254 5537 Filiatio
2290 5483 2459 5554 igitur

962 5593 1000 5620 "
1041 5592 1194 5646 Joan.
1237 5610 1365 5656 xvu,
1402 5597 1451 5647 ti.
1533 5599 1576 5628 ’°
1626 5596 1836 5654 Barnch
1880 5618 1952 5663 tn.
2005 5603 2194 5660 56-58.

2275 5606 2316 5635 “
2359 5606 2501 5661 Psal.
2554 5624 2697 5672 sus,
2731 5609 2783 5662 1.

2555 4582 2704 4626 ctum
2741 4572 2833 4637 sit,
2862 4573 3024 4642 plane
3051 4573 3397 4627 demonstrat
3425 4575 3775 4629 conversatio
3800 4591 3931 4631 cum
3968 4578 4139 4633 homi-

2558 4664 2740 4727 nibus,
2797 4662 3023 4732 quando
3073 4678 3297 4718 carnem
3365 4665 3614 4734 suscepit
3672 4665 3840 4729 Deus,
3902 4666 3975 4723 de
4038 4685 4140 4740 quc

2558 4754 2732 4809 David
2764 4755 2976 4824 plectro
3008 4755 3247 4810 chordas
3295 4755 3620 4825 percutiens
3676 4757 3916 4812 canebat
3958 4778 3973 4814 :
4007 4760 4143 4815 Deus

2560 4848 2776 4900 deorum
2826 4846 2963 4900 Deus
3017 4846 3221 4901 locutus
3252 4856 3350 4911 est,
3383 4858 3433 4901 et
3472 4850 3674 4903 vocavit
3711 4857 3914 4903 terram
3934 4852 4016 4915 “;
4045 4861 4101 4907 et
4128 4871 4139 4904 :

2562 4936 2701 4991 Deus
2744 4937 3022 5005 manifeste
3056 4939 3226 4990 ueniet
3267 4938 3332 4991 ".
3367 4936 3436 4991 Et
3466 4953 3537 4993 ne
3583 4936 3725 4993 forte
3755 4940 4045 4996 existimes
4079 4942 4143 4996 de

2560 5029 2671 5082 alio
2721 5029 3003 5097 quopiam,
3048 5043 3214 5097 quam
3266 5028 3334 5082 de
3389 5028 3511 5098 ipso
3551 5028 3800 5099 pr:edici,
3832 5031 3987 5099 quod
4015 5031 4142 5086 sub-

2557 5121 2741 5191 jungit
2790 5120 3036 5175 declarat
3064 5136 3190 5173 eum
3226 5135 3370 5183 esse,
3404 5120 3498 5189 qui
3530 5128 3862 5189 potestatem
3886 5122 4087 5191 judicii
4115 5139 4143 5176 a

2558 5212 2717 5266 Patre
2760 5210 2993 5279 accepit,
3050 5211 3180 5279 quia
3238 5209 3413 5264 Filius
3460 5209 3704 5267 hominis
3737 5221 3857 5277 est;
3890 5213 4143 5281 sequitur

2555 5302 2743 5357 enim:
2780 5301 2924 5372 Ignis
2958 5302 3014 5354 in
3052 5310 3329 5370 conspectu
3355 5300 3468 5370 ejus
3497 5300 3721 5364 ardebit,
3758 5312 3807 5356 et
3842 5304 3897 5356 in
3924 5305 4141 5357 circuitu

2558 5395 2672 5463 ejus
2712 5404 2993 5463 tempestas
3022 5392 3236 5446 valida:
3269 5391 3541 5445 advocabit
3564 5392 3751 5447 omium
3782 5394 4063 5449 desursum
4098 5405 4142 5449 rt

2558 5497 2780 5552 terram,
2821 5485 3114 5539 discernere
3161 5483 3417 5555 populant
3468 5500 3623 5538 suum
3656 5485 3723 5539 ”.
3769 5485 3932 5553 Quod
3965 5498 4141 5543 autem

2860 5608 2905 5639 "
2949 5606 3081 5664 ibid.
3140 5608 3192 5661 3.
3268 5605 3314 5640 ³³
3347 5603 3481 5660 ibid.
3519 5606 3571 5670 5,
3608 5606 3656 5661 4.

2189 5720 2423 5777 ΥΑΙίΙέΕ
2467 5723 2874 5780 LECTIUNES.

1010 5777 1270 5843 [ntegrum
1332 5784 1607 5841 ἀγέμεν-μ,
