4462 6440
163 445 312 509 1345

1154 452 1436 511 (‘IIH'I'IO
1479 452 1590 511 III.
1628 476 1697 486 -
1726 449 1823 510 DE
1863 450 2453 512 INCAIINATIONE.

3297 452 3434 516 19.16

158 555 341 612 Pater
380 574 483 611 non
522 559 734 627 jmlicat
772 575 1087 629 quemquam
1132 559 1201 624 "‘,
1245 576 1312 612 ex
1365 562 1484 630 ipso
1519 559 1751 613 Domino
1779 563 1823 617 Α
1855 560 2159 628 prophetas
2204 558 2505 619 hominem,
2546 557 2639 628 qui
2690 567 2774 611 est
2810 557 3014 627 alioqui
3044 558 3206 613 Deus.
3245 560 3433 617 Iteliu—

155 650 505 706 audivimus.
535 652 681 707 Deus
721 654 889 722 igitur
916 654 1226 724 dijudicaus
1264 657 1526 724 populum
1561 670 1743 719 suum,

153 740 429 798 Christus
474 754 562 798 est
612 745 919 799 secundum
962 746 1382 801 humanitatem.

233 832 362 888 XX.
404 834 465 888 In
504 834 753 890 eamdem
798 838 1130 891 sententiam
1185 837 1396 891 dictum
1442 848 1528 891 est
1564 836 1741 891 illttd:

156 921 312 977 Deus
360 929 502 979 stetit
542 930 598 980 in
632 946 903 999 synagoga
954 929 1205 992 deorum;
1263 930 1317 982 in
1367 930 1536 982 medio
1574 939 1748 982 autem

157 1014 293 1067 deos
338 1016 647 1085 dijudicabit
679 1019 745 1071 ⁸⁸.
781 1018 994 1072 Clamat
1025 1027 1289 1088 pneterea
1321 1019 1493 1073 Oseas
1527 1034 1593 1073 ex
1624 1035 1750 1089 per-

158 1122 308 1161 sona
348 1109 470 1179 ejus
504 1110 865 1179 prophetaus,
894 1121 951 1165 et
976 1111 1167 1165 dicens
1206 1128 1218 1163 :
1258 1110 1392 1164 Deus
1424 1128 1540 1165 sum
1570 1120 1619 1163 et
1647 1127 1749 1164 non

158 1198 363 1262 homo;
392 1200 447 1254 in
489 1208 538 1251 te
564 1209 780 1253 sanctus
816 1202 883 1255 ".
917 1201 983 1255 Et
1007 1200 1175 1255 Isaias
1205 1200 1272 1254 ad
1303 1216 1430 1254 eum
1461 1200 1708 1255 referens
1734 1219 1747 1255 :

157 1286 229 1342 In
266 1299 344 1353 te,
378 1290 578 1359 inquit,
616 1301 693 1345 est
722 1292 885 1356 Deus,
922 1300 972 1345 et
1012 1309 1113 1344 non
1149 1303 1224 1345 est
1268 1294 1406 1347 alius
1434 1304 1625 1363 prrrter
1681 1309 1747 1348 te.

160 1380 240 1433 Tu
264 1382 414 1433 enim
435 1397 485 1434 es
507 1381 667 1447 Deus,
688 1391 737 1436 et
768 1384 1101 1448 uescit'iinus,
1120 1381 1258 1437 Deus
1291 1384 1463 1438 Israel
1492 1385 1748 1439 salvator.

160 1468 605 1539 Confundentur,
635 1483 685 1525 et
718 1475 1087 1529 reverebantur
1120 1492 1302 1530 omnes
1344 1478 1435 1546 qui
1463 1477 1754 1530 adversan-

164 1569 260 1613 tur
280 1564 333 1614 ei
362 1564 433 1616 ".
469 1562 626 1628 Quod
650 1572 835 1619 autem
869 1566 1043 1621 Judmi
1086 1575 1143 1622 et
1168 1568 1304 1638 legis
1336 1567 1597 1623 doctores
1630 1586 1755 1639 pro—

164 1662 304 1722 pter
341 1654 731 1709 indumentum
786 1659 973 1711 carnis
1002 1658 1053 1713 ei
1110 1660 1387 1713 adversati
1438 1669 1589 1728 sunt,
1639 1678 1754 1717 ma-

163 1745 447 1800 nifestum
494 1755 600 1801 est.
652 1747 790 1802 Cum
830 1750 978 1803 enim
1034 1751 1385 1820 ignoraretur
1435 1753 1559 1821 quis
1612 1763 1757 1808 esset

162 1837 265 1908 qui
305 1837 360 1891 in
415 1839 594 1893 aliena
646 1840 821 1894 forma
858 1842 1217 1905 cernebatur,
1273 1844 1535 1899 audiebat
1576 1845 1647 1899 ab
1693 1847 1758 1899 iis

1847 653 2057 722 quitur,
2117 662 2178 706 ut
2234 667 2298 706 ex
2347 651 2553 705 eisdem
2596 650 2901 720 Scripturis
2950 650 3300 705 manifestum
3350 653 3432 709 fa-

1847 744 2080 805 ciamus,
2113 741 2393 811 quomodo
2438 742 2581 794 idem
2621 741 2768 795 Deus
2798 750 2883 795 est
2916 739 3080 795 simul
3128 740 3324 801 homo;
3375 756 3437 797 ut

1847 850 1971 904 qua:
2039 834 2282 888 diximus
2327 832 2713 887 auctoritatem
2770 832 3055 898 habeant,
3101 834 3438 888 testimoniis

1849 927 2273 997 Scripturarum
2319 925 2666 979 confirmata.
2698 925 3002 979 Considera
3055 924 3224 996 igitur
3277 927 3435 989 mihi,

1850 1035 1919 1073 an
1967 1020 2074 1073 hoc
2122 1018 2490 1088 compositum
2535 1016 2708 1072 David
2742 1018 2797 1071 in
2826 1019 3116 1088 :enigmate
3166 1017 3439 1087 signiticet

1853 1110 1907 1164 in
1954 1112 2168 1181 psalmo
2214 1109 2638 1181 quadragesimo
2693 1118 2930 1177 quarto,
2986 1110 3081 1178 qui
3136 1110 3439 1179 inscriptus

1850 1214 1936 1256 est
1975 1221 1987 1255 :
2024 1202 2127 1257 Pro
2162 1204 2508 1256 imnmtamlis
2552 1202 2625 1255 ad
2679 1200 3006 1255 intellectum
3044 1202 3309 1254 canticum
3342 1215 3438 1269 pro

1853 1294 2043 1347 dilecto
2065 1295 2130 1346 ³⁸.
2157 1295 2401 1349 Dilectus
2429 1304 2614 1347 autem
2640 1302 2727 1347 est
2753 1293 2907 1346 solus
2946 1292 3141 1356 Filius,
3179 1303 3233 1344 ut
3271 1301 3441 1345 testa-

1857 1392 1946 1437 tur
1972 1385 2336 1457 Evangelium
2369 1384 2424 1438 in
2465 1399 2577 1453 quo
2604 1400 2709 1438 vox
2740 1384 2919 1438 Patris
2948 1383 3125 1438 fertur
3147 1398 3271 1453 qua:
3300 1383 3441 1437 dixit

1853 1474 2078 1529 Christo
2135 1493 2149 1529 :
2202 1475 2278 1530 Tu
2321 1491 2375 1528 es
2424 1474 2588 1528 Filius
2620 1491 2764 1527 meus
2792 1474 3011 1526 dilectus
3044 1476 3110 1527 ”.
3160 1473 3261 1528 llic
3290 1472 3438 1527 enim

1857 1576 2103 1622 mutatus
2145 1576 2231 1621 est
2266 1568 2445 1622 factus
2491 1568 2679 1630 homo,
2728 1582 2837 1621 non
2879 1566 3183 1619 mutatione
3230 1575 3441 1619 natura:

1857 1661 2239 1727 immutabilis,
2277 1662 2373 1715 sed
2418 1660 2793 1729 assumptione
2834 1660 3063 1713 alterius
3095 1677 3106 1712 :
3138 1658 3261 1711 Hmc
3291 1658 3438 1711 enim

1856 1759 1931 1804 est
1956 1754 2179 1805 mutatio
2206 1752 2438 1805 dextera:
2461 1751 2716 1805 Altissimi
2749 1751 2816 1814 ⁸ο,
2841 1766 2964 1820 quae
2985 1749 3127 1803 facta
3154 1757 3258 1810 est,
3290 1746 3439 1817 quod

1859 1860 1969 1897 non
2011 1855 2150 1898 erat.
2203 1843 2312 1896 Aut
2358 1842 2485 1896 sic:
2529 1841 2635 1896 Pro
2671 1841 3017 1895 innuutandis
3065 1840 3302 1909 gertibus
3343 1853 3441 1907 per

162 1930 264 1998 qui
320 1930 692 2000 ignorabant:
723 1930 903 1996 Quare
940 1942 1017 1997 tu,
1054 1935 1208 1987 homo
1250 1953 1369 1988 cum
1404 1938 1495 1998 sis,
1534 1936 1663 2004 facis
1710 1945 1758 1990 te
1793 1915 1836 1969 Β
1868 1936 2070 2005 ipsum.
2112 1935 2169 1988 In
2212 1935 2318 1989 hoc
2358 1934 2524 2004 igitur
2573 1934 2785 2003 psalmo
2835 1948 2930 2003 pro
2973 1930 3183 1995 dilecto,
3212 1930 3297 1982 vel
3346 1944 3441 1982 oro

161 2019 348 2089 ipsum
376 2019 544 2075 Deum
578 2022 665 2075 "?
699 2021 762 2075 Hi
797 2022 965 2093 igitur
992 2024 1407 2079 confundentur
1440 2025 1757 2095 aliquando,

162 2128 301 2168 cum
333 2113 984 2183 intelligentgveritatem
1034 2129 1161 2169 cum
1193 2115 1407 2184 pudore
1458 2117 1761 2187 superioris

164 2205 524 2275 ignorantia.
559 2205 741 2273 Atque
769 2204 886 2258 hmc
928 2204 1203 2261 hactenus
1237 2223 1250 2259 :
1281 2222 1430 2263 nunc
1477 2223 1545 2262 ex
1571 2209 1761 2264 multis

164 2310 347 2365 pauca
373 2310 498 2363 quae
533 2294 914 2348 testimonium
939 2295 1194 2350 tribuunt
1217 2297 1491 2352 divinitati
1529 2298 1757 2365 Christi,

164 2395 224 2440 et
272 2385 451 2438 Deum
503 2400 627 2439 esse
665 2399 794 2439 eum
841 2400 968 2441 cum
1017 2401 1185 2442 carne
1218 2386 1618 2443 demonstrant.

239 2474 393 2530 XXI.
433 2474 593 2541 Quod
626 2484 812 2531 autem
843 2477 1010 2532 homo
1045 2488 1153 2544 est,
1203 2494 1398 2533 rursus
1430 2495 1498 2533 ex
1547 2478 1757 2533 eisdem

168 2565 486 2635 Scripturis
537 2565 780 2635 Spiritus
815 2568 992 2621 sancti
1043 2583 1145 2639 pro
1175 2568 1321 2623 virili
1362 2578 1517 2637 parte
1549 2570 1760 2639 pateta-

168 2656 413 2709 ciemus.
455 2656 649 2710 Primo
683 2657 851 2726 igitur
877 2657 1049 2711 Isaias
1073 2668 1365 2728 postquam
1390 2674 1517 2713 eum
1550 2660 1761 2714 vocavit

169 2763 438 2817 puerum,
487 2755 547 2802 et
573 2749 783 2819 virgam
816 2765 886 2804 ex
915 2749 1107 2806 radice
1134 2750 1286 2806 Jesse
1318 2763 1516 2818 ortam,
1547 2763 1603 2808 et
1632 2755 1761 2809 Em—

170 2838 516 2903 manuelcm,
561 2847 620 2892 et
669 2853 879 2893 marem
926 2854 997 2895 ex
1037 2841 1386 2910 prophetissa
1434 2851 1646 2905 natum,
1706 2855 1763 2899 et

171 2934 471 2999 postquam
523 2928 833 2982 nominavit
864 2943 991 2984 eum
1042 2927 1297 2983 Celeriter
1334 2928 1528 3001 spolia,
1577 2941 1627 2984 et
1659 2932 1762 2985 cito

172 3018 424 3087 prtedare
455 3018 537 3083 ης
592 3017 739 3073 hunc
770 3018 949 3088 ipsum
995 3018 1086 3073 his
1116 3018 1304 3073 verbis
1344 3020 1639 3074 nominans
1665 3021 1759 3075 ho-

172 3108 388 3162 minem
419 3124 435 3162 :
467 3106 538 3162 Et
575 3107 824 3175 vidimus,
874 3109 1077 3179 inquit,
1127 3125 1269 3173 eum,
1300 3119 1351 3164 et
1389 3128 1495 3165 nou
1539 3112 1761 3166 habebat

170 3202 405 3271 speciem
438 3216 607 3269 neque
632 3200 1120 3271 pulchritudinem;
1153 3204 1248 3255 sed
1288 3204 1485 3273 species
1523 3206 1638 3273 ejus
1678 3206 1762 3258 in-

172 3297 445 3349 honorata
485 3308 504 3347 :
534 3292 781 3361 deﬁciens
818 3301 1012 3363 prwter
1060 3310 1240 3348 omnes
1281 3296 1516 3349 homines
1550 3311 1569 3349 :
1609 3298 1763 3350 homo

169 3386 230 3439 in
266 3384 433 3456 plaga
485 3385 760 3448 exsistens,
795 3391 846 3437 et
888 3387 1056 3438 sciens
1103 3385 1244 3454 ferre
1283 3385 1653 3453 inﬁrmitatem
1697 3387 1762 3443 ³⁹.

173 3475 247 3529 Et
312 3489 512 3529 rursus
558 3473 729 3528 David
798 3474 1136 3544 psalmorum
1196 3476 1459 3547 scriptor,
1517 3477 1764 3532 divinam

174 3564 355 3634 lyram
388 3564 637 3633 plectens
664 3579 679 3616 :
707 3560 865 3627 Quid,
892 3561 1091 3632 inquit,
1118 3571 1195 3617 est
1214 3565 1369 3617 homo
1398 3570 1536 3635 quod
1566 3581 1767 3619 memor

173 3673 230 3710 es
261 3654 429 3726 ejus?
468 3664 563 3709 aut
601 3652 769 3708 Filius
801 3655 1049 3720 hominis,
1084 3656 1213 3725 quia
1245 3656 1429 3710 oisitas
1476 3658 1640 3710 eum?
1664 3657 1765 3710 Mi-

176 3748 344 3801 nuisti
385 3762 506 3800 eum
546 3745 711 3817 paulo
758 3746 933 3800 minus
961 3745 1027 3798 ab
1047 3746 1257 3816 angelis
1300 3747 1761 3801 ".—llinoratus

174 3847 280 3901 est,
315 3839 493 3902 enim,
529 3848 590 3893 ut
637 3838 842 3892 Paulus
887 3837 964 3892 ait
1001 3854 1016 3892 :
1056 3836 1217 3908 paulo
1246 3840 1419 3892 minus
1463 3855 1627 3909 quam
1660 3857 1763 3893 an-

174 3931 304 4002 geli,
327 3930 511 3985 faetus
540 3930 730 3995 homo,
755 3938 971 4001 propter
999 3931 1296 4000 passionem
1316 3931 1504 3984 mortis
1530 3946 1549 3985 :
1566 3947 1762 4001 quam-

174 4022 375 4077 obrem
429 4021 603 4091 gloria
670 4031 721 4075 et
768 4024 966 4076 honore
1019 4030 1303 4074 coronatus
1353 4030 1429 4075 est
1462 4022 1531 4087 ",
1571 4037 1765 4078 omnes

174 4121 377 4185 gentes
403 4126 507 4182 pro
536 4111 742 4181 quibus
768 4120 1007 4165 mortem
1050 4110 1243 4177 subiit,
1296 4112 1353 4166 in
1385 4112 1761 4169 hereditatem

174 4202 503 4271 accipiens:
527 4200 646 4254 hac
667 4200 817 4254 enim
845 4208 968 4253 erat
995 4198 1170 4270 gloria
1193 4216 1356 4270 quam
1379 4202 1523 4272 apud
1544 4201 1763 4257 Patrem

174 4294 426 4356 habebat,
472 4300 763 4361 antequam
817 4290 1046 4345 mundus
1097 4291 1253 4361 fieret
1281 4293 1345 4347 ”.
1366 4292 1599 4363 Propter
1620 4294 1762 4349 hanc

175 4386 345 4441 scivit
391 4384 540 4438 ferre
593 4382 993 4449 inﬁrmitatem,
1024 4392 1084 4437 ut
1112 4399 1238 4453 qua
1265 4384 1527 4440 universo
1555 4386 1761 4440 mundo

173 4476 479 4533 sanitatem
522 4474 812 4529 aﬂ‘erebat.
840 4472 942 4528 Hic
980 4475 1149 4544 igitur
1188 4474 1296 4529 etsi
1328 4476 1621 4532 videbatur
1648 4492 1759 4531 non

1867 2028 2213 2081 immutandis
2259 2027 2337 2079 ait
2380 2025 2587 2079 David:
2632 2023 2906 2094 Speciosus
2957 2022 3129 2090 forma
3171 2036 3282 2091 prae
3312 2019 3441 2087 ﬁliis

1867 2119 2171 2182 hominum;
2199 2118 2389 2187 diﬂ'usa
2419 2124 2494 2169 est
2522 2117 2698 2186 gratia
2733 2116 2787 2168 in
2832 2114 2983 2167 labiis
3023 2114 3125 2165 tuis
3156 2129 3173 2165 :
3201 2119 3443 2181 propter—

1866 2225 1929 2262 ea
1967 2210 2119 2261 unxit
2144 2216 2193 2260 te
2232 2208 2395 2271 Deus,
2436 2208 2574 2259 Deus
2616 2213 2759 2267 tuus,
2792 2204 2905 2257 oleo
2933 2203 3301 2256 cxsultationis
3329 2216 3441 2270 pro:

1868 2300 2213 2369 participibus
2239 2301 2343 2351 tuis
2382 2298 2450 2350 “.
2486 2296 2641 2363 Quod
2668 2293 3016 2350 manifestius
3048 2292 3179 2347 fecit
3211 2291 3351 2345 alius
3371 2306 3441 2345 ex

1869 2392 2290 2461 interpretibus,
2324 2390 2616 2460 inquiens:
2656 2388 2816 2443 Unxit
2859 2395 2907 2439 te
2935 2386 3095 2449 Deus,
3124 2384 3261 2438 Deus
3290 2394 3441 2449 tuus;

1867 2485 2092 2554 ungitur
2122 2484 2271 2537 enim
2303 2483 2449 2537 Deus
2476 2499 2505 2535 a
2529 2482 2663 2544 Deo,
2696 2495 2807 2533 non
2832 2487 3107 2547 quatenus
3146 2476 3312 2540 Deus,
3342 2476 3438 2529 sed

1865 2584 2138 2644 quatenus
2170 2573 2341 2627 Filius
2384 2571 2646 2627 hominis.
2680 2569 2818 2625 Cum
2860 2568 3009 2622 enim
3034 2576 3282 2621 vocasset
3311 2581 3439 2621 cum

1868 2667 2042 2720 lilium
2096 2664 2357 2729 hominis,
2407 2665 2697 2735 speciosum
2749 2661 2922 2731 forma
2954 2675 3066 2730 pra:
3095 2657 3220 2727 ﬁliis
3268 2657 3439 2710 homi-

1868 2774 2028 2823 num;
2048 2771 2116 2811 ne
2146 2755 2240 2826 qui
2265 2755 2404 2810 forte
2428 2770 2528 2825 per
2554 2752 2884 2824 imperitiam
2912 2750 3194 2804 hominem
3228 2755 3441 2810 tantum

1866 2864 1989 2903 esse
2033 2849 2475 2918 suspicarentur,
2509 2845 2694 2900 divina
2746 2843 2919 2914 gratia
2966 2856 3079 2911 prae
3109 2840 3233 2894 aliis
3265 2838 3444 2894 homi-

1870 2939 2035 2993 nibus
2072 2938 2415 3003 decoratum,
2453 2952 2580 2991 eum
2617 2936 2880 3004 deinceps
2906 2933 3078 2987 Deum
3112 2929 3442 2995 nominavit,

1871 3030 2129 3100 inquiens
2172 3048 2183 3083 :
2234 3030 2395 3084 Unxit
2436 3037 2485 3082 te
2521 3028 2682 3091 Deus,
2723 3026 2864 3080 Deus
2902 3034 3021 3078 tuus
3068 3023 3183 3077 oleo
3211 3022 3445 3077 exsulta-

1868 3124 2027 3175 tionis
2058 3137 2168 3191 pro:
2212 3121 2556 3190 participibus
2598 3120 2720 3172 tnis.
2769 3117 2979 3172 Similia
3015 3116 3105 3170 his
3134 3123 3285 3180 sunt,
3321 3132 3447 3185 qua:

1868 3210 2135 3265 Dominus
2164 3226 2193 3264 a
2216 3208 2451 3263 mortuis
2472 3208 2771 3262 suscitatus
2800 3205 2940 3259 dixit
2958 3204 3139 3259 Maria:
3168 3221 3181 3257 :
3206 3204 3447 3259 Ascendo

1868 3298 1939 3351 ad
1978 3298 2199 3351 Patrem
2232 3313 2408 3350 meum
2435 3306 2486 3348 et
2517 3295 2735 3349 Patrem
2778 3301 3031 3358 vestrum,
3081 3291 3251 3346 Deum
3271 3308 3445 3346 meum

1866 3395 1914 3439 et
1961 3386 2130 3440 Deum
2177 3394 2407 3439 vestrum
2448 3385 2516 3438 δ’.
2564 3385 2737 3439 Nemo
2786 3390 2971 3437 autem
3021 3390 3108 3437 est
3155 3390 3447 3451 tantopere

1865 3492 2031 3531 sensu
2082 3476 2285 3531 mentis
2334 3489 2493 3545 puer,
2545 3483 2607 3529 ut
2652 3472 2969 3542 suspicetur
3009 3487 3137 3526 eum
3171 3472 3267 3542 qui
3315 3487 3446 3528 vere

1866 3566 2011 3621 Deus
2053 3574 2156 3629 est,
2212 3564 2438 3635 pr0prie
2495 3562 2604 3617 dici
2655 3576 2818 3631 posse
2865 3560 3071 3614 habere
3098 3559 3306 3625 Deum;
3342 3574 3447 3614 nec

1862 3673 1987 3711 eum
2021 3656 2117 3726 qui
2160 3656 2329 3709 homo
2374 3663 2589 3709 tantum
2621 3654 2715 3718 sit,
2743 3653 2960 3707 Patrem
2988 3666 3189 3705 vocare
3219 3649 3447 3720 proprie

1862 3748 2037 3802 Deum
2091 3760 2277 3800 suum.
2313 3743 2423 3799 Sed
2470 3744 2601 3815 quia
2630 3743 2738 3798 hoc
2761 3752 2819 3798 et
2848 3741 2984 3796 illud
3017 3751 3103 3796 est
3132 3742 3188 3795 in
3222 3741 3442 3805 eodem,

1861 3836 2011 3892 Deus
2056 3836 2220 3891 simul
2257 3843 2314 3891 et
2348 3835 2538 3901 homo,
2573 3843 2872 3903 utrumque
2901 3832 3124 3903 proprie
3168 3847 3293 3886 esse
3318 3846 3445 3886 cer-

1862 3926 2057 3981 nitur:
2095 3925 2269 3980 Filius
2300 3925 2451 3980 enim
2485 3933 2594 3990 est,
2629 3932 2686 3978 et
2706 3912 2946 3989 'servus;
2981 3922 3189 3977 idcirco
3223 3921 3446 3991 proprie

1861 4026 2023 4071 vocat
2051 4019 2247 4081 Deum,
2279 4018 2443 4073 simul
2491 4018 2663 4072 Deum
2694 4025 2751 4071 et
2786 4016 3005 4070 Patrem
3035 4034 3048 4070 :
3079 4014 3299 4070 Patrem
3322 4013 3447 4083 qui.

1863 4110 1989 4166 dem
2021 4121 2083 4165 ut
2113 4112 2337 4166 Patrem
2365 4111 2485 4175 Dei,
2514 4110 2687 4165 Deum
2716 4123 2852 4163 vero
2886 4117 2947 4163 ut
2977 4109 3150 4163 Deum
3179 4107 3441 4162 hominis.

1861 4202 1983 4257 Non
2036 4204 2187 4256 enim
2250 4210 2435 4274 potest
2485 4203 2613 4270 quis
2670 4216 2968 4273 separare,
3020 4215 3143 4270 quas
3195 4197 3449 4269 separari

1861 4308 1971 4346 non
2010 4300 2267 4363 possunt.
2295 4292 2426 4347 dum
2462 4291 2718 4348 Christus
2745 4303 2850 4358 est,
2888 4291 2983 4362 qui
3012 4306 3079 4346 ex
3107 4290 3194 4347 his
3220 4303 3450 4361 compo-

1861 4384 2002 4438 situs
2041 4392 2147 4440 est.

1932 4472 2126 4529 XXIII.
2166 4472 2322 4529 Unde
2385 4472 2655 4530 adversus
2698 4488 2817 4539 eos,
2866 4473 2961 4544 qui
3005 4481 3231 4544 propter
3280 4472 3442 4528 indu-

175 4567 390 4621 habere
435 4565 684 4635 speciem
726 4564 811 4619 vel
848 4565 1369 4634 pulchritudinem:
1411 4568 1551 4623 Erat
1582 4579 1757 4623 tamen
1792 4594 1835 4650 υ
1862 4574 2111 4619 mentum
2156 4564 2342 4619 carnis
2379 4563 2598 4650 decepti
2649 4572 2801 4632 sunt,
2844 4564 3272 4634 existimantque
3313 4579 3443 4633 pro-

172 4653 442 4719 speciosus
488 4651 664 4720 forma
692 4667 803 4721 prte
821 4651 951 4721 [iliis
984 4654 1255 4709 hominum
1286 4656 1353 4710 “.
1393 4656 1567 4712 Filius
1611 4658 1760 4712 enim

174 4754 299 4799 erat
342 4742 470 4809 Dei,
518 4753 579 4798 et
631 4742 808 4799 Filius
858 4745 1102 4801 hominis
1154 4747 1536 4814 conﬁrmatus,
1587 4757 1645 4804 et
1684 4750 1767 4804 vir

174 4837 415 4890 dextera
463 4849 495 4889 a
548 4834 762 4906 Spiritu
808 4846 1001 4892 sancto
1046 4848 1293 4895 vocatus.
1364 4838 1510 4906 Fiat,
1561 4841 1762 4913 inquit,

175 4945 375 4983 manus
413 4936 508 4981 tuo
533 4944 693 4999 super
737 4929 910 4983 uirum
942 4930 1172 4986 dextera
1212 4941 1336 4998 tute,
1369 4942 1420 4985 et
1461 4949 1622 5004 super
1671 4933 1764 4988 Fi-

178 5020 312 5073 lium
347 5019 576 5073 hominis
625 5035 781 5089 quem
819 5019 1149 5089 conﬁrmasti
1178 5022 1270 5076 tibi
1298 5023 1364 5077 ⁸⁸.
1408 5024 1624 5080 Dicitur
1674 5024 1762 5079 vir

176 5108 402 5174 Oriens,
451 5108 757 5164 secundum
799 5111 1147 5181 prophetiam
1174 5112 1453 5170 Zachariae
1483 5130 1611 5169 cum
1644 5115 1758 5170 ait:

182 5200 316 5255 Ecce
347 5200 453 5263 vir,
500 5198 691 5255 Oriens
744 5217 936 5255 nomen
987 5204 1100 5273 ejus
1132 5203 1178 5235 "
1206 5221 1220 5258 :
1249 5218 1459 5260 marem
1505 5206 1655 5260 enim
1692 5221 1761 5259 ex

182 5290 536 5361 prophetissa
579 5289 814 5355 editum,
847 5301 912 5346 ut
939 5292 1108 5348 Isaias
1151 5293 1548 5365 evangelizavit
1577 5294 1644 5360 ³’,
1679 5310 1765 5350 re-

182 5382 319 5453 liqui
362 5381 700 5452 interpretes
738 5392 1080 5439 vocaverunt
1112 5385 1307 5439 virum.

252 5472 425 5529 XXII.
461 5473 912 5529 Demonstratum
935 5489 1071 5546 ergo
1096 5483 1183 5532 est
1202 5476 1395 5532 vocari
1428 5476 1596 5532 etiam
1618 5475 1763 5546 apud

256 5627 304 5660 ⁸⁸
345 5626 509 5682 Joan.
553 5642 605 5689 ν,
636 5625 727 5681 22.
803 5628 849 5660 ”
884 5628 1027 5683 Psal.
1065 5643 1241 5693 tum,
1279 5628 1333 5682 1.

183 5711 300 5751 rm.
353 5702 405 5751 t.
483 5697 530 5729 ⁸⁸
567 5696 667 5751 lsa.
704 5712 815 5751 ιιιι.
848 5698 907 5751 2.
940 5697 995 5751 3.
1074 5698 1115 5729 "
1150 5698 1294 5751 Psal.

186 5766 234 5799 "
272 5766 416 5821 Psal.
455 5781 637 5830 usus,
684 5766 770 5821 18.
848 5768 893 5798 ³⁸
939 5767 1108 5823 Zaeh.
1144 5783 1218 5831 vt,
1265 5768 1353 5821 12.
1432 5768 1475 5799 ³⁷
1522 5768 1626 5822 lsa.
1665 5783 1775 5830 VIII,

188 5849 367 5905 um,
422 5837 512 5892 11.

1431 5628 1478 5660 ⁸⁸
1506 5627 1649 5682 Osee
1690 5644 1765 5691 XI,
1801 5628 1855 5683 9.

483 5697 530 5729 ⁸⁸
567 5696 667 5751 lsa.
696 5712 815 5767 tun,
848 5698 907 5763 2,
940 5697 995 5753 3.
1074 5698 1115 5729 "
1150 5698 1294 5753 Psal.
1346 5714 1462 5760 vm,
1511 5698 1568 5761 5,
1611 5700 1664 5752 6.
1739 5698 1785 5731 ⁸⁸
1832 5697 2000 5753 Hebr.
2055 5716 2112 5764 ιι,
2156 5701 2210 5755 9.

1074 5698 1115 5729 "
1150 5698 1294 5753 Psal.
1346 5714 1462 5760 vm,
1511 5698 1568 5761 5,
1611 5700 1664 5752 6.
1739 5698 1785 5731 ⁸⁸
1832 5697 2000 5753 Hebr.
2055 5716 2112 5764 ιι,
2156 5701 2210 5755 9.
2286 5703 2334 5734 ³³
2379 5702 2535 5757 Joan.
2569 5720 2699 5767 xvn,
2750 5706 2800 5759 5.

1827 5768 1882 5822 3.
1958 5770 2002 5800 ³⁸
2048 5771 2189 5826 Psal.
2234 5787 2376 5833 xuv,
2426 5774 2479 5827 1.

590 5836 633 5867 “
690 5836 836 5893 Psal.
888 5852 1067 5905 Lsstv,
1121 5839 1175 5902 3,
1220 5837 1273 5890 8.
1348 5838 1392 5869 η
1434 5836 1590 5893 Joan.
1633 5854 1722 5904 ss,
1756 5839 1841 5893 t7.
1920 5840 1966 5871 "
2004 5839 2171 5898 Zach.
2218 5858 2330 5907 stu,
2368 5844 2422 5897 3.
2499 5844 2546 5875 “
2583 5843 2721 5900 Osee
2775 5860 2847 5911 xl,
2894 5846 2946 5901 9.

1862 4657 2086 4728 phetam
2148 4647 2419 4711 sanctum
2456 4672 2581 4711 esse
2635 4672 2785 4722 eum,
2821 4657 3110 4727 viderique
3159 4657 3451 4711 hominem

1865 4755 2117 4813 tantum;
2158 4747 2235 4800 ait
2271 4747 2539 4803 Dominus
2580 4762 2683 4817 per
2725 4747 3048 4803 Zachariam
3076 4749 3441 4818 prophetam:

1862 4839 1985 4894 Non
2036 4856 2154 4893 sum
2196 4855 2291 4909 ego
2340 4841 2619 4910 propheta,
2674 4844 2801 4911 quia
2840 4842 2994 4895 homo
3024 4841 3205 4911 genuit
3247 4855 3332 4893 me
3374 4840 3445 4893 ab

1864 4928 2220 4983 adolescentia
2269 4945 2387 4983 mea
2425 4929 2497 4995 υς
2547 4930 2603 4984 id
2636 4940 2764 4985 est:
2799 4930 2879 4985 Ne
2915 4930 3221 4994 existimes,
3251 4930 3345 5000 qui
3371 4944 3447 4984 eis

1865 5021 2091 5076 homine
2142 5021 2362 5091 genitus
2406 5037 2549 5088 sum,
2578 5023 2904 5094 pr0phetam
2935 5037 3057 5077 esse
3086 5037 3100 5075 :
3132 5035 3267 5075 meae
3290 5019 3451 5075 enim

1865 5114 2251 5169 adolescentia
2281 5122 2368 5169 est
2394 5115 2511 5170 haec
2537 5115 2842 5185 generatio,
2879 5129 2989 5169 non
3018 5123 3202 5169 autem
3225 5122 3455 5169 aeterna?

1865 5219 2000 5259 mea:
2046 5204 2326 5260 essentia.
2376 5205 2445 5260 Et
2503 5221 2603 5275 per
2638 5206 2806 5260 alium
2855 5205 3181 5274 prophetam
3236 5204 3446 5260 clarius

1865 5294 2045 5348 dixit:
2077 5293 2217 5348 Deus
2254 5312 2396 5361 sunt,
2434 5304 2485 5349 et
2535 5313 2640 5350 non
2677 5296 2865 5363 homo;
2905 5299 2961 5351 in
3000 5306 3050 5352 te
3092 5307 3304 5351 sanctus
3352 5297 3399 5329 “
3423 5314 3451 5363 ;

1867 5399 1975 5438 non
2015 5393 2181 5455 negat
2226 5401 2286 5442 se
2339 5387 2641 5451 hominem,
2692 5387 2787 5443 sed
2837 5388 3022 5458 p0tius
3069 5403 3138 5442 es
3178 5404 3248 5443 eo
3290 5390 3441 5459 quod

1869 5475 2236 5546 principalius
2275 5487 2381 5544 est,
2437 5488 2493 5534 et
2551 5478 2703 5548 quod
2750 5495 2862 5535 non
2913 5479 3267 5546 credebatur,
3310 5483 3452 5551 quia

1954 5627 2001 5661 "
2032 5630 2137 5685 Isa.
2183 5647 2303 5695 va,
2352 5631 2536 5687 {446.
2632 5635 2680 5667 "
2722 5634 2880 5691 Joan.
2934 5650 2985 5695 x.
3041 5636 3131 5693 33.
3232 5636 3281 5668 ”
3333 5635 3438 5691 lsa.

2915 5705 2962 5738 ”
2999 5706 3140 5760 Psal.
3183 5721 3325 5766 xuv.
3383 5708 3446 5762 3.

2576 5776 2620 5807 ”
2674 5774 2865 5831 Matth.
2917 5791 2992 5839 ιιι,
3042 5777 3127 5830 I7.
3202 5776 3249 5808 ⁸⁸
3295 5776 3449 5831 Ρωι..

2632 5635 2680 5667 ’⁸
2722 5634 2880 5691 Joan.
2934 5650 2985 5697 χ,
