4462 6440
901 347 921 410 Ῑ
932 348 1028 411 34ῗ

2009 354 2069 408 S.
2115 351 2502 409 .XNASTASII
2545 351 3006 410 ΑΝΤΙΟΕΗΙΞΝΙ

4026 347 4177 409 IMR

897 462 1069 517 oculis
1120 461 1304 515 rarnis
1349 476 1455 515 non
1514 461 1827 523 videbatur,
1877 461 2119 529 seipsum
2179 461 2466 514 nominat:
2503 465 2544 518 Λ
2575 459 2681 511 sit?
2706 458 2749 511 si
2777 459 2923 510 enim
2959 474 3067 510 non
3094 458 3245 520 facit,
3287 467 3345 512 ut
3375 457 3556 511 aiebat
3591 457 3653 521 ³⁸,
3692 472 3857 526 opera
3908 456 4043 521 ejus
4076 458 4177 525 qui

898 561 1021 603 erat
1063 552 1213 605 enim
1254 559 1311 603 et
1366 558 1451 605 est
1504 560 1823 619 utrumque,
1869 567 1935 604 ex
1970 568 2081 619 quo
2139 552 2443 604 instrumen

898 650 1014 695 tum
1062 658 1390 712 corporeum
1434 641 1541 694 sibi
1579 642 1789 711 aptavit
1839 654 2051 697 natura:
2093 643 2292 696 divinat
2325 640 2479 694 vehi-

896 736 1106 796 culum,
1158 750 1268 803 quo
1320 735 1556 788 salutem
1592 734 1944 788 machinatus
1973 745 2081 798 est,
2108 734 2311 803 quibus
2341 748 2478 802 opus

897 834 1039 879 erat.
1066 825 1272 878 Ideirco
1302 836 1423 895 post
1457 824 1726 879 sacriﬁcia
1754 826 1889 895 legis
1930 842 2049 895 «pne
2082 825 2342 894 prodesse
2371 838 2477 876 non

901 927 1217 985 potuerant,
1264 918 1488 970 aiebat:
1526 918 1659 970 Ecce
1694 922 1842 971 venio
1882 927 2066 986 aptato
2110 918 2234 970 mihi
2265 931 2479 983 corpore

898 1024 1009 1077 quo
1037 1018 1320 1078 peceatum
1341 1009 1531 1061 mutuli
1567 1010 1921 1073 tollam;b:ec
1946 1009 2095 1063 enim
2129 1017 2213 1063 est
2231 1010 2482 1061 voluntas

900 1098 1101 1161 Patris,
1154 1110 1214 1151 ut
1253 1114 1446 1151 omnes
1499 1100 1751 1153 homines
1782 1100 1916 1153 salvi
1964 1100 2098 1154 fiant
2135 1117 2146 1152 :
2189 1099 2364 1161 Venio,
2398 1098 2480 1153 iu-

900 1193 1038 1259 quit.
1080 1201 1135 1243 ut
1178 1191 1373 1259 faciam
1424 1191 1751 1244 roluntatem
1799 1201 1947 1244 tuam
1996 1192 2061 1243 ".

972 1283 1161 1337 XXIV.
1203 1285 1592 1338 Ilemonslrato
1618 1286 1784 1354 igitur
1819 1287 1887 1339 iis
1908 1286 2001 1354 qui
2026 1302 2133 1339 non
2159 1295 2287 1339 sunt
2321 1286 2483 1340 nimis

899 1372 969 1423 ab
1020 1373 1295 1427 audiendo
1340 1383 1393 1425 et
1432 1375 1753 1427 obcdientia
1809 1376 2000 1438 alieni,
2037 1377 2181 1443 quod
2222 1378 2364 1429 flens
2397 1384 2482 1429 est

898 1463 1174 1526 Christus,
1224 1474 1281 1517 et
1326 1465 1473 1533 quod
1522 1467 1721 1530 homo;
1768 1477 1825 1520 et
1868 1467 2013 1536 quod
2056 1469 2199 1521 Ileus
2230 1470 2389 1521 simul
2429 1476 2483 1521 et

900 1554 1067 1607 homo
1096 1564 1200 1618 est,
1251 1556 1571 1610 testimonio
1629 1560 1767 1628 legis
1812 1570 1869 1612 ct
1918 1560 2355 1627 prophetarum:
2398 1568 2477 1611 ta—

901 1648 1062 1699 metsi
1089 1663 1494 1715 supervacuum
1530 1650 1604 1701 sit
1637 1649 1949 1703 testimonia
1978 1650 2113 1703 Novi
2142 1650 2478 1703 'I'cstatnenti

901 1730 1187 1795 adhibere,
1242 1744 1420 1787 tamen
1471 1750 1537 1787 ex
1575 1736 1905 1791 redundanti
1953 1739 2221 1792 accedant
2295 1738 2344 1791 ul
2386 1754 2479 1793 vc-

2576 564 2703 601 eunt
2740 548 2909 611 misit,
2959 564 3065 602 non
3101 557 3184 603 est
3214 551 3552 603 credendum
3581 548 3630 602 ei
3665 564 3784 603 esse
3835 549 4056 610 Deum;
4089 548 4179 601 sin

2578 654 2710 691 vero
2745 638 2896 702 facit,
2923 654 3146 692 necesse
3175 650 3259 693 est
3282 642 3545 709 operibus
3575 641 3695 708 ejus
3720 639 3953 693 credere
3989 656 4003 689 :
4056 637 4183 690 lucc

2578 730 2724 783 enim
2777 730 3162 784 demonstrant
3216 731 3605 794 substantiam,
3654 730 3961 784 secundum
4017 728 4183 782 avio.

2581 838 2665 874 ma
2697 822 2843 890 quod
2883 823 2962 875 ait
2992 840 3003 873 :
3034 824 3276 889 Quorum
3309 832 3391 877 est
3423 824 3672 892 operatio
3691 822 3908 882 cadetn,
3942 831 4001 873 et
4041 820 4178 874 sub-

2578 914 2780 966 stantia
2832 929 2960 977 una,
3005 914 3196 967 eadem
3231 914 3339 967 erit
3386 922 3441 966 et
3476 915 3849 983 suboperatio.
3884 911 4177 976 Quocirca

2581 1003 2635 1055 in
2686 1019 2852 1056 carne
2908 1004 3114 1059 latebat
3182 1006 3671 1059 consubsmntialis
3722 1004 3891 1065 Patri,
3940 1002 4178 1054 eadem-

2580 1111 2686 1163 que
2744 1094 2821 1147 illi
2877 1094 3106 1159 faciens,
3165 1098 3260 1166 qui
3316 1096 3546 1150 aiebat:
3595 1096 3759 1149 Pater
3803 1112 3950 1147 meus
4003 1107 4179 1160 usque

2582 1187 2733 1237 modo
2776 1195 3031 1254 operatur
3096 1194 3144 1239 et
3184 1204 3277 1255 ego
3319 1204 3507 1257 operor
3542 1188 3606 1239 ".
3636 1186 3702 1240 Ει
3750 1186 3955 1239 iterum
3994 1201 4007 1234 :
4040 1183 4179 1246 Qua:

2580 1277 2715 1330 videt
2752 1276 2966 1329 Patrem
3001 1278 3301 1346 fauentem,
3329 1281 3438 1331 Ιηιέ
3462 1278 3627 1329 Filius
3656 1278 3900 1329 similiter
3931 1278 4068 1344 facit
4106 1276 4173 1325 "’.

2656 1366 2815 1421 XXV.
2870 1368 3042 1421 Itecte
3086 1384 3219 1437 ergo
3268 1370 3335 1422 de
3383 1370 3495 1422 Deo
3533 1368 3835 1422 sentientes
3871 1368 4175 1419 videbimus

2582 1474 2699 1509 eum
2732 1460 2805 1510 sic
2830 1460 2886 1510 .ti
2915 1460 3071 1521 est",
3107 1476 3216 1512 non
3256 1468 3501 1528 quantus
3524 1469 3608 1512 est
3637 1478 3648 1511 :
3675 1471 3758 1513 est
3798 1469 3989 1511 autem
4029 1457 4174 1508 Deus

2581 1548 2876 1603 benedictus
2918 1553 2967 1604 in
2999 1553 3219 1613 sar-uta,
3258 1561 3317 1605 ut
3356 1552 3652 1619 Apostolus
3684 1552 3847 1604 ait".
3884 1549 3995 1602 Sed
4032 1550 4172 1601 licet

2583 1643 2725 1695 hens
2756 1653 2861 1705 est,
2892 1654 3073 1697 tamen
3103 1660 3167 1699 ex
3188 1646 3357 1698 altera
3380 1655 3531 1712 parte
3555 1658 3578 1683 α
3609 1660 3639 1697 a
3671 1659 3730 1697 se
3773 1644 3888 1712 ipse
3927 1651 4173 1696 vocatus

2585 1738 2783 1804 reperit
2836 1756 2875 1800 ι’,
2902 1737 2990 1804 qui
3010 1754 3033 1786 ηι
3061 1737 3227 1789 etiam
3261 1753 3289 1790 a
3312 1737 3600 1805 discipulis
3628 1737 3767 1801 suis;
3801 1735 3986 1789 aiebat
4016 1735 4171 1788 enim

900 1832 1019 1876 tera
1054 1840 1192 1878 nova
1233 1842 1353 1894 qua:
1399 1828 1509 1881 illis
1560 1831 1691 1898 ipsis
1738 1842 2063 1895 consonent,
2110 1843 2366 1901 tanquam
2409 1833 2478 1886 ab
2515 1804 2552 1857 Β
2581 1827 2787 1881 ΙιιιΙςιιίς
2820 1846 2831 1881 :
2863 1828 3013 1881 Nunc
3052 1831 3287 1898 quwritis
3319 1846 3400 1882 me
3425 1829 3746 1897 inter/icere,
3775 1830 4048 1881 hominem
4079 1827 4173 1895 qui

902 1931 1012 1968 uno
1058 1926 1113 1971 et
1156 1920 1349 1972 eodem
1386 1921 1595 1991 Spiritu
1640 1908 1874 1993 scripta;
1907 1923 2048 1989 Quid
2085 1935 2267 1977 autem
2299 1932 2383 1976 est
2424 1925 2475 1977 in

902 2007 989 2061 his
1021 2010 1364 2079 explanatius
1401 2018 1622 2069 nomine
1652 2016 1993 2078 Emmanuel,
2032 2017 2171 2086 quod
2215 2018 2475 2085 interpre-

901 2105 1073 2149 tatum
1111 2108 1205 2161 est,
1256 2109 1315 2153 ut
1356 2102 1432 2153 ait
1464 2102 1808 2169 Evangelisla
1846 2104 1888 2133 “
1922 2122 1932 2156 :
1977 2104 2255 2157 Nobiscum
2292 2104 2479 2157 Deus?

901 2204 1010 2241 non
1054 2190 1215 2242 aliter
1262 2192 1554 2246 nobiseum
1594 2196 1737 2247 Deus
1769 2195 1972 2259 dictus,
2025 2195 2132 2249 nisi
2167 2196 2295 2265 quia
2335 2198 2480 2249 Deus

901 2288 1022 2331 erat
1055 2282 1218 2333 simul
1256 2294 1303 2333 et
1355 2288 1528 2349 homo,
1580 2304 1645 2339 cx
1700 2288 1862 2340 nobis
1912 2288 2077 2341 simul
2131 2299 2188 2342 et
2219 2306 2285 2341 ex
2318 2289 2428 2342 Deo
2463 2304 2476 2341 :

903 2370 1221 2439 hujusmodi
1269 2378 1416 2429 enim
1453 2386 1537 2430 est
1568 2379 1899 2447 compositio
1936 2379 2259 2434 Salvatoris.
2323 2381 2477 2436 Unde

902 2477 1027 2514 cum
1068 2464 1308 2531 pontifex
1358 2468 1747 2536 jusjurandum
1792 2470 1843 2523 ei
1900 2471 2299 2539 proposuisset,
2347 2471 2477 2525 dum

898 2553 1170 2622 judicium
1221 2564 1278 2609 et
1304 2559 1635 2611 calmnniam
1663 2560 1897 2624 subiret,
1936 2561 2186 2631 nihilque
2220 2563 2286 2616 ad
2318 2563 2478 2617 falsas

902 2645 1322 2700 criminationes
1376 2649 1757 2719 responderet,
1812 2653 2184 2719 interrogatus
2243 2671 2312 2708 an
2362 2656 2477 2724 ipse.

904 2737 1079 2790 Filius
1098 2738 1191 2791 Dei
1212 2750 1375 2803 esset,
1396 2742 1743 2794 commodum
1764 2744 2048 2811 respondit
2073 2745 2173 2798 :Tu
2205 2746 2383 2799 dixisti
2404 2748 2473 2812 ‘7;

902 2845 1035 2882 sane
1073 2830 1299 2898 quidem
1347 2848 1455 2884 non
1493 2848 1752 2888 assensus
1799 2834 1994 2889 fuisset
2039 2839 2475 2904 percunctationi

904 2920 1046 2985 ejus,
1100 2920 1194 2986 qui
1252 2923 1523 2975 malitiose
1554 2931 1611 2977 et
1639 2925 1970 2978 veteratorie
2010 2926 2393 2995 jusjurandum
2425 2928 2475 2981 ei

904 3007 1197 3067 inferebat.
1240 3011 1342 3063 nisi
1396 3014 1556 3079 plane
1608 3013 1777 3067 sciret
1826 3030 1883 3069 se
1936 3015 2107 3069 Deum
2142 3032 2263 3071 esse
2313 3017 2474 3071 simul

2581 1923 2854 1974 veritatem
2890 1922 3030 1974 vobis
3071 1922 3185 1974 dico
3212 1921 3291 1986 '3;
3324 1936 3447 1989 qua:
3491 1922 3716 1990 quidem
3750 1936 3872 1973 cum
3917 1919 4172 1989 perfecte

2581 2010 2781 2064 Paulus
2827 2012 3173 2081 Intelligcrct,
3200 2026 3389 2065 vocem
3440 2026 3561 2080 qua:
3600 2026 3786 2079 parem
3818 2010 3931 2061 vim
3975 2008 4170 2066 habet.

2582 2096 2633 2149 in
2671 2098 2929 2167 Epistolis
2983 2099 3097 2153 suis
3140 2100 3382 2169 reliquit,
3416 2116 3540 2154 cum
3576 2100 3713 2153 dixit
3741 2116 3753 2150 :
3780 2098 3954 2152 Ilomo
4007 2096 4169 2151 Chri-

2581 2197 2691 2240 stus
2725 2189 2896 2253 Iesus,
2934 2191 3023 2259 qui
3065 2190 3205 2241 dedit
3246 2206 3301 2242 se
3343 2191 3514 2259 ipsum
3556 2206 3651 2260 pro
3705 2188 3947 2241 omnibus
3970 2188 4035 2239 “.
4074 2185 4171 2240 Sic.

2588 2280 2751 2349 igitur
2775 2281 2869 2349 qui
2894 2281 3011 2335 sine
3038 2282 3392 2335 contentione
3426 2280 3643 2350 qmcrit,
3675 2295 3784 2333 non
3821 2277 4114 2331 aberrabit
4136 2292 4168 2331 a

2582 2373 2833 2435 veritate,
2899 2388 3020 2441 qua:
3073 2371 3139 2426 iis
3192 2371 3283 2441 qui
3325 2387 3444 2425 eam
3498 2370 3849 2431 desiderant,
3904 2366 4166 2435 patefieri

2581 2472 2779 2533 potest,
2811 2465 2970 2533 cujus
3005 2479 3104 2516 nos
3144 2464 3327 2532 cupidi
3364 2472 3419 2517 et
3456 2462 3687 2516 studiosi
3724 2476 3899 2530 pauca
3930 2475 4002 2513 ex
4030 2459 4170 2512 mul-

2582 2553 2652 2606 tis
2682 2568 2801 2622 quze
2846 2554 2898 2606 in
2939 2552 3143 2608 divinis
3178 2552 3479 2621 Scripturis
3505 2553 3752 2621 disperse
3779 2551 4167 2611 continentur,

2578 2647 2953 2715 exposuimus,
2983 2653 3247 2714 quantum
3272 2644 3534 2699 memoria
3563 2660 3631 2697 ex
3656 2655 3906 2712 tempore
3938 2642 4164 2695 obtulit.

2580 2737 2814 2790 Possunt
2856 2746 3036 2790 autem
3080 2736 3174 2805 qui
3224 2736 3397 2789 libros
3436 2749 3622 2789 sacros
3665 2734 3720 2787 in
3760 2732 4022 2786 manibus
4072 2731 4168 2785 ha-

2580 2826 2731 2889 bent,
2786 2828 3045 2895 colligerc
3097 2827 3285 2879 omnia
3341 2826 3410 2880 de
3470 2840 3528 2880 re
3577 2826 3702 2889 hac,
3741 2835 3797 2879 et
3857 2824 4068 2877 habere
4113 2822 4166 2873 in

2580 2924 2836 2985 promptu
2865 2916 2931 2970 ad
2954 2932 3108 2970 suam
3134 2915 3428 2969 utilitatem
3453 2923 3509 2968 et
3542 2912 3988 2982 redarguendum
4016 2925 4162 2963 men-

2580 3009 2799 3062 dacium
2834 3026 2847 3061 :
2879 3010 3026 3078 quod
3077 3010 3299 3078 quidem
3330 3024 3432 3078 ego
3456 3022 3605 3060 nunc
3646 3006 3829 3059 facere
3862 3020 3976 3058 non
4012 3005 4167 3073 potui

901 3105 960 3147 et
994 3096 1294 3151 hominem.
1332 3100 1545 3153 Etenim
1591 3101 1636 3156 si
1672 3103 1836 3156 homo
1880 3105 2058 3158 solum
2095 3115 2235 3170 crat,
2268 3115 2329 3160 ut
2358 3110 2479 3177 qui-
2508 3127 2550 3182 ο
2586 3100 2640 3153 ill
2677 3101 2891 3155 οΧδίΙίο-
2933 3101 3039 3155 Sed
3082 3117 3208 3155 cum
3263 3116 3437 3169 Pauca
3484 3099 3724 3153 habeam
3761 3099 4016 3152 eamdem
4056 3099 4166 3151 "im

904 3186 1028 3241 dam
1079 3188 1145 3242 de
1188 3205 1255 3243 eo
1289 3192 1554 3257 sentiunt,
1593 3195 1870 3262 quomodo
1896 3195 2205 3251 aflirmabat
2231 3215 2288 3252 se
2312 3200 2483 3254 Deum

905 3278 974 3331 de
1003 3283 1106 3332 hoc
1133 3281 1539 3350 interrogatus?
1570 3284 1689 3337 Non
1722 3288 1869 3339 enim
1899 3298 2150 3341 servatur
2180 3290 2483 3344 secundum

906 3370 1041 3423 istos
1086 3371 1225 3423 ratio
1271 3371 1437 3439 justi;
1474 3372 1746 3441 siquidem
1780 3374 1873 3443 qui
1916 3376 2223 3431 divinitatis
2254 3378 2483 3447 gloriam

900 3470 961 3511 et
995 3461 1313 3527 opinionem
1366 3462 1470 3514 sibi
1518 3464 1771 3526 assumit,
1824 3478 1949 3517 cum
1997 3466 2201 3534 alioqui
2258 3484 2367 3520 non
2414 3467 2485 3521 sit

906 3547 1071 3610 Deus,
1128 3564 1236 3601 non
1275 3550 1450 3602 solum
1489 3567 1597 3603 non
1624 3560 1709 3605 est
1748 3554 1953 3623 justus,
2000 3554 2095 3607 scd
2141 3556 2297 3609 valde
2336 3556 2484 3611 blas-

904 3640 1179 3708 phemus;
1220 3642 1371 3710 alqui
1415 3652 1673 3711 tanquam
1706 3643 2085 3713 blasphemum
2113 3646 2246 3699 fatui
2272 3656 2327 3699 et
2353 3646 2480 3700 ρωρί

903 3747 1029 3786 eum
1084 3732 1150 3785 ad
1194 3743 1424 3785 mortem
1477 3733 1898 3799 damnaverunt,
1933 3752 2043 3789 non
2091 3737 2479 3805 intelligentes,

902 3823 1051 3890 quod
1090 3825 1235 3877 clare
1265 3833 1320 3877 et
1349 3840 1479 3878 vere
1516 3825 1723 3879 dictum
1763 3836 1906 3879 erat.
1934 3826 2114 3892 Quare
2141 3828 2374 3882 alterum
2412 3846 2478 3883 ex

903 3912 1124 3965 duobus
1149 3914 1527 3967 necessarium
1565 3924 1671 3978 est,
1701 3924 1797 3968 aut
1829 3916 2077 3970 confiteri
2118 3932 2245 3971 cum
2270 3919 2477 3983 Deum;

902 4013 999 4055 aut
1032 4019 1211 4071 neque
1261 4004 1536 4058 hominem
1581 4005 1803 4074 quidem
1827 4007 2059 4077 justum,
2107 4010 2203 4078 qui
2248 4026 2307 4063 se
2343 4011 2481 4065 dixit

905 4092 1074 4146 Deum
1101 4110 1221 4148 esse
1256 4112 1268 4147 :
1302 4096 1445 4149 sicut
1474 4098 1620 4150 enim
1660 4099 1823 4153 unius
1868 4100 2087 4169 negatio
2132 4103 2362 4156 alterius
2395 4111 2480 4156 est

905 4186 1211 4250 recusatio;
1267 4186 1345 4239 sic
1386 4188 1553 4241 unius
1609 4188 1899 4242 aflirmatio
1933 4190 2164 4244 alterius
2213 4200 2299 4245 est
2341 4207 2476 4245 con—

906 4270 1161 4327 firmatio.
1184 4275 1370 4343 Itaque
1389 4276 1781 4330 confitentibus
1798 4279 2006 4347 justum
2038 4278 2315 4333 hominem
2332 4295 2473 4346 esse,

902 4364 1175 4432 sequitur,
1232 4376 1292 4418 ut
1341 4367 1656 4420 necessario
1690 4370 1859 4422 Deum
1913 4384 2034 4423 esse
2084 4369 2472 4436 confiteantur,

900 4454 998 4523 qui
1033 4455 1170 4509 dixit
1203 4472 1260 4510 se
1297 4472 1421 4511 esse
1453 4459 1643 4512 Deum.
1677 4458 1819 4524 Quid
1849 4460 1995 4512 enim
2034 4460 2217 4515 obstat
2244 4461 2375 4530 quin
2403 4462 2478 4517 ita
2510 4452 2555 4506 Ῑ)

973 4586 1020 4618 ⁵⁸
1059 4591 1178 4643 Psal

902 4657 952 4687 '°
986 4658 1122 4713 ibid.
1158 4662 1241 4715 19.

1243 4608 1422 4652 amns.
1479 4593 1530 4653 7,
1573 4591 1625 4645 8.
1702 4593 1749 4623 “'°
1786 4593 1975 4647 Matth.
2025 4610 2063 4655 ι,
2098 4594 2189 4648 25.

1318 4664 1359 4692 ⁵¹
1385 4662 1404 4715 I
1431 4662 1587 4717 Joan.
1620 4678 1700 4726 ut,
1730 4663 1786 4717 2.
1860 4665 1905 4695 ⁵³
1947 4664 2106 4717 Rom.
2131 4681 2205 4729 is,
2236 4665 2289 4719 5.

2268 4595 2313 4627 "
2346 4595 2536 4649 Matth.
2577 4613 2722 4660 xm,
2758 4599 2846 4651 64.

2366 4666 2411 4697 ⁸³
2437 4667 2596 4721 Joan.
2635 4683 2747 4731 vui,
2783 4670 2870 4722 40.

2588 3208 2751 3261 quam
2778 3192 2985 3247 habent
3019 3194 3209 3255 multa,
3247 3191 3494 3260 paucitas
3521 3207 3713 3245 eorum
3753 3206 3875 3259 quae
3917 3190 4165 3259 exposita

2586 3292 2737 3347 sunt,
2770 3298 2880 3337 non
2907 3284 3150 3338 obstabit
3191 3284 3259 3337 iis
3296 3283 3390 3353 qui
3418 3285 3695 3336 voluerint
3726 3293 3943 3336 certum
3985 3290 4041 3335 et
4071 3298 4166 3335 ex-

2586 3376 2860 3445 ploratum
2898 3375 3125 3435 habere.
3167 3375 3222 3428 in
3253 3392 3363 3444 quo
3404 3389 3545 3446 opus
3577 3382 3695 3428 erat
3739 3372 3949 3426 habere
3978 3390 3991 3424 :
4017 3371 4163 3441 quod

2585 3468 2733 3521 enim
2764 3466 2924 3520 fidem
2959 3476 3014 3519 et
3058 3467 3441 3520 auctoritatem
3476 3466 3641 3519 habet
3676 3464 3730 3517 in
3770 3479 3884 3517 uno
3917 3463 4067 3531 quod
4096 3464 4163 3516 ab

2583 3572 2651 3611 eo
2696 3557 2921 3619 dicitur,
2954 3571 3062 3608 non
3114 3554 3298 3608 minus
3332 3554 3600 3609 credibile
3640 3553 3793 3619 facit,
3839 3568 4011 3621 quam
4048 3552 4094 3605 si
4134 3568 4165 3605 a

2585 3646 2734 3700 mille
2762 3646 2961 3700 similis
3007 3646 3351 3699 auctoritatis
3389 3645 3595 3700 dictum
3630 3654 3807 3708 esset;
3838 3644 3987 3697 idem
4016 3644 4163 3697 enim

2583 3736 2813 3805 Spiritus
2845 3743 2931 3788 est
2963 3735 3017 3788 in
3063 3735 3342 3789 omnibus.
3372 3734 3478 3790 Sed
3528 3734 3658 3805 quid
3688 3749 3828 3804 opus
3866 3744 3957 3787 est
3988 3734 4163 3803 pluri-

2583 3827 2688 3882 bus
2716 3827 2939 3881 verbis?
2977 3826 3259 3895 Siquidem
3304 3828 3419 3896 ipse
3450 3844 3481 3881 a
3509 3842 3618 3896 quo
3656 3825 3896 3896 Spiritus
3939 3836 4165 3880 sanctus

2581 3920 2850 3988 procedit,
2903 3920 2972 3973 de
3025 3920 3209 3989 seipse
3268 3930 3455 3988 aperte
3510 3921 3883 3975 testimonium
3940 3918 4161 3975 veritati

2581 4011 2806 4080 pra:bet,
2839 4011 2933 4079 qui
2974 4011 3236 4080 seipsum,
3263 4010 3489 4080 etquod
3523 4012 3577 4066 in
3607 4026 3667 4065 se
3689 4021 3795 4076 est,
3832 4013 4160 4081 cognoscit:

2582 4100 2701 4171 Ipse
2729 4103 2891 4165 enim,
2928 4102 3101 4171 inquit
3128 4103 3502 4173 Evangelista,
3536 4104 3755 4167 sciebat,
3778 4105 3913 4172 quid
3941 4112 4075 4155 esset
4104 4104 4156 4154 in

2578 4193 2786 4245 lionn'ue
2807 4194 2875 4245 ³⁵.
2902 4192 3048 4247 Satis
3106 4194 3412 4248 hactenus:
3442 4210 3733 4265 pergamus
3783 4194 4051 4264 deinceps
4090 4192 4159 4249 ad

2577 4284 2986 4351 exponendum,
3022 4300 3123 4354 pro
3148 4284 3381 4351 viribus,
3412 4300 3534 4355 quae
3580 4285 3646 4339 ad
3679 4284 3997 4355 passionem
4039 4282 4161 4341 Sal-

2577 4375 2780 4429 vatoris
2805 4377 3103 4446 pertinent.

2954 4598 2999 4629 ⁸⁸
3046 4598 3202 4653 Joan.
3240 4615 3295 4661 κ,
3339 4600 3428 4661 37,
3477 4600 3566 4652 58.

2948 4670 2993 4700 ⁸⁷⁵
3017 4669 3035 4723 I
3062 4669 3204 4723 Tim.
3238 4685 3296 4733 ιι,
3324 4670 3376 4732 5.
3401 4670 3456 4723 6.

3664 4600 3710 4631 δ’
3754 4600 3915 4655 Joan.
3967 4618 4023 4665 γ.
4068 4604 4153 4658 I7.

3552 4671 3599 4701 ”
3628 4670 3787 4725 Joan.
3823 4688 3883 4735 ιι,
3924 4671 4016 4725 25.

2172 4775 2404 4829 VARUE
2444 4776 2848 4833 LECTIONICS.

972 4868 999 4895 ι
1029 4856 1112 4909 Er
1144 4859 1313 4911 altera
1342 4868 1511 4928 parte.
1544 4860 1621 4913 Ex
1653 4872 1912 4915 contextu
1954 4863 2043 4916 hic
2070 4879 2171 4916 vos
2206 4866 2359 4917 homo
2393 4864 2587 4920 deesse
2612 4867 2853 4921 videtur.

926 5009 2449 5034 ᾗ

2466 5022 4141 5054 __________._—_____.

2480 5126 2580 5185 IV.

1610 5237 1718 5296 DE
1768 5238 2153 5299 PASSIONE
2199 5240 2300 5300 ET
2351 5239 3048 5306 IMPASSIBILITATE
3088 5246 3431 5312 CHRISTI.

967 5444 1011 5501 I.
1041 5446 1177 5498 Cum
1214 5462 1271 5500 se
1300 5446 1551 5501 Christus
1585 5454 1683 5518 per
1718 5464 1783 5503 ea
1827 5465 1947 5519 qum
1970 5450 2185 5504 dicebat
2221 5460 2277 5506 et
2304 5451 2472 5507 facie-

897 5536 1011 5597 bat.
1063 5551 1254 5589 verum
1298 5538 1467 5591 Deum
1517 5550 1572 5592 ct
1613 5539 1905 5593 Dominum
1952 5541 2190 5595 universi
2241 5541 2470 5595 demon-

897 5634 1143 5690 strasset,
1175 5627 1394 5680 diccbat
1425 5628 1710 5697 discipulis
1757 5632 1872 5685 suis
1918 5647 2251 5687 ascensurus
2281 5632 2473 5686 Ilicro-

2578 5455 2841 5525 solymam
2868 5474 2881 5510 :
2910 5456 3044 5511 Ecce
3077 5462 3407 5516 ascendimus
3442 5461 3891 5535 Hierosolymam,
3922 5478 3973 5521 et
3994 5468 4151 5523 Filius

2576 5548 2801 5601 hominis
2835 5549 3074 5603 tradetur
3103 5552 3347 5622 gentibus
3393 5564 3440 5606 et
3482 5554 3818 5624 pontiﬁcibus
3852 5565 3903 5611 et
3937 5557 4149 5619 Scribis.

2577 5636 2646 5687 ad
2682 5636 3089 5706 ﬂagellandum,
3125 5651 3172 5696 et
3198 5640 3545 5709 illudeudum,
3576 5652 3626 5698 et
3654 5644 4149 5718 cruciﬁgendum“.

966 5738 1015 5768 ⁸⁸
1049 5738 1237 5793 Matth.
1294 5757 1377 5807 xx,
1430 5742 1509 5803 l8,
1564 5744 1656 5810 l9;
1708 5744 1869 5800 Marc.
1903 5762 1953 5807 κ.
1992 5745 2368 5815 33,51;Lue.
2412 5762 2556 5811 svnt,
2594 5748 2788 5807 5l-55.
