4462 6440
322 409 480 475 1349

837 415 1119 475 “RATIO
1160 417 1257 478 1V.
1391 421 1483 479 DE
1525 419 1890 480 I‘ASSIONE
1932 422 2027 480 ET
2071 423 2732 485 IMPASSIBHJTATE
2768 427 3101 490 CHRISTI.

3464 427 3602 494 I350

315 522 533 578 Aiebat
579 534 764 578 autem
810 527 924 580 luce
965 543 1088 595 qme
1122 539 1284 581 erant
1313 541 1682 586 consentanea
1717 532 1915 600 pra-di
1951 554 1992 608 Α
2027 535 2105 589 vit
2137 536 2434 605 accepisse,
2469 538 2763 606 inquiens:
2801 539 2939 593 Data
2965 552 3038 593 est
3077 543 3204 596 mihi
3244 547 3413 598 onmis
3449 558 3597 616 pote-

315 616 621 670 etionibus
675 618 1091 685 prophetarum,
1149 622 1243 689 qui
1302 622 1672 689 praedixerant
1711 625 1918 678 exitum

316 722 503 774 quem
553 719 672 761 erat
727 708 1120 779 llierosolymis
1149 713 1399 768 facturus
1439 733 1452 768 :
1486 717 1632 769 unde
1673 726 1919 785 tempore

319 800 488 853 illius
527 791 859 854 incursionis
881 803 1299 867 sceleratorum,
1332 809 1556 875 quando
1581 824 1706 862 cum
1726 811 1920 878 gladiis

318 899 383 942 et
420 890 668 944 fustibus
698 904 970 946 venerunt
1002 893 1070 948 ad
1098 899 1676 965 comprehemlemlum
1709 900 1916 961 Jesum,

317 981 477 1036 duce
529 982 681 1036 illius
718 993 914 1038 turma:
944 984 1106 1050 Juda,
1143 1004 1306 1056 quem
1359 990 1554 1042 melius
1589 990 1780 1044 fuisset
1810 1008 1919 1046 non

317 1090 455 1126 esse
497 1085 717 1138 uatum;
752 1093 877 1128 eum
908 1077 1104 1130 Petrus
1147 1079 1400 1133 districto
1427 1081 1630 1146 gladio,
1677 1091 1732 1133 ct
1775 1084 1922 1136 auri-

319 1166 457 1217 eula
492 1167 776 1236 cujusdam
807 1167 1001 1220 Malchi
1028 1169 1170 1221 servi
1206 1171 1479 1238 pontificis
1509 1181 1788 1241 amputata
1838 1173 1919 1227 in-

322 1255 539 1321 iuriam
597 1257 843 1326 magistri
882 1258 1074 1314 ulcisci
1111 1262 1294 1325 vellet,
1335 1264 1450 1330 ipse
1493 1264 1760 1318 Dominus
1816 1266 1919 1320 Pe-

324 1357 488 1399 trum
522 1347 810 1416 increpans
834 1368 846 1402 :
872 1348 1148 1413 Converte,
1172 1353 1370 1421 inquit,
1393 1353 1630 1422 gladium
1659 1356 1712 1407 in
1747 1353 1916 1408 locum

319 1454 529 1501 suum;
569 1455 750 1492 omnes
796 1443 934 1494 enim
975 1441 1066 1510 qui
1113 1445 1408 1512 acceperint
1439 1445 1704 1514 gladium,
1734 1448 1916 1515 gladio

321 1530 603 1598 peribunt.
645 1531 728 1585 An
775 1543 954 1602 putas,
990 1536 1129 1602 quod
1174 1553 1277 1588 non
1319 1553 1527 1606 possum
1578 1555 1770 1606 rogare
1805 1538 1914 1591 Pa-

323 1629 474 1674 trem
505 1638 702 1686 meum,
735 1633 784 1676 et
813 1626 1065 1677 exhibebit
1096 1630 1222 1680 milii
1250 1632 1403 1681 modo
1435 1631 1553 1700 plus
1591 1650 1752 1701 quam
1782 1633 1916 1683 duo-

323 1713 506 1765 decim
539 1714 767 1783 legiones
789 1716 1094 1785 angelorum
1119 1720 1144 1773 ?
1175 1719 1445 1782 Quomodo
1467 1738 1592 1787 ergo
1622 1722 1916 1792 implebun-

322 1813 419 1856 tur
451 1804 772 1876 Scriptum’,
800 1811 924 1877 quia
949 1811 1023 1862 sic
1046 1821 1251 1879 oportet
1276 1811 1394 1877 ﬁeri
1411 1813 1562 1865 ’τῖ’Βί
1589 1829 1720 1883 ergo
1753 1829 1914 1883 opor-

2023 639 2136 681 stus
2180 631 2234 681 in
2275 629 2403 682 ccrlo
2454 640 2502 682 et
2554 633 2607 684 in
2645 643 2792 687 terra
2813 634 2892 696 ⁶⁸;
2926 645 2986 685 ιιι
3013 635 3126 701 jam
3171 637 3462 694 manifeste
3497 640 3600 695 de-

2023 729 2387 774 monstratum
2417 722 2511 788 sit,
2546 723 2709 794 hujus
2733 725 2922 793 glorim
2952 741 3173 780 causam
3204 742 3324 783 esse
3355 745 3596 796 crucem,

2019 819 2075 864 et
2114 820 2352 866 mortem
2395 829 2493 882 per
2522 829 2744 869 crucem
2775 833 2788 867 :
2816 828 2935 870 erat
2968 820 3113 872 enim
3156 820 3474 876 universum
3506 841 3599 892 ge-

2021 919 2126 958 nus
2173 914 2422 958 nostrum
2482 924 2634 961 reum
2691 910 2903 972 mortis,
2940 911 3067 980 quia
3122 929 3302 968 omnes
3357 926 3601 982 peccare-

2021 1005 2146 1047 runt
2165 997 2211 1025 “
2231 1013 2249 1060 ;
2273 999 2517 1052 stimulus
2550 1008 2728 1053 autent
2765 1005 2947 1055 mortis
2975 1015 3248 1073 peccatum
3290 1016 3365 1060 est
3383 1009 3450 1069 ⁸⁷,
3487 1024 3600 1078 quo

2021 1103 2121 1142 nos
2179 1104 2331 1143 mors
2389 1093 2705 1146 vulneratos
2766 1097 3080 1161 prostravit.
3125 1098 3236 1151 Nec
3283 1099 3445 1153 aliter
3501 1099 3597 1168 qui

2019 1182 2188 1234 armis
2214 1183 2507 1250 expugnati
2538 1191 2590 1237 et
2619 1184 2762 1252 capti
2805 1195 2983 1250 erant,
3017 1187 3122 1240 nisi
3155 1204 3252 1256 per
3302 1199 3535 1244 mortem
3567 1205 3597 1243 a

2018 1273 2255 1326 vinculis
2287 1274 2572 1327 servitutis
2599 1275 2822 1329 liberari
2856 1286 3109 1344 poterant
3137 1295 3148 1330 :
3180 1280 3422 1347 pretium
3446 1281 3595 1334 enim

2019 1358 2363 1415 Iiberaliouis
2396 1362 2452 1415 in
2486 1362 2768 1416 voluntate
2809 1379 3003 1418 eorum
3040 1366 3134 1434 qui
3181 1369 3428 1436 captivos
3457 1368 3597 1423 deti-

2020 1460 2172 1515 nent,
2204 1453 2447 1520 positum
2475 1462 2579 1507 est.
2621 1455 2738 1509 Non
2775 1465 2894 1509 erat
2936 1457 3124 1527 igitur,
3157 1461 3251 1528 qui
3290 1469 3474 1529 posset
3502 1478 3599 1516 ue-

2018 1537 2227 1606 gotium
2285 1542 2567 1609 suscipere
2616 1553 2672 1595 ct
2723 1545 2996 1600 redimere
3043 1551 3461 1616 genus;un|lns
3496 1552 3600 1604 Ιιιι-

2019 1629 2163 1682 mani
2195 1632 2414 1697 generis
2448 1633 2585 1686 liber
2615 1643 2733 1688 erat
2758 1652 2770 1688 :
2798 1636 2885 1690 vix
2923 1637 3069 1690 enim
3099 1639 3222 1707 quis
3249 1656 3350 1708 pro
3379 1657 3436 1695 se
3482 1657 3594 1696 mo-

2017 1719 2165 1772 riens
2210 1723 2431 1790 propria
2483 1723 2818 1793 obligatione
2870 1727 3160 1792 liberatur,
3212 1731 3307 1798 qui
3371 1732 3599 1787 minimc

2018 1821 2197 1878 potest
2227 1814 2310 1866 vel
2345 1830 2516 1866 unum
2548 1831 2732 1869 secum
2766 1817 2999 1873 liberare
3029 1838 3040 1871 :
3067 1821 3214 1888 quod
3249 1823 3293 1876 si
3323 1839 3392 1878 ne
3423 1840 3595 1880 unum

320 1895 482 1950 what
500 1898 639 1962 ﬁeri,
673 1915 897 1954 necesse
930 1917 1153 1971 prorsus
1181 1913 1299 1957 crat,
1331 1904 1448 1958 ﬁcri
1486 1923 1497 1957 ε
1528 1906 1674 1974 (μιοά
1726 1915 1910 1959 ιιιιιοιη
1947 1899 1986 1950 Β
2015 1901 2240 1968 quidem
2278 1914 2479 1973 pOICSl,
2523 1907 2616 1974 qui
2648 1915 2866 1976 poterat
2925 1919 3097 1964 totum
3127 1915 3395 1969 mundum
3422 1917 3599 1972 servi-

318 2006 559 2045 necesse
594 2003 678 2047 est
707 2007 768 2046 ut
800 1994 911 2057 fiat,
953 2012 1061 2049 non
1103 2005 1282 2065 potest
1314 2015 1421 2052 non
1468 1999 1605 2053 licri.
1640 1999 1778 2054 Cum
1814 2001 1913 2069 igi-

321 2089 418 2134 tur
448 2081 636 2136 divina
659 2083 944 2154 Scriptura
963 2102 992 2138 a
1012 2089 1284 2156 principio
1311 2090 1652 2157 prmdixisset
1676 2101 1908 2144 mortem

316 2171 561 2235 Christi,
580 2185 635 2228 et
647 2177 927 2243 passiones
943 2187 1069 2231 ante
1088 2189 1320 2233 mortem
1342 2196 1602 2250 ;qua:que
1622 2189 1744 2252 post
1760 2198 1912 2236 mor-

320 2271 438 2316 tem
470 2268 689 2334 corpori
708 2267 828 2336 ejus
858 2276 1077 2322 mortuo
1100 2269 1447 2334 acciderunt,
1477 2283 1533 2326 et
1572 2273 1718 2328 hunc
1738 2275 1908 2328 Deum

319 2355 412 2409 cui
451 2357 572 2410 haec
612 2359 959 2422 acciderunt,
1014 2361 1404 2430 impassibilem
1445 2374 1504 2418 et
1544 2366 1907 2418 immortalem

318 2445 620 2514 praedicit:
654 2448 815 2502 aliter
871 2450 1020 2504 enim
1061 2468 1340 2522 nunquam
1388 2454 1534 2508 Deus
1575 2456 1763 2518 fuerit,
1802 2454 1907 2508 nisi

319 2538 378 2590 in
414 2538 711 2592 veritatem
746 2539 1144 2596 incarnationis
1187 2543 1486 2610 intuentes,
1527 2546 1681 2599 illinc
1716 2561 1911 2600 causas

318 2629 602 2683 ducamus
632 2639 780 2684 recte
824 2641 880 2685 et
924 2633 1072 2702 juste
1104 2644 1401 2704 utrumque
1428 2637 1750 2697 confitendi,
1791 2655 1911 2708 pas-

321 2721 543 2774 sionem
618 2721 828 2776 scilicet
877 2733 934 2778 ct
998 2724 1527 2793 impassibilitatem;
1579 2744 1642 2782 ac
1689 2745 1908 2784 causam

322 2812 558 2880 quidem
590 2822 815 2882 propter
840 2830 1003 2883 quam
1039 2816 1278 2869 Verbum
1307 2818 1424 2879 Dei,
1449 2819 1653 2888 alioqui
1708 2821 1911 2890 impas-

321 2903 511 2967 sibile,
541 2904 611 2957 ad
652 2905 962 2972 passionem
989 2908 1173 2972 venit;
1201 2908 1402 2976 quippe
1432 2923 1557 2962 cum
1585 2926 1693 2963 non
1729 2922 1913 2980 posset

319 2994 488 3048 aliter
555 2993 720 3048 homo
776 2996 962 3050 salvus
1014 2996 1166 3061 fieri,
1218 2999 1334 3066 ipse
1393 3000 1545 3053 solus
1610 3001 1797 3066 novit,
1855 3011 1910 3055 ct

316 3086 532 3156 quibus
571 3086 684 3156 ipse
710 3088 927 3156 aperuit
959 3106 972 3142 :
1001 3089 1184 3143 omnia
1210 3090 1357 3143 enim
1382 3090 1538 3143 novit
1573 3107 1695 3160 qua:
1735 3092 1911 3147 Patris

318 3185 473 3241 sunt,
503 3178 649 3232 sicut
680 3196 694 3231 :
719 3177 952 3249 Spiritus
973 3188 1244 3233 scrutatur
1263 3181 1529 3250 profunda
1553 3181 1598 3214 ⁸⁸
1630 3184 1904 3252 mysteria.

2022 2000 2136 2044 tute
2171 1993 2458 2047 liberare?
2490 1996 2601 2050 Etsi
2663 1999 2830 2062 enim,
2863 2007 2923 2053 ut
2972 2001 3078 2054 hoc
3114 2018 3400 2071 ponamus,
3432 2023 3598 2063 unus-

2018 2085 2253 2152 quisque
2314 2085 2546 2139 idoneus
2602 2088 2795 2142 fuisset
2842 2091 2907 2144 ad
2957 2092 3340 2149 liberationem
3397 2113 3592 2152 suam:

2019 2183 2199 2230 tamen
2231 2193 2341 2231 non
2372 2179 2621 2243 decebat,
2667 2193 2728 2235 ut
2755 2199 2949 2238 omnes
2993 2197 3362 2254 morerentur,
3392 2198 3450 2245 et
3477 2207 3596 2244 om-

2019 2282 2118 2319 nes
2162 2269 2264 2321 sub
2299 2279 2571 2336 potestate
2613 2275 2807 2328 mortis
2857 2287 3226 2332 remanerent.
3257 2280 3427 2350 Cujus
3463 2298 3596 2352 ergo

2018 2369 2139 2414 erat
2170 2368 2277 2414 tam
2313 2365 2589 2417 excellens
2628 2366 2909 2422 ofﬁcium?
2936 2371 3150 2426 scilicet
3198 2374 3454 2443 alicujus,
3499 2379 3595 2446 qui

2017 2466 2244 2519 peccare
2269 2467 2379 2505 non
2407 2454 2694 2521 potuisset.
2723 2457 2860 2522 Quis
2886 2469 3068 2514 autem
3093 2477 3160 2515 ex
3186 2465 3443 2518 omnibus
3474 2475 3598 2522 crat

2017 2542 2111 2609 qui
2151 2556 2381 2610 peccare
2425 2547 2699 2614 nequiret,
2726 2549 2830 2602 nisi
2860 2551 3011 2604 solus
3056 2553 3240 2608 Deus?
3268 2555 3439 2625 Igitur
3466 2560 3595 2627 quia

2018 2632 2111 2685 Dei
2143 2642 2264 2685 erat
2319 2633 2424 2688 hoc
2472 2651 2630 2704 opus,
2658 2638 2822 2707 idque
2865 2642 2984 2694 sine
3015 2654 3189 2697 morte
3221 2654 3277 2699 et
3318 2647 3436 2702 sine
3469 2665 3596 2717 pas-

2019 2722 2271 2777 sionibus
2306 2741 2430 2794 qua:
2465 2731 2629 2782 morti
2663 2733 3020 2797 antecedunt,
3060 2737 3253 2804 perﬁci
3287 2754 3398 2792 non
3435 2750 3595 2810 pote-

2020 2821 2134 2876 rat;
2164 2814 2311 2868 Deus
2343 2825 2525 2871 autem
2553 2821 2772 2887 penitus
2802 2839 2910 2876 non
2935 2833 3022 2878 est
3047 2841 3215 2896 capax
3242 2839 3438 2884 mortis
3465 2851 3478 2885 :
3503 2847 3593 2886 as-

2018 2905 2255 2973 sumpsit
2289 2918 2564 2971 natnram,
2600 2921 2802 2968 nostra:
2846 2916 3375 2977 consubstantialem
3405 2930 3463 2976 et
3495 2939 3595 2993 per

2018 2994 2200 3046 omnia
2250 2995 2506 3058 similem.
2553 3016 2677 3068 qua:
2709 3004 2996 3070 passiones
3040 3017 3097 3062 et
3128 3021 3363 3064 mortem
3394 3027 3594 3083 capere

2017 3089 2233 3148 posset;
2283 3084 2537 3151 prmbens
2578 3090 2740 3144 simul
2795 3095 3143 3150 occasionem
3191 3100 3360 3154 morti
3412 3119 3592 3173 oppu-

2017 3173 2218 3239 guamli
2273 3188 2516 3243 carnem,
2563 3188 2618 3232 et
2684 3180 2856 3250 ipsam
2900 3195 3133 3242 mortem
3183 3206 3284 3260 per
3338 3203 3591 3250 naturam

387 3268 459 3323 η.
494 3244 888 3324 verumm‘mcn
943 3272 1238 3340 oportebat
1263 3244 1404 3341 'pa'li
1471 3244 1791 3341 Chrism'm;
1853 3285 1910 3330 οι
1937 3244 1981 3302 c
2018 3265 2181 3318 morti
2213 3267 2516 3338 subjectam
2549 3271 2889 3330 deeertando
2924 3292 3361 3350 expugnaturus,
3397 3296 3459 3340 ut
3491 3305 3594 3343 ne-

319 3375 436 3413 non
478 3369 699 3429 poterat
743 3363 968 3431 penitus
1012 3378 1122 3416 non
1176 3363 1294 3418 fieri
1349 3365 1551 3433 passio,
1598 3365 1745 3419 sicut
1793 3367 1910 3435 ipse

317 3451 637 3514 afﬁrmavit,
667 3468 794 3507 cum
833 3454 1016 3507 tardos
1056 3464 1106 3507 et
1145 3455 1334 3508 stultos
1364 3457 1575 3509 vocavit
1599 3457 1644 3488 "
1666 3473 1762 3511 eos
1811 3459 1906 3528 qui

319 3541 659 3610 ignorabant
692 3542 775 3596 sic
803 3552 1062 3611 oportere
1089 3542 1371 3598 Christum
1399 3546 1535 3614 pati,
1583 3556 1640 3601 et
1693 3549 1905 3618 ingredi

319 3633 374 3686 in
403 3633 638 3701 gloriam
691 3647 864 3688 suam.
909 3633 1194 3704 Siquidem
1239 3638 1396 3689 exivit
1427 3638 1498 3689 ad
1526 3638 1758 3692 salutem
1809 3656 1906 3708 po-

317 3725 434 3793 puli
462 3725 632 3790 sui“,
676 3726 863 3780 relicta
898 3727 1070 3796 gloria
1123 3727 1213 3781 illa
1261 3743 1426 3796 quam
1480 3729 1721 3784 habebat
1759 3731 1905 3800 apud

317 3816 544 3871 Patrem
595 3826 722 3872 ante
762 3834 926 3887 quam
965 3818 1207 3874 mundus
1243 3820 1498 3886 ﬁeret";
1541 3823 1690 3876 salus
1717 3832 1902 3877 autem

315 3910 728 3963 consummatio
770 3919 912 3974 erat,
969 3926 1093 3980 qua:
1147 3913 1438 3981 Oportebat
1470 3924 1529 3966 ut
1565 3930 1663 3982 per
1691 3915 1905 3983 passio~

319 4015 448 4053 nem
503 3997 681 4063 ﬁeret,
729 4007 788 4054 et
839 4001 1050 4054 auctori
1081 4001 1207 4054 vita:
1256 4011 1461 4056 nostra:
1504 4003 1898 4066 ascriberetur,

316 4089 466 4143 sicut
503 4090 708 4144 Paulus
737 4090 924 4155 docet,
948 4105 1076 4145 cum
1105 4092 1183 4145 ait
1214 4108 1228 4142 :
1254 4091 1436 4161 Ipsum
1489 4109 1598 4146 esse
1633 4102 1901 4148 auctorem

318 4181 440 4233 vita:
494 4195 590 4249 per
631 4181 904 4250 passiones
965 4192 1393 4236 consummatum
1415 4185 1482 4237 η.
1547 4183 1616 4237 Et
1681 4184 1902 4240 videtur

314 4267 732 4336 quodammodo
766 4270 938 4338 gloria
966 4269 1270 4340 Unigeuiti,
1302 4281 1456 4326 extra
1488 4289 1652 4342 quam
1684 4275 1752 4328 ad
1779 4275 1901 4330 bre-

315 4373 382 4412 ve
409 4366 632 4428 tempus
657 4369 881 4429 propter
930 4377 1032 4416 nos
1085 4361 1286 4427 fuerat,
1323 4379 1423 4433 per
1463 4379 1686 4419 crucem
1717 4366 1898 4420 eidem

316 4448 578 4503 restituta
616 4448 672 4503 iu
713 4464 881 4505 carne
913 4461 1232 4521 assumpta;
1264 4454 1342 4506 ait
1382 4455 1532 4508 enim
1575 4454 1723 4510 ﬁlius
1758 4457 1900 4510 toni-

318 4536 430 4592 trui
477 4537 534 4591 in
588 4537 882 4609 Evangelia
939 4555 1064 4605 suo,
1129 4557 1256 4596 cum
1302 4545 1553 4614 exponit,
1597 4560 1721 4614 quae
1749 4555 1898 4601 esset

315 4645 460 4699 aqua
513 4630 605 4684 illa
679 4646 845 4700 quam
888 4632 1029 4687 dixit
1068 4632 1323 4688 Salvator
1377 4637 1593 4705 ﬂuxisse
1639 4645 1895 4705 tanquam

309 4721 540 4789 ﬂumina
563 4719 628 4772 de
651 4731 832 4774 ventre
853 4723 1112 4776 credentis
1143 4743 1162 4779 :
1188 4723 1298 4777 Hoc
1326 4733 1525 4789 autem,
1550 4724 1748 4794 inquit,
1767 4725 1899 4778 dixit

310 4809 376 4862 de
413 4807 621 4880 Spiritu
647 4821 853 4876 sancto,
887 4831 1043 4883 quem
1065 4817 1332 4885 accepturi
1361 4825 1516 4870 erant
1538 4816 1805 4869 credentes
1842 4817 1898 4868 in

312 4917 437 4955 eum
467 4918 488 4955 :
521 4903 758 4956 nondum
803 4905 944 4958 enim
973 4905 1130 4959 datus
1160 4917 1276 4960 erat
1305 4906 1558 4977 Spiritus,
1588 4908 1711 4978 quia
1742 4907 1897 4961 Iesus

315 4993 554 5047 nondum
579 5004 697 5047 erat
733 4995 1060 5065 glori/iectus
1083 4998 1156 5063 ⁶³;
1182 4997 1413 5068 gloriam
1464 5009 1621 5054 vocat
1663 5009 1892 5054 mortem

315 5085 371 5138 in
402 5100 588 5139 cruce.
624 5085 782 5141 Unde
815 5088 1162 5152 Dominus“,
1196 5105 1321 5143 cum
1353 5105 1562 5158 preces,
1599 5099 1890 5159 antequam

313 5190 536 5230 crucem
583 5177 816 5243 subiret,
847 5179 1160 5244 adhiberet,
1197 5181 1414 5234 Patrem
1457 5181 1804 5250 precabatur,
1832 5190 1892 5236 ut

312 5266 716 5337 gloriﬁcaretur
750 5283 815 5323 ea
866 5271 1043 5339 gloria
1085 5287 1248 5342 quam
1280 5273 1517 5328 habebat
1549 5274 1696 5343 apud
1737 5289 1888 5339 eum,

312 5366 607 5427 antequam
638 5359 879 5414 mundus
904 5371 1071 5416 esset.

378 5449 470 5504 Ill.
511 5450 643 5504 Post
699 5453 1166 5508 resurrectionem
1227 5469 1360 5509 vero
1400 5454 1531 5509 dum
1572 5465 1888 5509 versaretur

315 5556 434 5598 una
474 5541 763 5613 discipulis
806 5545 946 5610 suis,
989 5544 1134 5601 hanc
1177 5562 1343 5618 quam
1376 5548 1617 5617 petebat,
1651 5547 1886 5601 afﬁrma-

378 5683 424 5715 ⁸⁷
446 5682 640 5736 Matth.
666 5700 809 5749 XXVI,
832 5683 1017 5741 52-54.

319 5753 505 5824 ti,l0._
567 5754 610 5784 ⁸³
634 5753 793 5809 Joan.
836 5771 931 5822 vu,
966 5757 1056 5822 58,
1093 5759 1180 5813 39.
1261 5761 1307 5791 “
1327 5761 1483 5815 Joan.
1519 5777 1647 5824 xvu,
1681 5762 1733 5816 5.

1131 5688 1220 5742 ⁸⁸1
1255 5689 1382 5744 Cor.
1417 5690 1567 5752 n,l0.
1645 5690 1691 5722 "
1721 5691 1855 5745 Luc.
1884 5708 2028 5756 xxiv,
2053 5691 2142 5746 ‘35.

1837 5764 1880 5793 ⁸³
1913 5762 2101 5815 Matth.
2127 5778 2310 5825 xxvm,
2342 5765 2425 5820 18.

318 5821 361 5854 ⁸³
387 5822 532 5880 Psal.
557 5838 738 5894 vam,
765 5825 854 5882 27.
931 5827 976 5860 ⁶⁹
997 5821 1098 5882 lsa.
1130 5845 1179 5896 L,
1201 5829 1255 5884 6.
1331 5831 1376 5862 '°
1407 5831 1556 5887 Psal.
1581 5821 1689 5899 xxi,
1720 5831 1806 5886 i7.
1883 5833 1923 5864 "'
1952 5833 2057 5888 lsa.
2085 5848 2203 5900 un,
2245 5833 2299 5887 7.

2011 3370 2118 3422 quc
2160 3372 2306 3411 mors
2350 3360 2540 3415 dicere
2577 3375 2760 3432 posset
2807 3382 2865 3420 sc
2907 3384 3014 3422 non
3052 3372 3120 3425 ab
3153 3373 3397 3441 homine,
3439 3380 3534 3434 sed
3560 3395 3592 3434 a

2011 3441 2122 3495 Deo
2155 3455 2469 3512 superatam
2522 3465 2687 3515 esse;
2741 3469 2922 3523 neque
2984 3474 3086 3512 nos
3122 3463 3318 3518 molles
3349 3465 3595 3523 edicere-

2009 3548 2132 3586 mur
2164 3534 2231 3588 ad
2272 3545 2576 3605 certamen,
2611 3558 2735 3596 cum
2773 3551 2991 3615 tempus
3018 3561 3243 3606 vocaret
3269 3571 3282 3606 :
3307 3555 3587 3626 siquidem

2006 3625 2315 3693 exemplum
2372 3627 2702 3687 haberemus
2751 3634 2805 3686 in
2868 3651 3033 3692 carne
3071 3641 3318 3710 ejusdem
3376 3625 3590 3703 natura:

2006 3728 2071 3766 ac
2094 3715 2440 3783 substantize,
2473 3720 2528 3774 in
2563 3738 2670 3791 qua
2702 3735 2994 3793 peccatum
3018 3729 3337 3789 damnatum
3367 3736 3587 3805 fuisset,

2005 3803 2152 3871 quod
2185 3805 2364 3860 locum
2394 3809 2608 3863 nullum
2641 3810 2695 3864 in
2727 3828 2792 3868 ea
2816 3819 3136 3886 reperisset.
3160 3803 3585 3885 Conﬂixitenim

2005 3907 2104 3960 per
2143 3910 2263 3948 eam
2300 3913 2426 3951 cum
2476 3910 2652 3956 morte
2718 3903 3139 3974 impassibiliter
3168 3913 3409 3971 Verbum
3461 3919 3583 3986 Dei,

2002 3983 2130 4051 quia
2169 3985 2341 4055 ipsam
2367 4004 2590 4044 carnem
2624 3996 2902 4064 propriam
2937 3999 3087 4067 fecit,
3122 4011 3330 4060 etcum
3365 4025 3429 4064 ea
3455 3983 3584 4065 uni;

2004 4083 2119 4128 tum
2154 4087 2259 4141 est,
2287 4080 2432 4136 sicut
2457 4085 2638 4138 anima
2667 4102 2792 4141 cum
2825 4104 3059 4160 corpore
3089 4113 3102 4148 :
3127 4095 3269 4152 hanc
3294 4103 3582 4170 proprium

2002 4181 2204 4236 corpus
2244 4181 2300 4224 et
2337 4186 2563 4229 carnem
2594 4184 2774 4231 vocat.
2822 4179 2889 4233 Et
2950 4185 3135 4237 omnia
3182 4201 3305 4256 qua:
3365 4189 3420 4243 in
3464 4191 3582 4263 ipsa

2002 4260 2142 4314 facta
2175 4273 2324 4328 sunt,
2359 4268 2581 4335 propria
2611 4270 2765 4324 ducit
2816 4281 2873 4326 et
2930 4285 3170 4345 reputat.
3200 4260 3581 4349 Siquidem'ex

2000 4367 2235 4418 persona
2271 4356 2394 4424 ejus
2426 4358 2628 4413 clamat
2657 4363 2924 4431 propheta
2959 4363 3216 4435 inquiens
3241 4369 3442 4441 :Super
3481 4377 3580 4428 do-

2002 4442 2168 4496 lorem
2193 4444 2474 4500 vulnerum
2497 4465 2729 4504 meorum
2752 4453 3068 4509 addiderunt
3091 4459 3156 4511 ⁸³.
3180 4460 3394 4518 Vulnus
3417 4481 3578 4522 suum

2001 4544 2162 4590 vocat
2194 4538 2397 4593 vulnus
2424 4544 2677 4610 corporis
2710 4545 2829 4608 sui;
2861 4555 2917 4600 et
2946 4558 3134 4618 partes
3163 4557 3416 4622 corporis
3449 4574 3580 4627 pro-

2001 4624 2121 4693 pria
2149 4628 2392 4682 membra
2425 4642 2665 4700 reputat,
2694 4634 2838 4691 sicut
2873 4648 2929 4693 et
2955 4647 3128 4694 totum
3160 4659 3364 4714 corpus
3397 4666 3410 4701 :
3442 4624 3580 4704 baro

1997 4732 2115 4770 sum
2145 4734 2336 4781 meum,
2375 4724 2576 4792 inquit,
2609 4726 2730 4780 dedi
2761 4730 2816 4781 iu
2847 4730 3060 4785 verbera
3082 4741 3131 4785 et
3156 4750 3319 4804 genus
3349 4755 3493 4792 meas
3519 4743 3574 4795 in

1998 4807 2286 4877 alapas;et
2331 4811 2520 4879 facient
2547 4830 2718 4869 meum
2744 4834 2847 4870 non
2875 4823 3044 4874 averti
3068 4840 3099 4875 a
3118 4824 3364 4880 dedecore
3394 4839 3578 4898 sputo-

1997 4917 2117 4954 rum
2131 4902 2273 4957 ".Et
2291 4920 2510 4959 rursus:
2533 4906 2795 4963 Fodernnt
2814 4928 3003 4967 manus
3020 4932 3164 4970 meas
3179 4927 3228 4971 et
3245 4919 3399 4988 pedes
3414 4938 3574 4988 meos,

1993 5003 2042 5046 et
2062 4994 2523 5051 dinumerarerunt
2543 5003 2722 5056 omnia
2740 5019 2859 5058 ossa
2881 5022 2996 5060 mea
3017 5007 3083 5060 ⁷⁸.
3101 5008 3279 5079 Atque
3300 5011 3417 5068 haec
3448 5015 3575 5084 qui-

1998 5083 2122 5139 dem
2145 5086 2359 5141 dieitde
2386 5103 2637 5158 corpore,
2653 5095 2798 5162 quod
2817 5111 2978 5149 suum
2997 5097 3150 5152 dicit.
3179 5101 3247 5155 Et
3274 5117 3397 5171 qua:
3423 5083 3572 5160 illata

1996 5175 2218 5233 fuerunt
2232 5181 2474 5250 corpori,
2493 5183 2619 5249 sibi,
2636 5187 2728 5254 qui
2749 5201 2951 5257 corpus
2966 5190 3232 5259 gestabat,
3251 5192 3398 5247 illata
3415 5194 3571 5252 dicit.

2065 5275 2153 5329 IV.
2189 5275 2460 5330 Caeterum
2492 5287 2549 5332 et
2581 5279 2696 5348 ipse
2725 5282 2883 5346 dicit,
2918 5299 2977 5339 se
3026 5301 3247 5354 passum
3280 5303 3423 5353 esse,
3453 5290 3576 5346 sine

1994 5365 2375 5418 nominatione
2413 5369 2686 5438 corporis,
2712 5379 2806 5424 aut
2858 5376 3246 5432 numeratione
3291 5379 3574 5433 membro-

1993 5472 2150 5520 rum;
2185 5465 2243 5510 ut
2273 5473 2399 5511 cum
2433 5464 2510 5513 ait
2549 5463 2818 5530 propheta
2849 5483 2860 5518 :
2895 5465 3170 5537 Tanquam
3197 5472 3306 5525 ovis
3332 5473 3403 5525 ad
3429 5475 3570 5527 occi-

1987 5551 2186 5602 sionem
2217 5550 2404 5603 ductus
2433 5560 2509 5604 est
2533 5553 2596 5607 ⁷⁸,
2632 5554 2700 5608 Et
2733 5555 3042 5612 :Dederunt
3087 5561 3140 5615 in
3175 5562 3344 5617 cibum
3395 5581 3568 5619 meum

2224 5693 2268 5724 “
2290 5693 2488 5766 llabac.
2519 5713 2596 5760 ut,
2623 5697 2708 5752 15.
2787 5700 2826 5730 ⁶¹
2857 5700 2992 5755 Joan
3037 5719 3162 5766 xvn,
3192 5705 3244 5757 5.
3321 5705 3364 5737 ⁶¹
3391 5704 3564 5762 llehr.

2529 5769 2572 5798 ⁶⁶
2593 5768 2753 5823 Rom.
2785 5786 2862 5837 In,
2890 5771 2981 5825 25.
3080 5774 3122 5805 ⁸⁷
3152 5773 3168 5826 l
3195 5773 3325 5829 Cor.
3359 5792 3447 5844 xv,
3475 5777 3562 5833 56.
