4462 6440
849 393 979 459 1351

848 500 938 571 fel,
967 509 1013 552 et
1044 502 1095 553 in
1140 499 1226 552 siti
1258 515 1374 552 mea
1412 505 1721 568 putauerunt
1766 514 1846 550 me
1885 499 2114 550 aceto".

845 591 1044 653 divise,
1084 590 1177 644 sed
1228 592 1412 660 potius
1461 591 1754 658 conjuncte
1798 590 1981 643 omnia
2031 589 2098 641 de
2151 590 2269 658 ipso
2316 589 2425 642 dici

847 691 1031 751 putet;
1068 682 1274 734 idcirco
1298 688 1354 734 et
1390 682 1625 733 humana
1655 688 1712 733 et
1745 680 1931 734 divina
1966 682 2333 734 communiter
2359 681 2427 734 de

850 773 969 842 ipso
1004 773 1390 842 przedicautur,
1430 780 1610 825 mente
1650 772 2024 840 distinguente
2068 787 2189 841 qu:e
2225 782 2428 824 utram-

849 880 958 932 que
999 872 1253 917 naturam
1292 864 1621 916 condeccnt.
1671 862 1940 916 Divinitas
1990 862 2139 915 cnim
2175 862 2430 930 itnpassi-

849 952 976 1006 bilis
1004 961 1117 1016 est;
1156 962 1212 1007 ct
1243 968 1351 1005 non
1398 959 1579 1020 potest
1638 966 1878 1019 unquam
1935 952 2115 1019 passio
2161 952 2431 1019 attingere

854 1043 1281 1111 impassibilem;
1316 1058 1416 1095 nec
1443 1057 1794 1111 qu:eennqne
1836 1042 2034 1094 anima:
2064 1042 2429 1105 conveniunt,

852 1144 948 1189 aut
980 1150 1319 1203 quzrcunquc
1357 1135 1578 1203 corpori
1610 1144 1705 1187 aut
1738 1134 1958 1202 corpori
1996 1134 2243 1186 animato
2273 1148 2285 1183 :
2316 1133 2432 1184 ani-

856 1240 955 1278 ma:
1007 1226 1153 1277 enim
1201 1226 1414 1279 ratione
1462 1225 1704 1293 praedita:
1734 1233 1819 1278 est
1849 1224 2055 1277 dolere.
2084 1233 2142 1277 et
2191 1224 2429 1286 turbari,

854 1330 906 1371 et
939 1336 1194 1384 munere,
1218 1330 1275 1374 ct
1307 1320 1481 1373 tristia
1513 1319 1763 1387 urgentia
1806 1326 1862 1371 ct
1904 1318 2254 1371 adventantia
2286 1318 2435 1385 cogi-

858 1424 1011 1477 tare;
1060 1415 1313 1483 corporis
1341 1428 1474 1465 vero
1523 1412 1722 1469 secari,
1759 1418 1816 1463 ct
1854 1411 2109 1479 conjungi
2139 1430 2150 1460 :
2182 1410 2435 1478 corporis

856 1504 1081 1557 animati
1134 1504 1370 1566 esurire,
1421 1503 1597 1565 sitire,
1655 1502 1908 1555 laborare
1955 1510 2012 1555 ct
2064 1502 2281 1555 sudare.
2313 1503 2437 1555 Ihec

857 1594 1061 1657 omnia,
1097 1603 1377 1647 eteorum
1419 1594 1632 1662 singula
1666 1593 1892 1660 patienti
1933 1593 2195 1644 accidunt
2242 1608 2438 1645 secun-

858 1685 989 1737 dum
1045 1684 1403 1737 mutationem
1445 1683 1828 1751 dispositionis
1862 1681 2037 1733 :Deus
2094 1690 2301 1746 autem,
2351 1682 2437 1734 in-

859 1778 998 1845 quit,
1032 1793 1125 1844 ego
1162 1793 1300 1838 sum,
1330 1784 1376 1826 et
1408 1791 1510 1827 non
1563 1774 1821 1825 mutor”.
1855 1773 1923 1827 Et
1952 1773 2003 1827 ei
2056 1773 2199 1825 alius
2229 1773 2440 1826 theolo-

1968 397 2027 453 8.
2077 393 2470 451 ANASTASII
2509 390 2971 451 ΛΝΤΗΗἸΙΗΞΝΙ

3978 379 4122 441 135?.

2173 499 2249 552 Ne
2297 498 2422 566 quis
2455 507 2497 559 Α
2530 497 2712 550 omnia
2745 494 2911 548 unius
2940 506 2992 548 et
3015 491 3258 562 ejusdem
3280 506 3399 544 esse
3429 490 3772 559 proﬁtemur,
3796 488 4118 558 passionem

2531 588 2834 642 naturalem
2874 597 2930 638 et
2967 583 3481 653 inquassihilitatmn.

2602 679 2687 733 VI.
2716 680 2805 730 Sic
2836 677 2982 744 loqui
3012 684 3067 729 et
3090 676 3292 730 sentire
3322 675 3514 727 Petrus
3545 674 3796 743 princeps
3822 669 4119 739 apostolo-

2532 785 2652 821 rum
2690 784 2789 822 nos
2821 766 3031 830 docuit,
3062 782 3185 819 cum
3223 764 3298 817 ait
3336 781 3347 814 τ
3386 763 3591 817 (.‘hristo
3626 773 3749 816 ante
3772 774 3793 799 θ
3830 779 3989 830 passo
4026 778 4126 829 pro

2532 861 2678 912 nobis
2720 860 2975 921 carne";
3018 874 3140 910 cum
3187 866 3364 911 tamen
3405 856 3551 909 clare
3594 866 3649 909 et
3686 863 3873 911 auerte
3918 854 4121 907 Filium

2532 954 2627 1007 Dei
2664 968 2785 1006 esse
2819 951 3107 1004 confessus
3141 959 3285 1001 esset
3306 950 3371 1011 7“,
3400 964 3524 1001 cum
3558 947 3753 1000 merito
3788 945 4127 1014 praxlieatns

2534 1053 2618 1097 est
2658 1044 2871 1110 beatus,
2907 1052 2965 1095 ut
3004 1041 3097 1109 qui
3144 1039 3455 1108 hujnsmodi
3501 1038 3891 1091 revelationcm
3933 1051 3964 1088 a
4014 1025 4145 1087 Deo.

2536 1137 2694 1189 Patre
2725 1135 3043 1203 accepisset.
3073 1131 3304 1200 Oportet
3337 1131 3432 1197 rit
3478 1146 3503 1182 r
3535 1138 3595 1182 ut
3630 1144 3731 1181 nos
3764 1130 3994 1181 Petrum
4034 1142 4117 1179 se-

2536 1235 2768 1296 quentes
2801 1227 2894 1295 qui
2931 1226 2999 1279 de
3035 1225 3137 1279 hac
3171 1240 3228 1278 rc
3263 1222 3635 1292 cognitionem
3672 1236 3701 1272 a
3736 1220 3849 1271 Deo
3880 1218 4125 1285 accepit,

2536 1317 2725 1371 eadem
2767 1317 2951 1385 regula
2988 1325 3227 1380 utamur,
3256 1323 3311 1368 et
3341 1313 3586 1367 (.hristui
3659 1309 3911 1363 dicamus
3944 1307 4128 1377 passi-

2538 1409 2701 1462 hilem
2742 1423 2885 1471 esse,
2913 1418 2972 1461 ut
3006 1406 3205 1462 Paulus
3242 1405 3678 1474 sapienttssmtus
3716 1401 3989 1469 loquitur,
4018 1415 4128 1452 non

2541 1510 2720 1553 tamen
2756 1499 3059 1553 secundum
3086 1498 3459 1559 divinitatem;
3492 1503 3547 1548 et
3575 1493 3827 1548 eumdem
3860 1491 4125 1559 impassi-

2541 1597 2728 1655 bilem.
2758 1612 2945 1649 verum
2982 1610 3089 1648 non
3128 1592 3431 1647 secundum
3469 1590 3891 1643 humanitatem.
3922 1587 4128 1640 Passus

2539 1703 2667 1757 ergo
2696 1697 2781 1742 est
2808 1688 3093 1757 passiones
3122 1697 3352 1749 naturm,
3379 1698 3516 1752 quas
3549 1696 3658 1734 non
3696 1680 3951 1748 sequitur
3979 1680 4129 1731 vitu-

2543 1780 2775 1848 peratio,
2801 1779 2894 1832 sed
2929 1778 3214 1845 magniﬁca
3244 1773 3634 1842 contemplatio
3661 1782 3991 1825 naturarum
4027 1770 4128 1823 sihi

861 1840 961 1934 gns
992 1840 1167 1919 dicit:
1203 1865 1277 1917 ’I'u
1317 1873 1493 1917 autem
1519 1864 1657 1915 idem
1686 1864 1797 1931 ipse
1821 1863 1959 1915 es“.
1996 1861 2221 1927 Qualem
2275 1860 2440 1929 igitur
2472 1840 2512 1894 Β
2544 1840 2689 1923 inter
2746 1840 2805 1923 se
2862 1840 3261 1939 oppositurum.
3313 1867 3381 1919 Ει
3428 1840 3511 1918 est
3565 1862 3786 1933 quidem
3836 1863 3988 1915 Dens
4036 1861 4130 1929 qui

862 1960 1178 2028 passionem
1210 1957 1480 2024 susliicari
1505 1955 1707 2023 aliquis
1732 1962 1912 2023 potest
1940 1953 2195 2007 accidere
2230 1953 2436 2021 impas-

863 2045 1047 2098 sihili?
1068 2046 1147 2096 An
1181 2044 1490 2111 passionem
1514 2042 1873 2110 corpoream?
1897 2043 1966 2094 At
1996 2056 2105 2110 quo
2131 2049 2290 2109 pacto
2324 2041 2441 2095 lucc

864 2136 1099 2198 accidat,
1131 2151 1253 2202 quze
1284 2149 1384 2187 nec
1408 2135 1605 2187 animze
1642 2149 1762 2201 qua:
1792 2140 1974 2186 creata
1999 2140 2105 2195 est,
2140 2138 2197 2185 et
2221 2147 2437 2197 recens,

864 2227 1117 2281 accidere
1162 2226 1366 2295 queat?
1393 2227 1474 2279 An
1528 2227 1837 2294 passionem
1893 2225 2206 2286 animalem,
2238 2224 2291 2277 id
2334 2232 2439 2285 est,

864 2317 1061 2370 anima:
1081 2317 1290 2368 ratione
1317 2315 1677 2383 pandite?!“
1695 2315 1800 2367 hoc
1823 2315 1979 2367 valde
2004 2316 2305 2368 absurdum
2336 2325 2442 2380 est,

865 2407 910 2460 si
941 2407 1066 2474 quis
1105 2406 1272 2469 dicat,
1321 2407 1541 2459 easdem
1573 2406 1856 2473 passiones
1884 2405 2083 2459 cadere
2114 2406 2166 2458 in
2209 2404 2444 2459 Creato-

868 2515 985 2551 rem
1024 2498 1269 2552 universi
1304 2515 1426 2566 quze
1455 2498 1509 2551 in
1544 2508 1827 2551 creaturas
1858 2498 2173 2562 cadunt;ct
2206 2514 2315 2551 non
2341 2499 2445 2551 hoc

868 2598 1104 2653 tantum,
1133 2589 1229 2642 sed
1263 2604 1459 2657 capere
1488 2589 1653 2641 etiam
1686 2590 2047 2642 mutationem
2081 2596 2139 2642 ct
2180 2589 2442 2642 variatio-

867 2695 995 2732 nem
1022 2699 1034 2733 :
1063 2679 1336 2747 siquidem
1373 2679 1490 2731 licri
1528 2695 1637 2731 non
1666 2687 1866 2746 potest,
1898 2688 1960 2731 ut
2003 2678 2273 2747 ejusmodi
2318 2694 2445 2747 pas-

862 2769 1054 2823 siones
1084 2769 1281 2823 cadant
1314 2770 1431 2823 sine
1466 2769 2009 2835 mutationc;divina
2036 2779 2217 2823 autem
2249 2779 2445 2823 natura

870 2860 1071 2914 mutari
1109 2875 1217 2913 non
1238 2868 1437 2928 potest.
1470 2861 1539 2913 At
1565 2860 1751 2913 carnis
1772 2861 2030 2915 animata:
2053 2862 2236 2930 passio
2264 2861 2446 2929 attigit

872 2949 1241 3002 divinitatem.
1290 2951 1493 3018 Apage,
1535 2950 1714 3018 inquit
1786 2951 2058 3020 prepheta
2084 2967 2099 3004 :
2127 2950 2263 3004 Deus
2305 2953 2445 3003 enim

873 3051 1102 3092 a-ternus
1134 3056 1238 3092 non
1270 3042 1485 3098 csuriet,
1516 3057 1680 3110 neque
1714 3041 1975 3095 laborabit
2003 3057 2021 3094 :
2047 3058 2144 3095 nec
2172 3050 2248 3096 est
2295 3043 2442 3095 inue-

870 3132 1086 3201 stigatio
1112 3131 1139 3169 b
1169 3132 1461 3201 prudentia:
1498 3132 1610 3200 ejus
1634 3134 1701 3185 ⁷⁵.

941 3222 1005 3276 ν.
1031 3221 1168 3276 Ctnn
1229 3223 1397 3291 igitur
1439 3231 1633 3276 natura
1687 3223 1873 3278 divina
1907 3224 2345 3279 substantialitcr
2375 3225 2447 3278 sit

866 3327 1068 3381 expers
1096 3314 1389 3383 passionis,
1416 3322 1472 3366 et
1504 3315 1831 3383 praedicetur
1864 3316 2048 3385 passio
2073 3325 2131 3370 et
2163 3331 2297 3369 crux
2326 3316 2450 3384 qui-

872 3402 978 3456 bus
1001 3404 1136 3457 salvi
1165 3404 1293 3457 lacti
1329 3420 1519 3458 sumus
1545 3422 1559 3469 ;
1589 3407 1666 3458 ait
1697 3406 1845 3459 enim
1874 3407 2076 3461 Paulus
2109 3423 2122 3458 :
2156 3406 2273 3459 Non
2299 3407 2448 3475 judi-

866 3496 986 3546 cavi
1015 3496 1305 3564 quidquam
1338 3497 1471 3548 scire
1509 3496 1564 3547 in
1613 3495 1776 3559 vobis,
1808 3498 1908 3549 nisi
1936 3496 2199 3551 Christum
2230 3506 2279 3550 et
2312 3500 2449 3551 hunc

868 3584 1278 3650 cruci/itum";
1312 3585 1625 3638 necessario
1669 3586 1940 3655 sequitur,
1972 3586 2282 3654 passionem
2322 3602 2450 3655 pro-

874 3675 995 3743 prie
1028 3674 1274 3741 qnidem,
1309 3685 1366 3729 ct
1414 3677 1597 3744 primo
1629 3691 1751 3731 esse
1778 3686 1989 3731 naturae
2010 3688 2322 3748 assumptm,
2348 3680 2450 3732 mi-

876 3767 1025 3821 nime
1071 3782 1203 3821 vero
1252 3780 1504 3837 separata
1534 3778 1732 3823 natura
1768 3781 2110 3835 assumente,
2144 3773 2240 3827 sed
2295 3773 2448 3826 unita

874 3856 1180 3911 secundum
1225 3857 1566 3928 hypostasim
1617 3860 1819 3915 unione
1850 3860 2252 3929 indissolubili;
2282 3864 2354 3918 ita
2392 3873 2451 3918 ut

873 3950 1059 4004 omnia
1097 3950 1209 4005 sint
1239 3950 1405 4004 unius
1447 3951 1676 4015 Christi,
1710 3962 1826 4007 tum
1865 3952 2068 4017 divina,
2096 3962 2209 4007 tum
2254 3955 2450 4007 Imma-

875 4058 965 4106 na,
998 4057 1110 4095 non
1163 4042 1537 4097 confundente
1570 4059 1635 4098 ea
1681 4044 2013 4113 cogitatione
2061 4055 2270 4107 nostra,
2321 4061 2449 4100 cum

874 4132 993 4184 vult
1020 4132 1358 4194 discernere,
1393 4132 1527 4201 quid
1564 4140 1651 4187 est
1696 4133 1963 4199 divinum,
2004 4145 2061 4192 et
2094 4136 2226 4205 quid
2258 4153 2450 4191 rursus

875 4222 1201 4277 humanum.
1252 4222 1397 4289 Quin
1452 4226 1638 4293 potius
1686 4226 1756 4280 de
1787 4242 1899 4281 uno
1919 4237 1976 4282 et
2005 4227 2200 4281 eodem
2233 4238 2453 4297 Oportet

872 4323 1108 4383 utraque
1128 4315 1450 4383 prtedicare,
1484 4318 1768 4385 passiones
1786 4318 1911 4373 dico
1948 4328 2006 4373 et
2038 4319 2452 4389 impassibilita-

876 4411 1017 4463 tem;
1070 4404 1200 4472 quia
1256 4405 1373 4474 ipse
1432 4406 1500 4460 de
1565 4423 1676 4476 quo
1719 4408 2111 4478 praedicantur,
2163 4426 2230 4464 ex
2288 4411 2451 4465 utris-

2545 1961 2770 2031 patitur,
2806 1975 2917 2013 non
2958 1961 3208 2028 capiente
3253 1957 3561 2027 passionem
3603 1954 3935 2017 divinitate;
3982 1952 4129 2007 idem

2542 2067 2673 2105 vero
2703 2052 2866 2105 homo
2901 2066 3010 2103 non
3043 2048 3259 2118 patiens
3283 2046 3573 2100 divinitate
3600 2061 3721 2114 qua:
3752 2045 3807 2097 in
3838 2044 3962 2112 ipso
3990 2052 4129 2104 erat,

2543 2143 2778 2197 habente
2816 2142 3117 2196 secundum
3154 2148 3406 2193 naturim
3445 2136 3970 2206 impassibilitatem,
4004 2135 4135 2187 licet

2542 2235 2844 2304 composita
2878 2250 3005 2288 cum
3041 2248 3272 2302 corpore
3308 2230 3552 2301 patiente
3583 2244 3597 2280 :
3630 2229 3744 2296 ipse
3771 2242 3905 2280 vero
3934 2226 4136 2279 modus

2546 2326 2818 2395 passionis
2852 2325 3194 2377 demonstrat
3220 2320 3592 2375 didm-entiam
3621 2324 3946 2372 naturarum
3977 2330 4133 2369 coni-

2545 2418 2880 2487 positorum,
2902 2424 2961 2469 et
2990 2422 3199 2468 natura:
3235 2412 3511 2482 passilulis
3547 2418 3923 2464 innocentiam
3968 2426 3983 2461 :
4029 2424 4135 2461 non

2543 2512 2692 2563 enim
2719 2509 2867 2579 quod
2893 2507 3099 2576 aliquid
3126 2505 3494 2560 conuuisisset
3520 2511 3696 2556 morte
3722 2508 3819 2554 aut
3840 2509 4137 2554 contume-

2545 2602 2614 2653 lia
2657 2601 2914 2669 dign-mn,
2951 2599 3130 2668 capite
3170 2597 3461 2649 danmatus
3492 2603 3577 2648 cst
3614 2611 3625 2644 :
3662 2592 3950 2645 Peccatum
3987 2591 4136 2644 enim

2548 2709 2648 2744 non
2682 2694 2821 2761 fecit,
2847 2708 2941 2744 nec
2967 2692 3210 2742 inventus
3241 2696 3315 2740 est
3340 2687 3490 2738 dolus
3520 2702 3575 2738 m
3605 2699 3694 2736 ore
3720 2686 3835 2752 ejus
3856 2682 3926 2733 "’.

2619 2783 2730 2835 \"II.
2761 2781 2873 2834 Iloc
2903 2787 3086 2833 autem
3115 2788 3171 2832 et
3200 2778 3237 2831 ii
3270 2778 3365 2847 qui
3396 2791 3523 2829 eum
3557 2774 3757 2843 capitis
3786 2770 4135 2826 condemna-

2548 2882 2710 2935 runt,
2738 2870 2920 2924 testati
2956 2876 3087 2923 sunt
3117 2869 3200 2932 ci;
3239 2866 3513 2936 siquidem
3549 2864 3751 2919 .Iudazis
3786 2860 4134 2931 congregatis

2546 2972 2603 3016 ct
2640 2962 2959 3031 petentibus
2998 2960 3304 3014 Barabbam
3347 2959 3652 3017 latronem,
3687 2954 3901 3009 Pilatus
3939 2952 4086 3006 dixit
4120 2968 4134 3005 :

2552 3054 2719 3108 Vultis
2761 3054 3029 3105 dimittant
3070 3051 3211 3104 vobis
3248 3049 3461 3111 Iesum,
3494 3049 3584 3118 qui
3622 3048 3817 3100 dicitur
3852 3042 4140 3099 Christus?

2472 3175 2515 3231 ο
2552 3146 2746 3199 sciebat
2789 3145 2957 3207 enim,
2994 3143 3134 3212 quod
3175 3157 3267 3210 per
3303 3140 3561 3193 inuidiam
3600 3139 3949 3191 tradidissent
3996 3152 4135 3189 eum.

2552 3236 2953 3306 Responderunt
2983 3251 2999 3287 :
3029 3231 3169 3295 Non,
3193 3232 3284 3283 sed
3317 3229 3623 3284 Barabbam
3655 3271 3668 3283 .
3704 3228 3912 3296 quibus
3941 3243 4139 3281 rursus

2549 3329 2688 3383 dixit
2716 3329 2924 3382 Pilatus
2956 3343 2971 3379 :
3008 3324 3147 3389 Quid
3173 3339 3296 3393 ergo
3328 3322 3522 3391 faciant
3553 3322 3617 3373 de
3644 3321 3792 3382 Jesn,
3824 3320 3917 3389 qui
3942 3320 4140 3372 dicitur

2549 3417 2831 3472 Christus?
2864 3415 2956 3470 Illi
2989 3424 3167 3468 autem
3202 3415 3455 3466 dixerunt
3490 3428 3507 3466 :
3541 3410 3933 3480 Cruciﬁgatur;
3972 3418 4141 3479 atque

2551 3508 2752 3561 iterum
2786 3515 2847 3557 ut
2878 3504 3089 3574 pudore
3123 3517 3221 3555 eos
3248 3501 3458 3555 Pilatus
3485 3499 3751 3563 alliceret,
3777 3498 3918 3551 dixit
3952 3515 3965 3552 :
4004 3496 4141 3562 Quid

2550 3599 2689 3651 enim
2720 3597 2860 3650 male
2885 3597 3005 3666 fecit
3028 3595 3112 3648 '°?
3142 3593 3315 3663 igitur
3344 3608 3470 3647 cum
3501 3591 3639 3646 nihil
3670 3590 3799 3643 mali
3829 3588 4141 3643 commisis-

2551 3700 2655 3752 sct,
2679 3689 2917 3742 traditus
2941 3696 3028 3741 est
3053 3688 3107 3741 in
3138 3695 3373 3740 mortem
3399 3701 3500 3756 per
3522 3698 3761 3738 crucem.
3785 3681 3945 3738 Unde
3973 3681 4142 3737 Isaias

2551 3782 2629 3834 ait
2663 3798 2675 3833 :
2711 3780 2935 3847 Propter
2967 3786 3180 3848 peccata
3214 3794 3417 3841 eorum,
3449 3774 3661 3829 scilicet
3685 3773 4002 3836 hominum,
4031 3780 4143 3825 tra-

2551 3872 2688 3924 ditus
2722 3879 2795 3923 est
2818 3870 2884 3922 ⁸⁸⁸.
2918 3869 2985 3922 Ει
3021 3870 3219 3923 iterum
3257 3910 3269 3921 .
3300 3867 3341 3921 Α
3372 3867 3599 3938 peccatis
3634 3864 3815 3935 papuli
3845 3864 3954 3917 mei
3992 3871 4143 3917 actus

2550 3977 2669 4013 sum
2713 3961 2782 4012 ad
2826 3967 3049 4013 mortem
3073 3960 3142 4011 ⁸¹.
3176 3959 3390 4013 Revera
3433 3958 3580 4011 enim
3621 3970 3728 4009 nos
3768 3969 4022 4017 eramus,
4051 3954 4143 4023 qui

2554 4062 2785 4106 mortem
2812 4052 3151 4105 habebamus
3174 4050 3544 4105 adulterinum
3565 4047 3868 4108 dominam,
3887 4055 3946 4101 et
3969 4047 4147 4101 hono—

2555 4158 2643 4195 res
2668 4148 2889 4195 nostros
2915 4140 2983 4193 ab
3012 4155 3079 4193 eo
3109 4140 3434 4202 tuleramus,
3460 4153 3525 4193 ac
3551 4144 3777 4207 peccata
3804 4134 3874 4190 ad
3904 4146 4145 4193 mortem

2555 4245 2998 4301 peccaveramus.
3059 4228 3269 4283 Clamat
3338 4228 3506 4299 igitur
3567 4227 3839 4297 propheta
3904 4242 4146 4298 arguens

2555 4321 2736 4374 scelus
2769 4319 3138 4383 venditionis,
3173 4318 3433 4387 inquiens
3468 4335 3485 4373 :
3520 4318 3653 4372 Ecce
3686 4318 3916 4387 peccatis
3958 4320 4147 4373 vestris

2554 4413 2749 4465 vmaditi
2785 4413 2908 4465 estis
2932 4411 2998 4465 ⁸³.
3036 4411 3144 4465 Sed
3180 4411 3310 4465 licet
3340 4408 3591 4464 venditio
3626 4408 3895 4463 scelerata
3929 4408 4143 4472 fuerat,

872 4511 983 4564 que
1003 4498 1345 4565 compositus
1371 4511 1456 4553 est
1485 4501 1656 4554 :sieut
1681 4502 1954 4557 sectiones
1971 4503 2220 4573 corporis
2241 4505 2451 4558 anima-
2485 4501 2533 4559 D
2558 4503 2856 4572 Oportebat
2893 4511 3075 4557 tamen
3107 4503 3311 4571 justam
3346 4510 3403 4556 et
3433 4500 3734 4570 lcgitimam
3771 4514 3896 4554 esse
3941 4501 4147 4555 libera-

873 4586 939 4648 ti,
974 4594 1032 4640 et
1064 4587 1273 4642 vibices
1303 4589 1358 4643 in
1387 4591 1579 4658 primis
1615 4592 1681 4646 ad
1711 4607 1912 4663 corpus
1942 4597 2221 4664 pertinere
2249 4612 2454 4666 cogno-

877 4679 1118 4742 scimus;
1151 4687 1375 4748 propter
1399 4683 1857 4751 compositionem
1895 4700 2029 4740 vero
2072 4686 2306 4740 dicimus
2331 4703 2454 4741 esse

871 4769 1092 4834 animm,
1122 4786 1247 4824 cum
1278 4772 1482 4840 alioqui
1510 4774 1751 4829 sciamus
1781 4791 1891 4829 non
1917 4792 2079 4846 posse
2105 4777 2247 4843 ﬁeri,
2277 4788 2338 4832 ut
2367 4779 2455 4832 his

872 4862 1061 4913 anima
1081 4861 1368 4916 adiciatur.
1403 4864 1609 4919 Deinde
1643 4876 1825 4921 motus
1843 4869 2061 4931 animas,
2099 4876 2157 4922 et
2195 4870 2454 4924 scientias

871 4967 1000 5020 quas
1044 4952 1255 5006 ratione
1313 4953 1628 5019 traduntur,
1662 4972 1787 5010 cum
1836 4958 1946 5012 sint
1988 4958 2194 5029 alioqui
2229 4960 2448 5022 animm,

873 5041 1116 5095 dicimus
1157 5049 1336 5094 tamen
1393 5057 1516 5098 esse
1555 5044 1811 5099 animalis
1856 5046 2168 5114 compositi,
2200 5046 2453 5114 quamvis

873 5141 1073 5184 natura
1100 5146 1365 5199 corporea
1410 5148 1518 5188 non
1569 5145 1693 5204 apta
1725 5135 1793 5189 ad
1823 5135 2147 5204 capiendam
2183 5138 2453 5206 cognitio-

876 5235 1002 5274 nem
1034 5239 1045 5272 :
1075 5222 1156 5276 sic
1184 5221 1238 5274 in
1268 5221 1489 5277 Christo
1530 5226 1623 5295 qui
1656 5226 1801 5280 Deus
1827 5225 1992 5281 simul
2036 5236 2093 5281 et
2138 5227 2304 5281 homo
2345 5237 2449 5291 est,

949 5380 994 5408 "
1022 5377 1159 5431 Psal.
1191 5394 1371 5441 uvnt,
1410 5378 1499 5432 22.
1571 5381 1619 5411 ⁷⁸
1654 5379 1907 5441 Malach.,
1943 5397 2019 5437 ut.
2045 5380 2098 5435 6.

873 5446 925 5475 "
949 5447 1136 5499 Matth.
1161 5463 1265 5507 xvi,
1289 5449 1372 5513 I6,
1398 5448 1487 5502 I7.
1561 5449 1644 5501 "l
1674 5450 1817 5505 Petr.
1847 5466 1903 5513 ιι,
1927 5450 2014 5503 22.

879 5518 924 5547 ⁸³
947 5518 1048 5571 Isa.
1079 5535 1115 5581 I,
1143 5517 1188 5568 I.
1263 5518 1349 5571 l"l
1383 5518 1530 5573 Petr.
1557 5518 1702 5583 ι,18,
1731 5520 1814 5573 19.
1893 5520 1938 5550 ⁸³
1958 5518 2167 5575 Coloss.
2195 5522 2361 5584 ",15.

2175 5382 2216 5412 ⁷³
2244 5382 2385 5436 Psal.
2414 5398 2485 5442 ct,
2512 5381 2600 5437 28.

2091 5450 2137 5480 ⁸⁸
2160 5450 2349 5504 Matth.
2378 5466 2541 5516 χχι-ιι,
2568 5454 2658 5518 I7,
2682 5451 2769 5518 I8,
2810 5457 3005 5511 21-25.

2555 4596 2782 4649 tionem.
2804 4595 2987 4663 Empti
3012 4594 3162 4648 enim
3193 4608 3388 4647 sumus
3411 4608 3605 4647 omnes
3632 4592 3858 4662 pretioso
3880 4594 4147 4663 sanguine

2553 4688 2681 4756 agni
2717 4685 3050 4739 immaculati
3091 4694 3142 4738 et
3178 4686 3609 4749 incontaminati,
3639 4683 3835 4738 Christi
3855 4682 3937 4749 “;
3979 4693 4147 4755 atque

2550 4776 2625 4830 ita
2653 4776 2869 4830 liberati
2901 4791 2932 4829 a
2959 4790 3183 4830 carcere
3205 4775 3347 4845 ejus,
3370 4775 3465 4846 qui
3492 4789 3596 4829 nos
3619 4774 3858 4844 primum
3886 4775 3945 4829 in
3972 4778 4147 4832 servi.

2553 4875 2725 4920 tutem
2753 4866 3063 4935 redegerat.

2628 4956 2765 5009 VIII.
2823 4953 3147 5024 Opportune
3210 4953 3525 5009 libertatem
3580 4954 3865 5009 consecuti
3926 4970 4140 5011 sumus.

2556 5046 2736 5102 Scidit
2768 5047 2935 5116 igitur
2967 5054 3218 5099 nostrum
3249 5044 3676 5115 chirographum
3697 5044 3742 5076 "
3766 5058 3879 5112 quo
3902 5059 4011 5101 nos
4043 5046 4143 5115 ipsi

2558 5139 2811 5192 servituti
2840 5137 3297 5207 mancipavimus,
3324 5137 3509 5191 omnia
3532 5145 3760 5206 propter
3786 5152 3888 5190 nos
3920 5151 4145 5207 perpes-

2558 5244 2673 5291 sus,
2706 5242 3051 5298 quaecunque
3084 5225 3278 5283 dicunt
3305 5242 3427 5283 esse
3460 5229 3616 5299 signa
3647 5226 3879 5297 integra
3909 5228 4142 5285 Iiberta-

2705 5382 2750 5453 ’_'
2782 5386 2885 5440 Isa.
2914 5388 3095 5450 “.28.
3202 5387 3248 5418 ⁷⁸
3271 5386 3292 5440 Ι
3314 5386 3442 5442 Cor.
3476 5403 3533 5453 ιι,
3564 5388 3617 5442 2-
3696 5388 3784 5442 ’τι
3812 5389 3965 5444 Petr.
3990 5407 4061 5447 iv.
4088 5392 4137 5446 I.

3112 5457 3153 5489 ιι
3180 5456 3274 5510 Isa.
3320 5473 3428 5524 un,
3466 5458 3518 5512 ε.
3599 5458 3645 5490 υ
3666 5456 3811 5531 ibid,
3830 5474 3946 5514 sec.
3974 5460 4137 5517 ωδε.

2155 5673 2393 5729 νΑιιιΑε
2438 5675 2845 5734 LECTIONES.

969 5785 991 5822 θ
1016 5785 1361 5855 investigatio.
1394 5785 1688 5856 ἐξεύρεσις.

1766 5796 1790 5825 ο
1824 5784 1977 5840 Ante.
2021 5785 2333 5859 Legendum
2359 5788 2577 5845 videtur
2604 5800 2801 5845 autem.
