4462 6440
326 416 474 481 1353
832 421 1114 482 ORATIO
1158 422 1346 481 IV.—
1378 421 1475 480 DE
1515 418 1881 478 I’ASSIONE
1924 416 2018 475 ΕΤ
2062 413 2725 475 IMPASSIBILITATE
2764 410 3100 476 CHRISTI.
3446 412 3584 480 1354

321 532 426 586 tis.
453 531 669 587 Etenim
692 532 1018 585 verberatus
1045 540 1150 593 est,
1174 542 1230 585 et
1260 530 1458 599 pugnis
1487 544 1679 589 caesus,
1710 527 1908 596 perdu-
1937 548 1981 602 Α
2082 523 2148 576 Χ.
2180 524 2546 590 Quamobrem
2581 540 2707 578 cum
2738 525 3085 578 admirantur
3103 523 3152 587 ἀ,
3180 524 3273 593 qui
3306 524 3409 579 hoc
3439 528 3584 596 quod

319 624 437 678 clis
470 621 694 692 quidem
725 623 792 675 ad
828 620 1088 675 effectum
1123 619 1577 690 prmdictionibus
1613 618 1909 688 propheta-
2018 615 2200 675 ﬁebat,
2232 615 2576 684 spectabant,
2607 625 2662 670 et
2692 632 2817 670 eum
2850 618 2953 672 hoc
2988 626 3098 671 tam
3134 618 3326 687 ingens
3355 618 3590 674 miraew

318 729 457 767 rum
487 729 609 782 qua:
636 713 703 767 de
744 713 828 767 his
860 713 1018 767 factae
1053 722 1238 777 erant;
1273 713 1434 765 nobis
1458 727 1592 765 vero
1627 709 1906 763 liberatio.
2017 706 2159 770 lum,
2207 716 2269 760 ut
2317 722 2413 776 par
2461 716 2609 771 erat,
2659 706 3069 777 divulgaretnr,
3120 721 3591 779 eongregaveruut

320 821 461 860 nem
487 806 768 860 servitutis
794 806 999 860 abillis
1025 804 1445 874 prasnuntiatam
1470 804 1702 871 adeptus
1729 820 1741 854 :
1770 800 1905 853 nihil
2016 808 2246 853 cunctos
2294 799 2498 868 quibus
2549 808 2735 869 partes
2779 800 3030 869 corporis
3076 801 3215 855 lzeste
3260 811 3449 867 erant,
3495 803 3590 872 qui

316 898 480 952 enim
512 913 704 951 eorum
735 915 857 967 qum
886 900 939 951 in
967 898 1220 967 passione
1247 898 1366 964 ejus
1398 896 1663 948 honorata
1694 893 1910 946 aeeide-
2018 898 2370 943 accesserunt
2416 891 2481 943 ad
2529 907 2653 944 eum
2703 890 2756 944 iu
2804 890 3037 959 templo,
3078 900 3133 945 et
3177 894 3350 947 sanati
3393 902 3522 949 sunt
3575 911 3588 947 :

321 996 485 1050 runt,
513 987 717 1042 frustra
746 996 840 1041 aut
872 998 1076 1041 temere
1105 987 1336 1050 a-cidit;
1370 987 1533 1047 absit,
1565 994 1625 1038 ut
1654 985 1759 1037 hoe
1788 984 1908 1051 opi-
2020 982 2193 1051 majus
2249 982 2432 1050 priore
2497 983 2822 1037 miraculum
2886 983 3212 1038 seeumlum.
3271 984 3382 1039 Lex
3442 988 3589 1041 enim

320 1075 560 1126 nemurl
602 1074 698 1127 sed
732 1076 943 1130 ratione
972 1076 1207 1145 quadam
1240 1076 1466 1128 meliore
1495 1084 1552 1127 et
1580 1072 1907 1136 necessaria,
2018 1071 2245 1125 claudos
2277 1080 2332 1126 et
2358 1088 2531 1127 caecos
2566 1075 2753 1143 procul
2787 1092 2817 1128 ιι
2850 1077 3050 1145 templo
3080 1076 3306 1132 arcebat
3336 1095 3348 1131 :
3383 1087 3440 1131 at
3466 1095 3591 1134 cum

319 1179 499 1233 quam
532 1166 680 1219 nulla
712 1167 794 1220 vis
820 1168 1111 1221 verborum
1145 1168 1362 1235 assequi
1397 1166 1589 1237 possit.
2021 1160 2124 1214 hoc
2155 1161 2482 1217 admirabile
2515 1163 2824 1233 prodigium
2859 1166 3147 1235 ejectionis
3179 1184 3374 1223 eorum
3407 1170 3500 1239 qui
3539 1170 3593 1224 iu

402 1254 498 1311 IX.
521 1258 659 1312 Cum
691 1260 838 1313 enim
873 1276 973 1314 nos
997 1259 1208 1314 venditi
1237 1276 1507 1323 essemus,
1529 1267 1586 1313 et
1612 1259 1738 1313 farti
1766 1258 1908 1313 servi
2023 1264 2266 1307 mercatu
2315 1264 2505 1320 erant,
2544 1255 2600 1310 hi
2643 1256 2738 1324 qui
2786 1256 3043 1311 viderant
3081 1268 3136 1312 et
3182 1261 3503 1325 audieram,
3538 1270 3596 1317 et

323 1349 535 1402 mortis
577 1366 698 1418 qua:
744 1350 799 1402 in
844 1365 1033 1404 omnes
1078 1351 1368 1420 imperium
1412 1349 1663 1413 tenebat;
1702 1359 1757 1402 et
1794 1348 1911 1416 ipse
2024 1345 2197 1415 majus
2231 1362 2396 1416 quam
2434 1362 2534 1417 pro
2566 1347 2777 1403 viribus
2814 1349 3071 1404 humanis
3103 1351 3420 1422 hujusmodi
3454 1369 3597 1423 opus

325 1439 512 1494 voluit
541 1456 645 1509 pro
677 1440 839 1494 nobis
867 1441 1059 1507 vendi;
1092 1457 1283 1496 verum
1320 1456 1418 1494 nos
1454 1440 1633 1510 pretio
1659 1439 1909 1508 volupta-
2023 1434 2316 1502 docebant,
2345 1439 2606 1493 audacter
2636 1439 2868 1508 ingressi
2900 1453 3029 1496 sunt
3067 1460 3080 1497 :
3118 1450 3173 1498 ct
3205 1460 3329 1497 cum
3368 1444 3423 1498 in
3458 1454 3597 1499 tem-

326 1532 427 1596 tis,
459 1531 575 1602 ipse
606 1548 739 1589 vero
771 1536 981 1605 argenti
1016 1552 1030 1588 :
1064 1536 1181 1604 ipse
1211 1534 1357 1586 enim
1392 1534 1587 1587 fortior
1611 1540 1732 1586 erat
1761 1530 1914 1583 volu-
2020 1526 2113 1594 plo
2148 1538 2354 1594 essent,
2380 1540 2739 1585 accesserunt
2771 1532 2837 1584 ad
2873 1531 3080 1595 Jesum,
3109 1544 3165 1588 et
3197 1535 3413 1590 curavit
3444 1551 3541 1591 eos
3579 1554 3593 1588 :

324 1632 506 1694 ptate.
536 1625 603 1678 Et
627 1642 727 1679 nos
757 1626 859 1696 ipsi
890 1641 920 1679 a
950 1626 1112 1679 nobis
1140 1625 1349 1679 venditi
1384 1641 1604 1688 sumus;
1643 1624 1758 1691 ipse
1785 1638 1913 1674 vero
2021 1618 2405 1673 demonstrans
2440 1636 2539 1689 per
2569 1623 2775 1685 omnia,
2802 1638 2922 1677 esse
2956 1638 3013 1677 se
3047 1625 3218 1679 Deum
3257 1628 3501 1682 abditum
3541 1629 3596 1683 in

324 1732 359 1770 a
397 1717 563 1771 nobis
600 1736 613 1770 :
652 1732 760 1787 qua
797 1719 913 1787 ipse
948 1734 1058 1771 non
1091 1726 1176 1772 est
1208 1717 1465 1771 venditor
1495 1716 1788 1778 libertatis,
1816 1715 1909 1769 sed
2020 1724 2222 1772 carne,
2273 1728 2435 1781 quam
2494 1713 2698 1768 Paulus
2753 1714 2995 1769 velamen
3056 1725 3217 1771 vocat
3239 1718 3284 1748 ’°
3335 1735 3349 1771 :
3411 1720 3593 1773 velum

325 1808 560 1863 vindex.
588 1810 657 1863 Et
682 1808 987 1863 honoribus
1013 1824 1153 1879 quos
1181 1809 1251 1863 ab
1280 1824 1348 1863 eo
1382 1809 1705 1868 tuleramus,
1733 1808 1798 1861 ad
1828 1807 1912 1860 in-
2022 1814 2205 1855 autem
2244 1803 2680 1874 integumentum
2716 1816 3033 1860 sanctorum
3070 1815 3155 1862 est
3188 1817 3245 1863 et
3279 1819 3594 1865 sanetormn

326 1903 564 1958 teritum
601 1901 758 1956 abusi
797 1917 1007 1955 sumus.
1039 1901 1352 1955 A'Istimatio
1385 1910 1568 1954 autem
1605 1901 1784 1963 liberi,
1816 1900 1918 1953 fuit
1953 1906 1991 1959 lt
2022 1895 2495 1949 sanetissimorum
2560 1897 2921 1966 operculum;
2981 1915 3091 1967 quo
3146 1900 3297 1955 solus
3349 1902 3593 1970 pontifex

324 1993 645 2063 peregrinis
690 1993 973 2061 sepultura
998 1992 1067 2054 ⁸⁸,
1111 2000 1172 2045 ιιι
1216 2002 1399 2045 servet
1446 2007 1677 2061 corpora
1724 2006 1916 2044 eorum
2020 1992 2186 2044 semel
2220 2007 2319 2060 per
2344 2007 2549 2045 annum
2584 1992 3015 2061 ingrediebatur,
3045 2004 3104 2049 ut
3139 1994 3311 2049 Deum
3346 2013 3446 2066 pro
3479 1998 3596 2052 suis

328 2086 428 2155 qui
467 2084 524 2138 in
564 2092 712 2138 terra
747 2084 925 2138 aliena
958 2085 1143 2138 vivere
1177 2083 1489 2148 desierunt;
1525 2083 1703 2136 donec
1734 2081 1921 2135 veniat
2020 2090 2074 2133 et
2124 2082 2311 2151 populi
2370 2083 2696 2153 ignorantiis
2742 2085 3043 2154 pr0pitium
3097 2087 3373 2143 redderet.
3417 2088 3595 2155 Quare

328 2177 427 2246 qui
458 2191 695 2246 corpora
726 2175 979 2238 suscitet,
1006 2190 1239 2244 quorum
1280 2175 1477 2228 aninue
1512 2174 1756 2243 pretioso
1790 2188 1918 2227 san-
2020 2182 2268 2227 sanctum
2301 2173 2481 2244 primo
2509 2175 2632 2229 velo
2662 2184 2891 2239 tectum,
2917 2186 2971 2231 et
2998 2187 3247 2232 sanctum
3276 2188 3594 2235 sanctorum

327 2267 499 2337 guine
547 2265 847 2335 redempta:
890 2273 1020 2317 sunt
1068 2280 1081 2316 :
1131 2264 1344 2316 effusus
1384 2261 1532 2315 enim
1576 2271 1660 2315 est
1697 2260 1920 2330 sanguis
2019 2266 2296 2329 secundo,
2342 2267 2424 2319 sic
2472 2267 2826 2336 interpretari
2879 2268 3184 2330 audemus,
3236 2279 3297 2324 ut
3346 2271 3598 2326 dicamus

328 2359 476 2426 ejus,
503 2368 566 2411 ut
601 2365 748 2411 esset
786 2356 1022 2425 pretium
1063 2353 1464 2422 redemptionis
1500 2368 1602 2423 pro
1640 2353 1826 2407 multis
1847 2354 1915 2405 ⁸⁷.
2020 2357 2257 2424 primum
2284 2358 2508 2426 quidem
2537 2358 2720 2411 velum
2748 2372 2869 2413 esse
2893 2374 3094 2428 corpus
3123 2358 3365 2427 Christi;
3397 2377 3594 2417 secun‘

332 2450 595 2502 Fortasse
620 2456 804 2501 autem
840 2446 1040 2502 melius
1060 2455 1207 2501 esset
1232 2446 1442 2509 dicere,
1478 2461 1579 2515 pro
1611 2445 1866 2499 omnibus
1902 2464 1913 2498 :
2020 2446 2150 2498 dum
2176 2463 2307 2501 vero
2335 2448 2572 2502 animam
2607 2467 2619 2502 :
2653 2450 2833 2504 anima
2869 2449 3017 2503 enim
3054 2466 3309 2521 corpore,
3337 2461 3594 2522 tanquam

330 2555 532 2594 omnes
567 2538 715 2594 enim
752 2546 911 2602 sunt,
941 2539 1037 2608 qui
1074 2544 1203 2591 sunt
1238 2536 1418 2590 multi.
1449 2536 1515 2589 Et
1548 2544 1665 2589 erat
1696 2536 1917 2605 quidem
2020 2536 2200 2604 primo
2221 2539 2341 2592 velo
2367 2539 2597 2606 tegitur;
2624 2539 2806 2593 anima
2826 2554 2959 2593 vero
2982 2548 3065 2595 est
3088 2540 3388 2595 secundum
3414 2542 3594 2597 velum

332 2633 517 2702 primo
551 2642 776 2702 aspectu
813 2631 979 2685 homo
1018 2631 1111 2700 qui
1157 2638 1427 2683 mactatus
1469 2636 1582 2692 cst;
1626 2628 1731 2681 hoc
1771 2628 1917 2681 enim
2022 2629 2204 2685 Verbi.

332 2726 515 2781 solum
549 2723 883 2779 cernebatur
911 2741 923 2776 ε
958 2722 1207 2792 prodigia
1234 2737 1368 2775 vero
1392 2720 1460 2774 ah
1490 2736 1558 2773 eo
1583 2720 1731 2774 edita
1759 2728 1921 2775 testa-
2090 2720 2181 2776 XI.
2210 2722 2481 2778 Czcterum
2518 2724 2628 2779 duo
2664 2726 3016 2781 tabernacula
3047 2726 3339 2781 commissa
3369 2742 3434 2781 ac
3460 2742 3595 2782 cond

334 2816 543 2872 bantur
572 2831 739 2885 supra
776 2814 1056 2868 hominem
1092 2828 1213 2867 esse
1250 2822 1504 2865 naturam
1541 2812 1682 2881 ejus,
1712 2826 1777 2866 ex
1813 2828 1919 2881 qua
2019 2813 2209 2881 juncta
2259 2812 2485 2870 fuerunt
2538 2816 2856 2874 retinaculis
2902 2826 2959 2872 et
3000 2817 3248 2881 annulis,
3291 2833 3415 2887 qum
3461 2818 3596 2873 mihi

330 2911 586 2979 operatio
631 2906 1087 2977 proficiscebatur
1128 2920 1141 2959 :
1185 2920 1294 2957 non
1336 2904 1462 2957 dico
1505 2904 1917 2957 suscitationcm
2022 2903 2281 2956 videntur
2322 2905 2621 2975 symbolice
2671 2907 3037 2977 signiﬁcasse,
3075 2909 3278 2978 quibus
3322 2910 3500 2965 modis
3543 2920 3599 2965 et

330 3009 708 3061 mortuorum,
737 3006 1022 3067 aspectum
1053 2996 1214 3051 ca2cis
1242 2995 1578 3057 restitutam,
1605 3010 1713 3047 non
1744 2995 1922 3064 lepro-
2025 2995 2363 3060 rationibus,
2400 3014 2522 3067 qua:
2568 2996 2711 3051 sicut
2758 3000 3002 3069 symbola
3032 3000 3266 3054 obscura
3316 3001 3382 3054 ad
3429 3016 3597 3071 expe-

330 3109 528 3148 sorum
552 3090 1029 3155 emendationem,
1058 3105 1168 3143 non
1196 3089 1426 3143 aliarum
1454 3088 1740 3142 Iresionum
1766 3104 1922 3142 cura-
2023 3083 2315 3150 diendum,
2344 3087 2502 3141 valde
2537 3086 2787 3142 diliieiles
2823 3089 2888 3142 ad
2925 3088 3309 3158 explicandum
3345 3099 3596 3145 eontem-

332 3187 548 3240 tionem
579 3201 593 3238 :
625 3184 741 3239 hzec
768 3183 917 3238 enim
948 3196 1145 3237 omnes
1170 3182 1335 3251 vulgo
1362 3180 1628 3234 Salvatori
1658 3188 1915 3250 tanquam
1948 3238 1985 3251 ﬂ
2024 3176 2296 3243 plationes
2319 3176 2523 3231 habent
2550 3195 2562 3230 :
2595 3186 2741 3233 tanta
2770 3179 2863 3233 Dei
2893 3194 3021 3249 erga
3047 3194 3148 3233 nos
3176 3180 3418 3236 charitas
3442 3182 3596 3236 exhi-

331 3278 446 3333 Deo
487 3276 905 3341 attribuebant;
950 3275 1047 3329 sed
1095 3273 1232 3328 illud
1274 3274 1464 3338 etiam,
1502 3272 1646 3341 quod
1685 3272 1913 3326 fortasse
1944 3266 1987 3293 "‘
2023 3266 2133 3320 bita
2176 3276 2280 3322 est.
2316 3269 2494 3323 Unum
2540 3271 2687 3326 enim
2734 3271 3169 3334 tabernaculum,
3201 3288 3373 3327 unum
3415 3274 3594 3329 velum

331 3384 445 3423 non
495 3366 688 3421 multis
740 3365 795 3418 in
844 3370 1086 3418 mentem
1134 3361 1304 3416 venit.
1343 3359 1484 3426 Quid
1536 3359 1672 3414 hoc?
1719 3375 1914 3428 nempe
2022 3358 2189 3413 habet
2223 3376 2253 3413 a
2289 3376 2504 3416 summo
2535 3362 2603 3416 ad
2640 3364 2807 3417 imum
2847 3382 2861 3418 :
2897 3379 2998 3418 nec
3030 3364 3192 3419 aliter
3225 3366 3355 3421 licet
3384 3382 3447 3421 ea
3477 3368 3594 3422 vela

331 3458 519 3513 facere
560 3456 746 3510 omnia
782 3470 909 3510 cum
951 3462 1245 3524 potestate,
1277 3468 1441 3524 supra
1479 3453 1665 3506 omnia
1709 3463 1913 3516 autem,
2021 3451 2407 3520 contemplari,
2439 3468 2603 3523 quam
2644 3453 2687 3506 si
2727 3454 2851 3522 quis
2894 3455 2962 3507 ab
3005 3456 3267 3510 extremis
3309 3456 3373 3509 ad
3420 3457 3597 3526 prima

329 3552 541 3621 ejicere
572 3564 638 3604 ex
673 3549 879 3618 templo
914 3562 1195 3603 sacrorum
1229 3560 1527 3615 caupones,
1561 3545 1655 3614 qui
1693 3545 1915 3599 domum
2023 3540 2358 3606 ascendens,
2391 3543 2589 3597 evadat
2625 3543 2679 3596 in
2716 3544 3071 3614 principium.
3103 3546 3446 3617 Compositio
3475 3550 3597 3618 qui-

330 3642 613 3698 orationis
657 3642 977 3711 speluncam
1030 3640 1305 3693 latronum
1354 3636 1701 3691 faciebant“
1751 3656 1763 3689 :
1810 3637 1915 3691 nisi
2022 3634 2145 3686 dem
2202 3634 2375 3688 tendit
2423 3650 2452 3688 a
2505 3650 2722 3689 summo
2776 3636 3075 3701 deorsum;
3131 3637 3421 3692 dissolutio
3466 3655 3598 3693 vero

330 3734 483 3788 enim
538 3738 785 3802 potestas
828 3731 949 3801 ejus
994 3729 1165 3783 nimia
1212 3728 1435 3792 fuisset,
1474 3743 1754 3797 nunquam
1807 3738 1915 3781 tam
2023 3724 2206 3792 (hanc
2250 3733 2433 3777 autem
2475 3740 2735 3781 vocamus
2782 3727 3223 3799 intelligentiam)
3260 3732 3329 3785 ab
3374 3732 3484 3786 imo
3528 3732 3595 3785 ad

331 3826 511 3880 multa
557 3823 728 3877 millia
771 3821 1072 3876 ementium
1113 3829 1169 3875 et
1206 3819 1562 3875 vendentium
1604 3834 1673 3872 ex
1717 3819 1917 3887 templo
2022 3832 2298 3871 summum
2333 3831 2429 3870 eos
2459 3818 2552 3887 qui
2588 3818 2737 3888 digni
2772 3828 2931 3881 sunt,
2958 3821 3163 3876 evehit.
3194 3821 3310 3878 Iloc
3346 3825 3597 3879 taberna-

331 3918 717 3978 exturbasset;
765 3914 1070 3984 praesertim
1114 3912 1256 3967 festo
1292 3912 1553 3975 instante,
1582 3922 1638 3966 et
1674 3912 1918 3981 undique
2022 3906 2199 3960 mlum
2230 3907 2412 3975 posuit
2441 3908 2682 3962 Verbum
2712 3910 2765 3962 in
2796 3910 3019 3963 circuitu
3048 3910 3330 3967 latibulum
3356 3916 3597 3979 suum",

332 4012 399 4066 ad
425 4025 561 4065 eum
590 4006 1021 4068 conﬂuentibus,
1041 4020 1168 4058 eum
1201 4004 1288 4057 lex
1316 4018 1508 4057 omnes
1532 4018 1597 4057 ex
1624 4004 1773 4056 omni
1796 4004 1919 4058 loro
2024 3997 2296 4066 primitias
2333 3999 2502 4054 totius
2537 4000 2928 4067 humanitatis;
2964 4010 3020 4056 et
3046 4002 3149 4058 hoc
3176 4003 3331 4058 dedit
3358 4006 3597 4075 pretium

332 4102 400 4157 ad
439 4102 591 4157 diem
633 4114 953 4171 azymorum
993 4105 1345 4159 convocaret,
1376 4095 1431 4147 in
1472 4109 1582 4163 quo
1623 4104 1683 4148 ut
1718 4094 1917 4164 pascha
2025 4102 2125 4154 pro
2167 4087 2459 4150 omnibus,
2496 4087 2721 4143 tradens
2761 4091 3000 4144 animam
3037 4107 3191 4146 suam
3238 4093 3293 4147 in
3332 4103 3596 4161 mortem;

335 4190 746 4251 immolaretur,
782 4188 902 4257 lege
945 4184 1217 4241 sancitum
1263 4190 1402 4237 erat.
1441 4183 1576 4249 Quis
1615 4184 1762 4236 enim
1809 4182 1918 4235 dux
2024 4185 2085 4229 ut
2126 4176 2282 4231 ﬂeret
2322 4192 2423 4247 pro
2472 4179 2731 4233 universo
2770 4196 2973 4249 genere
3012 4182 3257 4238 humano
3292 4195 3599 4241 commuta-

334 4284 567 4353 eopioso
595 4279 846 4335 exercitu
871 4278 1108 4333 militum
1137 4284 1474 4330 armatorum
1508 4275 1780 4339 immisso,
1812 4283 1919 4327 tam
2026 4276 2138 4321 tum
2175 4285 2189 4320 :
2226 4283 2325 4337 pro
2360 4268 2618 4323 omnibus
2650 4270 2797 4321 enim
2832 4271 3069 4340 gustavit
3104 4283 3358 4339 mortem,
3384 4292 3414 4330 a
3448 4277 3602 4331 nullo

335 4374 547 4428 multos
567 4371 769 4441 ejicere
796 4368 1087 4439 potuisset,
1112 4366 1417 4436 prmsertim
1445 4381 1571 4420 cum
1598 4365 1687 4419 illa
1712 4364 1918 4419 nefaria
2023 4373 2124 4426 per
2156 4359 2267 4411 vim
2306 4358 2374 4412 ad
2410 4358 2515 4413 hoc
2550 4358 2719 4413 invite
2759 4366 2988 4414 tractus.
3016 4360 3161 4415 Dixit
3194 4363 3342 4416 enim
3386 4382 3400 4419 :
3434 4364 3601 4419 Nemo

335 4474 655 4520 mercatura
678 4461 942 4516 diuturno
971 4469 1219 4529 tempore
1245 4457 1570 4512 conﬁrmata
1597 4458 1778 4511 esset?
1800 4457 1919 4526 Ipse
2025 4448 2163 4502 tollit
2190 4450 2427 4503 animum
2458 4466 2631 4502 meam
2658 4467 2689 4502 α
2717 4467 2826 4513 me;
2848 4453 2940 4503 sed
2964 4468 3056 4520 ego
3083 4469 3221 4521 pono
3242 4455 3414 4524 ipsam
3438 4474 3471 4509 α
3496 4474 3600 4515 me.

333 4572 471 4611 vero
509 4554 627 4608 solo
657 4552 873 4622 flagello
907 4566 974 4605 ex
1011 4549 1273 4603 funiculis
1306 4548 1452 4602 facto
1488 4546 1774 4600 universos
1805 4546 1919 4615 eje-
1950 4561 1997 4618 ι)
2025 4539 2343 4593 Ροιεειαεωη
2374 4540 2539 4592 habeo
2572 4540 2800 4608 ponendi
2831 4557 2980 4603 eam;
3014 4550 3062 4595 (’1
3094 4553 3403 4612 potestatem
3438 4549 3601 4601 haben

334 4649 506 4710 cit",
542 4645 829 4714 appellans
872 4642 1097 4696 domum
1145 4657 1301 4694 suam
1347 4640 1575 4694 domum
1620 4637 1917 4702 orationis,
2022 4630 2092 4681 ile

1835 4637 1917 4702 is,
2022 4630 2212 4681 iterum
2237 4630 2475 4681 sumendi
2502 4646 2620 4682 eam
2642 4631 2709 4683 θ’.
2737 4630 2794 4683 In
2820 4646 2929 4700 quo
2956 4632 3122 4686 etiam
3155 4650 3213 4687 se.
3244 4651 3410 4705 supra
3436 4653 3597 4706 quam

334 4752 504 4807 quam
562 4735 641 4789 illi
698 4733 792 4804 qui
844 4734 1015 4787 Deum
1076 4731 1561 4801 cauponahantur,
1610 4728 1919 4798 emporium
2021 4720 2297 4774 hominem
2341 4734 2461 4773 esse
2503 4719 2822 4775 declarabat
2861 4739 2873 4773 :
2908 4722 3180 4791 siquidem
3217 4727 3397 4780 omnis
3434 4728 3601 4782 homo

334 4828 588 4882 fecerant
631 4833 881 4878 ementes
930 4821 1112 4890 pullos
1162 4820 1576 4880 columbarum,
1611 4826 1668 4871 et
1707 4816 1923 4870 divinas
2022 4809 2195 4864 invite
2225 4809 2464 4862 animam
2500 4824 2655 4863 suam
2689 4810 2943 4877 dimittit;
2976 4820 3032 4867 et
3060 4812 3152 4867 alii
3190 4824 3320 4868 sunt
3349 4818 3443 4885 qui
3478 4819 3597 4871 ani-

335 4918 657 4987 Scripmms
707 4920 1086 4985 permumucs
1137 4920 1395 4980 mquam
1443 4909 1705 4964 mensarii
1757 4924 1921 4963 num-
2020 4916 2162 4955 mam
2196 4900 2423 4963 tollant,
2454 4900 2550 4970 qui
2583 4909 2712 4954 sunt
2743 4901 2809 4955 ad
2847 4903 2951 4957 hoc
2983 4904 3221 4959 ministri
3260 4907 3545 4962 constituti
3583 4928 3594 4960 :

337 5024 488 5072 mos,
525 5022 760 5076 quorum
799 5019 999 5059 mensa:
1040 5002 1238 5058 merito
1274 5009 1621 5065 evertuntur,
1655 5008 1711 5054 et
1743 5015 1912 5070 pecu-
2020 4992 2181 5049 sicuti
2238 4992 2446 5047 dictum
2503 5001 2588 5046 est
2644 4992 2718 5047 illi
2778 4993 2967 5058 diviti,
3011 4997 3169 5066 cujus
3220 5011 3351 5067 ager
3400 4998 3600 5055 uberes

336 5102 442 5156 nia:
466 5098 830 5154 effunduntur
855 5095 1040 5149 divina
1064 5094 1269 5147 virtute
1300 5092 1448 5145 illius
1473 5090 1567 5160 qui
1591 5097 1818 5145 venerat
1845 5089 1911 5143 ad
2021 5086 2231 5141 fructus
2270 5085 2488 5147 tulerat,
2516 5084 2608 5153 qui
2649 5085 2970 5155 imprudens
3000 5089 3291 5143 consilium
3323 5098 3549 5159 ceperat
3581 5108 3594 5144 :

337 5187 749 5263 repurgandum
792 5187 1080 5256 templum,
1112 5186 1165 5239 in
1212 5199 1323 5254 quo
1362 5183 1448 5237 lex
1485 5182 1712 5253 jubebat
1750 5197 1917 5251 puras
2024 5178 2136 5232 "ac
2174 5185 2324 5230 nocte
2363 5178 2602 5229 aninmm
2642 5186 2788 5230 luant
2830 5196 2860 5231 α
2903 5190 2952 5231 ιε
2994 5190 3227 5248 repetent
3248 5182 3314 5237 ⁸³.
3344 5182 3594 5236 Animam

336 5283 547 5340 hostias
589 5281 703 5336 Deo
743 5278 1061 5343 immolare,
1093 5292 1201 5330 non
1242 5282 1427 5330 autem
1471 5283 1529 5328 ut
1567 5272 1772 5327 nefaria
1814 5274 1915 5326 ista
2024 5284 2156 5322 vero
2213 5268 2512 5322 Salvatoris
2571 5271 2746 5323 nostri
2806 5286 2967 5325 nemo
3021 5273 3282 5336 abstulit,
3331 5274 3424 5327 sed
3481 5274 3598 5342 ipse

338 5377 556 5432 tierent.
2025 5360 2207 5430 potius
2239 5373 2359 5413 eam
2396 5367 2591 5427 sponte
2627 5363 2812 5429 posuit
2845 5361 2912 5415 ad
2949 5363 3145 5425 breve,
3178 5365 3372 5419 eadem
3410 5364 3596 5418 divina

405 5531 453 5563 ⁸⁸
472 5530 640 5585 Matth
687 5543 851 5585 xxvii,
874 5527 927 5579 7.
998 5526 1042 5555 ’τ
1068 5524 1253 5578 Matth.
1283 5541 1369 5583 xx,
1392 5523 1479 5576 ‘28.
1556 5522 1601 5553 “‘
1626 5522 1813 5574 Matth.
1840 5536 1946 5583 va,
1975 5516 2059 5572 l3.
2136 5521 2179 5549 ⁸³
2199 5519 2544 5580 Joan.u,13.
2622 5520 2667 5547 "'
2690 5516 2853 5572 Hebr.
2880 5535 2932 5581 χ,
2956 5519 3043 5573 20.
3121 5523 3161 5552 "
3189 5521 3329 5575 Psal.
3357 5538 3482 5585 XVII,
3508 5523 3598 5582 12.

331 5604 377 5636 u
393 5604 553 5660 lnam
581 5617 632 5664 χ’
658 5600 742 5653 18,
813 5598 859 5632 ⁸³
878 5596 1012 5650 an,
1038 5611 1127 5658 xu,
1153 5595 1241 5648 :20.
1553 5598 1557 5602 ’

1612 5728 1852 5786 VARI/1'3
1896 5727 2306 5785 LECTIONI'ZS.

401 5832 427 5873 ά
455 5830 887 5886 Admirabantur
911 5843 941 5882 c
972 5835 1234 5880 contextu
1270 5828 1590 5894 legendum.

573 5922 850 5983 Ρηιιοι..
896 5921 1014 5980 (in.
1056 5919 1376 5980 LXXXIX.

3113 5909 3187 5969 53
