4462 6440
870 391 998 455 13ἶιῧ

2018 400 2075 448 h.
2101 388 2493 448 ANASTASII
2531 387 2995 449 AN'l‘lUtJllENl

4000 390 4155 453 I350

868 499 1215 570 providentia
1240 517 1344 568 qtta
1370 513 1594 568 propter
1615 500 1911 553 nosl'acttts
1940 510 2023 551 est
2053 502 2245 565 homo;
2278 515 2443 569 opor-
2472 506 2516 563 Α
2548 502 2680 565 eioi,
2724 510 2924 554 tantum
2987 502 3370 553 sabarhtlmni?
3431 504 3568 569 quod
3630 504 4066 571 interpretantur
4134 546 4143 553 .

868 592 1014 647 tebat
1043 592 1189 645 enim
1221 591 1488 661 proficisci
1521 590 1587 643 ad
1620 591 1832 643 animas
1859 592 2067 644 solutas
2091 593 2440 661 corporibus,

865 693 923 739 et
976 685 1266 755 prwdicarc
1327 684 1547 753 captivis
1612 684 1969 735 remissionem
1996 684 2058 734 "‘.
2109 683 2210 748 Qui
2279 684 2445 750 igitur

869 776 1059 829 volens
1100 775 1338 828 animam
1383 774 1663 843 propriam
1705 774 1954 829 dimittit.
1992 792 2097 827 non
2140 785 2221 825 est
2266 777 2442 829 solum

868 868 1048 920 anima
1075 882 1309 935 corpore
1344 875 1502 918 utens
1532 882 1543 917 :
1572 865 1703 934 qttid
1731 869 1880 919 enint
1906 878 2008 925 est,
2030 868 2177 935 quod
2203 868 2441 920 ςιηίιηςιειί

865 967 1062 1028 sponte
1094 960 1290 1012 solvit?
1326 974 1436 1010 non
1470 958 1617 1010 enim
1654 969 2089 1012 consentaneum
2131 961 2327 1012 rationi
2362 973 2444 1013 est

867 1052 1187 1104 existimare
1215 1065 1372 1118 posse
1401 1051 1505 1103 hoc
1529 1053 1708 1103 lacere
1732 1067 1954 1120 corpus,
1974 1052 2118 1119 quod
2147 1066 2253 1103 non
2281 1052 2445 1105 habet

870 1144 1208 1198 voluntarias
1238 1144 1624 1212 appetitiones.
1649 1144 1851 1197 Verum
1879 1145 1921 1196 si
1955 1146 2055 1195 hoc
2087 1146 2442 1203 concedatur,

871 1240 1183 1305 reperietur
1207 1252 1328 1289 esse
1356 1253 1557 1304 corpus
1589 1237 1828 1287 nobilius
1858 1236 2038 1288 anima
2070 1237 2297 1289 rationis
2324 1252 2447 1305 par—

870 1330 1063 1395 ticipe.
1110 1329 1382 1396 siquidem
1429 1345 1630 1395 corpus
1671 1327 1899 1379 dimittit
1940 1329 2211 1389 animam,
2264 1329 2445 1381 anima

870 1436 1002 1472 vero
1033 1420 1352 1472 dimittitur.
1381 1418 1590 1471 Idcirco
1620 1435 1842 1471 necesse
1876 1429 1963 1472 est
1989 1420 2217 1472 omnino
2252 1428 2445 1489 putare

870 1515 924 1567 in
964 1512 1365 1581 compositione
1404 1511 1642 1571 Christi,
1674 1512 1819 1563 aliud
1855 1512 1984 1578 quid
2022 1521 2216 1580 praeter
2246 1528 2447 1580 corpus

867 1613 923 1656 et
950 1605 1211 1665 animam,
1240 1612 1475 1671 tttroqtte
1501 1603 1721 1670 quidem
1749 1603 1992 1656 nobilius
2024 1622 2035 1655 :
2070 1607 2446 1672 prmstantiort;

868 1714 1001 1751 vero
1026 1697 1414 1767 principalius;
1445 1695 1589 1764 quod
1617 1695 1838 1763 quidetn
1867 1690 1967 1763 pro
1995 1699 2325 1750 auctoritate.
2350 1714 2447 1751 sua

866 1806 1070 1857 corpus
1110 1790 1163 1841 in
1204 1788 1389 1839 cilnttn
1431 1788 1719 1855 discipulis
1756 1788 1937 1852 dedit;
1978 1798 2034 1841 et
2067 1790 2305 1842 animam
2347 1806 2447 1858 pro

866 1878 1059 1932 amicis
1102 1879 1284 1946 posuit
1316 1895 1327 1928 :
1364 1886 1530 1946 atque,
1565 1876 1667 1930 hac
1700 1878 1910 1929 ratione
1942 1878 2165 1931 nimiam
2198 1880 2433 1934 Charita-

870 1982 977 2023 tetn
1012 1972 1063 2022 in
1092 1985 1193 2021 nos
1216 1985 1371 2021 suam
1401 1969 1643 2021 ostendit
1667 1972 1733 2023 "5.

944 2060 1052 2112 XII.
1084 2059 1224 2123 Quid
1250 2066 1431 2110 autem
1473 2059 1575 2109 hoc
1612 2059 1763 2109 erat?
1801 2059 2006 2126 Nefztpe
2044 2059 2295 2112 divinum
2337 2078 2439 2113 nn-

869 2168 1025 2212 men,
1057 2150 1421 2218 compositum
1463 2149 1673 2202 scilicet
1712 2150 1826 2201 sine
1871 2153 2125 2219 passione
2164 2168 2289 2204 cum
2333 2162 2443 2206 ter-

872 2258 1005 2296 reno
1040 2258 1291 2310 corpore.
1324 2242 1399 2294 Ac
1438 2242 1638 2294 latebat
1674 2242 1919 2309 quidem,
1947 2254 2001 2296 et
2037 2258 2145 2296 non
2181 2244 2443 2296 cerneba-

872 2345 981 2395 tur,
1008 2342 1231 2402 propter
1259 2334 1657 2386 tabernaculum
1693 2334 1862 2402 quod,
1882 2344 1939 2387 ut
1974 2335 2108 2399 dixi,
2137 2338 2189 2389 in
2227 2340 2446 2390 ein-nim

870 2426 1083 2489 erat“;
1123 2434 1180 2477 et
1215 2425 1342 2494 quia
1382 2436 1577 2478 natura
1618 2434 1700 2478 cst
1739 2426 2116 2495 inaspectabili
2166 2446 2177 2479 :
2224 2445 2447 2482 verum—

873 2526 1053 2569 tamen
1082 2515 1495 2569 demonstrabat
1525 2531 1582 2569 sc
1614 2517 1783 2569 Deum
1813 2534 1910 2586 per
1933 2534 2018 2581 ea,
2044 2534 2166 2587 qua:
2194 2519 2443 2575 faciebat.

868 2607 1191 2661 Clamabam
1216 2608 1363 2659 enim
1389 2623 1555 2676 Opera
1585 2625 1706 2677 qua:
1734 2610 1902 2663 Deum
1938 2610 1991 2663 in
2024 2628 2187 2664 carne
2220 2612 2448 2665 abscon-

872 2701 1048 2753 ditttttt
1092 2699 1466 2767 prtedicabant
1506 2717 1517 2751 :
1562 2710 1617 2752 et
1655 2710 1813 2753 erant
1853 2703 2137 2770 passiones
2177 2704 2449 2773 prmeipuc

872 2791 1095 2859 quidem
1128 2799 1183 2843 et
1215 2791 1267 2843 in
1296 2790 1490 2858 primis
1519 2790 1730 2854 carnis;
1762 2801 2037 2859 quatenus
2061 2808 2196 2845 vero
2220 2809 2313 2847 eas
2342 2793 2448 2847 sibi

873 2880 1232 2943 attrihuebat,
1265 2890 1424 2933 erant
1459 2881 1581 2951 ejus
1620 2882 1713 2948 qui
1756 2897 1977 2934 carnem
2019 2895 2392 2951 assumpserat
2432 2902 2445 2937 :

874 2973 1136 3025 miracula
1182 2986 1312 3024 vero
1357 2973 1409 3024 in
1458 2972 1651 3040 primis
1698 2983 1855 3026 erant
1901 2974 2061 3027 Verbi
2112 2975 2239 3040 Dei;
2286 2976 2447 3029 simul

872 3075 1055 3116 autem
1107 3079 1230 3115 cum
1277 3063 1363 3115 his
1409 3079 1538 3117 caro
1588 3065 2029 3133 glorilicalmtm',
2062 3067 2192 3137 quia
2236 3068 2452 3121 scilicet

877 3152 1042 3206 Verbi
1088 3153 1184 3206 Dei
1224 3164 1366 3207 erat.
1397 3154 1541 3207 Caro
1588 3155 1703 3224 ipsa
1753 3158 2009 3209 translixa
2053 3168 2138 3212 est
2180 3159 2350 3211 clavis
2396 3159 2450 3211 in

872 3261 1060 3308 cruce,
1090 3254 1147 3297 et
1180 3246 1368 3298 lancea
1404 3247 1698 3300 vulnerata
1735 3257 1841 3310 est,
1874 3258 1929 3301 et
1964 3259 2118 3302 aceto
2158 3258 2367 3318 potata,
2397 3260 2453 3303 et

874 3353 1035 3390 omne
1088 3354 1261 3407 genus
1312 3338 1665 3391 contumelia:
1720 3357 1749 3391 a
1801 3340 2048 3391 scelestis
2100 3339 2204 3393 illis
2258 3350 2454 3408 Sponte

873 3430 1105 3498 accepit,
1141 3446 1265 3482 eum
1294 3429 1534 3482 Verbum
1575 3430 1669 3482 Dei
1712 3445 1897 3482 secum
1936 3431 2239 3482 secundum
2282 3431 2453 3500 hypo-

876 3522 1061 3573 stasim
1104 3522 1317 3574 unilmn
1362 3521 1607 3573 haberet.
1640 3521 1792 3575 Unde
1834 3522 2057 3588 sanguis
2094 3522 2186 3590 qui
2226 3538 2291 3574 ex
2339 3523 2454 3590 ipsa

877 3612 1101 3677 fluebat,
1131 3614 1355 3681 sanguis
1390 3612 1554 3667 Verbi
1603 3612 1910 3681 incorporei
1955 3623 2011 3665 et
2049 3613 2315 3683 sanguine
2360 3630 2453 3666 ca-

878 3704 1050 3756 rentis
1082 3719 1206 3757 esse
1240 3704 1468 3763 dicitur,
1495 3714 1771 3772 quatenus
1806 3718 1949 3758 unus
1984 3712 2069 3757 est
2101 3720 2167 3757 ex
2204 3704 2453 3772 utrisque

876 3794 1212 3862 compositus
1258 3793 1545 3855 Christus,
1599 3794 1743 3846 Dens
1792 3794 1952 3846 simul
2002 3802 2058 3846 et
2107 3793 2292 3845 homo.
2341 3794 2454 3846 lloc

875 3894 1058 3937 autem
1098 3885 1170 3937 ita
1204 3901 1323 3938 esse
1360 3895 1547 3954 aperte
1585 3885 1825 3939 declarat
1862 3885 1999 3953 ipse,
2028 3899 2151 3937 cum
2190 3884 2359 3937 Deum
2400 3884 2452 3936 itt

877 3991 1041 4030 cruce
1073 3976 1289 4029 Patrem
1318 3984 1373 4029 et
1416 3977 1587 4030 Deum
1638 3992 1798 4030 suum
1828 3985 1989 4030 vocat
2021 3993 2032 4028 :
2064 3975 2207 4040 Eloi,
2252 3976 2451 4044 inquit,

1413 4120 1461 4149 "
1482 4119 1685 4188 Epltes.
1712 4136 1782 4181 tv,
1805 4119 1861 4173 9..

1490 4191 1508 4219 ²
1533 4190 1671 4244 Psal.
1695 4205 1800 4252 etx,
1825 4191 1877 4243 Si.

950 4120 996 4145 “
1024 4116 1126 4169 Isa.
1152 4132 1259 4180 LXI,
1290 4119 1336 4169 Ι.

882 4186 898 4218 ⁸
922 4186 1110 4240 Matth.
1136 4203 1301 4253 xxvtt,
1324 4188 1410 4242 54.

1962 4121 2007 4153 ⁸⁵
2030 4120 2171 4173 Psal.
2196 4135 2325 4179 xvu,
2351 4118 2436 4173 12.

1955 4188 1974 4219 ³
1998 4190 2163 4242 llebr.
2190 4206 2245 4251 ll,
2272 4190 2354 4244 16.

1954 4369 2431 4381 ——-—~—-——.—.

2480 1844 2524 1901 Β

2485 3215 2523 3242 f‘

2486 3248 2523 3272 υ

2512 4121 2555 4152 ⁸⁷
2584 4120 2750 4173 lllarc.
2776 4137 2863 4184 xv,
2889 4121 2978 4174 55.

2432 4190 2452 4218 ⁸
2475 4189 2607 4242 ibid.
2636 4190 2717 4243 Μ.

2483 4519 2524 4575 γ

2551 594 2683 647 Deus
2729 612 2895 655 meus,
2932 594 3067 647 Dens
3114 609 3279 654 meus,
3310 602 3364 644 ut
3404 594 3529 661 quid
3575 610 3654 645 me
3698 594 4037 663 dereliquistj
4064 595 4156 644 ’τῖ’

2548 689 2611 742 Iit
2653 688 2851 741 iterum
2900 707 2910 741 :
2950 688 3112 741 Pater
3144 704 3309 749 mens,
3341 689 3393 739 in
3438 702 3626 738 manus
3669 697 3785 738 (nos
3821 688 4151 740 commendo

2546 783 2786 847 spiritum
2818 798 2987 832 nicum
3015 785 3078 832 Ἢ.
3108 781 3169 833 Iit
3198 778 3354 839 illttd,
3383 788 3572 846 aperto
3602 779 3771 831 latere
3800 781 3982 831 exisse
4015 796 4152 831 san-

2548 876 2766 939 guinem
2801 883 2854 925 et
2887 890 3084 941 aquam
3118 890 3179 926 ex
3214 888 3443 940 corpore
3476 873 3587 939 jam
3622 882 3841 924 mortuo
3865 874 3935 934 ’9,
3967 889 4147 940 supra

2550 977 2800 1017 naturam
2832 966 3071 1017 hominis
3102 975 3219 1018 erat
3256 984 3266 1017 :
3299 964 3443 1032 qttod
3478 964 3701 1032 quidem
3738 966 4043 1018 nonnuilos
4074 983 4145 1015 cx

2552 1058 2867 1111 infidelibus
2905 1061 2997 1127 qui
3046 1061 3328 1122 astabant,
3371 1062 3435 1114 ad
3482 1059 3818 1113 credendum
3863 1057 4142 1116 adduvit,

2548 1155 2877 1207 confitentes
2911 1171 3029 1207 rere
3066 1153 3256 1207 Filium
3295 1155 3389 1207 Dei
3425 1172 3530 1207 esse
3556 1156 3597 1217 ¹,
3626 1162 3849 1221 prepter
3877 1166 4049 1219 quem
4085 1159 4145 1201 et

2551 1263 2646 1314 per
2678 1262 2841 1314 quem
2885 1255 2961 1299 tot
2997 1265 3059 1299 ac
3100 1257 3247 1299 tanta
3291 1246 3533 1314 prodigia
3574 1246 3719 1298 edita
3760 1252 3972 1297 essent.
4004 1242 4146 1307 Qum

2549 1352 2680 1387 ιρι-υ
2721 1336 2968 1405 prodigia
3009 1338 3201 1389 erant?
3239 1337 3443 1404 Nempe
3484 1337 3617 1388 solis
3642 1334 3879 1388 defectio
3919 1332 4147 1385 decima

2550 1439 2743 1499 quarta
2773 1431 2920 1491 luna,
2942 1446 3063 1481 cum
3095 1429 3173 1481 fas
3198 1437 3316 1480 erat
3338 1428 3541 1480 .luda3is
3569 1427 3855 1479 immolare
3884 1424 4097 1494 paseba
4128 1443 4143 1476 τ

2552 1532 2711 1574 terra}
2750 1532 2949 1581 motus,
2989 1537 3115 1573 saxa
3156 1521 3346 1579 sriswa,
3386 1518 3639 1585 sepulcra
3684 1526 3891 1585 aperta,
3930 1515 4144 1569 mortui

2550 1609 2832 1669 sust-itali,
2868 1610 3049 1661 velum
3103 1609 3289 1676 templi
3340 1606 3571 1659 scissum
3620 1621 3648 1658 a
3696 1622 3912 1658 summo
3958 1620 4145 1673 usque

2550 1697 2829 1757 deorsum,
2865 1707 2919 1749 et
2952 1707 3146 1750 cretcra
3184 1694 3474 1765 ejusmodi,
3500 1710 3620 1762 qu:e
3652 1694 3758 1745 vim
3798 1694 3920 1761 ejus
3956 1692 4147 1745 decla-

2554 1789 2781 1851 rabant,
2814 1788 2907 1857 qtti
2957 1789 3009 1841 itt
3060 1789 3206 1855 ligno
3253 1786 3558 1855 pendebat,
3590 1795 3645 1836 et
3694 1792 3983 1852 peccatum
4034 1797 4144 1834 no—

2554 1889 2727 1933 strum
2778 1880 2831 1932 in
2882 1896 2948 1931 eo
2994 1878 3291 1931 danmavit.
3332 1876 3451 1930 Non
3499 1876 3644 1927 enim
3694 1881 4143 1926 consentaneum

2552 1981 2691 2035 erat,
2724 1983 2775 2025 nt
2812 1980 3035 2041 propter
3064 1988 3189 2022 eum
3219 1970 3312 2038 qui
3343 1969 3510 2021 homo
3541 1968 3715 2019 solum
3747 1975 3918 2025 esset,
3950 1974 4143 2017 tanto-

2555 2080 2684 2132 pere
2726 2064 3044 2115 ltuIVl‘l‘SllllI
3082 2070 3551 2123 commoveretur;
3585 2068 3639 2111 et
3669 2059 3711 2111 si
3743 2057 3867 2125 quis
3901 2057 4144 2109 fortasse

2554 2169 2897 2222 compassnm
2941 2168 3061 2205 esse
3103 2152 3271 2212 dicat,
3305 2166 3413 2203 non
3459 2148 3739 2202 aberrabit
3784 2166 3796 2199 :
3843 2146 4145 2214 oportebat

2553 2243 2699 2294 enim
2745 2251 2803 2295 ut
2840 2251 3108 2295 creatura:
3147 2241 3396 2295 Creatori
3440 2246 3913 2307 compatereutur.
3946 2237 4143 2305 Neque

2555 2335 2671 2388 sine
2705 2334 2975 2403 probabili
3015 2332 3226 2385 ratione
3266 2332 3381 2384 ltzee.
3418 2332 3676 2392 dicimus,
3704 2330 3973 2398 quoniam
4012 2344 4141 2382 eum

2556 2427 2804 2495 plerique
2829 2425 2962 2495 justi
2993 2432 3151 2477 antea
3183 2423 3327 2492 passi
3357 2433 3562 2486 essent,
3592 2423 3728 2476 nihil
3764 2424 3820 2475 in
3856 2422 4143 2476 universi-

2558 2526 2666 2571 tate
2703 2516 2894 2570 mundi
2930 2515 3178 2568 ordinem
3202 2530 3360 2567 suum
3384 2513 3610 2582 reliquit
3637 2529 3651 2565 :
3679 2513 3813 2581 quid
3838 2513 3991 2565 enim
4019 2512 4141 2565 Lit-

2557 2610 2690 2663 teris
2722 2608 3002 2678 proditum
3035 2616 3119 2661 est
3151 2607 3402 2662 evenisse
3441 2604 3697 2674 lapidatis
3732 2605 3964 2669 sanctis,
3990 2605 4145 2660 occi-

2556 2699 2711 2751 sione
2760 2696 2927 2765 gladii
2972 2696 3305 2765 peremptis,
3349 2695 3549 2747 sectis?
3591 2695 3659 2748 At
3706 2694 3836 2763 quia
3881 2694 4143 2747 universa

2557 2798 2807 2843 creatura
2839 2788 2944 2839 hoc
2973 2789 3220 2855 patiente
3254 2796 3526 2840 commota
3564 2795 3668 2847 est,
3700 2786 3840 2839 faeta
3878 2796 3963 2839 est
4002 2803 4144 2855 pra:-

2557 2880 2790 2933 dieatris
2828 2878 2897 2931 iis
2931 2879 3024 2947 qui
3063 2894 3225 2931 aures
3258 2876 3519 2931 audiendi
3559 2877 3786 2939 habent,
3810 2892 3946 2930 vere
3975 2877 4146 2929 fuisse

2559 2972 2757 3025 Filium
2800 2971 2917 3032 Dei,
2949 2986 3011 3023 ac
3055 2970 3249 3031 Deum,
3280 2985 3391 3022 non
3434 2968 3751 3038 adoptatum
3794 2967 4021 3031 Filium,
4052 2978 4147 3019 aut

2559 3062 2861 3115 secundum
2908 3063 3138 3131 gratiam
3186 3062 3393 3125 Deum,
3434 3061 3529 3114 sed
3574 3070 3767 3113 natura
3814 3060 4054 3116 Filium.
4090 3068 4148 3111 et

2560 3165 2753 3209 natura
2787 3157 2980 3217 Deum,
3008 3165 3062 3208 et
3092 3156 3324 3224 genitori
3355 3153 3908 3213 consubstantialetn,
3938 3169 4007 3205 ex
4036 3169 4146 3222 quo

2558 3257 2681 3299 ante
2725 3246 3001 3314 luciferum
3042 3247 3247 3315 genitus
3284 3247 3401 3297 cst’
3435 3246 3580 3297 Deus
3620 3245 4019 3313 incorporeus,
4052 3245 4145 3312 qni

2559 3347 2748 3405 postea
2772 3354 2945 3389 semen
2972 3336 3196 3389 .‘lbralire
3225 3336 3574 3405 apprehendit
3597 3335 3641 3397 ³,
3666 3343 3723 3387 et
3750 3350 3848 3403 per
3877 3334 4147 3387 unionem

2558 3444 2683 3481 cum
2715 3446 2782 3481 eo
2807 3429 2985 3482 factus
3014 3438 3098 3481 est
3124 3428 3310 3491 homo,
3332 3428 3425 3496 qui
3457 3442 3680 3481 carnem
3710 3435 3765 3480 et
3791 3425 4145 3495 sanguinem,

2558 3522 2701 3573 sicut
2749 3520 2945 3589 pueri,
2988 3519 3341 3588 participavit
3367 3519 3405 3571 ⁸.
3458 3519 3609 3572 llanc
3655 3531 3879 3571 carnem
3935 3518 3992 3571 in
4041 3532 4148 3586 qua

2562 3614 2705 3667 Deus
2736 3621 2878 3673 erat,
2909 3613 2977 3665 de
3008 3627 3173 3666 cruce
3204 3612 3508 3681 depositam
3540 3618 3841 3680 posuerunt
3874 3610 3931 3664 in
3962 3610 4149 3678 sepul-

2563 3719 2679 3765 ero,
2711 3714 2768 3757 et
2810 3702 3042 3756 sindone
3084 3702 3290 3756 munda
3336 3703 3715 3765 involverunt;
3760 3708 4146 3755 secesserunt-

2563 3810 2693 3862 quc,
2722 3794 2815 3862 qui
2857 3809 2967 3863 pra:
3008 3793 3179 3847 nimia
3218 3793 3566 3847 condolentia
3605 3808 3807 3862 corpus
3845 3794 4143 3862 petierant.

2563 3886 2695 3939 Erat
2714 3894 2896 3939 autem
2922 3885 3062 3954 lapis
3085 3884 3178 3955 qui
3201 3885 3404 3938 ostium
3425 3884 3766 3938 monumenti
3794 3884 4145 3948 obstruebat,

2564 3978 2879 4031 testimonio
2896 4017 2909 4038 ,
2936 3992 3064 4029 vere
3090 3983 3368 4029 mortuum
3393 3989 3515 4029 esse
3536 3984 3592 4029 et
3614 3975 3919 4045 sepultum.

3081 4120 3125 4151 ’³⁸
3150 4120 3284 4175 Luc.
3311 4133 3461 4183 um,
3482 4117 3573 4173 46.
3664 4118 3711 4148 ”
3728 4116 3892 4172 Joan.
3920 4133 4036 4183 xu,
4058 4118 4145 4176 54.

1929 4636 2031 4694 DE
2077 4634 2736 4695 IIESURREC'I‘IONE
2775 4633 3115 4693 CHRISTI.

974 4881 1009 4938 I.
1039 4884 1237 4936 Verum
1300 4896 1388 4934 res
1414 4882 1718 4936 Salvatoris
1761 4893 1812 4937 et
1868 4885 2081 4939 Homini
2132 4888 2307 4941 nostri
2351 4904 2462 4941 non
2494 4891 2539 4947 Ι)
2570 4891 2769 4945 lateret
2828 4895 2978 4959 quod
3025 4893 3229 4943 factum
3261 4889 3460 4951 fuerat,
3493 4885 3702 4941 idcirco
3744 4888 3829 4941 sic
3893 4897 4152 4944 mortuus

895 4990 1067 5042 usque.
1101 4973 1167 5025 ad
1230 4973 1346 5027 lucc
1391 4982 1605 5026 tantum
1658 4984 2052 5030 consmnmatze
2099 4987 2259 5044 sunt;
2321 4994 2465 5048 opus

893 5066 1040 5119 enim
1064 5073 1183 5119 erat
1212 5064 1533 5134 plenissima
1580 5068 1911 5132 teconomia,
1971 5067 2272 5139 deeratque
2303 5069 2462 5126 finis:

894 5158 1123 5223 propter
1155 5153 1624 5208 resurrectionem
1654 5154 1804 5208 enim
1833 5171 1900 5209 ex
1930 5158 2165 5212 mortuis
2214 5160 2335 5229 ejus
2369 5160 2462 5231 qui

897 5254 1151 5299 mortutts
1176 5254 1282 5303 est.
1331 5245 1542 5299 exstitit
1583 5255 1741 5300 orttts
1788 5248 2039 5317 ejusdem
2072 5250 2168 5319 qui
2203 5259 2331 5305 ante
2362 5269 2465 5307 sa!-

894 5334 1017 5387 eula
1060 5334 1283 5402 genitus
1314 5344 1416 5392 est.
1448 5344 1503 5388 et
1531 5350 1679 5388 mors
1711 5352 1808 5405 per
1844 5353 2065 5391 erucem
2096 5340 2217 5408 ejus
2245 5341 2339 5408 qui
2381 5352 2467 5395 est

896 5425 1259 5478 immortalis:
1291 5440 1414 5493 qua:
1442 5424 1663 5492 quidem
1704 5443 1812 5480 tton
1869 5428 2071 5483 accidit
2121 5430 2373 5493 fortuito,
2405 5444 2464 5488 ut

893 5514 1097 5583 aliquis
1124 5514 1354 5569 fortasse
1387 5515 1570 5569 dicat:
1608 5518 1765 5571 ntttlti
1825 5535 2061 5588 namque
2091 5532 2240 5583 sunt,
2288 5533 2343 5577 et
2374 5525 2460 5577 di-

896 5606 1039 5660 versi
1088 5605 1287 5658 mortis
1335 5606 1481 5659 tnodi
1539 5607 1635 5675 qui
1678 5608 2000 5662 hominibus
2036 5610 2329 5671 accidunt;
2368 5612 2461 5665 alii

895 5697 1120 5761 quidem
1156 5712 1224 5749 ex
1260 5698 1632 5765 providentia,
1671 5699 1764 5753 alii
1792 5716 2010 5755 veroex
2061 5702 2279 5755 insidiis
2317 5721 2328 5755 :
2366 5705 2460 5758 sed

896 5800 950 5843 ut
984 5792 1125 5859 apud
1147 5806 1337 5843 omnes
1357 5792 1577 5861 publica
1596 5803 1739 5850 esset
1769 5808 1916 5850 mors
1939 5796 2150 5866 ejus,ct
2187 5798 2461 5851 nemiuem

2569 4990 2655 5036 est
2686 4981 2845 5051 :quis
2877 4980 3025 5035 enim
3050 4994 3178 5033 eum
3203 4979 3295 5049 qui
3328 4980 3383 5032 in
3411 4994 3578 5033 cruce
3602 4977 3873 5048 pependit
3907 4988 3966 5033 et
3984 4981 4153 5035 clavis

2574 5076 2876 5129 transﬁxus
2907 5083 2993 5127 est
3031 5084 3088 5126 et
3118 5073 3199 5126 sic
3229 5071 3400 5125 vitam
3432 5070 3680 5139 reliquit,
3720 5079 4012 5124 mortuum
4034 5086 4152 5126 esse

2571 5174 2776 5235 neget,
2832 5164 3087 5234 quamvis
3148 5162 3368 5216 veritati
3439 5176 3773 5231 magnopere
3837 5162 4154 5232 repugnet?

2574 5256 2737 5310 Solus
2780 5260 2929 5310 enim
2967 5256 3129 5310 Jesus
3158 5270 3225 5309 ex
3278 5255 3346 5310 iis
3397 5254 3493 5324 qui
3553 5269 3680 5310 cum
3715 5271 3783 5310 eo
3813 5255 3870 5310 in
3902 5258 4154 5326 patibulo

2573 5348 2821 5405 fuerunt.
2849 5357 3101 5401 mortuus
3134 5356 3242 5410 est,
3273 5347 3415 5401 duos
3443 5347 3572 5401 dico
3602 5347 3873 5411 latrones,
3899 5350 4151 5418 quicum

2573 5449 2640 5487 eo
2670 5435 2923 5489 crucilixi
2956 5435 3096 5488 nihil
3129 5436 3234 5489 tale
3266 5436 3416 5505 passi
3462 5444 3613 5490 sunt.
3664 5436 3968 5492 Testantur
4024 5438 4150 5497 hoc.

2576 5542 2698 5593 qnze
2729 5526 2994 5594 deinceps
3016 5536 3164 5596 gesta
3199 5534 3367 5583 sunt:
3424 5542 3551 5582 cum
3609 5528 3757 5581 enim
3786 5542 3989 5596 magno
4020 5528 4154 5582 Sob-

2576 5617 2705 5671 bato
2730 5617 2785 5670 in
2815 5617 3015 5672 festum
3046 5618 3378 5687 Azymorttm
3412 5618 3733 5673 incurrente
3767 5616 3943 5672 Judaei
3972 5633 4005 5671 ι
4058 5617 4151 5671 1ῖί-

2576 5708 2685 5761 lato
2748 5708 3064 5776 petiissent,
3106 5716 3168 5762 ut
3223 5723 3459 5777 corpora
3500 5724 3695 5762 eorum
3743 5707 3838 5777 qui
3897 5706 4147 5763 crucifixi

2572 5809 2752 5858 erant.
2782 5800 3223 5870 deponerentur,
3279 5800 3765 5872 concessissctque
3802 5799 4015 5857 Pilatus
4057 5813 4154 5853 eo-
