4462 6440
176 440 322 507 1357

997 453 1277 515 ORATIO
1315 460 1470 518 V.-
1497 460 1592 519 DE
1633 461 2276 530 RESURREC’I‘IONE
2316 472 2650 533 CHRISTI.

3302 473 3439 540 1353

172 568 312 610 rum
360 556 576 624 justum
631 558 991 626 postulatum,
1039 563 1411 635 jussissetque
1455 579 1515 623 ut
1562 585 1755 625 eorum
1788 580 1831 631 A
1862 579 2152 645 pecuniam
2200 582 2471 637 militibus
2515 584 2769 654 polliciti,
2813 587 3050 642 suadent
3096 590 3351 647 occulere
3380 602 3435 647 et

168 656 348 697 crura
375 644 784 713 frangerentur,
814 658 1007 703 narrat
1029 650 1261 707 historia
1285 655 1328 717 ',
1352 658 1515 724 primi
1535 659 1759 728 quidem

167 742 236 788 et
294 736 528 789 secundi
585 737 841 805 quicum
892 754 960 795 eo
996 740 1221 798 fuerant
1251 745 1307 799 in
1365 763 1584 805 crucem
1629 751 1758 816 acti,

168 824 415 897 fregisse
445 844 648 893 crura;
707 831 776 885 ad
808 831 998 887 Jesum
1043 846 1231 891 autem
1280 854 1407 893 cum
1458 842 1757 908 venissent,

167 920 555 991 eumquejam
585 932 870 978 mortuum
896 925 1187 990 vidissent,
1221 944 1333 983 non
1376 930 1609 1003 fregisse
1640 934 1761 1003 ejus

166 1024 367 1063 crura.

245 1098 319 1154 11.
373 1100 513 1156 Cum
552 1104 722 1175 igitur
761 1114 931 1162 testes
958 1110 1070 1162 sint
1113 1118 1395 1163 mortuum
1430 1127 1585 1176 esse,
1631 1113 1757 1166 nul-

167 1189 263 1244 lus
290 1190 527 1246 habebit
554 1195 735 1249 locum
762 1199 1002 1268 negandi
1035 1210 1267 1253 mortem
1315 1203 1569 1257 suscitati
1597 1222 1609 1256 :
1650 1205 1760 1259 imo

165 1290 229 1334 et
255 1282 466 1352 Ioseph
525 1302 650 1340 cum
710 1288 961 1357 petiisset
1012 1306 1215 1359 corpus
1266 1292 1333 1345 ad
1392 1293 1755 1356 humandum,

167 1375 414 1429 miratus
449 1387 533 1431 est
567 1380 796 1444 Pilatus,
828 1380 1102 1452 quodjam
1133 1395 1389 1439 mortuus
1412 1394 1581 1440 esset.
1614 1385 1756 1453 Quid

164 1482 296 1521 esse
326 1478 513 1537 potest
556 1472 874 1527 evidentius
933 1475 1249 1529 testimonio
1274 1477 1614 1540 Judmorum,
1664 1479 1757 1548 qui

164 1557 329 1610 ornni
362 1560 601 1614 artificio
661 1564 1137 1619 resurrectionem
1193 1569 1416 1623 Domini
1477 1572 1756 1627 occultare

164 1649 408 1703 volunt?
441 1650 578 1704 Cum
605 1654 752 1707 enim
791 1664 1013 1724 postero
1052 1657 1143 1713 die
1180 1660 1324 1729 apud
1350 1661 1595 1715 Pilatum
1626 1678 1757 1716 cnn-

167 1739 490 1805 vcnissent,
525 1742 785 1799 dixerunt
837 1764 850 1798 :
881 1746 1161 1802 Recordati
1194 1768 1397 1814 sumus,
1429 1753 1566 1820 quod
1597 1756 1753 1806 sedu-

166 1840 289 1883 ctor
322 1832 435 1896 ille,
483 1851 598 1887 cum
636 1837 808 1891 adhuc
837 1840 1049 1902 viveret,
1114 1841 1246 1894 dixit
1278 1858 1295 1894 :
1351 1841 1474 1896 Post
1504 1853 1607 1897 tres
1646 1846 1753 1897 dies

168 1925 494 1992 resurgam“
524 1966 536 1977 .
563 1924 699 1979 Cum
739 1943 869 1997 ergo
918 1929 971 1982 hi
999 1930 1205 1991 dicant.
1234 1947 1358 1986 cum
1385 1934 1565 1987 adhuc
1600 1936 1749 1987 vivc-
1789 1913 1827 1964 Β

171 2022 285 2075 ret,
321 2015 527 2081 aiebat,
562 2027 617 2070 et
648 2017 905 2082 dicendo,
958 2036 1077 2074 cum
1107 2024 1275 2076 adhuc
1320 2026 1533 2086 viveret,
1595 2027 1755 2094 plane

167 2105 470 2161 declarant
554 2118 833 2165 mortuum
900 2112 1109 2179 fuisse,
1163 2129 1326 2169 onme
1381 2126 1753 2170 commentum

166 2199 500 2254 convictum
545 2202 655 2257 erit
694 2218 910 2270 eorum,
987 2207 1081 2276 qui
1135 2207 1321 2265 dicere
1375 2210 1580 2265 audent
1644 2228 1752 2266 non

166 2286 350 2342 fuisse
378 2299 678 2346 mortuum.

243 2402 342 2457 111.
405 2404 612 2460 Deinde
670 2406 945 2476 signatum
996 2408 1167 2466 fuisse
1217 2413 1554 2482 sepulcrum,
1605 2418 1753 2486 quod

168 2490 413 2544 scelesti
467 2492 547 2545 illi
598 2508 1019 2564 suggesseraut,
1074 2502 1494 2558 consultissimo
1542 2506 1749 2561 factum

169 2592 261 2634 est
288 2580 357 2634 ad
391 2581 658 2651 pudorem
692 2600 909 2648 eorum,
941 2589 1035 2657 qui
1066 2589 1325 2645 dicebant
1352 2595 1567 2650 venisse
1589 2596 1755 2652 disci-

168 2669 342 2737 pulos
415 2681 600 2737 nocte,
627 2682 683 2728 et
709 2674 919 2731 furatos
963 2693 1085 2733 esse
1122 2695 1272 2734 eum.
1328 2681 1554 2752 Signato
1604 2686 1751 2741 enim

168 2772 569 2827 monumento,
592 2773 649 2818 et
672 2765 940 2821 militibus
961 2769 1115 2838 signa
1142 2773 1609 2842 custodientibus,
1634 2794 1754 2848 qum

172 2849 322 2904 ratio
355 2853 662 2920 probabilis
696 2856 976 2912 videbitur
1029 2860 1095 2913 ad
1146 2860 1573 2922 inumbrandum
1612 2872 1756 2926 veri-

171 2945 389 2997 tatem?
420 2944 526 2999 Sed
560 2962 662 3001 nec
709 2948 843 3002 illud
896 2950 965 3004 ab
1021 2951 1151 3019 ullo,
1190 2964 1251 3008 ut
1292 2958 1552 3024 arbitror,
1604 2963 1750 3032 juste

167 3029 286 3085 dici
311 3034 546 3101 poterit,
578 3037 919 3092 accusandos
952 3054 1074 3094 esse
1121 3042 1309 3098 violati
1353 3029 1749 3120 sepulcrivpro-

168 3121 438 3193 pinquos,
475 3124 623 3181 furte
667 3141 869 3198 corpus
897 3132 1186 3188 sustulisse
1221 3136 1431 3191 relictis
1481 3138 1753 3209 signisin-

174 3215 384 3285 tegris:
420 3232 527 3271 non
558 3218 705 3273 enim
739 3230 1125 3277 constructum
1160 3234 1279 3279 erat
1328 3243 1749 3287 monumentum
1780 3244 1821 3301 (ς

167 3323 240 3361 ex
277 3308 479 3364 electis
502 3309 781 3379 lapidibus
823 3313 966 3368 inter
997 3331 1054 3369 se
1080 3322 1492 3387 coagmentatis,
1529 3324 1624 3377 sed
1658 3342 1753 3395 p0-

170 3400 286 3454 tins
316 3408 438 3454 erat
479 3411 634 3469 petra
680 3404 886 3469 nativa,
925 3421 1044 3475 qua:
1106 3416 1273 3462 totam
1312 3410 1453 3467 hanc
1487 3416 1755 3484 suspicio-

169 3505 301 3545 nem
329 3492 589 3562 ejiciebat
620 3511 634 3547 :
668 3495 740 3550 ob
767 3496 907 3550 hanc
940 3514 1162 3553 causam
1186 3517 1389 3556 novum
1410 3515 1528 3559 erat
1557 3523 1753 3562 monu-

177 3588 458 3647 mentum,
488 3594 742 3638 reeenter
767 3585 822 3639 in
853 3597 1005 3656 petra
1037 3588 1260 3655 factum,
1310 3592 1364 3646 in
1396 3611 1507 3663 quo
1538 3599 1751 3653 nullum

169 3682 339 3726 antea
374 3688 579 3743 corpus
607 3676 888 3731 conditum
938 3679 1150 3747 fuerat;
1214 3698 1282 3737 ne
1308 3683 1362 3738 in
1392 3685 1624 3742 dubium
1664 3707 1754 3744 ve-

169 3762 325 3817 niret
347 3763 418 3818 iis
437 3764 532 3834 qui
596 3775 880 3838 utcunque
932 3776 1400 3830 resurrectionem
1451 3780 1748 3850 rccipiunt,

183 3854 447 3924 quisnam
473 3872 502 3909 a
526 3860 757 3913 mortuis
779 3863 1053 3917 excitatus
1093 3874 1261 3920 esset.

249 3946 345 3999 ιν.
380 3945 507 4001 Haec
531 3950 718 4005 omnia
742 3961 800 4005 et
834 3953 939 4007 alia
984 3955 1142 4023 plura
1207 3957 1295 4011 his
1335 3959 1551 4027 provisa
1598 3973 1747 4029 sunt,

176 4039 251 4093 ad
330 4039 547 4095 faciend
567 4057 653 4095 am
719 4043 882 4099 fidem
962 4049 1387 4105 resurrectionis
1454 4052 1751 4111 Salvatoris

175 4131 397 4197 nostri;
426 4132 494 4185 ad
524 4148 691 4202 quam
736 4136 1137 4193 ostendendam
1177 4139 1464 4196 descendit
1504 4147 1747 4215 angelus,

172 4222 279 4292 qui
312 4222 552 4292 lapidem
579 4225 649 4279 ab
680 4226 797 4280 otio
846 4231 1193 4285 monumenti
1248 4234 1502 4299 revolvit,
1553 4252 1662 4291 non
1692 4251 1747 4295 ut

167 4313 386 4369 exitum
417 4314 646 4369 bumato
688 4327 938 4386 pararet;
982 4320 1093 4389 jam
1120 4321 1268 4375 enim
1294 4323 1448 4391 prius
1470 4326 1560 4381 die
1589 4329 1750 4385 tertio

166 4413 494 4459 surrexerat
527 4405 792 4461 Dominus
824 4424 854 4462 a
891 4410 1043 4464 nullo
1078 4413 1411 4481 prohibitus,
1446 4417 1541 4471 sed
1571 4428 1631 4473 ut
1653 4421 1749 4476 de-

169 4505 517 4552 monstraret
563 4497 767 4563 locum,
828 4500 921 4555 ubi
981 4518 1181 4573 corpus
1232 4508 1503 4576 positum'
1544 4512 1744 4581 fuerat,

164 4588 267 4643 ubi
316 4598 505 4644 vestes
536 4599 745 4646 tantum
800 4603 961 4648 erant
1000 4597 1270 4653 suscitati.
1318 4600 1473 4656 Unde
1516 4576 1747 4675 angelus
1777 4576 1822 4634 υ

163 4679 263 4750 qui
297 4680 629 4736 mulieribus
658 4698 779 4753 qua:
816 4698 1190 4743 convenerant
1220 4694 1474 4760 apparuit
1508 4697 1743 4767 :Nolite,

161 4771 375 4836 aiebat,
396 4774 579 4827 timere
600 4790 687 4829 vos
713 4792 732 4828 :
760 4779 867 4830 scio
900 4778 1038 4849 quod
1063 4779 1246 4834 Jesum
1268 4782 1746 4844 Nazarenumcru-

165 4862 390 4930 ci/ixum
424 4866 693 4933 quwritis;
728 4884 831 4920 non
857 4876 931 4922 est
958 4871 1073 4935 hic;
1105 4877 1419 4941 resurrexit,
1437 4881 1569 4932 sicut
1590 4882 1748 4937 dixit:

166 4952 366 5017 venite,
403 4953 570 5007 videte
613 4953 784 5009 locum
825 4957 912 5010 ubi
946 4960 1145 5028 positus
1200 4971 1316 5017 erat
1350 4965 1392 5018 °.
1441 4965 1537 5021 His
1580 4973 1748 5039 gestis

162 5042 377 5096 milites
414 5044 683 5101 custodes
722 5056 871 5102 metu
909 5053 1186 5119 perterriti
1206 5055 1741 5131 jaccbanttanquam

164 5134 373 5188 mortui
402 5152 414 5187 :
439 5136 529 5190 vix
562 5147 745 5193 autem
776 5148 988 5196 terrore
1030 5143 1342 5201 formidinis
1390 5149 1608 5207 liberati
1657 5154 1744 5208 fu-

162 5235 367 5295 gerunt
391 5228 448 5281 in
484 5228 786 5297 civitatem,
812 5245 875 5288 ut
895 5236 1216 5293 nuntiarent
1243 5255 1365 5308 quae
1385 5244 1740 5300 accidissent.

164 5314 433 5372 Scelerati
462 5334 594 5373 vero
622 5323 939 5380 sacerdotes
974 5327 1311 5399 Iudaeorum,
1349 5349 1489 5404 quos
1526 5347 1745 5406 oporte-

163 5406 260 5461 bat
291 5409 518 5463 tandem
545 5427 770 5468 sensum
803 5431 1002 5487 capere
1020 5459 1035 5481 ,
1058 5430 1113 5475 et
1140 5437 1332 5478 eorum
1356 5441 1478 5496 qua:
1494 5431 1740 5486 fecerant

164 5498 468 5567 paenitere,
495 5514 686 5559 contra
723 5508 910 5575 potius
952 5510 1005 5564 in
1064 5513 1272 5568 malitia
1297 5529 1735 5585 perseverantes,

162 5588 469 5645 studebant
496 5600 559 5646 ut
582 5597 1050 5655 resurrectionem
1092 5603 1368 5671 celarent,
1404 5615 1460 5661 et
1508 5611 1737 5664 multam

232 5786 441 5842 'Joan.
470 5790 691 5853 καλά.
768 5793 789 5824 ⁸
820 5792 985 5849 Marc.
1030 5814 1119 5859 xv,
1174 5800 1262 5864 45,
1325 5802 1413 5857 44.
1490 5804 1509 5833 ⁷
1538 5804 1731 5859 Matth.
1776 5812 2037 5874 xxvm,5,
2069 5811 2120 5863 6.

232 5898 237 5915 ,
274 5857 330 5913 9.
410 5858 455 5891 ¹⁶
520 5859 721 5918 Jerem.
758 5878 882 5931 xxx,
922 5866 1007 5922 l6.
1086 5870 1126 5899 “
1187 5870 1345 5926 item.
1396 5889 1506 5938 xiv,
1535 5876 1585 5930 9.
1669 5879 1709 5908 "
1749 5877 1882 5936 Luc.
1916 5895 2004 5938 xx.
2044 5880 2113 5938 38

1797 5893 1882 5936 uc.
1916 5895 2004 5947 xx,
2044 5893 2132 5938 38.

163 5870 237 5921 tv,
274 5857 330 5913 9.
410 5858 455 5891 ¹⁶
520 5859 721 5918 Jerem.
758 5878 882 5931 xxx,
922 5866 1007 5922 l6.
1086 5857 1126 5899 ¹“¹
1187 5857 1345 5926 item.
1396 5889 1506 5938 xiv,
1535 5876 1585 5930 9.

1864 669 2150 725 mendacia
2197 684 2514 738 contexere,
2570 689 2692 745 qua:
2738 676 2839 746 ipsi
2898 678 3059 733 valde
3102 678 3251 735 fatue
3303 680 3435 751 ipsis

1864 764 2504 829 suggesscrunt:Dicite,
2544 765 2825 835 inquiunt,
2864 770 3002 837 quod
3040 771 3285 842 discipuli
3319 774 3432 843 ejus

1863 861 2119 907 venerunt
2150 865 2306 908 noctu
2324 865 2371 908 et
2402 858 2547 912 nobis
2570 858 2948 914 dormientibus
2980 862 3120 931 furto
3146 882 3264 919 cum
3318 883 3437 919 sus-

1865 942 2102 998 tulerunt
2151 945 2195 999 ⁸.
2247 946 2442 1002 Merito
2476 948 2531 1002 in
2570 950 2701 1006 istos
2740 952 2847 1006 dici
2886 962 3067 1022 potest
3112 972 3125 1007 :
3163 954 3207 1009 Ο
3257 957 3435 1027 magi-

1867 1043 2007 1089 stros
2036 1035 2264 1091 absurdi
2298 1047 2354 1092 et
2384 1042 2744 1109 repugnantis
2810 1043 3115 1098 mendacii!
3161 1048 3436 1114 quomodo

1867 1125 1980 1179 tieri
2018 1136 2251 1196 poterat,
2283 1136 2344 1183 ut
2377 1130 2472 1199 qui
2514 1131 2886 1198 dormiebant,
2916 1136 3168 1191 viderent
3210 1139 3435 1207 quinam

1862 1229 2067 1284 essent,
2101 1222 2195 1290 qui
2227 1220 2394 1276 furati
2421 1225 2586 1277 sunt?
2618 1224 2673 1279 Si
2699 1233 2883 1280 autem
2912 1244 3038 1282 vere
3058 1241 3442 1299 cognoverunt

1864 1311 2045 1376 fures;
2086 1313 2190 1367 hoc
2216 1314 2364 1367 enim
2415 1314 2558 1383 ipsis.
2606 1326 2667 1370 ut
2715 1317 3004 1382 dicerent,
3047 1324 3437 1391 suggessistis;

1865 1402 2109 1468 profecto
2138 1404 2377 1459 videndo
2394 1420 2806 1475 cognoverunt:
2825 1411 3103 1479 quomodo
3123 1411 3289 1481 igitur
3308 1414 3440 1467 dor-

1864 1493 2130 1558 miebant,
2154 1495 2196 1548 si
2225 1496 2525 1550 viderunt?
2551 1498 2784 1553 Curnon
2812 1502 2998 1569 potius
3018 1502 3225 1557 furtum
3242 1506 3437 1574 probi-

1865 1585 2110 1639 bcbant?
2139 1587 2220 1640 Ob
2246 1588 2387 1642 hanc
2412 1588 2561 1643 enim
2584 1605 2805 1644 causam
2836 1607 3217 1651 remanserant
3238 1597 3292 1651 in
3321 1613 3437 1651 mo-

1861 1686 2150 1743 numento,
2181 1688 2242 1733 ut
2266 1683 2607 1751 pr0positum
2636 1682 2816 1737 fuerat
2843 1684 3029 1755 impiis
3062 1689 3287 1744 etfalsis
3316 1709 3435 1746 ma-

1859 1770 2065 1839 gistris,
2099 1772 2193 1841 qui
2224 1772 2630 1828 allirmaverant
2674 1790 2937 1832 suasuros
2962 1794 3022 1832 se
3085 1782 3302 1848 prmsidi
3350 1786 3439 1839 Pi-

1864 1864 1993 1926 lato,
2016 1862 2163 1931 quod
2193 1864 2539 1953 dormientes
2564 1882 2692 1920 vera
2737 1868 2928 1923 dicunt
2964 1888 3021 1925 se
3064 1873 3290 1929 vidisse.

1936 1976 1999 2029 V.
2035 1975 2217 2044 Atque
2239 1975 2315 2029 illi
2351 1976 2574 2046 quidem
2618 1979 2698 2034 sic
2719 1996 2777 2035 se
2816 1983 3206 2041 existimabant
3232 1990 3438 2045 verita-

1865 2073 1971 2117 tem
2017 2065 2432 2141 obscurare'ct
2462 2080 2795 2139 contegere:
2831 2075 3082 2130 Salvator
3125 2094 3260 2133 vero
3304 2098 3435 2137 vere

1862 2158 2023 2213 tertio
2062 2160 2150 2213 die
2181 2162 2447 2226 surrexit,
2482 2163 2673 2218 relicta
2723 2168 3083 2237 corruptione
3143 2172 3199 2227 in
3244 2177 3434 2244 sepul-

1859 2264 1953 2302 cro
1978 2259 2035 2303 et
2064 2250 2240 2304 factus
2286 2253 2663 2322 primogenitus
2717 2273 2778 2311 ex
2826 2265 3127 2329 mortuis";
3172 2267 3436 2324 descendit

1857 2340 2004 2393 enim
2037 2342 2089 2393 in
2120 2344 2395 2410 inferiores
2439 2353 2617 2414 partes
2668 2357 2823 2404 terra:
2871 2354 2911 2383 "
2960 2364 3016 2407 et
3072 2356 3126 2410 in
3170 2374 3266 2413 eor
3313 2362 3436 2429 ejus

1856 2431 2031 2497 venit,
2055 2442 2207 2486 tanto
2230 2441 2476 2505 tempore
2493 2436 2609 2493 illic
2627 2453 3025 2507 commoratus,
3045 2460 3255 2515 quanto
3277 2467 3436 2523 opor-

1861 2520 1985 2585 tuit,
2005 2531 2063 2574 ut
2087 2523 2319 2592 gratiam
2343 2540 2498 2579 suam
2520 2536 2578 2581 et
2604 2527 2895 2587 utilitatem
2922 2535 2989 2589 iis
3013 2538 3106 2605 qui
3134 2540 3188 2593 in
3217 2520 3435 2601 inferno

1859 2614 2211 2675 tenebantur.
2268 2616 2631 2686 impartiret:
2692 2638 2801 2677 non
2850 2629 2999 2681 enim
3054 2632 3259 2690 frustra
3300 2638 3435 2696 illuc

1860 2703 2175 2771 descendit,
2206 2708 2337 2777 quia
2386 2709 2527 2765 nihil
2564 2712 2842 2770 incassum
2879 2718 3009 2773 facit
3041 2722 3207 2791 Deus,
3245 2730 3344 2784 sed
3375 2743 3437 2787 nt

1855 2796 2055 2864 eosqui
2078 2796 2135 2850 in
2155 2812 2380 2853 carcere
2400 2811 2580 2865 erant,
2596 2802 2881 2871 educeret,
2910 2819 2966 2863 et
2986 2813 3281 2873 reduceret
3297 2836 3439 2890 prm-

1855 2886 2041 2940 eundo
2074 2897 2203 2942 ante
2250 2903 2368 2954 eos,
2411 2899 2470 2945 ut
2519 2903 2711 2963 pastor
2762 2909 2890 2954 ante
2931 2917 3084 2968 oves,
3134 2886 3436 2977 quaerendo

1856 2992 1996 3046 quos
2019 2978 2368 3047 perdiderat,
2402 2984 2813 3044 etinveniendo
2847 3009 2989 3062 quos
3026 3001 3345 3069 quaesierat,
3369 3021 3435 3062 ac

1858 3068 2176 3125 reducendo
2200 3087 2297 3127 eos
2319 3084 2696 3147 propterquos
2718 3081 3120 3143 descenderat:
3144 3108 3255 3149 non
3276 3097 3427 3152 enim

1858 3161 2037 3214 solum
2085 3161 2371 3217 interitum
2426 3181 2727 3236 corporum
2774 3171 3027 3233 dissolvit
3054 3180 3108 3234 in
3143 3187 3430 3257 sepulcro,

1858 3250 1953 3303 sed
1988 3259 2044 3304 et
2068 3251 2313 3320 captivas
2333 3254 2546 3309 animas
2577 3272 2646 3310 ex
2671 3258 2886 3316 inferno
2920 3264 2972 3318 in
2993 3282 3104 3337 quo
3132 3250 3436 3349 pertyran;

1860 3339 2046 3394 nidem
2069 3340 2489 3407 detinebantur,
2528 3345 2817 3413 liberavit;
2851 3360 2900 3405 et
2927 3339 3162 3413 fortasse
3192 3339 3309 3417 non.
3333 3381 3433 3433 per

1866 3432 2235 3501 tyrannidem,
2260 3434 2354 3488 sed
2388 3450 2491 3505 pro
2518 3439 2709 3493 multis
2738 3442 2941 3498 debitis
2993 3432 3430 3524 detinebantur;

1856 3521 2063 3590 quibus
2120 3525 2449 3592 persolutis,
2479 3528 2573 3595 qui
2618 3539 2846 3599 pr0pter
2890 3536 3280 3596 liberationem
3328 3521 3431 3601 de;

1857 3613 2169 3680 scenderat,
2228 3616 2454 3671 reduxit
2517 3636 2768 3687 magnam
2806 3626 3020 3695 copiam
3063 3634 3430 3705 captivorum,

1854 3704 2190 3773 promittens
2232 3707 2410 3777 ipsum
2458 3710 2627 3765 etiam
2683 3715 2981 3784 aliquando
3030 3724 3125 3792 qui
3182 3704 3433 3798 captivos

1854 3796 2113 3862 duxerat,
2171 3800 2449 3869 captivum
2481 3810 2539 3857 et
2595 3821 2816 3862 servum
2868 3811 3193 3870 habiturum
3225 3796 3430 3885 ;7illum

1854 3886 1999 3953 dico,
2025 3888 2119 3958 qui
2148 3891 2312 3959 paulo
2369 3901 2497 3948 ante
2545 3895 2811 3953 dominus
2867 3905 3184 3971 putabatur.
3251 3912 3433 3971 Erunt

1854 3980 2024 4045 enim,
2054 3981 2258 4052 inquit,
2286 3986 2501 4054 captivi,
2533 3989 2624 4057 qui
2654 4007 2741 4043 vos
2773 3997 3005 4063 captivos
3050 4001 3349 4070 duxerunt;
3380 4020 3430 4061 et

1852 4072 2182 4125 dominatum
2209 4075 2474 4141 subibunt,
2513 4079 2603 4147 qui
2629 4082 2764 4135 vobis
2786 4085 3133 4145 dominantur
3159 4095 3220 4149 ¹⁰.

1922 4164 2009 4217 Vl.
2050 4164 2133 4218 Ad
2172 4166 2266 4218 hoc
2299 4164 2537 4221 Christus
2586 4181 2824 4228 mortuus
2870 4188 2945 4231 est
3003 4191 3053 4234 et
3103 4187 3253 4253 vixit,
3289 4199 3346 4242 ut
3366 4179 3431 4245 ‘et

1853 4263 2182 4307 mortuorum
2215 4263 2265 4308 et
2289 4258 2525 4311 vivorum
2548 4259 2804 4317 Dominus
2860 4269 2928 4320 sit
2955 4270 3021 4324 ¹¹.
3065 4272 3171 4328 Sed
3214 4293 3319 4332 non
3349 4292 3427 4335 est

1853 4342 2015 4405 Deus,
2073 4342 2213 4397 Deus
2260 4352 2620 4412 mortuorum,
2670 4352 2761 4404 scd
2802 4357 3089 4413 viventium
3148 4365 3208 4420 ".
3255 4367 3430 4439 Igitur

1852 4434 2297 4503 mortuiquibus,
2334 4437 2429 4504 qui
2459 4436 2617 4503 vixit,
2651 4441 2988 4511 dominatur,
3023 4466 3135 4506 non
3153 4434 3418 4515 suntvam-

1852 4526 1999 4595 plius
2050 4525 2253 4579 mortui
2281 4567 2295 4587 ,
2341 4527 2440 4581 sed
2474 4529 2753 4599 viventes;
2780 4548 2843 4591 et
2874 4537 3080 4597 ideirco
3107 4545 3430 4608 dominatur

1853 4617 1935 4671 eis
1965 4617 2097 4681 vita.
2153 4628 2214 4672 nt
2237 4619 2446 4683 vivant,
2481 4636 2588 4675 non
2625 4627 2863 4696 amplius
2898 4644 3133 4689 mortem
3167 4650 3424 4697 metuen-

1853 4714 1955 4772 tes,
1988 4707 2131 4762 sicut
2152 4709 2390 4767 Christus
2418 4719 2676 4771 excitatus
2715 4737 2746 4772 α
2780 4724 3025 4800 mortuis,
3056 4744 3161 4781 non
3193 4732 3426 4803 amplius

1853 4802 2077 4853 moritur
2103 4802 2178 4855 ":
2218 4803 2298 4857 sic
2321 4807 2572 4862 suscitati
2624 4816 2679 4863 et
2718 4826 2747 4864 a
2794 4819 3151 4885 corruptione
3178 4802 3424 4893 liberati,

1850 4904 1961 4943 non
1983 4891 2220 4959 amplius
2259 4904 2493 4950 mortem
2544 4898 2835 4965 videbunt,
2894 4892 3070 4963 futuri
3120 4891 3427 4985 participes

1848 4981 2270 5039 resurrectionis
2310 4983 2541 5053 Christi,
2598 4990 2742 5046 sicut
2802 4994 2918 5064 ipse
2986 5002 3185 5057 mortis
3224 4981 3423 5064 eorum

1849 5070 2127 5141 particeps
2174 5073 2296 5129 fuit.
2337 5077 2455 5133 Non
2484 5081 2632 5136 enim
2655 5083 2762 5138 alia
2810 5086 2880 5142 de
2919 5098 3092 5146 causa
3128 5094 3424 5155 descendit

1848 5160 1905 5215 in
1932 5170 2159 5228 terram,
2192 5167 2353 5237 cujus
2379 5179 2569 5227 vectes
2598 5172 2915 5233 detinentes
2949 5186 3165 5251 aeterni,
3200 5189 3303 5243 nisi
3360 5202 3421 5247 ut

1847 5268 2011 5306 terens
2047 5263 2230 5322 portas
2282 5271 2575 5316 contereret
2594 5274 2642 5316 et
2693 5275 2858 5322 vectes
2894 5277 3089 5339 ferreos
3118 5279 3420 5353 confringe-

1846 5351 1926 5397 ret
1957 5344 2021 5408 ιδ,
2046 5353 2101 5399 et
2128 5356 2190 5400 ut
2216 5364 2282 5403 ex
2334 5355 2701 5423 corruptione
2741 5359 2911 5415 vitam
2965 5344 3227 5422 nostram-
3259 5344 3348 5427 adv
3363 5389 3422 5429 se

1846 5432 2025 5502 ipsum
2056 5436 2344 5503 educeret,
2376 5458 2479 5510 pro
2507 5446 2776 5501 servitute
2823 5450 3027 5509 donata
3064 5457 3226 5514 nobis
3255 5462 3422 5517 liber-

1849 5531 1979 5575 tate.
2014 5524 2171 5589 Quod
2199 5527 2244 5581 si
2275 5530 2445 5600 hujus
2472 5539 2799 5593 (economiaa
2828 5556 2969 5610 opus
2997 5547 3248 5603 nondum
3285 5567 3416 5621 per-

1849 5611 2052 5667 fectum
2093 5614 2341 5681 videtur,
2385 5619 2567 5677 adhuc
2604 5626 2752 5680 enim
2789 5629 3047 5689 homines
3080 5611 3417 5706 moriuntur,

2200 5812 2384 5907 ibid.
2427 5817 2511 5871 15.
2590 5822 2840 5907 ἰαοιρςξ
2896 5833 3044 5907 {.13.
3123 5837 3177 5907 ’ί
3217 5836 3421 5907 Ephcs.

2227 5885 2270 5915 ³³
2302 5885 2458 5941 Rom.
2498 5895 2640 5955 vnit.
2711 5890 2762 5925 ’³³
2802 5885 2942 5953 1³8³1⁷.
2970 5885 3073 5964 cvi.
3121 5906 3200 5963 16.
