4462 6440
370 467 512 534 1361

1081 473 1336 534 SERMO
1376 476 1425 534 Ι.
1466 501 1534 510 --
1569 477 1645 536 1N
1697 476 2540 542 TRANSFIGURATIONEM
2582 485 2649 544 υ.
2697 484 2766 543 Ν.
2807 484 2864 543 J.
2905 484 2966 542 C.

3509 479 3647 543 1362

367 593 564 636 autem
599 593 798 640 iterum
832 585 1029 642 eodem
1052 604 1283 658 corpore
1312 589 1572 646 Christus
1595 593 1764 663 judcx
1794 595 1953 649 vivo-
1983 603 2030 660 Α
2062 599 2131 652 ad
2178 614 2258 652 me
2295 599 2469 670 ipsum
2525 597 2784 652 adducam
2837 599 2903 651 ".
2939 597 3095 650 Tunc
3121 604 3179 650 et
3221 594 3429 648 inimici
3461 595 3635 667 subji-

367 689 502 728 rum
523 685 581 731 et
604 689 972 746 mortuorum,
999 681 1140 736 sicut
1165 684 1344 754 angeli
1371 683 1951 756 dixcruntdiscipulis,

365 785 505 825 cum
527 770 582 824 in
605 770 702 826 illo
725 772 792 826 ad
813 773 980 828 cmlos
1011 789 1248 830 ascensu
1272 776 1638 844 mirabantur,
1663 790 1720 834 et
1751 781 1808 834 in
1832 795 1961 834 eum

365 863 761 934 aspiciebant:
800 867 930 932 Viri,
953 867 1234 937 inquiunt,
1254 869 1379 939 quid
1402 872 1557 925 statis
1576 873 1888 942 aspicientes
1909 874 1966 926 in

369 954 570 1010 calum
604 959 629 1010 ?
657 959 740 1012 hic
765 958 917 1012 Iesus
948 961 1037 1031 qui
1064 970 1362 1032 assumptus
1398 973 1473 1017 est
1522 982 1555 1018 a
1611 967 1751 1019 vobis
1783 966 1837 1019 in
1865 982 1970 1021 ca:-

371 1043 517 1109 ium,
551 1048 626 1100 sic
655 1049 842 1113 veniet,
878 1051 1323 1118 quemadmodum
1369 1054 1571 1108 vidistis
1623 1071 1743 1110 eum
1785 1073 1969 1111 ascen-

369 1135 594 1189 dentem
627 1138 679 1190 in
725 1137 913 1192 ctelunt
949 1141 1016 1194 ”.

449 1226 547 1281 IX.
598 1227 788 1299 Itaque
818 1230 1020 1285 iterum
1078 1246 1205 1287 cum
1241 1248 1477 1304 corpore
1527 1234 1965 1292 resurrectionis

367 1317 587 1382 aderit,
623 1321 771 1375 sicut
808 1324 989 1392 angeli
1020 1326 1197 1380 sancti
1224 1342 1360 1382 voce
1399 1341 1498 1382 sua
1526 1326 1806 1394 dixerunt,
1837 1343 1964 1384 cum

371 1425 497 1480 quo
517 1425 666 1465 nunc
696 1414 925 1482 proprio
961 1413 1109 1470 Patri
1144 1416 1422 1472 considet.
1451 1417 1566 1473 Hoc
1618 1426 1808 1472 autem
1839 1433 1964 1474 cum

372 1501 448 1556 ad
508 1503 727 1558 Patrem
763 1505 1058 1563 adduxerit
1109 1516 1325 1564 natura:
1375 1518 1580 1564 nostra:
1643 1510 1963 1598 primitias,

372 1593 557 1649 etiam
589 1596 913 1652 universum
949 1598 1006 1653 in
1033 1606 1211 1653 totum
1249 1600 1522 1658 adducet:
1557 1593 1832 1672 siquidem
1862 1601 1969 1657 hoc

374 1687 669 1757 promisit,
697 1703 824 1745 cum
860 1689 1034 1746 dixit:
1086 1690 1220 1748 Cum
1244 1692 1534 1748 'exaltatus
1583 1693 1754 1764 fuero,
1785 1710 1966 1749 omnes

2063 691 2286 746 cientur
2313 691 2419 746 sub
2436 690 2675 760 pedibus
2691 693 2832 761 ejus,
2884 689 3030 745 sicut
3053 689 3105 742 ei
3157 686 3496 757 promissum
3531 698 3643 742 est.

2066 783 2214 838 Dixit
2239 783 2390 839 enim
2424 782 2680 837 Dominus
2723 782 2946 836 Domino
2991 796 3144 835 meo:
3191 777 3324 832 Sede
3374 795 3404 830 a
3451 777 3647 830 dea-tris

2069 878 2220 941 meis,
2248 877 2412 930 donec
2443 893 2638 947 ponam
2682 876 2922 929 inimicos
2971 887 3087 927 tuos
3137 868 3426 926 scabellum
3459 867 3649 938 pedum

2070 978 2282 1024 tuorum
2311 970 2377 1024 ³⁸.
2403 969 2696 1023 Ponuntur
2727 977 2912 1022 autem
2945 967 3149 1037 partim
3198 963 3396 1027 invite,
3446 960 3650 1030 partim

2071 1071 2268 1132 sponte
2302 1078 2317 1128 ;
2349 1061 2673 1116 necessario
2703 1058 2853 1114 cnim
2902 1067 3124 1128 oportet
3164 1072 3358 1111 omnes
3392 1063 3653 1124 peccato-

2073 1167 2164 1208 res
2186 1153 2488 1208 sceleratos
2507 1152 2575 1207 de
2605 1160 2750 1206 terra
2775 1148 2975 1212 deleri,
3009 1157 3070 1201 ut
3116 1163 3226 1201 non
3283 1145 3523 1214 amplius
3559 1159 3655 1197 ex-

2071 1243 2292 1298 sistant.
2326 1244 2487 1298 Tunc
2515 1258 2656 1297 nova
2681 1239 2932 1295 laudatio
2959 1247 3016 1292 et
3058 1245 3362 1306 perpetuus
3412 1234 3653 1305 hymnus

2065 1349 2166 1405 per
2194 1336 2444 1390 omnium
2481 1351 2577 1389 ora
2632 1331 2995 1389 adhibebitur
3027 1328 3179 1383 Patri
3233 1337 3548 1396 temporum
3595 1332 3654 1378 et

2065 1425 2436 1490 saeculorum;
2469 1435 2527 1480 et
2557 1440 2711 1479 omne
2731 1439 2867 1494 genu
2887 1425 3150 1493 ﬂectetur,
3179 1417 3488 1482 caelestium,
3547 1425 3654 1468 ter-

2067 1515 2318 1570 restrium
2340 1525 2386 1569 et
2405 1516 2777 1585 infernorum;
2809 1524 2858 1568 et
2880 1515 3050 1569 onmis
3082 1513 3264 1582 lingua
3291 1509 3649 1579 conﬁtebitur,

2066 1602 2206 1673 quod
2235 1601 2492 1657 Dominus
2513 1603 2665 1659 Iesus
2701 1602 2941 1660 Christus
2981 1603 3038 1656 in
3087 1600 3261 1673 gloria
3282 1609 3356 1654 est
3391 1598 3489 1654 Dei
3542 1595 3650 1652 Pu-u

2068 1696 2163 1750 tris
2181 1697 2248 1750 ’⁵.
2277 1694 2380 1752 Cui
2411 1696 2591 1770 gloria
2619 1697 2676 1752 in
2711 1695 2913 1753 saacula
2945 1694 3298 1750 saeculorum.
3346 1691 3539 1746 Amen.

449 1799 502 1830 ³³
522 1800 650 1857 Act.
682 1815 725 1868 ι,
760 1803 850 1858 11.
921 1805 1141 1862 "Joan.
1174 1823 1273 1874 xu,
1314 1808 1404 1864 52.
1483 1809 1695 1866 "Psal.
1739 1827 1847 1878 crx,
1897 1812 1951 1866 1.
2030 1814 2076 1844 ⁸⁵
2109 1812 2208 1868 ΡΙιί

949 1805 1141 1862 'Joan.
1174 1823 1273 1874 xu,
1314 1808 1404 1864 52.
1483 1809 1695 1866 "Psal.
1739 1827 1847 1878 crx,
1897 1812 1951 1866 1.
2030 1814 2076 1844 ⁸⁵
2109 1812 2352 1883 Philipp.
2394 1829 2457 1879 ιι,
2489 1813 2580 1879 10,
2619 1814 2707 1868 Il.

381 1980 3654 2016 Μ

879 2126 1217 2244 ΤΟΥ
1334 2128 1897 2244 ΑΥΤΟΥ
2036 2129 3160 2246 ΑΝΑΣΤΑΣΙΟΥ

1239 2353 1777 2491 ΛΟΓΟΙ
1906 2355 2802 2488 ΤΕΣΣΑΡΕΣ.

883 2677 1526 2770 EJUSDEM

1137 2887 1974 3018 SERMONES

1652 2677 2139 2770 SANCTI
2259 2682 3022 2774 ANASTASII

2091 2890 2901 3038 QUATUOR.

1551 3083 1844 3156 Interprete
1867 3084 2149 3140 Francisco
2182 3087 2513 3157 Combeﬁsio.

1089 3194 1380 3264 (GALLAND,
1409 3194 1650 3250 Veterum
1681 3195 1910 3251 Patrum
1930 3196 2251 3254 Bibliotheca
2274 3241 2288 3262 ,
2313 3209 2458 3254 ‘tom.
2492 3201 2608 3263 XII,
2651 3218 2774 3273 pag.
2808 3204 2960 3271 258.)

1005 3420 1227 3474 ΛΟΓΟΣ
1266 3421 1346 3474 Δ’.

379 3515 489 3582 Eli;
527 3511 650 3581 τὴν
679 3510 1153 3633 Μεταμόρφωῖιν
1181 3511 1288 3591 τοῇ
1318 3512 1539 3580 Kvplov
1564 3508 1734 3580 ἡμῶν
1769 3511 1974 3582 Ἰησοῦ

1073 3595 1307 3633 οιστυ-υ.

1067 3595 1307 3649 ριστυυ.

2078 3514 2144 3572 In
2196 3429 3016 3590 Τνακώθωναιίοιιὲιῗῃιῗιῗηὲιιί
3069 3523 3237 3578 nostri
3261 3522 3388 3579 Iesu
3442 3523 3660 3582 Christi.

468 3697 530 3751 ὀ
575 3693 962 3766 φιλάνθρωπος
1006 3691 1256 3762 Ἰησοῦς,
1313 3693 1602 3762 ἐπιφανεὶς
1653 3692 1732 3764 τῷ
1778 3693 1973 3764 κόσμῳ
2002 3683 2046 3739 Β
2150 3694 2230 3748 ¹·Ῑ

1899 3711 1973 3763 up
2002 3683 2046 3739 Β
2150 3694 2192 3748 1.
2226 3694 2508 3766 Benignus
2539 3713 2601 3751 ac
2635 3699 2880 3753 clemens
2911 3699 3095 3764 Jcsus,
3120 3699 3332 3754 bonum
3355 3715 3415 3756 se
3454 3702 3661 3756 mundo

380 3789 715 3851 διδάσκαλος
759 3787 998 3855 ἀγαθὸς,
1048 3785 1172 3839 ἐπεὶ
1211 3784 1307 3838 καὶ
1345 3784 1508 3849 Θεὸς,
1564 3780 1689 3838 εἷπε
1717 3787 1831 3850 τοῖς
1863 3803 1971 3857 μα-

382 3879 584 3952 θηταῖς
627 3875 829 3930 αὐτοῦ·
880 3875 955 3929 El
998 3891 1090 3941 τις
1135 3873 1295 3929 θέλει
1344 3875 1540 3928 ὀπίσω
1573 3893 1694 3944 μου
1739 3875 1970 3943 ἐλθεῖν,

381 3967 844 4038 ἀπαρνησάσθω
887 3967 1137 4031 ἑαυτὸν,
1187 3966 1288 4020 καὶ
1324 3964 1524 4035 ἀράτω
1563 3967 1672 4020 τὸν
1702 3967 1974 4036 σταυρὸν

379 4059 615 4124 αὑτοῦ,
672 4059 772 4112 καὶ
820 4057 1226 4112 ἀκολουθείτω
1262 4074 1386 4127 μοι.
1432 4058 1531 4123 Ὃς
1559 4057 1669 4127 γὰρ
1703 4057 1780 4112 ἂν
1808 4058 1973 4112 θέλοι

379 4151 506 4219 τὴν
546 4148 766 4219 ψυχὴν
805 4147 995 4204 αὑτοῦ
1036 4146 1257 4212 σῶσαι,
1293 4147 1590 4203 ἀπολέσει
1618 4148 1847 4215 αὑτήν·
1905 4150 1972 4216 ὃς

381 4243 438 4299 δ’
467 4242 550 4298 ἂν
580 4240 859 4310 ἀπολέσῃ
904 4239 1021 4306 τὴν
1062 4238 1277 4310 ψυχὴν
1321 4241 1511 4295 αὐτοῦ
1559 4240 1772 4296 ἕνεκεν
1801 4241 1970 4312 ἐμοῦ,

382 4333 638 4402 εὑρήσει
663 4330 883 4400 αὐτήν.
935 4334 998 4384 Τι
1027 4333 1138 4400 γὰρ
1165 4331 1471 4401 ὠφελήσει
1499 4331 1832 4402 ἅνθρωπος,
1864 4335 1976 4389 ἐὰν

381 4428 494 4480 τὲν
524 4424 763 4492 κόσμον
789 4421 943 4477 ὅλον
971 4422 1264 4490 κερδήσῃ,
1300 4421 1418 4491 τὴν
1444 4422 1515 4476 δὲ
1543 4423 1759 4494 ψυχὴν
1785 4427 1976 4483 αὑτοῦ

382 4514 650 4588 ζημιωθῇ
674 4531 687 4544 ⁹
723 4514 761 4585 ἣ
797 4516 853 4569 τι
881 4515 1060 4570 δώσει
1090 4516 1409 4584 ἅνθρωπος
1438 4517 1839 4588 ἀντάλλαγμα
1869 4517 1976 4586 τῆς

381 4605 603 4680 ψυχῆς
629 4607 856 4674 aurai};
891 4607 1106 4678 μέλλει
1139 4609 1249 4679 γὰρ
1284 4612 1317 4663 ὀ
1355 4609 1489 4676 Υἱὸς
1519 4610 1628 4665 τοῦ
1653 4609 1975 4679 ἀνθρώπου

383 4701 677 4770 ἔρχεσθαι
706 4700 778 4754 ἐν
801 4699 876 4767 τῇ
900 4700 1050 4768 δόξῃ
1081 4701 1188 4755 τοῦ
1215 4701 1447 4770 Πατρός
1470 4702 1659 4757 αὐτοῦ
1679 4703 1835 4772 μετὰ
1857 4701 1977 4758 τῶν

382 4793 580 4861 ἁγίων
617 4789 890 4862 ἀγγέλων
934 4792 1123 4847 αὑτοῦ
1147 4807 1162 4822 ⁸
1219 4793 1354 4846 τότε
1398 4793 1705 4849 ἀποδώσει
1739 4794 1978 4862 ἑκάστῳ

385 4883 544 4940 κατὰ
566 4882 638 4938 τὰ
661 4883 805 4955 ἔργα
832 4884 1041 4940 αὐτοῦ.

457 4978 535 5034 Et
563 4995 653 5045 τις
678 4979 788 5047 γὰρ
819 4978 1203 5074 θέλειᾼόπίσω
1225 4995 1346 5048 μου
1375 4978 1599 5046 ἐλθεῖν,
1626 4979 1976 5050 ἀπαρνησιὶ-
2004 5009 2052 5074 c

387 5072 515 5125 σθω
549 5069 805 5124 ἑαυτόν·
842 5067 1117 5134 τουτέστι,
1155 5072 1266 5124 πᾶν
1299 5069 1644 5142 ἀνθρώπινον
1675 5071 1934 5144 φρόνημα
1957 5088 1970 5102 ⁸

389 5163 489 5216 καὶ
517 5162 581 5216 οὑ
613 5162 797 5233 μόνον,
827 5163 966 5217 ἀλλὰ
996 5163 1114 5228 καὶ,
1157 5162 1395 5233 Ὁμοίως
1425 5163 1578 5234 ἐμοὶ,
1617 5163 1840 5233 Ἀρὰτω
1870 5164 1980 5219 τὸν

389 5254 664 5323 σταυρὸν
702 5255 924 5321 αὑτοῦ,
973 5255 1068 5310 καὶ
1117 5255 1520 5311 ἀκολουθείτω
1552 5273 1679 5322 μοι.
1725 5255 1896 5308 Τοῦτο
1921 5256 1980 5309 δὲ

390 5345 484 5400 τὸν
519 5344 735 5401 Παῦλον
784 5348 851 5400 ὲκ
893 5348 1002 5400 τῶν
1035 5346 1213 5414 λόγων
1247 5345 1412 5400 αὑτοῦ
1457 5345 1803 5416 πεποιηκότα
1839 5365 1978 5400 κατ-

388 5440 731 5511 ειλήφαμεψ
767 5440 828 5494 οὐ
861 5440 1023 5510 μόνον
1047 5442 1157 5511 γὰρ
1183 5437 1505 5508 ἐσταυρώθη
1537 5437 1615 5509 τῷ
1643 5438 1856 5509 κόσμῳ,
1881 5439 1974 5490 καὶ

391 5532 488 5586 τὸν
515 5531 726 5602 κόσμον
761 5531 944 5603 ἑαυτῷ
970 5531 1326 5601 ἐσταύρωσεν
1351 5548 1363 5561 ·
1415 5529 1550 5583 ἀλλὰ
1580 5530 1675 5582 καὶ
1703 5528 1801 5600 τὴν
1829 5529 1977 5597 ζωὴν

392 5622 571 5692 αὐτὴν
629 5623 998 5694 μετεποίησε,
1063 5621 1266 5694 μηκέτι
1313 5620 1423 5686 ζῶν
1459 5620 1655 5684 αὐτὸς,
1696 5621 1792 5673 καὶ
1830 5619 1976 5680 ἰδίως

396 5711 728 5783 κινούμενος
763 5711 795 5782 ἢ
828 5712 1070 5783 ἐνεργῶν
1094 5730 1109 5746 ο
1165 5711 1279 5766 ἀλλ’
1318 5710 1451 5764 αὐτὸ
1498 5711 1558 5764 τὸ
1596 5708 1695 5781 ζῇν
1739 5709 1977 5780 Χριστὸν

397 5797 550 5872 εἶχεν
595 5803 656 5855 ὲν
707 5803 861 5873 αὐτῷ
905 5803 1253 5875 ἐνεργοῦντα.
1325 5801 1580 5872 Παρῆκεν
1625 5801 1734 5870 γὰρ
1786 5799 1978 5852 ἑαυτὸν

468 5919 518 5953 ’⁸
547 5919 739 5976 Matth.
775 5937 884 5988 im,
915 5920 1106 5977 9.5527.
1185 5922 1226 5952 ³⁷
1256 5919 1431 5975 (ialat.
1463 5935 1534 5986 λι,
1569 5919 1646 5972 Ii.

1729 5917 1771 5947 "‘
1815 5914 2045 5983 Philipp.

2075 3795 2480 3854 praeceptorem
2514 3787 2788 3843 exhibens
2842 3789 3097 3859 (quippe
3134 3789 3230 3858 qui
3271 3789 3419 3850 Deus
3455 3794 3664 3860 pariter

2076 3876 2296 3946 esset),
2327 3875 2406 3930 ait
2437 3876 2728 3947 discipulis
2767 3878 2884 3932 suis
2921 3896 2934 3932 :
2962 3877 3020 3932 Si
3053 3880 3171 3950 quis
3207 3879 3321 3933 vult
3342 3881 3522 3935 venire
3547 3891 3662 3951 post

2075 3981 2187 4029 me,
2220 3966 2441 4035 abneget
2469 3968 2806 4036 senwtipsum
2851 3976 2898 4020 et
2943 3967 3098 4021 tollat
3129 3985 3339 4022 crucem
3387 3986 3565 4035 suam,
3612 3979 3662 4024 et

2073 4064 2331 4127 sequatur
2373 4073 2472 4109 me.
2525 4055 2583 4110 Si
2627 4058 2742 4127 quis
2782 4059 2922 4111 enim
2967 4057 3195 4111 uoluerit
3236 4060 3480 4113 animam
3511 4075 3666 4113 suam

2074 4147 2283 4200 salvam
2311 4147 2509 4217 facere,
2550 4148 2740 4219 perdat
2772 4163 2910 4202 eam.
2939 4145 2999 4202 Si
3021 4149 3136 4219 quis
3161 4158 3340 4202 autem
3372 4147 3664 4218 perdiderit

2076 4240 2316 4293 animam
2356 4254 2512 4292 suam
2542 4249 2759 4309 propter
2791 4254 2895 4302 me,
2921 4239 3148 4293 inveniet
3180 4255 3321 4294 eam.
3353 4237 3492 4303 Quid
3522 4239 3664 4292 enim

2077 4329 2312 4400 proderit
2337 4329 2558 4394 homini,
2582 4329 2630 4383 si
2650 4330 2955 4384 universum
2975 4330 3232 4384 mundum
3258 4331 3519 4395 lucretur,
3544 4332 3663 4386 ani-

2077 4435 2178 4474 ma:
2203 4435 2328 4475 vero
2355 4436 2466 4475 sua:
2493 4421 2867 4475 detrimentum
2890 4421 3167 4492 patiatur?
3187 4421 3295 4476 Aut
3325 4439 3489 4493 quam
3516 4421 3666 4476 dabit

2077 4513 2231 4564 homo
2257 4512 2722 4566 commutationem
2749 4528 2844 4582 pro
2879 4514 3066 4566 anima
3109 4513 3259 4568 sua?
3310 4512 3478 4567 Filius
3521 4514 3663 4566 enim

2077 4605 2304 4657 hominis
2330 4613 2581 4658 venturus
2612 4613 2686 4658 est
2710 4605 2766 4658 in
2794 4603 2969 4676 gloria
2998 4605 3176 4659 Patris
3200 4606 3286 4660 sui
3311 4623 3429 4659 cum
3457 4605 3661 4674 angelis

2077 4699 2185 4751 suis
2210 4714 2227 4750 :
2259 4706 2385 4750 tunc
2404 4696 2584 4750 reddet
2614 4699 2897 4768 unicuique
2921 4698 3215 4752 secundum
3240 4714 3405 4768 opera
3441 4698 3555 4767 ejus
3587 4697 3654 4752 “.

2155 4966 2218 5020 ll.
2253 4965 2310 5020 Si
2356 4967 2473 5036 quis
2519 4962 2632 5018 vult
2682 4965 2859 5018 venire
2903 4972 3018 5034 post
3057 4979 3159 5028 me,
3197 4962 3420 5035 abneget
3475 4971 3661 5017 semet-

2087 5062 2259 5128 ipsum
2294 5099 2307 5122 ,
2349 5057 2455 5112 hoc
2470 5065 2588 5122 est,
2619 5072 2840 5112 omnem
2862 5055 3169 5110 humanum
3193 5069 3416 5110 sensum
3443 5075 3456 5121 ;
3483 5070 3586 5110 nec
3608 5056 3664 5110 id

2086 5159 2325 5212 tantum,
2369 5147 2465 5203 sed
2497 5157 2554 5201 et
2581 5147 2775 5202 eadem
2805 5163 3020 5202 mecum
3061 5147 3300 5212 ratione,
3336 5145 3378 5200 Τ
3378 5146 3512 5200 ollat
3541 5163 3635 5200 cru

2084 5257 2195 5295 cem
2230 5257 2407 5305 suam,
2434 5249 2482 5294 et
2517 5247 2770 5309 sequatur
2810 5255 2913 5291 me.
2943 5238 3059 5292 lloc
3088 5238 3248 5309 plane
3297 5237 3664 5310 intelligimus

2081 5334 2282 5390 fecisse
2308 5334 2539 5388 Paulum
2569 5347 2637 5387 ex
2676 5333 2798 5404 ejus
2833 5331 3076 5401 scriptis.
3123 5331 3339 5386 Nedum
3373 5330 3522 5386 enim
3543 5348 3668 5384 eru-

2083 5426 2272 5494 ci/ixus
2297 5435 2372 5480 est
2392 5427 2587 5480 mundo
2604 5427 2670 5490 ’⁷,
2690 5425 2904 5494 sibique
2931 5423 3048 5493 ipse
3067 5423 3336 5479 mundum
3355 5421 3660 5478 cruciﬁxit:

2082 5519 2178 5576 scd
2205 5528 2262 5573 et
2297 5519 2466 5571 vitam
2501 5519 2684 5586 ipsam
2740 5516 2793 5569 in
2819 5515 2982 5569 aliam
3017 5515 3272 5579 mutavit,
3306 5521 3368 5568 ut
3410 5513 3506 5583 qui
3549 5514 3663 5584 jam

2083 5613 2202 5682 ipse
2237 5626 2347 5666 non
2403 5610 2638 5670 viveret,
2700 5615 2796 5662 aut
2834 5607 2984 5662 velut
3031 5622 3060 5660 a
3118 5621 3177 5661 se
3212 5614 3532 5660 moveretur
3574 5605 3662 5660 vel

2085 5711 2408 5773 operaretur
2435 5741 2448 5766 ,
2474 5701 2570 5756 sed
2602 5701 2780 5771 ipsum
2805 5699 2994 5754 vivere
3020 5699 3068 5730 ”
3119 5696 3402 5752 Christum
3431 5696 3662 5751 haberet

2088 5796 2141 5847 in
2171 5794 2291 5863 ipso
2321 5800 2660 5862 operantem.
2722 5789 2935 5862 Quippe
2985 5805 3042 5844 se
3075 5805 3140 5842 rx
3178 5795 3292 5842 toto
3320 5787 3609 5842 dimiserat
3647 5827 3662 5852 ,

2087 5911 2236 5976 t,:ll.
