4462 6440
877 407 1013 472 1363

1996 416 2054 476 S.
2089 416 2483 477 ANAS’I’ASII
2536 419 3000 480 ANTIOCHENI

4001 410 4130 476 1364

877 543 1145 596 suamque
1203 527 1318 596 ipse
1359 525 1694 579 Voluntatem
1748 526 2109 593 mortilieans,
2164 539 2339 584 totum
2392 547 2448 583 se
2480 533 2639 590 Αὸλο

2392 547 2448 583 se
2480 536 2526 590 Α
2553 533 2858 603 ὁλοσχερῶς
2879 575 2894 596 ,
2935 536 3028 586 καὶ
3065 533 3123 585 τὸ
3158 531 3285 584 ἴδιον
3313 532 3525 602 (θέλημα
3557 528 3861 601 νεκρὼσας,
4001 528 4129 599 ὑείῳ

875 618 1144 673 voluntati
1169 618 1370 672 divina:
1393 618 1769 672 substraverat
1791 637 1801 671 :
1823 627 1987 688 atque
2016 621 2178 685 adeo,
2209 631 2269 674 ut
2311 623 2444 676 mihi

877 711 1086 781 aliquid
1120 710 1472 779 imponendis
1501 710 1821 764 nominibus
1851 709 2119 766 audacius
2148 727 2446 777 assumam,

877 805 1050 874 magis
1073 804 1298 865 Paulus.
1319 804 1576 858 Christus
1593 802 1864 856 dicendus
1891 814 2029 870 erat,
2045 820 2206 873 quam
2231 806 2446 861 vivens.

876 897 1009 966 Ejus
1041 911 1274 965 namque
1295 898 1405 950 vita
1433 897 1686 952 Christus
1711 906 1852 951 erat.
1890 899 1981 953 Sic
2004 909 2125 967 post
2160 899 2338 966 ipsum
2366 899 2448 953 ire

875 1004 939 1042 ac
963 1003 1089 1042 eum
1118 989 1272 1058 sequi
1303 999 1521 1060 oportet
1548 1005 1646 1044 eos
1661 991 1754 1058 qui
1773 991 1894 1060 ejus
1911 1006 2030 1044 esse
2067 991 2280 1044 volunt.
2309 990 2446 1044 Cum

877 1081 1026 1134 enim
1063 1079 1134 1133 sit
1178 1081 1379 1150 duplex
1425 1082 1677 1134 voluntas
1710 1082 1764 1134 in
1808 1080 2090 1150 plerisque
2141 1083 2444 1147 contraria,

875 1170 1060 1225 divina
1092 1172 1304 1225 scilicet
1329 1180 1385 1226 et
1413 1173 1676 1235 humana,
1710 1188 1813 1226 nec
1841 1173 2069 1226 omnino
2093 1173 2212 1228 ﬁeri
2251 1175 2448 1242 possit,

876 1272 940 1317 ut
975 1263 1181 1332 absque
1209 1264 1315 1317 illis
1349 1275 1445 1318 aut
1475 1280 1666 1318 earum
1704 1267 1876 1318 altera
1910 1266 2206 1335 quisquam
2250 1267 2400 1320 vivat
2434 1285 2447 1320 :

876 1358 1041 1425 plane
1079 1355 1158 1421 ﬁt,
1190 1367 1249 1411 ut
1279 1358 1372 1426 qui
1399 1358 1492 1411 uni
1529 1356 1720 1411 afﬁxus
1758 1367 1863 1421 est,
1892 1358 1961 1411 ab
1989 1360 2162 1412 altera
2204 1361 2450 1424 resiliat,

876 1457 934 1502 ct
966 1458 1178 1502 contra.
1211 1449 1314 1512 Qui
1353 1449 1520 1516 igitur
1567 1449 1685 1500 vult
1713 1449 1902 1500 venire
1947 1459 2069 1518 post
2117 1451 2410 1504 Dominum
2435 1493 2450 1516 ,

876 1538 1180 1591 humanum
1196 1553 1414 1590 omnem
1439 1552 1661 1590 sensum
1681 1538 1865 1591 odisse
1886 1538 2080 1602 debet;
2101 1540 2453 1608 prioremque

876 1647 1042 1700 quam
1072 1631 1227 1694 vixit,
1267 1639 1614 1684 commutans
1655 1631 1823 1683 vitam
1852 1671 1866 1694 ,
1924 1640 2224 1699 sequatur;
2277 1631 2355 1685 sic
2395 1647 2453 1684 se

882 1724 1001 1791 ipse
1030 1721 1439 1790 quodammodo
1472 1722 1815 1790 relinquens,
1847 1737 2084 1790 suasque
2117 1737 2311 1776 omnes
2333 1722 2453 1776 ani-

877 1829 980 1866 tua:
1009 1813 1157 1866 vires
1191 1822 1590 1866 transmutans.
1618 1812 1720 1877 Qui
1747 1812 1892 1865 enim
1917 1828 2042 1866 vere
2064 1814 2183 1865 vult
2208 1813 2454 1867 invenire

877 1915 1156 1962 errantem
1203 1907 1345 1960 circa
1403 1909 1584 1960 s:eeuli
1631 1908 1835 1970 inania,
1895 1909 2126 1976 ejusque
2167 1908 2456 1962 insomniis

881 2000 1092 2053 similes
1126 1999 1384 2062 visiones,
1419 1999 1656 2051 animum
1685 2015 1860 2059 suam,
1903 1999 2141 2066 primum
2178 2015 2298 2051 earn
2330 2016 2456 2067 per-

880 2091 973 2143 dat
997 2108 1011 2153 ;
1033 2089 1180 2158 quod
1207 2098 1418 2158 spectat
1439 2089 1506 2141 ad
1542 2089 1784 2158 priorem
1811 2091 1999 2154 vitam;
2020 2099 2247 2158 tumque
2280 2091 2453 2160 ipsam

877 2181 1115 2249 quadam
1171 2181 1385 2234 ratione
1449 2182 1778 2237 inventurus
1815 2190 1922 2234 est.
1971 2181 2224 2245 Quandiu
2270 2194 2454 2235 autem

877 2273 1140 2326 allectum
1190 2272 1355 2325 habet
1388 2273 1454 2325 ad
1492 2274 1680 2325 mundi
1721 2274 2031 2335 materiam,
2060 2273 2253 2340 nequit
2307 2274 2453 2334 lieri,

881 2374 943 2418 ut
983 2380 1136 2417 suam
1164 2365 1216 2417 in
1270 2381 1378 2432 qua
1405 2374 1678 2427 versatur,
1725 2364 2020 2432 diguoscat
2046 2364 2450 2433 perditionem.

879 2457 1046 2511 Planc
1071 2474 1201 2526 ergo
1230 2459 1737 2525 nequeneccssario
1761 2468 1968 2525 qu:et‘et
2021 2459 2296 2528 perditam
2337 2462 2460 2514 ani-

878 2564 1024 2602 mam
1049 2588 1064 2611 ,
1085 2565 1262 2617 neque
1288 2548 1551 2602 inveniet.
1600 2549 2072 2614 Quemadmodum
2091 2553 2238 2606 enim
2257 2552 2456 2621 duplex

877 2650 964 2694 est
986 2641 1118 2703 vita,
1142 2657 1204 2694 ac
1233 2641 1435 2708 duplex
1464 2656 1612 2694 mors
1637 2659 1651 2704 ;
1676 2649 1789 2694 tum
1815 2659 1937 2710 qua:
1950 2643 2062 2697 Deo
2088 2655 2459 2698 consentanee

880 2731 1071 2794 habet,
1103 2740 1217 2784 tum
1249 2748 1372 2800 qua:
1397 2733 1604 2786 mundo
1634 2751 1645 2783 :
1685 2733 1832 2801 quod
1859 2735 2059 2788 Paulus
2087 2745 2278 2804 aperte
2319 2736 2458 2789 dixit

878 2831 1091 2892 peccato
1112 2825 1278 2876 riverc
1315 2834 1362 2874 ct
1383 2824 1610 2892 justitia:
1638 2826 1681 2855 ¹⁹
1703 2843 1716 2886 ;
1736 2825 1815 2877 sic
1835 2825 2040 2893 duplex
2071 2836 2156 2880 est
2182 2827 2305 2880 vita:
2328 2843 2457 2895 pcr-

879 2916 1044 2980 ditio;
1080 2918 1250 2970 altera
1298 2916 1524 2985 quidem
1561 2918 1839 2986 vituperio
1869 2918 2057 2988 digna,
2111 2919 2284 2973 altera
2328 2936 2459 2974 vero

879 3010 1193 3064 laudabilis.
1227 3011 1304 3064 Ac
1362 3012 1507 3064 sicut
1553 3019 1779 3079 peccato
1809 3010 2024 3074 vivens,
2077 3021 2331 3066 mortuus
2376 3023 2459 3066 est

878 3101 1128 3171 iustitiae,
1159 3100 1231 3153 ita
1256 3116 1450 3153 rursus
1479 3102 1574 3168 qui
1611 3101 1842 3169 iustitiae
1887 3102 2047 3166 vivit,
2079 3113 2336 3157 mortuus
2373 3115 2460 3157 est

2554 625 2820 696 Θελήματι
2865 629 2987 678 ελον
3023 627 3215 679 ἑαυτὸν
3250 627 3642 696 ὑπέστρωσε-ν’
3707 624 3846 676 ὥστε
3903 621 4126 691 μᾶλλον,

2553 719 2640 772 ἴνα
2689 719 2968 787 τολμήσας
3012 719 3440 790 ὄνομαοετήσω,
3497 717 3737 790 Χριστὸς
3767 716 3843 768 ὢν
3867 714 4129 783 λέγεσθαι

2553 809 2646 862 τὸν
2689 809 2901 863 Παῦλον
2953 809 3192 878 μᾶλλον,
3251 811 3285 880 ἢ
3343 809 3481 874 ζῶον
3510 824 3526 838 ⁸
3584 813 3618 880 ἡ
3653 809 3761 878 γὰρ
3812 806 3929 876 ζωὴ
3963 805 4129 858 αὑτοῦ

2555 903 2787 972 Χριστὸς
2815 899 2901 972 ἦν.
2934 902 3117 964 Οὕτως
3144 904 3320 956 ὀπίσω
3346 901 3511 957 αὑτοῦ
3537 901 3867 970 πορεύεσθαι
3891 899 3989 952 καὶ
4009 899 4130 951 ἀκο-

2555 993 2763 1046 λουθεῖν
2813 996 2964 1065 αὐτῷ
3007 995 3126 1058 δεῖ,
3186 995 3315 1058 τοὺς
3353 994 3606 1056 θέλοντας
3641 994 3908 1061 ὑπάρχειν
3939 985 4127 1042 αὑτοῦ.

2555 1087 2660 1140 Δύο
2691 1090 2799 1158 γὰρ
2829 1092 3226 1160 ἀντικειμένων
3277 1091 3352 1153 ὡς
3387 1090 3455 1142 τὰ
3485 1088 3657 1141 πολλά
3690 1087 4017 1155 Οελημάτων
4047 1082 4130 1134 ὗν·

2554 1199 2694 1243 των,
2748 1183 2846 1234 τοῦ
2887 1201 2946 1236 τε
2997 1184 3144 1235 Θείου
3175 1185 3268 1234 καὶ
3294 1183 3388 1236 τοῦ
3414 1182 3795 1252 ἀνθρωπίνου·
3855 1178 3950 1230 καὶ
4001 1178 4128 1230 ἀνευ

2556 1274 2782 1336 τούτων,
2815 1272 2847 1340 ἢ
2880 1274 2998 1336 ἐνὸς
3025 1273 3205 1327 αὐτῶν
3235 1275 3309 1343 μὴ
3338 1273 3694 1342 ἐνδεχομένου
3724 1271 3852 1339 ζῇν,
3883 1267 4129 1337 δηλονότι

2555 1369 2582 1419 ὁ
2612 1365 2688 1434 τῷ
2720 1365 2800 1416 ἑνὶ
2831 1365 3224 1434 προσηλωθεὶς,
3252 1365 3482 1434 θατέρου
3507 1367 3609 1417 ἀπε
3621 1364 3854 1431 στάτησε
3879 1377 3891 1388 ⁶
3915 1361 4015 1413 καὶ
4038 1358 4130 1429 ξμ-

2559 1460 2740 1511 παλιν.
2805 1459 2862 1510 Ὀ
2893 1458 3060 1509 θέλων
3087 1453 3180 1510 οὖν
3213 1458 3388 1510 ὀπίσω
3420 1458 3512 1509 τιιῦ
3542 1455 3748 1524 Κυρίου
3779 1452 4130 1521 πορεύεσθαι,

2560 1552 2672 1601 πᾶν
2702 1549 3044 1617 ἀνθρώπινον
3073 1547 3286 1617 θέλημα
3316 1549 3567 1616 μισήσει·
3605 1545 3701 1598 καὶ
3729 1543 3827 1614 τὴν
3854 1541 4133 1611 προτέραν

2557 1642 2614 1693 ἐν
2706 1642 2861 1710 διῆγε
2893 1642 3036 1712 ζωὴν
3069 1641 3306 1712 ἀμείψας
3327 1683 3340 1705 ,
3379 1640 3553 1699 οὕτως
3579 1636 3972 1696 ἀκολουθείτω,
4006 1632 4134 1702 τρό-

2557 1749 2660 1784 πον
2685 1733 2808 1784 τινὰ
2838 1732 3156 1785 καταλιπὼν
3187 1732 3400 1792 ἑαυτὸν,
3439 1730 3532 1782 καὶ
3563 1727 3744 1788 πάσας
3772 1726 3872 1787 τάς
3893 1722 4135 1793 ψυχικὰς

2485 1861 2533 1922 Β
2564 1824 2940 1894 μεταποιήσας
2969 1823 3249 1892 δυνάμεις.
3288 1825 3346 1875 Ὀ
3374 1821 3481 1892 γάρ
3511 1818 3726 1888 ἀληθῶς
3754 1817 3928 1869 θέλων
3951 1816 4134 1885 εὑρεῖν

2561 1916 2657 1984 τὴν
2683 1913 2859 1984 ψυχὴν
2889 1913 3052 1966 αὑτοῦ
3085 1914 3450 1983 πλανωμένην
3493 1915 3619 1981 περὶ
3651 1911 3719 1962 τὰ
3750 1908 3846 1962 τοῦ
3878 1907 3998 1978 βίου
4028 1905 4133 1976 μάο

2559 2025 2688 2059 ταια
2708 2046 2722 2068 ,
2765 2007 2857 2058 καὶ
2890 2005 2990 2067 τάς
3017 2004 3320 2073 ὀνειρὼδεις
3346 2002 3512 2056 αὑτοῦ
3547 2002 3846 2071 φαντασίας
3865 2041 3880 2064 ,
3915 1999 4136 2069 πρῶτον

2558 2097 2802 2166 ἀπολέσῃ
2847 2097 3018 2165 αὐτὴν
3069 2095 3127 2160 ἐξ
3165 2089 3232 2164 ἧς
3280 2093 3526 2162 ὑπῆρχεν
3559 2096 3615 2146 ὲν
3643 2095 3779 2162 αὐτῇ
3811 2092 3958 2161 ζωῆς
3983 2107 4000 2122 ο
4039 2090 4136 2144 καὶ

2559 2190 2786 2257 εὑρήσει
2815 2190 2986 2256 αὐτὴν
3017 2189 3116 2256 τὴν
3147 2188 3319 2257 καλὴν
3355 2186 3594 2254 εὖρεσιν.
3653 2185 3768 2252 Ἐφ’
3799 2185 3923 2236 ὅσον
3948 2184 3994 2236 δ’
4020 2183 4135 2252 ἔχει

2561 2280 2697 2348 πρὸς
2728 2280 2825 2349 τὴν
2853 2279 2986 2346 ὓλην
3015 2277 3112 2330 τοῦ
3142 2279 3350 2345 κόσμου
3383 2276 3782 2347 προσπάοειαν,
3819 2276 3880 2328 οὐ
3911 2275 4138 2328 δύναται

2559 2371 2854 2438 διαγνῶναι
2906 2371 3002 2441 τὴν
3059 2373 3116 2422 ὲν
3237 2373 3386 2422 ἐστιν
3439 2367 3736 2422 ἀπώλειαν.
3795 2367 3871 2420 Οὐ
3910 2366 4138 2437 ζητήσει

2560 2463 2802 2532 δηλονότι
2847 2463 2944 2532 τὴν
2983 2462 3365 2530 ἀπολλυμένην
3395 2461 3575 2529 ψυχὴν
3604 2459 3920 2526 ἀναγκαίως
3941 2498 3958 2523 ,
4015 2458 4137 2510 οὐδὲ

2561 2555 2809 2624 εὑρήσει.
2865 2553 2969 2605 Δύο
3017 2552 3124 2620 γὰρ
3181 2551 3368 2621 ὥσπερ
3404 2550 3544 2602 εἰσὶν
3579 2551 3748 2614 ζωαὶ,
3797 2549 4016 2602 καὶδύο
4041 2549 4138 2601 θά-

2561 2662 2743 2697 νατοι’
2800 2643 2941 2696 κατά
2973 2660 3030 2695 τε
3065 2643 3220 2706 Θεὸν,
3260 2642 3355 2695 καὶ
3390 2641 3532 2693 κατά
3565 2641 3768 2709 κόσμον
3790 2656 3801 2668 ·
3855 2638 3933 2701 ὼς
3978 2636 4139 2690 τοῦτο

2565 2735 2751 2803 σαφῶς
2795 2735 2900 2802 ἔτη
2944 2732 3192 2797 Παῦλος,
3229 2731 3288 2783 τὸ
3332 2731 3585 2799 ἁμαρτίᾳ
3627 2729 3723 2781 καί
3776 2726 4138 2791 δικαιοσύνῃ

2563 2825 2704 2892 ζῇν·
2759 2824 2936 2884 οὓτως
2982 2823 3090 2876 εἰσὶ
3137 2823 3230 2874 δύο
3269 2821 3451 2890 ψυχῆς
3501 2819 3802 2873 ἀπώλειαν
3866 2817 3968 2888 μία
4017 2817 4137 2886 μὲν,

2560 2915 2736 2986 ψεκτὴ
2761 2932 2775 2946 ’
2842 2915 3045 2982 θατέρα
3075 2913 3154 2977 δὲ,
3188 2911 3574 2980 ἐπαινουμένη.
3611 2910 3724 2964 Καὶ
3751 2909 3946 2978 ὥσπερ
3978 2910 4008 2960 ὁ
4034 2907 4138 2971 ζῶν

2562 3009 2627 3077 τῇ
2653 3005 2903 3075 ἁμαρτίᾳ⁸
2937 3008 3003 3074 τῇ
3031 3004 3353 3074 δικαιοσύνῃ
3380 3004 3739 3072 νενέκρωται,
3778 3001 3873 3053 καὶ
3902 3000 4140 3070 ἔμπαλιν

2561 3101 2590 3152 ὁ
2620 3098 2728 3161 ζῶν
2762 3101 2830 3168 τῇ
2856 3097 3176 3166 δικαιοσύνῃ
3211 3098 3276 3164 τῇ
3310 3096 3557 3166 ἁμαρτία
3582 3095 3775 3165 νεκρός
3804 3098 3991 3146 ἐστιν·
4049 3093 4139 3148 οὖ-

880 3200 1125 3261 pcccato.
1164 3190 1244 3243 Ad
1276 3190 1532 3244 eumdem
1555 3190 1802 3255 modum,
1827 3191 1921 3260 qui
1945 3193 2127 3245 carnis
2150 3193 2458 3248 voluntates
2486 3189 2530 3245 C
2573 3211 2642 3246 τω

2380 3203 2458 3248 tes
2486 3189 2530 3245 C
2573 3210 2680 3254 τως
2707 3193 2737 3243 ὁ
2763 3190 3083 3244 ἀκολουθῶν
3109 3193 3220 3250 τοῖς
3246 3190 3342 3257 τῆς
3381 3187 3581 3258 σαρκὸς
3607 3187 3940 3256 θελήμασιν,
3964 3187 4140 3242 ὀπίσω

881 3299 1140 3353 sequens,
1176 3293 1296 3351 post
1320 3299 1542 3337 carnem
1573 3283 1749 3347 vadit,
1780 3284 1886 3338 hoc
1924 3284 2168 3352 perdidit
2195 3286 2342 3354 quod
2375 3295 2459 3338 est

885 3375 1042 3443 sequi
1080 3374 1394 3428 Dominum.
1433 3374 1535 3440 Qui
1562 3384 1746 3428 autem
1768 3390 1994 3428 carnem
2026 3391 2089 3428 ac
2117 3372 2286 3428 vitam
2319 3375 2456 3438 odit,

886 3466 940 3520 id
971 3477 1075 3530 est,
1122 3466 1487 3535 perditionem
1509 3509 1521 3531 ,
1556 3482 1619 3519 ac
1643 3468 1849 3520 virtute
1900 3467 2076 3520 dicit:
2117 3469 2244 3521 l’ost
2287 3468 2456 3520 Deum

882 3571 1067 3609 meum
1099 3555 1314 3614 vadum,
1347 3555 1392 3608 is
1431 3554 1798 3623 perditionem
1822 3556 2202 3618 commutavit,
2239 3572 2339 3624 pro
2376 3555 2458 3608 vi-

885 3647 1177 3715 tuperabili
1199 3646 1431 3713 adeptus
1468 3645 1824 3700 laudabilem.
1853 3646 1988 3699 Nam
2016 3646 2200 3714 perire
2230 3646 2458 3707 mundo,

883 3747 968 3790 est
1001 3737 1234 3790 inveniri
1270 3736 1416 3800 beo;
1448 3736 1809 3805 vicissimque
1836 3735 2043 3788 mundo
2075 3735 2311 3789 inveniri
2334 3751 2459 3805 per-

887 3829 968 3883 ire
1000 3837 1084 3881 est
1119 3828 1248 3882 Deo.
1273 3828 1446 3893 Quam
1476 3844 1610 3881 vero
1643 3827 1778 3880 illud
1829 3827 2060 3882 stultum
2114 3828 2408 3884 consilium
2445 3869 2459 3892 ,

889 3928 949 3974 ut
971 3920 1151 3988 "quis
1169 3920 1492 3974 universum
1510 3919 1776 3972 mumlum
1807 3919 2064 3972 inveniat
2085 3930 2182 3973 aut
2211 3920 2461 3973 lucretur

889 4011 1197 4081 habeatque
1220 4021 1279 4065 ut
1304 4013 1579 4081 propriam
1598 4011 2032 4080 possessionem.
2059 4011 2255 4064 animae
2273 4022 2458 4065 autem

887 4121 1000 4158 sua:
1012 4105 1407 4158 detrimentum
1428 4104 1689 4171 patiatur,
1705 4119 1941 4172 eamque
1956 4105 2184 4172 perdat?
2201 4104 2461 4169 Quzeuam

887 4195 1036 4249 enim
1064 4203 1148 4248 est
1177 4194 1371 4247 animae
1396 4193 1560 4264 digna
1590 4194 1976 4257 commutatio,
1998 4203 2093 4247 aut
2123 4210 2288 4263 quam
2307 4195 2462 4248 dabit

887 4286 1014 4356 quis
1030 4284 1467 4353 redemptionem
1493 4303 1593 4355 pro
1617 4287 1721 4339 ea?
1752 4286 1899 4339 Nihil
1940 4287 1994 4340 in
2017 4286 2185 4339 rebus
2202 4297 2459 4340 constan-

887 4378 1041 4431 tibus
1070 4377 1301 4431 materia
1341 4377 1568 4446 aaqualis
1603 4377 1681 4429 illi
1714 4377 1877 4445 pretii
1911 4386 2016 4429 est.
2051 4376 2175 4430 Sola
2205 4377 2318 4444 ipsa
2355 4391 2459 4445 pro

888 4485 947 4523 sc
971 4469 1089 4523 dari
1122 4478 1306 4538 potest
1331 4487 1344 4532 ;
1379 4469 1626 4536 nihilque
1663 4484 1892 4536 prorsus
1913 4465 2066 4520 aliud
2094 4484 2105 4518 :
2134 4466 2298 4520 Filius
2318 4470 2459 4520 enim

887 4561 1135 4624 hominis,
1170 4559 1447 4627 accipiens
1480 4575 1509 4611 a
1541 4560 1697 4612 Patre
1724 4559 2072 4628 iudiciariam
2105 4567 2458 4627 potestatem,

886 4661 1136 4706 venturus
1161 4660 1258 4715 est,
1277 4660 1333 4704 ut
1366 4652 1552 4704 reddat
1579 4653 2031 4721 unicuiquejuxta
2049 4668 2209 4721 opera
2229 4669 2327 4705 sua
2375 4654 2414 4683 "
2451 4673 2461 4705 :

889 4743 1110 4813 quando
1138 4743 1288 4796 nulla
1328 4758 1448 4806 nos,
1477 4757 1672 4795 eorum
1701 4758 1824 4809 qua:
1849 4758 1952 4795 nos
1971 4742 2336 4797 circumstant
2366 4745 2462 4814 ju-

890 4849 1019 4887 vare
1045 4843 1306 4904 poterunt
1336 4849 1351 4886 :
1386 4833 1481 4887 sed
1517 4833 1650 4886 nudi
1682 4849 1894 4894 omnes.
1944 4849 2008 4888 ac
2046 4834 2246 4890 alienis
2291 4836 2461 4890 desti-

892 4926 992 4980 tuti
1024 4927 1225 4994 (porro
1253 4925 1431 4977 aliena
1471 4934 1600 4978 sunt
1621 4940 1743 4994 qua:
1773 4926 1918 4979 circa
1952 4941 2055 4980 nos
2078 4935 2208 4980 sunt
2239 4928 2464 4998 omnia)

889 5015 1195 5070 astabimus
1229 5024 1354 5068 ante
1404 5013 1595 5082 iudicii
1632 5014 1875 5069 tribunal
1914 5015 1957 5044 ³²
1987 5032 2002 5079 ;
2044 5031 2108 5069 ac
2142 5016 2462 5085 aperientur

891 5107 1016 5161 libri
1045 5106 1249 5175 quibus
1269 5120 1655 5174 eoarguamur,
1679 5122 1742 5158 ac
1767 5106 1970 5174 quibus
1991 5123 2088 5175 per
2102 5123 2166 5160 ea
2189 5123 2310 5176 quae
2332 5119 2463 5162 sunt

892 5197 1241 5251 conscientia:
1275 5198 1539 5267 impressa
1567 5197 1612 5227 ³³
1639 5237 1653 5260 ,
1677 5197 1857 5265 palam
1883 5198 1998 5260 liat,
2030 5214 2193 5266 quem
2222 5200 2459 5269 quisque

889 5287 1078 5356 potius
1113 5288 1268 5358 sequi
1296 5287 1570 5349 maluerit,
1620 5303 1866 5353 carnem,
1888 5304 1955 5341 an
1974 5279 2239 5358 "spiritum
2263 5308 2275 5342 :
2300 5289 2459 5344 Chri-

892 5389 1036 5433 stum
1054 5395 1150 5441 ,an
1173 5378 1436 5432 mundum
1462 5398 1472 5430 :
1497 5394 1663 5448 quam
1692 5377 1888 5433 anima:
1909 5379 2275 5448 perditionem
2309 5381 2462 5435 dele-

895 5471 1038 5538 gerit
1065 5511 1078 5533 ,
1111 5486 1231 5525 cam
1282 5487 1401 5539 qtne
1447 5486 1474 5523 a
1512 5472 1622 5524 Deo
1645 5511 1659 5534 ,
1686 5486 1754 5524 an
1787 5486 1909 5539 qua:
1930 5486 1960 5524 a
1983 5471 2190 5525 mundo
2223 5473 2460 5528 exsistit.

892 5563 1162 5631 'l‘umque,
1194 5562 1324 5615 dum
1374 5562 1638 5616 terribilis
1681 5562 1772 5616 illa
1824 5563 2284 5633 exactissimaquc
2339 5581 2466 5633 per-

897 5651 1123 5713 quisitio
1181 5653 1294 5718 ﬁet,
1350 5653 1394 5709 is
1446 5655 1538 5722 qui
1595 5661 1908 5721 potestatem
1959 5657 2156 5721 accepit
2202 5654 2462 5724 judicium

969 5804 1012 5835 ”
1043 5804 1197 5859 Rem.
1229 5823 1296 5865 ιι.
1325 5808 1377 5859 '3.
1458 5809 1498 5836 ³⁸³
1531 5807 1720 5863 Matth.
1758 5823 1867 5873 avt,
1899 5809 1984 5862 ’26.
2070 5812 2108 5840 τ’
2149 5812 2280 5868 tina.
2317 5813 2402 5866 '27.

2487 5813 2527 5845 "
2570 5813 2609 5867 ll
2641 5813 2764 5868 Cor.
2796 5831 2841 5879 ις
2876 5815 2955 5868 l0.

2565 3283 2768 3353 σαρκὸς
2803 3283 3095 3353 πορεύεται
3119 3320 3134 3343 ,
3188 3283 3281 3334 καὶ
3317 3283 3374 3334 ἐν
3406 3281 3657 3350 ἀπωλείᾳ
3685 3282 3802 3334 ἐστὶ
3833 3281 3938 3349 τῆς
3964 3281 4142 3334 ὀπίσω

2563 3374 2772 3442 Κυρίου
2802 3374 3138 3442 πορεύσεως.
3177 3374 3235 3425 Ὀ
3259 3374 3315 3425 δὲ
3347 3374 3443 3442 τὴν
3472 3375 3650 3443 σάρκα
3679 3374 3945 3443 μισήσας,
3976 3373 4142 3442 ζωὴν,

2564 3464 2730 3533 ῆτουν
2758 3462 3038 3517 ἀπώλειαν
3059 3505 3074 3527 ,
3130 3465 3224 3516 καὶ
3275 3463 3502 3532 δυνάμει
3536 3465 3708 3530 λέγων
3728 3479 3742 3492 ·
3805 3463 4025 3515 Ὀπίσω
4051 3461 4143 3514 τοῦ

2563 3550 2697 3604 Θεοῦ
2734 3569 2838 3621 μου
2873 3551 3216 3620 πορεύσομαι
3244 3567 3255 3578 '
3315 3553 3550 3622 ἧμειψεν
3581 3552 3683 3622 τὴν
3710 3550 3995 3605 ἀπώλειαν
4029 3553 4147 3604 ἀντὶ

2562 3643 2659 3709 τῆς
2686 3642 2894 3713 ψεκτῆς
2912 3683 2926 3707 ,
2984 3644 3270 3696 ἐπαινετὸν
3297 3644 3664 3712 κτησάμενος.
3702 3644 3778 3696 Τὸ
3802 3643 3914 3714 γὰρ
3945 3644 4147 3696 ἀπολέ-

2566 3734 2688 3786 σοαι
2713 3735 2927 3804 κόσμῳ,
2962 3734 3081 3804 Θεῷ
3107 3736 3254 3788 ἐστιν
3280 3735 3604 3805 εὑρεθῆναι·
3639 3736 3732 3789 καὶ
3761 3736 3820 3788 τὸ
3845 3736 4146 3806 εὑρεθῆναι

2565 3826 2774 3895 κόσμῳ,
2807 3825 3110 3878 ἀπολέσθαι
3135 3825 3257 3895 Θεῷ
3284 3829 3419 3880 ἐστι.
3459 3827 3566 3880 Καὶ
3591 3821 3703 3879 οἷόν
3727 3828 3876 3879 ἐστιν
3900 3825 4151 3895 ἀφροσύ-

2564 3934 2661 3987 νης
2695 3917 2859 3986 βουλὴ
2885 3957 2901 3978 ,
2958 3918 3018 3970 τὸ
3051 3919 3236 3986 εὑρεῖν
3267 3918 3384 3970 ὂλον
3416 3918 3505 3970 τὸν
3534 3920 3769 3988 κόσμον,
3809 3919 3842 3987 ἢ
3880 3918 4145 3988 κερδᾶναί

2563 4025 2715 4069 τινα,
2769 4009 2863 4062 καὶ
2911 4007 3055 4077 ἔχειν
3105 4009 3268 4060 αὑτὸν
3312 4008 3442 4061 ἴδιον
3489 4009 3694 4078 κτῆμα,
3749 4010 3851 4078 τὴν
3880 4010 3936 4062 δὲ
3972 4010 4147 4080 ψυχὴν

2565 4097 2731 4151 αὑτοῦ
2767 4097 3116 4168 ζημιωθῆναι
3147 4099 3240 4151 καὶ
3270 4101 3568 4164 ἀπολέσαι;
3601 4100 3664 4152 ΤΞ
3687 4101 3794 4170 γάρ
3824 4102 3945 4152 ἐστι
3968 4102 4147 4170 ψυχῆς

2566 4191 2961 4258 ἀντάλλαγμα;
3016 4192 3047 4259 ἢ
3097 4191 3149 4243 τί
3193 4191 3356 4244 δώσει
3403 4209 3491 4254 τις
3534 4193 3675 4261 ὑπὲρ
3705 4193 3875 4260 αὐτῆς
3908 4193 4143 4263 λύτρον;

2566 4283 2719 4335 οὐδέν
2764 4284 2912 4334 ἐστιν
2959 4284 3132 4350 αὐτῆς
3181 4283 3290 4335 τῶν
3325 4283 3526 4335 ὑλικῶν
3562 4283 3828 4351 ἰσότιμον.
3868 4285 4026 4354 Μόνη
4057 4283 4145 4335 δύο

2568 4390 2724 4427 ναται
2753 4377 2919 4443 ἑαυτῇ
2952 4375 3322 4442 ἀντιόοοῆναι,
3354 4375 3448 4426 καὶ
3474 4375 3628 4427 οὐδὲν
3656 4374 3908 4443 οὐδαμῶς
3928 4375 4142 4446 ἓτερον.

2568 4464 2790 4518 Μέλλει
2822 4466 2933 4533 γὰρ
2959 4468 2990 4518 ό
3012 4465 3163 4530 Υἱὸς,
3189 4464 3484 4534 λαμϐάνων
3509 4467 3608 4534 τὴν
3634 4465 3888 4531 ἐξουσίαν
3909 4469 4014 4534 τῆς
4034 4466 4144 4536 κρί-

2571 4574 2709 4618 σεως
2763 4556 2913 4624 παρά
2963 4557 3058 4610 τοῦ
3103 4558 3344 4627 Πατρὸς,
3393 4559 3693 4627 ἔρχεσθαι,
3727 4559 3969 4624 ἑκάστῳ
3998 4561 4147 4612 κατὰ

2570 4647 2641 4700 τὰ
2682 4648 2827 4717 ἔργα
2869 4649 3056 4702 αὐτοῦ
3101 4648 3433 4702 ἀποδοῦναι
3459 4664 3472 4677 ·
3529 4650 3618 4702 ὅτε
3674 4649 3843 4718 μηδὲν
3876 4649 3991 4702 τῶν
4021 4651 4151 4720 περὶ

2568 4740 2715 4809 ἡμᾶς
2761 4739 3044 4808 ὠφελῆσαι
3087 4741 3237 4809 ἡμᾶς
3287 4739 3540 4793 δύναται·
3598 4739 3796 4808 γυμνοὶ
3841 4738 3899 4792 δὲ
3949 4741 4151 4802 πάντες

2570 4829 2664 4882 καὶ
2695 4829 2892 4900 ἔρημοι
2919 4829 3025 4883 τῶν
3051 4830 3347 4901 ἀλλοτρίων
3374 4831 3650 4900 (ἀλλότρια
3672 4831 3730 4883 δὲ
3751 4830 3821 4884 τὰ
3844 4835 3977 4902 περὶ
4001 4832 4150 4901 ἡμᾶς

2571 4921 2775 4990 πάντα)
2825 4923 3217 4993 παριστάμεθα
3249 4921 3329 4992 τῷ
3375 4923 3472 4992 τῆς
3503 4922 3739 4992 κρίσεως
3770 4920 4012 4992 βήματι·
4055 4925 4150 4975 καὶ

2574 5013 2747 5084 βίϐλοι
2801 5014 3111 5082 ἀνοίγονται
3168 5014 3308 5083 πρὸς
3353 5013 3576 5083 ἔλεγχον
3621 5013 3811 5084 ἡμῶν,
3861 5013 4146 5085 δηλοῦσαι,

2571 5108 2659 5161 διὰ
2707 5108 2815 5161 τῶν
2851 5111 2919 5177 τῇ
2959 5107 3262 5178 συνειδήσει
3301 5106 3746 5175 τετυπωμὲνων,
3801 5106 3909 5160 τίνι
3948 5108 4150 5176 μᾶλλον

2571 5202 2802 5264 ἕκαστος
2851 5200 3222 5271 ἠκολούθησε,
3278 5199 3446 5270 σαρκὶ
3491 5200 3524 5271 ἢ
3575 5198 3878 5268 πνεύματι,
3925 5197 4152 5270 Χριστῷ

2573 5293 2605 5362 ῆ
2635 5292 2853 5363 κόσμῳο
2908 5291 3067 5345 ποίαν
3097 5292 3342 5362 ᾑρήσατο
3369 5290 3546 5361 ψυχῆς
3571 5288 3875 5354 ἀπώλειαν,
3907 5290 4010 5358 τὴν
4041 5290 4150 5342 ἀπὸ

2572 5383 2708 5436 Θεοῦ
2764 5385 2797 5453 ἧ
2848 5385 2949 5455 τὴν
2981 5384 3090 5436 ἀπὸ
3119 5384 3346 5451 κόσμου.
3404 5384 3514 5436 Καὶ
3543 5381 3748 5452 ταύτης
3777 5381 3878 5451 τῆς
3909 5381 4152 5450 φοϐερᾶς

2574 5474 2667 5527 καὶ
2719 5475 3124 5545 ἀκριϐεστάτης
3172 5473 3463 5544 γινομένης
3491 5472 3800 5543 ζητήσεως,
3850 5476 3880 5527 ὀ
3913 5473 4025 5540 τὴν
4052 5476 4152 5538 ἐξ·

2572 5567 2797 5620 ουσίαν
2821 5564 3026 5619 λαϐὼν
3050 5565 3165 5633 τὴν
3189 5566 3391 5632 κρίσιν
3413 5564 3628 5629 ποιεῖν,
3651 5565 3740 5618 ὅτι
3771 5565 3906 5630 Υἱὸς
3927 5565 4152 5633 ἀνθρώο

2574 5673 2692 5710 που
2742 5657 2950 5724 ἐστὶν,
3011 5657 3338 5712 ἀποδίδωσιν
3384 5659 3608 5729 ἑκάστῳ
3659 5659 3819 5723 ἀξίαν
3864 5659 4152 5730 διανομήν.

3038 5815 3076 5839 “
3108 5815 3239 5870 Dan.
3271 5831 3362 5875 vn,
3404 5816 3481 5873 l0.
