4462 6440
182 430 327 495 1365

861 436 1125 496 SERMO
1158 437 1208 496 Ι.
1246 461 1312 472 -·
1348 437 1430 496 ΙΝ
1484 437 2324 502 TRANSFIGURATIONEM
2366 445 2432 504 D.
2474 446 2544 505 N.
2599 447 2654 507 J.
2697 448 2757 507 C.

3304 450 3441 515 1366

182 542 461 611 Ἔρχεται
494 545 605 614 τὰρ
633 545 703 597 ἐν
728 543 802 614 τῇ
830 547 980 616 δόξῃ
1012 548 1118 601 τοῦ
1147 548 1377 616 Πατρός
1404 548 1594 604 αὑτοῦ
1620 549 1769 617 μετὰ
1797 554 1844 609 Α
1874 552 1944 617 [ιιι

1678 549 1769 601 sta
1797 554 1844 609 Α
1874 552 2070 617 facere,
2094 571 2153 606 eo
2182 555 2322 624 qiwd
2352 553 2518 611 Filius
2539 556 2763 610 hominis
2792 558 2857 610 sit
2891 557 2957 620 3",
2990 538 3208 626 dignam
3239 560 3440 629 cuique

176 632 308 685 τῶν
357 633 544 699 ἁγίων
587 634 859 703 ἀγγέλων
886 675 901 700 ,
983 636 1094 690 τῶν
1149 637 1542 706 λειτουργικῶν
1597 638 1761 691 αὐτοῦ

176 725 549 794 πνευμάτωνο
581 727 769 781 οὐκέτι
800 727 877 798 μὴ
902 727 1041 797 ἔχων
1069 724 1281 799 εἷδος,ἢ
1310 729 1524 792 κάλλος,
1562 730 1640 794 ὼς
1669 729 1764 781 νῦν

176 817 439 887 ἐπεφάνη
493 816 573 889 τῷ
612 819 842 889 κόσμῳ,
902 819 1020 871 ἀλλ’
1081 820 1298 888 ὡραῖος
1343 820 1558 874 κάλλει
1604 821 1764 889 παρὰ

176 908 330 973 τοὺς
361 911 528 976 υἱοὺς
562 910 682 964 τῶν
711 909 1042 979 ἀνθρώπων
1062 954 1079 978 ,
1136 911 1197 964 τὸ
1234 911 1366 965 ίδιον
1401 912 1562 983 σῶμα
1594 929 1765 984 μετα-

181 1000 428 1068 ποιήσας
474 1002 553 1064 είς
597 1001 951 1071 ἀφθαρσίανο
1009 1004 1105 1056 καὶ
1153 1003 1215 1056 τὸ
1248 1006 1388 1073 μετά
1414 1005 1765 1067 ἀναστάσεως

178 1093 679 1162 μεταστοιχειωθὲν
701 1094 794 1148 ἐπὶ
818 1094 880 1147 τὸ
903 1095 1276 1165 πνευματικὸν
1309 1094 1406 1148 καὶ
1441 1096 1766 1166 ἐπουράνιον

174 1185 542 1250 ὐποδεικνύς·
575 1187 604 1240 ὃ
632 1188 730 1242 καὶ
754 1190 919 1259 ἡμεῖς
947 1189 1246 1259 assuetam
1272 1189 1376 1258 τῆς
1403 1190 1559 1260 ἡμῶν
1585 1189 1766 1244 αὐτῶν

178 1279 734 1348 μεταστοιχειὼσεως
764 1282 858 1333 καὶ
888 1282 1423 1351 μετασχηματισμοῦ
1450 1282 1559 1335 τῶν
1582 1282 1767 1352 σωμά-

174 1385 294 1421 των
325 1366 543 1438 ἔχομεν.
600 1372 711 1424 Καὶ
747 1371 835 1423 ἵνα
869 1371 931 1423 τὸ
957 1371 1166 1441 ἀφανὲς
1190 1372 1291 1441 τῆς
1318 1373 1534 1435 ἐλπίδος
1559 1373 1768 1439 ταύτης

175 1458 406 1528 ἔχωμεν
438 1460 497 1513 ἑν
526 1460 763 1533 βεϐαίῳ,
813 1462 1066 1532 βούλεται
1098 1466 1192 1518 καὶ
1221 1464 1319 1518 νῦν
1345 1465 1623 1531 ὑποδεῖξαι
1653 1468 1767 1528 τοῖς

173 1551 468 1623 ὲγκρίτοις
495 1554 603 1607 τῶν
635 1554 920 1625 μαθητῶν,
941 1557 1041 1628 τὴν
1070 1558 1191 1609 τότε
1216 1557 1513 1627 γινομένην
1540 1557 1767 1610 ἀλλοίω-

175 1658 293 1696 σιν.
333 1643 434 1695 Ἐν
478 1644 680 1713 ἀτόμῳ
704 1684 720 1708 ,
746 1644 913 1713 φησὶν
943 1646 972 1698 ό
994 1645 1229 1708 Παῦλος,
1265 1645 1360 1698 καὶ
1389 1646 1461 1698 ἐν
1477 1646 1632 1713 ῥιπῇ
1662 1648 1769 1715 0'5:-

175 1732 442 1801 OaJpoﬁ.
478 1734 569 1786 Διό
598 1751 787 1805 φησιν’
834 1736 1025 1805 Ἀμὴν
1052 1737 1211 1805 λέγω
1235 1736 1407 1806 ὑμῖν·
1443 1738 1582 1791 ΕΙσί
1607 1754 1767 1803 τινες

173 1821 306 1875 τῶν
350 1817 469 1878 ὧδε
512 1825 790 1879 ἑστώτων
824 1866 840 1889 ,
894 1828 1116 1892 οἵτινες
1166 1829 1238 1881 οὺ
1305 1826 1392 1896 μὴ
1435 1829 1765 1896 γεύσωνται

1871 642 2322 701 distributionem
2348 647 2561 701 reddet.
2590 647 2684 706 Est
2722 652 2859 702 enim
2898 660 3153 703 venturus
3188 652 3242 702 in
3268 651 3440 719 gloria

1869 734 2049 789 Putris
2070 739 2152 791 sui
2169 755 2287 791 cum
2307 740 2505 793 sanctis
2532 740 2807 810 angelis”
2827 740 3312 795 administratoriis
3337 740 3445 795 illis

1867 826 2158 895 Spiritibus
2228 830 2271 863 ³⁸
2328 849 2340 884 :
2404 848 2513 886 non
2550 834 2661 903 jam
2754 832 2964 886 habens
3038 834 3278 902 speciem
3348 842 3441 887 aut

1868 916 2125 972 decorem
2166 920 2211 953 ³⁸
2247 920 2325 974 uti
2363 922 2527 975 Illuth
2572 940 2635 977 ac
2666 923 2842 992 priori
2900 923 3143 977 adventu
3188 924 3444 993 apparuit

1870 1009 2077 1061 nulndo
2109 1028 2120 1062 :
2170 1011 2265 1063 sed
2319 1012 2582 1079 formosus
2629 1014 3021 1082 pulchritudine
3052 1029 3163 1084 pra:
3196 1014 3323 1081 ﬁliis
3354 1017 3444 1068 ho-

1871 1100 2075 1152 minum
2105 1100 2147 1131 ³⁷
2177 1118 2191 1166 ;
2248 1116 2408 1155 suum
2470 1103 2587 1172 ipse
2621 1119 2825 1174 corpus
2860 1105 2915 1159 in
2970 1106 3443 1175 incorruptionem

1871 1197 2282 1259 transmutans;
2318 1209 2382 1249 ac
2410 1211 2535 1249 cum
2561 1200 2973 1253 resurrectione
3019 1207 3444 1254 transmutatum

1870 1280 2006 1336 illud
2041 1283 2099 1338 in
2129 1286 2380 1355 spiritale
2419 1303 2484 1343 ac
2540 1288 2768 1343 cmlestc
2802 1289 3104 1344 ostendens
3143 1309 3157 1344 :
3212 1292 3357 1359 quod
3387 1300 3447 1345 et

1871 1373 1976 1442 ipsi
2008 1376 2211 1432 futura:
2243 1387 2447 1434 nostra:
2480 1381 2959 1435 transmutationis
2987 1397 3050 1435 ac
3095 1382 3448 1453 transﬁgura-

1871 1466 2038 1523 tionis
2056 1482 2351 1539 corporum
2372 1471 2639 1527 habemus
2662 1474 2883 1545 pignus.
2903 1474 3081 1543 Atque
3109 1484 3172 1528 ut
3192 1476 3313 1545 ejus
3331 1475 3446 1544 spei

1869 1557 2161 1614 obscuram
2192 1563 2613 1630 promissionem
2639 1572 2859 1618 certam
2909 1564 3216 1618 habeamus
3236 1609 3249 1628 ,
3300 1581 3448 1618 nunc

1869 1666 2088 1720 quoque
2112 1653 2407 1722 praecipuis
2436 1656 2580 1709 inter
2611 1654 2915 1724 discipulos
2941 1655 3183 1709 futuram
3220 1656 3272 1709 id
3307 1664 3447 1710 tem-

1870 1744 2022 1812 poris
2061 1746 2421 1800 mutationem
2466 1747 2767 1802 ostendere
2823 1750 2878 1801 in
2928 1748 3173 1803 animum
3212 1749 3443 1804 inducit.

1871 1836 1935 1889 In
1960 1845 2244 1900 momento,
2275 1836 2457 1906 inquit
2476 1838 2699 1904 Paulus,
2727 1838 2779 1892 in
2814 1840 2921 1891 ictu
2956 1840 3095 1892 oculi
3133 1840 3198 1893 “.
3235 1840 3447 1894 Idcirco

173 1917 449 1971 θανάτου
470 1958 486 1980 ,
535 1918 646 1983 ἓως
685 1919 763 1972 ἂν
799 1918 973 1973 Ζδωσι
1002 1918 1113 1972 τὸν
1146 1920 1282 1974 Υίὸν
1312 1920 1417 1974 τοῦ
1446 1921 1760 1988 ἀνθρώπου
1797 1895 1839 1950 Β
1874 1925 1935 1978 ai}

1680 1939 1760 1973 του
1797 1895 1839 1950 Β
1874 1925 1952 1978 ait
1982 1941 1996 1977 :
2028 1924 2195 1979 Amen
2224 1895 2523 1989 dico-vobis,
2555 1936 2677 1981 sunt
2701 1929 2919 1998 quidam
2951 1928 3013 1980 de
3044 1930 3125 1981 hic
3162 1930 3442 1991 stantibus,

172 2009 518 2078 ἐρχόμενον
562 2011 633 2062 ἐν
677 2008 754 2078 τῇ
791 2011 1084 2079 ,βασιλείᾳ
1119 2013 1329 2068 αὐτοῦ.
1368 2014 1490 2076 Πῶς
1517 2014 1574 2066 δὲ
1605 2013 1763 2067 τοῦτο

174 2100 480 2169 γεγένηται
540 2103 802 2174 εἰσόμεθα
836 2106 899 2156 ἐκ
926 2103 1036 2155 τῶν
1065 2102 1211 2175 ἑξῆς.

243 2286 366 2340 Καὶ
415 2287 655 2356 ἐγένετο
700 2292 831 2358 μεθ’
870 2290 1095 2361 ἡμέρας
1144 2290 1214 2354 ἐξ
1238 2329 1254 2353 ,
1313 2291 1760 2360 «aputu/(6121's:

170 2381 207 2431 ὀ
237 2379 489 2445 Ἰησοῦς
519 2381 628 2432 τὸν
654 2382 900 2449 Πέτρον,
933 2383 1034 2437 καὶ
1065 2382 1173 2435 τὸν
1208 2383 1499 2446 Ἰάκωϐον,
1533 2385 1629 2437 καὶ
1656 2384 1763 2437 τὸν

186 2469 488 2537 Ἰωάννην
510 2472 618 2524 τὸν
640 2472 914 2541 ἀδελφὺν
936 2473 1152 2528 αὐτοῦ’
1186 2476 1281 2529 καὶ
1309 2474 1516 2545 ἀνάγει
1539 2475 1765 2541 αὐτοὺς

170 2564 268 2626 εις
308 2562 451 2628 ὄρος
486 2564 738 2630 ὑψηλὸν
768 2565 1082 2631 κατιδιάν,
1136 2565 1237 2620 καί
1281 2566 1764 2635 μεταμορφωθεὶς

171 2654 206 2706 ὁ
246 2654 486 2720 Ἰησοῦς
532 2655 878 2722 ἔμπροσθεν
916 2656 1134 2710 αὐτῶν.
1172 2658 1450 2724 "Elaﬁus
1478 2656 1546 2709 τὸ
1572 2658 1763 2725 πρόσ-

171 2759 349 2798 ωπον
383 2745 573 2798 αὑτοῦ
604 2746 687 2811 ὠς
720 2746 912 2813 ἥλιος.
976 2748 1052 2800 Τὰ
1084 2746 1155 2799 δὲ
1185 2745 1383 2815 ἱμάτια
1412 2747 1601 2801 αὐτοῦ
1635 2746 1763 2816 ἐγέ-

169 2852 365 2889 νοντο
391 2836 583 2890 λευκὰ
612 2837 691 2900 ὡς
720 2836 885 2906 χιών.
920 2838 1033 2891 Καὶ
1066 2836 1196 2891 ιδοὺ
1230 2837 1526 2906 ὧφθήσιιν
1553 2838 1761 2903 αὐτοῖς

170 2929 451 2997 Μωῦσῆς
496 2929 597 2982 καί
643 2930 854 2993 ’Πλίας
899 2930 1369 2997 συλλαλοῦντες
1399 2929 1584 2995 αὐτῷ.
1624 2928 1762 2983 Τού-

170 3036 289 3073 των
321 3019 389 3072 οὐ
414 3019 587 3089 ψιλῶς
612 3020 910 3074 ἀκουστέον
932 3037 946 3053 ο
1002 3021 1124 3074 οὐδὲ
1162 3026 1328 3093 μέχρι
1356 3022 1467 3075 τῶν
1498 3021 1763 3093 ρημάτων

172 3111 473 3182 νομιστέον
518 3107 661 3166 εἶναι
691 3112 793 3183 τὴν
822 3114 1089 3184 ἱστορίαν,
1126 3114 1280 3184 αὐτῷ
1315 3113 1462 3185 μόνῳ
1515 3116 1541 3153 ⁸
1569 3113 1761 3183 δηλοῦο

175 3221 283 3256 σαν
338 3201 405 3255 τὸ
452 3202 786 3273 δηλούμενον
841 3205 929 3259 διὰ
976 3206 1086 3259 τῶν
1134 3204 1374 3270 λέξεωνο
1447 3206 1586 3259 ἀλλά
1640 3224 1761 3260 τινα
1791 3240 1836 3300 c

176 3294 586 3363 μυσταγωγίαν
612 3294 986 3365 διῃρημένην,
1022 3296 1116 3349 καὶ
1145 3296 1255 3350 τῶν
1289 3295 1597 3365 μελλόντων
1626 3297 1761 3367 ἡμῖν

174 3384 429 3453 ὑπάρξαι
462 3385 600 3453 μετά
626 3385 775 3437 τόνδε
800 3385 917 3455 βίον
940 3385 1052 3439 τῶν
1073 3385 1295 3455 ἀγαθῶν
1316 3384 1416 3456 τὴν
1437 3385 1758 3439 ἀπόλαυσιν·

177 3478 392 3547 μᾶλλον
435 3477 494 3531 δὲ
536 3480 649 3541 τοῖς
696 3479 909 3545 ἁγίοις,
960 3478 1055 3531 καὶ
1100 3478 1199 3548 οὐχ
1235 3480 1389 3548 ἡμῖν.
1421 3477 1586 3530 Ὅθεν
1623 3478 1763 3548 μετά

174 3569 236 3633 ἓξ
267 3568 492 3639 ἡμέρας
524 3569 624 3639 τῆς
656 3569 1010 3639 ὑποσχέσεως
1041 3570 1140 3641 τὴν
1171 3570 1508 3638 ἐπαγγελίαν
1538 3571 1760 3641 πληροῖ,

173 3660 278 3731 τὴν
309 3658 452 3729 πρὸς
480 3662 607 3723 τοὺς
638 3659 886 3731 μαθητὰς
915 3660 1235 3730 εἰρημένην,
1291 3661 1354 3713 Ἦ
1384 3662 1428 3714 δ’
1458 3662 1763 3730 ὑπόσχεσις

114 3758 120 3765 ‘
173 3747 245 3821 ἢν
265 3791 281 3814 ,
316 3753 404 3804 ὅτι
440 3751 609 3817 Τινὲς
636 3754 757 3805 είσι
784 3751 908 3804 τῶν
936 3745 1054 3805 ὧδε
1082 3752 1391 3817 ἑστώτων,
1429 3754 1652 3818 οἵτινες
1686 3756 1759 3807 οὺ

170 3842 261 3912 μὴ
303 3842 644 3910 γεύσωνται
693 3842 989 3909 θανάτου,
1048 3845 1160 3910 ἕως
1194 3844 1271 3898 ἂν
1306 3847 1478 3898 ῖδωσι
1510 3846 1627 3913 τὴν
1647 3847 1761 3910 ,βα-

174 3932 427 3986 σιλείαν
476 3933 584 3986 τοῦ
630 3934 815 4000 Θεοῦ,
871 3935 937 4005 ῆν
984 3936 1067 3988 δεῖ
1117 3937 1256 4007 μετά
1302 3937 1404 4008 τὴν
1447 3939 1762 3991 συντέλειαν

172 4026 274 4078 τοῦ
346 4026 656 4096 παχυτέρου
714 4027 920 4096 κόσμου
981 4029 1389 4098 φανερωθῆναι.
1467 4032 1558 4083 Διὸ
1625 4032 1763 4100 μετά

174 4114 236 4181 ἒξ
269 4115 492 4184 ἡμέρας
517 4156 531 4178 ,
592 4116 901 4186 παρέλαϐεν
949 4118 1197 4183 ἐκείνους
1217 4161 1232 4185 ,
1288 4120 1382 4183 οὓς
1413 4120 1521 4175 ἔδει
1555 4123 1759 4191 γνῶναι

172 4204 244 4255 τὰ
279 4204 536 4273 θειότερα
583 4204 685 4272 τῆς
720 4204 995 4274 βασιλείας
1031 4209 1314 4279 μυστήρια
1358 4211 1489 4279 πρὶν
1525 4210 1761 4265 Θανάτου

173 4295 507 4363 γεύσασθαι.
540 4297 695 4349 Μετά
719 4297 775 4349 δὲ
802 4299 900 4362 τὰς
923 4298 1003 4363 ἒξ,
1031 4301 1064 4370 ἠ
1092 4300 1296 4372 ἑϐδόμη
1326 4303 1495 4371 ἐστὶν,
1528 4306 1561 4375 ἡ
1590 4307 1761 4359 κατά-

174 4402 386 4448 παυσις
418 4388 452 4456 i)
484 4388 639 4453 ἀγία,
675 4382 791 4463 ὲνῇ
824 4389 925 4442 οὐκ
952 4389 1101 4442 ἔστιν
1129 4392 1489 4461 ἐργάσασθαι.
1532 4396 1756 4470 Ἐπειδὴ

172 4477 237 4530 ιν
290 4477 354 4543 ἒξ
394 4478 633 4549 ἡμέραις
684 4481 944 4550 εποίησεν
999 4484 1028 4536 ό
1070 4482 1206 4546 Θεὸς
1262 4484 1353 4537 τὸν
1393 4486 1624 4557 οὐρανὸν
1662 4489 1759 4543 καὶ

1871 2018 1961 2083 qui
1990 2032 2095 2069 non
2149 2017 2436 2087 gustabunt
2479 2027 2722 2085 mortem,
2773 2020 2939 2072 donec
2988 2020 3202 2073 videant
3251 2019 3446 2073 Filium

1869 2108 2094 2160 hominis
2124 2109 2413 2161 venientem
2445 2110 2500 2162 in
2533 2125 2691 2178 regno
2722 2125 2816 2162 sun
2852 2110 2918 2162 ³⁵,
2976 2109 3081 2174 Qui
3122 2118 3307 2166 autem
3342 2109 3448 2163 hoc

1869 2209 2082 2267 gestum
2115 2201 2208 2261 sit,
2243 2199 2620 2268 intelligemus
2653 2216 2719 2252 ex
2751 2202 3136 2269 sequentibus.

1943 2292 2033 2345 ΙΙΙ.
2072 2291 2141 2344 Ει
2170 2292 2368 2360 factum
2390 2300 2466 2344 est
2486 2300 2600 2362 post
2624 2294 2734 2346 dies
2758 2310 2850 2347 sex
2876 2310 2894 2347 :
2918 2296 3139 2348 assumit
3165 2294 3319 2349 Iesus
3348 2294 3451 2349 Pe-

1871 2388 2033 2444 trum,
2085 2386 2133 2431 et
2183 2379 2439 2433 Iacobum
2472 2420 2488 2445 ,
2537 2390 2584 2433 et
2604 2380 2868 2434 Joannem
2909 2383 3132 2451 fratrem
3181 2384 3296 2451 ejus
3332 2423 3348 2447 ,
3397 2394 3451 2438 et

1870 2472 2014 2524 ducit
2040 2470 2160 2524 illos
2190 2473 2243 2524 in
2268 2479 2498 2524 montem
2531 2471 2793 2524 excelsum
2824 2489 3084 2536 seorsum,
3127 2483 3176 2527 et
3224 2472 3446 2542 transﬁ-

1869 2574 2090 2635 guratus
2113 2573 2189 2616 est
2228 2570 2353 2616 ante
2385 2580 2490 2616 eos.
2522 2563 2588 2616 Et
2625 2564 2949 2633 resplenduit
2979 2563 3138 2633 facies
3160 2567 3275 2635 ejus
3313 2568 3447 2619 sicut

1868 2656 1949 2709 sol
1976 2672 1994 2709 :
2033 2657 2344 2709 vestimenta
2366 2656 2483 2724 ejus
2519 2655 2662 2723 facta
2694 2663 2817 2707 sunt
2863 2654 2987 2708 alba
3034 2658 3170 2708 sicut
3211 2656 3324 2710 nix.
3377 2656 3447 2711 Et

1869 2765 1983 2802 ecce
2006 2754 2373 2817 apparuerunt
2402 2748 2476 2799 eis
2503 2746 2706 2816 Moyses
2750 2754 2799 2797 et
2831 2745 2983 2799 Elias
3021 2746 3289 2818 loquentes
3329 2765 3448 2803 cum

1870 2856 1929 2892 eo
1959 2840 2027 2891 “.
2078 2839 2201 2893 Non
2251 2846 2383 2892 sunt
2422 2837 2540 2891 hinc
2588 2853 2711 2906 quae
2740 2838 2919 2892 levius
2947 2839 3132 2893 audiri
3164 2840 3446 2906 debeant,

1870 2943 1974 2982 nec
2000 2927 2308 2997 putandum
2339 2926 2480 2980 nihil
2503 2927 2646 2980 ultra
2682 2942 2849 2995 quam
2866 2927 3016 2995 quod
3044 2928 3215 2982 verba
3243 2929 3445 2999 praste-

1870 3028 2002 3075 runt
2022 3020 2228 3075 habere
2242 3019 2555 3082 historiam,
2578 3019 2632 3073 id
2650 3027 2863 3074 tantum
2883 3020 3283 3091 signiﬁcantem
3298 3022 3446 3091 quod

1868 3128 1968 3182 per
1995 3127 2163 3167 voces
2182 3112 2506 3182 designatur
2526 3128 2538 3163 :
2557 3110 2653 3166 sed
2678 3113 2853 3183 magis
2872 3112 3219 3167 arcaniorem
3251 3128 3447 3182 quam~

1870 3204 1996 3257 dam
2031 3201 2343 3256 doctrinam
2374 3243 2390 3267 ,
2435 3218 2500 3256 ac
2528 3202 2690 3257 nobis
2714 3212 2840 3272 post
2869 3204 3038 3275 hujus
3069 3204 3197 3259 vitae
3223 3219 3448 3259 cursum

1873 3293 2243 3362 repositorum
2268 3293 2543 3347 bonorum
2578 3292 2903 3347 t'ruitionem
2926 3333 2939 3357 ,
2972 3294 3109 3363 quin
3146 3293 3260 3347 imo
3284 3308 3450 3363 repo-

1871 3386 2105 3439 sitorum
2144 3385 2373 3448 sanctis,
2432 3399 2542 3437 non
2577 3384 2759 3437 nobis.
2797 3383 3091 3449 Quocirca,
3132 3392 3257 3453 post
3299 3384 3448 3439 diem

1870 3484 2086 3532 sextum
2118 3490 2147 3529 a
2182 3476 2573 3546 promissione,
2607 3475 3030 3545 promissionem
3059 3475 3251 3544 implet
3282 3490 3447 3546 quam

1869 3569 1937 3624 ad
1970 3568 2273 3638 discipulos
2301 3567 2541 3622 dixerat.
2571 3568 2704 3621 Erat
2742 3577 2927 3622 autem
2979 3567 3070 3622 illa
3119 3567 3393 3639 ejusmodi
3431 3584 3447 3622 :

1871 3662 2008 3717 Sunt
2023 3662 2238 3732 quidam
2261 3662 2325 3713 de
2344 3662 2426 3714 hic
2454 3660 2744 3721 stantibus,
2769 3661 2858 3730 qui
2876 3677 2981 3712 non
3002 3660 3287 3730 gustabunt
3305 3676 3450 3713 mor-

1870 3763 1995 3818 tem,
2040 3754 2205 3806 donec
2226 3754 2439 3806 videant
2460 3769 2681 3823 regnum
2696 3752 2792 3805 Dei
2824 3752 2867 3783 δ’
2894 3770 2908 3817 ;
2936 3750 3084 3821 quod
3107 3760 3231 3818 post
3272 3749 3448 3805 crassi

1871 3846 2039 3916 hujus
2058 3845 2249 3899 mundi
2273 3845 2809 3900 consummationem
2835 3851 3055 3914 Oportet
3082 3842 3444 3897 manifestari.

1871 3938 2218 4006 Quapropter
2242 3945 2364 4005 post
2393 3935 2512 3989 dies
2540 3950 2635 3990 sex
2658 3950 2753 3990 eos
2781 3934 3101 4003 assumpsit,
3127 3948 3269 4002 quos
3302 3931 3447 3987 divi-

1870 4031 2028 4084 niora
2070 4028 2223 4097 regni
2253 4027 2516 4098 mysteria
2548 4026 2693 4080 scire
2725 4025 3056 4095 oportebat,
3088 4024 3246 4094 prius
3279 4038 3445 4093 quem

1870 4129 2157 4191 gustarem
2179 4127 2435 4173 mortem.
2470 4118 2670 4179 Porro,
2692 4124 2817 4186 post
2846 4124 3057 4171 sextam
3083 4114 3230 4169 diem
3262 4115 3449 4184 sequi-

1874 4222 1962 4267 tur
1993 4212 2250 4282 septima,
2282 4219 2473 4265 sancta
2505 4210 2596 4263 illa
2622 4208 2847 4279 requies
2878 4208 2932 4262 in
2963 4223 3071 4277 qua
3094 4208 3313 4277 operari
3334 4221 3446 4261 non

1872 4305 2048 4358 licet:
2081 4302 2230 4372 quod
2286 4301 2550 4355 nimirum
2600 4301 2747 4354 Deus
2791 4298 2990 4353 diebus
3042 4297 3194 4351 senis
3242 4297 3444 4351 celum

1870 4404 1930 4450 et
1960 4404 2161 4449 terram
2191 4393 2484 4456 creaverit,
2536 4391 2741 4459 dieque
2772 4390 3006 4459 septima
3050 4386 3393 4458 requieverit
3423 4426 3439 4451 ,

1872 4502 2109 4556 eamque
2135 4482 2581 4540 sanetiticaverit.
2610 4480 2980 4546 Quamobrem
3009 4477 3185 4549 prima
3202 4478 3292 4533 die
3307 4493 3445 4534 con-

173 4569 278 4639 τὴν
308 4569 454 4637 γῆν·
514 4570 610 4622 καὶ
660 4573 727 4641 τῇ
771 4571 977 4644 ἐϐδόμῃ
1028 4574 1363 4641 κατέπαυσε,
1401 4577 1497 4630 καὶ
1526 4578 1755 4649 ἡγίασεν
1796 4591 1838 4646 ι)
1873 4579 1935 4648 ῑίε

1682 4596 1755 4632 τεν
1796 4591 1838 4646 ι)
1873 4578 1996 4648 tigit
2014 4575 2313 4646 promissio
2341 4592 2353 4626 :
2379 4571 2903 4641 eademqueiterum
2925 4569 3100 4639 prima
3119 4567 3444 4639 promissio-

176 4658 377 4727 αὐτήν.
410 4658 573 4711 Ὠστε
606 4662 673 4729 τῇ
704 4659 895 4731 πρώτῃ
924 4661 1150 4729 γέγονεν
1175 4661 1504 4731 ὑπόσχεσιςο
1540 4664 1574 4734 η
1607 4664 1759 4735 πρώη-

174 4765 247 4818 τη
273 4749 303 4789 ιι
341 4748 505 4802 πάλιν
536 4751 569 4818 η
603 4750 706 4818 τῆς
733 4752 1084 4822 ὑποσχέσεως
1111 4752 1413 4824 πλήρωσις.
1468 4754 1760 4826 Σῦστοιχος

176 4838 274 4895 οὖν
307 4841 458 4893 ἐστιν
488 4844 513 4895 ὁ
552 4842 613 4906 ἓξ
642 4842 875 4912 ἀριθμὸς
914 4842 994 4914 τῷ
1023 4846 1319 4917 παχυτέρῳ
1344 4846 1537 4917 κόσμῳ
1562 4850 1758 4920 τούτῳ,

177 4932 239 4994 ὃς
275 4931 697 5001 συντεθειμένος
742 4933 808 4986 ἐκ
836 4933 947 4987 τῶν
978 4935 1125 4988 ίδίων
1150 4936 1378 5007 ἡμερῶν
1408 4940 1761 5011 συμπληροῦ-

178 5039 296 5085 ται,
322 5024 594 5090 γενέσεως
619 5023 695 5076 ὢν
721 5024 1013 5095 σύμϐολον,
1040 5027 1179 5097 ἔχων
1203 5028 1262 5081 δὲ
1288 5029 1347 5083 ὲν
1375 5030 1557 5102 ἑαυτῷ
1583 5032 1643 5085 τὺ
1663 5031 1763 5103 ἄρ-

182 5114 281 5183 ριν
310 5113 410 5166 καὶ
439 5113 501 5166 τὸ
520 5113 680 5184 θῆλυ,
712 5108 786 5169 ὧν
814 5118 847 5187 ἠ
877 5118 1169 5188 συμπλοκὴ
1197 5119 1463 5189 ποιεῖτὴν
1490 5122 1553 5174 ἐκ
1578 5122 1762 5193 σωμά-

180 5219 292 5256 των
322 5203 562 5270 γένεσιν.
596 5206 753 5259 Μετά
779 5207 837 5259 δὲ
892 5209 1100 5261 τούτων
1130 5211 1342 5277 γένεσιν
1370 5209 1537 5281 [μετά
1563 5212 1621 5265 δὲ
1645 5212 1768 5265 τού-

180 5291 322 5363 των]
362 5292 585 5363 ἔρχεται
613 5295 741 5366 ἑξῆς
774 5299 808 5365 ἡ
860 5298 1064 5367 ἑϐδόμη
1082 5340 1096 5361 ,
1133 5300 1203 5352 ἐν
1232 5295 1269 5371 ᾗ
1298 5301 1439 5354 οὔτε
1468 5302 1766 5371 γαμοῦσιν

184 5382 328 5437 οὔτε
371 5384 724 5454 ταμίζουσιν
745 5429 759 5451 ,
816 5389 956 5442 ἀλλ’
1007 5391 1088 5453 ὡς
1133 5392 1379 5462 ἄγγελοι
1410 5393 1560 5446 Θεοῦ
1591 5395 1662 5449 ἐν
1688 5395 1768 5460 τῷ

1868 4665 1955 4719 nis
1975 4664 2083 4718 fuit
2109 4664 2381 4733 impletio.
2408 4662 2675 4716 Senarius
2708 4677 2839 4731 ergo
2861 4674 3130 4714 numerus
3153 4658 3332 4712 allinis
3361 4666 3447 4712 est

1866 4756 2130 4812 crassiori
2187 4756 2280 4810 isti
2332 4746 2561 4818 mundo,
2588 4753 2683 4823 qui
2718 4752 3087 4821 compositus,
3148 4766 3216 4805 ex
3243 4750 3444 4804 diebus

1868 4848 2110 4919 propriis
2139 4846 2476 4917 completur,
2512 4844 2888 4916 generationis
2915 4843 3190 4898 cxsistens
3222 4843 3447 4914 symbo-

1867 4940 2005 5003 lum,
2032 4955 2096 4993 ac
2129 4938 2184 4992 in
2215 4953 2274 4992 sc
2305 4936 2518 4991 habens
2545 4951 2753 4991 marem
2784 4951 2849 4989 ac
2882 4934 3168 5000 feminam,
3204 4950 3441 5003 quorum

1869 5044 2199 5099 congressus
2219 5042 2519 5097 corporum
2548 5026 2963 5095 generationem
2994 5025 3143 5080 facit.
3181 5025 3311 5079 Post
3341 5025 3443 5078 ho-

1872 5137 1992 5176 rum
2035 5129 2218 5176 autem
2246 5122 2662 5191 generationem
2688 5119 2876 5173 veniet
2898 5117 3165 5187 deinceps
3189 5117 3445 5186 septima,

1872 5214 1925 5267 in
1961 5229 2073 5282 qua
2105 5229 2198 5266 nec
2226 5214 2447 5277 nubent,
2507 5229 2600 5266 nec
2623 5212 2837 5265 tradent
2866 5210 3057 5280 nuptui
3088 5249 3103 5274 ,
3144 5208 3241 5262 sed
3286 5214 3442 5259 erunt

1869 5307 2002 5358 sicut
2027 5303 2204 5374 angeli
2234 5303 2328 5357 Dei
2354 5305 2409 5357 in
2443 5303 2568 5357 carlo
2609 5303 2674 5355 δ’.
2712 5302 2869 5358 Unde
2894 5303 3060 5355 etiam
3095 5296 3450 5366 septenarius

1872 5408 2135 5447 numerus
2167 5393 2324 5465 virgo
2371 5392 2609 5457 dicitur;
2664 5408 2728 5446 ac
2762 5392 2880 5447 dies
2921 5389 3177 5458 septima,
3232 5392 3443 5449 sancta,

259 5537 311 5612 ξξ
349 5536 506 5612 Joan.
528 5555 582 5599 v,
618 5540 703 5612 11.
744 5541 810 5612 ’δέ
839 5542 1029 5597 Matth.
1064 5561 1171 5610 va,
1194 5547 1284 5603 27.
1364 5549 1411 5581 ³⁸
1453 5548 1627 5604 Hebr.
1660 5566 1698 5612 ι,
1732 5551 1816 5604 ιι.
1893 5550 1934 5580 ³⁸
1978 5550 2021 5604 Is

1686 5591 1698 5612 ,
1732 5551 1816 5604 l6.
1893 5550 1934 5580 ³⁸
1978 5550 2080 5604 lsa.
2133 5564 2244 5611 LIII,
2270 5550 2321 5601 2.
2358 5548 2399 5579 ³⁷
2434 5548 2576 5602 Psal.
2607 5560 2747 5611 κων,
2799 5548 2849 5599 3.
2878 5546 2920 5576 ³⁸
2955 5545 2969 5597 1
3007 5544 3135 5599 Cor.
3203 5559 3293 5609 xv,
3354 5540 3442 5596 52.

188 5606 233 5638 ”
259 5605 455 5661 Matth.
489 5623 597 5670 xw,
637 5609 726 5663 28.
792 5611 837 5642 ⁸⁸
860 5612 1050 5667 Matth.
1104 5605 1230 5680 xvu,
1263 5618 1370 5671 1-5.
1454 5619 1495 5649 ⁸¹
1529 5605 1719 5673 Matth.
1760 5636 1867 5680 xvz,
1909 5620 1950 5671 ‘21

862 5612 1050 5667 Matth.
1104 5605 1230 5680 xvu,
1263 5618 1370 5671 1-5.
1454 5619 1495 5649 ⁸¹
1529 5605 1719 5673 Matth.
1760 5636 1867 5680 xvz,
1909 5619 1997 5671 ‘28.
2071 5620 2115 5649 δ’
2148 5605 2337 5671 Matth.
2380 5634 2507 5674 xw.
2545 5617 2624 5671 Ἧι,

1475 5754 1711 5809 ΥΛΙΗΛΕ
1755 5753 2159 5810 [Εσνιῡκγδ.

301 5844 325 5883 ⁸
352 5840 520 5906 Αὐτῷ
546 5843 726 5911 μόνῳ.
759 5842 886 5912 ch.
916 5845 1047 5898 αὐτὸ
1077 5847 1253 5914 μόνον.

1356 5851 1377 5887 θ’
1433 5849 1491 5902 Ἠ
1530 5850 1747 5915 πρώτη.
1775 5849 1954 5903 Forte.
1985 5851 2045 5918 τῇ
2075 5847 2263 5921 πρώτη
