4462 6440
863 386 997 452 1381

1985 399 2046 455 8.
2089 399 2479 457 ΛΝΆΒΤΛὸΙΙ
2524 398 2992 459 ANTIUCIIENI

3972 388 4112 452 1368

859 499 1067 567 qumab
1095 499 1241 552 omni
1266 515 1431 569 opere
1454 500 1639 555 servili
1676 510 1898 572 prtestet
1928 520 2169 569 cessare,
2204 522 2424 560 omnes-
2458 510 2498 566 Α
2530 511 2621 573 air;

2351 523 2424 559 ξς·
2458 510 2498 566 Α
2530 507 2765 573 οὐρανῷ
2807 509 2949 560 εισι.
3007 505 3100 557 Διὸ
3154 503 3247 556 καὶ
3302 502 3571 574 παρθένος
3623 499 3842 569 λέγεται
3891 502 3921 553 ὁ
3967 498 4113 554 ἑπτά

856 606 965 659 que
998 589 1052 645 in
1086 605 1186 645 suo
1214 605 1489 661 quemque
1517 592 1638 646 loco
1671 594 1864 651 sedere
1893 595 2078 651 faciat.

925 862 1011 917 IV.
1046 862 1176 917 Post
1224 865 1365 918 hanc
1420 866 1603 935 itaque
1663 872 1895 923 assumit
1946 880 2061 926 tres
2109 875 2345 929 eximios
2393 892 2424 929 e

852 953 1159 1022 discipulis.
1193 956 1307 1010 Nec
1351 958 1499 1011 enim
1533 975 1631 1027 par
1660 970 1799 1024 erat,
1839 971 1900 1014 ιιι
1930 962 2102 1018 ludas
2140 975 2422 1035 spectator

851 1041 1161 1096 elliceretur
1193 1052 1472 1099 tantorum
1512 1049 1946 1117 mysteriorum;
1999 1068 2180 1120 neque
2218 1053 2420 1109 iterum

853 1144 908 1186 ιιι
935 1135 1089 1187 solus
1119 1135 1233 1204 ipse
1267 1152 1295 1189 a
1326 1141 1647 1205 spectaculo
1678 1140 1922 1203 abesset,
1959 1151 2111 1196 utne
2142 1144 2194 1197 ei
2226 1154 2416 1213 putata

850 1225 1191 1291 reliquorum
1209 1230 1475 1297 prmlatio,
1502 1231 1833 1299 proditionis
1847 1232 2163 1287 elliccrctur
2178 1238 2419 1292 occasio.

846 1316 1061 1369 Idcirco
1091 1319 1239 1372 solos
1263 1329 1376 1375 tres
1425 1337 1713 1377 assumens
1741 1324 1934 1389 .lcsus,
1985 1327 2205 1380 adducit
2239 1346 2324 1382 eos
2364 1333 2420 1384 ivi

844 1420 1073 1461 montem
1090 1409 1350 1463 excelsum
1374 1412 1590 1478 “.Quid
1610 1430 1745 1469 vero
1766 1416 1889 1484 ejus
1920 1416 2198 1471 excelsius
2222 1420 2423 1488 gloria?

843 1496 1021 1565 Atque
1056 1498 1132 1562 id,
1186 1503 1428 1557 scorsim.
1472 1503 1745 1559 Unimoda
1771 1506 1921 1560 enim
1955 1519 2042 1562 est
2092 1510 2205 1563 vita
2250 1510 2419 1578 spiri-

844 1588 1032 1641 tualis.
1055 1590 1129 1643 Ac
1151 1591 1345 1646 ducens
1370 1610 1455 1647 eos
1484 1596 1553 1648 ab
1579 1596 1814 1649 infernis
1849 1613 2073 1651 sursum
2102 1640 2117 1661 ,
2159 1615 2275 1654 non
2305 1608 2416 1654 tam

844 1678 1004 1732 locali
1023 1696 1236 1748 gressu,
1260 1698 1425 1751 quam
1447 1683 1631 1737 divina
1650 1685 1888 1753 quadam
1910 1688 2145 1752 ratione,
2182 1688 2288 1744 hoc
2308 1698 2414 1755 est,

842 1784 1071 1838 capaces
1098 1787 1196 1825 eos
1225 1772 1433 1829 faciens
1452 1776 1845 1831 excellentium
1872 1778 2046 1846 ipsius
2078 1780 2412 1835 illustratio-

2536 604 2791 673 ἀριθμὸς,
2824 601 3015 670 ὥσπερ
3043 603 3076 671 ἡ
3102 600 3325 667 ἑϐδόμη,
3350 599 3507 665 άγία,
3533 598 3644 650 πᾶν
3668 596 3829 667 ἔργον
3850 596 4111 666 λατρείας

2536 691 2948 755 καταπαύουσα,
2975 692 3070 744 καὶ
3098 688 3347 761 ἱδρῦσθαι
3373 688 3605 741 ποιοῦσα
3628 686 3857 749 πάντας,
3874 685 4111 739 εκαστον

2535 784 2593 835 ἐν
2622 785 2699 852 τῷ
2728 783 2841 852 ἰδίῳ
2864 783 3035 850 τόπῳ.

2604 878 2759 929 Μετὰ
2812 874 3018 942 ταύτην
3070 875 3252 927 τοίνυν
3304 870 3727 942 παραλαμϐάνει
3778 870 3909 930 τοῖος
3955 868 4111 937 τρεῖς

2534 967 2843 1034 ἐξαιρέτους
2887 965 3154 1035 μαθητάς.
3183 965 3317 1017 Οὐδὲ
3352 964 3463 1032 γὰρ
3493 960 3561 1033 ἦν
3590 962 3737 1023 εἰκὸς
3768 960 3861 1012 τὸν
3900 958 4109 1010 Ἰούδαν

2532 1056 2730 1124 θεατὴν
2759 1055 3012 1123 γενέσθαι
3040 1055 3153 1107 τῶν
3186 1054 3507 1125 μυστηρίων
3533 1050 3837 1105 τοσούτων·
3891 1050 4017 1102 οὗτε
4046 1048 4107 1100 δὲ

2531 1146 2696 1199 πάλιν
2753 1146 2915 1215 μόνον
2964 1146 3131 1199 αὑτὸν
3181 1146 3583 1215 ἀπολειφθῆναι
3629 1144 3730 1213 τῆς
3782 1143 3949 1205 θέας,
4019 1142 4109 1192 ἵνα

2533 1237 2609 1306 μὴ
2638 1234 2865 1305 γένηται
2896 1236 3190 1306 προδοσίας
3216 1236 3365 1305 αὑτῷ
3392 1238 3687 1307 πρόφασις,
3718 1236 3751 1301 ὴ
3777 1231 4108 1300 νομισθεῖσα

2530 1328 2639 1381 τῶν
2664 1327 2867 1381 λοιπῶν
2888 1328 3055 1381 αὑτοῦ
3084 1329 3441 1399 προτίμησις.
3468 1327 3559 1379 Διὸ
3587 1327 3784 1394 μόνους
3806 1324 3936 1385 τοὺς
3952 1324 4109 1393 τρεῖς

2528 1420 2980 1490 παραλαμϐάνων
3010 1423 3040 1475 ὁ
3072 1420 3281 1490 Ἰησοῦς
3299 1462 3315 1487 ,
3362 1420 3569 1487 ἀνάγει
3599 1417 3824 1483 αὐτοὺς
3849 1418 3935 1481 είς
3962 1416 4100 1484 ὅροι

2526 1511 2770 1580 ὑψηλὸν
2817 1511 2893 1579 (τί
2921 1511 2982 1564 δὲ
3030 1511 3131 1581 τῆς
3162 1511 3325 1581 δόξης
3353 1509 3520 1564 αὑτοῦ
3554 1509 3889 1579 ὑψηλότερον
3913 1506 3954 1571 ;)
4008 1502 4109 1557 καὶ

2525 1601 2817 1657 κατιόἰαν.
2855 1602 3207 1673 Μονότροπος
3235 1602 3345 1670 γὰρ
3378 1602 3411 1671 ἡ
3471 1600 3635 1659 άῦλος
3679 1598 3819 1667 ζωή.
3854 1596 3967 1650 Καὶ
3997 1595 4108 1647 ἀν-

2522 1694 2765 1761 αγαγὼν
2790 1692 3010 1757 αὐτοὺς
3037 1691 3283 1745 κάτωθεν
3310 1690 3441 1744 ἄνωο
3464 1690 3524 1742 οὑ
3553 1688 3807 1741 τοσοῦτον
3831 1684 4105 1745 τοπικῶς,

2523 1781 2648 1833 ὅσον
2677 1781 2987 1843 θεωτικῶς·
3039 1780 3307 1842 τουτέστι,
3339 1778 3682 1849 χωρητικοὺς
3706 1775 3910 1837 αὑτοὺς
3941 1776 4105 1843 ποιη-

842 1877 995 1924 ιιιιιιι,
1018 1871 1148 1915 tunc
1163 1864 1578 1934 transﬁguratus
1597 1879 1671 1921 cst
1696 1879 1819 1922 ante
1840 1886 1925 1923 cos
1944 1870 2010 1923 λλ.
2033 1871 2176 1925 Olim
2196 1889 2419 1942 quoque
2452 1861 2492 1917 Β
2522 1887 2604 1932 σας

2341 1890 2419 1941 ne
2452 1861 2492 1917 Β
2522 1887 2617 1932 σας
2678 1870 2786 1923 τῶν
2844 1869 3303 1941 ὑπερϐάλλουσῶν
3352 1868 3521 1921 αὑτοῦ
3571 1865 3926 1935 ἐλλάμψεων·
3974 1865 4103 1916 τότε

840 1947 1020 2002 fuerat
1040 1953 1639 2023 traiisﬁguratuchsus
1654 1958 1924 2021 Salvator,
1942 1976 2052 2013 non
2080 1962 2137 2015 in
2189 1979 2421 2033 conspe-

840 2048 935 2091 ctu
957 2041 1267 2109 hominum,
1295 2047 1390 2098 sed
1420 2048 1599 2101 Patris
1628 2050 1711 2101 sui
1737 2066 1749 2101 :
1780 2050 2005 2117 quando
2027 2052 2145 2105 Non
2171 2056 2419 2123 rapinam

840 2131 1133 2186 arbitratus
1185 2145 1260 2189 est
1295 2154 1406 2189 esse
1441 2154 1497 2190 sc
1521 2140 1783 2207 arqualcni
1816 2142 1955 2205 Deo;
1990 2159 2054 2195 ac
2078 2144 2416 2213 semetipsum

838 2224 1131 2279 cxinnnivit
1166 2229 1391 2296 [orntum
1425 2233 1559 2283 scrvi
1590 2232 1852 2300 accipiens
1888 2235 1977 2302 qui
2002 2244 2135 2287 esset
2164 2236 2217 2287 iu
2245 2236 2416 2303 forum

838 2313 939 2369 Dei
986 2316 1053 2371 “.
1089 2318 1244 2374 Tunc
1284 2336 1418 2390 ergo
1467 2322 1710 2376 divinam
1756 2325 1984 2393 figuram
2036 2326 2184 2379 servi
2243 2328 2416 2397 figura

842 2404 1265 2474 transfiguratus
1295 2410 1507 2464 obtexit
1540 2428 1553 2463 :
1596 2427 1745 2466 nunc
1784 2424 1968 2467 autem
2003 2416 2233 2484 liguram
2271 2418 2414 2470 servi

838 2498 1026 2563 ligone
1056 2500 1254 2554 nativa:
1282 2504 1524 2557 restituit
1550 2522 1563 2565 ;
1600 2523 1710 2559 non
1747 2507 1976 2575 quidem
2000 2510 2257 2563 servilem
2283 2511 2418 2564 sub-

838 2589 1096 2643 stantiam
1129 2591 1433 2661 deponens,
1458 2596 1551 2648 scd
1580 2612 1700 2649 eam
1730 2597 1938 2652 divinis
1973 2600 2417 2668 proprietatibus

838 2692 1066 2734 ornans.
1098 2682 1195 2735 Est
1220 2700 1351 2753 ergo
1379 2686 1795 2755 transﬁguratus
1821 2698 1947 2741 ante
1984 2705 2071 2744 cos
2105 2708 2123 2744 :
2153 2707 2266 2759 quo
2300 2693 2411 2747 illis

839 2770 1199 2838 signiﬁcaret,
1232 2775 1311 2829 sic
1345 2776 1679 2846 quandoque
1733 2780 2242 2849 traus/iguruturum
2295 2800 2415 2836 cor-

838 2875 934 2927 pus
972 2861 1289 2916 humilitatis
1340 2873 1571 2928 nostrm,
1599 2868 1853 2921 faciendo
1902 2870 2168 2939 conformc
2207 2876 2413 2940 corpori

836 2948 1104 3005 claritatis
1134 2969 1245 3006 sua:
1286 2953 1355 3008 ⁸⁸.
1390 2954 1460 3008 Et
1497 2957 1843 3026 rcsptcuduit,
1867 2960 2067 3029 inquit,
2104 2962 2269 3030 facies
2299 2964 2415 3032 ejus

836 3044 972 3096 sicut
992 3043 1075 3097 sol
1105 3060 1124 3099 :
1151 3049 1465 3100 vestimenta
1483 3057 1659 3101 autem
1677 3050 1790 3118 ejus
1816 3034 1961 3119 facta
1987 3061 2111 3105 sunt
2134 3053 2258 3107 alba
2277 3055 2415 3107 sicut

838 3135 932 3186 nia:
971 3133 1038 3188 ".
1070 3134 1190 3191 Non
1225 3137 1351 3191 ideo
1381 3138 1500 3193 haec
1529 3141 1735 3210 scripta
1769 3150 1901 3195 sunt
1927 3183 1941 3205 ,
1997 3144 2127 3212 quia
2160 3145 2252 3197 illa
2287 3160 2412 3199 cum

837 3226 955 3281 sole
980 3242 1045 3282 ac
1073 3228 1201 3284 nive
1230 3233 1701 3300 comparationem
1747 3234 2064 3289 admittant.
2096 3236 2227 3301 Quae.
2262 3237 2415 3290 enim

837 3320 964 3387 ejus
1004 3323 1369 3390 comparatio,
1424 3323 1571 3392 quod
1600 3333 1685 3379 est
1734 3327 1913 3395 majus
1958 3326 2419 3395 comparatione?

840 3409 1044 3463 Verum
1075 3412 1206 3480 quia
1241 3412 1297 3467 in
1334 3414 1506 3469 rebus
1533 3415 1778 3469 materia:
1817 3417 2128 3479 concretis,
2159 3417 2299 3471 nihil
2323 3427 2420 3472 aut

840 3499 957 3554 sole
986 3501 1355 3569 splendidius,
1393 3512 1485 3556 aut
1517 3504 1644 3557 nive
1670 3503 1963 3557 candidius
1992 3506 2242 3559 occurrit
2263 3547 2276 3569 ,
2303 3520 2418 3573 quo

839 3593 976 3647 satis
1006 3594 1395 3647 excellentiam
1419 3595 1648 3649 luminis
1670 3610 1736 3649 ac
1760 3596 2073 3663 splendoris
2104 3611 2415 3666 repraesen-

842 3691 1011 3747 taret,
1056 3699 1125 3739 es
1179 3685 1248 3739 iis
1298 3686 1380 3740 sic
1430 3686 1581 3741 notis
1623 3690 2004 3757 conjecturam
2044 3688 2197 3744 fecit.
2243 3690 2418 3745 Porro

841 3775 1115 3845 significat
1170 3780 1292 3848 ejus
1335 3779 1598 3848 splendor
1653 3781 2114 3836 vestimentorum
2173 3781 2416 3837 futuram

840 3876 1159 3923 nostrorum
1186 3885 1481 3938 corporum
1511 3872 1898 3927 mutationem.
1924 3873 2036 3927 Nos
2056 3874 2264 3943 quippe
2285 3874 2415 3929 facti

840 3957 892 4009 ei
945 3959 1336 4013 vestimentum
1378 3975 1602 4024 sumus,
1657 3970 1718 4015 nt
1767 3978 2006 4031 quorum
2046 3964 2138 4017 ille
2188 3980 2415 4019 carnem

842 4050 1107 4105 induerit.
1146 4052 1353 4106 Forsan
1397 4068 1528 4107 vero
1559 4054 1673 4124 ejus
1710 4054 1871 4123 facies
1917 4056 2256 4125 rcsplcndens
2278 4058 2416 4111 sicut

838 4143 942 4207 sol,
983 4143 1165 4212 ipsum
1194 4145 1315 4215 ejus
1346 4145 1633 4213 proprium
1678 4160 1881 4214 corpus
1910 4145 2213 4215 symbolice
2262 4146 2415 4200 desi-

840 4233 1131 4303 gnaverit:
1165 4236 1472 4287 vestimenta
1501 4243 1680 4288 autem
1714 4235 1828 4305 ejus
1850 4235 1975 4289 alba
2001 4237 2136 4289 sicut
2171 4237 2285 4299 nix,
2316 4251 2417 4304 per

839 4339 970 4377 cum
1001 4334 1264 4393 purgatos
1292 4368 1305 4385 .
1335 4327 1457 4393 ejus
1499 4325 1553 4379 vi
1590 4326 1683 4379 illa
1716 4326 2143 4382 trausmutandi.
2195 4327 2415 4382 Idcirco

839 4413 989 4468 enim
1002 4414 1115 4468 nivi
1130 4431 1351 4484 quoquc
1363 4426 1720 4486 comparatur
1738 4417 2123 4473 indumentum
2141 4417 2411 4487 spiritale,

2514 1961 2933 2030 μετεμορφὼοη
2984 1961 3323 2028 ἔμπροσθεν
3368 1958 3588 2012 αὐτῶν.
3644 1958 3754 2010 Καὶ
3798 1955 3970 2009 πάλαι
4001 1955 4105 2022 μὲν

2523 2051 2923 2122 μετεμορφώθη
2960 2050 3166 2120 Ἰησοῦς
3196 2053 3223 2103 ὁ
3250 2050 3464 2119 Σωτὴρ,
3499 2050 3601 2102 οὑκ
3627 2048 3860 2101 ἐνώπιον
3886 2043 4102 2115 άνορώ-

2510 2163 2667 2206 ·πων,
2712 2145 2848 2198 ἀλλὰ
2884 2143 2980 2197 τοῦ
3021 2144 3151 2195 ἰδίου
3178 2144 3427 2212 [latr/nr
3472 2143 3560 2194 ὅτε
3607 2144 3730 2209 Οὐχ
3776 2138 4101 2207 ἁρπαγμὸν

2518 2236 2811 2303 ἡγήσατο,
2840 2234 2905 2287 τὸ
2930 2230 3084 2289 εἶναι
3110 2235 3214 2285 ἴσα
3237 2233 3379 2297 θεῷ,
3408 2233 3506 2285 καὶ
3531 2232 3834 2285 ἐκένωσεν
3848 2230 4095 2294 ἑαυτὸν,

2513 2325 2756 2395 μορφὴν
2782 2326 3009 2379 δούλου
3041 2325 3245 2378 λαϐὼν
3264 2364 3280 2385 ,
3332 2327 3365 2377 ὀ
3398 2325 3469 2375 ἐν
3488 2321 3693 2391 μορφῇ
3724 2321 3873 2375 Θεοῦ
3905 2320 4099 2387 excip-

2517 2431 2660 2482 κων.
2720 2414 2854 2466 Τότε
2882 2415 3066 2466 τοίνυν
3107 2412 3204 2483 τὴν
3233 2412 3384 2464 θείαν
3414 2412 3647 2481 μορςρὴν,
3683 2414 3866 2480 μορφῇ
3898 2409 4095 2463 δούλου

2520 2506 3004 2576 μεταμορφωθεὶς,
3038 2503 3414 2573 περιεκάλυψε
3439 2520 3453 2533 ’
3512 2502 3610 2555 νῦν
3640 2504 3697 2555 δὲ
3739 2503 3837 2572 τὴν
3875 2502 4098 2573 μορφὴν

2515 2598 2612 2649 ws
2640 2598 2829 2650 δούλου
2880 2597 3017 2666 πρὸς
3050 2598 3151 2663 τὴν
3182 2595 3424 2665 φυσικὴν
3451 2594 3893 2664 ἀποκαθίστησιν
3918 2611 3931 2624 ·
3991 2594 4097 2647 οὑκ

2517 2687 2855 2757 ἀποθέμενος
2890 2689 2990 2758 μὲν
3032 2688 3133 2758 τὴν
3162 2687 3355 2740 οὑσίαν
3389 2685 3490 2755 τὴν
3515 2685 3806 2754 δουλικὴν·
3860 2684 4095 2754 φαιδρὺ-

2517 2796 2614 2841 νας
2644 2777 2703 2830 δὲ
2733 2778 2905 2847 αὐτὴν
2945 2780 3059 2839 τοῖς
3091 2777 3293 2839 θεῖκοῖς
3327 2776 3607 2845 ίδιώμασι.
3658 2777 4097 2844 Μετεμορφωθη

2515 2867 2608 2923 οὖν
2655 2870 2997 2936 ἔμπροσθεν
3032 2868 3233 2922 αὐτῶν
3257 2883 3272 2898 ο
3325 2868 3544 2930 δεικνὺς
3590 2866 3799 2932 αὑτοῖς,
3834 2868 3922 2919 ὅτι
3949 2865 4099 2919 οὕτω

2511 2962 3030 3029 μετασχηματίσει
3072 2958 3219 3012 ποτὲ
3246 2959 3310 3012 τὸ
3337 2959 3512 3029 σῶμα
3540 2958 3653 3024 τῆς
3676 2956 4099 3021 ταπεινώσεως

2516 3049 2684 3116 ἡμῶν
2707 3090 2723 3113 ,
2758 3050 3118 3118 σύμμορφον
3169 3048 3249 3114 τῷ
3287 3050 3515 3119 σώματι
3550 3049 3660 3117 τῆς
3687 3049 3876 3115 δόξης
3904 3047 4100 3103 αὑτοῦ

2518 3138 2689 3191 ποιῶν
2726 3139 2879 3192 αὑτό.
2940 3138 3051 3193 Καὶ
3092 3138 3334 3207 ἔλαμψε
3380 3138 3449 3192 τὸ
3490 3140 3821 3206 πρόσωπον
3877 3137 4098 3201 αὐτοῦ,

2471 3226 2488 3245 ⁸
2518 3232 2707 3299 φησιν,
2742 3231 2822 3294 ὡς
2848 3230 3023 3296 ἥλιος
3044 3247 3057 3260 ·
3117 3230 3218 3282 καὶ
3264 3231 3337 3283 τὰ
3364 3228 3566 3297 ιμάτια
3588 3227 3780 3282 αὐτοῦ
3810 3228 4099 3295 ἐγένοντο

2516 3322 2711 3374 λευκὰ
2756 3320 2901 3374 ὡσεί
2949 3319 3119 3388 χιών.
3176 3322 3288 3390 Οὑχ
3320 3322 3403 3374 ὅτι
3432 3321 3489 3374 δὲ
3523 3320 3657 3388 πρὸς
3686 3318 3840 3388 ἥλιον
3873 3318 3907 3387 ἢ
3939 3317 4100 3386 χιόνα

2517 3411 2824 3483 παράθεσιν
2865 3411 3016 3482 ἔχει,
3067 3411 3245 3465 ταῦτα
3288 3411 3603 3482 γὲγραπται
3660 3408 3791 3479 (τίς
3838 3407 3950 3478 γάρ
3998 3406 4098 3460 τοῦ

2517 3502 2852 3572 άσυγκρίτου
2888 3501 3275 3571 σύγκρισιςς),
3328 3500 3444 3554 ἀλλ’
3489 3498 3678 3569 ἐπειδὴ
3730 3498 3843 3552 τῶν
3891 3496 4102 3551 ινύλων

2516 3593 2670 3647 οὐδέν
2719 3594 2869 3646 ἐστιν
2920 3594 2953 3663 ἢ
3005 3593 3393 3663 λαμπρότερον
3438 3591 3535 3645 τοῦ
3580 3591 3772 3662 ἡλίου,
3824 3591 3859 3661 ἢ
3896 3589 4098 3643 λευκό-

2515 3701 2677 3755 τερον
2710 3684 2809 3753 τῆς
2841 3687 3055 3755 χιόνος,
3100 3687 3349 3757 ,μετρίως
3393 3685 3566 3739 θέλων
3606 3683 3962 3754 παραστῆσαι
3992 3681 4098 3751 τὴν

2518 3775 2829 3846 ὑπερϐολὴν
2872 3775 2969 3829 τοῦ
3012 3777 3224 3843 φωτὸς,
3281 3777 3505 3847 καὶτῆς
3536 3774 3957 3845 λαμπρότητος.
4005 3772 4099 3825 διὰ

2515 3867 2627 3921 τῶν
2668 3868 2967 3937 γνωρίμων
3006 3869 3039 3937 ὴ
3049 3871 3143 3936 μίν
3172 3869 3475 3937 ἐποιήσατο
3501 3866 3602 3937 τὴν
3628 3864 3902 3919 εἰκασίαν.
3931 3864 4098 3933 Δηλοῖ

2516 3960 2575 4013 δὲ
2607 3959 2718 4013 τῶν
2765 3960 3000 4029 ἱματίων
3044 3959 3214 4012 αὑτοῦ
3257 3962 3291 4029 η
3333 3959 3600 4029 ἐλλαμψις
3650 3957 3758 4011 τῶν
3802 3956 4100 4027 ἡμετέρων

2518 4050 2788 4118 σωμάτων
2830 4050 2932 4119 τὴν
2972 4049 3314 4121 ὑπαλλαγὴν.
3370 4050 3563 4120 Ἡμεῖς
3601 4050 3710 4117 γάρ
3752 4047 3905 4118 αὐτῷ
3934 4047 4099 4115 γεγύ-

2516 4158 2688 4211 ναμεν
2737 4141 2966 4212 ἔνδυμα,
3012 4142 3096 4195 ὅτι
3144 4140 3245 4211 τὴν
3283 4140 3445 4211 ἡμῶν
3488 4139 3846 4210 περιεϐάλετο
3886 4139 4089 4211 σάρκα.

2517 4232 2629 4285 Καὶ
2680 4231 2808 4295 ἴσως
2852 4232 2918 4285 τὸ
2952 4233 3058 4303 μὲν
3102 4234 3430 4300 πρόσωπον
3455 4233 3643 4288 αὑτοῦ
3670 4233 3735 4287 τὸ
3764 4231 4101 4301 ἐλλάμψαν

2516 4326 2597 4390 ὡς
2628 4328 2661 4378 ό
2688 4324 2892 4392 ἣλιος,
2946 4325 3078 4378 αὑτὸ
3104 4326 3166 4378 τὸ
3192 4325 3322 4379 ἴδιον
3346 4325 3515 4379 αὑτοῦ
3546 4326 3709 4395 σῶμα
3743 4324 4099 4395 συμϐολικῶς

2516 4416 2829 4469 αἰνίττεταιο
2876 4415 2949 4469 τὰ
2966 4414 3025 4468 δὲ
3045 4414 3246 4484 ἱμάτια
3287 4416 3475 4470 αὑτοῦ
3508 4417 3579 4472 τὰ
3606 4415 3689 4482 ὡς
3710 4415 3858 4486 χιὼν
3876 4414 4099 4481 λευκὰ,

839 4504 987 4573 quod
1021 4514 1077 4558 et
1112 4506 1292 4574 ipsum
1329 4515 1781 4574 transmutatum,
1828 4524 1892 4562 ac
1916 4509 2311 4578 evaporatione
2339 4525 2410 4563 ex
2444 4520 2487 4573 ι)
2515 4510 2601 4562 τοίΙ

2339 4525 2410 4563 ex
2444 4520 2487 4573 ι)
2515 4510 2641 4572 τοὺς
2663 4506 2910 4562 διἀὑτοῦ
2936 4507 3374 4579 καθαιρομένους
3396 4507 3486 4563 διὰ
3528 4508 3630 4577 τῆς
3656 4507 4100 4579 μεταποιητικῆς

838 4608 999 4662 aqua.
1040 4592 1245 4647 factum
1276 4595 1349 4649 sit
1384 4596 1497 4650 nix.
1528 4595 1686 4663 Quod
1710 4604 1898 4651 autem
1924 4596 2163 4651 humana
2212 4607 2413 4652 natura

838 4684 961 4749 ejus
999 4684 1191 4747 fuerit,
1248 4686 1434 4755 sitque
1482 4703 1707 4743 rursum
1756 4688 1943 4743 futura
1998 4690 2412 4755 indumentum,

840 4773 1135 4829 audiamus
1152 4776 1433 4832 dicentem
1450 4778 1519 4832 ad
1546 4794 1676 4833 eum
1699 4779 1974 4834 lsaiamex
1996 4796 2235 4850 persona
2267 4781 2367 4835 Dei
2394 4798 2407 4834 :

845 4865 965 4919 l’ivo
990 4883 1105 4937 rgo,
1130 4870 1256 4923 dicit
1293 4869 1568 4936 Dominus,
1600 4874 1728 4941 quia
1763 4874 2004 4927 omnibus
2037 4876 2116 4927 Itis
2154 4875 2412 4939 vestieris,

840 4980 905 5017 ac
932 4966 1025 5018 tibi
1048 4966 1188 5034 ipsos
1202 4968 1551 5023 circumdabis
1572 4977 1631 5022 ut
1661 4979 2033 5023 ornamentum
2049 4985 2254 5038 sponsa:
2276 4968 2344 5021 "'.

2511 4600 2609 4654 καὶ
2654 4598 3014 4669 άλλοιωτικῆς
3056 4598 3225 4653 αὑτοῦ
3272 4600 3584 4669 δυνάμεως.
3639 4600 3741 4653 Διὰ
3776 4598 3889 4668 γὰρ
3931 4598 4101 4653 τοῦτο

2514 4692 2610 4745 καὶ
2659 4691 2798 4761 χιόνι
2848 4690 3249 4761 παρεικάζεται
3293 4691 3358 4743 τὸ
3400 4690 3591 4761 νοηθὲν
3621 4690 3864 4760 ίμάτιον,
3901 4690 4099 4760 ιπειόὴ

2518 4784 2613 4837 καὶ
2656 4782 2787 4836 αὐτὸ
2836 4782 3212 4854 μεταποιηθὲν
3266 4784 3363 4836 καὶ
3406 4782 3747 4854 ἑξαερωθὲν,
3794 4785 3857 4849 ἐξ
3900 4784 4100 4848 ὓδατος

2519 4876 2711 4943 γέγονε
2734 4872 2890 4944 χιών.
2941 4873 3065 4927 Ὀτι
3090 4874 3147 4926 δὲ
3173 4873 3522 4942 περιϐόλαιον
3544 4873 3711 4927 αὑτοῦ
3734 4876 3953 4942 γέγονε,
4000 4876 4100 4930 καὶ

2519 4966 2673 5019 ἔσται
2701 4966 2865 5020 πάλιν
2910 4967 2944 5035 ή
2985 4965 3149 5035 φύσις
3175 4965 3355 5035 ἡμῶν,
3385 4965 3717 5035 ἀκούσωμεν
3752 4966 3979 5021 Ἡσαΐου
4006 4966 4099 5020 λέ-

839 5074 1029 5124 γοντος
1076 5059 1214 5129 πρὸς
1253 5060 1417 5113 αὑτὸν
1468 5060 1575 5114 ὑπὸ
1609 5060 1704 5114 τοῦ
1736 5060 1906 5114 Θεοῦ·
1964 5062 2058 5115 Ζῶ
2085 5061 2223 5132 ἐγὼ,
2246 5060 2409 5130 λέγει
2447 5060 2680 5127 Κύριος,
2719 5058 2809 5111 ὅτι
2853 5057 3087 5124 πάντας
3144 5057 3370 5123 αὐτοὺς
3392 5057 3659 5121 ἐνδύσει,
3693 5058 3790 5111 καὶ
3851 5061 4100 5129 supras}.

841 5166 939 5205 σει
963 5152 1183 5218 αὐτοὺς
1219 5152 1301 5218 ὡς
1330 5157 1567 5223 κόσμον
1588 5156 1850 5226 νύμφης.

914 5245 976 5299 ν.
1010 5244 1201 5313 Itaque
1224 5246 1635 5315 transﬁguratus
1664 5256 1761 5311 est,
1811 5257 1861 5301 et
1890 5248 2214 5318 resplenduit
2242 5249 2403 5316 facies

840 5338 955 5405 (jus
976 5338 1109 5389 sicut
1134 5338 1213 5390 sol
1238 5355 1257 5401 ;
1284 5341 1591 5393 vestimenta
1620 5351 1798 5394 autem
1817 5341 1931 5409 ejus
1967 5340 2108 5407 facta
2138 5348 2261 5393 sunt
2290 5340 2412 5393 alba

840 5424 978 5475 sicut
1030 5424 1142 5475 nix.
1179 5423 1243 5476 Et
1276 5435 1639 5494 apparuerunt
1669 5428 1742 5480 cis
1780 5426 1976 5496 Moyses
2035 5437 2082 5478 ct
2136 5426 2288 5479 Elius
2334 5426 2409 5479 lo-

841 5526 1054 5582 quentes
1083 5530 1203 5566 cuin
1231 5530 1287 5565 ro
1318 5516 1385 5567 δ’.
1413 5516 1857 5584 Pcrspicaciores
1888 5516 2014 5571 facti
2049 5517 2284 5584 apostoli
2352 5525 2412 5569 ιιι

884 5690 953 5804 “3
982 5690 1170 5748 Matth.
1204 5707 1329 5749 xv".
1372 5694 1420 5745 l.

849 5774 933 5823 εδ.

1497 5692 1786 5747 “ibitis.
1860 5694 1902 5724 δι
1930 5692 2164 5762 Philipp.
2201 5709 2260 5758 ιι,
2287 5694 2397 5760 5,7
2489 5696 2533 5725 ιι
2566 5693 2804 5763 Philipp.
2838 5710 2914 5749 ιιι.
2943 5694 3032 5748 αι.

2582 5244 3016 5314 Μετεμορςρώθη
3043 5244 3247 5307 τοίνυν,
3279 5244 3380 5297 καὶ
3408 5244 3649 5315 ἔλαμψε
3672 5244 3742 5298 τὸ
3764 5247 4104 5314 πρόσωπον

2517 5337 2707 5391 αὑτοῦ
2738 5336 2819 5401 ὡς
2843 5338 2877 5390 ό
2903 5336 3110 5403 ἥλιος,
3144 5335 3242 5388 καὶ
3273 5334 3346 5388 τὰ
3368 5334 3569 5403 ιμάτια
3589 5335 3783 5389 αὑτοῦ
3810 5336 4102 5405 ἐγένοντο

2517 5428 2706 5482 λευκὰ
2740 5428 2820 5491 ὡς
2851 5427 3034 5498 χιώνο
3099 5427 3197 5480 καὶ
3246 5426 3546 5495 ὤφθησαν
3588 5426 3797 5493 αὐτοῖς
3832 5426 4102 5495 Μωῡσῆς

2520 5517 2621 5573 καί
2644 5518 2877 5584 Ἠλίας,
2910 5517 3380 5583 συλλαλοῦντας
3409 5517 3594 5582 αὐτῷ.
3636 5518 4102 5589 Διορατικῶτεροι

3110 5698 3153 5731 ⁸⁷
3186 5694 3375 5751 Matth.
3411 5710 3577 5757 xxvii,
3602 5695 3655 5749 2.
3736 5695 3779 5725 ⁵³
3806 5693 3912 5751 lsa.
3951 5710 4099 5766 sus,
