4462 6440
342 398 486 469 1369

1026 419 1280 481 SERMO
1320 425 1366 481 ι.
1410 451 1478 459 --
1512 426 1592 486 1N
1636 429 2472 498 TRANSFJGURATIUNEM
2513 445 2579 502 1).
2621 445 2691 505 N.
2729 447 2784 507 J.
2826 449 2887 506 C.

337 525 632 627 γεγονότες
684 527 735 627 οἱ
763 527 1078 627 ,ἀπόστολοι
1103 571 1118 594 ,
1172 532 1267 586 ἅτε
1297 535 1362 604 δὴ
1400 541 1805 608 συνυψωθέντες
1837 547 1912 615 τῷ
1941 558 1986 613 Α
2015 554 2099 623 qui

1837 547 1912 615 τῷ
1941 558 1986 613 Α
2015 554 2108 623 qui
2141 571 2248 611 una
2272 572 2396 610 cum
2422 558 2552 613 Jcsu
2582 559 2634 611 in
2669 569 2913 613 montem
2943 559 3400 617 conscendissent
3426 603 3441 627 ,
3497 567 3586 619 vix

353 611 532 682 Ἰησοῦ
565 617 624 667 ὲν
652 616 731 686 τῷ
760 618 877 687 ὅρει
897 658 912 682 ,
970 620 1124 689 μόλις
1155 622 1398 691 ἔγνωσαν
1430 628 1510 679 ὅτι
1543 632 1784 700 Μωῦσῆς
1820 611 1914 688 καὶ

340 704 535 768 Ἥλίας
583 706 705 760 τότε
746 709 825 778 τῷ
865 711 1042 780 Ἰησοῦ
1089 714 1413 768 συλλαλοῦσι
1441 758 1456 781 ,
1517 736 1913 794 συμμεταμορ-

337 795 632 861 φωθῶσινὶ
663 799 836 868 αὐτῷ.
891 802 953 854 ΕΙ
1000 805 1076 873 μὴ
1113 805 1222 876 γὰρ
1268 813 1912 882 συμμεταμορφωθῶσιν,

335 885 402 938 οὐ
437 887 781 945 συλλαλοῦσι.
813 895 1206 950 Συνελὰλουν
1229 899 1285 952 δὲ
1313 902 1390 969 τῷ
1427 902 1634 972 Ἰησοῦ,
1665 907 1802 960 κατὰ
1825 908 1915 960 τὸν

336 980 593 1040 Λουκᾶν,
654 983 787 1050 περὶ
839 983 948 1051 τῆς
991 987 1209 1050 ἐξόδου
1259 986 1334 1059 ἧς
1375 992 1596 1060 ἔμελλε
1638 997 1916 1062 πληροῦν

332 1071 410 1122 ἐν
466 1071 903 1143 Ἰερουσαλήμ*
969 1079 1064 1129 καὶ
1118 1080 1316 1149 ἤκουον
1372 1084 1423 1135 οἱ
1479 1084 1726 1155 μαθηταὶ
1782 1093 1914 1158 παρ’

333 1161 559 1223 αὐτῶν,
621 1164 748 1232 περὶ
791 1159 867 1217 ὦν
912 1168 1190 1235 ἠγνόησαν
1232 1188 1362 1224 ποτε
1402 1174 1692 1240 λαλοῦντος
1733 1181 1915 1243 αὐτοῖς

332 1252 434 1303 τοῦ
473 1254 676 1321 Ἰησοῦ·
706 1258 794 1307 ὅτε
822 1257 919 1309 καὶ
948 1258 1154 1327 Πέτρος
1181 1263 1461 1332 φρονήσας
1484 1267 1554 1318 τά
1576 1268 1684 1318 τῶν
1705 1269 1916 1338 ἀνθρώ-

332 1359 482 1408 πων,
518 1345 823 1416 ἐπετίμησε
858 1347 937 1418 τῷ
972 1351 1147 1420 Ἰησοῦ
1178 1353 1427 1420 λέγοντι.
1475 1359 1692 1427 μέλλειν
1723 1361 1916 1413 ἑαυτὸν

331 1435 766 1489 ἁποκτείνεσθαι
818 1440 970 1510 παρὰ
1018 1442 1129 1494 τῶν
1168 1443 1507 1514 ἀνθρώπων,
1545 1451 1641 1501 καὶ
1667 1455 1915 1520 τριταῖον

330 1527 403 1578 ἐκ
446 1527 664 1596 νεκρῶν
705 1528 1043 1598 ἐγείρεσθαι.
1100 1532 1555 1603 Συμφθέγγονται
1598 1542 1799 1604 τοίνυν,
1838 1542 1915 1606 ὡς

329 1619 479 1688 εφην
503 1658 520 1683 ,
569 1618 650 1690 τῷ
686 1621 866 1690 Ἰησοῦ
911 1624 1159 1693 Μωῦσῆς
1193 1627 1289 1678 καὶ
1326 1627 1514 1692 Ἠλίας
1538 1644 1552 1658 ·
1612 1633 1912 1702 τουτέστιν,

327 1714 360 1763 δ
401 1712 568 1780 νόμος
621 1711 718 1765 καὶ
760 1715 809 1766 οἱ
850 1715 1149 1784 προφῆται,
1197 1718 1364 1772 Ὅταν
1406 1724 1916 1792 μεταμορφωθῶσιν

329 1803 522 1854 αὐτῶν
549 1803 599 1855 οἱ
627 1802 809 1871 λόγοι,
859 1808 953 1857 καὶ
999 1807 1298 1875 κινηθῶσιν
1328 1812 1385 1863 αἱ
1414 1811 1508 1863 τοῦ
1541 1814 1707 1884 νόμου
1739 1819 1911 1881 σκιαὶ,

327 1892 459 1943 τότε
489 1893 586 1945 καὶ
610 1893 1042 1962 πιστευθήσεται
1065 1898 1307 1966 Μωῦσῆς
1332 1902 1360 1953 ό
1381 1901 1656 1971 θεράπων,
1675 1908 1704 1957 ὁ
1722 1907 1912 1969 πιστὸς

328 1985 469 2053 περὶ
497 1985 742 2054 Χριστοῦ
775 1987 996 2056 γράψας
1027 1990 1204 2042 πάντα
1225 2007 1238 2021 ·
1281 1995 1374 2043 καὶ
1407 1995 1506 2064 τὴν
1538 1995 1716 2059 ἔξοδον
1746 1998 1911 2052 αὑτοῦ

327 2079 685 2146 παραστήσει
742 2078 1036 2146 τηλαυγῶς
1094 2080 1159 2132 ἐκ
1215 2081 1324 2132 τῶν
1375 2083 1526 2136 ἰδίων
1569 2084 1782 2153 λόγων,
1844 2087 1911 2158 ἦν

327 2167 532 2237 ἔμελλε
567 2167 809 2237 πληροῦν
840 2171 898 2222 ἐν
928 2171 1292 2242 Ἰερουσαλήμ
1312 2187 1326 2200 ⁸
1362 2174 1424 2225 τὸ
1452 2175 1510 2226 δὲ
1542 2176 1910 2233 πυνθάνεσθαί

325 2276 511 2320 τινας.
574 2259 766 2324 πόθεν,
819 2260 853 2330 ἧ
905 2260 1044 2325 πῶς,
1099 2264 1196 2315 καὶ
1240 2267 1306 2317 ἐκ
1338 2264 1501 2318 τίνων
1535 2269 1777 2337 σημείων
1807 2273 1909 2323 ἐπι

327 2350 587 2417 έγνωσαν
618 2352 668 2402 οί
701 2351 946 2420 μαθηταὶ
987 2354 1114 2415 τοὺς
1149 2356 1474 2426 προφήτας,
1527 2357 1588 2410 οὗ
1632 2376 1723 2428 μοι
1761 2360 1910 2412 δοκεῖ

327 2440 550 2510 κομψὸν
583 2441 922 2511 ἐπερώτημα
956 2443 1052 2494 καὶ
1083 2444 1370 2515 ζητήσεως
1400 2447 1553 2510 ἄξιον
1581 2444 1742 2504 εἶναι,
1799 2449 1909 2502 Καὶ

326 2533 442 2602 γὰρ
491 2532 628 2602 πρὸς
667 2532 927 2585 τοσοῦτον
972 2532 1109 2602 ὕψος
1145 2538 1536 2607 χωρήσαντες,
1590 2539 1731 2594 ὥστε
1777 2540 1910 2604 θέας

326 2625 639 2694 ἀξιωθῆναι
663 2626 945 2696 τοιαύτης,
963 2627 1028 2697 ἢν
1055 2629 1332 2697 βασιλείαν
1355 2631 1604 2699 οὐρανῶν
1622 2631 1908 2701 ὠνόμασεν

325 2720 356 2769 ό
385 2717 757 2786 ἀποκαλύψας
792 2718 975 2781 αὐτοῖς
1005 2720 1200 2772 ἐαυτὸν
1226 2723 1339 2783 τοῖς
1369 2723 1678 2792 προφήταις
1699 2740 1910 2793 συμμε-

325 2808 803 2878 ταμορφούμενον,
824 2810 939 2871 πῶς
954 2812 1078 2872 τοὺς
1102 2812 1428 2880 συμμύστας
1447 2812 1592 2884 εἶχον
1609 2815 1904 2885 ἀγνοῆσαις

326 2897 559 2960 Πάντως
605 2898 885 2967 προφῆται
923 2898 984 2952 δὲ
1029 2896 1168 2970 ἦσαν
1218 2904 1312 2954 καὶ
1359 2904 1408 2955 οἱ
1450 2905 1736 2959 ἀπόστολοι
1765 2923 1778 2936 ·
1815 2909 1908 2962 καὶ

323 2988 613 3056 προφῆται
677 2991 990 3059 προφήταις
1043 2993 1460 3062 συγγενόμενοι.
1499 2995 1632 3064 μίαν
1672 2998 1769 3048 καὶ
1809 2997 1907 3066 τὴν

325 3081 503 3150 αὐτὴν
531 3080 747 3149 ἔχουσιν
775 3080 1174 3154 [ἐπιστήμην]ο
1211 3087 1306 3138 καὶ⁵
1340 3086 1600 3154 μάλιστα,
1637 3087 1908 3157 παρόντος

338 3167 548 3239 Ἰησοῦ,
573 3169 666 3221 καὶ
690 3170 1024 3239 φωτίζοντος
1054 3173 1115 3224 τὸ
1140 3176 1496 3243 ἡγεμονικὸν,
1525 3177 1619 3228 καὶ
1646 3176 1910 3249 μορφοῦν⁹

322 3276 419 3323 τος
448 3260 545 3313 τὸν
573 3260 701 3315 νοῦν
737 3262 874 3333 πρὸς
905 3264 1102 3316 ἑαυτοῦ
1137 3266 1289 3318 Θείαν
1317 3269 1558 3336 μορφήν.
1613 3271 1722 3322 Καὶ
1758 3269 1907 3322 ἀπο-

324 3350 556 3418 κριθεὶς
585 3353 618 3403 ὁ
641 3350 864 3418 Πέτρος
893 3351 974 3416 τῷ
1004 3354 1231 3419 Ἰησοῦ,
1263 3352 1392 3408 εἷπε
1413 3373 1425 3386 ·
1482 3358 1678 3424 Κύριε,
1714 3361 1907 3410 καλόν

322 3444 500 3497 ἐστιν
527 3442 688 3509 ἡμᾶς
710 3439 829 3497 ὧδε
856 3440 1010 3497 εἶναι
1029 3462 1044 3476 σ
1089 3449 1140 3498 εί
1168 3447 1388 3511 θέλεις,
1416 3450 1765 3519 ποιήσωμεν
1791 3449 1906 3503 ὦδε

322 3535 568 3602 σκηνὰς
610 3535 769 3602 τρεῖς
794 3552 808 3565 ·
867 3536 968 3589 σοι
1004 3538 1174 3605 μίαν,
1210 3538 1308 3589 καὶ
1341 3539 1581 3592 Μωῢσεῖ
1600 3540 1772 3608 μίαν,
1806 3539 1905 3592 καὶ

335 3625 509 3692 Ἠλίᾳ
523 3625 942 3697 μίαν.”ῌσθετο
974 3625 1186 3696 Πέτρος
1215 3627 1314 3696 τῆς
1341 3628 1609 3695 διαφορᾶς
1638 3629 1749 3682 τῶν
1776 3645 1906 3698 νοη⁹

324 3715 444 3769 τῶν
467 3756 484 3782 ,
519 3717 622 3769 ὅσα
651 3715 766 3787 ἔχει
797 3717 932 3788 πρὸς
972 3717 1042 3769 τὰ
1071 3717 1337 3788 αἰσθητά·
1376 3719 1471 3772 καὶ
1500 3719 1740 3787 αἱρεῖται
1771 3719 1908 3788 μᾶλ-

323 3806 422 3861 λον
450 3806 524 3860 τὰ
551 3807 837 3876 κρείττονα
866 3807 972 3859 τῶν
997 3807 1280 3878 χειρόνων.
1311 3808 1459 3880 Πλὴν
1486 3809 1702 3863 οὐδέπω
1722 3809 1906 3864 τελεία

323 3897 551 3967 γεγόνει
581 3897 690 3950 τῶν
717 3897 994 3966 ὀφθέντων
1020 3898 1170 3969 αὺτῷ
1202 3902 1235 3968 ἡ
1266 3899 1468 3967 γνῶσις
1488 3916 1502 3930 ·
1555 3901 1678 3952 ἐπεὶ
1709 3900 1813 3953 οὐκ
1839 3901 1908 3954 ἂν

324 3991 650 4061 ἐφρόντισεν
683 3994 742 4044 ἐν
769 3993 883 4054 τοῖς
919 3991 1237 4061 νοουμένοις
1269 3992 1510 4062 σκηνῶν.
1537 3993 1699 4056 Ἴσως
1726 3992 1782 4045 δὲ
1812 3993 1908 4046 καὶ

321 4083 582 4152 ἀγωνιῶν
612 4084 692 4139 ἐτι
726 4085 858 4156 περὶ
885 4084 979 4139 τοῦ
1006 4084 1327 4141 διδασκάλου
1347 4126 1363 4146 ,
1394 4085 1461 4138 δι’
1489 4085 1549 4138 ὃν
1583 4087 1906 4156 προειρήκει

324 4175 602 4239 θάνατον,
680 4176 812 4246 περὶ
872 4169 934 4229 οῦ
1006 4177 1101 4230 καὶ
1155 4178 1204 4228 οἱ
1255 4175 1517 4244 ὀφθέντες
1573 4176 1904 4231 συνελάλουν

323 4268 405 4337 τῷ
444 4265 644 4337 Ἰησοῦ.
678 4267 994 4337 Συμφώνως
1019 4268 1129 4338 γὰρ
1164 4269 1222 4320 ἐν
1259 4267 1622 4340 Ἰερουσαλὴμ
1647 4268 1907 4336 γενέσθαι

323 4357 537 4428 ταύτην
569 4358 757 4426 ἔλεγον
803 4358 904 4428 τὴν
936 4357 1133 4423 ἔξοδον,
1193 4359 1293 4412 Διὰ
1326 4359 1488 4413 τοῦτο
1520 4358 1685 4430 τυχὸν
1715 4358 1906 4429 ἠρώτα

321 4448 420 4501 τὸν
462 4447 784 4502 διδάσκαλον
835 4449 954 4502 ἐκεῖ
1005 4449 1188 4519 μένειν
1232 4450 1468 4520 μᾶλλον.
1515 4451 1612 4504 καὶ
1641 4449 1909 4521 μηδαμῶς

1945 1892 1985 1946 Β

2019 645 2240 700 tandem
2273 657 2656 716 cognoverunt
2676 648 2896 718 Moysen
2925 665 2988 702 ac
3009 649 3186 703 Eliam
3213 649 3439 704 interim
3459 668 3587 708 cum

2014 736 2146 791 Jcsu
2179 738 2589 807 colloquentes,
2621 739 2752 793 dum
2787 743 3165 811 transligurati
3209 752 3419 798 essent.
3468 744 3585 799 Nisi

2015 829 2162 882 cnim
2181 840 2367 883 essent
2391 831 2790 900 transligurati,
2806 848 2914 884 non
2929 833 3403 902 colloquerentur.
3425 833 3588 890 Juxta

2017 930 2201 973 autem
2238 921 2482 985 Lucam,
2515 923 2890 992 Loquebantur
2929 939 3056 978 cum
3094 926 3224 979 Jesu
3279 925 3342 978 de
3376 943 3588 981 excessu

2019 1029 2173 1082 quem
2195 1014 2548 1083 complcturus
2573 1025 2689 1068 erat
2717 1017 2771 1068 in
2802 1016 3100 1070 Jerusalem
3120 1018 3164 1046 ⁵⁰
3190 1028 3384 1088 :atque
3408 1018 3478 1072 ab
3507 1018 3591 1073 eis

2017 1104 2631 1174 audiebantdiseipuli,
2668 1107 2814 1176 quod
2863 1106 3147 1176 quondam
3202 1123 3314 1162 non
3369 1110 3591 1163 intelle-

2016 1193 2269 1249 lexerant
2303 1195 2371 1256 σί,
2434 1213 2560 1249 cum
2591 1197 2672 1250 eis
2723 1198 2888 1251 Jesus
2938 1200 3301 1268 loqueretur,
3362 1199 3589 1269 quando

2015 1288 2180 1339 etiam
2200 1287 2399 1340 Petrus
2421 1289 2644 1356 sapiens
2659 1304 2781 1357 qum
2803 1291 3260 1358 sunthominum,
3282 1292 3592 1361 increpavit

2015 1377 2202 1432 Jesum
2225 1379 2503 1434 dicentem
2529 1379 2647 1434 fore
2698 1390 2758 1435 ut
2785 1381 2853 1435 ab
2872 1382 3195 1438 hominibus
3212 1385 3590 1446 occideretur.

2014 1488 2080 1526 ac
2097 1473 2186 1529 die
2207 1476 2370 1528 tertia
2403 1490 2430 1528 a
2465 1477 2701 1529 mortuis
2734 1478 3139 1548 resurgeret".
3159 1479 3228 1533 Ut
3246 1481 3433 1550 itaque
3450 1479 3588 1543 dixi,

2013 1564 2322 1634 loquuntur
2350 1581 2476 1620 cum
2508 1567 2638 1621 Jesu
2661 1567 2876 1638 Moyses
2907 1577 2965 1622 et
2993 1571 3143 1623 Elias
3179 1587 3191 1623 :
3223 1570 3332 1624 hoc
3362 1577 3471 1633 est,
3497 1570 3587 1624 lex

2014 1664 2070 1708 et
2099 1655 2403 1724 prophetae.
2435 1655 2669 1720 Quando
2685 1672 2882 1710 eorum
2914 1658 3589 1726 rationestransﬁgurata:

2015 1743 2242 1807 fuerint,
2289 1761 2353 1798 ac
2400 1746 2538 1813 legis
2591 1749 2801 1801 umbra:
2848 1759 3050 1811 moue;
3095 1757 3232 1802 tunc
3280 1758 3338 1803 et
3378 1749 3590 1820 Moyses

2018 1834 2195 1886 ﬁdelis
2217 1849 2431 1897 servus,
2456 1835 2551 1903 qui
2584 1834 2842 1888 universa
2869 1836 2936 1888 ad
2964 1836 3247 1890 Christum
3278 1837 3588 1905 spectantia

2014 1922 2321 1990 scripserit,
2349 1922 2510 1977 fidem
2536 1923 2783 1986 habebit,
2805 1925 3036 1994 ejusque
3059 1926 3352 1994 perspicue
3375 1927 3586 1979 exitum

2012 2029 2176 2082 quem
2206 2023 2326 2067 erat
2356 2015 2739 2082 completurus
2774 2017 2828 2068 in
2861 2015 3194 2079 Jerusalem,
3231 2033 3297 2070 cx
3321 2017 3438 2070 suis
3466 2016 3588 2084 ipse

2012 2105 2325 2158 rationibus
2367 2105 2672 2160 exhibebit.
2719 2106 2877 2172 Quod
2921 2117 3109 2162 autem
3146 2108 3316 2175 aliqui
3350 2122 3588 2177 percon-

2011 2202 2223 2256 tantur,
2269 2192 2442 2257 unde,
2487 2201 2583 2246 aut
2609 2195 2914 2262 quomodo,
2968 2210 3037 2250 cx
3085 2196 3363 2264 quibusve
3410 2194 3587 2266 signis

2011 2284 2272 2352 discipuli
2307 2284 2608 2352 prophetas
2636 2285 3033 2354 cognoverint,
3088 2286 3236 2340 haud
3275 2285 3410 2339 mihi
3440 2285 3584 2339 scita

2010 2374 2235 2426 videtur
2269 2373 2642 2442 percontatio,
2674 2389 2738 2427 ac
2768 2374 2932 2443 digna
2964 2374 3241 2428 examine.
3297 2372 3584 2442 Siquidem

2009 2467 2158 2519 enim
2178 2465 2244 2519 ad
2269 2474 2477 2518 tantam
2497 2464 2891 2518 celsitudinem
2913 2472 3288 2533 provexerant
3310 2473 3371 2518 ut
3389 2462 3584 2533 grandi

2009 2557 2148 2610 adeo
2186 2556 2506 2624 spectaculo
2536 2555 2688 2623 digni
2747 2555 3108 2617 haberentur,
3170 2555 3319 2624 quod
3350 2555 3469 2624 ipse
3524 2569 3585 2609 se

2007 2649 2090 2701 eis
2129 2663 2237 2701 una
2267 2662 2392 2700 cum
2447 2646 2736 2715 prophetis
2794 2646 3250 2716 transﬁguratum
3279 2646 3535 2699 revelans
3567 2685 3583 2706 ,

2006 2753 2239 2807 regnum
2286 2736 2557 2789 ccelorum
2600 2734 2963 2804 appellasset,
2994 2735 3275 2803 quomodo
3311 2732 3588 2790 condisci-

2006 2829 2170 2897 pulos
2209 2827 2466 2896 ignorarc
2516 2825 2823 2894 poterant?
2879 2826 3048 2880 Plane
3080 2834 3138 2880 et
3193 2826 3298 2894 ipsi
3345 2825 3585 2894 apostoli

2005 2917 2292 2985 propheta:
2305 2926 2467 2968 erant
2487 2931 2501 2966 :
2521 2915 2807 2983 propheta:
2821 2924 3006 2969 autem
3022 2931 3130 2969 una
3151 2930 3276 2969 cum
3295 2915 3587 2985 prophetis

2007 3013 2320 3067 versantes,
2370 3020 2535 3059 unam
2572 3021 2636 3057 ac
2669 3005 2922 3059 eamdem
2949 3005 3210 3059 obtinent
3249 3006 3583 3070 scientiam;

2009 3111 2074 3149 ac
2100 3095 2338 3150 maxime
2393 3105 2668 3164 praesente
2723 3096 2882 3158 Jesu,
2940 3096 3363 3166 principemque
3414 3096 3585 3150 animi

2011 3195 2228 3257 partem
2269 3187 2644 3249 illuminantc,
2677 3204 2741 3240 ac
2765 3187 2833 3241 ad
2866 3187 3119 3242 divinam
3159 3203 3317 3243 suam
3349 3188 3584 3242 formam

2009 3287 2246 3332 mentem
2283 3278 2578 3331 formante.
2607 3278 2946 3346 Respondeas
2971 3288 3150 3333 autem
3198 3279 3387 3333 Petrus
3435 3279 3584 3344 Jesu,

2006 3370 2175 3420 dixit:
2197 3367 2434 3431 Domine,
2449 3369 2640 3421 bonum
2665 3378 2741 3423 est
2758 3386 2851 3422 nos
2869 3371 2951 3423 hic
2973 3387 3106 3423 esse.
3124 3370 3181 3424 Si
3198 3372 3296 3434 vis,
3324 3370 3586 3439 faciamus

2006 3461 2089 3511 hic
2141 3459 2245 3511 tria
2281 3458 2670 3524 tabernacula,
2730 3462 2821 3513 tibi
2868 3477 3055 3521 unum,
3109 3460 3278 3530 Moysi
3331 3478 3499 3515 unum
3535 3471 3586 3515 et

2013 3550 2146 3604 Elia:
2161 3567 2325 3603 unum
2351 3551 2699 3606 ".Senserat
2729 3553 2952 3618 Petrus,
2973 3552 3108 3622 quid
3141 3552 3288 3607 inter
3307 3552 3586 3622 Spiritalia

2007 3657 2071 3696 ac
2100 3642 2321 3694 sensilia
2347 3641 2644 3695 interesset
2676 3642 3024 3700 dismiminis
3050 3684 3066 3707 ,
3097 3659 3162 3699 ac
3191 3645 3410 3713 potiora
3429 3643 3586 3698 dete-

2007 3731 2252 3785 rioribus
2268 3732 2527 3802 eligendo
2549 3733 2840 3802 praaponit.
2859 3732 3134 3787 Caeterum
3161 3750 3231 3789 ne
3255 3734 3439 3789 adhuc
3456 3733 3586 3804 qui-

2008 3822 2133 3876 dem
2155 3822 2397 3892 perfecte
2424 3823 2635 3877 sciebat
2657 3838 2721 3877 ea
2737 3840 2862 3893 qua:
2879 3825 3215 3880 videbantur
3239 3842 3254 3878 :
3287 3841 3413 3880 nam
3441 3825 3587 3880 alio-

2007 3913 2102 3983 qui
2127 3915 2183 3968 in
2200 3914 2548 3983 spiritalibus
2564 3915 2769 3968 nullam
2791 3915 3280 3970 tabernaculorum
3310 3918 3586 3972 rationem

2011 4004 2322 4058 habuisset.
2360 4004 2526 4059 Forte
2553 4020 2686 4059 vero
2716 4007 2791 4060 ita
2818 4006 3072 4076 loquitur
3099 4047 3114 4071 ,
3172 4009 3375 4062 anxius
3402 4007 3588 4063 adhuc

2011 4096 2077 4150 de
2117 4103 2478 4164 prmceptore,
2513 4096 2586 4150 ob
2616 4105 2876 4160 mortem,
2921 4112 3090 4166 quam
3117 4096 3489 4167 praedixisset,
3516 4098 3587 4153 de

2009 4203 2114 4254 qua
2143 4187 2307 4241 etiam
2343 4187 2438 4255 qui
2466 4198 2846 4256 apparuerant
2875 4189 3250 4258 loquebantur
3275 4204 3402 4244 cum
3429 4188 3582 4244 Jesu.

2007 4276 2261 4331 Consona
2319 4277 2469 4331 enim
2527 4293 2660 4331 voce
2707 4278 2918 4332 exitum
2979 4279 3134 4332 illum
3189 4278 3588 4348 Hierosolymis

2008 4368 2258 4421 futurum
2292 4368 2572 4423 dicebant.
2606 4369 2823 4422 Idcirco
2851 4370 2996 4424 forte
3025 4371 3254 4441 rogabat
3281 4378 3590 4440 praecepto-

2010 4476 2148 4519 rem,
2201 4468 2262 4512 ut
2291 4460 2498 4514 'mallet
2537 4459 2653 4513 illic
2691 4476 2936 4525 manere,
2992 4477 3097 4516 nec
3158 4463 3272 4516 ullo
3307 4478 3367 4516 se
3421 4461 3586 4515 modo

324 4539 524 4592 ἑαυτὸν
550 4539 733 4592 δοῦναι
761 4543 876 4603 τοῖς
922 4540 1178 4610 φθονοῦσι
1224 4541 1348 4595 κατ’
1379 4541 1549 4596 αὐτοῦ
1587 4542 1907 4612 Φαρισαίοις
1939 4565 1983 4619 η
2013 4553 2086 4604 ιιι.

1827 4559 1907 4604 οις
1939 4565 1983 4619 ῃ
2013 4551 2303 4605 Ριιοτίεωίε
2333 4567 2397 4604 ac
2431 4550 2646 4604 Scribis
2674 4567 2875 4606 necare
2901 4553 3223 4607 volentibus
3239 4553 3420 4607 daret.
3447 4553 3587 4608 For-

324 4633 424 4685 καὶ
474 4631 922 4702 Γραμματεῦσιν.
983 4635 1144 4703 ’ῼετο
1192 4634 1303 4705 γὰρ
1363 4634 1498 4696 ἴσως
1554 4636 1613 4687 ἐν
1663 4635 1742 4704 τῷ
1789 4635 1908 4704 δρει
2012 4643 2086 4696 sit

1825 4651 1908 4704 ρει
2012 4643 2156 4696 sitan
2197 4642 2345 4695 enim
2381 4641 2765 4696 arbitrabatur
2818 4641 2938 4696 fore
2986 4651 3047 4696 ut
3089 4643 3275 4697 nullus
3335 4641 3403 4696 ad
3458 4657 3586 4696 eum

328 4725 537 4795 μηδένα
586 4725 698 4778 τῶν
748 4724 1056 4779 ἐπιϐούλων
1111 4729 1198 4779 ἐπ’
1237 4727 1406 4782 αὑτὸν
1457 4726 1907 4798 παραγενέσθαι·

325 4816 427 4870 καὶ
461 4815 638 4879 ἄλλως
683 4816 744 4870 τὸ
779 4819 836 4868 ἐν
871 4818 1233 4890 Ἰερουσαλὴμ
1259 4819 1517 4887 γενέσθαι
1540 4858 1556 4881 ,
1608 4819 1704 4872 καὶ
1733 4820 1792 4871 ἐν
1815 4817 1910 4870 ἄλ-

2011 4733 2310 4787 insidiator
2365 4733 2421 4786 in
2472 4741 2664 4786 monte
2699 4734 2993 4787 accederet
3037 4750 3052 4787 :
3097 4749 3163 4787 ac
3206 4733 3417 4802 alioqui
3475 4748 3589 4789 non

2009 4833 2228 4894 poterat
2265 4823 2405 4888 ﬁeri,
2448 4833 2509 4876 ut
2545 4832 2601 4878 et
2633 4824 2687 4877 in
2727 4824 3066 4888 Jerusalem,
3126 4832 3184 4878 et
3232 4824 3290 4878 in
3321 4824 3432 4878 alio
3466 4824 3589 4879 loco

323 4905 403 4975 λῳ
425 4906 598 4973 τόπῳ,
628 4905 740 4961 τῶν
769 4907 872 4961 οὐκ
895 4908 1264 4978 ἐνδεχομένων
1290 4904 1379 4979 ῆν.
1419 4907 1598 4962 Καλὸν
1626 4905 1721 4964 οῦν
1751 4910 1904 4963 ἐστιν
2007 4931 2085 4970 es:

1823 4925 1904 4963 τιν
2007 4924 2181 4970 esset.
2210 4916 2441 4969 Praestat
2465 4930 2601 4984 ergo
2621 4931 2724 4969 nos
2746 4931 2871 4970 cum
2893 4915 3077 4986 Moyse
3105 4924 3160 4969 et
3181 4915 3302 4969 Elia
3327 4914 3419 4969 hic
3441 4929 3585 4978 esse,

322 4998 478 5068 ἡμᾶς
511 4991 613 5051 ὧδε
645 5000 744 5053 σὺν
776 5001 1000 5054 Μωῦσεί
1026 5001 1120 5052 καὶ
1148 5000 1304 5072 Ἠλίᾳ
1329 4995 1472 5054 εἶναι
1492 5042 1507 5065 ,
1543 5002 1576 5073 ἢ
1614 5001 1752 5073 πρὸς
1781 5002 1907 5065 τοὺς

323 5088 580 5158 ἁνιέρους
636 5091 733 5142 καὶ⁸
781 5091 1104 5154 θεοκτόνους
1155 5091 1416 5146 ἀπελθεῖν
1458 5095 1645 5164 ἱερεῖς.
1702 5095 1812 5146 Καὶ
1857 5096 1906 5147 εἰ

326 5179 465 5248 πρδς
486 5180 549 5234 τὸ
568 5181 865 5253 λεγόμενον
884 5185 1201 5258 ἐπινεύσῃς,
1219 5186 1572 5254 Ποιήσωμεν
1589 5181 1726 5253 ὦδε,
1747 5188 1905 5258 φησὶ,

326 5269 488 5336 τρεῖς
528 5274 797 5340 σκηνάς-ο
855 5277 956 5330 σοι
991 5277 1158 5345 μίαν,
1209 5277 1308 5330 καὶ
1340 5278 1588 5331 Μωῦσεῖ
1607 5278 1908 5347 μίαν,·καὶ

339 5358 507 5425 Ἠλίᾳ
533 5362 702 5429 μίαν.
751 5363 876 5416 Ὀτι
905 5365 960 5418 δέ
993 5365 1311 5434 φειδόμενος
1341 5365 1502 5435 δῆθεν
1527 5365 1623 5420 τοῦ
1651 5367 1906 5422 διδασκά-

325 5445 421 5499 λου
452 5451 670 5519 ἠγνόει,
721 5455 790 5524 τῇ
825 5454 1073 5526 σωτηρίᾳ
1100 5455 1198 5508 τοῦ
1227 5457 1436 5525 κόσμου
1471 5457 1757 5528 γινόμενος
1787 5456 1901 5512 κώ-

391 5561 445 5631 ”_
472 5561 662 5617 Matth.
706 5579 836 5628 xvn,
891 5564 947 5629 ‘2,
988 5565 1042 5620 5.
1159 5567 1206 5600 “
1235 5566 1369 5622 Luc.
1403 5584 1452 5621 IX
1481 5609 1495 5631 ς
1527 5570 1615 5622 δί-

327 5628 372 5663 ⁸⁶
425 5629 558 5686 Luc.
588 5648 661 5698 Ix,
693 5632 782 5688 '54.

1719 5571 1760 5601 “
1795 5569 1933 5628 Luc.
1981 5589 2133 5639 xvm,
2163 5575 2253 5630 54.

2011 5025 2177 5079 quam
2199 5007 2264 5062 ad
2296 5007 2557 5076 profanos
2589 5024 2656 5062 ac
2685 5007 2994 5063 homicidas
3023 5008 3105 5061 ire
3140 5007 3481 5062 sacerdotes.
3512 5006 3592 5061 Ac

2013 5099 2059 5152 si
2088 5098 2312 5168 quidem
2351 5099 2596 5152 sermoni
2651 5099 2919 5154 annueris
2949 5116 2963 5151 :
2998 5097 3282 5152 Faciamus
3315 5137 3330 5161 ,
3387 5096 3588 5166 inquit,

2011 5190 2095 5243 hic
2143 5190 2248 5241 tria
2282 5187 2652 5252 tabernacula,
2717 5190 2808 5244 tibi
2861 5206 3050 5254 unum,
3101 5188 3268 5260 Moysi
3329 5204 3496 5240 unum
3541 5195 3590 5242 et

2013 5279 2150 5334 Elia:
2171 5297 2358 5335 unum.
2379 5279 2536 5345 Quod
2559 5291 2744 5334 autem
2771 5297 3010 5350 parcens
3029 5280 3376 5350 praeceptori,
3398 5279 3588 5332 mundi

2012 5387 2071 5426 se
2092 5372 2255 5425 saluti
2283 5371 2680 5441 impedimento
2701 5387 2825 5426 esse
2855 5372 3120 5436 nesciret,
3149 5371 3390 5425 advertit
3415 5369 3594 5423 Lucas

2013 5463 2208 5517 dicens
2244 5479 2256 5513 :
2290 5461 2537 5517 Nesciens
2562 5463 2689 5533 quid
2716 5463 2910 5518 diceret
2937 5465 3004 5522 “.
3047 5464 3264 5518 Marcus
3303 5475 3438 5516 vero
3462 5461 3539 5514 ait
3572 5476 3590 5516 ι

2385 5579 2431 5608 ⁵⁸
2459 5577 2650 5632 Matth.
2684 5593 2796 5642 xvr,
2831 5580 2922 5633 21.
3031 5578 3079 5610 ⁸³
3145 5575 3337 5632 Matth.
3366 5591 3502 5642 xvu,
3533 5574 3589 5633 4.

1622 5727 1857 5784 VARle
1896 5732 2304 5790 LECTIONES.

415 5831 430 5882 ἒ
465 5833 915 5904 Συμμετιιμορφ.
943 5836 1106 5893 Forte
1134 5840 1804 5917 συμμεταμορφωθέντες·
1833 5845 1916 5900 vel
1949 5846 2035 5900 ὅτε
2066 5847 2704 5923 συμμεταμορφωθὼσιν.
