4462 6440
861 372 992 437 1171

1986 379 2046 436 S.
2091 377 2486 436 ANAS’I‘ASII
2527 377 2996 438 ANTIOCHENI

3983 366 4123 434 1372

855 483 975 538 Non
1004 483 1143 536 enim
1166 483 1358 536 sciebat
1384 484 1509 550 quid
1538 484 1732 536 diceret
1765 484 1832 549 ⁸⁸,
1860 500 1964 538 nec
1986 485 2120 553 quid
2145 487 2432 554 cogitaret.
2466 489 2510 545 Α
2541 483 2617 552 λυι

2357 494 2432 538 et.
2466 489 2510 545 Α
2541 483 2706 552 λυμα,
2739 487 2953 546 Λουκᾶς
2979 481 3303 536 ἐπισκέπτει
3328 481 3528 547 λέγων’
3560 481 3656 544 Μὴ
3681 479 3851 542 εἰδὼς
3877 481 3908 533 ὃ
3930 482 4116 549 λέγει.

856 574 1248 629 Consistantin
1279 575 1402 628 loco
1435 573 1770 640 sublimiori,
1806 575 1902 645 qui
1928 577 2303 631 ascenderunt
2329 593 2434 630 una

855 680 986 721 cum
1010 666 1163 722 Jesu.

929 842 1016 896 Vl.
1065 841 1249 897 Adhuc
1282 859 1342 896 eo
1378 841 1643 913 loquente,
1692 861 1803 898 ecce
1846 846 2003 898 nubes
2047 846 2220 900 lucida
2253 849 2434 901 obum-

858 933 1026 985 bravit
1057 948 1161 985 eos.
1195 931 1263 986 Et
1292 949 1406 986 ecce
1433 952 1531 988 vox
1561 936 1621 987 de
1656 936 1788 987 nube
1812 951 1830 987 :
1867 934 1964 987 llic
1994 946 2068 988 est
2099 935 2261 988 Filius
2297 954 2437 989 meus

858 1024 1218 1087 cltariuimus,
1253 1026 1308 1077 in
1338 1042 1440 1094 quo
1474 1027 1598 1078 mihi
1627 1027 1752 1078 bene
1782 1026 2095 1095 complacui,
2129 1030 2298 1096 ipsum
2341 1044 2437 1080 au-

859 1114 985 1166 dite.
1007 1112 1074 1166 Et
1096 1114 1368 1168 audientes
1389 1116 1631 1184 discipuli
1654 1117 1947 1170 ceciderunt
1972 1118 2023 1169 in
2050 1118 2236 1186 [aciem
2261 1135 2434 1179 suam,

861 1215 910 1256 et
949 1206 1234 1259 timuerunt
1275 1206 1445 1259 valde.
1481 1206 1550 1260 Et
1597 1211 1809 1260 accessit
1850 1208 2020 1271 Jesus,
2054 1217 2099 1260 et
2147 1211 2310 1277 tetigit
2355 1227 2440 1262 eos

861 1297 1094 1364 dixitque
1125 1299 1198 1350 eis
1229 1313 1247 1351 :
1277 1295 1506 1368 Surgite,
1540 1307 1588 1350 et
1622 1299 1781 1351 nolite
1805 1302 2007 1353 timere.
2046 1299 2298 1352 Levuntes
2337 1318 2438 1353 au-

862 1397 967 1441 tem
1031 1387 1208 1443 oculos
1265 1407 1420 1454 suos,
1483 1392 1741 1442 neminem
1806 1392 2045 1445 viderunt
2114 1394 2213 1446 nisi
2270 1395 2440 1446 solum

860 1479 1042 1533 Iesum
1079 1482 1147 1534 ³⁸.
1177 1480 1314 1536 Cum
1359 1482 1538 1535 adhuc
1573 1483 1766 1535 Petrus
1799 1497 1899 1550 pro
1932 1497 1994 1535 ea
2026 1483 2319 1537 affectione
2356 1486 2439 1539 lo-

862 1581 1128 1641 queretur
1161 1589 1266 1640 qua
1290 1571 1354 1625 ad
1383 1581 1776 1640 prmeeptorem
1805 1573 2061 1637 habebat,
2090 1575 2271 1628 lucida
2295 1591 2442 1643 qua:-

862 1663 987 1718 dam
1035 1664 1210 1718 nubes
1243 1664 1480 1733 desuper
1509 1664 1896 1730 obumbravit;
1930 1681 2145 1735 voxque
2181 1666 2250 1722 de
2293 1668 2440 1723 nube

862 1756 1070 1824 prodiit
1102 1756 1328 1809 Petrum
1361 1756 1668 1825 corrigens,
1700 1756 1839 1810 forte
1872 1773 2002 1812 vero
2045 1760 2210 1812 etiam
2251 1760 2437 1814 condi-

2537 577 2768 644 Μάρκος
2810 576 2868 628 δέ
2921 589 3120 644 φησιν·
3184 576 3266 628 Οὐ
3299 573 3408 641 γὰρ
3442 573 3568 640 ᾔδει
3607 571 3663 624 τί
3687 567 3878 634 εἶπεν,
3915 573 4038 624 οὐδὲ
4066 574 4122 625 τί

2539 671 2764 725 νοεῖται.
2812 668 2899 721 Ἐν
2943 667 3021 736 τῷ
3063 670 3217 737 τόπῳ
3266 665 3601 735 ὑψηλότερον
3632 666 3878 716 ἔστωσαν
3910 665 3960 717 οι
3994 681 4122 717 συν-

2537 761 2840 824 αναϐάντες
2877 761 2956 830 τῷ
2991 760 3190 830 Ἰησοῦ.

2610 855 2738 907 Ἔτι
2769 854 2956 908 αὐτοῦ
2993 853 3350 918 λαλοῦντος,
3399 851 3530 905 ἰδοὺ
3579 853 3804 919 νεφέλη
3859 850 4122 917 φωτεινὴ

2536 950 2908 1004 ἐπεσκίασεν
2933 949 3139 1013 αὐτοῖς
3163 964 3176 976 ·
3215 950 3311 1000 καὶ
3344 947 3514 1015 φωνὴ
3572 946 3641 998 ἐκ
3688 946 3799 1010 τῆς
3857 946 4125 1013 νεφέλης

2536 1040 2833 1107 λέγυυσα·
2873 1035 3066 1103 Οὗτός
3107 1039 3277 1090 ἐστιν
3328 1041 3359 1089 ὀ
3416 1037 3544 1101 Υιός
3583 1053 3703 1104 μου
3729 1038 3760 1086 ό
3787 1036 4122 1102 ἀγαπητὸς,

2537 1132 2606 1185 ἐν
2643 1123 2691 1196 ᾧ
2740 1129 3094 1195 ηὑδόκησα·
3148 1126 3338 1181 αὑτοῦ
3385 1127 3657 1180 ἀκούετε.
3719 1128 4128 1189 Ἀκούσαντες

2539 1222 2606 1274 δὲ
2643 1223 2696 1274 οι
2741 1223 3022 1288 μαθηταὶ,
3054 1223 3281 1273 ἔπεσον
3319 1220 3416 1270 ἐπὶ
3444 1217 3508 1270 τὸ
3537 1218 3865 1284 πρόσωπον
3896 1215 4126 1278 αὐτῶν,

2539 1313 2636 1365 καὶ
2667 1311 3056 1380 ἐφοϐήθησαν
3090 1311 3344 1378 σφόδρα.
3375 1309 3480 1362 Kal
3514 1307 3868 1375 προσῆλθεν
3914 1311 3947 1361 o'
4011 1310 4126 1373 ’1η-

2539 1402 2712 1467 σοῦς,
2736 1402 2831 1454 καὶ
2864 1400 3061 1467 ἥψατο
3096 1399 3316 1463 αὐτῶν,
3349 1399 3544 1466 ,λέγων
3570 1413 3584 1426 '
3627 1396 3984 1464 Ἐγείρεσθε,
4021 1399 4124 1449 καὶ

2535 1493 2620 1560 μὴ
2650 1493 2949 1559 φοϐεῖσθε.
2971 1490 3336 1556 Ἑπάραντες
3363 1489 3431 1540 δὲ
3457 1487 3598 1551 τοὺς
3622 1487 3992 1554 ὀφθαλμοὺς,
4023 1488 4128 1538 οὐ·

2536 1583 2682 1636 δέκα
2706 1579 2871 1636 εἶδον
2891 1585 2942 1636 εί
2976 1583 3061 1650 μὴ
3096 1583 3290 1650 μόνον
3323 1580 3589 1646 Ἰησοῦν.
3635 1579 3872 1631 Ἐτιτοῦ
3908 1578 4126 1646 Πέτρου

2541 1674 2827 1736 λαλοῦντος
2842 1675 2907 1727 τὰ
2926 1675 3024 1742 τῆς
3058 1671 3430 1744 προσπαθείας
3466 1671 3564 1739 τῆς
3587 1671 3724 1740 πρὸς
3750 1669 3841 1722 τὸν
3863 1669 4127 1721 διδασκα-

2543 1766 2632 1818 λον
2666 1768 2905 1836 ῥήματα,
2936 1766 3172 1832 φωτεινή
3197 1781 3281 1826 τις
3316 1762 3524 1816 ἄνωθεν
3555 1761 3754 1829 νεφέλη
3779 1761 4077 1813 ἐπεσκέασε
4109 1775 4126 1791 ο

861 1848 1124 1917 scipulos,
1153 1848 1245 1916 qui
1271 1855 1326 1901 et
1351 1847 1451 1915 ipsi
1487 1847 1718 1900 forsitan
1741 1847 1886 1901 idem
1909 1857 2074 1916 atque
2098 1849 2186 1902 ille
2211 1850 2434 1914 vellent,
2469 1827 2512 1881 Β
2546 1857 2623 1908 καί

2374 1858 2434 1914 ιι.
2469 1827 2512 1881 Β
2546 1857 2638 1908 καὶ
2669 1857 2819 1924 φωνὴ
2868 1855 3051 1926 παρῆν
3098 1856 3160 1906 ἐκ
3208 1854 3310 1921 τῆς
3357 1852 3585 1920 νεξέλης
3635 1849 3994 1921 διορθουμένη
4034 1848 4130 1900 τὸν

862 1957 928 1994 ac
979 1941 1034 1994 in
1078 1950 1265 1994 monte
1312 1940 1644 1995 manendum
1692 1940 1942 1993 dicerent
1973 1959 1983 1993 :
2018 1949 2076 1993 ut
2121 1956 2189 1993 ne
2228 1943 2437 1996 scilicet

863 2034 1204 2086 contrarium
1235 2033 1442 2099 aliquid
1470 2033 1674 2086 dilecto
1716 2032 1852 2084 Filio
1889 2044 2174 2100 saperent;
2212 2034 2306 2087 sed
2340 2050 2432 2086 au-

863 2125 1050 2178 dirent
1082 2139 1228 2187 eum,
1275 2139 1338 2176 ac
1373 2125 1493 2192 ejus
1528 2133 1896 2191 sequerentur
1930 2125 2290 2189 voluntatem,
2331 2142 2438 2194 qua

866 2215 1256 2268 universorum
1307 2223 1584 2268 constaret
1634 2216 1802 2268 salus.
1850 2215 1991 2280 Quid
2041 2226 2224 2269 autem
2277 2217 2440 2272 nubis

866 2309 1033 2377 hujus
1055 2308 1301 2378 symbolo
1328 2307 1559 2375 intelligi
1584 2307 1801 2369 debeat,
1827 2323 1891 2360 ex
1916 2307 2189 2361 similibus
2213 2308 2267 2360 in
2295 2308 2444 2363 Scri-

865 2410 1029 2470 ptura
1063 2401 1228 2454 dictis
1273 2399 1663 2469 inquirendum
1713 2400 1804 2453 sit.
1853 2398 1989 2452 Nam
2034 2410 2090 2453 et
2127 2399 2345 2469 Moysen
2387 2401 2441 2454 in

865 2493 1069 2547 nubem
1117 2493 1421 2562 ingressum
1466 2491 1780 2544 invenimus
1807 2493 1874 2556 ",
1907 2492 2128 2560 quando
2164 2493 2252 2546 illa
2284 2510 2441 2546 mon-

866 2593 975 2637 tem
1008 2585 1228 2651 operuit
1263 2585 1315 2636 in
1347 2583 1566 2635 deserto
1595 2584 1816 2636 llorcb:
1849 2591 2225 2651 testanturque
2257 2585 2442 2638 divina

866 2674 1088 2726 oracula
1123 2675 1190 2737 ⁵⁸,
1230 2675 1535 2740 ingressum
1574 2673 1626 2725 in
1663 2673 1953 2742 caliginem
1991 2674 2083 2727 ubi
2129 2675 2274 2729 Deus
2303 2685 2440 2729 erat.

869 2764 1009 2816 Tum
1039 2764 1225 2825 etiam,
1256 2779 1379 2816 cum
1409 2763 1539 2815 olim
1570 2763 1745 2817 nubes
1776 2764 1925 2816 varie
1950 2763 2161 2818 obtexit
2186 2765 2444 2820 taberna-

868 2854 1056 2908 culum
1089 2853 1410 2917 testimonii,
1435 2853 1674 2921 indeque
1704 2854 1848 2907 Deus
1865 2854 2196 2908 audiebatur
2215 2857 2447 2924 loquens

869 2960 994 2997 cum
1019 2943 1202 3014 Moyse
1226 2945 1292 2996 ".
1332 2945 1545 2997 Rursus
1584 2959 1714 2996 vero
1739 2945 1994 2997 columna
2025 2945 2189 2998 nubis
2219 2946 2448 3013 przcibat

869 3036 1096 3105 populo,
1133 3035 1370 3090 interdiu
1405 3035 1630 3104 quidem
1671 3050 1899 3098 rorans,
1934 3043 2104 3089 noctu
2140 3045 2324 3089 autem
2353 3052 2446 3090 ar-

871 3125 1027 3180 dens.
1058 3125 1165 3180 Sed
1197 3135 1253 3180 et
1283 3127 1450 3181 Isaias
1471 3133 1765 3179 venturum
1799 3123 2052 3193 prmdixit
2081 3125 2125 3155 “
2153 3126 2446 3179 Dominum

871 3217 928 3270 in
952 3215 1244 3287 Egyptum
1278 3233 1446 3286 super
1480 3217 1684 3270 nubem
1718 3217 1920 3269 levem.
1955 3215 2035 3268 Ad
2071 3216 2187 3269 lucc
2228 3230 2451 3285 quoque

871 3307 1128 3361 audimus
1153 3308 1210 3361 in
1237 3307 1553 3371 Salomone,
1583 3323 1707 3360 cum
1748 3306 2014 3374 templum
2038 3306 2366 3362 aediﬁcasset
2388 3322 2452 3360 ac

871 3398 1200 3463 dedicasset,
1257 3400 1510 3468 implesse
1570 3399 1773 3452 nubem
1826 3397 2052 3450 domum
2103 3398 2353 3464 Domini,
2392 3407 2452 3452 ut

871 3505 982 3543 non
1014 3501 1241 3558 possent
1280 3491 1597 3544 sacerdotes
1631 3489 1840 3559 ingredi
1870 3507 1934 3543 ac
1964 3490 2274 3544 sacriﬁcare
2303 3507 2332 3544 a
2374 3490 2453 3544 fa-

873 3583 957 3635 cie
999 3581 1166 3636 nubis
1193 3582 1258 3635 ".
1303 3581 1446 3644 ΙΙεεο,
1481 3597 1543 3635 ac
1575 3582 1644 3635 iis
1680 3583 1835 3650 plura
1868 3596 2162 3650 possumus
2193 3583 2450 3652 colligere

872 3688 939 3726 ex
981 3674 1239 3726 universa
1284 3673 1593 3740 Scriptura,
1624 3689 1734 3742 quo
1779 3689 1975 3726 sensus
2013 3675 2328 3742 propositus
2360 3690 2452 3728 ex-

873 3765 1111 3834 plicetur
1142 3780 1204 3817 ac
1236 3764 1546 3818 illustretur
1567 3806 1580 3827 ,
1608 3773 1664 3818 et
1694 3775 1753 3817 ut
1782 3765 2173 3833 intelligamus,
2200 3781 2449 3835 quaenam

873 3855 944 3908 sit
976 3857 1078 3908 ista
1108 3854 1305 3918 nubes,
1335 3854 1672 3908 obumbrans
1703 3869 1896 3909 omnes
1925 3857 2018 3924 qui
2051 3864 2450 3925 apparuerunt,

874 3947 1133 4015 ipsosque
1169 3945 1307 3998 adeo
1355 3955 1713 4014 spectatores,
1746 3962 1812 3999 ex
1846 3962 1954 4016 qua
1997 3946 2161 4000 etiam
2210 3963 2315 4001 vox
2359 3948 2451 4002 illa

871 4038 1056 4092 audita
1083 4038 1154 4092 sit
1188 4056 1200 4089 :
1241 4038 1336 4091 llic
1365 4046 1440 4090 est
1474 4037 1637 4090 Filius
1682 4054 1827 4091 meus
1863 4039 2222 4104 charissimus,
2249 4042 2305 4092 in
2349 4056 2452 4108 quo

873 4128 1000 4180 mihi
1029 4127 1156 4180 bene
1179 4127 1503 4196 complacui;
1525 4130 1695 4198 ipsum
1723 4129 1923 4182 audite.

945 4307 1058 4360 Vll.
1106 4307 1366 4361 Prml’atas
1411 4307 1588 4360 nubes
1625 4307 1729 4360 sibi
1776 4307 1911 4375 ipsis
1957 4315 2218 4376 cognatas
2259 4307 2452 4362 existi-

877 4413 1027 4450 mare
1073 4406 1292 4465 oportet
1335 4415 1347 4449 ζ
1388 4396 1531 4459 11110,
1581 4413 1746 4450 unam
1821 4413 2016 4452 omnes
2063 4399 2452 4453 incunctanter

876 4488 1081 4543 dicere.
1113 4487 1222 4541 Nec
1253 4502 1385 4541 vero
1417 4496 1574 4541 terra:
1614 4488 2020 4541 exhalationem
2058 4489 2320 4557 aliquam,
2357 4498 2452 4542 aut

877 4596 1031 4650 aquae
1062 4580 1531 4650 evaporationem,
1564 4579 1648 4634 vel
1679 4580 2164 4634 condensationem
2189 4581 2332 4635 aeris
2365 4581 2460 4635 dc-

876 4675 1070 4728 bemus
1116 4682 1407 4742 reputare;
1443 4681 1540 4726 aut
1593 4672 1819 4727 omnino
1871 4688 2095 4726 aereum
2139 4673 2274 4742 quid
2329 4689 2455 4727 cor-

876 4782 1059 4837 poreae
1091 4766 1416 4820 substantia:
1446 4782 1459 4818 :
1487 4764 1584 4820 sed
1615 4764 1778 4818 nobis
1811 4764 2152 4833 possibilem,
2188 4781 2252 4818 ac
2282 4765 2458 4818 facul-

878 4859 975 4912 tati
996 4864 1196 4910 nostrze
1218 4865 1525 4925 coaptatam
1544 4865 1756 4909 natura:
1776 4854 1977 4908 divina:
1998 4855 2273 4917 notitiam,
2291 4871 2456 4923 quam

878 4963 1118 5019 congrua
1188 4948 1360 5017 magis
1409 4962 1572 5008 voce,
1613 4943 2104 5016 magniﬁcentiami
2137 4986 2152 5009 ,
2193 4945 2450 5000 Davidica

879 5038 1064 5108 phrasi
1093 5037 1415 5091 dixerimus.
1450 5036 1588 5102 Quia
1620 5037 1768 5090 enim
1802 5035 1949 5090 ortui
1979 5050 2044 5090 ac
2077 5035 2328 5089 interitui
2359 5035 2456 5088 ob-

881 5134 1062 5188 noxiis
1107 5133 1304 5187 divime
1356 5141 1568 5187 natura:
1626 5132 2050 5202 comprehensio
2098 5130 2456 5200 impossibilis

955 5285 1000 5316 ⁵³
1020 5284 1184 5338 Marc.
1215 5300 1262 5337 tx
1281 5326 1294 5345 ,
1327 5285 1378 5337 ες.

886 5354 934 5385 ⁸⁸
960 5355 1061 5410 lsa.
1096 5369 1205 5417 xix,
1237 5355 1282 5407 l.

1457 5286 1502 5314 ⁵⁸
1533 5283 1723 5338 Matth.
1755 5300 1882 5345 xvu,
1911 5282 2025 5337 5-8.

1361 5355 1400 5383 ιι
1433 5355 1476 5407 ιι
1509 5354 1743 5423 Paralip.
1773 5370 1825 5416 ν,
1859 5354 1945 5406 13.

2477 3169 2520 3226 C

2545 1947 2748 2016 Πέτρον
2775 1963 2787 1974 °
2824 1947 2951 2008 ἴσως
2990 1947 3084 1998 καὶ
3131 1946 3258 2006 τοὺς
3313 1943 3675 2013 συμμαθητὰς
3715 1943 3782 1993 τὰ
3833 1941 3978 1993 αὐτὰ
4033 1941 4132 1992 θέ-

2544 2038 2736 2100 λοντας
2798 2039 2966 2106 αὐτῷ,
3025 2039 3118 2090 καὶ
3173 2037 3432 2103 λέγοντας
3483 2036 3542 2086 ὲν
3589 2034 3666 2102 τῷ
3717 2034 3834 2100 ὄρει
3891 2033 4082 2094 μένειν
4113 2049 4127 2062 ο

2545 2129 2685 2182 ὥστε
2722 2129 2890 2197 μηδὲν
2942 2129 3186 2182 ἐναντίον
3246 2131 3464 2196 φρονεῖν
3518 2125 3594 2195 τῷ
3645 2124 3915 2193 ἀγαπητῷ
3971 2123 4129 2192 Υίῷ,

2547 2220 2659 2272 ἀλλ’
2701 2219 2920 2271 ἀκούειν
2955 2217 3143 2280 αὑτοῦ,
3176 2220 3268 2269 καὶ
3304 2216 3534 2268 ἔπεσθαι
3583 2215 3660 2284 τῷ
3707 2214 3978 2283 θελήματι
4030 2216 4131 2265 αὑ-

2546 2309 2662 2361 τοῦ.
2690 2311 2968 2378 Σωτήριον
2991 2311 3099 2378 γάρ
3145 2310 3261 2360 ἐστι
3296 2309 3517 2360 πάντων
3567 2307 3893 2376 ἀνθρώπων.
3943 2307 4012 2358 Τί
4074 2307 4131 2357 δὲ

2547 2401 2655 2470 χρὴ
2684 2404 2822 2454 νοεῖν
2846 2406 2946 2466 τὴν
2971 2401 3202 2468 νεφέλην
3237 2399 3467 2467 ταύτην,
3506 2400 3570 2449 ἐκ
3606 2398 3713 2449 τῶν
3748 2396 3950 2466 ὁμοῖων
3981 2398 4132 2466 εἰρη-

2553 2493 2728 2562 μένων
2757 2494 2813 2543 ἐν
2853 2497 2918 2562 τῇ
2950 2493 3140 2562 Γραφῇ
3173 2492 3454 2560 ζητητέον.
3482 2489 3732 2558 Εὖρομεν
3761 2490 3868 2560 γὰρ
3911 2491 4008 2541 καὶ
4036 2490 4128 2541 τὸν

2550 2583 2792 2649 Μωῡσῆν
2824 2582 3138 2634 εἰσελθόντα
3169 2583 3248 2642 εἰς
3279 2583 3380 2650 τὴν
3438 2580 3692 2650 νεφέλην,
3737 2581 3825 2631 ὅτε
3882 2580 3942 2632 τὸ
4004 2580 4130 2648 ὅρος

2551 2672 2820 2739 ἐκάλυψεν
2849 2675 2906 2724 ὲν
2927 2676 2992 2742 τῇ
3025 2674 3218 2741 ἐρήμῳ
3254 2671 3460 2740 Χωρήδ
3493 2689 3504 2701 ·
3548 2672 3606 2732 ὃς
3641 2671 3735 2723 καὶ
3763 2670 4131 2739 ἐμαρτυρήθη

2551 2759 2813 2811 εἰσελθεῖν
2834 2760 2914 2820 εἰς
2943 2760 3037 2811 τὸν
3071 2761 3295 2827 γνόφον.
3329 2753 3390 2811 οὗ
3421 2756 3490 2828 ἦν
3522 2760 3549 2810 ὁ
3583 2759 3739 2823 Θεός.
3773 2754 3909 2811 Εἶτα
3938 2760 4000 2810 δὲ
4043 2759 4135 2811 καὶ

2551 2850 2639 2903 ὅτε
2670 2848 2768 2918 τὴν
2803 2849 3012 2918 σκηνὴν
3036 2848 3127 2900 τοῦ
3161 2849 3462 2918 μαρτυρίου
3496 2850 3771 2918 διαφόρως
3798 2849 4074 2917 ἐκάλυψεν
4103 2849 4134 2911 ἡ

2551 2941 2750 3008 νεφέλη
2778 2939 2965 3002 πάλαι,
3001 2939 3257 2992 κάκεῖθεν
3298 2939 3529 3008 ἠκούετο
3551 2940 3727 2991 λαλῶν
3751 2939 3829 3007 τῷ
3861 2940 4090 2991 Μωῦσεῖ
4111 2940 4138 2991 ὁ

2553 3032 2706 3095 Θεός.
2740 3031 2938 3093 Στύλος
2983 3031 3039 3084 δὲ
3086 3031 3249 3083 πάλιν
3301 3031 3531 3100 νεφέλης
3575 3031 3989 3100 προεπορεύετο
4048 3031 4136 3083 τοῦ

2554 3123 2704 3188 λαοῦ,
2726 3123 2993 3192 δροσίζων
3017 3123 3114 3192 μὶν
3137 3123 3372 3192 ἡμέρας,
3398 3123 3810 3194 ὲκπυροὺμενος
3829 3123 3889 3172 δὲ
3919 3123 4136 3184 νυκτός.

2567 3215 2727 3267 Ἀλλὰ
2750 3216 2844 3269 καὶ
2883 3216 3108 3277 Ἠσαῖας
3133 3214 3389 3284 προλέγει
3439 3215 3532 3267 τὸν
3586 3216 3793 3283 Κύριον
3843 3215 4003 3284 ἥξειν
4052 3215 4140 3266 ἐπὶ

2553 3307 2788 3376 νεφέλης
2833 3307 3045 3377 κούφης
3099 3312 3180 3372 εἰς
3221 3311 3518 3376 Αἴγυπτον.
3566 3308 3685 3360 Ἐτι
3714 3305 3770 3358 δὲ
3797 3309 3890 3358 καί
3918 3307 4017 3356 ἐπὶ
4045 3307 4139 3357 Σο-

2551 3399 2828 3468 λομῶντος
2858 3399 3151 3468 ἀκούομεν,
3201 3401 3289 3453 ὅτε
3343 3400 3436 3452 τὸν
3475 3398 3603 3452 ναὸν
3659 3397 3986 3467 ᾠκοδόμησε
4049 3395 4140 3448 καὶ

2553 3488 2912 3556 καθιέρωσεν,
2954 3488 3036 3539 ὅτι
3090 3489 3180 3540 τὸν
3248 3483 3395 3540 οἷκον
3447 3487 3768 3557 ἐπλήρωσεν
3820 3488 3854 3556 η
3913 3487 4135 3554 νεφέλη,

2553 3581 2648 3632 καὶ
2673 3580 2772 3631 οὐκ
2798 3579 3066 3646 ἠδύναντο
3096 3579 3360 3632 εἰσελθεῖν
3394 3580 3489 3632 καὶ
3520 3581 3823 3649 ἱερουργεῖν
3870 3579 3920 3630 οἰ
3976 3579 4141 3646 ἱερεῖς

2550 3673 2662 3726 ἀπὸ
2689 3671 2985 3741 προσώπου
3015 3673 3113 3741 τῆς
3139 3673 3391 3742 νεφέλης.
3418 3670 3606 3726 Ταῦτα
3644 3671 3739 3723 καὶ
3787 3669 3962 3722 πλείω
4016 3669 4141 3723 τού-

2551 3779 2659 3814 των
2708 3761 2936 3814 δυνατὺν
2983 3762 3092 3814 ἀπὸ
3129 3763 3313 3831 πάσης
3359 3762 3459 3831 τῆς
3509 3761 3731 3830 Γραφῆς
3784 3763 4139 3827 συναγαγεῖν,

2551 3855 2631 3913 εἰς
2665 3852 3013 3922 παράστασιν
3042 3853 3136 3904 καὶ
3168 3857 3468 3920 σαφήνειαν
3497 3851 3592 3904 τοῦ
3615 3850 3992 3920 προκειμένου
4017 3851 4143 3919 νοή-

2556 3962 2745 4014 ματος,
2769 3944 2974 3996 καὶτοῦ
2995 3944 3222 4010 γνῶναι,
3244 3943 3328 4006 τίς
3353 3940 3421 4013 ἦν
3438 3946 3470 4014 ἡ
3488 3943 3710 4010 νεφέλη,
3739 3942 3993 4004 ἅπαντας
4021 3943 4145 4004 τοὺς

2553 4037 2815 4104 ὀφθέντας
2843 4036 2941 4087 σὺν
2963 4038 3078 4099 τοῖς
3113 4036 3330 4098 θεαταῖς
3374 4035 3769 4096 ὲπισκιάσασα,
3804 4034 3927 4087 ὅθεν
3982 4034 4146 4101 ἠκού-

2555 4129 2655 4195 σθη
2691 4130 2784 4179 καὶ
2812 4130 2845 4198 ἠ
2869 4127 3021 4198 φωνὴ
3047 4127 3282 4195 λέγουσα
3312 4143 3328 4158 ο
3361 4123 3552 4192 Οὗτός
3576 4128 3747 4180 ἐστιν
3771 4129 3802 4178 ό
3857 4126 3994 4190 Υἱός
4030 4143 4147 4194 μου

2553 4222 2586 4272 ό
2609 4218 2933 4287 ἀγαπητὸς,
2966 4219 3035 4272 ἐν
3063 4212 3444 4286 ᾦηύδόκησα
3472 4234 3486 4248 ο
3515 4217 3702 4270 αὑτοῦ
3729 4219 4004 4271 ἀκούετε.

2623 4311 2736 4372 Τὰς
2770 4312 2870 4375 μὲν
2896 4311 3009 4380 γὰρ
3043 4310 3348 4380 εἰρημένας
3381 4309 3640 4376 νεφέλας,
3679 4311 3980 4375 συγγενεῖς
4009 4304 4147 4361 εἶναι

2554 4404 2840 4472 νομιστέον
2869 4403 3119 4473 ἀλλήλων
3153 4418 3166 4433 ·
3231 4400 3436 4469 μᾶλλον
3483 4401 3564 4464 δὲ,
3628 4400 3760 4470 μίαν
3809 4399 3910 4462 τὰς
3969 4400 4149 4457 πάσας

2484 4499 2529 4553 D
2555 4493 2736 4563 λέγειν
2764 4497 2864 4548 οὐκ
2889 4496 3148 4561 ὀκνητέον
3179 4509 3198 4526 ο
3241 4491 3303 4545 οὐ
3353 4492 3459 4560 γῆς
3512 4491 3634 4544 οὐδὲ
3677 4490 4072 4558 ἀναθυμίασιν,
4115 4489 4147 4557 ἢ

2139 5283 2182 5314 ³⁷
2217 5281 2392 5337 Exod.
2427 5300 2570 5345 SAR",
2602 5282 2685 5337 18.

2560 4585 2752 4647 ὕδατος
2783 4585 3105 4655 ὲξαέρωσιν,
3137 4584 3170 4654 ἢ
3199 4582 3482 4636 πύκνωσιν
3531 4581 3694 4652 ἀέρος
3727 4582 3948 4649 οἰητέον
3979 4583 4150 4649 αὐτὴν

2559 4672 2702 4729 εἶναι
2728 4693 2742 4707 ·
2777 4677 2886 4729 οὐδ’
2919 4678 3059 4738 ὅλως
3087 4692 3140 4727 τι
3175 4676 3272 4743 τῆς
3309 4674 3632 4743 σωματικῆς
3684 4673 3872 4734 οὐσίας
3918 4673 4108 4742 ἀέριον
4132 4689 4145 4701 ·

2557 4767 2696 4820 ἀλλὰ
2731 4769 2865 4835 ἡμῖν
2890 4767 3144 4834 ἐφικτὴν,
3201 4767 3296 4817 καὶ
3351 4767 3431 4826 εἰς
3485 4765 3635 4833 ἡμᾶς
3687 4763 4006 4832 φθάνουσαν
4054 4764 4149 4833 τῆς

2560 4858 2713 4920 θείας
2777 4859 2994 4926 φύσεως
3044 4856 3270 4924 γνῶσιν,
3335 4857 3403 4924 ῆν
3461 4855 4019 4922 μεγαλοπρέπειαν,
4077 4855 4150 4918 ὡς

2559 4947 2815 5016 ὀνομάζει
2873 4945 3056 5006 Δαὸὶδ,
3122 4947 3300 4996 εἰπεῖν
3354 4943 3707 5013 οἰκειότερον.
3777 4944 4001 5013 Ἐπειδὴ
4047 4946 4150 5015 γὰρ

2561 5038 2853 5106 ἀνέφικτος
2898 5040 3017 5090 ἐστι
3055 5040 3166 5099 τοῖς
3206 5039 3264 5090 ὲν
3294 5037 3507 5104 γενέσει
3533 5037 3630 5090 καὶ
3669 5035 3848 5106 φθορᾷ
3869 5036 3972 5104 τῆς
4007 5037 4151 5098 θείας

2561 5130 2751 5191 οὐσίας
2773 5130 2806 5198 ή
2843 5127 3174 5197 κατάληψις,
3201 5127 3290 5179 διὰ
3321 5126 3432 5180 τῶν
3481 5125 3856 5196 ἐνδεχομένων
3910 5127 4148 5196 τρόπων,

2798 5281 2842 5313 ⁸⁸
2876 5281 3040 5338 Num.
3074 5297 3182 5346 va,
3214 5281 3282 5334 45
3340 5297 3496 5350 seqq.
3609 5282 3654 5312 "
3686 5281 3862 5336 Exod.
3917 5298 4037 5347 xm,
4063 5283 4148 5337 9|.

1999 5514 2238 5568 VAle
2275 5514 2660 5570 LECTIONES
2700 5513 2788 5568 ET
2821 5513 3051 5569 NOTE.

972 5630 984 5679 i
1030 5628 1492 5701 .llagni/icentiam,
1529 5627 2022 5701 μεγαλοπρέπειαν.
2056 5630 2653 5701 νοκγοεῑᾷοτοιιοττίηισ
2689 5630 2742 5701 in
2767 5627 3152 5701 Dav_idicis._a_c
3187 5628 3344 5701 aliis;
3383 5644 3481 5696 pro
3507 5644 3634 5696 qua,
3665 5645 3726 5680 ac
3761 5629 3954 5701 eadem
3991 5630 4154 5701 signi-

900 5697 1152 5756 ficatione
1199 5699 1288 5769 hic
1315 5698 1393 5769 ab
1461 5697 1749 5769 Anastasio
1806 5699 2002 5766 posita,
2037 5700 2224 5753 multis
2277 5699 2574 5767 Scriptura:
2620 5700 2755 5754 locis
2796 5698 3032 5769 habetur
3062 5697 3207 5763 δόξα.
3253 5697 3681 5769 Chrysostomns
3742 5707 3796 5751 et
3837 5699 3926 5752 alii
3972 5697 4153 5769 appel-

902 5773 1016 5828 lant
1055 5768 1476 5834 συγκατὰὃασιν,
1525 5767 1673 5820 velut
1721 5769 2012 5836 quamdam
2069 5769 2635 5826 accommodationem
2675 5785 2774 5839 pro
2806 5768 2968 5822 modo
3019 5777 3285 5823 creatura:
3341 5783 3404 5822 ac
3443 5768 3563 5837 ejus
3591 5775 3752 5837 captu
