4462 6440
337 400 486 468 1Ἡ3

1057 413 1311 474 δΕῐίλῐΟ
1353 416 1399 474 Ι.
1437 438 1502 451 -
1544 414 1626 477 IN
1664 415 2506 482 TRANSFIGURATIONEM
2541 424 2608 482 D.
2656 424 2724 484 N.
2763 426 2823 487 J.
2865 424 2931 486 C.

3472 423 3612 491 13⁸74

331 514 848 614 ιδςετὰνεταιζιιμιῖν1
894 519 991 572 καὶ
1025 519 1083 571 ἐν
1132 524 1246 584 τοῖς
1305 524 1423 592 μετ’
1484 522 1648 576 αὐτὸν
1697 523 1927 592 πλησίον
1956 527 2000 584 Α
2029 542 2093 579 ex

1855 523 1927 576 [ον
1956 527 2000 584 Α
2029 527 2264 592 exsistit,
2297 544 2406 614 per
2443 531 2636 586 modos
2682 533 2977 602 possibiles
3025 531 3080 588 in
3131 532 3199 588 iis
3242 534 3403 591 nobis
3451 536 3617 592 rebus

329 604 498 658 οὖσιν
524 605 715 672 αὑτοῦ,
747 601 892 661 καίῒά
924 609 990 680 δὴ
1021 612 1114 664 καὶ
1147 613 1234 665 διὰ
1287 614 1582 685 προφητῶν
1630 614 1761 685 ἡμῖν
1809 615 1930 668 ἐλάα

332 695 496 764 λησε,
530 699 639 751 Καὶ
672 700 963 764 ἀκούοντος
993 703 1018 742 κ
1074 702 1365 774 ἀνθρώπου
1412 704 1668 775 λέγοντος
1702 725 1715 738 ·
1787 707 1929 775 Ἐγὼ

331 785 562 854 Κύριος
595 789 631 842 ὀ
663 788 809 853 Θεὸς
834 789 1005 860 ὑμῶν
1031 808 1049 824 ⁸
1085 793 1146 846 ού
1172 793 1266 846 τὸν
1291 794 1599 865 ἄνθρωπον,
1631 796 1765 849 Θεὸν
1788 790 1928 850 εἶναι

334 878 699 949 πιστεύομεν,
731 877 843 933 οἷον
881 882 972 934 τὸν
1020 883 1248 938 Ἡσαΐαν
1276 901 1290 914 °
1340 887 1477 939 ἀλλά
1525 887 1616 941 τὸν
1672 890 1730 940 ἐν
1780 888 1930 959 αὑτῷ

333 966 636 1032 λαλοῦντα.
681 973 835 1027 Θεόν.
887 973 1120 1041 Οὐκοῦν,
1182 977 1232 1030 εί
1293 979 1388 1032 καὶ
1435 977 1534 1046 τῆς
1576 979 1805 1050 νεφέλης
1861 975 1931 1049 ἦν

334 1060 524 1131 φωνὴ,
578 1063 702 1117 ὅῦεν
751 1068 844 1119 καὶ
888 1067 1121 1136 ⁴ῐνριούετο
1151 1084 1165 1098 ο
1226 1070 1344 1124 ἀλλ’
1390 1066 1483 1126 οὖν
1534 1072 1775 1141 δηλονότι
1832 1071 1928 1125 τοῦ

335 1154 563 1226 ῐιατρὸς
585 1161 1014 1229 προηγουμένως
1034 1156 1151 1232 ἦνὴ
1172 1165 1345 1232 φωνὴ,
1371 1164 1402 1232 ἠ
1424 1163 1520 1216 τοῦ
1541 1182 1615 1234 μα
1624 1182 1721 1234 ρτυ
1730 1167 1932 1236 ρήσαν-

331 1260 436 1306 τος
468 1246 617 1315 αὐτῷ
651 1247 751 1318 τὴν
780 1250 1027 1320 υίότητα,
1080 1253 1170 1306 διὰ
1218 1253 1436 1321 φύσεως
1487 1255 1713 1324 λογικῆς
1775 1259 1930 1324 ὲγγι-

335 1334 546 1406 εούσης
576 1338 724 1410 αὑτῷ
754 1340 1173 1414 βροντήσαντος.
1207 1345 1330 1398 Εἰσὶ
1364 1347 1463 1416 μὲν
1484 1348 1594 1418 γὰρ
1638 1349 1732 1400 καὶ
1769 1348 1928 1416 νεφέ-

332 1424 432 1478 λαι
469 1428 878 1499 ὑποδεέστεραι,
915 1431 1099 1503 φωνὴν
1133 1433 1374 1488 διδοῦσαι
1417 1437 1508 1489 καὶ
1553 1437 1932 1506 ὑποφητεύον-

333 1533 438 1570 σαι
460 1517 538 1588 τῷ
575 1518 721 1588 λόγῳ
757 1537 771 1551 ο
799 1522 942 1575 κατά
967 1522 1048 1587 τὸ,
1076 1524 1294 1594 Φωνὴν
1311 1526 1546 1579 ἔδωκαν
1569 1531 1627 1580 al
1655 1528 1930 1597 νεφέλαι.

333 1608 456 1662 Καὶ
482 1611 821 1669 ἐντέλλονται
847 1614 942 1667 τοῦ
985 1616 1060 1687 μὴ
1089 1617 1280 1687 βρέξαι
1297 1619 1452 1671 ὑετὸν
1477 1620 1557 1682 είς
1577 1620 1670 1674 τὸν
1699 1622 1931 1675 ἀκανθο-

331 1702 514 1773 φόρον
545 1703 868 1773 ἀμπελῶνα,
909 1710 1001 1761 τὸν
1029 1711 1347 1779 σωματικὸν
1379 1709 1528 1764 οἷκον
1549 1713 1643 1766 τοῦ
1691 1716 1928 1787 Ἰσραήλ.

331 1793 642 1864 Προφήτας
661 1797 718 1849 δὲ
752 1799 978 1862 τούτους
1019 1796 1162 1854 εἷναί
1202 1818 1365 1870 φημι,
1394 1803 1487 1855 τὸν
1517 1804 1672 1871 λόγον
1707 1805 1918 1869 ὔοντας,

330 1885 439 1937 καὶ
465 1887 731 1956 ἄρδοντας
754 1891 883 1952 τοὺς
914 1891 1181 1962 ποτισμοῦ
1208 1893 1516 1963 δεομένους.
1553 1898 1614 1948 Ἦ
1645 1897 1702 1948 δὲ
1731 1899 1924 1967 νεφέλη

329 1976 484 2046 αὕτη
530 1979 709 2043 πάσας
763 1983 1086 2052 ὑπεραίρει,
1141 1986 1236 2037 καὶ
1275 1987 1490 2049 σκιάζει
1533 1987 1781 2050 πάντας·
1843 1990 1928 2042 ἵνα

332 2068 611 2138 εῐπωμεν,
672 2071 936 2141 Πρόνοιαν
989 2077 1225 2128 ποιεῖται
1281 2077 1520 2132 πάντων.
1576 2075 1768 2145 Οὗτος
1811 2077 1926 2145 οὖν,

332 2159 544 2227 φησὶν,
580 2163 614 2213 ὁ
659 2163 790 2228 Υιός
834 2182 955 2232 μου
985 2168 1017 2218 d
1045 2165 1384 2234 ἀγαπητὸς,
1415 2170 1488 2221 ἐν
1515 2163 1564 2236 ᾧ
1587 2170 1924 2237 ηὐδόκησα·

330 2249 534 2303 αὐτοῦ
561 2253 830 2306 ἀκούετε.
865 2256 942 2308 Οὐ
996 2256 1168 2324 λέγει,
1223 2259 1315 2311 τὸν
1367 2260 1493 2312 Υίὸν
1548 2262 1924 2332 ἠγαπημένον,

330 2340 476 2394 ἀλλά
510 2343 731 2426 μᾶλλον,
767 2346 1098 2413 ἀγαπητόν.
1146 2350 1204 2402 Ὀ
1250 2350 1352 2420 μὲν
1383 2351 1494 2423 γάρ
1538 2353 1925 2424 ἀγαπώμενος,

329 2433 398 2485 οὐ
424 2433 649 2498 πάντως
670 2437 960 2506 ἀγαπητός
987 2457 999 2469 ·
1043 2443 1071 2493 ό
1117 2440 1175 2492 δὲ
1208 2443 1512 2513 ἀγαπητὸς,
1567 2445 1655 2498 καὶ
1702 2444 1929 2514 ἀγαπώ-

333 2524 503 2593 μενός
532 2526 670 2578 ἐστι.
702 2527 775 2578 Τδ
796 2529 903 2598 γάρ
951 2530 1255 2601 ἀγαπητὸν,
1315 2534 1474 2601 φύσει
1518 2535 1760 2589 τοιοῦτόν
1809 2541 1927 2591 ἐστι

332 2614 562 2677 πάντως
590 2629 608 2646 ⁸
642 2616 704 2668 τὸ
732 2616 786 2669 δὲ
813 2618 1198 2687 ἀγαπώμενον,
1232 2623 1293 2675 οὐ
1327 2624 1543 2686 πάντως
1582 2626 1743 2692 φύσει
1772 2666 1787 2690 ,
1837 2628 1928 2679 εύ-

329 2704 497 2775 δοκίᾳ
529 2705 610 2760 δέ.
653 2704 713 2758 ’0
764 2708 944 2761 τοίνυν
975 2710 1101 2773 Υἱὸς
1157 2706 1238 2774 εἷς
1288 2711 1385 2775 ὢν,
1431 2713 1578 2768 ἔστιν
1620 2716 1924 2786 ἀμφότερα,

331 2794 435 2848 καὶ
482 2795 792 2866 ἀγαπητὸς,
844 2800 970 2863 καὶ,
1024 2801 1111 2852 ἵνα
1161 2800 1337 2864 οὕτως
1384 2803 1541 2866 εἴπω,
1587 2805 1876 2875 εύδόκητος
1907 2822 1923 2838 ·

330 2886 532 2957 Amat;
563 2888 870 2958 προσέλαϐε
896 2907 950 2942 τι
991 2891 1334 2961 ἐτεροούσιον
1363 2895 1579 2957 ἑαυτοῦ,
1625 2897 1718 2949 καὶ
1758 2913 1926 2967 προσ-

330 2975 552 3047 ελήφθη
593 2979 653 3030 τὸ
682 2979 758 3049 μὴ
784 2980 1079 3050 όμοούσιον
1124 2985 1204 3045 εἰς
1251 2985 1380 3054 μιᾶς
1411 2985 1762 3051 ὑποστάσεως
1794 2988 1928 3042 ἀνά-

328 3067 528 3133 δειξιν.
572 3068 884 3136 ’Υπέδειξεν
912 3066 1006 3125 οὖν
1031 3074 1163 3142 ἡμῖν
1187 3075 1216 3126 ό
1241 3074 1432 3148 Πατὴρ
1461 3078 1520 3130 ἐν
1548 3080 1614 3150 τῇ
1650 3081 1925 3152 μαρτυρίᾳ

2030 630 2290 689 apparet,
2335 637 2458 691 qua:
2489 630 2611 691 post
2648 622 2824 693 ipsum
2874 624 2976 694 ipsi
3013 623 3322 695 propinque
3363 623 3564 681 habent
3599 644 3615 682 :

2031 728 2139 782 qua
2187 713 2449 768 nimirum
2489 714 2700 769 ratione
2737 731 2835 785 per
2873 716 3169 786 prophetas
3198 730 3422 786 quoque
3457 714 3617 772 nobis

2031 805 2247 858 loeutus
2273 817 2353 861 est
2377 822 2390 868 ;
2416 804 2812 876 audientesque
2838 806 3116 862 dicentem
3149 806 3430 862 hominem
3463 825 3477 861 :
3504 806 3616 877 Ego

2030 897 2284 952 Dominus
2350 898 2491 952 Deus
2568 905 2768 962 vester,
2839 899 3266 971 haudquaquam
3334 899 3616 953 hominem

2032 989 2201 1043 Deum
2236 1005 2357 1044 esse
2393 989 2694 1049 credimus,
2733 998 2866 1058 puta
2912 991 3104 1044 Isaiam
3145 991 3282 1045 :sed
3339 1005 3466 1043 eum
3519 988 3614 1058 qui

2033 1081 2277 1151 loquitur
2310 1083 2366 1137 in
2399 1083 2539 1153 ipso,
2576 1082 2740 1136 Deus.
2772 1082 3096 1152 Quanquam
3130 1099 3260 1152 ergo
3301 1098 3404 1136 vox
3449 1079 3618 1136 nubis

2030 1182 2171 1234 erat,
2210 1173 2354 1228 unde
2399 1181 2456 1228 et
2486 1175 2844 1237 audiebatur,
2877 1173 3260 1243 principaliter
3307 1184 3486 1227 tamen
3518 1172 3614 1226 Dei

2031 1281 2136 1320 vox
2156 1276 2294 1329 erat,
2325 1266 2704 1321 testimonium
2727 1265 3073 1334 perhibentis
3097 1264 3256 1325 Filio,
3283 1280 3346 1317 ac
3372 1262 3616 1318 tonantis

2034 1373 2133 1426 per
2159 1358 2394 1412 vicinam
2427 1357 2532 1411 sibi
2569 1355 2892 1410 rationalem
2925 1365 3178 1409 naturam
3219 1354 3260 1408 ι.
3294 1355 3436 1408 Sunt
3463 1354 3612 1408 enim

2032 1449 2199 1503 etiam
2251 1449 2541 1504 inferiores
2592 1449 2790 1513 nubes,
2827 1465 2948 1518 quae
2979 1463 3170 1502 vocem
3206 1449 3358 1510 dent,
3393 1446 3618 1515 sintque

2031 1538 2189 1593 verbi
2225 1539 2575 1608 interpretes,
2602 1540 2756 1610 juxta
2789 1539 2925 1592 illud
2956 1558 2967 1592 :
3003 1539 3188 1591 Vocem
3229 1537 3481 1590 dederunt
3513 1551 3614 1588 nu-

2030 1631 2119 1684 bes
2149 1632 2213 1685 “.
2241 1631 2374 1686 Item
2409 1632 2702 1684 mandatur
2727 1629 2970 1684 nubibus
3001 1646 3069 1683 ne
3103 1630 3296 1698 pluant
3329 1643 3498 1697 super
3529 1626 3616 1680 vi-

2034 1738 2191 1776 ncam
2223 1724 2406 1791 spinas
2441 1722 2732 1785 ferentem,
2765 1721 3104 1791 corporalem
3140 1720 3360 1773 lsraelis
3389 1719 3615 1772 domum

2032 1830 2094 1867 ac
2137 1813 2423 1867 familiam.
2474 1812 2584 1866 llos
2614 1819 2820 1875 autem,
2865 1811 3159 1880 prophetas
3187 1810 3333 1873 (lico,
3364 1810 3457 1878 qui
3487 1824 3616 1863 ver—

2038 1905 2166 1959 bum
2191 1906 2401 1974 pluant,
2427 1919 2489 1958 ac
2514 1903 2794 1973 potatione
2825 1902 3132 1971 indigentes
3161 1901 3412 1970 irrigent.
3446 1902 3618 1957 Porro

2032 1997 2210 2052 nubes
2241 1997 2354 2050 lucc
2402 1997 2689 2050 universas
2722 1995 3020 2065 pmcellit,
3051 2009 3114 2047 ac
3172 1992 3470 2046 obumbrat
3500 2008 3617 2045 om-

2031 2106 2129 2143 nes
2149 2091 2346 2153 nubcs,
2367 2089 2516 2143 velut
2547 2088 2799 2142 dicamus
2833 2088 3218 2142 universorum
3240 2101 3404 2156 agere
3424 2085 3581 2155 provi
3597 2115 3614 2126 ο

2029 2183 2292 2237 dentiam.
2345 2181 2441 2234 llic
2467 2196 2618 2250 ergo,
2653 2180 2850 2250 inquit,
2883 2190 2956 2232 est
2991 2178 3153 2231 Filius
3189 2194 3332 2231 meus
3360 2177 3613 2231 charissi-

2029 2291 2166 2336 mus,
2217 2275 2269 2324 in
2298 2288 2400 2340 quo
2463 2272 2586 2324 mihi
2614 2272 2741 2323 bene
2771 2269 3066 2339 complacni
3084 2286 3102 2333 ;
3131 2270 3305 2338 ipsum
3339 2268 3518 2321 audite
3540 2267 3609 2324 ”.

2028 2365 2148 2420 Non
2173 2365 2269 2428 ait,
2288 2365 2485 2417 Filium
2511 2363 2794 2427 dilectum,
2809 2363 2900 2416 sed
2923 2361 3117 2430 magis,
3137 2360 3524 2414 charissimum
3545 2371 3607 2414 ω.

2029 2455 2130 2522 Qui
2153 2455 2302 2508 enim
2326 2454 2595 2524 diligitur,
2619 2469 2728 2507 non
2751 2452 2935 2506 statim
2962 2452 3077 2521 ipse
3102 2452 3464 2506 charissimus
3484 2459 3566 2505 est
3591 2466 3608 2505 :

2029 2547 2122 2617 qui
2154 2556 2336 2600 autem
2365 2556 2450 2600 est
2475 2544 2857 2608 charissimus,
2883 2544 3047 2598 etiam
3079 2543 3316 2598 dilectus
3339 2552 3443 2596 est.
3468 2541 3612 2596 Cha-

2031 2639 2310 2694 rissimum
2354 2638 2527 2699 enim,
2571 2637 2796 2690 omnino
2827 2637 2931 2689 tale
2962 2647 3159 2690 natura
3184 2645 3268 2690 est
3298 2653 3311 2689 :
3347 2635 3610 2689 dilectum

2027 2740 2249 2796 autem,
2285 2746 2395 2783 non
2444 2729 2670 2781 omnino
2717 2735 2803 2780 est
2850 2736 3068 2791 natura,
3102 2726 3196 2780 sed
3241 2723 3612 2793 beneplacito.

2028 2823 2205 2879 Filius
2253 2837 2386 2893 ergo
2435 2835 2578 2873 unus
2626 2819 2920 2882 exsistcns,
2974 2827 3271 2886 utrumque
3322 2823 3428 2879 est,
3484 2829 3613 2868 cum

2028 2915 2410 2976 charissimus,
2436 2922 2571 2975 tum,
2598 2920 2657 2964 ut
2680 2910 2752 2964 ita
2778 2911 2996 2978 loquar,
3022 2907 3402 2978 beneplacitus
3428 2922 3442 2959 :
3464 2902 3611 2974 quod

2026 3007 2290 3060 nimirum
2330 3003 2572 3057 alienum
2607 3001 2814 3071 aliquid
2851 3017 2883 3055 a
2913 2999 3225 3055 substantia
3269 3013 3367 3053 sua
3394 3010 3612 3051 assum-

2029 3095 2238 3167 pserit;
2265 3093 2469 3161 sitque,
2499 3091 2646 3160 quod
2680 3105 2790 3144 non
2820 3089 3066 3160 ejusdem
3091 3100 3240 3143 esset
3262 3086 3607 3152 substantiae,

326 3158 434 3257 τὴν
459 3159 780 3265 ἑτερότητα,
803 3162 865 3265 οὐ
880 3163 1201 3265 notasti)”;
1229 3167 1297 3220 τὰ
1325 3167 1581 3238 ἡνωμένα
1645 3170 1786 3239 (πῶς
1812 3172 1920 3243 γὰρ
1948 3207 1991 3265 c
2026 3158 2085 3242 as

1844 3172 1991 3265 ’ἀρα
2026 3193 2368 3255 assumptum
2431 3183 2498 3237 ad
2578 3183 2744 3236 unius
2810 3180 3265 3235 constitutionem
3335 3191 3606 3248 personae.

327 3246 482 3317 ἅπερ
537 3249 749 3318 ἥνωσεν
793 3254 822 3304 ὁ
876 3253 1008 3318 Θεὸς
1028 3297 1040 3320 ,
1071 3259 1474 3329 χωρισθήαεται
1501 3279 1514 3328 ;
1541 3260 1583 3331 ),
1613 3261 1750 3314 ἀλλά
1778 3263 1921 3317 διδά-

331 3337 433 3400 ξας
458 3339 569 3390 τῶν
606 3343 917 3413 ἐτεροφυῶν
948 3347 1047 3418 τὴν
1076 3348 1294 3414 ἕνωσιν,
1327 3352 1422 3402 καὶ
1457 3351 1550 3404 τὸν
1606 3354 1670 3406 ὲκ
1715 3354 1921 3408 τούτων

329 3429 701 3499 συγκείμενον
726 3434 822 3487 ἕνα
851 3435 981 3489 Υἰδν
1009 3439 1242 3508 Χριστὸν
1270 3440 1495 3512 Κύριον,
1519 3442 1614 3495 ἕνα
1645 3445 1772 3497 Υίὸν
1787 3449 1924 3512 ἁγα-

328 3521 530 3592 πητὺν,
566 3517 612 3590 ᾧ
639 3524 928 3594 λατρεύειν
972 3530 1156 3584 πᾶσαν
1205 3532 1304 3603 τὴν
1353 3533 1551 3600 κτίσιν,
1611 3538 1703 3591 καὶ
1757 3539 1921 3592 αὐτοῦ

327 3613 562 3668 ἀκούειν
594 3616 877 3688 εὐδόκησε.

402 3892 624 3964 Ταύτης
651 3891 745 3946 οὖν
770 3893 869 3962 τῆς
895 3893 1348 3967 μεγαλοπρεποῦς
1371 3899 1556 3969 φωνῆς
1587 3898 1921 3965 ἀκούσαντες

325 3986 382 4038 οἱ
413 3984 731 4047 ἀπόστολοι,
768 3984 998 4040 ἔπεσον
1029 3987 1126 4040 ἐπὶ
1163 3989 1512 4056 πρόσωπον,
1556 3992 1920 4061 ὑποταγέντες

324 4081 397 4149 τῇ
430 4077 640 4133 ἄνωθεν
670 4079 953 4152 ὲνεχθείσῃ
989 4083 1139 4152 φωνῇ
1167 4123 1181 4144 ,
1214 4082 1313 4136 καὶ
1343 4082 1743 4153 ἐφοϐήθησαν
1763 4090 1918 4156 σφόν

325 4169 445 4238 δρα
479 4187 491 4199 ·
533 4171 662 4231 ἴσως
700 4170 786 4223 διὰ
817 4169 917 4241 τὴν
945 4171 1234 4239 φθάσασαν
1287 4175 1599 4242 ἀπείθειαν,
1655 4177 1920 4248 μαθόντες

323 4266 412 4319 ὅτι
469 4265 781 4318 τούναντίον
837 4268 905 4334 τῇ
966 4265 1060 4318 τοῦ
1107 4268 1320 4337 [ἰατρὸς
1369 4269 1634 4340 ἐφρόνουν
1679 4273 1914 4344 εὐδοκία,

323 4360 424 4411 τὸν
454 4357 684 4410 θάνατον
713 4356 804 4411 τοῦ
835 4357 964 4410 Υἱοῦ
994 4359 1543 4430 ἀποτροπιαζόμενοι,
1589 4362 1656 4415 δι’
1697 4357 1759 4415 οὖ
1814 4365 1919 4416 πᾶ-

327 4469 421 4505 σιν
457 4448 770 4519 ἀνθρώποις
801 4450 836 4519 ή
877 4449 1125 4520 σωτηρία
1157 4454 1615 4521 προεταμιεύετο,
1648 4455 1790 4508 κατά
1816 4456 1916 4527 τὴν

2024 3276 2281 3333 Ostendit
2332 3275 2514 3344 itaque
2551 3289 2651 3328 suo
2698 3273 2859 3326 nobis
2905 3272 3065 3325 Pater
3113 3269 3220 3324 hoc
3273 3267 3610 3332 testimonio,

2024 3371 2274 3424 diversas
2320 3382 2442 3421 esse
2490 3364 2863 3427 substantias;
2897 3378 3006 3416 non
3052 3373 3113 3416 ut
3162 3370 3384 3430 separet
3432 3361 3608 3420 unita,

2027 3460 2143 3531 (qui
2179 3458 2327 3513 enim
2356 3466 2683 3526 separentur
2710 3470 2831 3523 qua:
2864 3453 3043 3507 univit
3066 3451 3272 3522 Deus?)
3295 3449 3390 3506 sed
3423 3464 3610 3504 rerum

2024 3562 2220 3608 natura
2262 3551 2608 3606 diversarum
2660 3547 2921 3601 unionem
2972 3546 3189 3608 doceat,
3223 3559 3287 3598 ac
3320 3558 3490 3596 unum
3540 3556 3610 3595 ex

2023 3645 2106 3700 eis
2140 3642 2506 3712 compositum
2542 3640 2765 3702 Filium,
2806 3638 3089 3692 Christum
3138 3635 3467 3698 Dominum;
3517 3632 3609 3686 Fi-

2023 3738 2159 3791 lium
2207 3751 2375 3789 unum
2423 3731 2837 3795 charissimum,
2871 3731 2959 3784 cui
3004 3727 3339 3800 complacuit
3383 3740 3606 3781 omnem

2022 3828 2234 3885 servire
2269 3832 2577 3880 creaturam
2609 3838 2672 3876 ac
2701 3822 2880 3892 ipsum
2909 3821 3124 3875 audire.

2088 3919 2227 3974 Vlll.
2261 3917 2565 3972 Audientes
2597 3915 2784 3983 itaque
2811 3914 3044 3984 apostoli
3079 3910 3422 3981 magniﬁcam
3461 3908 3607 3964 hanc

2020 4025 2236 4073 vocem,
2281 4008 2577 4062 ceciderunt
2612 4007 2666 4059 in
2702 4007 2928 4075 faciem;
2967 4003 3200 4074 subjecti
3243 4002 3457 4056 scilicet
3483 4000 3604 4055 voci

2021 4103 2090 4157 de
2131 4101 2350 4156 excelso
2392 4099 2644 4162 emissae,
2703 4105 2755 4150 et
2795 4098 3084 4149 timuerunt
3131 4093 3303 4148 valde.
3348 4093 3606 4147 Fortasse

2023 4201 2250 4264 propter
2275 4189 2679 4261 pra-cedentem
2709 4187 3167 4248 inobedientiam,
3201 4184 3295 4238 ubi
3326 4185 3438 4254 jam
3466 4198 3603 4236 con-

2021 4285 2256 4339 trarium
2292 4299 2349 4338 se
2395 4283 2572 4338 Patris
2622 4281 2972 4351 beneplacito
3019 4294 3212 4349 sapere
3255 4277 3601 4337 didicissent,

2020 4373 2144 4429 Filii
2175 4381 2407 4426 mortem
2447 4380 2788 4434 aversantes,
2822 4371 2981 4438 cujus
3011 4369 3211 4422 merito
3237 4368 3391 4437 juxta
3427 4365 3605 4420 Patris

2020 4459 2308 4529 antiquum
2346 4458 2640 4513 consilium
2671 4458 2933 4510 universo
2961 4457 3205 4510 humano
3234 4453 3422 4525 generi
3453 4453 3604 4508 salus

324 4540 570 4612 ἀρχαίαν
596 4540 792 4610 βουλὴν
817 4540 912 4593 τοῦ
945 4540 1176 4611 Πατρός.
1212 4542 1498 4612 Ἐμφόϐων
1522 4545 1578 4597 δὲ
1602 4535 1913 4615 γενομένων
1949 4535 1990 4589 D
2020 4566 2086 4619 pa

1840 4566 1913 4601 ων
1949 4535 1990 4589 D
2020 4549 2260 4619 paranda
2312 4559 2478 4604 esset.
2533 4548 2766 4602 Tcrritis
2811 4563 2976 4616 porro
3029 4547 3140 4601 illis
3187 4561 3252 4600 ac
3284 4545 3435 4599 humi
3471 4558 3602 4613 pro-

325 4630 514 4687 αὐτῶν
543 4631 636 4682 καὶ
665 4631 838 4700 χαμαὶ
893 4631 1181 4700 κειμένων,
1244 4633 1522 4701 Ἐγγίσας
1569 4638 1601 4688 ό
1659 4637 1912 4703 Ἰησοῦς,

328 4724 534 4792 *ῆι-ατο
561 4720 781 4782 αὐτῶν,
821 4721 1018 4789 ,λέγων
1052 4740 1066 4752 ·
1113 4723 1458 4792 Ἐγείρεσθε,
1514 4727 1614 4778 καὶ
1670 4726 1756 4796 μὴ
1808 4747 1915 4798 φο-

325 4812 556 4866 ίέῖσοε.
607 4810 840 4872 Οὐδενὸς
869 4809 980 4879 γὰρ
1008 4805 1076 4881 ἦν
1113 4811 1210 4882 τὴν
1231 4813 1432 4866 δειλίαν
1458 4815 1673 4885 ἐκείνην
1697 4816 1914 4870 διασκεο

322 4905 488 4960 δάσαι
527 4903 624 4956 καὶ
657 4901 749 4956 τδν
777 4902 962 4974 φίὸον,
990 4907 1039 4958 εί
1076 4906 1152 4976 μὴ
1189 4905 1349 4974 μόνον
1380 4904 1473 4957 τοῦ
1509 4906 1658 4970 Υίοῦ,
1686 4907 1744 4960 τὸ
1777 4907 1913 4978 0αρ-

325 4999 448 5069 ρεἶν
477 4997 565 5050 ἀεὶ
586 4997 943 5068 κελευομένου
967 5000 1078 5062 τοῖς
1109 4995 1259 5067 αὐτῷ
1283 4995 1693 5066 πλησιάζουσιν.

394 5119 442 5149 ⁶⁹
466 5116 608 5172 Psal.
637 5131 812 5185 οων,
839 5118 873 5172 5
895 5134 1011 5189 seq.

2019 4639 2207 4692 stratis
2239 4655 2252 4691 :
2286 4637 2543 4691 Accedens
2569 4637 2742 4699 Iesus,
2781 4638 2945 4706 tetigit
2975 4652 3080 4698 eos,
3114 4635 3288 4688 dicens
3320 4652 3336 4688 :
3367 4633 3598 4704 Surgite,

2017 4739 2067 4782 et
2099 4728 2260 4781 nolite
2297 4729 2499 4783 timere.
2528 4728 2748 4782 Nullius
2775 4727 2923 4781 enim
2961 4726 3203 4796 partium
3235 4733 3357 4780 erat
3392 4733 3599 4778 metum

2017 4823 2170 4876 illum
2205 4821 2474 4891 dissipare
2508 4827 2675 4889 atque
2712 4820 2988 4882 timorem,
3020 4827 3386 4888 praeterquam
3419 4815 3598 4871 solum

2017 4910 2163 4973 Filii,
2199 4912 2291 4979 qui
2322 4926 2541 4981 semper
2567 4925 2760 4965 omnes
2793 4909 2860 4964 ad
2902 4909 3082 4980 ipsum
3108 4907 3437 4964 accedentes
3465 4921 3596 4959 cou-

2017 5001 2188 5056 ﬁdcre
2213 5002 2392 5072 jubet.

1090 5119 1135 5149 "
1163 5119 1266 5172 lsa.
1304 5133 1484 5182 xnvm,
1524 5118 1584 5171 l7
1617 5133 1733 5187 seq.
1764 5118 1809 5149 “
1838 5119 1980 5174 l‘sal.
2019 5138 2196 5184 uxvu,
2226 5122 2312 5176 l8.
2389 5122 2434 5152 “
2469 5123 2574 5176 lsa.
2605 5139 2658 5188 v,
2691 5122 2742 5177 6.

1448 5231 1681 5287 \‘AlilE
1718 5233 2100 5290 LECTIONES
2133 5235 2219 5289 ΕΤ
2259 5233 2492 5289 NOTAE.

423 5326 451 5365 ι
490 5327 871 5392 Ἀκούοντος.
935 5325 1065 5396 Leg.
1122 5325 1432 5386 ἀκούοντες.

324 5397 554 5478 λογικῆς
618 5397 945 5478 ἐγγιζούσης
975 5467 986 5478 .
1011 5395 1156 5466 αὐτῷ
1209 5396 1620 5478 βμντῄσαντος.
1689 5395 1895 5465 Nempe
1922 5395 2056 5478 ‘per

658 5395 1156 5478 UtC0‘9-6nc.dbtt.p
1209 5396 1620 5478 βμντῄσαντος.
1689 5395 1895 5465 Nempe
1922 5395 2056 5478 ‘per
2128 5398 2356 5478 angelos
2405 5414 2420 5452 :

324 5464 517 5536 Hebr.
546 5481 615 5529 η,
659 5467 696 5522 2
737 5482 751 5518 :
791 5464 849 5520 Si
902 5467 1041 5520 enim
1088 5464 1182 5536 per
1212 5464 1435 5536 angelos
1488 5466 1652 5518 dictus
1699 5464 1872 5536 sermo
1915 5464 2085 5536 [actus
2125 5476 2199 5519 est

1533 5323 1651 5380 ‘Ac
1684 5328 1917 5397 tonantis
1975 5343 2068 5397 per
2123 5328 2352 5381 vicinam
2397 5328 2495 5382 sibi
2544 5325 2861 5397 rationalem
2900 5335 3173 5379 naturam.
3225 5321 3593 5397 Ati‘tptzd’strt;

2473 5399 2559 5451 cui
2623 5396 2851 5451 cumino
2911 5402 3178 5449 consonat
3237 5393 3368 5447 illud
3433 5393 3588 5448 Pauli

2232 5467 2420 5534 ﬁrmus
2462 5484 2479 5521 :
2515 5484 2639 5521 cum
2692 5469 2951 5534 loquatur
3000 5466 3067 5520 de
3119 5463 3481 5534 legislﬁatione,
3532 5463 3587 5516 in

324 5549 436 5604 qua
471 5535 625 5617 _item
679 5537 906 5606 angelus
949 5533 1431 5617 exLDeinper’sona
1486 5536 1729 5617 loquitu_r
1783 5535 1876 5617 de.
1906 5533 2073 5617 nube.
2141 5533 2471 5617 Nolit_ver_o
2512 5533 2838 5617 Anastasius
2873 5536 3140 5617 ejusmodi
3185 5533 3384 5617 nubes.
3435 5533 3586 5600 ipsos

324 5602 555 5677 angelos
603 5602 884 5670 essefseu
933 5607 1086 5660 unita
1145 5602 1254 5661 illis
1301 5602 1574 5677 corpora,
1615 5604 1949 5677 sedpotius
1999 5606 2067 5677 iis
2110 5608 2360 5677 symbolo
2409 5607 2706 5676 designari.
2751 5602 2918 5675 quod'
2949 5608 3120 5660 instar
3173 5602 3404 5677 nubium
3457 5617 3582 5653 ver-

324 5673 458 5744 bum
506 5674 697 5744 pluant
748 5691 811 5728 ac
858 5677 952 5730 Dei
1008 5677 1227 5730 oracula
1275 5693 1289 5729 :

1339 5673 1635 5745 quomodo
1671 5675 1835 5728 etiam
1878 5673 2268 5744 prtedicatbres
2306 5694 2371 5731 ae
2415 5673 2566 5730 vorlii
2623 5673 2793 5731 divini
2840 5679 3168 5744 interpretes
3213 5673 3388 5726 nubes
3431 5679 3580 5745 sunt.

324 5741 791 5823 'mCha’r‘issimusa
817 5747 1118 5823 ἀγαπητός.
1181 5741 1492 5823 ΙηιοιθιὶτοεΔ
1523 5744 1754 5823 Latinus
1793 5741 1903 5796 non
1934 5748 2206 5823 expressit
2234 5747 2340 5823 vim
2371 5749 2535 5805 vocis,
2564 5765 2727 5815 quam
2757 5759 2912 5816 urget
2937 5741 3276 5823 anastasius,
3304 5741 3581 5822 eumrcd-

323 5812 426 5878 dit,
451 5814 709 5880 dilectus;
740 5811 883 5870 idem
912 5811 1060 5872 enim
1093 5825 1248 5872 sonat
1276 5811 1441 5888 atque
1471 5814 1844 5885 ἠγαπημένος,
1879 5811 2023 5885 quod
2061 5816 2150 5870 ille
2196 5817 2425 5872 minoris
2451 5811 2729 5892 emphasis
2759 5811 3059 5881 existimat,
3099 5824 3157 5870 ut
3193 5814 3408 5870 dicatur
3439 5811 3575 5881 ὴγαο
