4462 6440
156 411 304 476 1377

932 420 1188 478 SEltMO
1235 421 1318 483 ΙΙ.
1357 446 1426 456 —
1467 422 1546 480 IN
1579 419 2274 485 ANNUNTIATIONEM
2317 423 2377 481 S.
2420 420 2685 480 MARl/E

3306 420 3441 484 1378

151 531 239 588 εις
272 527 348 579 τὰ
377 525 607 592 θεμέλια
648 524 818 586 Σιὼν,
857 524 884 575 ὁ
924 525 1162 577 συνδέων
1197 526 1449 595 ἀλλήλοις
1488 524 1564 583 ὧν
1613 529 1761 583 ἐστιν
1789 540 1834 594 Α
1865 545 1913 583 m

1681 548 1761 583 τιν
1789 540 1834 594 Α
1865 544 1988 583 mus
2017 527 2157 597 lapis
2188 527 2468 595 angularis
2500 531 2552 582 in
2591 528 2970 586 fundamentis
2995 530 3127 585 Sion
3154 530 3223 593 ",
3250 533 3344 600 qui
3374 549 3440 587 ea

153 629 188 686 1;-
225 618 398 684 φύσις
428 616 745 680 ἀσύνδετος,
777 616 869 668 καὶ
895 617 1158 670 ἐνοποιῶν
1189 619 1256 671 τὰ
1287 622 1409 672 κατ’
1441 622 1631 674 οὐσίαν
1661 624 1756 676 ἀλ-

151 709 374 777 λότρια.
408 709 700 780 Χαίρωμεν
727 704 822 762 οὖν
850 710 1078 773 εἰκότως
1132 712 1275 781 μετά
1315 715 1414 784 τῆς
1453 714 1553 784 τὴν
1596 714 1757 784 χάριν

153 801 504 871 δεξαμένης,
537 803 633 854 καὶ
663 801 1184 872 προσφθεγγώμεθα
1233 808 1329 857 σὺν
1380 805 1458 876 τῷ
1518 807 1760 878 Γαϐριὴλ

153 895 264 963 τὴν
315 912 415 947 τοο
458 893 596 946 Θεοῦ
649 894 808 964 ἡμῶν
868 896 1102 965 Μητέρα
1132 937 1147 958 ,
1209 898 1465 964 λέγοντες
1505 915 1516 927 ·
1553 899 1752 967 Χαῖρε,

155 985 638 1052 κεχαριτωμένη,
693 989 726 1037 ό
779 986 1000 1052 Κύριος
1041 990 1192 1054 μετὰ
1232 988 1385 1040 σοῦ·
1417 989 1498 1041 ὃτι
1528 991 1756 1057 γέγονας

153 1074 302 1140 ἡμῖν
347 1074 466 1136 ὁδὸς
518 1076 819 1144 σωτηρίας,
866 1077 962 1128 καὶ
999 1077 1265 1139 ἀνάδασις
1314 1079 1450 1148 πρὸς
1497 1081 1754 1151 οὐρανὸν.

157 1166 257 1216 καὶ
285 1166 455 1228 τόπος
483 1167 872 1228 ἀναπαύσεως,
913 1170 1010 1220 καὶ
1041 1169 1218 1238 σκηνὴ
1249 1171 1594 1239 ἀναψύξεως,
1629 1174 1688 1223 ἐν

159 1265 590 1328 κατεσκήνωσεν
617 1263 645 1313 6
682 1261 908 1331 Κύριος.
945 1262 1044 1314 Διά
1076 1262 1240 1315 τοῦτο
1282 1265 1380 1316 σῦν
1416 1268 1618 1327 πάσαις
1641 1266 1760 1326 ταῖς

159 1352 392 1416 γενεαῖς
418 1351 801 1422 μακαριοῦμέν
833 1370 891 1405 σε
938 1353 1112 1423 μόνην
1161 1356 1218 1408 ὲν
1248 1355 1517 1423 γυναιξίν·
1550 1357 1617 1426 ἢν
1660 1356 1760 1407 οὐκ

160 1441 471 1507 ἐξέκαυσεν
502 1444 650 1512 ἥλιος
682 1445 876 1514 ἡδονῆς
917 1444 1093 1514 φλόγα
1140 1447 1385 1514 ἐπάγων,
1421 1447 1543 1499 οὐδὲ
1567 1447 1760 1508 νυκτὸς

163 1533 408 1604 σελήνης
446 1535 650 1606 ῥοώδης
697 1534 899 1604 ἔϐλαψε
951 1537 1202 1605 δύναμις.
1243 1541 1327 1592 Οὐ
1373 1539 1481 1606 γάρ
1532 1537 1762 1600 ἔδωκας

162 1624 255 1687 εἰς
297 1625 502 1676 σάλον
526 1626 635 1677 τὸν
664 1625 823 1678 πόδα
853 1627 950 1694 τῆς
979 1627 1180 1697 ψυχῆς,
1216 1628 1332 1680 ἀλλ’
1357 1628 1581 1696 ἔμεινας
1606 1629 1759 1679 ἀκλι-

162 1714 289 1782 νὴς,
322 1717 422 1766 ἐπὶ
453 1717 553 1783 τὴν
587 1716 796 1787 πέτραν
830 1717 1022 1770 τοῦτον
1053 1719 1336 1789 ἐρείσασα·
1371 1721 1464 1771 καὶ⁸
1496 1719 1762 1786 ἐφύλαξέν

1860 619 2098 672 invicem
2129 628 2422 672 connectat
2472 635 2710 688 quorum
2753 629 2955 675 natura
3001 621 3304 677 inconnexa
3333 631 3441 686 est,

1858 711 2123 779 nniatque
2153 725 2276 778 qua:
2313 719 2441 762 sunt
2476 726 2574 780 per
2609 713 2986 768 substantiam
3031 713 3276 768 diversa.
3307 713 3443 769 Jnre

1859 803 2044 872 itaque
2107 801 2348 864 merito,
2401 817 2524 855 cum
2585 818 2648 857 ca
2689 821 2811 875 qua:
2851 805 3112 875 gaudium
3166 804 3442 874 suscepit,

1859 896 2216 965 gaudeamus,
2266 895 2473 963 Deique
2523 899 2695 950 nostri
2749 899 2978 954 Matrem
3029 901 3082 954 in
3129 900 3248 954 haec
3279 901 3444 955 verba

1859 999 1984 1038 cum
2025 985 2281 1039 Gabrielc
2327 984 2630 1038 salutemus
2678 1005 2690 1039 :
2729 991 2833 1042 Ave
2869 993 3146 1058 gratiosa;
3189 990 3446 1044 Dominus

1861 1078 2091 1129 tecum"
2126 1077 2315 1145 :qnod
2349 1075 2493 1130 facta
2545 1077 2620 1131 sis
2651 1079 2814 1134 nobis
2850 1082 3043 1135 salutis
3096 1083 3204 1146 via,
3252 1097 3445 1137 ascen-

1861 1183 2063 1237 susquc
2099 1167 2164 1220 ad
2197 1183 2450 1236 superos,
2497 1185 2563 1225 ac
2600 1171 2758 1224 locus
2805 1172 3190 1239 requietionis,
3222 1174 3445 1243 refrige-

1862 1257 2039 1324 riique
2097 1257 2512 1312 tabernaculum
2562 1258 2618 1312 in
2672 1276 2784 1328 quo
2841 1261 3108 1315 Dominus
3153 1263 3440 1318 habitavit.

1861 1344 2230 1410 Quamobrem
2263 1361 2389 1400 cum
2422 1349 2683 1404 omnibus
2708 1352 3163 1420 generationibus
3191 1364 3241 1410 te
3273 1357 3445 1410 solam

1864 1436 2079 1490 beatam
2131 1437 2186 1490 in
2240 1439 2570 1493 mulieribus
2594 1441 2864 1506 dicemus,
2896 1461 3062 1512 quam
3111 1462 3293 1515 neque
3339 1447 3443 1511 sol,

1863 1527 2159 1596 voluptatis
2215 1528 2489 1584 ﬂammam
2552 1531 2892 1596 iinmitteus,
2955 1535 3210 1599 adussit,
3266 1552 3446 1605 neque

1863 1618 2007 1672 ﬂuxa
2046 1619 2128 1672 vis
2165 1620 2310 1674 lunae
2349 1631 2516 1675 noctu
2557 1622 2716 1675 laesit.
2776 1622 2892 1676 Non
2943 1625 3092 1678 enim
3154 1626 3342 1678 dedisti
3393 1628 3448 1679 in

1865 1711 2266 1763 commotionem
2311 1713 2495 1781 pedem
2521 1713 2566 1743 ⁷⁸
2596 1713 2787 1774 animi,
2819 1714 2915 1768 sed
2952 1728 3019 1768 eo
3055 1715 3162 1770 fixo
3185 1715 3239 1769 in
3270 1725 3447 1785 petra,

166 1821 226 1857 σε
268 1807 300 1856 6
347 1805 577 1875 Κύριος,
627 1807 789 1874 μόνος
827 1807 1088 1860 εἰσελθὼν
1138 1809 1230 1860 ἐπὶ
1284 1809 1386 1869 σοὶ,
1435 1809 1527 1860 καὶ
1576 1810 1637 1861 ἐκ
1666 1807 1761 1860 σοῦ
1798 1870 1830 1875 _
1867 1799 1928 1852 ίιιι

1685 1807 1761 1860 τοῦ
1798 1870 1830 1875 _
1867 1798 2134 1853 indeﬂexa
2165 1802 2415 1856 mansisti
2459 1820 2472 1855 :
2509 1811 2673 1872 teque
2723 1805 2994 1860 Dominus
3041 1806 3362 1873 custodivit,
3392 1808 3447 1862 in

165 1870 497 1966 προελθὼν,
549 1870 643 1950 καί.
695 1899 1116 1969 κεκλεισμένην,
1177 1899 1270 1951 καὶ
1319 1899 1764 1969 ὲσφραγισμένην
1798 1870 1838 1923 Β
1868 1899 1920 1944 ιθ

1687 1917 1764 1968 νην
1798 1870 1838 1923 Β
1868 1899 1920 1944 te
1951 1892 2102 1945 solus
2131 1892 2444 1961 ingrediens
2473 1910 2535 1948 ac
2564 1870 2631 1950 ex
2667 1903 2718 1949 te
2757 1897 3050 1966 egrediens
3077 1900 3143 1962 ⁷⁵,
3175 1870 3449 1954 clausam-

166 1989 518 2059 διατηρήσας
571 2007 630 2042 σε
683 1993 764 2052 εἰς
811 1990 904 2043 τὸν
951 1989 1144 2043 αἰῶνα.
1184 1991 1411 2059 Χαίροις
1457 1992 1675 2052 τοίνυν,
1720 1986 1766 2042 ὦ

167 2080 373 2149 Μῆτερ
407 2080 502 2133 καὶ
533 2079 803 2150 Παρθένε,
847 2081 942 2134 καὶ
988 2082 1163 2150 τροφὴ
1212 2082 1310 2150 τῆς
1338 2082 1505 2150 ζωῆς.
1536 2082 1630 2133 καὶ
1657 2099 1765 2151 πη-

167 2172 244 2240 γὴ
279 2171 388 2235 τῆς
423 2170 759 2234 ἀθανασίας·
798 2173 863 2223 ὲκ
907 2170 1002 2224 σοῦ
1035 2172 1143 2241 γὰρ
1175 2172 1444 2242 προῆλθεν
1473 2175 1502 2224 6
1535 2171 1766 2240 φθορεὺς

168 2262 271 2330 τῆς
299 2262 538 2333 φθορᾶς,
565 2264 660 2316 καὶ
707 2264 737 2315 6
767 2263 1090 2326 θανατώσας
1135 2266 1227 2316 τὸν
1290 2264 1538 2317 θάνατον.
1577 2265 1767 2334 Ἡμεῖς

169 2351 293 2416 οὖν,
331 2352 580 2420 ἀδελφοὶ,
617 2353 794 2406 ταῦτα
829 2354 966 2424 πρὸς
1013 2355 1112 2421 τὴν
1155 2353 1476 2423 Θεομήτορα
1504 2355 1646 2407 κατά
1675 2353 1765 2406 δύ·

171 2459 348 2511 ναμιν
380 2443 649 2506 εἰπόντες,
679 2445 964 2514 νεύσωμεν
995 2443 1186 2496 λοιπὸν
1226 2445 1362 2514 πρὸς
1389 2445 1638 2507 ἑαυτοὺς,
1669 2445 1766 2497 καὶ

171 2529 403 2599 γνῶμεν
441 2533 540 2601 τῆς
561 2532 776 2602 ἡμέρας
818 2532 918 2602 τὴν
951 2532 1206 2602 δύναμιν,
1235 2535 1328 2586 καὶ
1363 2534 1768 2601 ὲγκαινίσωμεν

174 2621 429 2692 σήμερον
470 2622 570 2691 τὴν
612 2622 772 2691 ἡμῶν
818 2623 1096 2692 γέννησιν.
1133 2624 1241 2676 Καὶ
1285 2633 1311 2660 ει
1363 2624 1512 2676 ἐστιν
1563 2625 1694 2692 ἡμῖν
1735 2625 1768 2693 ἡ

175 2712 370 2780 ἡμέρα
397 2711 539 2780 αῦτη
574 2712 750 2782 κλητὴ
779 2713 932 2780 ἁγία,
967 2717 1025 2766 ἐν
1109 2713 1353 2783 ἐπλάσθη
1365 2731 1486 2783 μεν,
1517 2715 1611 2767 καὶ
1634 2715 1770 2784 πρὸς

175 2802 277 2870 τὴν
319 2802 564 2869 ἀρχαίαν
592 2801 736 2872 ζωὴν
761 2802 1167 2871 ἐπανήλθομεν.
1208 2801 1525 2872 Παράδοξον
1553 2803 1609 2855 δὲ
1642 2803 1770 2870 ὑμῖν

178 2892 313 2954 ἴσως
352 2891 476 2961 δόξῃ
507 2892 568 2944 τὸ
615 2893 932 2961 λεγόμενον·
967 2892 1294 2963 λεχθήσεται
1350 2893 1394 2945 δ’
1425 2895 1596 2963 ὅμως,
1633 2893 1769 2947 Θεοῦ

179 2980 422 3049 δύναμιν
447 2980 703 3043 διδόντος,
739 2982 836 3033 καὶ
872 2981 1236 3051 χορηγοῦντος
1256 2983 1412 3049 λόγον
1436 2982 1513 3051 τῷ
1535 2983 1768 3050 λέγοντι.

262 3073 432 3122 ’Λλλὰ
461 3073 626 3124 πόθεν
655 3073 722 3141 δὴ
753 3073 936 3142 δῶμεν
965 3073 1138 3143 ἀρχὴν
1172 3073 1250 3141 τῷ
1277 3074 1602 3144 διηγήματι,
1643 3073 1676 3144 ἦ
1707 3076 1771 3126 ὲκ

178 3162 291 3213 τῶν
344 3162 441 3215 τοῦ
493 3162 890 3230 εὐαγγελιστοῦ
948 3167 1251 3234 penatum;
1288 3166 1450 3226 αὐτὸς
1497 3165 1607 3235 γάρ
1640 3167 1772 3234 ἡμῖν

181 3253 405 3325 ἀρχέτω
432 3253 528 3307 τοῦ
564 3254 748 3321 λόγου,
771 3257 800 3306 6
835 3254 929 3307 καὶ
961 3256 1060 3325 τὴν
1090 3256 1304 3325 ἡμέραν
1333 3255 1536 3319 ταύτην
1568 3255 1769 3324 γνωρί-

185 3361 306 3408 σας.
357 3346 462 3398 Ἑν
504 3344 584 3410 τῷ
608 3346 790 3412 μηνὶ,
839 3347 995 3414 φησι,
1044 3344 1122 3408 τῷ
1165 3346 1354 3411 ἕκτῳ,
1389 3343 1705 3409 ἀπεστάλη
1737 3345 1770 3395 ό

183 3435 450 3504 ἄγγελος
484 3436 754 3503 Γαϐριὴλ
795 3436 954 3500 παρὰ
988 3435 1095 3488 τοῦ
1143 3436 1294 3490 Θεοῦ
1327 3443 1413 3502 εἰς
1453 3439 1637 3489 πόλιν
1662 3435 1770 3503 τῆς

183 3527 556 3591 Γαλιλαίας,
610 3521 649 3596 ᾗ
704 3526 894 3594 ὄνομα
931 3527 1186 3593 Ναζαρὲτ
1212 3569 1226 3590 ,
1281 3529 1432 3594 πρὸς
1471 3526 1771 3595 παρθένον

181 3619 733 3688 μεμνηστευμένην
769 3619 964 3685 ἀνδρὶ,
995 3613 1044 3684 ᾧ
1077 3620 1267 3688 ὄνομα
1305 3620 1549 3688 Ἰωσὴφ,
1581 3620 1650 3683 ἐξ
1688 3621 1771 3672 ol-

184 3725 298 3762 κου
336 3709 438 3762 καὶ
478 3709 733 3775 πατριᾶς
755 3708 954 3770 Δαϐὶδ,
982 3709 1079 3761 καὶ
1109 3710 1176 3761 τὸ
1207 3710 1398 3778 ὄνομα
1423 3709 1532 3776 τῆς
1557 3711 1772 3777 παρθέο

184 3815 298 3852 νου
344 3799 606 3868 Μαριάμ.
647 3801 756 3851 Καὶ
807 3799 936 3860 ἴσως
968 3800 1300 3870 ἀπορήσειέν
1343 3818 1428 3863 τις
1464 3802 1573 3854 τῶν
1601 3803 1773 3871 ἀκρι-

187 3888 431 3942 ϐούντων
457 3890 524 3942 τὰ
549 3890 782 3944 τοιαῦτα
804 3904 818 3919 ·
859 3891 923 3942 Τί
957 3893 1108 3943 ἐστιν
1136 3894 1163 3944 ό
1194 3891 1352 3954 ’ἐκτος
1380 3894 1505 3962 μὴν,
1542 3893 1638 3945 καὶ
1672 3893 1770 3944 πό-

188 3980 280 4032 θεν
331 3981 778 4052 ἀριθμούμενοςς
833 3974 879 4050 ᾧ
915 3985 1190 4053 παριστᾷ-ι
1241 3983 1554 4053 βουλόμενοι
1580 3985 1643 4036 τὸ
1675 4001 1771 4037 σα-

188 4072 311 4138 φὲς,
349 4072 747 4141 ἀνατρέχωμεν
771 4072 854 4134 εἰς
883 4071 950 4125 τὰ
984 4073 1169 4144 μικρῷ
1201 4076 1470 4144 πρότερον
1492 4075 1571 4144 τῷ
1605 4075 1770 4144 εὐαγ-

188 4162 417 4231 γελιστῇ
476 4162 765 4232 εἰρημένα.
813 4164 953 4233 Φησὶ
1005 4165 1332 4233 γάροΜετὰ
1387 4167 1608 4231 ταύτας
1664 4166 1771 4232 τὰς

190 4250 419 4319 ἡμέρας
462 4253 807 4304 συνέλαϐεν
851 4253 890 4318 ἠ
932 4253 1267 4316 Ἐλισαόὲτ,
1303 4255 1336 4322 ἠ
1381 4254 1535 4324 γυνὴ
1581 4257 1770 4322 Ζαχα-

185 4343 349 4408 ρίου,
380 4342 480 4395 καὶ
526 4343 915 4410 περιέκρυϐεν
943 4341 1172 4410 ἑαυτὴν
1205 4341 1406 4412 μῆνας
1437 4342 1641 4409 πέντε,
1676 4343 1771 4396 καὶ

189 4432 258 4486 τὰ
285 4431 437 4501 ἑξῆς.
472 4428 605 4485 Εἶτα
649 4432 867 4501 ἐπάγει·
923 4433 1018 4485 Ἑν
1062 4433 1132 4486 δὲ
1183 4433 1262 4499 τῷ
1301 4434 1446 4504 μηνὶ
1483 4433 1563 4500 τῷ
1597 4434 1766 4502 ἕκτῳ,

1865 1998 1974 2053 que
2013 2000 2078 2038 ac
2106 1985 2452 2055 obsignatam
2506 1987 2560 2040 in
2601 1997 2872 2042 aeternum
2913 2005 3163 2043 servans.
3210 1990 3451 2046 Salvesis

1865 2092 2019 2146 ergo,
2049 2078 2219 2131 Mater
2246 2080 2452 2148 pariter
2485 2095 2549 2132 ac
2573 2079 2757 2149 Virgo,
2791 2081 3026 2150 vitaeque
3048 2081 3207 2137 cibus
3231 2098 3295 2137 ac
3327 2083 3451 2138 fons

1868 2168 2303 2223 immortalitatis
2356 2185 2369 2220 :
2407 2184 2475 2222 ex
2521 2177 2572 2222 te
2605 2171 2754 2223 enim
2793 2169 2838 2223 is
2885 2169 3111 2239 prodiit,
3144 2171 3238 2240 qui
3277 2172 3450 2228 inter-

1865 2259 2003 2311 emit
2039 2258 2458 2326 corruptionem
2508 2274 2572 2312 ac
2603 2270 2835 2314 mortem
2871 2261 3162 2315 destruxit.
3193 2262 3306 2317 Nos
3343 2263 3452 2318 ita-

1870 2364 2003 2416 que,
2045 2347 2265 2411 fratrcs,
2311 2349 2378 2402 iis
2425 2349 2491 2402 ad
2534 2350 2629 2402 Dei
2661 2351 2884 2404 Matrem
2927 2367 3026 2420 pro
3057 2362 3244 2407 nostra
3275 2353 3450 2409 facul-

1871 2449 1982 2492 tate
2015 2439 2202 2499 dictis,
2231 2439 2286 2492 in
2325 2455 2425 2494 nos
2467 2441 2571 2509 ipsi
2600 2441 2868 2511 deinceps
2903 2453 3239 2512 spectemus,
3263 2461 3327 2501 ac
3348 2463 3452 2503 no-

1869 2533 2111 2584 verimus
2145 2531 2255 2585 diei
2295 2532 2556 2586 virtutem
2584 2573 2598 2595 ,
2646 2534 2936 2603 nataleque
2994 2543 3242 2590 nostrum
3287 2538 3451 2592 hodie

1869 2623 2210 2677 dediccmus.
2265 2624 2340 2676 lta
2393 2625 2554 2692 plane
2605 2625 2695 2678 hic
2730 2627 2891 2680 nobis
2929 2626 3049 2682 dies
3100 2639 3328 2684 vocatus
3367 2640 3449 2685 est

1870 2723 2115 2777 sanctus,
2154 2715 2207 2768 in
2251 2731 2362 2783 quo
2407 2715 2625 2770 formati
2667 2718 2731 2770 ad
2765 2719 3046 2787 antiquam
3093 2721 3262 2775 vitam
3299 2730 3452 2791 post-

1871 2806 2086 2859 liminio
2119 2805 2325 2859 reversi
2373 2822 2586 2862 sumus.
2635 2808 2809 2862 Porro
2839 2811 2996 2866 vobis
3026 2812 3280 2867 videatur
3308 2813 3452 2871 forte

1873 2912 2075 2950 novum
2101 2897 2248 2965 quod
2281 2896 2488 2950 dicitur
2515 2915 2528 2950 :
2561 2897 2780 2953 dicetur
2811 2909 3015 2964 tamen,
3046 2903 3160 2957 Deo
3185 2904 3453 2974 largiente

1871 2989 2158 3051 virtutem,
2203 3005 2268 3043 ac
2296 2989 2503 3043 dicenti
2542 2990 3002 3046 subministrante
3036 3008 3377 3048 sermonem.

1944 3081 2011 3134 Il.
2041 3081 2196 3135 Unde
2221 3097 2354 3134 vero
2378 3082 2564 3150 potius
2589 3098 2754 3147 quam
2782 3084 2851 3137 ab
2873 3084 3238 3155 Evangelistaa
3268 3086 3452 3141 verbis

1819 3210 1839 3225 .
1875 3171 2138 3225 ordienda
2176 3171 2338 3224 nobis
2360 3173 2604 3228 narratio
2647 3174 2760 3228 sit?
2791 3174 2910 3243 Ipse
2953 3175 3216 3231 nimirum
3248 3193 3443 3233 sermo-

1877 3278 2000 3316 nem
2038 3264 2392 3332 auspicetur,
2429 3265 2523 3333 qui
2573 3274 2629 3318 et
2686 3266 2834 3320 diem
2873 3267 3014 3322 hanc
3062 3276 3248 3323 notam
3299 3269 3451 3326 fecit.

1874 3353 1937 3406 In
1969 3370 2163 3416 mense,
2206 3355 2406 3422 inquit,
2440 3365 2587 3408 sexto
2637 3359 2824 3410 missus
2866 3366 2942 3411 est
2983 3360 3207 3430 angelus
3238 3361 3453 3417 Gabriel

1875 3461 1906 3496 a
1944 3443 2047 3495 Deo
2083 3446 2135 3495 in
2167 3444 2433 3497 civitatem
2464 3445 2701 3499 Galilwa:
2735 3450 2816 3500 cui
2849 3465 3039 3503 nomen
3069 3450 3360 3517 Nazareth,
3385 3456 3456 3508 ad

1877 3533 2141 3600 Virginem
2170 3535 2545 3603 desponsatam
2591 3537 2704 3588 viro
2751 3539 2831 3590 cui
2881 3555 3068 3591 nomen
3091 3550 3207 3593 erat
3240 3540 3452 3612 Ioseph,

1875 3625 1936 3676 de
1965 3625 2118 3676 domo
2135 3633 2182 3676 et
2207 3624 2415 3692 familia
2442 3625 2633 3689 David,
2656 3634 2704 3678 et
2736 3643 2925 3680 nomen
2947 3628 3174 3697 Virginis
3197 3630 3452 3687 Maria".

1875 3711 2038 3766 Forte
2069 3729 2200 3767 vero
2229 3722 2439 3781 quaerat
2472 3715 2599 3783 quis
2633 3717 2822 3769 talium
2853 3717 3142 3773 studiosus
3179 3721 3409 3777 rimator
3437 3741 3452 3778 :

1875 3799 2006 3870 quid
2045 3801 2176 3855 velit
2211 3811 2399 3855 sextus
2426 3803 2517 3856 ille
2551 3804 2777 3868 mensis,
2805 3820 2868 3858 ac
2907 3805 3054 3860 unde
3081 3809 3458 3866 numerandus

1874 3893 1984 3946 sit?
2014 3894 2084 3949 Ut
2111 3909 2241 3948 vero
2265 3895 2412 3962 quod
2444 3910 2534 3950 res
2559 3895 2726 3950 habet
2756 3907 2945 3966 aperte
2972 3903 3354 3969 suggel‘amus,
3384 3903 3455 3959 ad

1872 4000 1936 4038 ea
1971 3984 2371 4039 recurrendum
2405 4002 2528 4054 quae
2569 3988 2732 4056 paulo
2767 3989 3025 4058 superius
3047 3991 3196 4046 dicta
3232 4001 3362 4048 sunt
3385 3993 3456 4050 ab

1874 4074 2217 4143 Evangelista
2251 4091 2264 4125 :
2300 4073 2376 4126 ait
2399 4074 2545 4128 enim
2583 4093 2594 4128 :
2634 4075 2761 4130 Post
2803 4079 2893 4131 hos
2927 4079 3036 4131 dies
3067 4083 3304 4150 concepit
3335 4081 3454 4136 Eli-

1871 4163 2052 4216 sabeth
2106 4180 2242 4216 uxor
2289 4163 2606 4231 Zacharias,
2649 4177 2696 4220 et
2745 4169 3026 4224 occultavit
3087 4187 3144 4225 se
3193 4173 3455 4228 mensibus

1872 4255 2105 4323 quinque
2147 4255 2210 4320 ⁷⁷,
2246 4265 2355 4310 etc.
2391 4256 2641 4327 Tumque
2678 4260 2867 4314 subdit
2907 4279 2921 4314 :
2954 4261 3018 4315 In
3061 4279 3238 4316 mense
3275 4272 3457 4319 autem

1871 4353 2018 4396 sexto
2048 4346 2235 4398 missus
2264 4354 2340 4398 cst
2374 4346 2594 4416 angelus
2629 4347 2845 4402 Gabriel
2895 4351 2966 4404 ad
2996 4349 3227 4405 Mariam
3255 4353 3322 4406 ⁷⁸.
3351 4353 3457 4409 Ve-

1874 4449 2019 4500 rum,
2058 4434 2226 4496 dicet,
2258 4435 2397 4489 nihil
2442 4437 2628 4492 minus
2657 4437 2743 4493 his
2773 4439 2971 4508 positis
2998 4441 3237 4496 obscura
3271 4453 3457 4500 manet

190 4522 510 4588 ἀπεστάλη
539 4526 571 4576 ὀ
597 4521 853 4591 ἄγγελος
881 4522 1145 4591 Γαϐριὴλ
1178 4523 1332 4591 πρὸς
1364 4525 1479 4591 τὴν
1511 4524 1766 4593 Μαριάμ.
1802 4545 1846 4600 ι)
1875 4541 1952 4579 ηε]

1691 4524 1766 4592 in.
1802 4545 1846 4600 ι)
1875 4527 2135 4581 narratio.
2159 4525 2314 4591 Quod
2344 4528 2493 4582 enim
2524 4528 2876 4600 Evangelista
2907 4531 3120 4586 dixerit
3159 4550 3172 4586 :
3207 4532 3335 4588 Post
3360 4536 3453 4588 hos

192 4612 361 4664 Οὐδὲν
395 4612 450 4664 δὲ
484 4608 648 4684 ἦττον
683 4614 933 4682 φήσειεν,
974 4615 1056 4666 ὅτι
1101 4615 1274 4678 οὕτως
1317 4615 1529 4684 ἔμεινεν
1559 4618 1591 4685 ἡ
1640 4616 1773 4669 ἀσά-

192 4721 342 4772 φεια.
383 4704 474 4756 Ἐν
508 4705 615 4775 γὰρ
643 4704 722 4775 τῷ
751 4705 840 4757 τὸν
867 4706 1262 4775 εὐαγγελιστὴν
1287 4709 1482 4766 εἰπεῖν,
1517 4707 1678 4761 Μετὰ
1708 4707 1776 4759 δὲ

190 4797 412 4859 ταύτας
445 4795 552 4859 τὰς
582 4795 805 4862 ἡμέρας
861 4796 1200 4850 συνέλαϐεν
1234 4799 1271 4865 ἠ
1311 4797 1645 4862 Ἐλισαϐὲτ,
1677 4799 1776 4852 οὐκ

193 4890 288 4958 ισή
299 4906 468 4958 μανεν
501 4891 656 4953 ποίας
678 4893 710 4960 ή
719 4891 783 4960 μέ
793 4908 908 4962 ρας.
927 4892 1038 4945 Καὶ
1057 4892 1206 4944 δοκεῖ
1230 4910 1319 4961 μοι
1346 4893 1526 4955 καλῶς
1546 4895 1776 4963 ἀπορεῖν

191 4983 218 5033 6
251 4982 413 5035 τοῦτο
451 4983 646 5050 λέγων·
689 4983 995 5053 μαθήσεται
1039 4983 1094 5036 δὲ
1141 4985 1362 5054 ὑπέχων
1390 4985 1452 5036 τὸ
1491 4979 1586 5048 οὖς
1629 4985 1768 5053 πρὸς

191 5069 286 5138 τὴν
314 5071 610 5138 ἀκρόασιν,
654 5073 751 5124 καὶ
782 5072 1019 5134 συνετῶς
1047 5073 1337 5142 δεχόμενος
1369 5075 1438 5126 τά
1469 5074 1760 5152 λεγρμενα.

259 5159 447 5226 Ἀπαξ
469 5161 564 5214 τοῦ
604 5162 850 5216 ἐνιαυτοῦ
876 5165 905 5215 6
937 5164 1078 5216 κατά
1112 5165 1277 5234 νόμον
1311 5166 1490 5234 ἱερεὺς
1516 5166 1761 5235 εἰσέρχε-

261 5294 306 5324 ⁷¹
336 5293 355 5348 1
391 5294 537 5348 Petr.
565 5310 621 5360 ιι,
657 5295 708 5348 6.
786 5295 831 5326 ⁷³
866 5292 999 5346 Luc.
1031 5312 1070 5360 ι,
1101 5295 1191 5349 '28.

1270 5295 1315 5325 ⁷⁸
1347 5294 1466 5349 Psal
1531 5309 1654 5358 cxx,
1690 5295 1744 5348 5.

196 5359 239 5393 ⁷⁸
269 5363 407 5418 ibid.
434 5365 526 5419 26.

1821 5294 1865 5324 ’⁸
1903 5293 2077 5346 Ezech

1877 4627 2054 4671 autem
2105 4619 2211 4671 dies
2262 4621 2498 4689 concepit
2548 4620 2858 4686 Elisabet/t;
2908 4622 3054 4676 haud
3096 4632 3278 4678 tamen
3311 4640 3456 4694 quos

1878 4712 2010 4765 velit
2037 4711 2173 4773 dies,
2208 4711 2560 4780 significavit.
2594 4712 2670 4766 Ac
2701 4722 2848 4768 certe
2883 4714 3104 4769 videtur
3130 4726 3278 4771 recte
3301 4732 3455 4786 qua:-

1881 4820 2023 4866 rere,
2056 4806 2150 4874 qui
2192 4803 2274 4858 sic
2306 4804 2382 4858 ait
2415 4820 2427 4855 :
2465 4804 2758 4859 docebitur
2785 4816 2992 4871 autem,
3025 4808 3325 4863 dummodo
3351 4824 3452 4864 au-

1878 4912 1994 4949 rem
2042 4896 2310 4949 auditioni
2369 4897 2826 4963 accommodans,
2882 4899 3210 4970 intelligenti
3265 4898 3452 4957 animo

1879 5003 2001 5056 qua:
2031 4987 2292 5041 dicuntur
2332 4989 2631 5057 acceperit.

1940 5162 2030 5216 111.
2059 5161 2234 5216 Semel
2274 5161 2330 5214 in
2377 5177 2521 5214 anno
2570 5169 2598 5196 ο
2633 5161 2893 5214 sacerdos
2942 5162 3132 5231 legalis
3174 5162 3341 5217 intrat
3366 5161 3452 5215 in-

2145 5307 2217 5356 χι,
2246 5292 2301 5344 4.
2414 5291 2460 5322 ⁷⁸
2488 5289 2620 5344 Luc.
2657 5305 2692 5353 I,
2721 5290 2811 5355 26,
2849 5293 2938 5344 27.
3054 5293 3095 5320 ⁷⁷
3121 5290 3256 5347 Luc.
3288 5308 3330 5359 ι,
3358 5293 3452 5351 ει.

1284 5457 1516 5512 VARUS
1563 5454 1955 5514 LEC'I‘IONES
1990 5454 2076 5509 ET
2113 5453 2353 5511 NOTAE.

498 5595 629 5678 ιρι.
661 5596 784 5678 Mal.
872 5607 898 5635 ο
936 5596 1110 5678 Semel
1160 5600 1215 5651 in
1250 5616 1412 5678 anno.
1447 5597 1646 5678 Dpinio
1677 5598 1816 5678 hrec,
1854 5594 2306 5678 tametsi-Graecis.
2339 5591 2779 5678 aChLvsqstotno
2807 5592 3111 5678 admodum
3144 5606 3361 5666 recepta
3390 5609 3456 5678 se

195 5665 497 5748 familiaris,
535 5653 688 5748 haud
725 5674 904 5722 tamen
939 5669 1416 5748 nititur.v.eritate,
1451 5653 1714 5748 in'nuente
1752 5653 1866 5748 ipsa
1905 5666 2189 5748 Scriptura
2233 5663 2399 5717 fuisse
2477 5653 2826 5748 Zachariam.
2865 5666 3206 5748 sacerdotem
3240 5653 3456 5748 εἰει-επιξ-

196 5738 420 5790 norihus
455 5754 468 5789 :
504 5737 772 5805 siquidem
793 5747 913 5791 erat
953 5739 1077 5791 talis
1105 5738 1239 5790 vicis
1263 5776 1277 5796 .
1299 5753 1362 5790 ac
1392 5755 1534 5793 unus
1567 5739 1634 5794 de
1664 5733 1850 5792 multis
1880 5779 1894 5804 ,
1935 5733 2043 5790 cuii
2065 5744 2119 5790 ct
2155 5737 2439 5791 incensum
2476 5749 2680 5802 ponere
2714 5733 2974 5802 obtigerit
3001 5752 3012 5787 :
3045 5751 3154 5790 non
3183 5751 3250 5792 ex
3276 5737 3456 5792 oﬂicio

197 5808 469 5872 peculiare
498 5816 558 5860 ut
587 5821 834 5862 summus
860 5809 1101 5878 pontifex
1129 5807 1403 5863 habuerit.
