4462 6440
128 403 263 470 1381

899 403 1156 464 SERMO
1197 402 1287 463 ΙΙ.
1326 427 1393 438 -
1439 402 1523 463 IN
1561 398 2254 463 ANNUNTIATIONEM
2297 401 2359 462 S.
2400 400 2686 461 MARIAE.

3263 403 3401 472 1382

125 530 293 585 μενος
321 512 547 579 κόσμος,
598 510 674 573 ὡς
715 508 1117 563 ἀποδέδεικται.
1148 508 1396 579 Δήποθεν
1437 508 1586 571 εἰκὸς
1614 503 1707 578 ῆν,
1740 529 1781 583 Α
1813 523 1884 561 ιιιι

1635 503 1707 578 ἦν,
1740 529 1781 583 Α
1813 523 1916 561 nus
1969 514 2072 561 est.
2125 507 2181 560 Si
2213 517 2399 561 autem
2445 524 2555 563 non
2593 521 2680 565 est
2712 509 3049 579 sempiterna
3080 513 3254 568 oculis
3279 516 3397 571 haec

122 610 307 662 πάντα
327 609 385 658 ὲν
407 605 562 669 τάξει
580 607 673 658 καὶ
689 603 1010 675 δικαιοσύνῃ
1034 605 1319 667 κτίσασαν,
1337 603 1431 657 καὶ
1451 604 1516 669 δη
1525 620 1712 674 μιουρ-

121 700 383 770 γήσασαν
434 697 529 749 τοῦ
573 696 708 748 Θεοῦ
759 696 971 764 σοφίαν,
1005 694 1276 767 ἄρξασθαι
1315 695 1414 765 τῆς
1465 695 1711 763 δημηγο-

121 790 252 863 ρίας
284 790 390 859 ιι,ῆ
432 790 527 842 καὶ
562 788 736 859 ἀρχὴν
765 788 843 859 τῷ
869 788 1047 859 χρόνῳ
1078 787 1299 840 διδόναιο
1338 786 1463 839 ἐπεὶ
1490 785 1583 838 καὶ
1617 784 1713 838 αὖ·

119 884 215 945 τὺς
253 880 572 949 συνεισῆλθε
599 882 711 941 τοῖς
739 880 1060 948 κτίσμασιν’
1096 879 1127 948 ἢ
1162 878 1222 941 ἐξ
1247 877 1494 946 ἰσότητος
1526 874 1709 938 εὐθὺς,

124 973 273 1046 [καὶ]
317 975 416 1043 τῆς
452 972 584 1041 περὶ
629 972 695 1024 τὰ
722 971 1119 1041 διακρινόμενά
1145 988 1200 1022 τε
1231 969 1324 1021 καὶ
1356 967 1711 1038 διαιρούμενα

122 1065 222 1117 τοῦ
257 1066 475 1118 δικαίου
512 1073 560 1125 τ,
598 1063 691 1114 καὶ
724 1064 823 1131 τῆς
874 1064 952 1123 εἰς
990 1062 1158 1128 ἄκρον
1201 1061 1540 1130 ἰσομοιρίας,
1585 1059 1710 1129 ἦνὴ

121 1159 221 1211 τοῦ
276 1159 438 1227 ἔαρος
479 1156 622 1225 ἁρχὴ
670 1155 733 1205 ὲκ
777 1152 999 1223 πρώτης
1048 1151 1230 1214 ἔλαϐε,
1276 1153 1370 1205 καὶ
1421 1153 1583 1222 μέχρι
1619 1151 1711 1202 νῦν

124 1251 265 1319 ἔχει,
299 1249 610 1316 γενέσεως·
662 1244 820 1313 ψύξει
874 1245 968 1297 καὶ
1015 1245 1257 1312 καύματι
1293 1242 1709 1313 μεσιτῖυοόσης,

123 1345 217 1394 καὶ
247 1340 655 1408 διαφευγούσης
688 1340 748 1391 τὸ
787 1340 845 1389 ἐν
874 1338 1122 1410 ἐκατέρῳ
1170 1336 1433 1405 λυπηρὸν,
1473 1339 1538 1404 τῇ
1575 1337 1712 1403 άμε-

122 1434 275 1503 τρίᾳ·
316 1427 434 1484 εἶτα
465 1431 526 1483 τὸ
557 1430 739 1483 πλεῖον
778 1430 855 1499 τῷ
894 1432 1035 1498 φωτὶ
1065 1429 1162 1481 καὶ
1198 1428 1276 1497 τῷ
1317 1426 1563 1497 ἡμερινῷ
1599 1426 1713 1479 δια-

123 1527 367 1595 στήματι
394 1524 783 1594 χαριζομένης,
809 1523 902 1574 καὶ
923 1521 1398 1593 συλαγω[γού]σης
1424 1520 1488 1574 τὸ
1517 1521 1710 1583 σκότος

118 1618 263 1687 πρὸς
294 1617 475 1685 φωτὸς
497 1616 874 1685 ἐπικράτειαν.
904 1614 1054 1667 Ἔδει
1079 1614 1206 1683 γὰρ,
1235 1614 1343 1667 ἔδει
1363 1611 1423 1665 et
1450 1611 1587 1681 φῶς,
1614 1610 1708 1665 τοῦ

122 1710 350 1768 σκότους
413 1706 671 1777 κριθῆναι
713 1704 1064 1775 τιμιώτερον.
1132 1704 1287 1755 Ἐπεὶ
1345 1701 1406 1755 τδ
1455 1702 1553 1771 μὲν
1612 1702 1708 1770 οὐχ

120 1802 455 1871 ὑφίσταταιο
494 1799 557 1852 τὸ
597 1800 653 1851 δὲ
683 1797 876 1869 πρώτῃ
910 1794 1048 1847 Θεοῦ
1092 1797 1268 1864 φωνῇ,
1308 1794 1383 1863 μὴ
1421 1792 1480 1844 ὃν
1512 1793 1706 1862 πρότε-

1812 598 2058 667 subjecta
2100 596 2297 661 moles,
2356 599 2518 666 plane
2569 599 2763 653 habuit
2807 600 3140 670 principium
3181 619 3303 660 esse
3332 622 3399 661 ac

1813 690 2146 759 principium
2179 690 2502 750 creationis.
2530 698 2591 744 ut
2623 693 2913 761 probatum
2942 693 3065 747 fuit.
3104 693 3259 749 Unde
3284 697 3397 767 jam

1812 795 1911 849 par
1938 788 2078 844 crat,
2112 791 2172 834 ut
2209 781 2306 835 Dei
2343 783 2616 851 sapientia
2656 799 2774 854 qua:
2813 786 3069 840 universa
3098 787 3296 842 ordine
3333 804 3398 845 ac

1807 870 2021 937 justitia
2055 874 2267 927 ereavit
2298 875 2676 945 condiditque,
2710 878 3048 933 creationem
3081 880 3434 947 inchoaret,"-

1813 981 1911 1019 seu
1970 966 2136 1020 ctiam
2191 976 2407 1038 tempus
2466 969 2716 1024 initiaret
2766 988 2779 1023 :
2838 985 2967 1024 nam
3012 980 3068 1026 ct
3115 974 3232 1043 ipse
3277 976 3397 1045 pari

1812 1072 1935 1110 eum
1968 1058 2169 1114 creatis
2192 1069 2441 1130 tempore
2475 1062 2757 1130 ingressus
2783 1071 2871 1116 est
2900 1065 2917 1098 ί
2948 1078 3151 1132 :quam
3178 1065 3247 1119 ab
3280 1066 3399 1136 ipsa

1812 1148 1999 1201 statim
2054 1151 2391 1219 mqualitatc,
2435 1152 2585 1220 quod
2632 1153 2701 1207 ad
2759 1153 3288 1211 diseriminationem
3333 1173 3399 1213 ac

1812 1238 2141 1294 divisionem
2171 1243 2437 1314 temporis
2485 1253 2722 1314 spectat,
2756 1255 2919 1314 atque
2962 1264 2993 1301 ιι
3021 1263 3234 1303 summa
3266 1266 3396 1320 par-

1815 1332 1949 1385 tium
1972 1333 2365 1402 mquabilitate,
2394 1351 2557 1404 quam
2582 1336 2727 1390 veris
2750 1337 2969 1391 initium
2995 1353 3026 1391 a
3044 1340 3219 1407 prima
3243 1357 3399 1398 crea-

1814 1423 1961 1478 tione
1990 1425 2204 1489 habuit,
2232 1425 2610 1496 hactennsque
2645 1427 2813 1482 habet
2851 1445 2862 1481 :
2901 1428 3083 1484 media
3110 1430 3200 1485 illa
3231 1431 3397 1502 frigo-

1812 1514 1890 1568 ris
1918 1524 1974 1569 et
2002 1526 2189 1582 :estus,
2224 1533 2287 1570 ac
2351 1519 2498 1588 quod
2549 1530 2704 1589 parte
2742 1529 2977 1590 utraque
3008 1538 3235 1577 excessu
3274 1541 3394 1580 mo-

1809 1604 2009 1659 lestum
2041 1618 2145 1669 est,
2175 1608 2415 1678 fugiente
2440 1626 2453 1662 :
2483 1626 2715 1679 qumque
2748 1613 3100 1680 postmodum
3134 1616 3256 1683 plus
3283 1616 3393 1671 luci

1812 1696 2019 1749 tribunal
2060 1696 2279 1766 dicique
2310 1699 2512 1767 spatio,
2551 1714 2616 1752 ac
2646 1701 2902 1756 tenebras
2942 1702 3299 1773 deprzcdctur
3322 1707 3392 1761 ad

1810 1787 1949 1841 lucis
1978 1789 2291 1843 victoriam.
2335 1791 2500 1844 Plane
2542 1792 2691 1845 enim
2724 1796 3019 1863 oportebat
3077 1807 3138 1852 ut
3166 1817 3277 1870 pra!
3311 1811 3393 1855 te-

118 1912 236 1965 ρον,
262 1894 481 1960 γέγονε,
517 1892 610 1943 καὶ
641 1887 1003 1959 ἐμαρτυρήθη
1033 1902 1097 1937 πε
1109 1886 1163 1954 ρί
1188 1885 1356 1936 αὑτοῦ
1387 1886 1464 1937 ὅτι
1492 1885 1703 1935 καλόν.
1743 1871 1784 1924 Β
1813 1896 1880 1933 ne

1632 1885 1703 1934 ῖν.
1743 1871 1784 1924 Β
1813 1880 2000 1933 nebris
2048 1882 2140 1934 lux
2194 1881 2377 1950 potior
2438 1882 2772 1947 haberetur,
2817 1886 3095 1956 siquidem
3152 1892 3394 1946 tenebra:

131 1982 383 2035 Ἐκεῖθεν
402 1982 498 2033 καὶ
514 1980 733 2049 πρῶτον
758 1976 905 2045 μῆνα
927 1976 1143 2043 λέγουσι
1166 1974 1359 2027 τοῦτον
1376 1975 1425 2025 οἰ
1441 1972 1704 2041 Ἑϐραῖοι,

116 2074 332 2127 ἄνωθεν
364 2074 517 2135 ἴσως,
550 2072 641 2123 καὶ
686 2073 751 2122 ἐκ
790 2070 1075 2138 πατέρων,
1109 2067 1203 2119 καὶ
1228 2067 1315 2119 διὰ
1348 2064 1626 2126 Μωῦσέως
1649 2062 1707 2115 δὲ

115 2165 556 2236 νομοθετηθέντα
598 2163 815 2225 αὐτοῖς’
859 2162 922 2213 '0
964 2159 1081 2228 μὲν
1114 2161 1224 2227 γάρ
1276 2153 1477 2221 οὗτος,
1514 2154 1703 2225 φησὶν,

113 2258 277 2311 ἑστω
312 2256 456 2325 ὑμῖν
495 2253 729 2323 πρῶτος
771 2254 841 2306 ἐν
892 2252 1015 2317 τοῖς
1065 2248 1219 2319 μησί
1266 2248 1375 2301 τοῦ
1404 2245 1702 2310 ἐνιαυτοῦ,

113 2347 175 2399 ὃν
205 2347 309 2399 καὶ
332 2344 501 2414 μῆνα
528 2345 670 2396 νέον
698 2350 718 2377 ⁸
761 2341 894 2410 ἄλλῃ
937 2358 1041 2392 που
1073 2336 1332 2407 ὀνομάζει
1372 2336 1399 2386 ὁ
1441 2337 1701 2406 Μωῦσῆς,

113 2438 327 2508 νεαρᾶς
365 2436 593 2498 κτίσεως
621 2433 804 2504 ἀρχῆς
825 2475 839 2498 ,
886 2432 981 2484 καὶ
1014 2429 1124 2484 τῶν
1166 2430 1228 2494 ἐξ
1269 2430 1445 2499 ἀρχῆς
1476 2428 1706 2498 γενομέ-

112 2544 246 2591 νων,
291 2526 427 2579 ὅντα
468 2524 841 2595 μνημόσυνον.
877 2522 936 2574 '0
960 2521 1017 2573 δὲ
1048 2523 1145 2573 καὶ
1181 2523 1244 2572 ἐκ
1276 2520 1530 2588 πατέρων
1563 2533 1704 2587 παρ-

115 2616 316 2669 έλαϐεν
364 2614 540 2684 ἀρχὴν
568 2613 771 2666 εἰδέναι
818 2612 1010 2681 χρόνου
1044 2609 1139 2662 τὸν
1170 2609 1316 2679 μῆνα
1355 2608 1567 2659 τοῦτον.
1617 2607 1705 2659 Ἐν

112 2711 228 2773 τοῖς
256 2706 393 2777 περὶ
419 2704 812 2772 κατακλυσμοῦ
866 2702 1054 2771 σαφῶς
1086 2701 1418 2771 εὑρίσκομεν
1446 2697 1703 2769 δεύτερον

115 2802 270 2871 μῆνα
293 2800 389 2853 τὸν
422 2799 561 2870 μετὰ
581 2799 674 2852 τὸν
699 2798 909 2851 Νισσὰν
927 2797 1245 2867 λεγόμενον.
1272 2794 1429 2849 Οὕτω
1446 2794 1553 2865 γάρ
1574 2794 1705 2865 παρ’

110 2891 308 2952 αὐτοῖς
336 2891 367 2942 ό
398 2888 613 2959 πρῶτος
644 2886 970 2957 ὀνομάζεται
1009 2886 1138 2956 μὴν,
1167 2886 1196 2938 ό
1225 2884 1375 2957 παρὰ
1417 2884 1516 2953 μὲν
1566 2884 1702 2937 Ῥω-

113 2982 306 3051 μαῖοις
352 2980 649 3048 Ἀπρίλιος,
676 2978 827 3048 παρὰ
856 2977 914 3030 δὲ
948 2976 1230 3031 Μακεδόσι
1258 2976 1545 3039 Ξανθικός.
1576 2976 1702 3045 Ἐρ-

113 3071 424 3142 μηνεύεται
450 3070 507 3122 δὲ
543 3070 774 3134 Νισσάν,
810 3072 843 3122 ό
871 3069 1090 3122 ἀνθῶν.
1121 3069 1302 3121 Νίσσα
1330 3068 1441 3139 γάρ
1481 3067 1698 3135 λέγεται

1810 1987 1920 2025 non
1967 1974 2278 2026 subsistunt
2322 1991 2333 2024 :
2370 1974 2462 2027 lux
2494 1984 2700 2039 autem,
2735 1991 2859 2031 cum
2892 1978 3044 2046 prius
3086 1995 3193 2034 non
3222 1993 3391 2048 esset,

1810 2064 1986 2131 prima
2032 2066 2127 2118 Dei
2174 2081 2307 2119 voce
2339 2066 2562 2119 condita
2593 2076 2678 2121 est
2706 2068 2773 2129 °',
2809 2068 3112 2139 habuitque
3144 2073 3393 2127 testimo-

1807 2154 1983 2220 nium,
2012 2156 2204 2209 bonam
2232 2172 2358 2209 esse.
2386 2157 2523 2209 llinc
2545 2158 2709 2211 etiam
2739 2161 2975 2228 primum
3008 2161 3219 2217 llebrzei
3245 2162 3393 2219 hunc

1807 2262 2052 2300 mensem
2082 2247 2305 2312 dicunt;
2336 2247 2465 2300 olim
2502 2256 2657 2318 puto,
2694 2266 2759 2303 ac
2794 2266 2857 2305 ev
2879 2252 3154 2317 Patribus,
3180 2269 3391 2325 perque

1804 2338 2026 2408 Moysen
2051 2338 2171 2407 ejus
2196 2338 2277 2391 eis
2303 2339 2511 2391 sancita
2538 2340 2827 2409 religione.
2859 2341 2955 2395 llic
2979 2344 3154 2406 enim,
3183 2346 3385 2415 inquit,

1806 2430 1996 2481 "tensis
2042 2430 2107 2482 sit
2137 2430 2275 2482 vobis
2317 2431 2521 2499 primus
2552 2432 2608 2483 in
2644 2433 2902 2485 mensibus
2933 2435 3064 2487 arani
3102 2436 3144 2466 ⁸³
3178 2453 3191 2487 :
3222 2453 3385 2505 quem

1804 2520 1969 2574 etiam
2012 2520 2247 2590 quodam
2284 2521 2393 2574 alio
2431 2521 2555 2575 loco
2607 2521 2821 2593 Moyses
2861 2540 3089 2578 mensem
3133 2512 3387 2583 novorum

1804 2609 1939 2664 dicit
1972 2610 2037 2675 “,
2070 2619 2328 2679 tanquam
2365 2626 2522 2665 novze
2558 2612 2858 2667 creationis
2886 2613 3165 2685 principii.
3194 2633 3257 2672 ac
3295 2634 3387 2673 eo-

1805 2716 1927 2754 rum
1956 2716 2079 2770 qua:
2111 2702 2271 2756 initio
2306 2701 2450 2755 facta
2479 2712 2631 2767 sunt,
2662 2706 3005 2761 memoriale.
3036 2707 3144 2762 Sed
3186 2718 3242 2763 ct
3278 2710 3323 2763 is
3354 2726 3386 2766 a

1802 2790 2059 2846 Patribus
2082 2793 2316 2862 accepit,
2350 2803 2410 2848 ut
2434 2810 2681 2848 mensem
2737 2796 2902 2851 istum
2951 2810 3142 2853 nosset
3180 2800 3387 2871 princi-

1802 2883 1955 2953 pium
1989 2884 2274 2954 temporis.
2307 2885 2452 2940 Sane
2495 2886 2551 2940 in
2583 2888 2774 2943 diluvii
2817 2888 3051 2945 historia
3087 2892 3132 2925 ⁸⁵
3171 2893 3386 2965 perspi-

1802 2988 1904 3027 cue
1955 2988 2276 3044 expressum
2328 2975 2675 3037 invenimus.
2720 2980 3058 3048 appellatum
3100 2996 3221 3036 esse
3253 2998 3382 3037 eum

1802 3081 2045 3120 mensem
2068 3067 2393 3132 secundum,
2416 3068 2511 3137 qui
2538 3073 3101 3140 consequlturNisan.
3123 3074 3214 3129 Sic
3232 3076 3382 3131 enim

112 3165 251 3236 παρ’
302 3163 576 3234 Ἑϐραίοις
604 3164 666 3215 τὸ
698 3162 878 3224 ἄνθος.
917 3163 1071 3231 Τάχα
1121 3162 1177 3214 δὲ
1226 3162 1317 3214 καὶ
1352 3162 1381 3213 ὁ
1410 3160 1693 3223 Ξανθικὸς,
1728 3196 1774 3256 c
1805 3172 1872 3225 ap

1618 3160 1693 3223 ὒς,
1728 3196 1774 3256 c
1805 3156 1949 3225 apud
1984 3172 2081 3211 eos
2114 3157 2330 3225 primus
2368 3161 2572 3213 mensis
2604 3162 2937 3230 appellatur,
2964 3164 3058 3233 qui
3093 3166 3236 3235 apud
3266 3166 3380 3221 Ro-

121 3252 376 3314 ’Δνθικὸς
406 3253 733 3322 λέγεται,τῇ
752 3251 1036 3323 προσθήκῃ
1074 3252 1536 3323 προσαγορευθεὶς
1562 3251 1695 3306 Ξαν-

111 3344 288 3407 θικός.
327 3345 451 3397 Εἴτε
488 3344 546 3396 δὲ
582 3344 967 3406 ’Λνθικὸς,εἰ’τε
996 3341 1278 3409 Ξανθικδς,
1312 3346 1377 3397 ὲκ
1405 3345 1504 3414 τῆς
1534 3345 1593 3396 ἐν
1620 3344 1697 3412 τῷ

111 3434 243 3504 ἀέρι
280 3432 623 3501 ἐξανθήσεως
657 3431 816 3485 τοῦτο
843 3432 1198 3500 χρηματίζει.

1807 3262 1998 3301 manus
2042 3246 2246 3300 dicitur
2302 3247 2550 3317 Aprilis,
2612 3250 2755 3318 apud
2821 3261 3004 3307 autem
3058 3254 3382 3311 Macedones

1802 3339 2130 3392 Xanthicns.
2158 3340 2332 3393 Porro
2356 3340 2524 3394 Nisan
2559 3344 2860 3411 exponitur
2890 3348 3085 3416 ﬂorens
3124 3365 3137 3399 :
3175 3349 3381 3419 quippe

1801 3430 1929 3483 Nisa
1983 3429 2127 3498 apud
2177 3429 2436 3483 llcbrzcos
2484 3430 2582 3485 ﬂos
2618 3434 2925 3501 appellatur
2954 3448 3000 3491 ιι.
3032 3437 3193 3493 Forte
3249 3455 3381 3495 vero

112 3524 287 3578 etiam
351 3521 680 3585 xnmhicus,
722 3520 995 3578 Anthicus
1042 3522 1228 3576 Graece
1299 3521 1525 3585 dicitur,
1573 3520 1628 3575 id
1670 3518 2059 3582 cstlloridus,
2107 3519 2416 3588 adjectione
2474 3521 2669 3577 littera:
2700 3523 2745 3577 Χ
2793 3526 2867 3578 ita
2899 3529 3225 3597 appellatus.
3252 3532 3381 3588 Sive

113 3625 307 3672 autem
366 3614 658 3681 Anthicus,
709 3617 825 3671 sive
880 3617 1185 3672 Xanthieus
1232 3635 1244 3670 :

184 3714 403 3769 Οὐκοῦν
444 3714 660 3784 πρῶτος
695 3714 801 3783 μήν
840 3715 987 3766 ἐστιν
1021 3717 1050 3767 ὁ
1076 3714 1185 3767 ἀπὸ
1226 3713 1515 3784 ἰσημερίας
1553 3714 1699 3783 ἐαρι-

111 3809 215 3877 νῆς
258 3808 587 3876 ἀρχόμενος,
623 3806 784 3873 φύσει
835 3805 1051 3876 πρῶτος
1101 3805 1391 3874 ὑπάρχων,
1440 3804 1516 3866 ὡς
1556 3804 1697 3872 ἁρχὴ

114 3899 337 3969 χρόνου,
371 3900 440 3967 τῇ
472 3896 583 3949 τῶν
613 3896 785 3949 ὄντων
813 3899 1119 3967 παραγωγῇ
1150 3893 1694 3965 συνδημιουργηθείς.

117 3989 278 4042 Ἔστι
306 3988 364 4041 δὲ
402 3988 688 4058 ἰσημερία,
724 3989 805 4040 ὃτι
828 3986 1274 4057 οὐδὲν“ἁπομὲνει
1314 3985 1697 4057 προϋπάρχον-

112 4092 205 4139 τος
232 4075 431 4146 χρόνου
470 4075 658 4145 μόριον
708 4076 769 4128 ἐν
799 4075 876 4144 τῷ
921 4075 1130 4144 ἡλιακῴ
1176 4075 1383 4145 δρόμῳ,
1416 4076 1482 4145 τῇ
1523 4072 1695 4127 εἰκάδι

113 4151 398 4240 [πέμπτῃ]
437 4165 532 4219 τοῦ
570 4167 840 4237 Μαρτίου,
879 4167 997 4237 ἦτοι
1037 4166 1282 4236 Δύστρου
1315 4166 1505 4236 μηνός.
1540 4163 1696 4218 Οὕτω

113 4260 225 4329 γάρ
249 4255 351 4311 καὶ
394 4258 560 4329 μέχρι
602 4259 842 4328 σήμερον
867 4256 1193 4327 συμφθάνει,
1224 4259 1312 4311 ὅτε
1338 4259 1372 4328 ἡ
1405 4257 1696 4327 τετραετία

1299 3634 1366 3671 ex
1402 3616 1568 3681 acris,
1605 3633 1727 3684 qua:
1768 3624 1898 3668 tunc
1930 3622 2036 3679 est,
2068 3614 2465 3670 clllorcscentia
2488 3616 2561 3671 ita
2599 3630 2971 3690 nuncupatur.

1878 3710 1965 3764 Vl.
1998 3710 2186 3778 Itaque
2221 3710 2433 3780 primus
2478 3714 2685 3767 mensis
2729 3714 2797 3768 ab
2834 3717 3167 3785 aequinoctio
3210 3739 3382 3779 verno

1805 3799 2023 3868 incipit,
2048 3799 2261 3868 primus
2297 3808 2496 3855 natura
2538 3803 2829 3871 exsistens,
2865 3816 3122 3877 tanquam
3169 3814 3381 3883 princi-

1803 3890 1955 3958 pium
1986 3890 2269 3959 temporis,
2308 3906 2415 3943 una
2442 3906 2566 3944 cum
2600 3908 2783 3946 rerum
2823 3897 3187 3963 productione
3230 3916 3383 3958 crea-

1804 3988 1909 4033 tus.
1949 3980 2105 4033 Tunc
2150 3997 2278 4035 vero
2330 3991 2415 4035 est
2451 3984 2865 4052 mquinoetium,
2895 4003 3021 4042 cum
3056 3991 3193 4046 nihil
3244 4009 3382 4064 pra:-

1802 4070 2125 4124 exsistcntis
2170 4072 2437 4140 temporis
2484 4088 2735 4130 remanet
2778 4076 2831 4130 in
2860 4079 3023 4133 solari
3055 4096 3249 4147 cursu,
3289 4083 3381 4141 die

1801 4163 2061 4216 vicesima
2092 4162 2271 4217 Martii
2307 4164 2419 4218 sive
2474 4166 2653 4236 Dystri
2688 4169 2914 4223 mensis.
2949 4169 3041 4227 Sic
3068 4173 3215 4229 enim
3252 4175 3384 4231 hac-

1803 4263 1963 4308 tenus
2022 4270 2243 4325 quoque
2288 4258 2532 4310 occurrit
2577 4275 2702 4312 cum
2767 4262 3193 4331 quadriennium
3263 4266 3379 4322 bis~

110 4351 208 4405 τοῦ
236 4350 539 4420 λεγομένου
570 4348 849 4418 βισὲξτου,
883 4350 963 4413 εἰς
1002 4349 1218 4402 τελείαν
1253 4349 1470 4420 ἡμέραν
1514 4352 1695 4419 άπαρ-
1729 4350 1773 4405 D
1801 4361 1872 4400 se:

1619 4365 1695 4419 ιρ-
1729 4350 1773 4405 D
1801 4345 1961 4409 sexti,
2004 4347 2151 4415 quod
2183 4357 2402 4412 vocant,
2438 4348 2492 4401 in
2524 4349 2671 4404 diem
2705 4352 3011 4421 perfectum
3038 4367 3247 4412 motum
3284 4358 3381 4414 ab-

106 4442 253 4509 τίζει
282 4443 386 4511 τὴν
428 4442 665 4512 κίνησιν.
711 4441 800 4492 Ἐν
829 4440 938 4511 γάρ
965 4443 1076 4503 τοῖς
1104 4440 1287 4504 ἄλλοις
1314 4441 1492 4511 τρισὶν
1524 4439 1691 4503 ἔτεσι,

107 4534 199 4589 διὰ
220 4534 284 4587 τὸ
309 4533 649 4604 ὲναπομένον
665 4531 949 4600 τέταρτον,
968 4532 1158 4585 οὐκέτι
1183 4534 1249 4602 τῇ
1269 4530 1447 4585 εἰκάδι
1468 4570 1484 4596 ,
1534 4529 1694 4602 [ἀλλὰ

178 4676 229 4708 ⁸⁸
258 4676 401 4733 Gen.
432 4692 469 4741 ι,
504 4676 558 4732 5.
632 4678 682 4711 ⁸³
710 4677 882 4733 Exod.
912 4691 1007 4739 xu,
1036 4677 1091 4731 2.
1166 4675 1213 4706 ⁸⁸
1240 4672 1414 4729 Exod.
1450 4687 1563 4740 xm,
1594 4672 1680 4726 M.

1801 4438 1983 4493 solvit.
2021 4438 2081 4491 ln
2111 4439 2235 4493 aliis
2267 4439 2413 4494 enim
2452 4441 2629 4496 tribus
2661 4443 2842 4510 annis,
2875 4454 3100 4516 propter
3125 4457 3379 4518 quartam

1803 4530 2099 4596 residuam,
2138 4547 2247 4585 non
2285 4531 2394 4602 jam
2427 4532 2709 4601 vicesima,
2757 4536 2853 4592 sed
2886 4537 3145 4594 vicesima
3177 4538 3377 4610 prima,

1778 4671 1824 4703 ⁸⁸
1845 4670 1982 4726 Gen.
2008 4688 2102 4738 vn,
2137 4673 2222 4727 Η.

1222 4812 1457 4871 ἼΑΒΙΛΕ
1490 4810 1878 4869 LECTIONES
1913 4812 2000 4867 ET
2038 4812 2273 4868 NOTAE.

204 4946 231 4985 ει
278 4938 511 5003 Δημητ.
540 4934 671 5004 Leg.
704 4932 1089 5004 δημιουργίας.

110 5006 641 5076 temporejngresstts
700 5013 795 5058 est.
824 5004 1052 5076 Συνεισῇ

1199 4941 1224 4971 τ
1251 4932 1513 4986 Δικαίου.
1548 4930 1734 4992 Forte,
1767 4927 1983 4998 καιροῦ.

2091 4934 2114 4962 ⁶
2149 4926 2324 4998 Νέον.
2362 4926 2510 4998 Lego
2554 4928 2710 4983 νέων.
2794 4929 2815 4966 ⁸
2854 4928 2988 4984 Pari
3028 4946 3145 4983 cum
3183 4930 3374 4986 creatis

1057 5001 1148 5054 λθε
1177 5006 1293 5063 τοῖς
1322 5002 1636 5069 κτίσμασιν.
1668 4999 1903 5057 Pulchra
1939 4998 2056 5069 lucc
2084 5012 2146 5069 ac
2186 4997 2329 5051 bona
2357 4999 2425 5052 ad
2452 4997 2819 5069 coniecturali

1612 5020 1636 5053 ι.
1668 4999 1903 5057 Pulchra
1939 4998 2056 5069 lucc
2084 5012 2146 5069 ac
2186 4997 2329 5051 bona
2357 4999 2425 5052 ad
2452 4997 2834 5069 conjecturam
2860 5016 2875 5053 :
2906 4999 3053 5053 haud
3084 5015 3213 5052 vero
3238 5002 3374 5055 satis

113 5067 275 5130 ﬁrma
305 5073 372 5129 ad
405 5067 696 5128 historiam
736 5091 749 5127 :
779 5083 841 5127 ut
876 5073 962 5127 vel
995 5067 1052 5126 si
1065 5071 1318 5140 concepti
1339 5067 1567 5125 Joannis
1595 5070 1877 5140 oraculum
1920 5067 2239 5140 dederimus
2268 5068 2564 5140 contigisse
2590 5083 2702 5140 quo
2724 5068 2814 5123 die
2845 5069 3001 5138 ponit
3026 5069 3370 5140 Anastasius,

109 5145 491 5212 deincepsque
520 5153 677 5198 sexto
705 5158 895 5197 mense
922 5157 987 5196 ac
1006 5158 1075 5212 eo
1102 5137 1362 5212 currente
1391 5139 1596 5212 tactam
1626 5137 1969 5212 Dominicam
2001 5137 2501 5212 annuntiationem,
2521 5138 2669 5212 nulla
2696 5140 2816 5206 ejus
2843 5137 2993 5212 certa
3018 5139 3137 5212 dies
3165 5139 3370 5212 signari

110 5207 464 5284 possithée
486 5211 629 5284 forte
663 5212 757 5282 qui
789 5212 955 5284 primi
993 5211 1064 5266 95
1104 5212 1196 5284 illa
1246 5210 1425 5284 Martii
1463 5207 1848 5284 celebrandam
1885 5215 2240 5284 censuerunt,
2276 5208 2485 5262 certius
2518 5207 2682 5284 ali_nd_
2717 5224 2882 5284 quam
2918 5208 3010 5263 hic
3046 5209 3371 5284 Anastasius

109 5276 414 5353 signiticet,
452 5276 809 5353 habuerunt?
839 5282 1084 5353 satisque
1116 5280 1310 5353 fuerit,
1344 5280 1425 5333 sie
1474 5279 1586 5353 pie,
1620 5292 1684 5331 ac
1707 5293 1776 5331 eo
1822 5276 2185 5330 fundamento
2226 5292 2549 5353 persuasum
2595 5276 2891 5353 habuisse._
2917 5288 3061 5353 _tnnc
3101 5292 3223 5353 esse
3257 5278 3372 5353 [ae-

108 5346 249 5416 tain,
279 5362 344 5407 ut
390 5353 484 5406 illo
560 5352 871 5406 otissimum
914 5346 1011 5405 die
1045 5349 1395 5405 recolendam
1442 5346 1724 5403 sancirent
1761 5363 1774 5398 :
1814 5354 2003 5399 contra
2037 5361 2177 5415 quos
2217 5348 2357 5401 male
2397 5346 2658 5415 Scaliger,
2702 5346 3001 5402 Beroaldus
3051 5363 3115 5402 ac
3162 5346 3371 5402 similes

114 5429 420 5475 novatores
446 5369 812 5475 detulerant.
852 5419 1141 5475 Consentit
1179 5418 1468 5474 Anastasio
1501 5425 1699 5472 auctor
1737 5415 2114 5475 Quaestionum
2172 5414 2238 5469 ad
2284 5416 2616 5470 Antiochum
2649 5425 2849 5475 quaest.
2896 5419 2963 5471 54
3012 5419 3155 5472 inter
3198 5432 3367 5475 opera

114 5429 420 5476 novatores
446 5421 515 5475 tle

111 5490 404 5546 Athanasii

557 5422 812 5475 laterant.
852 5419 1141 5475 Consentit
1179 5418 1468 5474 Anastasio
1501 5425 1699 5472 auctor
1737 5414 2114 5482 Qmestionum
2172 5414 2238 5469 ad
2284 5414 2616 5486 Antiochum
2649 5425 2849 5485 quaest.
2896 5419 2963 5471 54
3012 5419 3155 5472 inter
3198 5432 3367 5486 opera

501 5498 838 5566 uem‘tamen
876 5490 1277 5566 liquet‘magno
1310 5487 1613 5566 Athanasio
1640 5486 2158 5566 esse_sequi_o_rem..
2215 5493 2241 5521 υ
2275 5486 2479 5556 Quippe
2499 5485 2645 5566 ‘Nisq
2682 5487 2837 5566 apud
2853 5487 3095 5541 Hebra'os
3133 5485 3368 5566 μοίρῃ-

111 5532 2233 5631 ἷὲὶὶῗιῖιῖἷ’ἰγόἰῖιῖἱ”ι‹ἦίξ”ςῇοὲῗὲΝῷίἶῗίῖεῖὲξὶιῖἦῖΝἷεᾷἶῖίιᾷῐιῖιξξῐιὲῐῖεὶῑου
2243 5532 3252 5631 ηἰξῖεῇἷιῖἐιξιξῖιίοἷιξέἶιὸὶὶίίιέξιξῖυ
3261 5532 3368 5610 es.

112 5625 372 5685 redditur
430 5629 590 5693 ἄνθος
620 5644 649 5683 a
674 5628 854 5699 LXX,
886 5637 943 5683 et
982 5644 1013 5682 a
1044 5628 1202 5699 vulg.
1229 5630 1347 5699 ﬂos,
1382 5628 1484 5682 lsa.
1524 5643 1597 5691 XI,
1646 5625 1833 5699 i,_iubi
1871 5625 1963 5699 alii
1996 5641 2231 5699 germen,
2274 5627 2364 5679 alii
2391 5625 2650 5699 _surcu_tl_us
2681 5642 2698 5681 :
2736 5626 2897 5696 longe
2919 5635 3109 5699 tamen
3148 5626 3254 5679 hoc
3285 5634 3370 5699 est

113 5714 145 5754 a
198 5708 331 5786 ποτ),
389 5715 500 5769 quo
538 5698 761 5754 nomine
799 5699 1037 5768 primum
1077 5694 1239 5751 illum
1271 5711 1515 5752 mensem
1557 5696 1855 5766 appellant.
1885 5694 2255 5760 Quamobrem
2290 5696 2476 5749 verius
2505 5695 2747 5762 videtur,
2788 5694 2936 5766 quod
2972 5696 3268 5751 adnotatur
3298 5694 3367 5749 ad

112 5807 239 5848 eam
263 5806 455 5846 vocem
482 5791 540 5845 in
560 5790 845 5847 Thesauro
874 5790 1126 5860 Pagnini,
1149 5806 1271 5846 esse
1296 5787 1567 5860 ejusmodi
1612 5788 1887 5844 mensium
1913 5787 2139 5845 nomina
2179 5802 2208 5843 a
2237 5786 2489 5843 barbaris
2539 5795 2788 5859 accepta,
2822 5802 2947 5846 eum
2973 5801 3086 5844 non
3113 5787 3369 5859 legantur

114 5861 223 5920 nisi
264 5864 320 5919 in
362 5861 524 5919 libris
547 5861 772 5934 scriptis
808 5861 864 5918 in
903 5857 1243 5931 captivitate,
1284 5857 1341 5916 et
1371 5857 1751 5916 rabbinorum.
