4462 6440
923 349 940 411 ι
952 348 1055 410 383

2030 340 2089 398 S.
2131 339 2527 398 ANASTASII
2572 340 3040 400 ANTIOCIIENI

4039 330 4177 403 ιθδι

916 467 1079 526 atque
1104 454 1241 508 adeo
1258 451 1491 522 quadam
1516 445 1883 516 in:equalitate
1920 445 2314 514 :equinoctium
2336 447 2483 514 ejus-
2515 450 2555 502 Λ
2584 450 2649 516 τῇ

2412 462 2483 497 Is-
2515 450 2555 502 Λ
2584 450 2649 516 τῇ
2685 447 2859 499 εἰκάδι
2892 445 2936 516 δ’]
2968 446 3180 517 πρώτῃ,
3213 445 3301 497 καὶ
3330 442 3415 495 δελ
3445 442 3599 495 τοῦτο
3626 442 3925 511 ἀνωμάλως
3973 458 4174 493 καταν-

918 544 1068 600 modi
1095 543 1356 596 occurrit.
1388 539 1658 605 Deinceps
1698 546 1880 589 autem
1930 550 2026 587 ver
2066 536 2277 604 incipit,
2312 535 2492 589 onmia

919 636 1105 690 statim
1131 635 1184 687 in
1216 631 1498 701 pulchram
1526 626 1816 696 quamdam
1846 640 1909 679 ac
1931 625 2225 694 genitalem
2257 628 2492 695 speciem

921 733 1295 780 transmutans
1350 735 1414 773 ac
1455 734 1700 772 movens.
1743 716 2026 785 Siquidem
2075 732 2206 769 vero
2258 717 2373 769 haec
2420 716 2492 768 ita

922 818 1150 877 habent,
1180 811 1368 865 mundi
1424 810 1658 863 visibilis
1714 808 1953 876 primum
2009 816 2191 859 ortum
2236 808 2495 862 vicesima

922 908 1014 961 die
1048 904 1252 958 mensis
1295 902 1472 955 Martii
1510 900 1886 968 intelligimus.
1936 899 2069 953 Nam
2102 908 2286 953 creata
2318 899 2496 952 omni—

924 1014 999 1053 no
1040 996 1215 1051 creari
1262 994 1505 1064 oportuit
1537 994 1911 1062 pulcherrima
1950 993 2077 1045 anni
2123 1001 2445 1062 tempestate
2480 1009 2493 1044 :

924 1090 1076 1159 atqui
1116 1106 1209 1143 ver
1256 1085 1630 1155 pulcherrima
1685 1095 1769 1138 est
1822 1092 2204 1151 tempestatum
2254 1085 2405 1145 anni,
2440 1092 2499 1135 ut

929 1180 1045 1247 ipse
1074 1176 1290 1230 almnde
1329 1183 1562 1228 testatur
1596 1190 1810 1227 sensus.
1841 1174 2100 1225 Videmus
2132 1174 2276 1225 enim
2309 1189 2409 1241 per
2445 1172 2498 1226 id

931 1277 1165 1338 tempus,
1198 1268 1404 1321 moveri
1439 1268 1620 1319 omnia
1656 1275 1714 1318 ut
1743 1281 1974 1318 numero
2005 1281 2067 1317 ac
2099 1266 2240 1318 mole
2262 1281 2502 1334 augean-

930 1374 1041 1426 tur,
1081 1363 1315 1431 primum
1352 1360 1487 1414 illud
1520 1357 1835 1412 mandatum
1882 1359 2113 1413 reverita
2149 1376 2160 1386 ’
2202 1358 2425 1412 Crescite
2453 1368 2499 1410 et

930 1452 1359 1522 multiplicamini
1381 1452 1445 1502 ⁸⁸³.
1475 1449 1530 1501 Si
1565 1448 1786 1516 quidem
1812 1464 1943 1517 ergo
1975 1450 2343 1517 pulcherrima
2373 1450 2500 1503 anni

931 1552 1317 1611 tempestatum
1350 1554 1519 1593 verna
1558 1548 1665 1603 est,
1701 1538 2002 1607 incipitque
2032 1538 2121 1591 illa
2159 1539 2227 1591 ab
2254 1539 2503 1607 :equino-

926 1634 1061 1697 ctio,
1086 1631 1305 1700 quando
1327 1631 1471 1683 Deus
1496 1630 1701 1697 incepit
1728 1644 1815 1681 res
1836 1643 2039 1689 creare,
2068 1643 2193 1680 cum
2227 1628 2501 1680 hominem

927 1723 1017 1777 die
1051 1730 1201 1775 sexta
1229 1720 1537 1781 creaverit;
1574 1719 1733 1787 plane
1761 1716 2123 1785 intelligimus
2152 1716 2320 1769 fuisse
2351 1731 2504 1769 erea-

2594 540 2660 608 τᾷ
2791 538 3069 608 ἰσημερία.
3112 534 3269 604 Ίίξῆς
3319 535 3544 604 ἄρχεται
3592 533 3654 586 τὺ
3690 534 3811 604 έαρ,
3847 530 4175 603 μεταποιῶν

2595 629 2690 683 καὶ
2730 628 2915 682 κινοῦν
2947 627 3150 689 εὐθέως
3183 628 3399 680 ἃπαντα
3430 625 3564 696 πρὸς
3591 624 3783 686 κάλλος
3816 626 3909 676 καὶ
3934 624 4172 691 γένεσιν.

2596 723 2658 774 El
2692 720 2863 774 ταῦτα
2899 720 3071 782 οὕτως
3113 720 3225 787 ἔχει
3246 760 3261 784 ,
3300 717 3475 787 ἀρχὴν
3506 716 3599 769 τοῦ
3630 715 3911 786 ὁρωμένου
3940 716 4174 784 κόσμου,

2594 816 2695 884 τὴν
2751 814 2939 866 εἰκάδα
2995 812 3091 863 τοῦ
3140 811 3386 877 Μαρτίου
3446 809 3615 879 μηνὸς
3682 806 4177 875 καταλαμϐάνομεν

2596 902 2758 959 εἶναι.
2805 906 2878 957 Τὸ
2926 905 3033 974 γὰρ
3082 902 3421 972 γεννώμενον
3452 911 3501 966 γ,
3553 902 3610 951 ἐν
3655 904 3720 969 τῇ
3755 900 4019 968 καλλίστῃ
4067 898 4177 950 τῶν

2596 996 2754 1064 ὡρῶν
2785 994 2891 1046 ἔδει
2926 993 3183 1061 γενέσθαι
3222 993 3439 1053 πάντως
3463 1009 3475 1020 ·
3503 990 3762 1057 καλλίστη
3794 991 3848 1042 δὲ
3879 988 3985 1042 τῶν
4015 988 4178 1058 ὡρῶν

2597 1087 2763 1149 ἐστιν,
2813 1086 2845 1153 ἡ
2891 1084 2985 1136 τοῦ
3038 1086 3217 1153 ἔαρος,
3259 1081 3335 1143 ὡς
3392 1082 3530 1150 αὑτὴ
3578 1082 3847 1149 μαρτυρεῖ
3899 1082 3930 1148 η
3977 1078 4177 1147 αἴσθη-

2600 1196 2703 1240 σις·
2731 1176 2976 1248 ⁸δρῶμεν
3016 1177 3121 1246 γὰρ
3153 1176 3329 1227 πάντα
3360 1173 3492 1242 πρὸς
3527 1170 3843 1240 πληθυσμδν
3884 1168 3977 1221 καὶ
4009 1168 4176 1236 asin-

2602 1287 2685 1322 σιν
2721 1268 2841 1321 τότε
2891 1266 3208 1334 κινούμενα,
3256 1265 3317 1317 τὸ
3365 1263 3577 1332 πρῶτον
3608 1261 3903 1330 αἰδούμενα
3936 1261 4176 1330 πρόστα-

2600 1378 2738 1429 γμα,
2770 1359 3092 1423 Λύξιὶνετε,
3127 1359 3530 1423 aluminum.
3563 1355 3623 1406 ΕΞ
3658 1349 3751 1405 οὖν
3782 1353 4044 1420 καλλίστη
4073 1351 4179 1403 τῶ)

2602 1450 2761 1518 ὡρῶν
2793 1449 2998 1516 ἐστινή
3031 1445 3243 1517 ἐαρινὴ,
3278 1446 3507 1514 ἄρχεται
3543 1443 3597 1494 δὲ
3628 1442 3737 1494 ἀπὸ
3770 1441 4087 1511 ἰσημερίας,
4125 1441 4182 1491 ἐν

2601 1539 2634 1618 ᾗ
2669 1544 2775 1596 τῶν
2806 1543 3109 1611 γεγονότων
3146 1541 3325 1612 ἔργων
3355 1539 3641 1609 ἀπήρξατο
3684 1540 3712 1591 ὀ
3755 1536 3910 1601 Θεὸς,
3942 1538 4012 1605 τῇ
4046 1534 4183 1606 ἕκτῃ

2600 1634 2789 1704 ἡμέρᾳ
2825 1632 3238 1703 δημιουργήσας
3266 1631 3358 1683 τὸν
3384 1629 3693 1698 ἄνθρωπον,
3721 1629 3821 1697 τὴν
3848 1626 3941 1680 τοῦ
3972 1624 4185 1696 ἀνθρώ-

2606 1740 2709 1775 που
2741 1724 2956 1791 ποίησιν
2986 1727 3052 1792 τῇ
3095 1722 3270 1775 εἰκάδι
3303 1721 3421 1793 [καὶ
3467 1720 3698 1791 πέμπτῃ
3728 1718 3777 1787 ιλι
3808 1716 3905 1770 τοῦ
3932 1715 4183 1784 Μαρτίου

931 1824 1047 1867 tum
1078 1813 1356 1866 hominem
1386 1810 1474 1863 die
1505 1809 1761 1862 vicesima
1808 1808 2000 1877 quinta
2032 1807 2239 1860 mensis
2272 1806 2448 1859 Martii
2488 1823 2499 1857 :
2537 1791 2579 1851 Β
2610 1832 2693 1883 μη·

2421 1807 2448 1859 li
2488 1823 2499 1857 :
2537 1791 2579 1851 Β
2610 1813 2779 1883 μηνὸς
2807 1791 3240 1884 κατειλήφαμενο
3277 1791 3412 1885 ἕκτη
3452 1816 3559 1885 γάρ
3587 1814 3734 1865 ἐστιν
3767 1812 3877 1865 ἀπὸ
3904 1813 4007 1881 τῆς
4032 1809 4183 1864 εἰκά-

930 1906 1138 1975 quippe
1166 1912 1316 1956 sexta
1344 1912 1430 1955 est
1457 1918 1486 1954 a
1523 1901 1801 1963 vicesima,
1828 1899 2087 1953 vicesima
2111 1899 2325 1968 quinta.

1003 1995 1116 2049 VII.
1146 1994 1282 2048 Cum
1307 1993 1421 2045 hazc
1443 1992 1626 2060 itaque
1658 1992 1739 2044 sie
1766 1991 2027 2047 habeant.
2049 2006 2213 2059 quam
2246 1990 2351 2043 sibi
2392 2007 2504 2043 ma-

931 2086 1017 2157 gis
1045 2086 1231 2138 decuit
1266 2083 1495 2136 definire
1530 2082 1675 2135 diem
1709 2098 1814 2150 qua
1847 2097 1905 2136 so
1939 2082 2092 2135 carni
2122 2083 2503 2151 conjungerct,

932 2178 1025 2246 qui
1054 2176 1330 2229 hominem
1356 2190 1384 2227 a
1408 2173 1681 2243 principio
1706 2174 2002 2226 formarat?
2032 2172 2088 2225 Si
2113 2172 2335 2241 quidem
2359 2172 2504 2225 enim

934 2268 1131 2321 lubens
1183 2275 1407 2334 propter
1442 2273 1683 2316 nostram
1727 2265 1961 2316 salutem
1999 2264 2231 2316 servivit
2260 2263 2411 2316 carni
2444 2279 2507 2317 ac

935 2358 1213 2412 nativitati
1246 2358 1562 2425 nostrisque
1610 2356 1720 2409 illis
1750 2335 2160 2415 allectionibus,
2191 2363 2372 2407 tcnlos
2408 2370 2509 2407 nos

936 2450 1041 2504 sub
1084 2457 1310 2517 peccato
1356 2448 1725 2511 liberaturus;
1759 2447 1919 2515 plane
1965 2461 2062 2514 par
2092 2455 2233 2504 erat.
2285 2453 2345 2498 ut
2392 2445 2508 2513 ipsa

936 2539 1026 2593 die
1065 2539 1372 2608 compactio
1404 2540 1809 2606 auspicaretur,
1859 2552 1965 2606 qua
1998 2537 2293 2606 inccpisset
2327 2536 2508 2589 homi-

936 2643 1069 2683 num
1115 2627 1344 2681 creatio.
1404 2626 1529 2679 Fuit
1566 2626 1841 2694 siquidem
1893 2623 2172 2678 secundus
2222 2623 2394 2678 Adam
2441 2624 2508 2687 ⁸⁷,

936 2719 1197 2773 omnibus
1218 2718 1493 2787 susceptis
1508 2732 1628 2786 quae
1656 2716 1859 2786 prioris
1878 2724 2085 2779 essent,
2111 2714 2275 2768 modo
2299 2723 2509 2768 tantum

938 2818 1226 2880 peccatum
1261 2809 1504 2878 excipias
1532 2810 1597 2861 ⁸³.
1630 2807 1786 2873 Quod
1842 2807 1887 2859 si
1930 2806 2208 2869 omnibus,
2248 2822 2510 2875 quorsum

940 2904 1047 2957 hoc
1077 2918 1244 2956 unum
1287 2900 1593 2970 negligeret
1617 2939 1631 2960 .
1680 2898 1940 2952 nimirum
1975 2899 2347 2967 generationis
2378 2909 2514 2951 tem-

941 3010 1063 3064 pus,
1095 2992 1241 3063 quod
1279 2994 1441 3062 plane
1476 2993 1596 3061 ejus
1646 2991 1699 3043 in
1737 3005 1911 3060 genus
1950 2978 2234 3043 hominum
2276 2990 2512 3059 sapienti

940 3085 1350 3154 dispensatione
1386 3083 1809 3151 haudquaquam
1846 3079 2129 3149 indignum
2158 3084 2343 3135 esset?
2372 3082 2512 3136 Sane

939 3177 1105 3232 etiam
1136 3184 1268 3231 tunc
1301 3175 1592 3231 reformari
1630 3175 1860 3230 decebat
1893 3177 2105 3245 peccati
2134 3191 2311 3239 reum,
2340 3193 2512 3247 quau-

940 3266 1012 3320 do
1043 3266 1315 3320 formatus
1343 3266 1543 3320 fuerat.

1011 3358 1149 3413 VIII.
1191 3358 1457 3423 Quocirca
1516 3358 1633 3427 ipsa
1671 3358 1794 3421 die,
1843 3358 2029 3412 Missus
2072 3370 2148 3412 est
2181 3359 2398 3415 Gabriel
2430 3360 2508 3424 ⁸⁸,

941 3450 1119 3504 faustc
1140 3448 1351 3518 Virgini
1384 3449 1758 3517 incorruptam
1783 3450 2125 3504 nativitatem
2155 3452 2510 3515 annuntians,

940 3541 1103 3608 eique
1140 3540 1380 3593 futuram
1409 3541 1529 3609 ejus
1557 3554 1660 3607 ope
1699 3541 1957 3609 gentibus
1990 3543 2222 3595 salutem
2256 3559 2516 3612 przenun-

945 3630 1089 3683 tiaus
1128 3648 1139 3682 :
1174 3629 1414 3697 dumque
1454 3629 1674 3682 interim
1715 3631 1807 3683 ille
1852 3632 2087 3696 salutat,
2138 3632 2355 3686 Verbum
2388 3650 2512 3687 caro

944 3723 1141 3790 factum
1171 3730 1244 3773 est
1268 3722 1336 3783 ’°,
1375 3720 1690 3788 figmentum
1723 3722 2047 3785 reformans,
2082 3722 2229 3791 quod
2262 3738 2367 3776 una
2387 3738 2514 3777 cum

945 3813 1166 3882 maligni
1200 3813 1476 3881 serpentis
1499 3813 1850 3867 sermonibus
1881 3815 2188 3884 ingressum
2226 3824 2513 3883 peccatum

943 3906 1281 3975 eorruptioni
1331 3904 1631 3957 obnoxium
1685 3904 1891 3957 fecerat
1925 3922 1937 3957 :
1972 3920 2035 3957 ae
2070 3904 2211 3958 sicut
2237 3920 2335 3973 per
2360 3903 2514 3958 femi-

944 4011 1071 4050 nam
1112 4010 1261 4049 mors
1302 4005 1523 4049 causata
1561 4004 1666 4057 est,
1699 3996 1781 4049 sic
1810 3996 2056 4063 oportuit
2088 3995 2393 4066 dispensari
2425 4011 2513 4051 sa-

943 4087 1115 4141 lutem
1150 4102 1249 4156 per
1280 4085 1556 4139 feminam.
1603 4086 1705 4139 Per
1734 4085 1883 4138 illam
1915 4085 2198 4154 deceptam
2236 4087 2516 4156 voluptate

942 4193 1139 4233 omnes
1192 4179 1396 4231 mortui
1450 4192 1640 4231 sumus
1665 4179 1707 4210 ⁹¹
1749 4179 1882 4248 (per
1927 4178 2070 4231 hanc.
2112 4177 2375 4232 vivifieati
2420 4194 2515 4231 su-

944 4266 1149 4337 mus‘)
1184 4284 1197 4320 :
1227 4282 1335 4320 non
1366 4282 1430 4320 ea
1460 4276 1672 4320 tantum
1712 4265 2046 4335 accipientes
2073 4281 2102 4319 a
2126 4265 2328 4333 quibus
2366 4265 2514 4318 exei-

944 4361 1225 4423 deramus,
1256 4359 1357 4416 sed
1386 4360 1545 4429 longe
1587 4358 1790 4429 majora
1823 4374 1887 4413 ac
1929 4358 2276 4428 pretiosiora,
2308 4374 2429 4426 qua:
2468 4358 2514 4388 "

2602 1907 2689 1969 6ος
2715 1908 2748 1976 ἠ
2781 1906 3008 1974 πέμπτη
3036 1906 3129 1957 καὶ
3154 1906 3327 1959 εἰκάς.

2676 1998 2897 2049 Τούτων
2934 1998 3105 2060 οὕτως
3137 1997 3396 2065 ἐχόντων,
3440 2013 3599 2048 ποίαν
3636 1995 3743 2049 ἔδει
3787 1995 4007 2065 ἡμέραν
4052 1995 4187 2064 ὠρί-

2607 2104 2697 2139 σαι
2730 2088 2930 2157 ἐαυτῷ,
2980 2088 3116 2157 πρὸς
3158 2087 3219 2138 τὸ
3266 2085 3658 2155 συμπλακῆναι
3702 2087 3868 2153 σαρκὶ
3900 2085 3995 2137 τὸν
4026 2086 4191 2153 ἐξαρ-

2606 2178 2705 2247 χῆς
2728 2179 3046 2231 πεπλακότα
3077 2179 3164 2230 τὸν
3196 2177 3518 2245 ἄνθρωπονς
3555 2177 3614 2230 Εἰ
3645 2179 3754 2249 γὰρ
3782 2178 3870 2230 διά
3898 2178 4001 2246 τὴν
4031 2178 4189 2247 ἡμῶν

2609 2271 2884 2339 σωτηρίαν
2923 2269 3066 2323 έκὼν
3113 2270 3395 2322 ἐδούλευσε
3444 2270 3610 2340 σαρκὶ
3642 2269 3736 2322 καὶ
3784 2270 4065 2339 γεννήσει,
4093 2268 4191 2322 καὶ

2608 2361 2806 2414 πάθεσι
2841 2363 2953 2423 τοῖς
2990 2362 3303 2431 ἡμετέροις,
3347 2363 3435 2413 ἶνα
3482 2363 3627 2430 ἡμᾶς
3671 2360 4035 2431 ἐλευθερώσει
4082 2360 4191 2412 ὑπὸ

2608 2454 2707 2523 τῆς
2754 2453 3032 2523 ἁμαρτίας
3086 2454 3523 2523 κατεχομένους·
3584 2455 3643 2507 ἐν
3694 2456 3761 2523 τῇ
3813 2454 3950 2523 αὐτῇ
4003 2453 4193 2523 ἡμέρα

2610 2543 2851 2613 ἔπρεπεν
2885 2542 3154 2609 ἄρξασθαι
3184 2542 3285 2612 τῆς
3329 2543 3684 2613 συμπήξεως,
3734 2545 3791 2596 ἐν
3888 2545 3985 2596 καὶ
4027 2545 4193 2612 ἡμεῖς

2611 2634 2708 2701 τῆς
2758 2632 3046 2699 γενέσεως.
3102 2631 3363 2702 Δεύτερος
3418 2633 3529 2701 γὰρ
3592 2632 3762 2703 ’Λδάμ
3807 2634 4192 2703 ἐχρημάτισε,

2614 2723 2791 2773 πάντα
2823 2721 2889 2772 τά
2916 2720 3010 2772 τοῦ
3041 2725 3280 2791 πρώτου,
3318 2720 3458 2791 πλὴν
3495 2723 3769 2792 ἁμαρτίας
3806 2724 3995 2793 μόνης,
4023 2739 4195 2775 κατα-

2611 2814 2926 2884 δεξάμενος.
2980 2816 3042 2867 Εἰ
3090 2816 3146 2869 δὲ
3192 2817 3391 2880 πάντα,
3442 2817 3495 2869 τί
3548 2816 3708 2871 τοῦτο
3762 2817 4049 2891 παρεώρα,
4103 2818 4197 2871 τὸν

2612 2904 2801 2973 καιρὸν
2859 2904 2960 2973 τῆς
3019 2904 3184 2958 αὑτοῦ
3245 2907 3373 2975 περὶ
3427 2906 3583 2976 ἡμῶν
3643 2907 3814 2974 σοφῆς
3874 2909 4195 2976 οίκονομίας

2613 2993 2834 3061 ἀληθῶς
2857 2993 2983 3045 όντα
3014 2995 3162 3059 ἀξιον
3187 3012 3201 3057 ;
3238 2996 3357 3047 τότε
3387 2996 3495 3067 γὰρ
3521 2996 3626 3049 ἔδει
3664 2996 4078 3067 ἀναπλασθῆναι
4102 2999 4198 3050 τὸν

2614 3085 2997 3156 ἡμαρτηκότα,
3030 3086 3119 3138 ὅτε
3146 3086 3412 3157 ἐπλάσθη.

2684 3352 2774 3404 Διδ
2805 3353 2865 3404 ἐν
2882 3352 3019 3422 αὐτῇ
3048 3353 3253 3424 ἡμέρα,
3292 3353 3629 3422 Ἀπεστὰνῑη
3660 3358 3693 3408 ὁ
3714 3356 4001 3424 Γαϐριὴλ,
4024 3358 4201 3424 εὐαγ-

2614 3441 2965 3511 γελιζόμενος
2995 3446 3059 3513 τῇ
3086 3443 3352 3513 Παρθένῳ
3381 3445 3481 3508 τὴν
3515 3444 3755 3515 ἄφθορον
3789 3447 4071 3516 γέννησιν,
4104 3450 4205 3502 καὶ

2612 3535 2713 3603 τὴν
2747 3534 3013 3604 ἐσομένην
3040 3538 3154 3597 τοῖς
3198 3536 3377 3588 ἔθνεσι
3418 3536 3487 3589 δι’
3526 3537 3699 3607 αὐτῆς
3742 3540 4019 3611 σωτηρίαν
4056 3557 4205 3611 προς

2614 3625 3003 3691 καταγγέλλων
3038 3626 3175 3695 αὐτῇ
3198 3643 3211 3655 ·
3246 3626 3362 3696 ἅμα
3390 3644 3448 3680 τε
3481 3627 3559 3698 τῷ
3591 3630 3887 3699 ἀσπασμῷ,
3929 3631 3985 3682 ’0
4009 3634 4205 3701 λόγος

2614 3714 2771 3785 σὰρξ
2798 3715 3054 3784 ἐγένετο,
3087 3718 3450 3773 ἀναπλάττων
3493 3720 3554 3772 τὸ
3586 3721 3832 3791 πλάσμα,
3875 3723 3903 3775 ὃ
3940 3722 4207 3795 ἔφθειρεν

2617 3810 2650 3878 ἡ
2685 3810 2951 3879 ἁμαρτία,
2974 3813 3088 3874 τοῖς
3117 3811 3211 3864 τοῦ
3242 3812 3480 3883 πονηροῦ
3507 3812 3683 3881 ὄφεως
3711 3814 3891 3881 λόγοις
3918 3817 4207 3868 συνεισελο

2618 3900 2811 3953 οοῧσα.
2844 3902 2995 3953 Ἐδει
3017 3903 3147 3973 γὰρ,
3173 3903 3279 3955 ἔδει
3304 3905 3405 3973 τὴν
3434 3904 3880 3973 καταφθαρεῖσαν
3912 3905 4100 3976 σάρκα
4122 3907 4207 3977 τῷ

2617 3990 2873 4061 συριγμῷ
2899 3991 2994 4045 τοῦ
3024 3992 3221 4061 ὄφεως,
3249 3993 3326 4063 τῷ
3354 3994 3631 4063 ἀσπασμῷ
3660 3993 3753 4047 τοῦ
3787 3995 4026 4062 ἀγγέλου
4060 3998 4206 4066 πρὸς

2616 4083 2931 4151 ἀφθαρσίαν
2990 4084 3341 4137 ἐπανελθεῖν·
3402 4086 3493 4138 καὶ
3547 4085 3736 4157 ὥσπερ
3791 4082 3879 4139 διά
3934 4090 4208 4156 γυναικὸς

2618 4172 2897 4243 ἐνηργήθη
2927 4175 2955 4226 ό
2980 4172 3233 4236 θάνατος,
3274 4171 3419 4226 οὕτω
3460 4174 3551 4228 διά
3598 4175 3857 4242 γυναικὸς
3898 4178 4207 4248 οἰκονομησ-

2616 4264 2776 4333 οῆναι
2824 4266 2931 4319 ἔδει
2968 4267 3070 4336 τὴν
3115 4267 3410 4336 σωτηρίαν.
3462 4267 3542 4320 Δι’
3585 4267 3799 4339 ἐκείνην
3846 4269 4011 4342 ἡδονῇ
4063 4272 4206 4325 κλαι-

2618 4358 2834 4421 πείσαν,
2864 4356 3216 4427 ἀπεθάνομεν
3249 4359 3452 4421 πάντες
3471 4376 3483 4389 ⁸
3515 4358 3624 4431 [διὰ
3651 4361 3855 4428 ταύτην
3888 4361 4205 4433 ὲζωοποιή-

944 4465 1125 4519 neque
1166 4450 1441 4503 humanus
1492 4449 1805 4503 intellectus
1843 4448 2014 4517 possit
2054 4449 2365 4516 concipere,
2412 4463 2513 4501 nec
2546 4478 2588 4531 ι)
2616 4447 2706 4517 om

2444 4463 2513 4501 ec
2546 4478 2588 4531 ι)
2616 4446 2853 4518 θημεν
2893 4447 2995 4500 οὐκ
3043 4449 3228 4502 ἐκεῖνα
3278 4450 3438 4519 μόνον
3481 4450 3735 4514 λαϐόντες
3782 4442 3857 4504 ὧν
3906 4452 4206 4507 ἐκπεπτώο

945 4541 1141 4593 oculus
1170 4555 1361 4593 eorum
1393 4540 1570 4593 valeat
1598 4540 1811 4608 assequi
1845 4539 2105 4607 speciem,
2140 4539 2234 4591 sed
2270 4548 2325 4591 et
2354 4538 2513 4591 audi-

948 4638 1037 4681 tus
1070 4627 1214 4680 ferre
1243 4636 1499 4694 nequeat.
1533 4627 1657 4681 Ilrec
1686 4642 1848 4695 quam
1879 4626 2109 4696 agimus,
2140 4628 2429 4681 celebritas
2449 4642 2514 4682 ac

947 4719 1083 4771 festa
1113 4718 1252 4781 dies,
1281 4734 1449 4771 sacrae
1482 4718 1704 4787 quidem
1744 4735 1807 4772 ac
1835 4718 2158 4772 venerandae
2199 4720 2361 4787 hujus
2394 4720 2513 4773 Vir-

947 4808 1087 4877 ginis
1127 4807 1486 4862 Annuntiatio
1521 4818 1639 4872 est;
1690 4808 1879 4861 mundi
1921 4816 2104 4861 autem
2137 4809 2379 4863 universi
2416 4826 2511 4863 na-

948 4895 1159 4949 talitius
1187 4896 1306 4949 dies
1344 4914 1356 4949 :
1388 4897 1590 4965 quippe
1630 4898 1885 4951 universa
1926 4914 2027 4952 suo
2060 4914 2293 4967 qna-quc
2326 4900 2506 4954 ordini

945 4997 1149 5041 asserta
1172 4996 1335 5051 sunt;
1361 4988 1620 5056 priorque
1642 4988 1965 5043 deformitas
1989 4990 2244 5045 decorem
2267 4994 2501 5062 accepit.

944 5075 1079 5142 Quia
1109 5077 1369 5131 nimirmu
1403 5077 1575 5131 nostri
1604 5094 1765 5132 causa
1798 5079 1995 5133 similis
2028 5079 2186 5133 nobis
2216 5078 2392 5134 factus
2435 5081 2509 5135 sit

1017 5230 1061 5261 "
1082 5231 1217 5286 Gen.
1253 5248 1290 5293 ι,
1316 5232 1403 5285 28.
1482 5232 1526 5261 ⁸⁷
1553 5230 1721 5285 ICor.
1755 5249 1843 5292 xv,
1874 5231 1961 5285 45.

944 5301 988 5334 ⁹¹
1011 5301 1113 5356 Isa.
1147 5318 1287 5362 ulv.
1320 5302 1372 5353 4.

2069 5231 2115 5264 ⁸⁸
2140 5231 2307 5287 Hebr.
2333 5250 2423 5294 xv,
2460 5234 2546 5289 IE5.

2616 4555 2814 4607 καμεν,
2841 4538 2976 4591 ἀλλά
3006 4538 3186 4608 πολλῷ
3215 4536 3432 4609 μείζονα
3460 4541 3556 4594 καὶ
3586 4540 3983 4610 πλουσιώτερα,
4010 4543 4048 4596 ἀ
4073 4544 4205 4608 νοῦς

2619 4631 2719 4700 μὲν
2744 4630 3050 4699 ἀνθρώπων
3091 4631 3469 4701 φαντασθῆναι
3516 4632 3789 4696 ἀδυνατεῖ,
3824 4632 4114 4704 ὀφθαλμὸς
4141 4637 4203 4689 δὲ

2613 4723 2714 4773 οὐκ
2753 4722 3056 4790 ἐφικνεῖται
3083 4724 3183 4791 τῆς
3215 4723 3378 4786 ἰδέας,
3406 4724 3587 4777 ἀτονεῖ
3616 4724 3671 4777 δὲ
3707 4726 3803 4778 καὶ
3830 4726 3976 4796 ἀκοὴ
4001 4728 4205 4781 ὑποδέ-

2614 4811 2830 4877 ξασθαι.
2873 4812 3091 4882 Ταύτην
3116 4812 3324 4882 ἄγομεν
3353 4813 3548 4882 ἑορτὴν
3594 4814 3689 4868 καὶ
3724 4816 4063 4885 πανήγυριν.
4098 4819 4204 4887 τῆς

2616 4902 2714 4970 μὲν
2754 4901 2913 4970 ἁγίας
2960 4904 3054 4955 καὶ
3103 4905 3307 4973 σεμνῆς
3336 4904 3541 4975 ταύτης
3584 4905 3861 4975 Παρθένου
3899 4907 4199 4977 εὐαγγελι-

2612 4992 2772 5061 σμδν,
2805 4994 3007 5058 παντὸς
3052 4994 3109 5048 δὲ
3147 4994 3242 5049 τοῦ
3298 4996 3504 5067 κόσμου
3548 4997 3830 5064 γενέσιονο
3878 4999 3962 5052 ὅτι
4012 5002 4200 5055 πάντα

2611 5083 2693 5145 εἰς
2713 5082 2868 5146 τάξιν
2894 5084 3264 5156 μετεποιήθη*
3302 5086 3397 5140 καὶ
3439 5086 3645 5156 κόσμον
3687 5088 3722 5158 ἡ
3770 5089 3899 5158 πρὶν
3949 5090 4203 5162 ἀκοσμία

2623 5237 2667 5268 ⁸³
2702 5235 2835 5291 Luc.
2872 5252 2909 5299 ι,
2940 5236 3031 5291 26.
3144 5238 3191 5269 ⁸⁸
3224 5236 3381 5293 Joan.
3412 5256 3449 5302 ι,
3496 5240 3581 5295 Η.

3692 5240 3779 5295 "I
3811 5239 3943 5297 Cor.
3977 5259 4073 5312 xv,
4099 5244 4197 5301 εξ.

2037 5415 2269 5473 ἾΑΒΙᾸΞ
2312 5417 2693 5475 LECTIONES
2725 5420 2811 5475 ET
2845 5419 3071 5475 NOTE.

1015 5538 1042 5567 ν
1075 5531 1250 5583 Ἀλλὰ
1278 5530 1351 5595 τῇ
1380 5530 1587 5584 εικάδι.
1620 5531 1773 5585 Addo
1802 5532 1917 5585 lucc
1942 5533 2143 5585 clausa.

2224 5540 2249 5568 ι
2273 5532 2375 5609 Per
2396 5536 2530 5609 {tunc
2546 5536 2796 5609 viviﬁcati
2828 5554 3028 5609 sinum.
3056 5536 3134 5591 Ita
3162 5538 3527 5609 supplendum
3549 5540 3746 5609 liquet,
3774 5556 3901 5596 cum
3933 5552 4006 5597 sit
4037 5558 4191 5602 ctara

946 5602 1138 5681 allusio
1159 5602 1427 5683 adlectum
1453 5602 1470 5654 l
1502 5602 1628 5683 qu.
1658 5617 1744 5683 xv,
1767 5602 1830 5680 ξὲΙ
1854 5602 2231 5683 .._A.dde:;.du_m_
2272 5604 2566 5658 videbatur
2595 5602 2679 5659 vel

2434 5602 2679 5683 piturnvel
2716 5607 3105 5683 ﬁt?tEt3_6:l‘3a_V,
3130 5602 3751 5683 ξ’-ιξιέύαγγελισθεῗσαν,
3790 5622 3850 5683 ut
3885 5627 4037 5669 esset
4064 5633 4196 5683 per-

947 5673 1083 5749 fecta
1134 5671 1466 5749 aplitbesis,‘
1488 5670 1581 5723 sed
1628 5670 1777 5749 nolui
1812 5671 1943 5723 mihi
1972 5673 2052 5725 sic
2081 5670 2388 5749 indulgere.
2424 5674 2634 5749 Similia
2663 5676 2861 5749 passim
2887 5676 3061 5749 Gra'ci
3100 5677 3191 5729 alii
3244 5670 3434 5733 Patres
3469 5680 3521 5733 in
3546 5680 3665 5749 ejus
3699 5670 3812 5737 diei
3842 5670 4191 5740 laudatione.

946 5746 970 5787 ι
996 5740 1398 5808 Ιέννώμενον,
1426 5741 1610 5803 Forte,
1642 5741 1950 5808 γενόμενον.

2032 5751 2058 5777 ³
2088 5742 2193 5795 h‘al
2220 5742 2479 5811 πέμπτῃ.
2512 5742 2675 5801 Αιωσ
2697 5746 2887 5800 isthzec
2928 5748 3132 5801 clausa.
