4462 6440
158 455 295 517 1385

896 446 1156 506 SERth
1202 448 1317 505 111.
1362 471 1428 480 ν-
1473 444 1551 503 1N
1594 435 2294 502 ANNUNTIATIONE.“
2331 437 2390 491 ὃ.
2438 429 2724 491 ΜΛΙὶΙΕ.

3296 424 3429 484 13δ6

152 564 395 627 ἐδέξατο,
440 562 523 614 ὅτι
580 560 647 613 δι’
689 559 836 630 ἡμᾶς
878 557 1069 625 γέγονε
1103 555 1227 608 καθ’
1276 556 1423 625 ἡμᾶς
1463 555 1491 605 ὁ
1536 553 1749 615 πλάσας
1779 559 1820 610 Α
1852 564 1914 617 qu

1667 568 1749 615 ιας
1779 559 1820 610 Α
1852 547 1944 617 qui
1988 560 2090 598 nos
2114 544 2265 604 fecit,
2307 551 2607 596 \‘eteratam
2650 537 2823 607 ipsius
2855 550 2917 588 ae
2945 542 3257 601 corruptam
3291 535 3429 588 ima-

151 657 336 724 ἡμᾶς,
392 652 763 715 άνακαινίζων
806 650 906 717 τὴν
962 646 1376 702 παλαιωθεῖσαν
1427 644 1595 699 αὐτοῦ
1652 644 1749 696 καὶ

152 747 461 815 φθαρεῖσαν
494 745 701 807 είκόνα,
734 742 830 795 καὶ
858 739 1194 810 ἁναμορφὼν
1220 738 1391 806 αὐτὴν
1416 740 1494 800 εἰς
1517 736 1750 799 κάλλους

154 837 518 907 περιουσίαν,
590 835 876 905 μονονουχὶ
934 832 1073 902 βοῶν
1104 830 1241 899 πρὸς
1296 831 1477 901 ἡμᾶς’
1526 828 1748 898 Ἐπειδὴ

156 932 403 1002 σήμερον
438 929 770 991 πλασθέντες
814 925 1152 997 ἀπερῤύητε,
1198 925 1293 977 καὶ
1335 924 1469 991 πρδς
1520 920 1749 973 θάνατον

152 1023 525 1093 κατεσύρητε,
565 1022 807 1091 σήμερον
853 1020 919 1071 δι’
972 1019 1117 1087 ὑμᾶς
1152 1018 1180 1068 ὁ
1227 1017 1475 1083 πλάστης
1521 1012 1748 1065 πλάττο-

156 1130 283 1181 μαι,
316 1114 402 1165 ἶνα
442 1129 542 1182 μου
584 1115 650 1181 τῇ
686 1111 853 1180 σαρκὶ
897 1108 1089 1178 ταύτῃ,
1131 1111 1198 1178 τῇ
1238 1106 1333 1159 νῦν
1381 1104 1747 1175 πλαττομένῃ,

153 1206 298 1275 πρὸς
355 1205 453 1273 τὴν
507 1204 783 1274 προτέραν
843 1202 1181 1268 ἐπαναγάγω
1243 1198 1428 1267 ζωήν·
1486 1196 1553 1248 δι’
1618 1196 1751 1250 αὐτὸ

155 1296 619 1365 συμπλεκόμενος
681 1294 759 1363 τῷ
808 1292 1060 1363 θανάτῳ,
1114 1293 1210 1344 καὶ
1253 1288 1501 1343 θανατῶν
1550 1289 1747 1352 αὑτὸν,

159 1388 319 1439 ὥσπε
326 1407 358 1456 ρ
392 1383 458 1457 ἦν
483 1388 653 1452 ἄξιον.
1456 1390 1459 1393 ⁷

228 1479 351 1529 ’Ὶνα
377 1477 433 1529 δὲ
463 1479 526 1528 ὲκ
543 1476 653 1528 τῶν
684 1477 944 1547 11ατὲρων
976 1474 1365 1545 βεϐαιώσωμεν
1390 1472 1455 1524 τά
1481 1472 1750 1541 ἡμέτερα,

153 1568 251 1619 καὶ
292 1566 484 1637 ὥσπερ
515 1567 637 1621 τινὰ
670 1569 874 1636 κόσμον
902 1565 1202 1637 ἐπιθῶμεν,
1224 1565 1291 1617 δι’
1317 1560 1378 1619 οὗ
1406 1564 1467 1615 τὸ
1492 1563 1753 1631 ἐπιχαρὲς

155 1660 401 1724 ἕξουσιν,
436 1658 601 1710 ἄκουε
638 1652 729 1710 οἷα
779 1656 927 1724 λέγει
978 1657 1109 1727 περὶ
1156 1657 1255 1724 τῆς
1293 1653 1517 1724 ἐαρινῆς
1545 1652 1753 1723 τροπῆς

152 1756 181 1802 ὁ
218 1751 564 1820 Γρηγόριος,
612 1751 640 1801 ὁ
681 1750 779 1817 τὴν
824 1749 1105 1817 θεολογίαν
1162 1746 1538 1818 προσηγορίαν
1596 1744 1753 1808 δεξάο

157 1859 350 1910 μενος.
396 1841 581 1894 Κινῶν
612 1840 718 1911 γάρ
763 1843 911 1911 ἡμᾶς
950 1841 1083 1911 πρὸς
1108 1841 1204 1908 τὴν
1239 1840 1365 1891 νέαν
1389 1835 1671 1907 Κυριακὴν
1696 1838 1753 1887 ὲν

1848 640 2032 709 ginem
2062 651 2354 697 renovatis,
2372 649 2603 701 eamque
2632 630 2833 684 eximia
2851 626 3086 697 quadam
3118 625 3427 694 pulchritu-

1790 726 1795 731 ⁷
1850 731 1980 784 dine
2021 729 2372 792 instaurans;
2426 726 2481 779 in
2533 725 2647 778 haec
2693 723 2808 777 fere
2851 720 3018 774 verba
3070 719 3137 772 ad
3174 734 3275 772 nos
3322 719 3431 771 ela-

1854 837 2008 877 mans
2042 838 2055 874 :
2084 822 2164 875 Ex
2192 836 2303 890 quo
2334 818 2499 872 hodie
2550 816 2662 870 ﬁcti
2712 814 3043 883 formatiqne
3095 812 3431 871 diﬂluxistis,

1851 925 2016 983 atque
2060 914 2115 967 in
2150 920 2383 966 mortem
2413 909 2645 963 detracti
2668 907 2831 970 estis;
2859 906 3023 959 hodie
3052 905 3221 959 vestri
3246 919 3431 963 causa,

1854 1008 2015 1062 fictor
2047 1022 2150 1075 ego
2187 1006 2382 1075 liugor,
2416 1011 2477 1057 ut
2508 1018 2626 1055 mea
2658 1000 2762 1053 hac
2800 1012 2968 1053 carne
3008 1014 3156 1051 nunc
3192 998 3337 1061 ficta,
3378 996 3432 1048 in

1852 1100 2022 1152 vitam
2052 1114 2149 1152 vos
2180 1096 2469 1167 pristinam
2512 1094 2806 1155 reducam;
2851 1090 3059 1145 idcirco
3099 1105 3222 1143 eum
3258 1097 3435 1142 morte

1853 1191 2240 1260 congrediens,
2273 1202 2507 1258 eamque
2547 1185 2846 1257 perimens,
2885 1183 2963 1237 uti
3004 1182 3167 1252 plane
3210 1180 3435 1250 dignum

1851 1290 1990 1332 crat.

1928 1458 2019 1511 IX.
2050 1457 2120 1513 Ut
2163 1467 2348 1511 autem
2378 1458 2601 1511 Patrum
2636 1472 2857 1525 quoque
2893 1455 3220 1510 auctoritate
3252 1462 3437 1509 nostra

1854 1549 2268 1613 confirmemus,
2304 1565 2482 1618 exque
2518 1549 2626 1603 illis
2657 1550 2805 1602 velut
2837 1549 3130 1617 quemdam
3160 1547 3241 1602 eis
3280 1561 3443 1604 orna—

1857 1651 1972 1695 tum
2025 1642 2314 1705 addamus,
2351 1657 2463 1711 quo
2515 1642 2746 1710 gratiam
2807 1641 3086 1704 habeant;
3132 1639 3263 1693 audi
3321 1654 3442 1707 qua:

1854 1734 2151 1801 Gregorius
2186 1750 2215 1786 a
2267 1732 2543 1801 theologia
2580 1746 2884 1801 cognomen
2935 1730 3166 1794 habens,
3215 1730 3283 1783 de
3314 1746 3441 1784 ver-

1858 1842 1923 1878 na
1956 1825 2105 1878 dicat
2134 1833 2483 1894 tempestate.
2518 1823 2632 1878 Nos
2660 1824 2807 1877 enim
2840 1824 2905 1877 ad
2948 1823 3154 1876 Novam
3191 1823 3439 1875 Domini-

271 1902 740 2004 ἐπιγεγραμμένοι
781 1902 916 2004 πρὸς
942 1902 1111 2000 αδτήν
1140 1902 1271 2001 sanat
1309 1902 1487 2000 λόγῳί
1520 1949 1538 1979 ι
1580 1902 1760 1979 Ἔστω
1792 1902 1834 1954 Β
1863 1934 1915 1971 ca

1677 1946 1760 1978 -τω
1792 1902 1834 1954 Β
1863 1934 1983 1971 cam
2018 1918 2289 1978 excitans,
2324 1932 2577 1971 sermone
2623 1917 2675 1970 in
2721 1932 2842 1970 eam
2879 1916 3170 1985 inscripto.
3206 1917 3284 1970 sic
3313 1915 3391 1969 ait
3426 1933 3439 1967 :

158 2042 249 2077 σοι
280 2028 308 2076 ὁ
333 2026 570 2095 οὐρανὸς
596 2026 801 2086 καινὸς,
838 2025 930 2075 καὶ
962 2026 995 2092 ἡ
1028 2025 1098 2093 γῆ
1141 2024 1301 2093 καινή
1328 2039 1340 2051 ·
1388 2023 1457 2075 τά
1501 2039 1560 2073 τε
1603 2021 1757 2086 ἄλλα,

156 2121 260 2172 καὶ
300 2121 396 2173 τὸν
429 2120 634 2173 τούτων
672 2119 829 2187 λόγον
870 2118 1369 2187 καταλαμϐάνοντι.
1425 2116 1529 2168 Ἴδε
1572 2110 1660 2166 οἷα
1693 2112 1760 2165 τά

157 2214 448 2284 ὁρώμενα.
502 2214 566 2267 ’11
604 2213 897 2283 βασίλισσα
930 2213 1041 2265 τῶν
1071 2211 1230 2280 ώεῶν
1275 2214 1342 2281 τῇ
1385 2210 1619 2280 βασιλίδι
1652 2208 1761 2262 τῶν

158 2306 394 2376 ἡμερῶν
422 2305 722 2373 πομπεύει,
753 2308 847 2357 καὶ
862 2306 1165 2373 δωροφορεί
1194 2304 1302 2354 πᾶν
1332 2304 1360 2355 ὃ
1385 2319 1437 2353 τι
1472 2301 1760 2355 κάλλιστον

158 2397 263 2449 καὶ
292 2413 350 2447 τε
362 2396 685 2463 ρπνότατον.
722 2416 739 2447 ι
771 2397 879 2449 Καὶ
905 2394 1079 2447 πολλά
1110 2392 1354 2460 συνάψας
1383 2392 1636 2461 ἐγκώμια
1664 2395 1761 2462 τῆς

158 2487 264 2541 τοῦ
316 2488 478 2558 ἔαρος
536 2488 709 2558 ὧρας,
766 2487 969 2553 ἔδειξεν
1021 2488 1104 2539 δτι
1156 2485 1251 2538 καὶ
1302 2487 1611 2555 προοίμιον,
1669 2485 1763 2537 καὶ

163 2581 371 2648 ἀρχὴν,
404 2580 499 2632 καὶ
534 2580 633 2632 ὅσα
665 2580 809 2632 εῐποι
838 2595 921 2641 τις
943 2620 958 2643 ,
1000 2579 1197 2643 ἄφεσιν
1222 2576 1315 2630 καὶ
1345 2577 1541 2646 χρόνου
1573 2574 1760 2644 πῆξιν,

163 2671 324 2739 παρά
360 2670 452 2721 τὸν
474 2670 581 2740 πρὸ
616 2669 784 2722 αὑτοῦ
816 2669 1009 2722 τοῦτον
1056 2663 1199 2722 εἶναι
1239 2667 1563 2737 προέλαὸεν.
1601 2666 1764 2719 ’Λλλὰ

162 2763 282 2832 γὰρ
318 2762 466 2831 ἐρῶν
504 2774 531 2803 ι
569 2763 904 2833 παρατρέχω
953 2761 1045 2814 τὸν
1084 2760 1300 2829 καιρὸν,
1346 2759 1443 2813 καὶ
1484 2762 1577 2812 τὸν
1611 2760 1763 2829 ἣλιον

162 2853 361 2904 λοιπὸν
390 2852 529 2923 πρὸς
558 2852 774 2920 δυσμὰς
812 2851 1103 2920 γεγονότα,
1150 2848 1388 2903 ἐνταῦθά
1437 2866 1544 2901 που
1593 2866 1764 2901 κατα-

164 2942 373 2996 παύσω
399 2942 492 2994 τὸν
520 2943 702 3010 λόγον,
736 2944 824 2995 ἵνα
854 2943 930 3014 μὴ
961 2943 1136 2997 πολλά
1161 2944 1292 3013 περὶ
1319 2941 1531 2995 τούτων
1562 2940 1760 3007 λέγων,

167 3033 362 3086 σκυλῶ
392 3034 558 3103 ὑμᾶς.
586 3036 681 3087 καὶ
714 3034 1029 3106 προσκορὴς
1069 3036 1198 3104 ὑμῖν
1240 3034 1512 3102 γένωμαι.
1555 3032 1764 3101 Ὑμνή-

168 3144 364 3195 σωμεν
394 3127 489 3181 οὖν
516 3126 609 3179 τὸν
641 3127 709 3180 δι’
734 3129 884 3197 ἡμᾶς
921 3126 1299 3201 σαρκωθέντα,
1341 3124 1411 3176 δι’
1450 3123 1616 3177 αὑτοῦ
1668 3124 1765 3176 καὶ

1867 2028 1885 2060 ι
1926 2008 2009 2062 Sit
2050 2009 2147 2062 tibi
2186 2010 2387 2063 cwlum
2448 2025 2650 2062 novum
2686 2017 2741 2060 et
2783 2018 2927 2061 terra
2965 2024 3142 2070 nova;
3182 2007 3441 2060 nimirum

1864 2112 1924 2153 nt
1969 2101 2097 2163 alia,
2141 2101 2222 2154 sic
2263 2101 2461 2153 horum
2497 2115 2717 2169 quoque
2770 2100 3038 2151 rationem
3092 2099 3440 2168 intelligenti.

1862 2192 1999 2247 Vide
2031 2192 2215 2261 qualia
2251 2201 2405 2253 sunt,
2445 2206 2568 2259 qua:
2596 2190 2773 2244 oculis
2809 2190 3145 2245 offeruntur.
3177 2191 3445 2260 Princeps

1861 2286 1990 2339 anui
2048 2301 2199 2353 pars,
2238 2283 2475 2352 principi
2531 2283 2747 2337 dierum
2786 2298 3040 2353 pompam
3087 2284 3329 2354 peragit,
3381 2299 3444 2337 ac

1863 2375 2136 2444 quidquid
2193 2375 2628 2444 pulcherrimum
2694 2391 2756 2429 ac
2797 2377 3184 2430 suavissimum
3239 2376 3443 2438 hahet,

1864 2466 2012 2519 dono
2051 2466 2247 2520 tribuit
2280 2467 2327 2521 ιι.
2354 2487 2371 2517 ι
2408 2466 2702 2537 Multisque
2776 2483 2959 2520 verme
2998 2468 3342 2536 tempestatis
3390 2466 3446 2519 in

1867 2574 2039 2612 unum
2089 2559 2337 2613 collectis
2382 2559 2673 2623 laudibus,
2718 2558 2993 2621 ostendit,
3037 2576 3148 2628 pra:
3198 2575 3262 2613 ea
3320 2573 3448 2627 quae

1866 2651 2038 2719 ipsam
2068 2651 2351 2720 prrecedit,
2376 2666 2698 2721 occupasse,
2726 2660 2786 2706 ut
2812 2660 2867 2706 et
2895 2651 3182 2705 exordium
3212 2658 3270 2705 et
3299 2652 3450 2719 prin-

1863 2743 2107 2811 cipium,
2148 2759 2213 2797 ac
2256 2743 2528 2813 quidquid
2580 2744 2728 2798 dicat
2770 2744 2994 2813 aliquis,
3049 2743 3325 2807 remissio,
3362 2742 3448 2796 in-

1863 2849 2051 2903 quam,
2081 2849 2148 2887 ac
2196 2835 2461 2904 temporis
2485 2836 2795 2905 compactio
2828 2836 2918 2889 sit.
2944 2836 3243 2889 Enimvero
3272 2850 3339 2888 ne
3369 2833 3453 2888 di-

1865 2940 1997 2980 cens
2029 2934 2353 2995 prmtereatn
2387 2935 2634 2996 tempus,
2668 2928 2891 2997 jamque
2924 2928 2990 2981 ad
3023 2944 3280 2983 occasum
3323 2944 3449 2982 vero

1865 3026 2083 3085 gentem
2140 3016 2336 3079 solem,
2389 3016 2585 3071 faciam
2635 3018 2726 3071 hic
2777 3019 2997 3073 dicendi
3039 3019 3239 3082 linem,
3280 3027 3341 3073 ut
3382 3035 3451 3072 ne

1866 3106 1911 3159 l1
1926 3106 2102 3175 ngiori
2138 3107 2208 3161 de
2242 3106 2330 3160 his
2366 3122 2621 3163 sermone
2649 3109 2809 3162 vobis
2845 3110 3131 3173 molestus,
3176 3109 3451 3178 taedioque

168 3186 275 3270 σὺν
304 3217 482 3288 αὐτῷ.
512 3218 590 3287 τῷ
622 3186 820 3289 “arpi,
857 3186 953 3270 καὶ
977 3186 1056 3286 τῷ
1099 3196 1241 3285 ἁγίῳ
1271 3215 1567 3284 ηνεύματι,
1606 3214 1762 3278 δόξαν
1790 3238 1832 3295 c
1869 3186 1930 3251 εί]

1690 3216 1762 3276 Lm,
1790 3238 1832 3295 ϐ
1869 3186 2102 3251 ρῑιίιείιιτ.
2138 3197 2277 3252 Ευηι
2313 3198 2499 3269 itaque
2548 3200 2643 3269 qui
2689 3202 2864 3255 nostri
2902 3218 3067 3256 causa
3101 3218 3325 3256 carnem
3365 3218 3452 3256 as-

168 3308 268 3359 καὶ
301 3308 476 3375 τιμὴν
528 3306 974 3376 ἀναπέμποντες,
1020 3306 1101 3358 ὅτι
1142 3304 1295 3373 αὑτῷ
1337 3304 1541 3372 πρέπει
1589 3299 1760 3366 αἶνος,

168 3396 270 3447 καὶ
308 3395 679 3467 μεγαλοσύνη,
728 3396 825 3448 καὶ
868 3394 1340 3465 μεγαλοπρέπεια,
1392 3390 1489 3445 νῦν
1520 3391 1619 3444 καὶ
1653 3392 1763 3457 ἀεὶ,

165 3487 259 3549 cl;
288 3487 419 3548 τοὺς
449 3485 652 3549 αἰῶνας
677 3486 784 3539 τῶν
813 3484 1046 3539 αἰώνων.
1095 3484 1289 3555 Ἀμήν.

802 3765 1023 3820 ΛΟΓΟΣ
1073 3765 1148 3819 Γ.

165 3856 278 3922 Εις
294 3856 406 3908 τὸν
420 3858 878 3926 Εὐαγιτλισμὸν
896 3856 1002 3927 τῆς
1019 3857 1415 3927 πανυμνήτου
1432 3858 1769 3926 Δεσποίνης

654 3927 824 3993 ἡμῶν
856 3926 962 3994 τῆς
986 3926 1304 3982 θεοτόκου.

250 4040 321 4091 Τί
357 4040 519 4094 πάλιν
552 4041 643 4092 ἐπὶ
682 4042 779 4109 τῆς
810 4041 912 4108 γῆς
948 4043 977 4094 ό
1013 4041 1184 4110 μέγας
1235 4040 1485 4110 βούλεται
1525 4041 1769 4112 Γαϐριὴλ

169 4135 355 4204 ἡμῖν;
396 4128 507 4202 ἆρα
549 4132 684 4202 πρὸς
727 4132 875 4201 ἡμᾶς
916 4127 1074 4194 αὖθις
1113 4131 1386 4200 deiicere;
1423 4132 1601 4189 ποίοις
1630 4132 1768 4185 ἁπο-

170 4227 419 4297 κρύφοις
468 4225 734 4293 ὑπηρετεῖ
789 4222 1116 4293 μυστηρίοις
1170 4221 1347 4287 Θεοῦ;
1399 4223 1502 4275 οὐκ
1545 4222 1637 4275 ἐπὶ
1681 4240 1770 4292 μιο

170 4321 364 4389 κροίς,
418 4315 671 4385 φοϐεροῖς
724 4315 895 4377 ὅντως
938 4316 967 4368 ό
1009 4314 1243 4381 ἄγγελος
1288 4314 1623 4368 διακονεῖται
1656 4317 1770 4379 τοῖς

171 4407 597 4478 προστάγμασι.
627 4405 856 4472 Μεγάλα
881 4406 1029 4458 ἐστὶν
1050 4405 1195 4478 άπερ
1218 4405 1564 4461 πιστεύεται.
1590 4405 1771 4476 Ἀλλῳ

170 4498 370 4551 οὐδενὶ
422 4495 692 4563 εὔληπτα,
747 4494 816 4547 τά
863 4494 931 4547 δι’
987 4496 1155 4549 αὑτοῦ
1206 4495 1537 4567 δηλούμενα.
1591 4497 1769 4560 Μόνος

1874 3291 2127 3359 sumpsit,
2157 3292 2416 3347 laudibus
2450 3310 2882 3363 prosequamur;
2919 3310 3017 3364 per
3041 3295 3218 3364 ipsum
3244 3313 3306 3350 ac
3326 3312 3451 3350 cum

1874 3382 2017 3451 ipso,
2050 3382 2199 3436 Patri
2231 3399 2296 3438 ac
2330 3383 2560 3453 Spiritui
2593 3397 2785 3440 sancto
2821 3387 3049 3455 gloriam
3080 3402 3143 3439 ac
3185 3387 3453 3442 honorem

1874 3474 2311 3529 subntittentes:
2350 3478 2554 3546 quippe
2605 3493 2769 3546 quem
2819 3479 3012 3533 deceat
3060 3480 3198 3543 laus,
3240 3481 3453 3551 magni-

1875 3564 2115 3628 ficentia,
2145 3567 2332 3631 decor,
2381 3585 2529 3622 nunc
2563 3580 2619 3624 et
2661 3586 2898 3640 semper,
2932 3581 2987 3626 et
3019 3574 3074 3625 in
3114 3573 3313 3628 sascula
3350 3590 3455 3629 saec

1873 3660 2150 3713 culorum.
2188 3661 2383 3714 Amen.

2481 3773 2714 3829 SERMO
2761 3776 2851 3830 111.

1946 3864 2008 3918 In
2037 3864 2423 3920 laudatissima:
2453 3865 2549 3919 Dei
2579 3865 2855 3922 Genitricis
2886 3869 3376 3924 Annuntiatiouem.

1947 4043 1987 4096 l.
2033 4040 2175 4106 Quid
2212 4040 2375 4095 nobis
2418 4041 2618 4094 iterum
2668 4041 2720 4094 in
2773 4051 2916 4095 terra
2948 4057 3178 4111 magnus
3209 4042 3456 4098 vultGa-

1876 4133 2059 4187 hriel?
2088 4133 2233 4202 Ergo
2252 4132 2323 4185 ad
2354 4148 2455 4187 nos
2490 4148 2708 4186 rursum
2733 4134 2887 4187 venit
2908 4135 2929 4186 ιν
2948 4133 3215 4199 Qualibus
3250 4134 3456 4191 abditis

1876 4222 1975 4278 Dei
2030 4221 2310 4293 mysteriis
2357 4223 2562 4276 servit?
2613 4223 2734 4277 Non
2787 4223 3120 4289 minoribus,
3179 4224 3275 4278 sed
3323 4240 3455 4280 vero

1877 4314 2184 4369 tremendis
2214 4315 2491 4369 ministrat
2530 4315 2823 4369 mandatis.
2851 4314 3040 4385 Magna
3084 4325 3215 4370 sunt
3252 4332 3373 4386 qua:
3401 4319 3453 4371 ei

1880 4405 2209 4460 creduntur.
2237 4406 2411 4461 Nemo
2453 4406 2595 4460 alius
2635 4422 2735 4477 per
2759 4405 2940 4476 ipsum
2981 4407 3259 4462 declarata
3294 4407 3455 4462 facile

1877 4497 2164 4567 percipere
2193 4496 2385 4566 possit.
2418 4496 2481 4550 Ei
2517 4497 2621 4551 soli
2661 4499 3082 4552 committuntur
3112 4514 3326 4554 arcana!
3356 4499 3453 4552 Dei

170 4590 478 4660 θαρρεἶται
521 4587 648 4649 τοὺς
676 4588 952 4657 ἀρρήτους
985 4586 1089 4657 τῆς
1119 4587 1214 4639 τοῦ
1258 4588 1394 4641 Θεοῦ
1443 4590 1636 4657 σοφίας
1674 4588 1774 4658 θη·
1809 4589 1851 4642 D
1878 4604 1932 4642 sa

1691 4588 1774 4658 lq-
1809 4589 1851 4642 Ι)
1878 4588 2165 4657 sapientiae
2196 4588 2462 4651 thesauri,
2517 4603 2584 4642 ac
2622 4589 2957 4659 profundum
3003 4591 3453 4659 imperscrutabi-

174 4680 453 4749 σαυροὺς,
500 4679 594 4730 καὶ
651 4678 713 4729 τὸ
769 4675 931 4745 βάθος
962 4677 1072 4729 τῶν
1140 4676 1561 4748 ἀνεξιχνιάστων
1606 4678 1775 4731 αὐτοῦ

171 4769 481 4840 χριμάτων
533 4766 848 4833 φωτίζεται.
912 4766 1166 4832 ’Δφίκετό
1220 4784 1351 4821 ποτε
1407 4767 1545 4836 πρὸς
1591 4769 1773 4836 ἡμᾶς,

173 4865 278 4917 ἵνα
305 4862 400 4914 τὸν
429 4860 598 4930 ἄνδρα
624 4859 733 4912 τῶν
776 4859 1088 4929 ἐπιθυμιῶν
1137 4859 1389 4929 συνετίσῃ
1435 4860 1652 4929 Δανιὴλ,
1680 4860 1775 4913 καὶ¹

175 4952 463 5025 βασιλέων
507 4951 696 5021 διδάξῃ
722 4949 1015 5019 ⁸διαδοχὰς,
1060 4951 1158 5004 καὶ
1200 4950 1406 5019 κόσμου
1456 4950 1631 5012 τέλος,
1680 4951 1777 5003 καὶ

176 5043 414 5115 δηλώσῃ
442 5043 765 5107 ἀνάστασιν,
798 5042 891 5094 καὶ⁵
921 5042 1103 5113 κρίσιν
1138 5042 1465 5113 προμηνύσῃ
1502 5042 1643 5095 κατὰ
1675 5043 1775 5112 τὴν

171 5136 350 5200 τάξιν
405 5134 625 5203 ἑκάστῳ
671 5132 1091 5203 ἀποδιδομένην,
1150 5134 1248 5185 καὶ
1304 5132 1416 5186 τῶν
1471 5133 1777 5204 μελλόντων

175 5225 494 5299 φανερὼσῃ
517 5226 618 5294 τὴν
644 5224 1012 5293 ἀποκάλυψιν.
1043 5221 1216 5277 Ἶ1λθε
1249 5227 1433 5291 πάλιν,
1466 5227 1568 5295 τὴν
1597 5225 1779 5295 παρά-

173 5322 349 5387 δοξον
378 5320 473 5373 τοῦ
504 5320 650 5373 θείου
685 5320 997 5373 Βαπτιστοῦ
1029 5320 1289 5388 γέννησιν
1316 5319 1395 5390 τῷ
1425 5320 1591 5389 πατρὶ⁵
1620 5319 1780 5386 εὐαγ-

175 5412 594 5483 γελιζόμενος,
648 5412 743 5464 καὶ
800 5410 900 5480 τὴν
953 5410 1023 5463 δι’
1075 5409 1243 5464 αὐτοῦ
1294 5411 1435 5480 πρὸς
1486 5410 1620 5462 Θεὸν
1673 5409 1782 5461 τῶν

176 5502 505 5574 ἀνθρώπων
554 5502 851 5570 συνάφειαν
898 5500 1235 5569 ὑποφαίνων.
1286 5502 1398 5554 Καὶ
1431 5500 1539 5571 γὰρ
1588 5502 1636 5553 εί
1686 5502 1782 5553 καὶ

261 5660 317 5693 ’³
347 5660 486 5715 Dan.
521 5672 596 5721 Ix,
624 5655 715 5709 25.
791 5655 837 5687 ’⁸
868 5654 1003 5710 Luc.
1053 5671 1095 5721 ι,
1138 5654 1191 5710 8.

1879 4680 2014 4734 lium
2059 4681 2182 4749 ejus
2220 4679 2558 4749 judiciorum
2583 4679 2833 4733 docetur.
2866 4681 2945 4733 Ad
2983 4697 3085 4734 nos
3122 4680 3453 4751 quandoque

1876 4771 2053 4837 venit,
2088 4780 2149 4825 ut
2178 4772 2356 4825 virum
2390 4770 2789 4824 desideriorum
2815 4772 2860 4803 ⁸³
2880 4772 3150 4840 sapientia
3184 4772 3450 4833 erudiret,

1880 4865 2215 4934 duceretque
2247 4879 2437 4933 regum
2472 4863 2871 4927 successiones,
2919 4879 2983 4917 ac
3030 4863 3221 4917 mundi
3255 4863 3449 4927 finem;

1881 4964 1942 5010 ut
1990 4955 2121 5009 item
2173 4955 2634 5009 resurrectionem
2684 4956 3050 5025 significaret,
3086 4971 3150 5009 ac
3181 4955 3451 5024 judicium

1880 5046 2080 5115 cuique
2124 5045 2317 5099 ordine
2345 5044 2689 5099 reddendum
2716 5044 3135 5113 prmnuntiaret,
3161 5044 3455 5113 futuraque

1883 5136 2172 5189 revelaret.
2212 5134 2369 5188 Venit
2414 5136 2636 5198 iterum,
2678 5144 2737 5187 ut
2769 5134 3077 5188 mirabilem
3132 5134 3305 5188 divini
3356 5133 3457 5187 Ba-

1882 5227 2063 5294 ptista:
2095 5224 2440 5279 nativitatem
2485 5226 2628 5295 patri
2658 5227 3012 5281 annuntiat-et
3040 5225 3107 5291 “,
3140 5241 3206 5280 ac
3229 5241 3348 5280 eam
3386 5226 3452 5280 ad

1881 5317 2054 5371 Deum
2101 5316 2386 5369 hominum
2416 5317 2890 5386 conjunctionem,
2927 5333 3049 5388 quzc
3086 5333 3185 5387 per
3215 5332 3341 5371 eum
3367 5316 3456 5370 fn-

1884 5418 2006 5462 tura
2034 5414 2201 5471 esset,
2235 5407 2526 5463 indicaret.
2564 5408 2717 5479 Rogo
2746 5410 2916 5477 enim,
2956 5410 3049 5479 qui
3082 5409 3149 5464 iis
3175 5425 3296 5478 quin
3320 5409 3456 5463 scri-

1884 5509 1975 5570 pta
2010 5508 2143 5553 sunt
2194 5498 2357 5555 fidem
2414 5500 2618 5557 habere
2668 5500 2821 5573 digni
2872 5501 3035 5566 estis,
3082 5501 3456 5563 considerate,

1509 5747 1743 5805 VARUE
1784 5746 2192 5803 LECTIONES.

264 5856 299 5885 ι
342 5840 548 5912 ἐρῶιπ
578 5841 763 5905 Forte,
789 5842 929 5895 ὥστε
968 5841 1043 5911 μὴ
1074 5840 1233 5910 ἐρῶν.
1312 5839 1340 5880 δ
1374 5839 1526 5897 Orat.
1546 5841 1637 5906 43,
1660 5841 1825 5911 paulo
1850 5849 1977 5896 ante
2018 5840 2201 5894 linem.

488 5930 761 5993 ΙῬΑτιιοι..
799 5930 915 5992 Gn.
954 5929 1288 5992 LXXXIX.

3030 5926 3106 5986 44
