4462 6440
842 426 975 492 1387

1978 428 2038 485 S.
2080 425 2475 485 ANASTASII
2517 426 2985 488 ANTIOCIIENI

3972 442 4117 505 1383

840 563 971 600 num
1007 544 1077 598 ab
1120 545 1186 597 iis
1215 558 1336 613 qua:
1366 543 1571 612 scripta
1613 550 1763 603 sunt,
1802 540 1908 593 lide
1942 540 2143 609 dignus
2176 539 2415 592 advenc-
2446 544 2490 600 Α
2521 539 2602 593 vi}:

2356 554 2415 591 e-
2446 544 2490 600 Α
2521 539 2616 593 νῦν
2659 544 2972 605 πιστευθεὶς
3031 547 3365 614 παρεγένετο
3422 550 3535 611 τοῖς
3572 555 4005 620 γεγραμμένοις,
4060 557 4114 607 οἱ

840 638 909 689 rit
940 653 952 688 :
982 636 1128 704 quod
1163 636 1423 688 nimirum
1455 634 1676 687 steriles
1701 633 2010 701 suscipiant
2049 633 2289 697 liberos;
2328 648 2417 684 sc-

838 744 938 781 nes
981 738 1275 798 procreent
1323 726 1499 790 ﬁlius;
1538 724 1817 778 immaturi
1854 726 1907 778 in
1952 735 2109 777 utero
2139 725 2284 778 fetus
2326 740 2417 776 cx-

839 821 1027 874 siliant
1051 840 1064 886 ;
1098 819 1360 875 sacerdos
1382 818 1452 872 ob
1482 819 1927 873 incredulitatem
1955 817 2231 886 loquelam
2259 817 2418 870 amit-

845 923 943 970 tat.

914 1006 976 1059 Il.
1008 1003 1112 1057 Alii
1141 1004 1345 1074 aliique
1388 1012 1702 1057 sanctorum
1749 1002 2069 1072 angelorum
2109 1002 2259 1055 aliud
2284 1001 2416 1071 quid

840 1097 1048 1167 negotii
1082 1098 1329 1151 creditur
1363 1112 1375 1147 :
1408 1095 1537 1148 huic
1576 1095 1694 1158 uni,
1724 1095 1870 1163 quod
1909 1103 1994 1148 est
2032 1096 2417 1147 universorum

840 1198 1026 1259 caput,
1073 1185 1477 1251 committitur;
1538 1188 1802 1240 nimirum
1850 1188 2022 1240 Deum
2076 1187 2129 1240 in
2174 1186 2418 1255 Virginis

843 1282 1001 1334 \‘llha
1028 1281 1144 1333 sine
1171 1278 1381 1332 semine
1404 1278 1648 1346 concipi;
1680 1278 1945 1346 Spiritum
1970 1287 2222 1331 sanctum
2250 1278 2419 1331 eden-

842 1374 925 1425 da:
977 1371 1115 1440 proli
1169 1370 1497 1440 eooperari;
1543 1386 1668 1423 eum
1729 1370 1818 1437 qui
1866 1378 1940 1421 cst
1987 1386 2146 1437 super
2172 1372 2417 1423 omnia”

841 1464 1002 1517 Pater
1037 1479 1101 1516 ac
1135 1464 1298 1525 Deus,
1340 1461 1392 1513 in
1441 1462 1555 1513 ha:c
1582 1461 1751 1513 verba
1775 1461 1971 1529 jubere
2013 1462 2294 1530 Vrginem
2331 1480 2419 1515 sa-

840 1555 1042 1610 lutari:
1074 1556 1201 1619 Ave,
1231 1554 1407 1623 gratia
1439 1552 1619 1622 plena,
1650 1552 1903 1606 Dominus
1938 1564 2105 1606 tecum
2129 1556 2194 1607 9".
2233 1555 2276 1607 υ
2302 1570 2418 1606 ina-

842 1649 1095 1716 gnilicam
1146 1660 1211 1698 ac
1241 1644 1484 1698 divinam
1533 1647 1764 1698 vocem!
1812 1644 1857 1698 Ο
1894 1646 2255 1698 excellentem
2308 1645 2421 1697 cle-

843 1738 1103 1790 mentiam
1133 1751 1196 1789 ac
1221 1735 1525 1789 bonitatem
1553 1736 1565 1786 l
1600 1736 1644 1788 0
1676 1735 1983 1803 angelicum
2012 1749 2139 1789 vere
2168 1735 2419 1790 ministe-

844 1831 1018 1882 riuml
1053 1829 1098 1882 0
1127 1828 1341 1881 beatam
1376 1826 1678 1896 Virginem,
1708 1843 1829 1895 qua:
1862 1827 1989 1881 talia
2021 1828 2189 1881 verba
2226 1829 2421 1881 audire

2472 672 2486 683 .
2524 632 2638 693 τοῖς
2692 633 3101 701 γεγραμμένοις
3149 639 3429 689 πιττεόειν
3482 640 3657 705 ἄξιοι,
3706 648 4116 712 κατανοήσατε,

2524 722 2605 775 ὅτι
2645 726 2852 793 στεῖραι
2896 729 3274 793 τεκνογονοῦτι
3301 748 3313 760 ·
3357 732 3616 801 γηραλέοι
3655 737 4071 789 παιόοποιοῦτιν
4099 757 4113 767 ·

2526 813 2742 885 ἔμϐρυα
2771 816 3066 886 σκιρτῶσιν
3093 834 3105 845 ·
3139 822 3318 890 ἱερεὺς
3349 822 3416 874 δι’
3440 824 3698 878 ἀπιστίαν
3730 831 3906 895 σιωπῇ
3940 846 4116 881 κατα-

2527 907 2794 975 κρίνεται.

2601 1004 2791 1066 Ἀλλος
2832 1004 2961 1057 ἄλλο
2991 1024 3043 1058 τι
3086 1008 3196 1058 τῶν
3234 1008 3404 1074 ἁγίων
3451 1011 3701 1078 ἀγγέλων
3749 1011 4113 1067 πιστεύεται·

2529 1094 2689 1162 μόνος
2722 1096 2780 1148 δὲ
2833 1091 3008 1159 οὗτος,
3061 1100 3119 1151 τὸ
3164 1102 3382 1153 πάντων
3436 1103 3720 1173 θαρρείται
3764 1107 4066 1173 κεφάλαιον
4098 1124 4113 1136 ο

2527 1186 2659 1239 θεὸν
2700 1188 2956 1257 ἀσπόρως
2985 1192 3042 1241 ὲν
3071 1193 3372 1264 παρθενικῇ
3408 1197 3848 1265 κυοιρορούμενον
3882 1202 4072 1267 μήτρα
4098 1216 4109 1225 ’

2529 1279 2752 1347 Πνεῦμα
2789 1281 2944 1346 ἆγιον
2991 1282 3069 1351 τῷ
3114 1285 3259 1353 τόκῳ
3298 1286 3800 1356 συνεργαζόμενον·
3847 1289 3957 1340 τίν
4004 1289 4109 1340 ἐπὶ

2528 1371 2772 1424 πάντων
2815 1374 3033 1442 Πατέρα
3070 1375 3164 1426 καὶ
3202 1376 3358 1437 Θεὸν,
3397 1382 3462 1447 τῇ
3499 1378 3759 1449 Παρθένῳ
3798 1380 3981 1447 λέγειν
4022 1398 4116 1433 κε-

2526 1463 2749 1516 λεύοντα
2769 1482 2784 1496 ·
2804 1466 2997 1533 Xui’pe,
3013 1470 3473 1536 κεχαριτωμένη,
3501 1474 3531 1522 ό
3560 1473 3772 1539 [τίγριος
3791 1474 3943 1540 μετὰ
3968 1472 4111 1525 σοῦ.

2529 1558 2593 1609 Ὢ.
2637 1558 2920 1628 φιλοτίμου
2969 1562 3063 1613 κιιὶ
3112 1561 3299 1631 θεῖκῆς
3349 1565 3570 1632 φωνῆς·
3612 1564 3656 1614 ὦ
3697 1565 4115 1634 φιλανθρωπίας

2528 1649 2837 1719 ὑπερϐολῆς
2890 1654 2985 1703 καὶ
3033 1653 3370 1723 ἀγαθότητος
3400 1671 3413 1684 ·
3468 1655 3513 1707 ὢ
3560 1657 3900 1727 λειτουργίας
3940 1659 4115 1719 ὅντως

2528 1742 2856 1812 ἁγγελικῆςο
2903 1743 2948 1795 ὦ
2999 1746 3281 1814 μακαρίας
3346 1747 3624 1813 Παρθένου
3669 1751 3931 1802 τοιούτων
3982 1768 4113 1801 κατ-

2529 1832 2856 1903 αξιωθείσης
2906 1837 3169 1904 ῥημάτιον
3198 1851 3209 1863 °
3276 1838 3477 1905 μᾶλλον
3507 1838 3561 1890 δὲ
3583 1879 3596 1901 ,
3624 1840 3887 1902 τοιούτοις
3926 1841 4115 1892 διακο-

842 1922 1082 1975 meruit!
1142 1935 1235 1972 seu
1295 1918 1490 1987 magis,
1543 1934 1665 1986 qum
1718 1919 1886 1972 rebus
1945 1920 2215 1990 ejusmodi
2260 1920 2424 1972 niini-
2460 1901 2604 1991 Βνής

2348 1920 2424 1972 ni-
2460 1901 2503 1957 Β
2531 1924 2798 1991 νήσασθαι
2853 1926 3195 1995 πράγμασιν.
3246 1929 3651 1992 ’Λσννξυάστως
3688 1933 4110 2002 ἐκυοφόρησας·

842 2024 1016 2067 strarc
1043 2013 1205 2081 digna
1255 2011 1389 2064 fuit!
1426 2011 1739 2080 Coneepisti
1770 2012 1982 2081 absque
2024 2014 2131 2066 viri
2161 2014 2269 2066 ulla
2302 2013 2421 2066 coi-

847 2107 1032 2171 tione;
1097 2106 1325 2174 innupta
1387 2103 1648 2172 peperisti
1693 2119 1705 2154 :
1751 2106 1865 2157 sola
1920 2104 2092 2157 Mater
2140 2104 2306 2157 simul
2357 2118 2421 2158 ac

844 2199 1012 2267 Virgo
1041 2198 1240 2251 cﬂ'eeta
1276 2195 1447 2249 luisti.
1491 2195 1679 2265 Neque
1708 2197 1857 2251 enim
1900 2206 2089 2267 partus
2130 2198 2422 2267 virginita-

846 2309 952 2350 trm
988 2297 1292 2366 prohibuit,
1329 2311 1508 2364 neque
1536 2293 1828 2362 conceptio
1851 2292 2220 2360 integritatem
2244 2298 2423 2343 sustu-

845 2393 925 2445 lit.
985 2392 1311 2444 lnviolatnm
1375 2390 1610 2443 servasti
1692 2383 2028 2454 virginitatis
2102 2382 2420 2435 thesaurum

843 2483 1008 2535 etiam
1033 2491 1154 2553 post
1187 2490 1423 2549 partum.
1460 2478 1644 2541 Lacte,
1687 2475 1912 2529 infantis
1944 2475 2139 2537 instar,
2167 2489 2293 2525 cum
2330 2487 2423 2541 pa-

845 2576 997 2633 visti.
1028 2576 1115 2643 qui
1137 2574 1229 2625 dat
1274 2589 1446 2625 escam
1482 2571 1626 2623 omni
1657 2570 1807 2621 carni
1833 2568 1900 2619 ³⁷.
1932 2566 2046 2621 Sub
2077 2575 2222 2618 tuam
2255 2580 2424 2618 Inam-

846 2681 988 2718 mam
1021 2674 1278 2732 tanquam
1320 2662 1609 2730 parvulum
1634 2674 1769 2712 eum
1812 2656 2101 2725 collegisti,
2130 2654 2223 2723 qui
2258 2653 2425 2706 fontis

846 2756 1020 2809 instar
1070 2756 1153 2807 lae
1209 2752 1499 2822 puerperis
1546 2749 1813 2813 scaturit,
1846 2762 1958 2817 quo
2013 2746 2120 2799 illa:
2164 2745 2424 2813 parvulos

843 2848 1013 2901 alant.
1070 2846 1283 2900 Etenim
1328 2844 1466 2897 facta
1502 2860 1562 2895 es
1598 2850 1806 2903 mater,
1844 2856 1952 2892 non
1999 2837 2123 2907 puri
2163 2836 2423 2900 hominis,

846 2946 942 2989 ant
992 2935 1226 3004 alicujus
1277 2934 1586 3003 prophetm,
1619 2941 1714 2985 aut
1745 2931 1914 2983 Deum
1960 2928 2015 2981 in
2058 2943 2115 2981 se
2149 2926 2424 2994 hospitem

847 3027 1133 3088 habentis;
1169 3025 1263 3081 sed
1302 3040 1426 3078 vera
1468 3034 1643 3077 mater
1692 3021 1877 3091 magni
1911 3019 2007 3071 Dei
2035 3034 2099 3071 ac
2128 3016 2424 3071 Saluatoris

848 3121 1015 3174 nostri
1038 3118 1161 3172 Jcsu
1186 3116 1382 3172 Christi
1409 3116 1476 3169 ³³⁵.
1507 3145 1577 3155 ——
1596 3115 1725 3179 Quis
1760 3113 2008 3182 loquetur
2029 3113 2297 3180 potentias
2321 3108 2426 3161 Do-

848 3214 978 3267 mini
1004 3212 1091 3263 ”?
1134 3210 1265 3276 Qua:
1322 3208 1475 3262 auris
1529 3222 1728 3276 capere
1782 3204 2025 3273 poterit?
2071 3202 2207 3268 Quis
2241 3215 2427 3254 sermo

846 3302 1047 3371 dignus
1091 3299 1405 3353 invenietur
1437 3312 1632 3351 eorum
1667 3310 1790 3364 qua:
1824 3293 2229 3363 intelliguntur.
2261 3291 2430 3345 inter-

848 3394 1011 3463 pres?
1043 3392 1121 3445 Ad
1153 3405 1325 3459 usque
1362 3398 1412 3442 te
1444 3387 1747 3441 audierunt
1774 3385 2037 3439 mulieres
2071 3402 2083 3435 :
2110 3382 2175 3436 In
2196 3382 2429 3435 tristitiis

851 3487 1069 3555 parietis
1131 3484 1271 3552 ﬁlios
1328 3483 1374 3546 ‘;
1429 3482 1594 3550 inque
1656 3494 1869 3543 onmes,
1920 3493 2022 3531 ceu
2079 3474 2432 3529 barreditaria

851 3578 1098 3650 quaedam
1140 3575 1457 3638 successio,
1490 3572 1738 3627 divinum
1780 3570 2039 3624 currebat
2086 3567 2429 3630 mandatmn,

853 3668 1238 3725 indissolubile
1279 3679 1509 3719 manens
1548 3673 1713 3733 atque
1757 3662 2069 3716 immotum.
2099 3659 2145 3714 Α
2177 3669 2230 3714 te
2280 3657 2433 3712 dein-

853 3778 984 3832 ceps
1016 3760 1205 3815 audiet
1253 3757 1529 3812 femineus
1560 3770 1746 3818 sexus,
1789 3752 2012 3816 Avete,’
2039 3750 2279 3815 feminae,
2310 3765 2433 3820 quae

852 3852 1037 3924 gaudii
1082 3849 1417 3921 principium
1473 3845 1853 3916 susceperitis,
1884 3843 2057 3897 solam
2092 3843 2241 3896 illam
2292 3841 2435 3895 inter

851 3946 1091 4015 virgines
1142 3940 1793 4015 gratiosam,pulcbram,
1823 3937 2255 4000 immaculatam,
2301 3951 2431 3990 san-

853 4046 1020 4099 ctam,
1053 4035 1147 4089 Dei
1179 4032 1519 4088 Genitriccm
1550 4030 1795 4084 Mariam.

921 4128 1012 4182 111.
1046 4126 1271 4195 Magnus
1299 4122 1527 4192 quidem
1550 4121 1775 4176 Gabriel
1804 4119 1986 4175 fausta
2010 4118 2286 4190 ejusmodi
2311 4120 2433 4175 Vir-

853 4221 968 4290 gini
996 4219 1239 4282 nuntiat,
1282 4216 1525 4286 dumque
1554 4214 1750 4268 miscet
1773 4227 2078 4276 sermones,
2113 4212 2433 4281 unigenitus

853 4313 950 4367 Dei
984 4310 1155 4365 Filius
1189 4307 1516 4377 virginalem
1535 4305 1983 4368 subiitntcrum;
2013 4304 2276 4373 cepitque
2294 4317 2431 4356 ven-

854 4415 961 4469 ter,
982 4417 1148 4473 quem
1175 4401 1405 4454 omnino
1437 4399 1641 4452 ccelum
1675 4412 1787 4451 non
1828 4397 2001 4467 capit.
2026 4396 2213 4450 Nostri
2239 4411 2431 4463 causa,

853 4499 1033 4552 factus
1055 4503 1139 4548 est
1169 4503 1328 4548 utero
1352 4500 1601 4562 gestatus
1630 4488 1833 4552 infans,
1869 4489 1964 4557 qui
1991 4488 2155 4542 nobis
2177 4488 2434 4557 superior

2527 2016 2895 2085 ἁνυμφεῦτως
2922 2021 3190 2082 ἁπέτεκες
3210 2037 3224 2050 ·
3258 2022 3394 2091 μόνη
3426 2024 3627 2093 Μήτηρ
3655 2022 3793 2091 ὁμοῦ
3832 2027 3925 2076 καὶ
3964 2026 4113 2094 ιιαρ-

2528 2107 2682 2169 θένος
2709 2108 2918 2175 ἐγένου.
2948 2110 3022 2161 Οὐ
3056 2110 3163 2179 γάρ
3189 2112 3403 2181 διέκοψε
3431 2115 3531 2183 τὴν
3554 2115 3856 2186 παρθενίαν
3881 2116 3909 2167 6
3931 2118 4114 2178 τόκος,

2528 2197 2650 2249 οὐδὲ
2679 2197 2893 2251 διέλυσε
2939 2199 3039 2269 τὴν
3071 2200 3340 2269 ἀφθορίαν
3380 2204 3411 2270 ὴ
3450 2204 3729 2274 σύλληψις.
3771 2206 4007 2257 ’Λσυλον
4054 2207 4118 2258 τὸ

2527 2290 2632 2358 τῆς
2668 2289 2970 2358 παρθενίας
3000 2292 3283 2362 κειμήλιον
3316 2294 3411 2345 καὶ
3448 2296 3588 2363 μετά
3617 2297 3777 2349 τόκον
3816 2298 4114 2365 ὲιρύλαξας.

2542 2382 3132 2454 Ἐγαλακτοτρόφησας
3161 2384 3237 2447 ὡς
3250 2385 3444 2454 νήπιον
3481 2387 3588 2438 τὸν
3612 2386 3859 2439 διδόντα
3882 2389 4117 2456 τίομὶμ·

2532 2475 2699 2543 πάσῃ
2734 2479 2939 2544 σαρκί.
3001 2477 3140 2527 Ὑπὸ
3172 2479 3272 2545 τὴν
3304 2478 3404 2547 σὴν
3436 2478 3607 2549 θηλὴν
3635 2481 3843 2548 ήγαγες
3876 2481 3951 2542 ὡς
3985 2481 4117 2550 βρέ-

2532 2583 2659 2635 φος,
2698 2567 2790 2620 τὸν
2818 2566 3139 2637 πηγάζοντα
3164 2568 3304 2635 γάλα
3335 2570 3456 2630 ταῖς
3482 2570 3795 2633 τικτούσαις
3832 2572 3966 2641 πρὸς
3991 2573 4115 2625 δια-

2529 2659 2738 2729 τροφὴν
2784 2660 2895 2712 τῶν
2942 2662 3280 2730 τικτομένων
3324 2659 3564 2730 βρεφῶν.
3618 2663 3725 2716 Καὶ
3768 2664 3877 2733 γάρ
3924 2666 4117 2735 μήτηρ

2532 2752 2746 2816 ἐγένου,
2796 2752 2896 2804 οὐκ
2942 2752 3239 2823 ἀνθρώπου
3284 2752 3468 2823 ψιλοῦ,
3519 2754 3551 2823 ἦ
3600 2757 3885 2824 προφήτου
3941 2757 4115 2819 τινὸς,

2533 2843 2563 2912 ἧ
2612 2842 2748 2895 Θεὸν
2794 2842 3003 2895 ἔνοικον
3051 2843 3266 2913 ἔχοντος
3298 2860 3311 2874 ⁸
3369 2845 3505 2898 ἀλλὰ
3538 2846 3725 2916 μήτηρ
3757 2845 3966 2916 ἀληθὴς
4005 2847 4119 2901 τοῦ

2528 2934 2801 3002 μεγάλου
2830 2936 2981 2988 Θεοῦ
3011 2937 3107 2988 καὶ
3132 2936 3408 3005 Σωτῆρος
3432 2938 3603 3006 ἡμῶν
3618 2940 3812 3005 Ἰησοῦ
3831 2940 4117 3007 Χριστοῦ.

2532 3053 2602 3061 —
2634 3025 2728 3089 Τίς
2749 3023 3010 3090 λαλήσει
3031 3026 3136 3092 τὰς
3153 3027 3519 3094 δυναστείας
3541 3028 3649 3083 τοῦ
3665 3033 3920 3097 κυρίους
3961 3034 4121 3082 ποῖον

2534 3111 2627 3178 οῦς
2650 3117 2901 3185 χωρῆσαι
2930 3118 3252 3186 δυνήσεται;
3295 3121 3449 3182 ποῖος
3478 3120 3535 3172 δὲ
3568 3121 3722 3189 λόγος
3752 3123 4121 3192 εὑρεθήσεται

2534 3207 2684 3272 ἄξιος
2727 3209 2838 3261 τῶν
2882 3211 3190 3279 νοουμένων
3227 3211 3537 3281 ὲρμηνεύς;
3595 3214 3759 3282 μέχρι
3787 3214 3883 3267 σοῦ
3913 3218 4123 3285 ήκουον

2534 3302 2796 3369 γυναῖκες
2816 3316 2830 3330 ·
2882 3300 2984 3354 Ἐν
3008 3302 3232 3367 ,λύπαις
3267 3302 3517 3366 τέξεσθε
3548 3305 3731 3358 τέκνα
3754 3322 3768 3335 ·
3830 3308 3925 3358 καὶ
3973 3310 4124 3361 κατὰ

2533 3393 2750 3456 πασῶν,
2782 3390 2972 3461 ὥσπερ
3002 3410 3085 3455 τις
3112 3392 3318 3464 κλήρου
3347 3394 3540 3465 διδαχὴ
3559 3406 3606 3461 ε,
3632 3397 3693 3448 τὸ
3720 3396 3901 3449 θεῖκὸν
3922 3401 4123 3469 ἔτρεχε

2532 3487 2869 3557 πρόσταγμα
2888 3527 2903 3551 ,
2950 3486 3144 3539 ἄλυτον
3176 3488 3273 3539 καὶ
3300 3488 3638 3557 ἀμετάθετον
3663 3488 3939 3558 διαμένον.
3981 3493 4127 3546 Ἀπὸ

2535 3579 2630 3631 σοῦ
2665 3579 2855 3631 λοιπὸν
2888 3578 2948 3629 τδ
2980 3577 3115 3647 θῆλυ
3146 3579 3302 3646 γένος
3334 3580 3561 3631 ἀκούσει
3581 3595 3597 3611 ’
3621 3582 3890 3649 Χαίρετε,
3925 3587 4129 3650 γυναῖο

2535 3686 2651 3732 κες,
2677 3668 2856 3739 ἀρχὴν
2877 3667 2973 3721 τοῦ
2997 3669 3213 3739 χαίρειν
3235 3668 3499 3723 λαϐοῦσαι
3518 3670 3618 3740 τὴν
3642 3673 3812 3741 μόνην
3837 3676 3897 3727 ὲν
3920 3676 4131 3746 παρθέ-

2532 3777 2647 3822 νοις
2690 3760 3175 3833 κεχαριτωμένην,
3226 3762 3324 3833 τὴν
3354 3762 3559 3834 καλὴν,
3605 3763 3705 3835 τὴν
3734 3764 3990 3834 ἄσπιλον,
4021 3771 4129 3841 τήν

2532 3851 2719 3918 ἁγίαν,
2756 3852 2854 3923 τὴν
2884 3852 3207 3925 Θεομήτορα
3234 3854 3472 3925 Μαρίαν.

2564 4064 2580 4136 ί
2618 4124 2679 4176 '0
2723 4124 2825 4193 μὲν
2856 4119 2952 4177 οὖν
2992 4124 3165 4192 μέγας
3198 4123 3434 4192 ἄγγελος
3479 4125 3708 4180 τοιαῦτα
3753 4129 3821 4197 τῇ
3851 4128 4131 4199 Παρθένῳ

2535 4210 2995 4279 εὐαγγελίζεται,
3049 4210 3147 4263 καὶ
3193 4212 3331 4280 ὁμοῦ
3380 4214 3493 4276 τοῖς
3535 4213 3714 4281 λόγοις
3763 4217 3794 4267 6
3852 4215 3953 4269 τοῦ
3986 4218 4128 4271 Θεοῦ

2538 4302 2841 4372 μονογενὴς
2882 4302 3009 4364 Υἱὸς
3056 4302 3156 4372 τὴν
3207 4302 3552 4375 παρθενικὴν
3578 4303 3747 4357 ὑπέδυ
3785 4306 3993 4374 νηδύν·
4031 4310 4133 4360 καὶ

2534 4393 2782 4464 ἐχώρησε
2813 4394 3029 4464 γαστὴρ
3051 4436 3065 4460 ,
3116 4396 3174 4447 ὃν
3210 4396 3439 4465 οὐρανὸς
3469 4397 3571 4451 οὐκ
3601 4395 3886 4468 ἐχώρησεν
3915 4400 4056 4463 ὅλως
4072 4401 4125 4453 δ.

2539 4486 2821 4557 Ἐμϐρυον
2852 4486 2920 4538 δι’
2943 4488 3090 4557 ἡμᾶς
3122 4487 3348 4555 γέγονεν
3387 4490 3416 4540 6
3448 4489 3587 4558 ὑπὲρ
3616 4491 3765 4559 ἡμᾶς
3785 4506 3801 4520 ⁸
3837 4494 3991 4545 κατὰ
4025 4494 4130 4563 μέ-

851 4599 971 4643 erat
993 4606 1005 4639 :
1031 4585 1296 4658 paulatim
1327 4598 1608 4646 crescens,
1637 4597 1701 4635 ac
1729 4580 2098 4649 corporaliter
2123 4580 2190 4636 ad
2244 4580 2427 4649 perfe-
2463 4598 2510 4655 Β
2542 4593 2613 4647 poi

2368 4581 2427 4634 'e.
2463 4598 2510 4655 Β
2542 4593 2634 4647 ρος
2664 4576 2846 4639 αὔξων
2866 4618 2879 4639 ,
2933 4578 3025 4630 καὶ
3058 4579 3389 4647 σωματικῶς
3413 4579 3817 4650 τελειοῦμενος,
3852 4584 3883 4633 6
3914 4587 4130 4638 παντέη

852 4694 1002 4738 ctum
1025 4683 1338 4753 prorehens
1364 4680 1514 4749 ’,ιιιιί
1544 4678 1661 4748 ipse
1691 4676 1957 4730 omnibus
1976 4676 2226 4730 numeris
2247 4675 2430 4746 perfe-

852 4785 1164 4831 ctmnessct
1188 4774 1282 4829 Dei
1308 4772 1573 4835 Verbum,
1593 4787 1659 4824 ac
1690 4771 1870 4823 omnia
1896 4770 2052 4822 verbo
2076 4770 2285 4822 virtutis
2318 4783 2429 4822 sua:

853 4878 1072 4939 portans
1090 4869 1108 4898 ⁸
1135 4887 1147 4921 :
1174 4881 1446 4921 annorum
1478 4864 1695 4917 initium
1713 4862 2013 4931 accipiens,
2040 4861 2136 4930 qui
2159 4859 2430 4915 Conditor

852 4970 999 5013 esset
1035 4968 1344 5027 temporum
1376 4972 1439 5009 ac
1468 4956 1761 5008 exsisteret
1796 4962 1924 5007 ante
1961 4953 2180 5006 Saecula.
2233 4952 2429 5006 110ιηί-

854 5068 986 5105 num
1014 5050 1230 5120 Opifex,
1265 5049 1443 5103 factus
1458 5056 1545 5102 est
1572 5048 1762 5110 homo,
1788 5046 2014 5099 Matrem
2045 5044 2149 5098 sibi
2179 5061 2245 5098 ex
2270 5045 2433 5100 nobis

854 5160 1225 5215 comparans;
1265 5143 1381 5211 ipse
1411 5140 1612 5195 unicus
1646 5154 1747 5208 per
1793 5146 2051 5190 naturam
2100 5137 2194 5190 Dei
2236 5137 2432 5202 Filius,

856 5253 1076 5291 carnem
1107 5252 1173 5290 ex
1201 5251 1265 5289 ea
1295 5234 1457 5287 nobis
1482 5228 2014 5285 consubstantialem
2046 5243 2361 5283 assumens.

927 5327 1013 5381 IV.
1057 5325 1194 5390 Quia
1224 5337 1359 5377 vero
1386 5336 1569 5375 sermo
1592 5318 1740 5372 haud
1764 5317 1900 5372 satis
1928 5318 2242 5387 coassurgit
2271 5319 2436 5371 mira-

854 5417 1017 5483 culis,
1049 5432 1150 5471 nec
1173 5413 1425 5470 mortalis
1454 5414 1637 5482 lingua
1679 5408 1971 5480 magniﬁca
2006 5409 2101 5463 Dei
2134 5425 2303 5479 opera
2331 5426 2434 5479 pro

1486 5552 1532 5583 "
1558 5551 1688 5604 Luc.
1713 5569 1751 5609 ι.
1782 5549 1870 5603 9.8.

1456 5625 1475 5654 ³
1503 5622 1637 5675 Luc.
1665 5638 1719 5686 ιι,
1744 5620 1832 5674 5‘2.

955 5560 1000 5590 9⁵
1035 5558 1193 5611 Rom.
1227 5572 1299 5617 Ix,
1329 5556 1382 5609 5.

857 5632 878 5665 ’
904 5629 1091 5683 Matth.
1122 5642 1303 5688 xxvm,
1325 5625 1376 5679 9.
1456 5625 1475 5654 ³
1503 5622 1637 5675 Luc.
1665 5638 1719 5686 ιι,
1744 5620 1832 5674 5‘2.
1903 5620 1923 5650 ⁴⁵
1955 5620 2122 5673 llebr.
2153 5638 2190 5685 ι,
2219 5621 2273 5676 5.

1965 5550 2009 5581 ’⁷
2040 5550 2184 5605 Psal.
2218 5567 2413 5615 cxxxv,
2444 5554 2535 5607 ‘23.

2538 4668 2681 4731 λειος
2708 4668 2803 4721 τοῦ
2830 4669 2966 4721 Θεοῦ
2992 4670 3185 4737 Λόγος,
3218 4671 3311 4723 καὶ
3340 4670 3539 4725 πάντα
3565 4672 3765 4740 φέρων
3794 4673 3876 4739 τῷ
3902 4677 4129 4745 ῥήματι

2536 4757 2647 4827 τῆς
2694 4760 3002 4826 δυνάμεως
3047 4759 3257 4814 αὑτοῦ.
3317 4760 3540 4830 Χρόνων
3576 4762 3750 4835 ἀρχὴν
3794 4763 4127 4833 λαμϐάνων,

2535 4853 2565 4903 6
2610 4852 2818 4923 χρόνων
2863 4853 3105 4923 Ποιητής
3126 4892 3139 4913 ,
3187 4853 3282 4905 καὶ
3315 4854 3580 4923 ὑπάρχων
3610 4853 3717 4925 πρὸ
3741 4856 3852 4910 τῶν
3880 4859 4127 4912 αἰώνων.

2542 4948 2870 5017 Ἀνθρωπος
2932 4948 3151 5011 ἐγένετο
3196 4949 3225 4999 6
3258 4947 3366 5001 τῶν
3394 4949 3702 5020 ἀνθρώπων
3728 4953 4083 5021 Δημιουργός
4108 4968 4128 4983 ο

2543 5040 2759 5111 μητέρα
2807 5040 3155 5108 κτησάμενος
3205 5039 3265 5105 ἐξ
3312 5039 3498 5108 ἡμῶν,
3552 5040 3581 5091 6
3632 5041 3795 5110 μόνος
3839 5041 3941 5094 τοῦ
3982 5043 4130 5097 θεοῖ·

2531 5133 2674 5185 κατὰ
2720 5131 2882 5201 φύσιν
2931 5131 3089 5193 Υἱὸς,
3140 5131 3321 5200 σάρκα
3361 5129 3421 5194 ἐξ
3449 5130 3621 5194 αὐτῆς
3653 5131 3835 5184 λαϐὼν
3861 5133 3965 5205 τὴν
3993 5136 4134 5204 ἡμῖν

2531 5225 2841 5294 όμοούσιον.

2615 5318 2757 5371 Ἀλλ’
2787 5318 3089 5389 ἐπειδήπερ
3120 5319 3148 5370 ό
3172 5317 3329 5384 λόγος
3359 5317 3419 5369 οὗ
3450 5319 3838 5371 συναναϐαινει
3864 5321 3981 5381 τοῖς
4002 5318 4137 5372 θαύ-

2535 5428 2736 5483 μασιν,
2788 5410 2908 5464 066}.
2959 5409 3129 5479 θνητὴ
3170 5408 3389 5477 γλῶττα
3432 5410 3555 5462 κατ’
3621 5409 3782 5473 ἀξίαν
3816 5412 3917 5473 τὰς
3951 5428 4136 5480 μεγα-

2636 5552 2681 5583 ⁹⁸
2720 5551 2828 5605 Tit.
2872 5566 2928 5613 ιι,
2968 5549 3048 5603 l5.
3167 5549 3214 5579 θ’
3253 5547 3394 5602 Psal.
3432 5564 3519 5610 cr,
3548 5545 3603 5600 ‘2.
3711 5548 3724 5577 '
3758 5547 3900 5603 Gen.
3931 5565 4009 5615 ιιι,
4038 5550 4132 5605 16.

2142 5760 2380 5816 νΛιιιΑι
2424 5760 2833 5818 LECTIONES.

926 5871 952 5907 ε
979 5860 1363 5932 Διδαχιὶῲος.
1394 5859 1633 5929 διαδοχή.
1707 5852 1736 5897 δ
1766 5859 1974 5921 Ἴλιως.
2012 5858 2191 5922 Forte,
2221 5856 2361 5921 ὅλος.
