4462 6440
164 421 299 486 1339

998 416 1251 477 SERMO
1286 415 1383 475 1v.
1417 436 1482 446 —
1515 412 1613 473 DE
1650 389 1934 475 minus
1970 413 2622 485 QUADRAGESIMIS.

3304 409 3439 473 1390

160 535 420 603 Μυρτίας
450 532 547 586 τοῦ
577 532 711 585 θεοῦ
742 530 1058 599 ἐξαγγέλλει
1080 547 1093 559 ο
1132 528 1292 597 δεῦρο
1318 526 1428 579 τῶν
1456 526 1753 596 προφητῶν
1781 535 1826 588 Α
1856 527 1922 597 di;

1677 526 1753 577 ῶν
1781 535 1826 588 Α
1856 527 2126 597 dignitate
2156 528 2413 581 enuntiat
2436 545 2449 592 ;
2469 526 2758 588 adesdum,
2787 526 3181 595 progibctarum
3206 529 3439 582 vocalis-

162 626 500 676 εὖτονὼτατε
538 625 632 676 καὶ
668 620 1154 693 μεγαλοφιονὸτατε
1189 618 1418 669 ἸΙσαῖα⁹
1456 616 1638 687 δεῦρο,
1668 616 1748 667 δί-

160 718 323 781 ὃιξσιν
369 719 519 784 ἡμᾶς
570 718 638 768 τὰ
689 714 953 785 μεγαλεῖα
1003 710 1100 763 τοῦ
1149 708 1319 761 θῗεοῦο
1379 708 1623 776 ῦμνησον
1662 707 1752 761 διὰ

161 809 259 859 τοῦ
314 809 635 876 Πνεῦματος
685 808 755 859 τὰ
800 802 1180 873 γεγενημένα·
1247 799 1621 871 προθέσπισον
1666 799 1753 851 ἵνα

163 901 412 971 ἀκουσθῇ
481 900 552 952 τὰ
612 899 968 969 μηνυόμενα’
1031 894 1385 961 δοξολόγησον
1445 891 1536 943 τὸν
1583 891 1753 960 φωτί-

166 994 333 1057 ζοντα
367 993 461 1055 οὓς
495 992 745 1061 βούλεται
767 1006 780 1019 ·
824 989 1217 1057 πιστοποίησαι
1251 989 1317 1055 τῇ
1350 983 1753 1054 προαγορεύσει

160 1083 230 1133 τὰ
266 1082 495 1138 ἄπιστα.
560 1081 747 1145 Ἰδοὺ,
792 1082 955 1148 φησιν
978 1121 991 1142 ,
1028 1080 1065 1143 ἡ
1116 1075 1419 1143 ΙΙιιρθένος
1445 1076 1516 1127 ἐν
1542 1074 1754 1144 γαστρὶ

161 1174 287 1236 ἕξει
309 1216 325 1239 ,
373 1177 465 1227 καὶ
511 1174 739 1235 τέξεται
772 1174 938 1234 υἱὸν,
986 1171 1085 1221 καὶ
1115 1166 1449 1220 καλέσουσι
1477 1166 1542 1219 τὸ
1568 1166 1757 1234 ὄνομα

161 1267 357 1320 αὑτοῦ
410 1265 820 1334 'la‘mmrovql.
885 1263 1026 1330 Λέγε
1076 1260 1267 1323 πάλιν,
1315 1260 1600 1328 προφῆτα,
1653 1256 1756 1325 τῆς

162 1359 262 1410 ἐπὶ
302 1361 521 1420 τούτοις
565 1357 877 1422 δοξολογίας
931 1355 1021 1406 τὸν
1060 1352 1261 1421 ῦμνον·
1302 1353 1508 1417 Κύριτι,
1550 1354 1583 1402 ό
1612 1350 1755 1412 Θεός

154 1449 555 1517 μουβοξάσω
577 1465 671 1511 σε,
691 1447 940 1515 ὑμνήσω
968 1444 1032 1497 τι)
1056 1442 1245 1510 ὄνομά
1270 1459 1410 1506 σου,
1443 1442 1531 1493 ὅτι
1556 1440 1757 1504 ἐποίη-

161 1557 287 1605 σιις
333 1541 651 1608 θαυμαστὰ
699 1536 1299 1607 πράηιατα,,ϐοιι.2ἰιν
1320 1534 1599 1601 ἀρχαίαν,
1616 1532 1757 1597 ἁλη-

159 1633 365 1698 (Mair.
425 1632 713 1692 Γένοιτο,
756 1631 949 1696 Κύριε.
1012 1628 1105 1689 Τίς
1148 1628 1204 1679 δὲ
1246 1621 1312 1695 ἦν
1349 1625 1556 1694 ἀρχαία.
1587 1622 1754 1692 βουλὴ

158 1723 261 1775 τοῦ
308 1722 447 1775 Θεοῦ
498 1723 594 1775 καὶ
640 1721 889 1793 Πατρός;
936 1719 1009 1771 Τὸ
1052 1718 1295 1785 σωθῆναι.
1339 1716 1547 1777 πάντας
1584 1714 1750 1783 ἡμᾶς.

171 1817 236 1867 ’0
261 1816 371 1883 γάρ
402 1815 461 1867 τὸ
486 1809 626 1867 εἶναι
654 1813 796 1875 δοὺς,
831 1811 947 1873 πῶς
976 1812 1076 1861 οὐκ
1106 1808 1171 1861 διν
1203 1807 1403 1878 μᾶλλον
1432 1806 1493 1858 τὸ
1521 1803 1582 1858 εὖ
1610 1799 1751 1857 εἶναι

1854 619 1992 672 sime
2017 619 2499 684 lsaia;adcsdum,
2526 621 2785 688 inquam;
2812 619 2950 672 doce
2976 634 3078 671 nos
3096 619 3190 671 Dei
3214 636 3432 688 magna-

1853 710 1964 775 lia;
1989 711 2274 779 landaper
2298 710 2570 780 Spiritqu
2592 712 2768 765 facta:
2798 712 2930 781 jube
2962 710 3145 764 audiri
3168 727 3289 778 qua:
3310 722 3439 765 sunt

1855 803 2197 867 tumtianda;
2230 818 2358 856 cum
2384 802 2655 872 gloriﬁca.
2687 803 2781 871 qui
2807 820 2946 871 quos
2974 804 3091 856 vult
3125 803 3434 857 illuminat:

1858 895 1962 949 lidc
2012 895 2320 966 majoribus
2351 934 2365 956 ,
2419 894 2784 964 praedictione
2816 903 3001 949 astruc
3039 896 3202 949 tidem
3253 913 3266 948 :
3307 896 3439 949 Em-

1856 983 2040 1052 inquit
2079 1026 2092 1046 ,
2134 983 2288 1053 l'irgo
2317 984 2524 1037 habebit
2576 985 2627 1035 in
2665 993 2834 1043 utero,
2880 991 2929 1034 et
2979 987 3154 1052 pariet
3196 985 3390 1038 Filium
3423 1026 3437 1047 ,

1855 1084 1904 1127 et
1924 1076 2176 1128 vorabunt
2203 1093 2389 1129 uouu'u
2407 1076 2522 1146 ejus
2542 1074 2861 1129 li'ummmu'l
2879 1077 3197 1132 '.Dicsodes
3214 1080 3438 1140 itermn,

1858 1169 2170 1235 propheta,
2220 1183 2390 1235 super
2442 1168 2567 1221 istis
2613 1168 2795 1220 laudis
2851 1168 3128 1221 canticum
3165 1187 3177 1222 :
3214 1169 3439 1221 Domiuc

1858 1256 1998 1307 Deus
2028 1273 2195 1319 uirus,
2248 1257 2675 1327 gloriﬁraﬁote;
2737 1257 2967 1312 lumIabo
3021 1276 3208 1312 nomen
3239 1271 3386 1312 tuum
3421 1278 3437 1324 ;

1857 1348 2110 1413 quoniam
2142 1348 2307 1414 feciin
2343 1345 2685 1399 mltuirubiles
2716 1362 2818 1411 res,
2851 1348 3128 1401 consilium
3160 1350 3438 1418 antiquum

1857 1451 2041 1487 t’t‘t'ttm
2077 1452 2095 1488 :
2131 1436 2520 1491 Fiut.Domiue
2555 1437 2599 1489 ⁸.
2648 1437 2937 1501 Quodnam
2981 1456 3116 1493 vero
3148 1441 3439 1505 antiquum

1856 1538 1977 1582 erat
2005 1528 2301 1583 consilium
2331 1529 2428 1583 Dei
2459 1539 2515 1583 ct
2536 1530 2716 1584 Patris
2744 1532 2767 1583 ἱ)
2817 1533 3016 1601 Utique
3052 1534 3303 1587 onutium
3335 1550 3438 1588 no-

1856 1630 2031 1674 strmn
2071 1622 2242 1675 salus.
2277 1621 2381 1687 Qui
2414 1623 2563 1675 cnim
2595 1622 2846 1678 dedisset
2880 1633 2940 1676 ιιι
2977 1641 3233 1680 essemus
3259 1665 3275 1688 ,
3338 1626 3436 1696 qui

1857 1728 1965 1765 non
2001 1713 2184 1780 potius
2209 1714 2448 1768 daturus
2474 1723 2615 1777 erat,
2646 1725 2705 1765 ut
2734 1714 2875 1768 bene
2904 1732 3176 1780 essemus,
3204 1718 3433 1787 [igtucn-

1860 1812 1973 1857 tmu
2008 1821 2168 1858 suum
2202 1805 2269 1857 ad
2327 1804 2617 1873 antiququ
2668 1805 3012 1862 domicilium
3066 1826 3333 1865 revocans
3377 1826 3441 1865 ac

158 1907 410 1970 δέδωκε,
474 1905 536 1957 τὸ
593 1904 722 1956 [διον
776 1900 1223 1967 ἀνακαλούμενος
1273 1898 1502 1967 πλάσμα
1556 1898 1648 1949 ἐπὶ
1692 1897 1752 1949 τὸ
1786 1885 1825 1938 Β
1857 1912 1920 1948 tn:

1692 1897 1752 1949 τὸ
1786 1885 1825 1938 Β
1857 1896 2102 1950 ιιιιιιιιιιιιί
2135 1896 2583 1950 observationem
2614 1939 2628 1961 ,
2680 1916 2779 1968 per
2805 1916 2971 1968 quam
3005 1902 3129 1956 vita:
3178 1903 3233 1955 in
3276 1903 3438 1957 nobis

158 1999 397 2066 ἀρχαῖον
426 1996 782 2065 ἐνδιαίτημα,
834 1994 929 2046 καὶ
958 1993 1055 2062 τὴν
1084 1992 1185 2059 τῆς
1215 1992 1435 2060 ἐντολῆς
1480 1990 1751 2060 φυλακὴν,

159 2091 229 2143 δι’
265 2092 333 2158 ἦν
385 2087 745 2158 άτελεύτητος
787 2089 844 2139 ἐν
879 2088 1011 2156 ἡμῖν
1047 2087 1079 2154 ὴ
1113 2085 1215 2153 τῆς
1245 2083 1392 2152 ζωῆς
1425 2082 1752 2149 ἐπαγγελία,

157 2185 231 2251 ἣν
257 2181 612 2249 ἀπολέσαμεν
635 2181 885 2243 εἰκότως,
914 2178 1012 2248 τὴν
1034 2176 1255 2244 ἐντολὴν
1282 2177 1357 2245 μὴ
1383 2174 1750 2243 φυλάξαντες

168 2274 346 2335 Ἀλλ’,
381 2267 427 2325 ὧ
460 2272 587 2326 θεία
634 2274 730 2324 καὶ
780 2271 1028 2340 μακαρία
1079 2268 1360 2336 ΙΙαρθένε,
1411 2270 1444 2335 ἡ
1487 2267 1624 2335 πρὸς
1657 2267 1752 2319 οὑ-

160 2365 331 2435 ρανδν
379 2363 721 2433 ἐκτεταμένη
754 2363 989 2431 κλίμαξ,
1027 2362 1061 2429 ἡ
1093 2360 1237 2428 πύλη
1268 2357 1361 2411 τοῦ
1390 2358 1745 2428 παραδείσου,

157 2459 191 2526 ἡ
230 2457 373 2527 πρὸς
402 2456 714 2526 ἀφθαρσίαν
745 2453 988 2515 εἴσοδος,
1044 2454 1078 2521 ὴ
1127 2451 1237 2502 τῶν
1269 2449 1578 2520 ἀνθρώπων
1614 2449 1752 2519 πρὸς

158 2549 295 2600 θεὸν
346 2548 541 2609 ’ένωσίς
574 2564 633 2598 τε
684 2546 779 2597 καὶ
825 2544 1126 2610 συνάφεια,
1180 2542 1246 2593 σὺ
1294 2544 1427 2610 ἡμῖν
1475 2539 1752 2609 ἐπισφρά-

155 2650 318 2698 γισον
355 2634 447 2684 τὸν
474 2632 633 2699 λόγον
652 2646 664 2662 ⁶
722 2632 781 2682 ὲν
805 2629 1029 2699 Χριστῷ
1051 2629 1228 2699 Ἰησοῦ
1252 2628 1330 2697 τῷ
1353 2628 1543 2698 Κυρίῳ
1564 2626 1756 2698 ἡμῶν,

155 2726 223 2779 δι’
254 2721 319 2779 οῦ
369 2728 465 2779 καὶ
530 2725 652 2796 μεθ’
692 2721 753 2779 οῦ
795 2725 873 2795 τῷ
910 2724 1083 2795 lla.th
1112 2726 1145 2794 ή
1174 2722 1303 2787 δόξα
1355 2722 1449 2775 καὶ
1502 2722 1563 2774 τὸ
1618 2723 1758 2791 κρά-

153 2840 280 2887 τος,
321 2824 421 2876 σὺν
468 2822 546 2893 τῷ
578 2822 832 2892 παναγίῳ
874 2822 968 2874 καὶ
1013 2819 1266 2888 ζωοποιῷ
1312 2819 1615 2889 Πνεῦματι,
1652 2818 1747 2870 νῦν

156 2920 256 2969 καὶ
288 2918 407 2981 ἀεὶ,
444 2918 539 2969 καὶ
570 2917 652 2979 εἰς
684 2917 815 2979 τοὺς
842 2915 1050 2978 αἰῶνας
1084 2914 1190 2968 τῶν
1216 2914 1450 2968 αίὼνων.
1488 2914 1682 2983 Ἀμήν.

788 3054 1011 3109 ΛΟΓΟΣ
1041 3052 1117 3111 Δ⁰.

168 3151 226 3203 Ἀ
235 3148 581 3224 ταστασίου
596 3148 615 3216 (
624 3146 676 3217 l)
693 3146 1062 3224 πατριάρχοιι
1087 3146 1753 3224 βεουπόνρεοις-ιιεγάίης

240 3221 627 3284 Ἀντιοχείας,
660 3218 792 3282 περὶ
850 3217 969 3268 τῶν
1004 3217 1190 3284 ἁγίων
1223 3217 1402 3281 τριῶν
1439 3219 1748 3281 Ἰεσσαριι-

222 3287 488 3349 κοστών,
517 3288 702 3340 πόθεν
728 3286 1148 3353 παρελάϐομεν
1172 3284 1505 3353 φυλάττειν
1538 3285 1747 3347 αὐτὰς,

232 3361 338 3410 καὶ
400 3357 492 3409 ὅτι
543 3359 597 3410 οι
644 3356 869 3419 ταύτας
926 3356 1403 3424 παραϐαίνοντες
1483 3370 1748 3422 παρανο-

216 3427 407 3496 μοῦσι
418 3443 472 3479 ν.

1856 1989 2189 2042 immortalis
2216 1991 2512 2059 promissio
2543 2002 2648 2055 est,
2675 2010 2842 2060 quant
2876 2003 2933 2047 et
2991 1996 3189 2049 merito
3236 1999 3438 2049 amise-

1856 2094 2063 2141 ramus,
2092 2096 2202 2132 non
2231 2091 2522 2135 servantes
2548 2083 2826 2151 ejusmodi
2862 2086 3213 2139 mandatum?
3249 2088 3381 2149 Sed,
3407 2104 3440 2141 ι)

1854 2170 2038 2223 divina
2079 2188 2143 2225 ae
2173 2172 2333 2225 beata
2375 2173 2560 2242 Virgo,
2615 2183 2841 2229 extensa
2883 2176 2953 2231 ad
3001 2179 3202 2232 coelum
3242 2180 3431 2243 scala;

1852 2263 2097 2332 paradisi
2156 2275 2361 2332 porta;
2409 2266 2722 2335 .ingrcssus
2782 2270 2850 2322 ad
2916 2270 3435 2339 incorruptionem;

1853 2355 2140 2408 hominum
2158 2358 2224 2410 ad
2258 2358 2428 2411 Deum
2456 2362 2589 2413 uuio
2616 2378 2681 2415 ac
2707 2364 3014 2425 consertio,
3043 2374 3098 2416 tu
3134 2366 3294 2418 nobis
3317 2381 3439 2418 scr-

1856 2448 2038 2502 monis
2085 2458 2205 2502 esto
2258 2451 2601 2520 signaculum
2635 2470 2649 2506 :
2686 2455 2741 2506 in
2769 2454 2997 2508 Christo
3027 2457 3155 2510 .li-su
3205 2458 3441 2511 llotuino

1860 2548 2083 2605 nostro,
2123 2558 2223 2610 per
2263 2560 2429 2612 quem
2476 2560 2542 2597 ac
2572 2560 2812 2613 quocum
2849 2548 3020 2614 gloria
3070 2566 3133 2601 ac
3194 2558 3442 2617 potestas

1864 2630 2012 2684 Patri
2029 2648 2155 2686 cum
2178 2644 2369 2688 sancto
2383 2651 2447 2689 ac
2463 2637 2513 2689 vi
2524 2637 2684 2691 vilico
2697 2637 2933 2706 Spiritu,
2956 2655 3102 2693 nunc
3118 2649 3173 2693 et
3196 2654 3437 2711 semper,

1866 2735 1923 2779 et
1952 2726 2007 2778 in
2034 2727 2236 2780 szecula
2267 2728 2615 2783 seculorum.
2643 2729 2837 2784 Amen.

2463 3057 2695 3114 SERMO
2752 3060 2840 3114 IV.

1860 3145 2135 3219 Anastasii
2182 3148 2507 3219 patriarcha;
2540 3148 2857 3219 Theopoleos
2898 3166 3109 3219 magna:
3127 3152 3440 3217 Antiochia,

1929 3217 1993 3268 de
2037 3218 2439 3289 sanctionibus
2465 3217 2901 3289 Quadrdgesimis
2925 3261 2939 3282 ,
2977 3217 3113 3273 unde
3147 3238 3235 3273 eas
3269 3224 3444 3273 obser-

1928 3302 2056 3363 uare
2083 3288 2401 3363 accepimus,
2459 3288 2699 3357 quodque
2732 3292 2822 3359 qui
2850 3306 2939 3343 eas
2983 3293 3445 3363 transgrediuntur

1929 3354 2095 3425 legem
2123 3356 2338 3411 violent.

1035 3515 1325 3587 (Cornea.
1352 3518 1555 3573 Eccles.
1585 3517 1755 3574 Crwc.
1789 3531 2116 3575 monument.
2151 3530 2190 3575 t.
2218 3522 2307 3586 lll,
2339 3538 2395 3593 p.
2427 3524 2577 3595 4‘25.)

228 3637 384 3690 Ἔδει
416 3636 515 3705 μὲν
540 3638 690 3705 ἡμᾶς
712 3634 1199 3701 ἐξακολουθοῦντας
1220 3640 1338 3699 ταῖς
1360 3636 1749 3699 ἀποπολικαῖς

152 3726 495 3796 παραδόσεσι
525 3727 619 3778 καὶ
644 3725 925 3789 διατάξεσι
944 3766 959 3790 ,
994 3726 1091 3778 καὶ
1120 3729 1240 3789 ταῖς
1271 3727 1384 3779 τῶν
1420 3726 1592 3795 ἁγίων
1634 3727 1748 3780 ηα-

148 3818 335 3887 τέρων
389 3817 547 3887 ἡμῶν
612 3818 914 3886 ἐγγράφοις
973 3816 1345 3885 νομοθεσίαις,
1407 3816 1482 3887 μὴ
1534 3816 1747 3870 δεῖσθαι

148 3909 423 3978 ζητήσεις
463 3911 560 3960 καὶ
606 3908 985 3978 εὑρεσιλογίας
1030 3909 1380 3977 ὲφευρίσκειν
1440 3908 1602 3972 κενὰς
1657 3908 1751 3961 καὶ

152 4000 427 4069 ματαίας,
461 3999 599 4070 πρὸς
654 4000 915 4069 ἀθέτησιν
963 3999 1071 4051 τῶν
1105 3999 1197 4051 ὑπ’
1229 3999 1455 4051 ἐκείνων
1507 3999 1753 4070 ὁρισθέν-

146 4109 283 4153 των,
324 4090 463 4144 ἀλλὰ
512 4090 808 4160 προσέχειν
862 4089 1106 4158 ἀκριϐῶς
1146 4092 1257 4151 τοῖς
1292 4091 1385 4142 ὑπ’
1415 4090 1596 4143 αὐτῶν
1637 4092 1750 4159 ὁρι-

150 4182 360 4243 σθείσι,
402 4180 463 4233 ἐν
498 4198 555 4234 τε
585 4184 701 4243 τοῖς
733 4180 946 4233 ἑαυτῶν
976 4179 1142 4242 θείοις
1171 4180 1426 4241 κανόσιν,
1466 4178 1523 4231 ἒν
1547 4196 1606 4231 τε
1636 4182 1751 4240 τοῖς

147 4272 578 4343 εὑρισκομένοις
601 4273 777 4339 ἁγίοις
802 4270 1011 4324 τούτων
1040 4270 1460 4340 συγγράμμασι,
1492 4269 1588 4323 καὶ
1630 4272 1752 4333 ταῖς

148 4366 217 4416 ἐκ
253 4363 625 4433 παραδόσεων
649 4362 856 4415 τούτων
891 4362 1073 4429 ἁγίαις
1108 4364 1339 4428 φωναῖς,
1362 4361 1464 4413 καὶ
1493 4362 1570 4422 ὡς
1612 4360 1749 4413 Θεοῦ

147 4453 344 4523 φωνὰς
385 4451 642 4523 ἡγεῖσθαι
682 4453 780 4506 καὶ
835 4452 1017 4505 σέϐειν
1049 4451 1240 4515 αὐτάς.
1288 4451 1428 4504 Ἀλλ’
1466 4451 1753 4521 ὲπείπερό

149 4544 461 4614 μισόκαλος
505 4545 600 4596 καὶ
632 4542 892 4596 ἀπατεὼν
920 4542 1166 4606 διάδολος
1185 4583 1199 4604 ,
1235 4544 1266 4595 ὁ
1304 4544 1397 4594 καὶ
1428 4541 1623 4612 πρώην
1650 4543 1752 4606 τὴν

142 4636 226 4707 τῷ
261 4634 690 4707 πρωτοπλάστῳ
713 4634 964 4689 δοθεῖσαν
995 4637 1053 4687 ὲν
1085 4634 1165 4704 τῷ
1192 4633 1506 4705 παραδείσῳ
1531 4632 1629 4701 τῆς
1654 4649 1750 4701 νη-

148 4728 348 4790 στείας
407 4726 631 4798 ἐντολὴν
695 4727 1099 4797 παραφθείρας,
1134 4729 1227 4780 καὶ
1280 4726 1478 4798 βρώσει
1542 4730 1609 4796 τῇ
1656 4726 1751 4779 τοῦ

149 4821 320 4885 ξύλου
376 4818 568 4872 τοῦτον
618 4819 919 4887 ὑπαγαγὼν
951 4822 1049 4871 καὶ
1085 4818 1364 4886 παραδοὺς
1406 4817 1482 4888 τῷ
1511 4818 1749 4886 θανάτῳ,

1922 3639 2034 3693 Nos
2086 3639 2315 3709 quidem
2362 3643 2613 3711 oportuit
2669 3645 2995 3713 apostolicis
3045 3647 3444 3706 traditéonibus

1852 3739 1908 3784 et
1940 3731 2456 3797 constitutionibus,
2497 3749 2933 3806 sane-torumque
2965 3739 3192 3793 Patrqu
3222 3751 3444 3795 nostro-

1855 3833 1977 3871 rum
2030 3820 2256 3888 scriptis
2308 3822 2697 3877 sanctionibus
2744 3824 3146 3894 obsequentes,
3182 3845 3441 3884 necessa-

1854 3906 1998 3960 rium
2031 3923 2141 3961 non
2179 3909 2386 3963 habere
2417 3912 2757 3979 quaestiones
2803 3914 2997 3970 inanes
3025 3928 3082 3971 ct
3125 3931 3441 3976 commenta

1853 4012 2169 4051 sermonum
2198 4016 2336 4053 vana
2359 4002 2697 4071 excogitare,
2723 4004 2791 4058 ad
2818 4004 3213 4062 inliciationem
3244 4027 3440 4065 eorum

1851 4105 1976 4158 quae
2030 4091 2100 4145 ab
2155 4091 2265 4145 illis
2300 4092 2523 4149 decreta
2580 4104 2749 4160 sunt;
2782 4098 2877 4151 sed
2913 4100 3101 4167 potius
3148 4104 3440 4158 attendere

1853 4179 2151 4249 diligenter
2190 4180 2261 4234 iis
2282 4196 2407 4249 quae
2446 4181 2821 4246 deﬁnierunt,
2849 4194 2965 4239 tum
3005 4188 3059 4241 in
3093 4190 3210 4243 suis
3236 4190 3444 4245 divinis

1853 4269 2186 4332 canonibus,
2224 4278 2339 4323 tum
2381 4271 2435 4324 in
2467 4273 2672 4328 sanctis
2709 4276 2826 4329 suis
2858 4276 3018 4332 libris
3056 4279 3151 4349 qui
3189 4296 3439 4346 exstant,

1852 4367 1910 4412 et
1938 4360 2147 4413 sanctis
2177 4361 2296 4413 suis
2335 4361 2573 4415 vocibus
2612 4364 2914 4421 traditione
2940 4370 3207 4438 acceptis,
3233 4388 3442 4440 easque

1855 4458 1916 4503 ut
1956 4451 2050 4505 Dei
2077 4466 2240 4505 voces
2266 4460 2465 4521 putare
2498 4469 2565 4508 ac
2596 4458 2878 4511 venerari.
2914 4460 3120 4513 Verum
3146 4462 3273 4530 quia
3308 4462 3438 4515 boni

1854 4556 1984 4595 osor
2002 4542 2502 4613 l'raudulentusque
2525 4546 2806 4611 diabolus,
2829 4550 2924 4618 qui
2950 4551 3230 4622 principio
3257 4555 3310 4606 in
3341 4570 3438 4623 pa-

1856 4634 2040 4687 radiso
2093 4634 2283 4688 datum
2342 4636 2525 4705 primo
2555 4638 2843 4694 hominum
2878 4653 3068 4696 creato
3112 4646 3438 4700 mandatum

1849 4724 2046 4794 jcjunii
2075 4724 2451 4791 labefactavit,
2482 4743 2726 4798 eumque
2760 4746 2859 4785 esu
2891 4733 3040 4787 illius
3073 4735 3205 4804 ligni
3236 4736 3441 4805 dejccit

1856 4832 1920 4869 ac
1950 4817 2115 4869 morti
2151 4816 2401 4881 tradidit,
2430 4835 2545 4872 non
2580 4822 3076 4894 ccssatbucusque
3108 4827 3436 4881 calumniari

145 4911 211 4963 οὐ
244 4908 493 4963 παύεται
533 4909 697 4979 μέχρι
748 4910 845 4979 τῆς
891 4909 1135 4980 σήμερον
1161 4908 1463 4963 διαΰάλλων
1495 4908 1563 4961 τά
1592 4907 1747 4979 παρὰ
1781 4897 1823 4952 Ῑ)
1852 4907 1907 4963 di

1676 4907 1747 4979 ρά
1781 4897 1823 4952 Ῑ)
1852 4907 2039 4963 divina
2073 4918 2348 4978 praecepta
2393 4926 2517 4979 quae
2549 4926 2581 4967 ιι
2625 4912 2739 4968 Deo
2769 4914 2979 4984 Deique
3025 4918 3163 4971 viris
3209 4928 3437 4988 propter

226 5046 249 5079 ⁸
274 5046 388 5100 lsa.
421 5059 514 5109 vn,
549 5046 616 5099 M
680 5046 702 5076 ⁸
728 5044 829 5099 lsa.
858 5046 990 5099 v.1.

216 5186 299 5257 (Ι)
348 5185 761 5240 Ἀναστασιόυ
798 5183 949 5257 ,περί
992 5181 1171 5257 τριῶν
1208 5180 1739 5257 Τεςρναρᾳκοσεῶις.

136 5251 393 5319 εἰιξειιυτ,
427 5270 742 5325 quanquam
796 5253 1179 5325 indiligentius
1209 5267 1239 5304 a
1270 5251 1567 5325 Theodoro
1616 5252 1743 5305 Bal-

138 5341 387 5382 samone
420 5322 652 5395 epistola
698 5324 766 5378 de
790 5324 1041 5395 jejuniis,
1076 5337 1243 5395 quam
1278 5322 1555 5395 superiori
1590 5333 1746 5395 tomo

134 5390 469 5458 edidimusi
502 5395 619 5456 ubi.
666 5390 1133 5463 quemadmodum
1179 5392 1246 5463 ad
1299 5390 1746 5463 Constitutiones

134 5466 513 5537 apostolicus,
543 5461 787 5537 diuinitus
828 5464 896 5517 de
930 5462 1171 5537 jejuuiis
1204 5461 1550 5537 _Graacor_um,
1582 5470 1637 5514 ct
1667 5462 1744 5537 de

134 5530 341 5591 eorum
386 5534 570 5588 tribus
604 5530 1074 5603 Quadragcsiinis,
1103 5532 1156 5603 in
1188 5530 1459 5603 Anastasii
1486 5532 1746 5603 quaestio-

137 5621 208 5661 ne
245 5608 343 5670 6.5,
382 5612 442 5658 et
491 5605 546 5657 in
579 5605 701 5656 loco
740 5600 965 5657 Joannis
999 5602 1157 5656 Citrii
1189 5601 1335 5670 apud
1367 5602 1629 5670 Allatium
1669 5600 1745 5652 De

137 5668 435 5750 Cou_:_e_us.,
464 5690 543 5734 ut,
570 5672 667 5750 19.;
696 5688 912 5750 net-non
950 5672 1005 5725 in
1037 5668 1319 5750 Typicth.
1356 5668 1533 5749 Salue,
1566 5670 1742 5750 μοι)

134 5756 197 5802 et
234 5746 383 5807 l35;
422 5754 591 5813 atque
627 5743 682 5795 in
713 5743 911 5813 morini
948 5739 1196 5809 antiquis
1229 5739 1739 5813 Pmnitcntialibus,

137 5830 198 5885 ι).
226 5815 325 5881 89,
360 5809 722 5882 115.’Νειιιιο
764 5812 974 5867 Latinis
1000 5813 1299 5868 dcl’ucrunt
1337 5818 1448 5864 tres
1486 5809 1727 5875 Quadra-

1886 5184 2074 5260 esimae
2124 5199 2260 5260 suae,
2311 5186 2669 5260 ex__c_oncilio
2700 5186 3076 5260 Triburiensi.
3104 5190 3439 5260 Capitulari-

1895 5270 1979 5314 us,
2022 5255 2323 5329 Amalario,
2362 5255 2599 5329 aliisque
2649 5258 2985 5329 testimoniis
3036 5277 3134 5329 per
3168 5255 3320 5319 viros
3341 5269 3438 5319 do-

1853 5332 1973 5377 ctos
2003 5327 2345 5399 coacervatis
2374 5326 2699 5381 notissimae.
2741 5327 2980 5399 Proinde
3013 5326 3170 5399 juxta
3225 5350 3437 5389 morem

1854 5408 2015 5469 suum
2045 5394 2245 5469 callide
2275 5395 2850 5469 llicronymus,cpist.
2879 5400 2967 5463 54,
2993 5394 3061 5452 ad
3099 5402 3432 5469 Marcellano,

1854 5464 2125 5537 adversus
2164 5463 2508 5537 Montanum,
2544 5484 2561 5515 ι
2593 5463 2955 5537 Νοεζὶιιιιυὶι,
2990 5485 3156 5523 unam
3191 5463 3437 5537 Quadra;

1854 5534 2118 5601 gcsimam
2149 5535 2455 5589 secundum
2490 5534 2849 5590 traditionem
2883 5534 3283 5606 apostolorum.
3321 5554 3436 5599 toto

1852 5618 2019 5677 anno,
2058 5614 2308 5677 tempore
2339 5606 2502 5677 nobis
2536 5622 2809 5677 congruo,
2837 5609 3176 5677 jejunainus,
3211 5612 3289 5665 illi
3324 5626 3436 5669 tres

1853 5673 1907 5753 in
1946 5690 2093 5753 anno
2145 5674 2359 5728 I‘aeiunt
2397 5673 3068 5753 Qua_dragesimas,'qu:tsi
3120 5688 3230 5733 tres
3289 5687 3435 5753 passi

1850 5742 1965 5797 sint
1988 5744 2326 5817 Salvatorcs,
2361 5759 2471 5798 etc.
2505 5742 2643 5799 Vide
2662 5742 3209 5817 eumdem-magnum
3239 5742 3435 5810 docto-

1852 5829 1966 5869 rem
1997 5814 2065 5868 ad
2103 5815 2283 5886 Aggzei
2320 5823 2489 5885 caput
2512 5830 2553 5881 ι,
2581 5824 2639 5870 et
2666 5816 2735 5870 ad
2769 5818 3008 5873 Mattbwi
3044 5814 3166 5889 cap.
3195 5836 3267 5876 ix.
