4462 6440
156 453 284 515 1297

960 456 1217 516 SERMO
1260 458 1353 517 IV.
1386 481 1458 495 --
1484 458 1583 517 DE
1620 459 1904 520 TRIBUS
1944 462 2593 533 QUADRAGESIMIS.

3278 464 3414 527 1398

149 568 379 629 κοῦ-πᾶς
398 586 453 619 σε
480 585 493 597 ·
514 566 631 621 εἶτα
657 570 1073 642 είσελεύση,καὶ
1096 572 1353 641 ἀπολήψῃ
1376 573 1467 624 τὸν
1500 574 1731 641 ήτοιμα-
1759 576 1803 628 Α
1837 574 1910 644 inj

1650 589 1731 625 ια·
1759 576 1803 628 Α
1837 574 2037 644 injuria
2087 575 2325 629 all‘ecere
2385 578 2629 640 vexasti,
2672 584 2867 645 postea
2924 576 3203 642 i-ntroibis,
3248 587 3412 647 atque

152 661 349 726 σμένον
375 677 456 710 σοι
484 660 664 714 τόπον.
686 663 1024 729 ’Λνενεγκὼν
1046 664 1102 715 δὲ
1126 666 1220 716 καὶ
1242 665 1367 727 τοῦς
1385 665 1734 733 κατενεχθέν-

148 764 244 809 τας
270 752 329 800 ἐν
346 749 423 818 τῷ
445 752 567 820 ᾄδῃ,
592 752 825 820 ἁνῆλοεν
846 758 925 816 εἰς
951 755 1240 825 οὐρανούς·
1260 751 1380 809 εἶτα
1399 756 1733 809 διεστείλατο

148 844 174 891 ὸ
199 842 465 905 φίλιππος
497 844 572 913 τῷ
604 846 993 918 Βαρθολομαίῳ
1023 849 1115 900 καὶ
1141 852 1207 918 τῇ
1240 849 1563 920 Μαριὰμνῃ,
1592 849 1732 901 ὥστε

149 934 322 985 εἰπεῖν
340 934 581 1006 Ἰακώϐῳ
605 939 698 991 καὶ
718 942 830 1002 τοῖς
852 941 1062 1004 λοιποῖς
1086 942 1423 1004 ἀποστόλοις,
1441 941 1734 1008 νηστεῦσαι

150 1027 241 1075 καὶ
288 1028 697 1094 προσεύξασθαι
739 1033 869 1100 περὶ
905 1032 1096 1093 αὐτοῦ,
1131 1033 1549 1101 τεσσαράκοντα
1586 1032 1733 1100 ἡμέ-

152 1132 271 1181 ρας.
309 1119 418 1170 Καὶ
450 1118 624 1183 οὕτως
655 1124 704 1174 οἱ
736 1124 1024 1176 ἀπόστολοι
1063 1127 1200 1176 πᾶσι
1229 1129 1340 1187 τοῖς
1372 1127 1582 1185 πιστοῖς
1612 1140 1736 1176 τεσ-

151 1210 464 1276 σαράκοντα
512 1215 736 1282 ἡμερῶν
783 1216 1040 1284 νηστείαν
1080 1218 1173 1269 καὶ
1204 1216 1518 1286 προσευχὴν
1551 1216 1735 1285 διωρί·

152 1315 337 1353 σαντο.
375 1303 481 1354 Καὶ
508 1306 785 1375 ἐφυλάχθη
822 1309 972 1375 παρὰ
996 1307 1101 1359 τῶν
1131 1309 1304 1375 ἁγίων
1336 1310 1597 1370 [Ιατέςων
1640 1307 1738 1359 καὶ

148 1392 255 1442 τῶν
299 1392 345 1455 ζ’
382 1397 779 1464 οἰκουμενικὼν
835 1401 1089 1452 συνόδων.
1151 1401 1261 1452 Καὶ
1305 1399 1734 1469 ὲνενομσιοετὴοη

148 1486 269 1553 οὐχὶ
302 1487 465 1540 πέντε
488 1490 520 1554 ἦ
543 1491 688 1542 ὀκτὼ
718 1492 750 1561 ἢ
777 1493 1033 1556 δέκαὴτιε
1046 1493 1151 1561 ρῶν
1182 1494 1428 1561 νηστεία,
1461 1493 1596 1545 ἀλλὰ
1613 1508 1736 1544 τεσο

152 1580 486 1645 σαρᾱικοντα.
512 1582 631 1633 Τῶν
655 1583 890 1654 Χριστοῦ
915 1586 1118 1651 γέννων
1144 1585 1197 1638 δὲ
1224 1586 1458 1652 λέγεται,
1477 1586 1558 1637 ὅτι
1582 1585 1638 1635 ἐν
1661 1583 1739 1653 τῷ

149 1669 296 1720 τέλει
346 1672 455 1722 τῶν
512 1682 563 1740 μ’
625 1676 848 1744 ἡμερῶν
896 1676 1200 1745 συνέφῦασε
1236 1678 1331 1730 καὶ
1372 1678 1406 1745 ὴ
1466 1677 1737 1744 ,σωτήριος

151 1760 412 1829 γέννησις
463 1765 557 1815 τοῦ
604 1767 808 1837 Κυρίου
829 1770 985 1837 ἡμῶν
1024 1768 1200 1837 Ἰησοῦ
1230 1768 1490 1836 Χριστοῦ.
1515 1767 1622 1819 Καὶ
1651 1765 1732 1832 γίο

150 1872 304 1905 νεται
338 1856 434 1907 δύο
461 1860 527 1910 τὰ
556 1861 717 1914 καλά.
753 1862 1076 1932 ΙΙληροῦμεν
1101 1863 1211 1932 γὰρ
1240 1862 1338 1931 τὴν
1360 1861 1471 1913 τῶν
1512 1860 1739 1913 ἀποστό-

151 1945 255 1997 λων
284 1950 606 2017 παράὼσιν,
637 1956 728 2005 καὶ
759 1954 1245 2024 προκαοαιρὸμεοα
1274 1956 1352 2016 εἰς
1378 1953 1619 2022 ὑπαντὴν
1643 1952 1738 2003 καὶ

153 2042 530 2111 προσκύνησιν
579 2045 671 2097 τοῦ
717 2048 780 2097 ἐκ
827 2046 926 2115 τῆς
953 2047 1113 2113 ἁγίας
1159 2047 1425 2099 Θεοτόκου
1465 2045 1559 2097 καὶ
1601 2045 1741 2095 ’Λει-

153 2132 430 2197 πῖιρθένυυ
508 2137 845 2205 ἁρῤυπέιρως
906 2140 1000 2191 καὶ
1071 2140 1329 2209 ἁῤῥήτως
1385 2133 1740 2204 γεννηθέντος

162 2226 344 2292 Ἰησοῦ
374 2228 608 2295 Χριστοῦ
642 2228 734 2280 τοῦ
771 2231 975 2297 Κυρίου
998 2230 1175 2299 ἡμῶν.
1270 2224 1273 2229 ’

230 2316 298 2368 'll
332 2317 389 2368 δὲ
423 2319 557 2387 μετὰ
582 2320 680 2388 τὴν
714 2322 1096 2389 Πεντηκοστὴν
1128 2320 1354 2389 νηστεία
1411 2320 1551 2389 αῦτη
1591 2319 1741 2372 ἐστὶν

150 2409 183 2475 ἡ
214 2409 271 2458 ὲν
308 2412 432 2471 ταῖς
470 2412 757 2475 Διατὰξεσι
802 2412 912 2464 τῶν
944 2414 1117 2481 ἁγίων
1142 2413 1459 2465 ἀποστόλων
1484 2410 1737 2481 ρηοεῖσα.

150 2503 286 2552 φασὶ
325 2502 436 2571 γὰρ
469 2504 527 2554 ἐν
553 2504 803 2567 ταύταις,
830 2506 913 2557 ὃτι
943 2525 959 2556 ι
1004 2505 1159 2558 Μετὰ
1204 2507 1305 2575 τὴν
1359 2503 1743 2573 Πεντηκοστὴν

151 2594 459 2663 ἑορτάσατε
487 2596 759 2667 ἑϐδομάδα
790 2599 942 2664 μίαν,
971 2601 1067 2652 καὶ
1105 2599 1223 2668 μετ’
1263 2598 1483 2667 ἐκείνην
1505 2596 1741 2666 νηστεύ-

153 2703 306 2739 σατε.
346 2688 565 2740 Δίκαιον
635 2690 742 2760 γὰρ
806 2692 1180 2761 εὐφρανθῆναι
1235 2692 1329 2742 ἐπὶ
1373 2692 1439 2761 τῇ
1471 2689 1567 2742 τοῦ
1605 2687 1741 2741 Θεοῦ

150 2775 356 2843 δωρεᾷ,
393 2778 487 2828 καὶ⁵
529 2780 665 2846 μετὰ
719 2779 818 2849 τὴν
864 2781 1053 2834 ἄνεσιν
1104 2779 1423 2849 νηστεῦσαι.
1470 2780 1578 2832 Καὶ
1633 2778 1743 2847 γὰρ

153 2870 243 2919 καὶ
272 2869 522 2937 Μιυῡσῆς
553 2872 648 2923 καὶ
689 2871 878 2933 Ἠλίας
918 2872 1251 2941 ἑνήστευσαν
1280 2869 1496 2941 ἡμέρας
1542 2884 1742 2919 τεσσα-

154 2960 421 3029 ράκοντα,
451 2962 543 3013 καὶ
587 2962 788 3032 Δανιὴλ
829 2962 1132 3032 ἑϐδομάδας
1168 2964 1319 3031 τρεῖς
1353 2961 1520 3029 ἄρτον
1552 2959 1742 3011 ἐπιου-

155 3053 297 3120 μιῶν
332 3054 431 3105 οὐκ
461 3054 655 3123 ἔφαγε,
681 3057 773 3108 καὶ
802 3056 972 3125 κρέας
998 3095 1012 3116 ,
1048 3058 1144 3107 καὶ
1178 3051 1316 3114 alvo;
1349 3055 1451 3106 οὐκ
1489 3051 1743 3122 εἰσῆλοεν

152 3146 230 3205 είς
250 3146 319 3195 τὸ
338 3145 516 3213 στόμα
542 3146 733 3199 αὐτοῦ.
757 3166 777 3199 ι
813 3147 1169 3217 Ίεὶνηστεύετο
1190 3144 1485 3214 τοιγαροῦν
1508 3146 1541 3214 ὴ
1559 3144 1744 3197 τοιαύ-

1838 676 2203 734 praeparatum
2234 668 2332 721 tibi
2365 669 2544 722 locum
2570 669 2825 739 recipies.
2864 688 2880 720 ι
2915 669 3054 722 Tum
3095 684 3189 721 eos
3224 670 3317 737 qui
3359 670 3414 723 in

1834 756 2112 812 infernum
2173 760 2398 813 deducti
2446 761 2663 815 fuerant
2711 763 3006 824 reducens,
3059 762 3308 814 ascendit
3360 762 3415 815 in

1834 851 2026 905 cmlos.
2065 852 2259 906 l‘ostea
2324 853 2616 922 Philippus
2680 854 2959 907 mandavit
3016 853 3416 907 Bartholomzeo

1834 959 1897 997 ac
1946 943 2277 1007 Mariaunue,
2306 946 2489 999 dicere
2521 945 2725 1001 Jacobo
2772 946 3097 1014 «ueterisque
3128 944 3415 1014 apostolis,

1837 1045 1898 1088 ut
1938 1052 2039 1105 pro
2083 1052 2150 1089 eo
2200 1038 2513 1107 jejuuarent
2550 1055 2613 1093 ac
2660 1049 2886 1092 orarent
2917 1054 3012 1107 per
3049 1038 3416 1108 quadraginta

1837 1129 1974 1183 dies.
2008 1131 2182 1199 Atque
2215 1132 2287 1184 ita
2332 1132 2562 1199 apostoli
2611 1132 2978 1202 quadraginta
3023 1130 3240 1184 dierum
3276 1131 3418 1200 jeju-

1839 1222 1991 1275 nium
2031 1231 2088 1275 et
2112 1238 2306 1291 preces
2326 1223 2545 1276 cunctis
2580 1223 2839 1276 ﬁdelibus
2874 1230 3215 1275 statuerunt.
3250 1222 3419 1289 quue

1837 1324 2115 1367 servatum
2149 1314 2253 1367 l'nit
2286 1332 2316 1367 a
2344 1314 2551 1367 sanctis
2576 1313 2855 1376 l‘atribus,
2888 1322 2944 1367 et
2986 1322 3200 1382 septem
3236 1312 3420 1366 conci-

1836 1404 1927 1458 liis
1988 1406 2358 1475 generalibus.
2392 1406 2570 1474 Atque
2626 1404 2915 1458 decretum
2969 1403 3073 1457 fuit
3122 1402 3417 1473 jejunium,

1839 1512 1948 1550 non
1999 1498 2267 1566 quinque,
2299 1498 2383 1549 vel
2439 1508 2587 1558 octo,
2625 1505 2722 1550 aut
2770 1495 2963 1549 decem
3018 1494 3256 1557 dierum,
3322 1492 3418 1548 sed

1840 1588 2223 1657 quadraginta.
2259 1586 2496 1641 Vocatur
2559 1598 2745 1644 autem
2793 1587 3002 1642 Natalis
3029 1585 3233 1640 Christi
3272 1586 3419 1655 jeju-

1842 1680 2017 1741 nium,
2055 1679 2183 1749 quia
2227 1679 2281 1732 in
2326 1678 2432 1733 ﬁne
2479 1680 2699 1733 dierum
2763 1678 3127 1748 quadraginta
3176 1677 3421 1730 occurrit

1843 1774 2101 1828 salutaris
2158 1774 2432 1829 Nativitas
2470 1772 2707 1826 Domini
2761 1772 2933 1825 nostri
2998 1772 3128 1825 Jesu
3188 1768 3417 1824 Christi.

1845 1868 2075 1935 linoque
2118 1866 2259 1918 bona
2292 1870 2651 1933 peraguntur.
2685 1860 2820 1916 Nam
2858 1861 3218 1929 exsequimur
3252 1858 3423 1912 tradi—

1845 1958 2049 2011 tionem
2104 1956 2506 2025 apostolorum,
2559 1955 2836 2021 simulqne
2896 1967 3314 2021 prmpurgamur
3365 1949 3417 2004 in

1840 2063 2134 2103 occursum
2164 2058 2221 2102 et
2248 2048 2630 2101 adorationem
2658 2047 2787 2101 Jesu
2829 2044 3036 2100 Chriin
3066 2044 3284 2097 Domini
3320 2060 3420 2095 no-

1841 2142 1962 2203 stri,
1993 2144 2087 2210 qui
2110 2156 2176 2193 ex
2201 2149 2387 2195 sancta
2421 2140 2512 2193 Dei
2536 2139 2814 2194 Genitrice
2838 2153 3168 2208 semperque
3210 2135 3422 2205 virgine

1842 2234 2049 2302 absque
2067 2232 2277 2285 macula
2300 2240 2356 2285 et
2386 2231 2746 2285 inetTabilitcr
2771 2239 2935 2284 natus
2958 2237 3061 2283 est.

1910 2324 2184 2379 Cic-terum
2246 2322 2393 2392 quod
2451 2321 2811 2390 subsequitur
2867 2321 3233 2375 Pentecosten
3277 2319 3423 2389 jeju-

1842 2417 1995 2471 nium
2021 2415 2199 2483 ipsum
2231 2423 2315 2468 cst
2343 2414 2411 2468 de
2446 2429 2556 2483 quo
2605 2413 2787 2483 agitur
2826 2412 2879 2465 in
2912 2410 3423 2466 Coustitutionibus

1843 2514 2162 2558 sanctorum
2214 2502 2611 2570 apostolorum.
2660 2500 2832 2554 Aiunt
2885 2499 3089 2568 quippe
3145 2498 3200 2551 in
3258 2497 3419 2551 illis:

1849 2613 1865 2645 ι
1909 2596 2035 2649 Post
2063 2594 2450 2657 I‘entecosten,
2477 2593 2759 2647 celebrate
2793 2590 3199 2645 hebdomadam
3230 2605 3421 2650 unam.

1842 2695 1899 2742 et
1931 2694 2052 2756 post
2080 2685 2226 2739 illam
2248 2685 2516 2755 jejunatc.
2546 2683 2785 2754 [Equum
2808 2683 2958 2737 enim
2977 2691 3083 2744 est,
3120 2690 3180 2735 ut
3208 2679 3277 2735 de
3304 2695 3426 2733 mu-

1845 2796 1975 2834 nere
2003 2779 2098 2832 Dei
2142 2777 2428 2839 hetcmini,
2464 2793 2528 2830 ac
2562 2786 2685 2845 post
2718 2775 3104 2830 remissionem
3130 2772 3421 2842 jejunctis.

1845 2871 2129 2941 Siquidem
2148 2869 2362 2940 Moyses
2390 2876 2446 2923 et
2474 2869 2624 2922 Elias
2642 2868 3037 2939 jejunaveruut
3064 2864 3428 2936 quadraginta

1844 2963 2082 3027 diebus;
2115 2968 2171 3016 et
2204 2961 2390 3015 Daniel
2426 2961 2605 3015 tribus
2649 2958 3013 3015 hebdomadis
3039 2953 3238 3027 panem
3278 2955 3428 3011 desi-

1844 3054 2128 3109 deriorum
2157 3068 2266 3106 non
2316 3051 2594 3115 comedit,
2647 3060 2704 3107 et
2762 3067 2889 3106 caro
2940 3066 3006 3104 ac
3063 3036 3254 3103 vinum
3317 3063 3427 3102 non

1848 3145 2183 3199 introierunt
2231 3145 2285 3197 in
2348 3158 2412 3198 os
2464 3145 2585 3213 ejus
2620 3144 2660 3196 ".
2699 3163 2717 3194 ι
2752 3142 3115 3212 Jejunabatur
3144 3155 3277 3210 ergo
3326 3139 3431 3193 hoc

151 3253 219 3305 τη
285 3238 542 3306 νηστεία,
582 3240 745 3308 μέχρι
784 3239 883 3309 τῆς
936 3240 1247 3308 κοιμήσεως
1276 3239 1377 3307 τῆς
1421 3238 1689 3291 Θεοτόκου
1725 3251 1739 3266 °
1770 3266 1814 3324 ο
1843 3238 1913 3307 jcj

1669 3255 1689 3288 J
1725 3251 1739 3266 °
1770 3266 1814 3324 ο
1843 3237 2137 3307 jejunium,
2170 3252 2347 3305 usque
2376 3236 2444 3288 ad
2473 3234 2869 3289 Dormitionem
2913 3249 3016 3288 seu
3042 3234 3272 3287 Mortem
3307 3231 3431 3286 Dei-

154 3330 259 3383 ύπὸ
287 3332 345 3384 δὲ
376 3334 488 3384 τῶν
513 3334 687 3401 ἁγίων
729 3335 989 3404 ῐΙατέρων
1025 3334 1092 3387 δι’
1118 3334 1433 3403 οἰκονομίαν
1462 3332 1703 3401 ἐξεκόπη
1728 3347 1742 3360 ·

154 3425 213 3476 τὶ
232 3426 357 3494 μὲν,
378 3425 467 3477 διὰ
493 3426 550 3477 τι
569 3435 591 3461 ι
617 3426 1031 3495 παρεμπίπτειν
1046 3427 1165 3488 ταῖς
1181 3424 1421 3486 ὲΟνικαίς
1443 3424 1743 3494 νηστείαις,

158 3516 270 3586 ἠως
325 3518 654 3588 ’Λρμενίων,
703 3517 1058 3579 Ἰακωϐιτῶν,
1096 3517 1498 3587 Νεστοριανῶν,
1565 3514 1646 3567 ἔτι
1691 3513 1748 3566 δὲ

156 3612 428 3670 πολλάκις
462 3612 555 3661 καὶ
595 3610 955 3680 Ἰσμαηλιτῶν
983 3626 996 3637 °
1037 3610 1098 3662 τι
1132 3610 1211 3670 δὲ,
1243 3609 1319 3672 ὼς
1340 3609 1536 3675 ἔμοιγε
1572 3622 1744 3659 κατα-

159 3701 439 3769 φαίνεται,
474 3703 568 3753 καὶ
592 3701 679 3753 διὰ
718 3702 818 3769 τὴν
849 3701 1148 3770 ὀλιγωρίαν
1183 3702 1279 3753 καὶ
1330 3701 1391 3752 τὸ
1423 3697 1746 3768 ἀπρόθυμον

159 3793 267 3845 τῶν
300 3792 629 3862 ἀνθρώπων.
679 3791 966 3862 Ἐτυπώοη
996 3793 1077 3854 δὲ,
1106 3793 1235 3861 ἄχρι
1267 3791 1364 3857 τῆς
1395 3791 1591 3858 ἑορτῆς
1638 3786 1749 3839 τῶν

161 3884 337 3951 ἁγίων
383 3884 697 3937 ἀποστόλων
741 3884 1024 3953 νηστεύειν
1048 3900 1062 3914 °
1096 3882 1196 3936 εἶθ’
1243 3882 1415 3944 οὓτως
1455 3879 1700 3933 ἐπιλύειν
1732 3895 1744 3907 '

162 3972 285 4028 εἶτα
317 3976 419 4028 ἀπ’
449 3976 622 4045 ἀρχῆς
651 3974 967 4039 Αὐγούστου
991 3973 1302 4045 νηστεύειν,
1335 3974 1467 4043 ἄχρι
1487 3972 1589 4041 τῆς
1615 3973 1745 4024 Κοι-

165 4068 393 4135 μήσεως
441 4067 541 4134 τῆς
561 4066 851 4131 Θεοτὸκου,
883 4067 981 4119 καὶ
1007 4067 1171 4120 πάλιν
1204 4063 1467 4128 διαλύειν,
1497 4064 1593 4115 καὶ
1625 4063 1748 4116 τότε

162 4157 397 4225 ἔχοντας
444 4157 847 4227 παρακέλευσιν
904 4159 969 4212 ὲκ
1007 4157 1117 4212 τῶν
1148 4154 1524 4211 ἀποστολικῶν
1552 4155 1747 4209 Διατὰ-

164 4247 220 4313 ξε
227 4264 326 4301 ων.

234 4501 255 4532 ⁷
294 4499 426 4556 Lib.
467 4514 523 4566 ν,
546 4514 668 4572 cap.
701 4500 804 4556 ult.

1848 3344 1992 3398 para:
2022 3347 2036 3393 ;
2073 3344 2265 3383 verum
2295 3343 2326 3381 a
2361 3327 2570 3381 sanctis
2618 3326 2883 3381 Patribus
2916 3341 3015 3395 per
3065 3322 3430 3380 moonomiam

1850 3430 1907 3475 et
1930 3419 2397 3489 dispensationem
2426 3419 2752 3472 intercisum
2778 3426 2863 3472 est
2897 3458 2912 3481 ,
2952 3417 3153 3486 partim
3175 3415 3305 3484 quia
3341 3414 3396 3467 in
3417 3443 3431 3453 -

1850 3511 2112 3567 currebat
2159 3511 2214 3565 in
2264 3511 2472 3581 jejunia
2515 3511 2770 3574 ethnica,
2840 3524 2937 3564 seu
3005 3507 3431 3571 Armeniorum,

1846 3603 2254 3667 Jacobitarum,
2270 3602 2751 3665 Nestorianorum,
2771 3599 3062 3669 adhucquc
3097 3612 3241 3667 saape
3264 3597 3432 3651 etiam

1850 3695 2250 3749 Ismaelitarum
2277 3712 2291 3757 ;
2323 3693 2545 3763 partim,
2574 3709 2695 3746 mea
2720 3692 2946 3761 quidem
2975 3691 3273 3755 sententia,
3309 3704 3435 3761 pro-

1860 3798 1982 3857 pter
2031 3787 2317 3839 hominum
2363 3786 2755 3856 negligentiam
2807 3785 3092 3853 animique
3145 3783 3435 3837 relaxatio-

1856 3894 2005 3933 ncm.
2051 3877 2335 3931 Sancitum
2388 3883 2574 3929 autem
2606 3875 2732 3939 fuit,
2762 3890 2938 3944 usque
2968 3873 3037 3928 ad
3072 3873 3271 3927 festum
3306 3888 3436 3927 san-

1853 3980 2072 4025 ctorum
2094 3970 2467 4040 apostolorum
2485 3970 2737 4039 jejunare
2759 3986 2773 4033 ;
2798 3970 2987 4036 sicque
3009 3977 3198 4037 postea
3220 3966 3433 4020 solvere

1850 4060 2120 4130 jejunium
2152 4077 2167 4124 ;
2202 4058 2329 4111 dein
2375 4057 2444 4111 ab
2494 4057 2651 4111 initio
2686 4056 2915 4126 Augusti
2950 4058 3201 4126 jejunare
3260 4069 3436 4123 usque

1856 4153 1924 4207 ad
1955 4151 2177 4205 Obilum
2213 4151 2490 4219 Deiparar;
2527 4150 2842 4217 iterumque
2871 4149 3088 4203 solvere
3117 4148 3431 4218 jejunium,

1856 4246 2023 4300 etiam
2079 4252 2211 4298 tunc
2254 4245 2408 4314 juxta
2476 4240 2914 4299 admonitionem
2956 4240 3433 4297 Constitutionum

1859 4338 2308 4409 apostolicarum.

1472 4613 1699 4669 VAlll/E
1732 4612 2022 4671 LECTION
2032 4612 2134 4669 ES.

242 4744 433 4806 ισυμ,
