4462 6440
156 412 284 476 1401

1165 426 1617 487 EXPLICATIO
1661 428 1866 488 “DEI
1907 431 2416 506 ORTIIODOXJE.

3278 438 3417 500 1402

153 528 344 599 θεότης
376 531 435 580 ἐν
459 533 640 598 τρισὶν
676 532 1040 586 ύποστὰσεσιν
1066 536 1335 605 ὁρίζεται,
1379 539 1473 591 καὶ
1518 538 1613 606 μία
1642 540 1733 590 ού-
1765 546 1806 598 Α
1834 553 1915 596 est

1652 540 1733 590 9-5-
1765 546 1806 598 Α
1834 553 1918 596 est
1950 563 2093 604 unus
2126 552 2292 617 Deus,
2325 567 2382 611 et
2423 558 2586 613 unica
2617 556 2795 612 deitas
2827 554 2881 608 in
2924 553 3103 608 tribus
3161 552 3414 624 hyposta-

158 623 271 681 σία,
308 624 403 674 καὶ
432 623 701 692 βασιλεία,
733 626 826 677 καὶ
846 625 1106 695 δύναμις,
1142 630 1236 681 καὶ
1269 630 1449 697 φύσις.

224 806 340 858 Καὶ
384 807 438 858 τί
473 809 623 861 ἐστιν
653 809 812 864 οὐσία
839 828 853 875 ;

221 899 379 968 Ιιρᾶγ
394 917 469 967 μα
514 900 923 973 αύθύπαρκτον,
961 905 1038 976 μὴ
1074 905 1331 976 δεόμενον
1371 906 1561 977 ἑτέρου
1602 907 1738 977 πρὸς

147 990 252 1058 τὴν
278 992 476 1044 ἑαυτοῦ
504 993 786 1049 σύστασιν.

225 1082 295 1133 Τί
326 1084 443 1135 ἐστι
474 1086 635 1153 φύσις
661 1105 676 1153 ;

225 1174 304 1226 Τὸ
322 1175 614 1230 καθολικὸν
635 1183 869 1251 πρᾶγμα
903 1183 996 1235 καὶ
1026 1200 1093 1235 πε
1102 1200 1379 1253 ριεκτικον
1402 1182 1512 1235 τῶν
1531 1183 1622 1235 ὑπ’
1642 1184 1740 1236 αύ-

152 1269 256 1337 τὴν
282 1269 659 1328 ύποστάσεων.
700 1275 767 1326 Ἢ
798 1273 990 1338 οὕτως·
1033 1276 1269 1346 Ἀληθὴς
1299 1274 1532 1346 ὖπαρξις
1559 1292 1742 1345 πραγο

156 1364 351 1431 μάτων
377 1383 390 1395 ο
422 1365 498 1429 ώς
542 1363 687 1421 εἶναι
716 1368 926 1434 οὐσίαν,
967 1369 1156 1437 φύσιν,
1191 1371 1430 1443 μορφὴν,
1460 1371 1517 1422 ἒν
1544 1372 1640 1423 καὶ
1678 1368 1741 1420 τὸ

153 1457 296 1510 αὐτὸ
331 1460 586 1529 πρᾶγμα.

229 1550 419 1611 Πόσας
453 1549 783 1614 ὑποστάσεις
843 1552 938 1603 ἐπὶ
964 1553 1065 1622 τῆς
1115 1551 1383 1619 Θεότητος
1418 1549 1740 1619 ὁμολογεῖς;

228 1642 420 1710 Τρεῖς,
446 1642 687 1712 Πατέρα,
713 1642 864 1708 Υἱδν,
894 1644 987 1696 καὶ
1014 1643 1169 1712 ἅγιον
1208 1642 1451 1712 Πνεῦμα.

230 1823 301 1875 Τί
343 1824 493 1876 ἐστιν
537 1824 878 1890 ύπόστασις;

1840 641 1996 695 sibus
2026 646 2311 709 statuitur,
2337 658 2394 702 et
2420 650 2580 703 unica
2612 647 2877 711 essentia,
2902 646 3127 701 unicqu
3157 658 3412 714 regnum,

1842 735 2004 789 unica
2039 738 2287 806 potentia
2316 749 2373 794 et
2399 752 2613 795 natura.

1909 825 2083 883 Catcc.
2110 830 2254 896 Quid
2288 840 2373 886 est
2404 844 2587 887 autem
2616 830 2901 887 essentia?

1910 917 2123 975 (Iatcch.
2150 923 2259 976 ltes
2292 939 2415 993 qua:
2438 940 2534 993 per
2560 940 2619 977 se
2651 933 2758 989 est,
2789 936 2968 991 neque
2996 921 3169 975 altero
3205 917 3418 989 indiget

1840 1010 1906 1063 ad
1941 1011 2045 1065 hoc
2065 1020 2137 1065 ’nt
2176 1013 2291 1083 ipsa
2320 1015 2611 1069 subsistat.

1910 1102 2087 1156 Catrc.
2115 1104 2255 1169 Quid
2279 1115 2364 1160 est
2389 1114 2588 1160 natura
2609 1106 2632 1157 τ

1912 1194 2125 1249 Catech.
2156 1196 2266 1250 lies
2290 1198 2641 1260 universalis,
2671 1205 2728 1250 et
2777 1196 3103 1265 hypostases
3142 1192 3250 1247 sibi
3279 1192 3407 1248 sub-

1835 1283 2019 1354 jectas
2063 1287 2457 1355 complectens.
2492 1290 2599 1342 Ant
2652 1287 2735 1341 sic
2780 1284 3011 1339 deﬁnito
3049 1302 3061 1337 :
3098 1284 3237 1339 Vera
3271 1284 3418 1338 exsi-

1841 1377 2041 1431 stcntia
2073 1393 2281 1440 reruni,
2313 1379 2883 1442 utessentia,natura,
2916 1376 3112 1437 forma,
3163 1375 3274 1428 sint
3306 1388 3416 1428 una

1840 1477 1897 1524 ct
1921 1470 2114 1524 eadem
2143 1487 2252 1524 res.

1913 1558 2089 1612 Caret.
2114 1558 2258 1624 Quot
2285 1560 2609 1630 hypostases
2634 1560 2888 1630 agnoscis
2923 1559 2977 1613 in
3010 1555 3260 1611 deitatc?

1911 1648 2123 1703 Catech.
2161 1648 2317 1713 Tres,
2344 1650 2587 1714 Patrem,
2625 1650 2849 1713 Filium,
2880 1657 2938 1704 et
2966 1646 3240 1717 Spiritum
3291 1658 3420 1699 san-

1842 1752 2012 1796 CIIII“.

1914 1834 2091 1887 Catcc.
2123 1832 2264 1898 Quid
2284 1844 2369 1888 cst
2394 1834 2743 1905 hypostasis?

229 1917 408 1970 Ούσία
441 1917 579 1985 μετά
602 1934 765 1969 τινων
803 1918 1130 1987 ἰδιωμάτων,
1165 1915 1385 1987 ἀριθμῷ
1424 1914 1534 1968 τῶν
1557 1914 1739 1982 ὁμοει-
1774 1892 1817 1950 Β
1915 1924 1989 1979 Ca

1656 1931 1739 1965 ἐι-
1774 1892 1817 1950 Β
1915 1892 2167 1979 Catcch.w
2187 1892 2597 1979 Essentiaucum
2649 1925 2767 1978 suis
2804 1920 3132 1993 quihusdam
3168 1917 3418 1988 proprie-

153 2009 268 2060 δῶν
324 2009 681 2078 διαφέρουσα.
743 2010 1005 2063 Τουτέστι
1077 2009 1374 2080 πρόσωπον
1431 2006 1739 2076 ὁμοούσιον.

158 2100 442 2171 ΙΙρόσωπα
471 2101 529 2155 δὲ
557 2100 790 2172 λέγομεν
822 2101 918 2155 ἐπὶ
962 2101 1098 2155 Θεοῦ
1139 2102 1410 2171 ἀσώματα
1440 2102 1537 2152 καὶ
1567 2100 1740 2169 ἀσχη-

160 2192 436 2261 μάτιστα.

232 2380 303 2433 Τί
334 2381 469 2434 ῖδιον
496 2380 737 2451 ἑκάστης
781 2379 891 2435 τῶν
932 2378 1105 2452 τριῶν
1148 2378 1529 2441 ὑποστάσεων,
1561 2377 1658 2430 καὶ
1692 2377 1744 2430 τί

161 2470 350 2523 κοινόν
370 2487 387 2535 ;

263 2561 404 2614 έὸιον
441 2560 541 2629 μὲν
570 2559 789 2630 Πατρδς
827 2560 890 2613 τὸ
921 2560 1241 2629 ἀγέννητον,
1270 2557 1404 2611 Υἱοῦ
1437 2557 1493 2611 δὲ
1526 2558 1588 2610 τὸ
1621 2575 1747 2626 γεν-

158 2668 355 2725 νητον,
382 2652 704 2722 Πνεύματος
744 2653 801 2705 δὲ
827 2651 925 2705 τοῦ
958 2652 1117 2720 ἁγίου
1144 2651 1207 2705 τὸ
1236 2649 1589 2721 ὲκπορευτόν·
1625 2666 1745 2702 κοι-

158 2748 253 2800 νὸν
281 2746 341 2799 δὲ
374 2749 405 2815 ί)
439 2745 630 2816 θεότης
659 2746 755 2798 καὶ
780 2747 813 2816 ἡ
849 2743 1125 2815 βασιλεία.

232 2926 420 2988 Πὸσας
447 2924 638 2993 φύσεις
663 2922 953 2994 ὁμολογεῖς
991 2922 1086 2975 ἐπὶ
1111 2921 1211 2989 τῆς
1243 2918 1567 2990 οἰκονομίας
1594 2935 1610 2983 ;

228 3101 357 3157 Δύο·
385 3101 620 3170 θεότητα
652 3101 750 3154 καὶ
777 3100 1197 3170 ἀνθρωπότητα·
1233 3100 1309 3162 ώς
1352 3095 1495 3153 εῖναι
1520 3100 1612 3154 τὸν
1640 3101 1742 3154 αύ-

154 3197 255 3250 τὸν
279 3197 431 3258 Υἱὸν,
456 3194 590 3247 Θεὸν
620 3193 851 3256 τέλειον,
886 3194 981 3246 καὶ
1007 3192 1218 3247 τέλειον
1251 3193 1560 3264 ἄνθρωπον.

227 3287 415 3348 Πόσας
454 3287 694 3354 φυσικὰς
726 3285 975 3357 Θελήσεις
1023 3286 1120 3339 καὶ⁵
1172 3285 1454 3356 ἐνεργείας
1484 3285 1578 3337 ἐπὶ
1606 3285 1741 3355 Χριο

159 3378 291 3430 στοῦ
328 3378 614 3448 ὁμολογεῖς
632 3392 649 3441 ;

233 3470 363 3523 Δύο·
392 3468 526 3540 μίαν
558 3470 770 3540 θεῖκὴν,
801 3470 897 3523 καὶ
923 3469 1055 3540 μίαν
1085 3469 1460 3540 ἀνθρωπίνην.

230 3652 303 3704 Τί
329 3653 447 3704 ἐστι
485 3651 701 3721 θέλημα
724 3650 942 3719 θεῖκὸνς

228 3744 305 3797 Τὸ
329 3742 620 3812 καθαίρειν
643 3743 771 3806 τοὺς
795 3743 1063 3814 λεπρούς·
1084 3743 1160 3807 ὡς
1176 3744 1257 3808 τὸ,
1293 3762 1312 3796 ι
1339 3743 1514 3804 Θέλω.
1538 3743 1746 3809 καθάρ-

157 3836 285 3905 θητι
304 3853 319 3865 ·
358 3855 376 3886 ι
408 3837 504 3889 καὶ
534 3835 605 3889 τὰ
625 3835 837 3898 τούτοις
867 3837 1053 3905 ὃμοια,
1100 3836 1197 3889 καὶ
1217 3837 1301 3904 τὸ,
1332 3854 1352 3888 ι
1374 3837 1619 3905 "Tuan,
1652 3836 1748 3890 καὶ

157 3928 236 3991 ὡς
262 3928 616 3990 ιπίστευσας,
642 3927 930 3997 γενηθήτω
958 3944 1062 3981 σοι.
1089 3945 1109 3980 ι

229 4020 335 4081 Τίς
367 4021 515 4071 ἐστιν
549 4017 807 4088 ἐνέργεια
837 4018 1032 4087 θεῖκή;

230 4111 313 4166 To
347 4109 589 4180 σωθῆναι
625 4110 836 4173 πάντας
864 4108 1188 4181 ἀνθρώπους
1214 4110 1310 4163 καὶ
1342 4110 1423 4175 είς
1448 4110 1748 4179 ἐπίγνωσιν

160 4203 431 4272 ἀληθείας
476 4201 675 4255 ἐλθεῖν.
711 4202 801 4265 Ὠς
844 4202 927 4261 τὸ.
968 4221 987 4253 ι
1011 4202 1071 4255 '0
1110 4205 1300 4275 Πατήρ
1336 4221 1440 4272 μου
1489 4203 1594 4267 ἕως
1620 4203 1747 4275 ἄρτι

160 4291 467 4361 ἐργάζεται
487 4328 502 4352 ,
535 4290 691 4359 κάγὼ
720 4290 1050 4361 ἐργάζομαι.
1080 4310 1098 4344 ι

235 4382 307 4437 Τί
354 4383 477 4434 ἐστι
508 4380 722 4452 θέλημα
756 4381 1143 4451 ἀνθρωπικόνς

232 4472 314 4525 τὸ
354 4473 590 4540 ζητῆσαι
620 4474 798 4525 πιεῖν·
835 4472 865 4519 ὃ
895 4473 989 4526 καὶ
1014 4474 1108 4526 ἰπὶ
1128 4472 1223 4526 τοῦ
1256 4474 1497 4545 σταυροῦ
1527 4476 1744 4545 γέγονε,

1848 2014 2073 2076 tatibus,
2104 2014 2176 2068 ab
2212 2013 2284 2069 iis
2321 2031 2443 2084 quae
2503 2014 2753 2084 ejusdem
2802 2023 2927 2068 sunt
2952 2010 3157 2081 speciei
3185 2024 3422 2063 numero

1844 2105 2131 2171 diﬁ'crens,
2188 2106 2241 2160 id
2289 2116 2394 2171 est,
2426 2123 2665 2177 persona
2703 2103 3109 2160 coessentialis.
3146 2103 3422 2156 Personas

1842 2208 2028 2251 autem
2046 2197 2100 2251 in
2126 2198 2240 2251 Deo
2269 2198 2511 2253 dicimus
2540 2199 2902 2268 incorporeas
2928 2204 2987 2250 ct
3012 2195 3194 2249 omnis
3232 2191 3422 2265 ﬁgurze

1841 2295 2117 2355 expertes.

1913 2378 2091 2434 Calec.
2138 2379 2410 2447 Quidnam
2456 2390 2542 2436 est
2577 2380 2813 2452 singulis
2868 2380 2989 2435 istis
3023 2379 3204 2434 tribus
3249 2377 3424 2449 hypo-

1841 2472 2083 2525 stasibus
2100 2474 2423 2542 proprium?
2449 2474 2580 2543 quid
2616 2474 2745 2527 item
2775 2470 3105 2527 commune?

1915 2562 2126 2618 Catech.
2166 2563 2461 2633 Proprium
2512 2573 2596 2616 cst
2637 2562 2837 2624 Patris,
2901 2559 3210 2630 ingenitum
3256 2571 3420 2612 esse:

1844 2655 1971 2710 Filii
2023 2671 2181 2717 vero,
2212 2654 2461 2724 genitum
2492 2667 2613 2706 esse
2644 2668 2658 2705 :
2690 2651 2932 2721 Spiritus
2960 2648 3161 2712 sancti,
3198 2660 3424 2717 proces-

1843 2745 1945 2797 sio.
1976 2743 2301 2798 Communis
2322 2751 2509 2796 autent
2533 2741 2645 2795 illis
2672 2748 2758 2795 est
2788 2740 2993 2806 deitas,
3029 2748 3087 2794 et
3125 2750 3424 2793 commune

1844 2846 2098 2902 regnum.

1914 2921 2092 2978 Catec.
2111 2922 2172 2977 In
2196 2922 2506 2977 (economia
2532 2922 2607 2992 (id
2622 2931 2717 2986 est,
2739 2919 3129 2976 incarnationis
3150 2915 3421 2987 mysterio)

1844 3022 1979 3083 quot
2008 3023 2236 3067 naturas
2270 3013 2589 3082 proﬁteris?

1914 3104 2125 3159 Catech.
2198 3105 2397 3160 Duas:
2443 3105 2708 3159 deitatem
2768 3112 2826 3158 et
2868 3100 3303 3161 humanitatem;
3364 3102 3426 3149 ut

1847 3197 1991 3252 idem
2024 3198 2197 3252 Filius
2227 3197 2303 3252 sit
2332 3196 2614 3267 perfectus
2649 3197 2795 3250 Deus
2841 3205 2897 3249 et
2924 3194 3208 3265 perfectus
3234 3191 3421 3244 homo.

1914 3288 2088 3344 ϐασες.
2118 3288 2266 3355 Quot
2302 3288 2584 3343 naturales
2632 3287 2951 3342 voluntates
2994 3292 3052 3338 et
3090 3282 3341 3339 actiones
3364 3279 3423 3334 in

1842 3381 2060 3436 Christo
2085 3380 2400 3440 proﬁteris?

1913 3472 2125 3528 Catuli.
2174 3472 2364 3528 Duas:
2397 3486 2563 3525 unam
2613 3469 2895 3535 divinam,
2940 3468 3172 3523 alteram
3223 3465 3425 3520 huma-

1843 3581 1993 3620 nam.

1915 3656 2090 3713 Catec.
2107 3658 2240 3724 Qua:
2267 3667 2354 3711 est
2386 3657 2639 3711 voluntas
2664 3653 2851 3708 divina
2875 3653 2900 3706 ?

1914 3750 2124 3803 (ἐπιεεή.
2158 3749 2399 3818 Purgare
2423 3749 2672 3817 leprosos
2696 3764 2709 3799 :
2737 3752 2818 3807 nt,
2845 3764 2864 3795 ι
2885 3742 3043 3803 Volo,
3073 3747 3372 3810 puraator:
3400 3756 3419 3789 ι

1844 3846 1902 3892 et
1934 3846 2136 3893 caetera
2182 3836 2500 3905 hujusmodi
2529 3853 2545 3889 :
2579 3844 2641 3890 ut
2685 3843 2744 3889 et
2791 3832 2952 3897 illud,
2991 3851 3009 3882 ι
3041 3831 3189 3887 Vade
3232 3838 3288 3884 et
3333 3830 3427 3883 ﬁat

1849 3932 1943 3987 tibi
1979 3930 2125 3984 sicut
2151 3928 2462 3983 credidisti.
2493 3945 2512 3978 ι

1915 4022 2095 4077 Catec.
2131 4020 2264 4087 Quae
2282 4029 2367 4074 est
2405 4019 2552 4073 actio
2581 4016 2811 4072 divina?

1916 4112 2132 4168 Catech.
2164 4112 2235 4168 Ut
2255 4121 2543 4165 serventur
2574 4124 2768 4164 omnes
2803 4105 3080 4168 homines,
3109 4111 3165 4158 et
3186 4101 3252 4158 ad
3276 4098 3428 4155 veri-

1848 4206 1977 4260 tatis
2034 4204 2287 4258 notitiam
2332 4202 2685 4272 perveniant,
2714 4208 2778 4254 ut
2807 4197 2946 4253 illud
2973 4215 2988 4251 :
3027 4214 3046 4247 ι
3077 4196 3239 4252 Pater
3271 4207 3429 4252 meus

1848 4313 2023 4368 usque
2060 4312 2207 4350 nunc
2234 4301 2514 4365 cperatur,
2541 4301 2598 4347 et
2620 4308 2722 4363 ego
2746 4307 2949 4361 operor
2974 4292 3013 4345 '.
3057 4307 3076 4341 ι

1917 4388 2097 4445 Catec.
2136 4390 2269 4454 Quze
2290 4395 2375 4441 est
2406 4386 2663 4439 voluntas
2692 4382 2969 4438 humana?

1920 4482 2132 4538 Catecli.
2161 4481 2359 4536 Potum
2387 4493 2660 4549 quiercre,
2684 4474 2832 4546 quod
2860 4474 3029 4529 ctiam
3055 4473 3109 4529 in
3141 4486 3305 4527 cruce
3333 4485 3425 4525 ac-

162 4567 262 4622 καὶ
294 4566 360 4619 τὸ
381 4566 604 4635 αἰτῆσαι
632 4569 852 4636 φαγεῖν·
882 4568 960 4630 ώς
978 4568 1062 4631 τὸ,
1105 4588 1125 4621 ι
1158 4568 1355 4640 Ἔχετέ
1380 4588 1433 4624 τι
1460 4570 1741 4644 βρώσιμον
1774 4575 1817 4631 D
1848 4575 1924 4631 eid

1661 4591 1741 4627 ιον
1774 4575 1817 4631 ι)
1848 4575 2021 4631 cidit:
2046 4584 2102 4629 et
2148 4572 2336 4627 cibum
2370 4578 2653 4641 expetere,
2700 4575 2762 4622 ut
2784 4566 2920 4623 illud
2956 4584 2971 4622 :
3011 4585 3031 4617 ι
3076 4563 3306 4620 Habetis
3331 4562 3423 4617 hic

162 4659 359 4714 ἐνθάδε
378 4675 395 4722 ς
430 4677 449 4709 ι

236 4751 341 4812 Τίς
381 4751 530 4803 ἐστιν
566 4749 821 4820 ινέργεια
858 4751 1221 4823 ἀνθρωπίνης

236 4842 315 4894 Τὸ
353 4842 728 4912 ὁδοιπορῆσαι,
755 4844 816 4896 τὸ
848 4845 1130 4909 κοπιάσαι,
1168 4847 1260 4899 καὶ
1288 4847 1357 4901 τὰ
1391 4846 1638 4904 τοιαῦτα.

238 4932 427 4993 Πόσας
472 4931 805 4999 ὑποστάσεις
843 4935 939 4989 ἐπὶ
979 4936 1078 5007 τῆς
1108 4938 1236 5007 περὶ
1261 4936 1357 4991 τού
1396 4938 1524 4993 Υίοῦ
1556 4939 1750 5011 ὁμολο-

163 5025 293 5093 γίας
327 5023 616 5094 ὁμολογεῖς
654 5042 670 5092 ;

236 5115 388 5170 Μίαν
411 5132 427 5147 ·
455 5117 533 5179 ὼς
555 5113 698 5172 εῖναι
722 5119 815 5173 τδν
857 5120 1022 5176 αὐτὸν
1050 5122 1145 5175 ενα
1170 5122 1301 5177 Υίδν
1332 5124 1467 5179 Θεοῦ
1493 5127 1588 5181 καὶ
1620 5127 1753 5180 Υίὸν

163 5205 268 5275 τῆς
315 5203 620 5275 Παρθένου.

244 5297 408 5350 Κατὰ
436 5296 491 5350 τί
521 5300 771 5353 κοινωνεῖ
790 5300 820 5353 ὁ
856 5299 982 5365 Υἱὸς
1022 5300 1102 5373 τῷ
1130 5303 1332 5375 Πατρὶ,
1362 5306 1459 5359 καὶ
1496 5305 1575 5377 τῷ
1603 5306 1749 5377 ἀγίῳ

169 5387 463 5457 Πνεύματι
499 5405 514 5453 ;

240 5480 515 5532 Κοινωνεῖ
556 5482 695 5533 κατὰ
744 5482 845 5553 τὴν
885 5483 1050 5553 φύσιν
1112 5488 1211 5557 τῆς
1255 5485 1511 5557 θεότητος
1555 5489 1746 5553 αὑτοῦ,

167 5569 311 5624 καθὸ
337 5572 453 5623 ἐστι
482 5571 693 5635 τέλειος
731 5572 888 5638 Θεὸς·
914 5579 1165 5631 κοινωνεῖ
1185 5578 1243 5631 δὲ
1269 5579 1363 5633 καὶ
1386 5582 1501 5643 τοῖς
1534 5580 1751 5650 ἀνθρώ-

171 5681 301 5726 ποις
330 5662 473 5717 κατὰ
497 5663 598 5735 τὴν
631 5663 797 5733 φύσιν
823 5667 923 5735 τῆς
946 5667 1372 5740 ἀνθωπὸτητος
1395 5670 1586 5737 αὐτοῦ,
1612 5671 1753 5727 καθό

172 5756 294 5809 ἔστι
324 5756 424 5807 καὶ
460 5755 751 5827 ἄνθρωπος
778 5757 1007 5823 τέλειος.

251 5867 268 5898 ¹
299 5865 461 5923 Joan.
486 5882 544 5932 v,
582 5868 668 5923 l7.
742 5871 764 5903 ⁸
792 5870 927 5926 Luc.
962 5887 1110 5936 χχιιι.
1141 5873 1230 5929 ιι.

1847 4666 2058 4737 aliquid
2087 4664 2339 4720 edulii’?
2372 4682 2391 4714 ι

1920 4760 2097 4816 Catec.
2130 4758 2261 4824 Quae
2283 4756 2428 4811 actio
2457 4753 2742 4810 humana?

1923 4850 2136 4906 Catech.
2166 4850 2276 4905 lter
2308 4848 2517 4912 facere,
2555 4845 2870 4917 fatigari,ct
2897 4842 3121 4898 similia.

1922 4941 2100 4996 Catec.
2127 4939 2273 5005 Quot
2304 4939 2630 5009 hypostases
2663 4936 2719 4989 in
2748 4933 2873 4990 ﬁdei
2913 4933 2983 4988 de
3043 4932 3184 4988 Filio
3218 4931 3431 5002 profes-

1852 5031 2010 5086 sione
2040 5029 2358 5101 proﬁteris?

1926 5120 2137 5177 Catech.
2173 5119 2447 5187 Unicam;
2487 5128 2548 5175 ut
2575 5118 2720 5173 idem
2755 5126 2812 5173 et
2842 5132 2984 5172 unus
3015 5115 3089 5172 sit
3116 5116 3290 5171 Filius
3322 5114 3418 5170 Dei

1852 5220 1911 5269 et
1945 5214 2114 5268 Filius
2138 5212 2401 5283 Virginis.

1926 5306 2104 5362 Catec.
2132 5304 2275 5371 Quid
2306 5317 2601 5359 commune
2627 5300 2799 5356 habet
2818 5300 2997 5355 Filius
3023 5314 3147 5354 cum
3179 5298 3341 5353 Patre
3373 5305 3430 5351 et

1857 5400 2064 5470 Spiritu
2090 5398 2322 5453 saneto?

1928 5490 2139 5546 Catech.
2199 5487 2564 5544 Communem
2624 5485 2960 5540 habetcum
3029 5482 3139 5536 illis
3171 5489 3429 5536 naturam

1857 5599 1971 5639 suae
2017 5580 2240 5636 deitatis
2286 5590 2559 5649 quatenus
2598 5587 2684 5632 est
2717 5578 2861 5631 Deus
2915 5574 3196 5645 perfectus
3227 5591 3241 5627 :
3273 5588 3428 5627 como

1860 5688 2080 5728 munem
2102 5687 2237 5725 vero
2263 5686 2387 5725 cum
2415 5668 2736 5723 hominibus
2755 5669 2923 5722 habet
2951 5675 3204 5722 naturam
3232 5665 3430 5721 huma-

1859 5763 2048 5819 uitatis
2073 5779 2206 5830 suac,
2237 5772 2512 5833 quatenus
2545 5769 2630 5815 est
2654 5761 2820 5815 homo
2843 5759 3146 5829 perfectus.
