4462 6440
932 300 1101 369 1115⁴

2048 533 3260 543 _———————-———-—-———-.—

934 536 943 563 ι
988 540 993 541 ,
1126 536 1283 561 an:
1319 533 2025 563 πε
2048 533 3060 543 ...__.________.__

2198 301 2559 361 ANTIOCHI
2599 300 2939 362 MONACIII

4064 298 4216 360 Mlti

3858 535 4112 545 ————--——
4131 535 4187 541 ——-

1083 730 1767 820 PANDEC'I‘ES
1850 729 2561 817 SCIIIP'I‘UIUE
2648 728 3284 817 DIVINITUS
3371 731 4061 822 INSPIRAT/E

935 942 1118 1003 VEN.
1160 943 1440 1005 PATRIS
1479 941 1874 1005 ANTIOCHI
1906 943 2125 1004 ANTE
2163 942 2428 1003 ANNOS
2464 943 2777 1017 QUIDISM
2825 943 3123 1006 ABHINC
3168 944 3653 1007 NONGENTOS
3685 948 3785 1007 AB
3820 950 3865 1007 A
3882 949 4219 1009 CCTORE

2406 1046 2736 1115 EDI'I'US;

1410 1226 1771 1271 CODEFIIIIN)
1799 1227 2123 1271 TII.MANNO
2162 1225 2526 1268 CARTHUSUE
2548 1222 2928 1268 PARISIENSIS
2960 1224 3257 1268 MONACIIO
3290 1226 3701 1273 INTERPRETE.

1421 1381 1666 1449 (Ilumzrs
1696 1376 1970 1447 Supplcm.
2004 1377 2075 1428 ad
2106 1375 2354 1430 Bibliotlt.
2390 1373 2637 1427 Patrum.
2664 1372 2754 1426 ed.
2786 1373 2955 1427 Paris.
2998 1373 3150 1456 I634,
3190 1382 3321 1427 tom.
3356 1376 3397 1440 I,
3434 1392 3486 1444 p.
3527 1374 3711 1441 1019.)

1004 1682 1131 1737 Fuit
1162 1682 1264 1736 iste
1311 1679 1617 1741 Antiochus
1648 1679 1949 1732 monachus
1980 1679 2305 1734 Pabestinus
2334 1680 2503 1735 lauru:
2534 1684 2578 1740 Α
2610 1680 2911 1748 ρττεςρτιὶηι
2969 1678 3023 1733 ἰη
3059 1680 3466 1752 Exomologesi,
3505 1699 3628 1752 qua:
3656 1692 3741 1739 est
3787 1685 3857 1739 ad
3907 1686 4078 1743 ﬁnem
4115 1692 4214 1743 Im-

934 1773 1118 1828 Sancti
1180 1773 1335 1827 Saba:
1390 1771 1627 1832 abbatis,
1666 1772 1751 1823 vir
1803 1771 2093 1825 sanctitate
2147 1781 2203 1825 et
2259 1773 2508 1827 doctrinm

936 1868 1188 1936 insignis,
1212 1866 1305 1933 qui
1338 1866 1440 1917 sub
1473 1865 1723 1918 Heraclio
1754 1865 2087 1931 imperatore
2120 1865 2278 1923 vixit,
2321 1874 2378 1918 et
2409 1866 2512 1918 sub

935 1960 1147 2013 cladem
1188 1957 1758 2028 Ilierosolymitauam,
1793 1971 1901 2023 qua
1928 1956 2064 2007 urbe
2090 1966 2267 2025 capta,
2294 1957 2513 2025 signant

935 2061 1138 2104 sancta:
1189 2051 1369 2103 crucis
1425 2066 1454 2102 a
1500 2048 1742 2102 Chosroc
1777 2048 1830 2100 in
1884 2048 2163 2101 Persidem
2215 2048 2515 2101 abductum

936 2153 1020 2196 est
1061 2142 1289 2212 (incidit
1323 2158 1387 2194 ea
1426 2142 1480 2194 in
1537 2156 1739 2193 annum
1792 2140 1987 2193 salutis
2039 2141 2186 2209 614).
2226 2140 2514 2210 scripsisse

936 2235 1179 2301 videtur,
1207 2243 1267 2288 ut
1301 2242 1530 2303 apparet
1558 2249 1623 2286 ex
1681 2233 1909 2285 homilia
1948 2233 2048 2285 107
2094 2242 2150 2284 et
2186 2233 2312 2285 aliis
2353 2232 2511 2297 locis,

2619 1771 2896 1825 miliarum
2941 1772 2994 1824 in
3026 1772 3258 1841 epistola
3288 1774 3644 1828 dedicatoria.
3678 1775 4037 1833 Occasionem
4077 1798 4213 1835 vero

2619 1873 2676 1917 et
2728 1864 3041 1916 institutum
3077 1864 3349 1917 scribendi
3401 1865 3503 1918 hoc
3534 1882 3672 1934 opus
3726 1868 3961 1937 ipsemet
4010 1873 4210 1925 Antio-

2622 1956 2761 2009 chus
2792 1956 3020 2023 exponit
3061 1956 3218 2009 initio
3273 1957 3511 2011 homilize
3545 1958 3633 2011 66.
3681 1959 3758 2012 De
3796 1961 3995 2015 eodem
4049 1965 4211 2033 plura

2623 2048 2887 2101 exhibent
2924 2048 3022 2101 tibi
3045 2048 3285 2103 Annales
3314 2050 3695 2117 ecclesiastici,
3724 2063 3856 2108 tom.
3896 2055 4035 2120 VIII,
4062 2074 4211 2109 anno

2621 2138 2745 2193 GI-I.

1373 2391 1455 2434 EX
1488 2391 1766 2435 EIUSDEM
1798 2390 1946 2433 GOD.
1976 2388 2279 2433 TILMANNI
2307 2385 2719 2432 PILEFATIONE
2749 2384 2814 2428 IN
2856 2383 3219 2427 ANTIOCIIUM
3249 2384 3758 2432 NUNCUPATORIA.

1011 2523 1151 2577 Sunt
1205 2524 1299 2592 qui
1346 2524 1553 2592 majore
1612 2522 1928 2591 eloquentia
1996 2522 2341 2591 scripserint,
2382 2536 2509 2590 per-

938 2616 1095 2669 multi
1131 2634 1143 2667 :
1183 2624 1239 2668 at
1271 2616 1427 2684 pauci
1469 2620 1812 2683 perspicuam
1846 2614 2012 2682 hujus
2043 2614 2133 2683 (de
2165 2623 2356 2667 saneto
2399 2613 2514 2666 Au-

940 2708 1128 2761 tioeho
1158 2708 1426 2776 loquitur)
1468 2707 1801 2760 brevitatem
1834 2705 2069 2759 feliciter
2096 2706 2331 2760 assecuti
2365 2714 2513 2759 sunt.

941 2801 1209 2854 Rarenter
1239 2800 1354 2852 Inec
1393 2814 1499 2851 una
1538 2798 1638 2851 dos
1668 2797 2004 2865 unicuipiam
2030 2796 2298 2865 contingit
2326 2814 2337 2846 :
2368 2811 2519 2849 ama-
2552 2838 2592 2893 Β

941 2893 1067 2945 bilis
1127 2891 1426 2960 plurimum
1480 2900 1684 2943 nostne
1746 2889 1906 2943 istius
1955 2889 2140 2955 gelatis
2180 2888 2516 2942 hominibus.

941 2984 1115 3049 Quam
1149 2982 1352 3036 decore
1398 2982 1745 3035 conservavit
1774 2981 1835 3032 τὸ
1868 2981 2099 3050 πρέπον,
2140 2980 2245 3033 hoc
2273 2989 2396 3041 est,
2431 2995 2521 3033 or-

941 3074 1090 3128 dinis
1136 3073 1423 3136 decorum,
1471 3073 1526 3125 in
1584 3072 1671 3125 bis
1721 3071 2041 3139 digerendis
2086 3070 2341 3124 Ilomiliis
2385 3070 2519 3123 libet

939 3166 1273 3235 compendio
1314 3164 1705 3237 perstringere.
1749 3164 1794 3217 A
1841 3163 1945 3216 ﬁde
1990 3163 2206 3216 orditur
2237 3164 2400 3216 telam
2432 3162 2517 3217 sui

938 3255 1129 3323 operis
1165 3272 1176 3307 :
1209 3270 1330 3323 quae
1394 3254 1722 3308 Christiana:
1794 3252 2081 3321 religionis
2139 3252 2515 3321 virtutumque

938 3346 1190 3400 omnium
1237 3346 1568 3399 solidissima
1613 3343 1838 3413 crepido
1885 3352 1991 3405 est,
2046 3352 2103 3397 et
2158 3343 2308 3397 basis
2351 3343 2521 3395 totius

939 3436 1252 3505 spiritualis
1287 3436 1526 3488 fabricte.
1568 3434 1852 3502 Siquidem
1886 3441 2026 3486 teste
2078 3432 2305 3486 Aurelio
2336 3437 2519 3501 Augu-

943 3528 1113 3591 stino,
1145 3528 1236 3580 tibi
1288 3527 1443 3580 deest
1476 3526 1682 3596 agnitio
1714 3523 1963 3578 veritatis
1994 3531 2235 3587 teternze,
2270 3523 2403 3577 falsa
2435 3532 2520 3577 est

946 3617 1125 3671 virtus
1152 3617 1354 3679 omnis,
1378 3617 1543 3671 etiam
1585 3615 1639 3667 in
1680 3613 1908 3684 Optimis
1940 3615 2217 3679 moribus;
2256 3614 2381 3667 ﬁdei
2419 3614 2519 3667 ad-

938 3709 1122 3778 juugit
1163 3707 1503 3761 individuam
1549 3705 1830 3770 comitem,
1868 3721 2055 3776 spem;
2097 3703 2322 3758 fabrica:
2362 3705 2522 3758 istius

940 3798 1246 3869 fastigium,
1289 3798 1533 3852 eharitas
1588 3806 1857 3867 cstzquze
1911 3796 2190 3851 hominem
2254 3804 2402 3849 recta
2451 3795 2519 3849 ad

947 3908 1174 3960 regnum
1208 3891 1493 3961 provehit;
1522 3905 1693 3959 quare
1733 3888 2058 3943 eharitatem
2086 3895 2143 3941 et
2167 3902 2416 3956 regnum,
2451 3885 2519 3938 ad

938 3984 1149 4036 calcem
1173 3982 1361 4050 operis
1405 3979 1684 4049 relegavit.
1707 3980 1862 4033 Jacto
1888 3976 2122 4047 proinde
2157 3975 2284 4029 ﬁdei
2313 3991 2379 4029 ac
2404 3976 2520 4044 spei

941 4075 1324 4139 fundamento,
1360 4072 1671 4127 amolienda
1706 4071 1946 4139 primum
1994 4068 2224 4122 veniunt
2265 4082 2387 4137 qua:
2416 4067 2520 4119 im-

2624 2517 2871 2569 tulerunt
2938 2517 3411 2572 sententiolae:et
3484 2520 3585 2575 bas
3636 2523 3867 2587 absolvi,
3925 2536 4207 2582 mutuatus

2622 2608 2767 2676 quod
2810 2608 3045 2661 deerate
3092 2609 3278 2662 bibliis
3312 2610 3527 2666 Aldinis
3558 2630 3569 2664 :
3596 2630 3718 2681 qua:
3754 2617 3979 2685 quidem
4020 2621 4205 2675 (ἐπει-ει

2623 2700 2877 2752 feruntur
2924 2714 3044 2751 esse
3095 2715 3127 2753 e
3179 2698 3319 2753 LXX
3345 2702 3591 2757 editione
3623 2722 3635 2755 :
3670 2720 3770 2775 ego
3807 2710 3994 2763 verius
4022 2713 4205 2766 credi-

2624 2789 2799 2842 derim
2851 2791 3250 2845 Theodotionis
3301 2808 3445 2853 esse,
3493 2810 3560 2846 ex
3615 2797 3909 2853 collatione
3957 2802 4204 2857 locorum

2625 2880 2940 2950 Ilieronymi
2990 2882 3041 2935 in
3077 2882 3371 2951 prophetas
3402 2884 3660 2939 maxime.
3722 2889 3789 2942 Et
3823 2890 3908 2943 Ine
3943 2907 4205 2963 perquam

2624 2990 2808 3042 pauca:
2838 2992 2851 3026 :
2877 2982 2937 3027 ut
2966 2974 3055 3027 illa
3077 2983 3156 3028 est
3185 2992 3250 3028 ex
3283 2976 3473 3029 bomil.
3500 2978 3563 3031 9i
3598 2996 3609 3031 :
3635 2978 3815 3034 Omnis
3847 3000 4025 3038 sermo
4055 2988 4208 3054 ἐγκο-

2622 3079 2744 3126 πος.
2786 3065 2854 3117 Ει
2898 3066 3003 3118 sub
3038 3066 3279 3119 medium
3334 3070 3617 3136 sequentis
3643 3086 3709 3125 ex
3748 3072 3874 3136 Job,
3906 3075 4042 3129 deﬁt
4068 3093 4203 3130 nou-

2623 3170 2904 3225 nunquam
2940 3158 3158 3226 negatio
3189 3159 3285 3227 μή.
3336 3160 3583 3214 Alterum
3614 3172 3720 3226 est,
3750 3166 3897 3233 quod
3934 3168 4043 3223 nisi
4072 3184 4206 3222 nan-

2623 3249 2861 3302 ciscetur
2906 3266 3123 3318 :equum
3169 3253 3434 3320 temporis
3466 3264 3521 3307 et
3573 3272 3757 3309 rerutn
3791 3260 4203 3324 :estimatorem,

2626 3348 2753 3391 nota
2785 3339 2859 3392 illi
2895 3339 3149 3393 inuretur
3181 3342 3461 3396 novitatis.
3496 3344 3612 3398 Duo
3642 3347 3915 3415 proferam
3944 3352 4209 3422 insignio-

2625 3445 2703 3483 ra.
2742 3431 2920 3494 Prius,
2957 3431 3147 3485 bomil.
3202 3433 3291 3495 98,
3335 3436 3565 3505 Οἰκέτην
3592 3437 3877 3505 famulum,
3909 3442 3996 3495 vel
4046 3460 4205 3513 rapu—

2624 3520 2733 3574 lum
2786 3539 3032 3577 servum:
3054 3539 3155 3594 pro
3175 3540 3287 3594 quo
3326 3526 3519 3591 Aldus,
3558 3530 3744 3599 ἱκέτην
3773 3534 4067 3602 supplicem
4114 3537 4203 3589 ha-

2625 3613 2777 3666 bent.
2813 3614 3063 3669 Alteruin
3096 3615 3287 3669 lioniil.
3332 3617 3435 3672 119
3469 3619 3573 3672 sub
3610 3618 3797 3683 ﬁnem,
3828 3626 4018 3693 θήραν
4051 3643 4204 3679 nua-

2625 3708 2819 3759 tioucm
2851 3707 2964 3775 ejus
3005 3708 3331 3772 benedicens,
3360 3726 3462 3779 pro
3506 3727 3617 3781 quo
3661 3713 3855 3779 Aldus,
3888 3716 4084 3786 θύραν,
4113 3721 4199 3788 ja-

2626 3815 2815 3862 uuam,
2847 3798 3115 3859 Ecclesia.
3163 3804 3338 3870 χήραν
3393 3803 3629 3857 viduam.
3669 3806 3868 3861 Facilis
3919 3813 4200 3871 transitus,

2624 3888 2652 3939 0
2713 3889 2769 3942 in
2816 3907 2869 3958 χ.
2905 3888 3047 3959 Lege
3082 3888 3305 3945 Hieron.
3336 3901 3391 3945 et
3425 3892 3657 3963 August.
3702 3894 3952 3951 Tertium
4010 3916 4202 3955 occur-

2624 3977 2697 4031 rit
2730 3996 2743 4030 :
2774 3978 2998 4047 propria
3029 3977 3318 4044 Ilebraiea,
3344 3997 3509 4049 quam
3537 3998 3639 4037 nos
3668 3982 3847 4038 Latini
3887 3991 4202 4059 corruptius

2623 4065 2854 4120 inducit.
2883 4067 2949 4120 Et
2974 4068 3079 4121 hoc
3114 4068 3190 4121 illi
3221 4083 3514 4126 commune
3540 4082 3623 4126 est
3655 4088 3779 4127 eum
3804 4078 4021 4133 czeteris
4060 4079 4199 4135 Cra:-

944 4166 1263 4234 pedimento
1289 4181 1410 4218 esse
1457 4163 1668 4233 possint
1698 4180 1711 4216 :
1740 4163 1794 4215 in
1831 4177 2067 4231 quorum
2106 4175 2275 4213 censu
2313 4158 2520 4228 primas
2547 4172 2592 4231 ο
2622 4158 2704 4210 cis
2731 4159 3073 4212 doctoribus.
3107 4159 3164 4213 In
3195 4160 3449 4231 Prologo,
3476 4171 3532 4216 et
3556 4163 3755 4219 Homil.
3786 4166 3821 4220 2
3847 4167 3925 4221 De
3952 4187 4079 4239 spe;
4112 4171 4199 4225 su-

947 4264 1097 4309 tenet
1145 4254 1561 4324 gastrimargia,
1611 4260 1750 4307 teste
1786 4250 2050 4305 Cassiano
2070 4264 2191 4318 cap.
2240 4248 2294 4309 5,
2334 4248 2432 4301 lib.
2468 4264 2519 4300 ν.

948 4348 1257 4401 Itemolitus
1295 4347 1533 4415 primum
1568 4345 1720 4408 vitia,
1756 4358 1879 4396 mox
1924 4340 2279 4411 progreditur
2306 4340 2374 4393 ad
2417 4340 2527 4392 vir-

947 4448 1127 4493 tutum
1168 4437 1655 4491 substructionem.
1689 4433 1795 4489 Sed
1836 4442 1894 4486 ct
1934 4434 2039 4485 hoc
2084 4431 2162 4483 illi
2198 4437 2525 4499 perpetuum

945 4540 1051 4586 est.
1102 4531 1317 4586 Nullam
1354 4546 1462 4583 non
1494 4530 1688 4583 harum
1715 4527 1817 4580 150
1839 4525 2197 4580 llomiliarum
2232 4523 2353 4577 ﬁnit
2381 4524 2528 4577 desi-

945 4638 1089 4676 nens
1121 4624 1201 4683 el,-
1247 4621 1341 4673 τοῦ
1397 4621 1535 4673 Θεοῦ
1587 4619 1919 4685 δοξολογίαν.
1944 4617 2013 4671 Et
2049 4617 2274 4686 quidem
2315 4618 2432 4669 btee
2458 4616 2526 4670 de

946 4728 1136 4781 opere.
1160 4712 1239 4765 Ad
1275 4713 1497 4764 tertium
1529 4709 1835 4762 ﬂectendus
1858 4708 1990 4763 mihi
2020 4716 2101 4761 est
2135 4707 2399 4761 calamus.
2429 4705 2528 4762 llic

948 4804 1086 4857 mibi
1117 4820 1241 4858 eum
1268 4803 1460 4872 primis
1477 4799 1913 4855 commonendus
1931 4799 2139 4863 videre,
2163 4799 2354 4861 lector,
2374 4806 2435 4851 ut
2459 4812 2528 4851 ne

954 4910 1358 4965 pnepropcram
1391 4893 1536 4947 feras
1574 4891 1904 4945 sententiam
1928 4891 1974 4944 si
2004 4890 2137 4956 quid
2164 4890 2310 4944 inter
2340 4891 2528 4959 legen-

953 4986 1083 5039 dum
1113 5001 1171 5039 se
1200 4986 1397 5038 ollerct
1421 4984 1534 5039 tuis
1568 4982 1801 5036 auribus
1855 4981 2117 5045 insolens,
2148 4979 2295 5049 quod
2324 4980 2377 5033 in
2406 4994 2531 5047 spe-

950 5077 1095 5131 ciem
1135 5075 1391 5146 pra'feret
1415 5084 1598 5129 notam
1623 5073 1854 5128 curiose
1887 5072 2171 5126 novitatis.
2199 5071 2407 5125 Ilabuit
2441 5072 2531 5125 hic

955 5173 1082 5241 pius
1112 5187 1237 5225 cum
1296 5186 1494 5239 magno
1528 5171 1825 5224 Athanasio
1871 5182 2166 5223 commune
2213 5166 2348 5220 illud
2388 5166 2532 5219 διδα-

958 5261 1179 5313 κτικόν·
1233 5276 1405 5330 genus
1450 5261 1639 5329 utique
1696 5259 1933 5313 docendi
1986 5272 2237 5327 pressum
2282 5268 2339 5311 et
2364 5258 2529 5310 astri-

957 5360 1129 5414 ctum,
1167 5350 1236 5404 ab
1272 5351 1420 5404 omni
1455 5351 1821 5405 ostentatione
1843 5360 1900 5404 et
1927 5349 2276 5403 aII’ectatione
2306 5364 2532 5418 promis

953 5444 1287 5497 abhorrens.
1325 5445 1429 5496 Sex
1468 5450 1835 5496 occurrerunt
1883 5456 1947 5493 ex
1994 5440 2249 5493 versione
2300 5447 2356 5492 et
2394 5440 2531 5492 releo

2628 4250 2869 4311 namitis,
2894 4250 3107 4319 profert
3134 4259 3189 4303 et
3218 4251 3619 4322 interpretatur
3656 4255 3949 4321 Cerialem,
3976 4264 4134 4331 quasi
4172 4279 4197 4315 a

2626 4341 2925 4405 schamain,
2947 4342 3096 4407 cmli,
3142 4353 3385 4413 etymum
3421 4348 3690 4401 sortiatur
3716 4365 3876 4403 zeum
3910 4349 4197 4407 Samniti:

2628 4432 2698 4485 sit
2752 4432 3050 4486 dicemlum
3125 4449 3155 4487 a
3215 4432 3366 4489 Suna
3426 4436 3667 4505 cppedo,
3714 4452 3912 4510 nempe
3967 4444 4196 4515 Abgsay,‘

2628 4524 2937 4593 Σαραφοία,
2971 4525 3119 4578 hom.
3166 4525 3256 4590 20,
3313 4542 3411 4596 pro
3443 4526 3746 4598 Sareptana
3794 4534 3994 4599 uidua;
4023 4536 4197 4589 Jotlwr

2628 4628 2732 4682 pro
2774 4613 2978 4667 Jethro.
3008 4613 3219 4669 Similia
3250 4617 3451 4685 passim
3498 4619 3641 4688 apud
3670 4620 4124 4693 Chrysostomum
4150 4636 4195 4679 et

2629 4703 3031 4757 Nazianzenuin
3056 4720 3071 4768 ;
3107 4705 3254 4758 hom.
3276 4706 3362 4769 74,
3387 4705 3649 4772 Nabuthe,
3667 4725 3769 4778 pro
3794 4711 4008 4768 Nabotli
4032 4731 4053 4770 :
4076 4725 4196 4769 utet

2629 4795 2862 4849 Basilius
2890 4812 2903 4848 :
2928 4793 3029 4859 Qui
3054 4795 3297 4850 Nabuthe
3334 4796 3677 4853 Jesraelitam
3723 4804 4001 4870 perdidit?
4024 4807 4195 4860 Nonne

2629 4889 2843 4940 Achaaz
2884 4888 3147 4957 cupiditas
3190 4889 3394 4942 vium?
3429 4890 3574 4957 Quin
3597 4900 3653 4945 et
3683 4894 4038 4961 Ambrosius,
4060 4899 4193 4954 Gne-

2631 4976 2836 5032 caniea:
2863 4978 3124 5033 dictionis
3166 4981 3420 5046 aemulus,
3453 4982 3658 5037 librum
3694 4986 3917 5054 scripsit
3949 4988 4030 5043 De
4059 4992 4190 5044 vinea

2630 5066 2891 5122 Nabuthe.
2920 5066 3123 5122 Horum
3147 5072 3376 5140 gratiam
3401 5074 3642 5129 arbitror
3665 5091 3765 5131 nos
3784 5077 3991 5134 debere
4016 5097 4193 5139 secun—

2631 5160 2764 5215 dum
2799 5161 2971 5214 Deum
3020 5163 3113 5215 uni
3167 5162 3521 5235 Hieronymo.
3568 5166 3836 5232 Quartum
3866 5181 3971 5235 est,
4002 5174 4059 5227 in
4092 5190 4189 5228 ani-

2634 5251 2945 5321 pliﬁcandis
2968 5252 3271 5307 virtutibus
3302 5264 3359 5309 et
3382 5259 3778 5327 exaggerandis
3808 5260 3961 5317 vitiis
3993 5263 4189 5319 censeri

2632 5343 2836 5413 poterit
2886 5342 3217 5398 immodicus
3255 5360 3267 5396 :
3310 5344 3406 5399 sed
3444 5357 3503 5401 et
3544 5348 3649 5403 hoc
3677 5349 3755 5403 illi
3803 5364 4100 5409 commune
4126 5359 4192 5406 est

2633 5448 2758 5487 eum
2777 5436 2979 5490 veteris
3009 5435 3271 5490 Ecclesiae
3293 5436 3638 5503 doctoribus,
3675 5444 3984 5510 praesertim
4005 5444 4191 5499 Joanne

956 5533 1163 5595 ctione,
1195 5548 1317 5600 qua:
1356 5531 1545 5584 rudem
1581 5530 1799 5599 linguze-
1818 5528 2142 5583 Gnecanica!
2167 5539 2223 5582 et
2243 5527 2534 5582 crassioris
2563 5497 2609 5553 θ
2636 5527 3048 5597 Cbrysostomo.
3074 5525 3422 5581 Crediderim
3452 5497 3785 5587 Antiochum
3805 5548 3836 5586 a
3862 5497 4192 5602 puerovexcr-

957 5624 1149 5693 judieii
1201 5626 1463 5678 lectorem
1521 5621 1800 5676 oﬁ‘endere
1844 5610 2089 5689 possent.
2121 5618 2367 5672 Primum
2396 5628 2481 5674 est
2514 5637 2526 5671 :

964 5714 1239 5772 lntercisa:
1273 5715 1501 5786 aliquot,
1532 5713 1833 5785 prudentes
1873 5721 1930 5769 et
1964 5711 2289 5767 inabsolutze
2320 5726 2380 5768 se
2427 5712 2532 5767 ob-

2639 5619 2818 5672 cuisse
2855 5617 3133 5687 ingenium
3178 5618 3234 5671 in
3270 5618 3582 5675 scribendis
3630 5621 4001 5694 Panegyricis,
4035 5626 4191 5680 Enco-

2641 5709 2905 5765 miasticis
2926 5718 2982 5764 et
3019 5708 3354 5779 Epideetieis
3397 5712 3761 5770 orationibus.
3794 5714 4061 5781 Quintum
4091 5724 4189 5771 est:
