4462 6440
340 382 467 445 ΗΠ

1464 381 1635 440 UOD.
1693 375 2141 438 TILMANNUS
2193 374 2537 435 LECTORI.

3461 365 3594 428 1-518

338 495 513 564 negari
543 508 650 547 non
679 501 859 561 potest
911 494 1042 562 quin
1097 491 1297 545 alicubi
1346 491 1527 559 lapsus
1577 490 1649 542 sit
1710 502 1917 541 memo—
1947 495 1992 551 Α
2023 486 2143 555 ipso
2175 483 2326 539 aditu
2360 484 2479 554 ejus
2510 497 2631 551 qua:
2686 480 2754 535 de
2787 479 2891 535 fide
2918 488 3023 543 est,
3056 485 3300 532 actutum
3345 478 3587 547 impegit-

337 588 413 641 ria
439 604 452 639 :
480 596 542 639 ut
563 601 689 639 cum
723 587 872 639 hom.
899 585 985 647 78.
1016 600 1116 654 pro
1149 584 1422 645 llahaeue,
1462 582 1672 636 inducit
1698 580 1914 650 Sopho-

338 682 517 743 uiam;
554 693 653 748 pro
688 677 949 731 Malachia
987 676 1297 737 Michmam;
1332 674 1436 728 sub
1464 674 1627 726 linem
1668 672 1786 733 107,
1817 688 1915 739 pro

338 770 723 825 Ecclesiastico
780 771 984 824 iterum
1011 768 1365 837 Sophoniam.
1392 766 1497 820 Sed
1538 767 1652 819 luec
1684 764 1917 819 lcvicula

338 862 666 916 ascribenda
718 860 1043 915 amanuensi
1104 860 1301 913 scribze
1351 868 1408 912 et
1458 856 1764 927 excepturi,
1826 858 1915 912 cui

341 953 529 1008 forsan
547 954 615 1008 de
641 954 907 1007 memoria
928 953 1194 1007 dictabat.
1221 950 1484 1020 Superest
1506 961 1744 1013 sextum,
1769 951 1917 1019 quod

342 1055 402 1101 ut
428 1047 557 1115 plus
579 1046 745 1100 habet
775 1046 992 1099 cartcris
1011 1045 1297 1109 momenti,
1315 1059 1490 1113 coque
1510 1044 1632 1113 plus
1649 1043 1880 1113 periculi
1901 1060 1915 1095 ε

345 1142 418 1193 ita
448 1151 506 1193 et
531 1140 599 1193 de
628 1141 733 1195 hoc
764 1141 901 1193 mihi
944 1139 1326 1193 disserendum
1357 1148 1441 1193 est
1463 1138 1786 1192 consultius.
1818 1138 1919 1194 Ubi

342 1231 493 1283 enim
530 1231 705 1300 majus
743 1231 978 1282 vertitur
1010 1230 1336 1299 periculum,
1368 1229 1444 1282 ibi
1466 1229 1636 1299 magis
1674 1239 1760 1283 est
1786 1242 1921 1283 con-

344 1319 641 1372 sulendum
677 1336 689 1370 :
722 1320 761 1373 l.
784 1320 841 1373 [Γ.
886 1320 951 1373 M
974 1321 1049 1373 De
1082 1318 1429 1373 Carbuniano
1452 1318 1655 1381 edicto.
1690 1318 1789 1381 Μ,
1819 1317 1919 1387 ξε.

345 1412 461 1465 Nec
497 1412 648 1465 enim
691 1411 1148 1480 praecipitandum
1198 1420 1284 1463 est
1332 1411 1648 1474 consilium,
1703 1410 1924 1478 quando

347 1516 440 1553 res
474 1501 593 1570 ipsa
623 1501 795 1569 exigit
826 1507 885 1553 ut
915 1499 1184 1552 maturius
1232 1515 1475 1567 agamus,
1506 1499 1635 1553 dist.
1670 1498 1739 1553 50
1779 1499 1923 1552 Pon-

349 1592 513 1643 deret.
544 1593 756 1645 llixcris
774 1609 787 1645 :
805 1590 947 1657 Quid
975 1590 1107 1644 illud
1132 1591 1251 1644 est?
1276 1590 1469 1644 Paucis
1491 1590 1695 1659 accipe.
1723 1588 1923 1655 Quanti

350 1684 521 1737 fuerit
551 1682 782 1752 periculi
809 1698 908 1752 per
929 1697 1120 1736 omnes
1159 1682 1405 1735 omnium
1446 1689 1669 1735 mtatum
1704 1682 1921 1751 gradus,

350 1776 601 1843 abusque
635 1775 792 1827 initio
835 1774 1188 1843 primogenia:
1229 1784 1287 1828 ct
1338 1775 1577 1842 primum
1627 1775 1927 1829 exorientis

2022 578 2189 630 Lecto
2219 576 2489 645 siquidem
2522 574 2642 627 loco
2669 592 2683 625 :
2716 572 2868 627 Fides
2897 573 3033 626 enim
3057 572 3112 624 in
3137 569 3385 623 arculum
3412 569 3587 631 stabit,

2017 670 2364 739 apprehenso
2398 666 2679 721 mordicus
2704 666 2858 719 labro
2883 665 3144 718 inferiore
3171 662 3414 716 restabat
3436 660 3589 731 quasi

2020 766 2073 817 in
2113 763 2327 816 salebra
2368 762 2619 815 haereret.
2648 758 2768 812 Mox
2794 759 3057 827 subjicit:
3091 778 3108 808 ι
3135 758 3235 811 Hic
3262 756 3419 810 locus
3454 754 3595 824 sapit

2019 854 2309 918 haeresim;
2352 862 2506 907 certo
2555 851 2648 905 tibi
2699 850 2970 920 persuade
3005 864 3287 918 nunquam
3327 848 3598 902 admissu-

2020 963 2112 1002 ros
2140 963 2259 1001 esse
2278 962 2406 1000 cum
2439 945 2743 1014 theologos,
2765 957 2907 1011 quos
2936 956 3106 1010 penes
3134 941 3320 994 libella
3345 938 3600 995 consistit

2016 1038 2151 1109 justi
2174 1035 2440 1091 examinis
2474 1052 2487 1087 :
2517 1033 2875 1103 quamobrem
2910 1047 2941 1086 e
2976 1046 3034 1084 re
3064 1040 3157 1085 tua
3189 1030 3355 1083 fuerit
3388 1031 3598 1099 tibique

2021 1129 2297 1190 consules,
2333 1128 2378 1181 si
2412 1126 2580 1179 ducta
2606 1124 2769 1177 litura
2821 1123 3184 1177 interleveris.
3230 1140 3249 1172 ι
3291 1121 3427 1176 Huic
3451 1137 3593 1190 ego:

2030 1239 2049 1271 ι
2076 1221 2391 1290 Apostolum
2410 1219 2524 1273 seio
2546 1216 2843 1286 apostolico
2870 1216 3155 1283 scripsisse
3184 1214 3347 1269 fidem
3376 1224 3428 1269 et
3448 1230 3599 1284 spem

2023 1327 2268 1375 casuras,
2323 1312 2647 1366 charitatem
2684 1326 2818 1364 vero
2860 1317 3126 1364 aeternum
3177 1316 3596 1362 constaturam:

2025 1404 2158 1467 imo,
2199 1402 2334 1457 nulli
2383 1400 2709 1471 cxplicabile
2738 1401 3135 1453 incrementum
3164 1408 3516 1467 accepturam
3545 1398 3601 1453 in

2023 1493 2221 1563 patria.
2241 1495 2397 1563 juxta
2426 1492 2575 1547 Isaia:
2602 1492 2885 1545 oraculum
2937 1489 3173 1544 dicentis
3209 1507 3222 1542 :
3257 1490 3387 1542 Vivit
3418 1488 3603 1544 Domi-

2026 1601 2124 1638 nus
2168 1585 2318 1654 cujus
2376 1585 2510 1653 ignis
2569 1586 2622 1637 iu
2667 1582 2816 1647 Sion,
2844 1592 2892 1636 ct
2947 1583 3184 1635 caminus
3218 1582 3274 1633 in
3310 1580 3607 1634 Jerusalem

2027 1679 2167 1749 (ιτα.
2203 1696 2347 1744 xxxi,
2372 1680 2461 1740 9).
2499 1678 2653 1733 Fidei
2683 1680 2831 1733 enim
2888 1686 3045 1733 actus
3091 1686 3177 1731 est
3236 1676 3317 1731 rei
3360 1676 3606 1731 nondum

2027 1772 2192 1837 viszn;
2233 1771 2372 1840 spei.
2418 1770 2666 1824 nondum
2701 1769 2923 1823 habitze.
2964 1768 3324 1837 Consequens
3356 1782 3487 1822 sane
3531 1767 3605 1821 sit

350 1841 614 1919 Ecclesia:
649 1841 867 1934 quidvis
901 1865 954 1917 in
984 1841 1233 1933 apricum
1272 1841 1596 1933 depromere
1629 1881 1659 1918 c
1682 1866 1926 1933 locuple-
1960 1841 2001 1896 Β
2034 1862 2177 1932 quod
2203 1878 2327 1916 cum
2356 1860 2636 1916 videbitur
2651 1860 2810 1915 sicuti
2840 1869 2925 1913 est
2952 1869 3008 1913 et
3036 1859 3350 1923 habebitur,
3371 1873 3605 1913 evacua-

351 1957 570 2009 tissimo
603 1971 747 2024 penu
780 1956 1127 2023 eloquiorum
1167 1956 1501 2017 divinorum.
1530 1956 1719 2009 testari
1754 1957 1929 2009 abun-

349 2048 424 2101 de
461 2054 643 2115 potest
669 2061 810 2100 unus
840 2047 930 2099 ille
960 2046 1286 2100 Christianae
1316 2048 1596 2117 religionis
1624 2046 1929 2100 acerrimus

350 2148 732 2208 propugnator
786 2138 1086 2209 Gregorius
1128 2139 1524 2196 Nazianzenus.
1565 2152 1676 2208 quo
1728 2154 1929 2208 praece-

349 2238 515 2298 ptore
566 2241 752 2284 noster
792 2230 1156 2301 Hieronymus
1209 2230 1433 2300 gloriari
1483 2246 1592 2284 non
1646 2246 1756 2283 uno
1808 2231 1929 2285 loco

352 2320 519 2372 solet.
548 2319 606 2372 In
634 2318 988 2388 Apologctico
1009 2319 1213 2373 etenim
1241 2334 1343 2373 suo
1365 2318 1529 2372 docet
1553 2318 1607 2372 id
1636 2318 1928 2388 perspicue

352 2410 561 2478 triplici
584 2424 652 2463 cx
681 2410 847 2463 modo
875 2410 1032 2473 oriri,
1061 2425 1092 2464 e
1118 2425 1309 2473 sensu,
1333 2425 1364 2463 e
1403 2425 1679 2471 sermone,
1713 2425 1777 2462 ex
1811 2411 1930 2478 ipso

351 2503 577 2556 auditu.
623 2505 693 2556 At
739 2510 947 2570 quanto
991 2511 1078 2555 est
1120 2500 1286 2554 hodie
1331 2501 1462 2555 alea:
1516 2500 1930 2570 periculosioris

349 2593 605 2646 scribere
635 2608 648 2644 :
690 2599 788 2645 aut
818 2591 965 2659 quod
998 2591 1053 2645 in
1076 2592 1388 2659 antiquario
1413 2592 1675 2660 quopiam
1698 2590 1928 2645 doctore

346 2682 568 2737 editum
594 2684 705 2753 jam
741 2682 871 2736 olim
908 2683 1000 2747 sit,
1034 2684 1086 2737 in
1123 2684 1364 2738 alienam
1395 2682 1786 2736 transfundere
1824 2682 1931 2737 lin-

347 2788 541 2842 guam.
575 2786 641 2825 ac
686 2771 917 2841 proinde
968 2772 1035 2826 ad
1087 2786 1435 2826 connnuncm
1473 2772 1720 2825 omnium
1769 2788 1928 2826 usum

351 2861 504 2932 typis
563 2861 945 2925 committere,
995 2861 1218 2931 quando
1294 2860 1566 2930 quidquid
1625 2861 1930 2931 quamlibet

346 2958 546 3003 sancte
589 2948 797 3004 dixeris
832 2950 949 3018 rapi
992 2949 1047 3003 id
1074 2950 1250 3003 soleat
1277 2950 1330 3004 in
1358 2951 1649 3018 pessimam
1682 2950 1931 3020 partem?

348 3038 397 3093 Λ
432 3039 803 3094 novatoribus
840 3038 963 3094 istis
1003 3047 1256 3093 veterum
1308 3039 1618 3098 lnercseon.
1645 3040 1781 3093 nihil
1828 3055 1930 3093 nc-

347 3145 512 3185 cesse
546 3129 622 3183 sit
675 3137 739 3183 ut
783 3128 1010 3183 doceam
1048 3145 1211 3199 quam
1240 3129 1466 3199 oblique
1505 3140 1701 3184 cuncta
1739 3131 1928 3185 detor-

348 3232 657 3289 queantur,
689 3219 908 3289 quando
936 3235 1044 3273 non
1074 3220 1259 3283 Petro.
1292 3235 1403 3273 non
1448 3219 1641 3274 Joanni
1675 3229 1929 3289 parcunt,

349 3328 464 3366 non
505 3312 694 3366 vivido
733 3312 812 3365 illi
843 3328 1049 3382 organo
1082 3312 1324 3382 Spiritus
1355 3312 1528 3367 sancti
1552 3313 1743 3374 Paulo,
1777 3328 1841 3367 ac
1865 3329 1935 3368 ne

350 3405 660 3475 Evangelio
684 3404 927 3473 quidem.
956 3404 1063 3460 Sed
1085 3416 1141 3459 ct
1172 3407 1277 3460 hoc
1310 3406 1538 3470 malum,
1565 3406 1709 3475 quod
1734 3407 1800 3462 ad
1836 3422 1937 3462 nos

348 3498 578 3559 attinet,
634 3504 915 3565 utcunque
986 3497 1269 3550 tolerabile
1318 3497 1496 3551 videri
1552 3498 1745 3567 possit.
1797 3498 1935 3553 Cum

348 3589 505 3643 enim
537 3587 655 3641 sint
688 3587 1041 3651 insanabiles,
1073 3588 1339 3657 ιιι-ιεεοίρίιί
1394 3588 1519 3658 fuga
1570 3589 1936 3658 prawcrtendi

348 3680 616 3741 veniunt,
651 3680 808 3746 juxta
844 3678 998 3732 Pauli
1022 3678 1356 3741 doctrinam.
1388 3689 1445 3734 et
1474 3680 1653 3734 modis
1678 3680 1937 3735 omnibus

349 3772 595 3828 vitandi.
632 3772 801 3842 Major
827 3787 1019 3826 eorum
1054 3788 1187 3827 cura
1249 3781 1356 3838 est.
1419 3776 1514 3843 qui
1566 3777 1777 3844 privata
1826 3793 1936 3831 non

351 3866 489 3920 item
518 3864 741 3934 publica
770 3864 1100 3918 auctoritate
1130 3880 1331 3919 nomen
1356 3866 1459 3919 sibi
1502 3877 1727 3920 sumunt
1778 3868 1935 3922 theo-

348 3958 631 4027 logorum,
670 3954 763 4024 qui
830 3954 1065 4008 frontem
1122 3955 1327 4010 habent
1367 3966 1477 4011 tam
1523 3958 1814 4012 eﬂ'rontem
1874 3976 1939 4015 ac

348 4048 724 4118 praefractam,
755 4054 807 4099 et
846 4062 913 4100 eo
962 4046 1287 4102 reciderunt
1325 4050 1655 4103 temeritatis
1689 4060 1749 4104 ut
1780 4052 1935 4121 quasi

343 4139 581 4209 quidam
604 4136 905 4192 Aristarchi
927 4154 1118 4192 eorum
1150 4138 1255 4193 sibi
1287 4140 1567 4195 vindicent
1599 4143 1935 4198 functionem

346 4233 739 4301 theologorum
767 4246 907 4300 quos
945 4246 1119 4299 penes
1163 4231 1521 4287 honorarium
1566 4234 1770 4303 pendet
1789 4236 1938 4306 judi-

343 4330 501 4385 cium
556 4326 907 4396 expendendi
969 4326 1306 4396 Scripturas,
1351 4345 1483 4383 num
1535 4330 1794 4400 legitimae
1826 4332 1938 4385 sint

344 4426 613 4480 monetae.
644 4432 714 4471 an
753 4415 1084 4471 adulterinae
1114 4427 1209 4471 aut
1240 4418 1627 4489 supposititite.
1652 4419 1933 4490 Ejusmodi

2036 1954 2187 2008 bitur
2217 1952 2364 2024 quod
2425 1963 2723 2021 utrumque
2762 1968 2827 2006 cx
2864 1958 3016 2021 parte
3052 1960 3156 2014 est,
3193 1960 3249 2004 et
3290 1950 3609 2020 perficietur

2035 2046 2182 2115 quod
2210 2056 2297 2100 est
2325 2044 2546 2099 fabrica:
2568 2045 2875 2113 spiritualis
2907 2060 3041 2115 apex
3071 2056 3126 2098 et
3156 2043 3485 2114 fastigium.»
3516 2045 3612 2099 Est

2036 2138 2398 2191 nihilominus
2457 2137 2727 2191 catholica
2783 2137 2897 2191 lucc
2960 2135 3486 2206 propositiozFidcs
3554 2137 3611 2189 in

2035 2225 2288 2278 swculum
2314 2226 2494 2279 stabit.
2526 2226 2683 2292 Quod
2711 2233 2797 2280 est
2846 2224 3092 2279 Hebrzeis
3125 2210 3249 2285 ὡς),
3269 2224 3375 2279 hoc
3408 2224 3612 2279 Graecis

2038 2316 2190 2383 αἰών,
2225 2318 2385 2372 nobis
2415 2318 2686 2382 stt-culum,
2719 2332 2824 2371 vox
2848 2317 3047 2387 cuique
3083 2317 3281 2386 lingua:
3310 2317 3609 2386 polysema,

2037 2408 2269 2463 testibus
2302 2407 2636 2480 Hieronymo
2668 2410 2724 2463 in
2757 2409 3056 2478 prophetas
3089 2418 3146 2463 et
3169 2409 3381 2463 Joanne
3419 2409 3616 2462 Dama-

2037 2513 2223 2560 sceno,
2252 2513 2374 2567 cap.
2414 2500 2435 2551 1
2470 2499 2599 2552 libri
2628 2516 2691 2561 ιι,
2716 2514 2869 2553 nunc
2904 2498 3146 2553 hominis
3201 2507 3439 2564 anatem,
3466 2514 3616 2554 nunc

2036 2590 2223 2643 szeculi
2259 2589 2445 2653 finem,
2476 2598 2540 2644 ut
2567 2590 2674 2644 boc
2721 2589 2868 2654 loco,
2918 2589 3116 2659 signat.
3166 2589 3273 2646 Sed
3320 2597 3378 2644 et
3432 2591 3614 2644 locum

2038 2679 2224 2734 indico
2256 2680 2404 2735 unde
2445 2680 2786 2751 praescriptis
2832 2680 3020 2735 verbis
3058 2680 3113 2734 id
3151 2682 3367 2735 axioma
3395 2682 3617 2736 desum-

2037 2781 2191 2842 ptum
2229 2772 2319 2836 sit,
2353 2786 2552 2841 nempe
2607 2787 2638 2828 e
2668 2788 2734 2825 xt.
2767 2787 2888 2841 cap.
2932 2772 3144 2826 Ecclcs.
3188 2771 3343 2826 Tunc
3376 2773 3615 2842 primum

2036 2866 2107 2919 ab
2135 2880 2202 2920 eo
2239 2865 2563 2934 scrupulum
2598 2864 2747 2918 hunc
2780 2863 3020 2918 excussi.
3058 2864 3248 2932 Neque
3294 2864 3398 2917 hoc
3450 2864 3616 2918 velim

2034 2959 2316 3013 existimes
2343 2973 2410 3012 eo
2448 2973 2479 3011 a
2520 2972 2606 3010 me
2635 2956 2869 3018 dictum,
2893 2955 3038 3025 quod
3064 2955 3318 3010 damnem
3348 2958 3411 3010 D.
3456 2956 3616 3011 theo-

2035 3052 2285 3123 logorum
2320 3050 2443 3120 pios
2463 3049 2684 3105 labores
2710 3048 2765 3102 in
2788 3046 3141 3117 explorandis
3161 3047 3463 3117 Seripturis
3484 3064 3617 3101 num

2036 3139 2294 3210 legitimae
2332 3141 2442 3195 sint
2487 3150 2543 3195 et
2607 3139 2817 3194 lectore
2862 3138 3182 3193 Christiano
3224 3139 3423 3208 dignae.
3470 3138 3615 3205 Quin

2037 3232 2174 3287 adeo
2190 3247 2297 3287 non
2320 3231 2544 3297 damno,
2574 3231 2827 3287 utetiam
2872 3231 3090 3285 tuenda:
3120 3231 3246 3285 fidei
3276 3230 3617 3295 orthodoxae.

2036 3334 2163 3379 ante
2221 3324 2765 3379 senatusconsultum
2794 3323 2847 3376 in
2891 3323 3034 3378 hanc
3082 3337 3197 3377 rem
3243 3323 3513 3378 sancitum
3563 3330 3615 3376 et

2035 3416 2268 3482 editum,
2320 3418 2636 3472 necessario
2705 3416 3018 3471 censuerim
3055 3430 3274 3484 semper
3323 3425 3379 3469 et
3424 3414 3617 3469 eadem

2038 3510 2275 3574 ratione,
2326 3508 2475 3580 vulgi
2528 3517 2695 3579 atque
2754 3508 3193 3563 Lutheranorum
3263 3506 3618 3576 negligendos

2038 3600 2398 3668 contemptim
2432 3601 2805 3664 rumusculos,
2840 3600 3167 3669 pervicacia:
3203 3606 3419 3652 tantum
3449 3607 3506 3653 et
3536 3608 3616 3652 tc-

2038 3690 2309 3745 meritatis
2331 3690 2651 3746 Dathaniete
2684 3701 2742 3747 et
2771 3691 3084 3746 Abironica:
3110 3706 3373 3760 perquam
3402 3692 3615 3761 plenos.

2036 3783 2114 3838 De
2165 3797 2268 3837 suo
2315 3782 2540 3851 opificio
2593 3783 2919 3851 pronuntiat
2965 3782 3147 3852 quivis
3200 3781 3404 3852 opifex,
3438 3791 3616 3847 sutor,

2038 3887 2235 3940 sartor,
2274 3876 2535 3945 piscator,
2564 3877 2767 3944 pollio;
2802 3876 2870 3931 de
2905 3875 3212 3942 theologica
3256 3890 3337 3938 re.
3368 3876 3616 3931 omnium

2038 3984 2159 4037 qute
2183 3969 2236 4021 in
2263 3967 2427 4021 terris
2449 3974 2577 4021 sunt
2601 3967 3012 4037 augustissima,
3038 3966 3138 4021 soli
3171 3967 3260 4022 isti
3294 3967 3415 4037 ejus
3440 3968 3613 4023 rudis-

2037 4060 2160 4114 simi
2201 4059 2505 4113 censebunt
2536 4059 2784 4127 epilices,
2819 4059 2913 4113 uni
2964 4060 3218 4129 theologo
3286 4075 3395 4114 non
3427 4060 3617 4116 licebit

2038 4152 2092 4204 in
2125 4163 2342 4207 suomet
2375 4168 2568 4223 campo
2596 4156 2999 4224 pronuntiare?
3030 4155 3093 4208 Et
3121 4155 3236 4209 htcc
3278 4163 3384 4210 tam
3428 4157 3616 4212 multis

2036 4244 2205 4298 libuit
2227 4244 2499 4310 scribere,
2525 4254 2586 4299 ut
2621 4246 2900 4317 intelligas
2942 4248 2995 4301 in
3044 4248 3267 4317 quantis
3294 4248 3459 4304 hodie
3489 4266 3616 4304 ver-

2036 4343 2190 4389 setur
2238 4337 2501 4406 periculis
2556 4338 2809 4407 quisquis
2860 4339 3075 4393 scribit.
3106 4339 3189 4393 Ad
3241 4354 3307 4394 ea
3355 4349 3411 4395 et
3445 4357 3615 4410 pauca

2036 4426 2220 4492 venio,
2249 4442 2372 4496 qua:
2404 4428 2657 4482 nonnihil
2685 4429 3006 4484 desiderant
3025 4431 3164 4486 lucis
3190 4447 3301 4502 qua
3329 4432 3616 4486 illustren-

343 4508 690 4582 prmproperi
739 4506 879 4561 adeo
917 4516 1047 4562 sunt
1088 4518 1140 4562 et
1174 4510 1476 4579 prtecipitis
1511 4509 1733 4580 judicii.
1766 4518 1827 4563 ut
1857 4510 1930 4567 'de
1965 4521 2007 4576 ι)
2037 4524 2127 4570 tur
2166 4526 2222 4572 et
2276 4519 2688 4587 splendescant.
2723 4531 2781 4575 et
2812 4522 2962 4584 lucc,
2989 4522 3241 4593 inquam,
3285 4524 3615 4594 paucissima

341 4602 551 4672 quovis
607 4600 850 4654 nondum
912 4608 1123 4653 mature
1177 4599 1319 4653 lecto
1375 4615 1602 4655 censere
1650 4602 1837 4656 ausint
1869 4618 1933 4658 ac

340 4708 547 4763 magna
592 4707 718 4746 cum
770 4692 1027 4746 libertate
1058 4692 1439 4761 pronuntiare.
1472 4692 1696 4747 Liberet
1722 4694 1931 4749 dictum

340 4795 453 4840 hoc
485 4800 673 4839 meum
705 4783 913 4852 duplici
942 4784 1325 4853 experimento
1354 4784 1703 4851 conﬁrmare,
1739 4796 1799 4841 ut
1830 4786 1925 4841 ad-

344 4875 601 4930 monitus
656 4875 831 4929 lector
862 4876 927 4947 (si
980 4876 1104 4945 quis
1171 4876 1388 4931 tandem
1448 4878 1749 4949 continget)
1812 4879 1933 4946 pios

335 4967 500 5036 juxta
556 4979 623 5018 ac
675 4963 869 5019 doctos
920 4982 1028 5020 non
1068 4966 1198 5021 satis
1220 4982 1378 5035 :equo
1407 4968 1599 5036 judicii
1641 4969 1931 5023 libramine

336 5071 627 5126 expenses
676 5056 981 5127 prospiciat
1025 5074 1095 5112 ne
1132 5058 1357 5112 damnet
1391 5059 1652 5113 immeriti
1699 5060 1929 5121 erroris.

336 5147 447 5201 hac
477 5148 788 5216 praesertim
833 5156 994 5201 aztate
1022 5148 1171 5202 omni
1210 5150 1734 5221 tragmdio-graphia
1764 5167 1929 5221 supe-

336 5238 512 5293 riore.
532 5235 691 5303 Quod
719 5235 902 5306 priore
936 5237 1059 5291 loco
1090 5239 1182 5292 hic
1205 5238 1501 5292 dicendum
1524 5239 1722 5305 fuerat,
1752 5224 1927 5296 visum

332 5338 428 5384 est
494 5326 726 5383 diﬂ‘erre
768 5328 821 5382 in
874 5331 1309 5399 recognitionem
1370 5332 1560 5402 operis
1618 5334 1925 5404 imperfecti

335 5420 581 5476 Joannis
625 5418 1005 5490 Chrysostomi
1037 5421 1093 5477 in
1126 5422 1461 5478 Matthazum.
1489 5424 1608 5479 Jam
1649 5425 1714 5479 ad
1751 5426 1804 5480 id
1835 5426 1927 5480 de-

333 5510 558 5566 scendo
593 5510 743 5580 quod
784 5526 872 5565 me
904 5513 1135 5582 propius
1166 5520 1348 5583 urget.
1395 5514 1561 5569 Initio
1596 5516 1782 5571 statim
1818 5517 1929 5586 pri-

330 5619 488 5659 mam
524 5604 938 5674 αὐτοσχεδξασιν
965 5605 1055 5658 vix
1084 5620 1323 5672 versam,
1372 5608 1610 5663 amiculo
1674 5608 1799 5663 dedi
1848 5610 1926 5663 le-

330 5694 602 5763 gendam.
640 5693 805 5749 docto
849 5695 1098 5764 quidem.
1127 5696 1245 5762 sed,
1279 5706 1341 5752 ut
1381 5698 1562 5751 exitus
1601 5698 1810 5763 docuit,
1842 5716 1929 5752 ar-

330 5786 549 5857 gutiori
575 5801 744 5856 quam
793 5786 849 5839 in
900 5786 1221 5841 evolvendis
1257 5788 1451 5845 Bibliis
1477 5789 1835 5861 diligentiori.
1866 5792 1924 5846 ln

596 5877 873 5938 ΡΑτειοι.
920 5879 1031 5937 Gl.
1073 5878 1397 5942 LXXXIX.

2032 4609 2337 4675 conferam,
2368 4611 2823 4680 quandoquidem
2860 4623 3018 4683 urget
3070 4616 3290 4683 prelum
3315 4616 3616 4670 vehemen-

2034 4709 2141 4755 ter.
2175 4700 2354 4757 Locus
2381 4702 2474 4772 qui
2506 4718 2564 4758 se
2600 4703 2762 4758 oﬂ‘ert
2803 4704 3237 4767 discutiendum,
3263 4708 3478 4776 primus
3524 4708 3617 4763 ille.

2032 4802 2119 4848 est
2148 4795 2201 4848 in
2259 4795 2380 4863 ipso
2406 4795 2625 4866 Prologi
2663 4798 2940 4852 vestibulo
2970 4814 3000 4853 c
3028 4798 3273 4854 Canticis
3305 4799 3616 4855 Salomonis

2033 4880 2416 4952 depromptus,
2466 4900 2577 4954 quo
2610 4885 2783 4943 libros
2830 4887 3136 4942 Bibliorum
3187 4888 3422 4957 (eximiae
3471 4890 3614 4945 inter

2034 4981 2262 5026 czeteros
2294 4975 2667 5043 auctoritatis)
2698 4977 3016 5045 parabolica
3055 4979 3350 5046 collatione
3397 4981 3616 5036 confert

2033 5063 2317 5132 sexaginta
2373 5064 2618 5136 reginis,
2674 5082 2800 5121 cum
2840 5068 3165 5137 neutiquam
3220 5070 3448 5124 totidem
3503 5071 3617 5124 sint

2031 5152 2183 5208 libri.
2216 5155 2488 5212 (Steterum
2544 5173 2654 5213 non
2705 5174 2997 5213 numerum
3051 5160 3141 5214 hic
3199 5162 3459 5223 attendit.
3515 5164 3615 5220 sed

2033 5247 2419 5303 auctoritatem
2478 5249 2596 5305 sive
2654 5249 2976 5320 dignitatem
3013 5268 3026 5303 :
3060 5253 3209 5320 quod
3262 5264 3349 5308 sat
3402 5263 3488 5309 cst
3544 5255 3612 5310 ad

2031 5336 2357 5392 eliciendam
2403 5340 2691 5395 veritatem
2771 5341 3150 5407 Hommoseos.
3187 5344 3349 5411 cujus
3398 5344 3613 5413 species

2032 5438 2147 5483 tres
2188 5439 2336 5493 sunt,
2376 5430 2563 5497 εἰκὼν,
2596 5433 2690 5485 καὶ
2745 5434 3120 5502 παράδειγμα,
3164 5436 3259 5489 καὶ
3299 5436 3612 5505 πειραῦθλὴ.

2032 5519 2237 5575 Homil.
2291 5520 2402 5585 26,
2463 5524 2612 5593 quod
2658 5525 2916 5580 hortatur
2962 5526 3300 5589 monachos.
3354 5528 3613 5582 manibus

2031 5619 2256 5667 strenue
2297 5622 2358 5667 ut
2407 5613 2695 5680 laborent;
2739 5616 2885 5671 idem
2916 5616 3283 5689 Hieronymus
3329 5619 3396 5674 ad
3421 5620 3610 5673 Rusti-

2031 5715 2177 5766 cum,
2214 5703 2546 5761 Benedictus
2588 5717 2644 5763 et
2669 5710 2875 5764 caeteri.
2909 5710 3109 5765 Homil.
3146 5711 3214 5764 £9
3245 5718 3397 5764 arcet
3434 5709 3610 5764 Simo-

2030 5794 2222 5850 niacos
2276 5811 2307 5851 a
2366 5799 2593 5870 judicio,
2627 5817 2737 5857 non
2774 5803 3289 5874 qualicunque.sed
3316 5812 3610 5874 usurpato-

3215 5894 3291 5954 45
