4462 6440
893 350 1031 414 Mla

2160 338 2517 397 ΛΝΤῊΝἸΙΠ
2562 335 2903 397 ΜΗΧΜἹΙΙῘ

4006 319 4145 384 14ἓο

895 469 997 527 rio,
1024 464 1329 534 suspicioso
1355 471 1409 516 et
1439 459 1730 514 temerario
1761 496 1772 518 ,
1808 452 2043 506 maxime
2083 466 2110 503 a
2144 450 2354 519 judicio
2384 464 2466 499 re-
2498 454 2536 509 Λ
2575 447 2651 499 De
2684 447 2871 513 apirittt
2911 456 2956 497 cl
3005 447 3182 497 enimn
3229 442 3581 511 exsequitur;
3626 435 3975 509 Hippocratis
4008 450 4149 504 quo-

890 558 1235 629 probationis
1261 554 1405 623 quod
1437 552 1611 605 solius
1631 559 1715 601 est
1742 547 1835 600 llei
1875 564 1885 597 :
1912 560 2017 597 non
2046 544 2176 595 itctn
2210 543 2465 610 prohibet

897 645 1177 713 publicum
1218 645 1331 696 sive
1357 641 1763 695 contentiosum
1801 635 1853 688 in
1901 635 2006 687 hoc
2042 632 2381 693 institutum,
2408 640 2461 682 ut

895 747 1214 805 protegatur
1243 736 1580 793 innocentia,
1609 739 1663 781 et
1694 727 1900 780 malitia
1941 726 2226 796 puniatur,
2250 726 2305 787 εὶ,
2332 740 2387 791 q.
2417 724 2464 783 l,

895 834 1024 892 υιιίιι
1074 827 1377 879 ΙιυίΙιανὶιιδ.
1435 824 1630 878 llomil.
1698 820 1803 882 (i3,
1862 818 2042 881 initio,
2066 816 2243 870 videri
2296 814 2468 884 possit

893 920 1041 971 omni
1073 933 1298 986 prorsus
1318 918 1635 987 juramento
1687 911 2019 967 interdicere
2053 909 2291 963 voluisse
2312 908 2470 961 Chri-

894 1011 1108 1075 stianis,
1163 1012 1455 1063 collatione
1512 1007 1800 1075 utriusque
1851 1004 2008 1073 legis,
2079 1016 2206 1055 cum
2261 1000 2467 1068 alioqui

891 1106 1266 1173 jnramcntum
1321 1101 1407 1155 sui
1447 1108 1643 1153 natura
1700 1098 1900 1151 malum
1942 1095 2081 1149 adeo
2130 1109 2240 1147 non
2283 1092 2378 1155 sit,
2411 1104 2472 1144 ut

897 1207 1053 1249 actm
1096 1196 1258 1247 etiam
1313 1193 1485 1245 latria:
1519 1192 1609 1251 sit,
1648 1190 1832 1243 adsint
1867 1186 2029 1241 modo
2080 1194 2189 1238 tres
2215 1184 2468 1245 comites,

900 1287 1119 1344 \eritas,
1150 1283 1419 1349 judicium
1464 1289 1519 1334 et
1564 1278 1795 1348 iustitia,
1832 1285 1966 1331 teste
2008 1276 2070 1329 D.
2104 1274 2334 1327 Thema.
2364 1273 2471 1326 Vc-

898 1395 1016 1430 rum
1047 1377 1269 1444 quando
1304 1375 1426 1427 libri
1463 1374 1602 1441 juris
1638 1374 1923 1438 utriusque
1950 1367 2223 1421 lusiss‘tne
2247 1366 2470 1425 docent,

896 1468 1191 1538 quibusde
1223 1467 1406 1518 causis
1441 1465 1602 1516 liccat
1647 1463 1857 1529 jurare,
1891 1459 2095 1527 quibus
2129 1472 2262 1520 non,
2288 1455 2384 1509 sed
2419 1464 2473 1507 et

897 1562 1084 1615 schola
1140 1558 1516 1622 theologorum
1562 1552 1669 1605 illis
1733 1550 1923 1603 eadem
1973 1549 2039 1599 de
2092 1563 2149 1600 re
2187 1545 2469 1600 concinit:

898 1653 1033 1704 satis
1058 1648 1289 1701 videbor
1327 1644 1521 1697 iecisse
1545 1642 1589 1694 si
1614 1642 1855 1693 docuero
1877 1636 2208 1689 Antiochum
2236 1633 2473 1685 voluisse

899 1758 927 1791 a
963 1737 1195 1805 reproba
1247 1729 1651 1785 consuetudine
1698 1724 1918 1794 jurantli
1974 1736 2204 1775 avocare
2254 1720 2470 1778 fratres,

2572 558 2677 608 qm:
2702 538 3133 590 coiinnentarius
3162 536 3435 590 tusissinte
3469 536 3523 587 in
3550 534 3714 601 hujus
3738 530 4148 600 Apotelcsmata

2571 633 2637 683 de
2678 632 2926 683 siminiis.
2957 629 3229 697 Apatliian
3264 629 3489 696 insuper
3511 625 3679 679 sumit
3705 638 3814 677 non
3844 639 3945 692 pro
3973 622 4151 676 omni-

2573 724 2727 777 mmla
2787 724 2874 775 illa
2924 737 3049 791 erga
3103 720 3423 774 atl'ectioues
3477 718 3590 772 sive
3643 716 3927 786 passiones
3975 715 4147 768 animi

2572 814 2956 869 imnmbilitate
2989 831 3000 865 :
3030 811 3122 881 qui
3172 827 3328 864 error
3374 810 3827 880 philosophorum
3859 816 4016 870 erat;
4052 806 4150 860 ad-

2572 920 2769 959 versus
2801 919 2965 972 quem
3009 902 3282 965 Laertius,
3344 903 3612 971 Diogenes
3659 913 3715 954 et
3773 899 4147 954 Plutarchus:

2572 1015 2637 1052 c.\
2690 996 2923 1056 Latinis,
2977 996 3148 1047 Aulus
3198 992 3428 1055 Gellius,
3479 1002 3703 1046 sanctus
3759 990 4150 1060 Hieronymus.

2573 1099 2733 1156 atque
2766 1086 3105 1154 Augustinus
3158 1085 3423 1137 adversus
3454 1083 3767 1151 Pelagium;
3800 1083 3895 1135 sed
3929 1098 4032 1150 pro
4059 1096 4152 1135 cu-

2576 1180 2803 1250 tnvmia,
2835 1178 2886 1231 id
2914 1186 3019 1238 est,
3050 1191 3148 1245 pro
3181 1186 3321 1229 statu
3354 1175 3645 1243 compositi
3672 1176 3861 1237 animi,
3916 1173 4151 1240 requieti

2575 1289 2636 1326 ae
2673 1270 2848 1324 sedati
2903 1270 2973 1323 ab
3023 1268 3347 1336 intemperie
3398 1268 3852 1320 tumultuantium
3899 1264 4151 1318 all’ectio-

2577 1377 2745 1416 num:
2780 1362 2885 1414 hoc
2929 1370 3035 1421 cst,
3084 1373 3184 1426 pro
3232 1358 3650 1425 tranquillitate.
3694 1357 3899 1410 Verum
3940 1370 4031 1408 mc
4065 1354 4153 1407 hic

2575 1452 2784 1511 dicere,
2833 1449 2949 1517 ipse
3016 1446 3118 1501 sibi
3184 1445 3338 1498 testis
3397 1455 3484 1498 est
3530 1443 3777 1513 locuples
3830 1443 3933 1496 sub
3988 1442 4152 1495 linem

2576 1542 2768 1595 homil.
2797 1543 2884 1602 τι),
2916 1555 3037 1607 qua:
3063 1538 3131 1591 de
3162 1552 3336 1605 agone
3369 1545 3473 1589 cst.
3500 1536 3747 1603 Denique
3785 1533 3962 1587 videri
3996 1542 4155 1602 pote-

2578 1632 2650 1684 rit
2689 1629 2888 1684 alicubi
2944 1628 3130 1681 varius
3180 1628 3233 1680 in
3286 1627 3607 1694 acceptione
3669 1626 4000 1687 dictionum,
4036 1639 4156 1693 qum

2578 1733 2770 1791 suapte
2807 1729 3003 1774 natura
3036 1721 3330 1789 polysenia-
3358 1728 3504 1773 sunt.
3535 1719 3665 1771 Duas
3710 1726 4017 1771 occurrunt
4059 1732 4157 1785 po-

899 1848 1038 1899 qnos
1063 1830 1210 1882 nulla
1243 1828 1471 1891 urgebat
1515 1818 1735 1888 iurandi
1783 1816 2085 1870 necessitas
2113 1832 2123 1865 :
2147 1827 2313 1881 quam
2342 1825 2474 1863 con-
2505 1809 2547 1863 Β
2580 1816 2871 1870 lissimum.
2900 1810 3191 1866 Ilomiliatn
3221 1811 3540 1865 vicesimam
3586 1809 3861 1870 inscribit,
3886 1809 4022 1877 Περὶ
4050 1826 4154 1860 σω.

901 1920 1272 1979 suetudinem,
1306 1931 1466 1968 nemo
1514 1913 1638 1980 pius
1687 1908 1781 1976 qui
1835 1923 1943 1959 non
1988 1912 2322 1957 exsecretur.
2360 1900 2475 1953 lloc

902 2014 1141 2067 \olnisse
1218 2007 1586 2067 Antiochum,
1676 2000 1909 2053 verbum
1996 1994 2470 2065 παρακελεύομαι,

905 2108 1006 2157 hoc
1032 2112 1135 2166 est,
1167 2099 1572 2170 προτρέπιιμαι,
1603 2095 1874 2151 mllwrtor,
1899 2090 2175 2148 admoneo,
2214 2085 2373 2139 facile
2394 2086 2480 2137 itt-

902 2196 1072 2247 dieat.
1155 2190 1391 2244 Proinde
1456 2202 1553 2255 per
1623 2182 1919 2253 juramcnti
1995 2195 2106 2231 non
2150 2176 2478 2231 necessarii

903 2282 1360 2338 consuetudinem
1399 2278 1498 2347 ipsi
1530 2276 1846 2345 experimur
1878 2280 2079 2340 quanta
2134 2268 2479 2338 proclivitate

908 2382 1191 2445 rapiantur
1225 2373 1289 2425 ad
1341 2369 1578 2439 periuria
1641 2366 1912 2426 homines,
1964 2372 2019 2416 ct
2083 2360 2477 2428 blasphemiam

906 2469 1229 2533 sacrilegam
1260 2480 1270 2513 :
1301 2478 1470 2529 quare
1506 2462 1683 2512 locum
1736 2457 1823 2509 hic
1872 2453 2039 2507 habet
2086 2451 2233 2520 quod
2267 2449 2481 2503 inducit

905 2561 1055 2612 litos.
1089 2558 1141 2608 in
1172 2553 1326 2615 illud,
1360 2551 1462 2602 Sed
1496 2551 1619 2619 quin
1664 2548 1922 2623 pcjcrure,
1952 2544 2041 2603 ‘22,
2090 2558 2146 2611 (ι.
2180 2542 2231 2599 1.
2260 2556 2380 2607 cap.
2416 2538 2479 2591 In

907 2648 1051 2702 Novo
1083 2646 1433 2697 'l'rstnmrnto.
1475 2641 1871 2705 Argumentum
1906 2643 2011 2691 est.
2050 2631 2198 2699 quod
2228 2626 2479 2698 quando-

907 2754 1015 2807 que
1054 2734 1379 2804 prohibetur
1434 2728 1639 2797 aliquid
1680 2740 1790 2779 non
1826 2732 2052 2792 propter
2084 2738 2166 2784 se,
2206 2720 2305 2775 sed
2348 2734 2478 2788 pro-

910 2836 1030 2893 pter
1064 2822 1195 2875 illud
1242 2819 1387 2886 quod
1453 2816 1580 2869 inde
1644 2812 1801 2882 sequi
1853 2827 1963 2865 non
2004 2819 2203 2880 potest,
2234 2810 2397 2877 ll,q.
2424 2809 2479 2871 3,

908 2918 1103 2973 A’otite.
1131 2923 1177 2965 et
1218 2913 1284 2966 27
1316 2912 1438 2963 (list.
1475 2907 1581 2961 Sed
1606 2916 1663 2961 et
1698 2903 2039 2961 Venerabilis
2077 2902 2221 2956 Beda
2253 2901 2309 2955 in
2344 2899 2480 2955 illud

910 3009 1097 3063 Jacobi
1134 3024 1147 3058 :
1177 3007 1312 3059 Anti:
1382 3001 1559 3054 omnia
1586 3038 1603 3064 ,
1668 2999 1860 3067 fratres
1895 3036 1910 3060 ,
1960 3003 2096 3059 etc.,
2132 2990 2485 3048 consuetudi-

909 3114 1035 3153 nem
1070 3094 1331 3167 prohibet
1359 3088 1601 3162 jurandi,
1635 3101 1706 3141 ne
1730 3102 1801 3140 ex
1823 3100 1887 3140 ea
1912 3083 2239 3139 deveniatur
2266 3083 2321 3135 in
2353 3096 2482 3150 per-

905 3188 1135 3258 jurium.
1166 3182 1366 3239 llomil.
1388 3180 1479 3241 85,
1496 3193 1617 3248 quae
1643 3184 1727 3232 est
1752 3175 1822 3230 de
1850 3173 2158 3238 insomniis,
2189 3172 2352 3227 ﬁdem
2380 3185 2492 3225 non

914 3277 1224 3334 habendam
1270 3270 1559 3328 insomniis
1588 3269 1753 3324 docet
1775 3268 2029 3337 exemplo
2049 3265 2395 3329 luculenter;
2434 3263 2491 3318 id

912 3384 1046 3424 vero
1075 3362 1518 3436 intelligendum,
1548 3360 1658 3416 nisi
1696 3357 1957 3414 discretio
1993 3356 2290 3426 spirituum
2325 3354 2489 3409 adsit.

914 3462 1055 3517 Sunt
1081 3460 1229 3516 enim
1261 3456 1478 3530 species
1507 3454 1696 3519 variae,
1730 3466 1869 3522 quas
1900 3449 2238 3523 Augustinus
2260 3448 2318 3503 in
2350 3447 2492 3504 libro

918 3643 1069 3698 Liber
1102 3640 1197 3694 Dei
1226 3644 1487 3710 prtrceptn
1527 3636 1818 3710 continens,
1866 3633 2188 3710 insnnerguc
2232 3634 2491 3710 interpre-

986 3702 1441 3772 tntimtcs'corurn,
1483 3723 1683 3759 necnon
1710 3702 2007 3758 doctrinam
2062 3705 2127 3757 iis
2180 3703 2491 3757 convenim-

988 3793 1087 3835 trm
1127 3789 1174 3833 ct
1212 3785 1603 3849 congruentem.

1252 3959 1613 4017 PROLOGUS
1650 3956 1864 4014 llUJUS
1899 3955 2166 4012 OPElllS.

989 4074 1293 4133 Antiochus
1331 4073 1443 4137 ille,
1470 4072 1565 4142 qui
1611 4069 1817 4125 mundo
1864 4070 2087 4138 penitus
2132 4065 2488 4130 renuntiavit,

917 4167 1055 4223 etin
1088 4168 1267 4236 magni
1316 4164 1463 4218 illius
1514 4162 1669 4216 Saba:
1723 4159 2061 4215 monasterio
2115 4172 2227 4212 non
2295 4158 2492 4227 exiguo

2575 1907 2873 1977 φροσύνης,
2922 1918 3087 1973 quam
3137 1900 3555 1970 inscriptionem
3610 1899 3931 1954 vertendam
3976 1899 4154 1962 docet,

2577 1998 2655 2051 uti
2694 1996 2983 2058 vertimus,
3019 1992 3373 2047 subinductio
3414 1991 3793 2059 exemplorum
3825 2008 3836 2043 :
3876 1989 3955 2042 Dc
4002 1991 4158 2043 casti-

2577 2097 2685 2141 tate
2722 2088 2828 2139 sive
2890 2086 3165 2154 pudicitia.
3213 2083 3428 2136 lndncit
3473 2083 3620 2136 enim
3672 2082 3899 2151 Joscpli,
3956 2081 4159 2136 Susan-

2579 2195 2723 2241 nam,
2755 2177 3155 2246 Sarcpbtanam
3218 2175 3461 2237 viduam,
3503 2174 3835 2243 Gregorium
3880 2174 4161 2228 Neocaesa-

2580 2272 2842 2333 rienscm,
2871 2267 3094 2338 Cyrum,
3135 2266 3202 2320 de
3242 2282 3352 2335 quo
3382 2266 3528 2335 apud
3568 2265 3993 2334 Xenophontem
4024 2280 4130 2319 :nc

2578 2378 2686 2429 que
2715 2361 2862 2415 enim
2903 2360 3261 2413 sobrietatem
3310 2366 3405 2411 ant
3460 2358 3751 2411 sanitatem
3810 2357 4015 2410 mentis
4060 2356 4160 2411 hoc

2579 2453 2703 2505 loco
2722 2452 2901 2505 solum
2944 2451 3169 2504 indicat.
3209 2448 3316 2503 Sed
3347 2457 3406 2503 ct
3445 2447 3549 2503 sub
3575 2462 3697 2517 ejus
3724 2447 3970 2500 homilia:
3995 2450 4161 2502 tinem

2579 2545 2761 2598 lncmn
2825 2542 3095 2596 inducens
3140 2557 3207 2596 ex
3250 2556 3371 2610 cap.
3402 2554 3439 2594 ..'
3492 2539 3559 2592 ad
3627 2539 3832 2603 Titum,
3866 2539 4164 2608 σωφρόνως

2580 2638 2675 2690 καὶ
2704 2636 2930 2698 δικαίως
2955 2636 3047 2687 καὶ
3077 2634 3342 2696 εὐσεϐῶς,
3367 2634 3423 2686 ni
3454 2633 3613 2685 fallor
3643 2631 3936 2700 σωφρόνως
3969 2633 4162 2692 sumit,

2582 2744 2705 2798 pro,
2740 2736 2904 2791 cnslc,
2940 2727 3124 2795 pudice
3150 2742 3165 2779 :
3190 2734 3252 2778 ut
3292 2724 3365 2779 sit
3401 2723 3679 2777 acoluthia
3702 2723 4032 2777 sentcntize:
4066 2738 4165 2776 nos

2583 2830 2769 2875 tamen
2817 2820 3136 2889 religiosum
3183 2818 3443 2871 duximus
3475 2816 3688 2869 variare
3730 2815 4165 2869 ecclesiasticam

2580 2914 2897 2976 lectionem,
2922 2910 3289 2979 interpretati,
3319 2909 3488 2961 sobrie
3510 2915 3563 2959 ct
3583 2908 3747 2974 justo.
3783 2907 3975 2960 Simile
4001 2907 4168 2975 quid-

2580 3004 2707 3059 dam
2765 3004 2822 3058 in
2865 3002 3090 3058 honiilia
3149 3002 3251 3056 106
3287 3000 3597 3069 compcries
3625 3015 3638 3051 :
3668 2999 3831 3069 εὐχὴν
3875 2998 4026 3052 οιιίιιι
4068 3013 4169 3067 pro

2590 3095 2844 3149 oratione
2883 3094 2976 3148 ubi
3024 3091 3295 3162 sumpsit;
3330 3090 3434 3145 sub
3469 3090 3632 3144 tinent
3656 3090 3877 3145 videtur
3904 3105 4009 3160 pro
4039 3099 4168 3143 voto

2594 3185 2846 3254 accipere
2885 3200 2897 3237 :
2929 3182 2986 3237 Si
3011 3184 3231 3244 noveris,
3260 3191 3370 3235 etc.
3421 3178 3528 3234 Sed
3561 3195 3625 3234 ea
3654 3195 3757 3233 vox
3783 3194 3909 3233 cum
3942 3189 4166 3233 utrum-

2592 3293 2701 3349 que
2749 3277 2976 3343 indieet,
3029 3277 3185 3331 locus
3237 3285 3324 3331 est
3375 3273 3738 3329 excusationi.
3774 3273 3843 3328 Et
3892 3273 4011 3328 haec
4037 3288 4168 3327 sane

2596 3374 2751 3432 sunt,
2790 3367 3030 3424 candide
3071 3366 3267 3431 lector,
3297 3378 3533 3435 quorum
3561 3363 3738 3434 gratia
3764 3364 3963 3419 anxius
3996 3363 4167 3419 haere—

2595 3459 2739 3515 bam.

2596 3641 2814 3707 Βίϐλος
2836 3643 2865 3675 ⁸
2895 3644 3259 3711 περιέχουσα
3276 3640 3385 3707 τὰς
3408 3639 3512 3694 τοῦ
3527 3639 3747 3711 Κυρίου
3763 3636 4042 3711 ἐντολᾲς,
4084 3638 4166 3711 ἔτι

2664 3730 2731 3779 γε
2774 3712 2903 3780 μὴν
2950 3707 3190 3777 statim:
3231 3711 3550 3780 ἐρμητείας
3594 3707 3828 3762 αὐτῶν·
3859 3708 4166 3780 πρὸς-κτου-

2664 3778 2789 3845 ὲοιῤ
2831 3780 3067 3847 καὶτὰς
3098 3778 3592 3849 συναρμοζούσας
3636 3780 3878 3845 ταύταις
3930 3779 4031 3831 καί
4072 3778 4166 3842 ἑξ-

2661 3850 3119 3916 ακολουθούσας
3151 3849 3567 3914 διδασκαλίας.

2630 3962 2985 4015 ΠΡΟΛΟΓΟΣ
3023 3962 3161 4015 ΤΟΥ
3198 3960 3567 4016 ῙΙΑΡΟΝΤΟΣ
3603 3958 4132 4015 ΣΥΝΤᾹΓΜΔΤΟΣ.

2680 4072 2956 4141 Ἀντίοχος
3007 4074 3108 4142 μὲν
3158 4073 3365 4133 ἐκεῖνος
3390 4073 3419 4125 ὁ
3446 4071 3609 4123 παντὶ
3641 4070 3820 4138 πάντη
3860 4069 3941 4141 τῷ
3982 4071 4167 4142 κόσμῳ

2598 4165 3029 4234 ἀποταξάμενος,
3065 4165 3161 4217 καὶ
3192 4166 3259 4233 τῇ
3306 4161 3401 4215 τοῦ
3453 4161 3688 4232 μεγάλου
3731 4161 3881 4215 Σάόα
3911 4164 3972 4216 ἐν
4014 4164 4163 4233 Ἰερο-

921 4270 1164 4327 tempore
1214 4256 1269 4309 in
1322 4268 1543 4309 secessu
1598 4251 1765 4307 vitam
1819 4250 2007 4315 duxit;
2042 4247 2175 4302 dum
2220 4246 2327 4301 sibi
2389 4245 2571 4315 iple
2603 4256 2683 4309 σο)

2410 4245 2493 4315 psi
2524 4258 2571 4313 ι)
2603 4255 2858 4324 σολύμοις
2890 4258 3025 4325 μονῇ
3058 4254 3405 4325 ὲφησυχάσας
3428 4254 3619 4324 χρόνον
3645 4254 3765 4323 οὐχὶ
3787 4253 4168 4325 μικρόν·οὖτω

920 4358 1141 4403 vacaret
1183 4354 1237 4401 ct
1285 4345 1621 4406 attenderet,
1651 4343 1885 4412 adeptus
1929 4355 2116 4395 rerum
2164 4339 2493 4394 salutarium

921 4439 1172 4493 notitiam
1227 4436 1531 4491 secundum
1585 4434 1719 4487 illud
1774 4440 2130 4502 praeceptum,
2192 4429 2384 4483 Vacate
2442 4438 2491 4481 et

918 4531 1120 4591 scitote,
1144 4525 1391 4581 collectis
1418 4524 1657 4593 Spiritus
1710 4522 1885 4576 sancti
1928 4520 2158 4585 divitiis,
2198 4534 2374 4589 neque
2405 4534 2493 4573 sc—

921 4619 1042 4687 gnis
1075 4617 1141 4669 ad
1190 4630 1283 4668 cas
1344 4612 1638 4683 egentibus
1673 4612 1896 4681 largiter
1949 4609 2333 4674 clfundcndas,
2369 4624 2494 4663 cum

922 4703 1302 4757 centenarium
1329 4702 1566 4754 h'nctttm
1602 4701 1880 4753 retulisset
1918 4709 1974 4753 et
2004 4699 2265 4752 talentum
2307 4697 2495 4753 multi-

922 4799 1199 4865 i-lieasscl,
1234 4807 1293 4849 ut
1336 4802 1591 4862 tanquam
1648 4810 1841 4847 servus
1896 4793 2094 4857 ﬁdelis,
2148 4793 2391 4861 prudens
2442 4801 2497 4845 et

925 4891 1102 4943 bonus
1136 4904 1166 4940 a
1212 4888 1480 4941 clemente
1525 4886 1751 4938 domino
1804 4884 2247 4939 benedictionem
2288 4884 2499 4954 accipe—

927 4991 1005 5035 ret
1032 5000 1043 5032 :
1074 4981 1184 5042 hic,
1227 4982 1469 5047 inquam,
1507 4978 1813 5032 Antiochus
1857 4994 1967 5047 quo
2016 4988 2263 5047 tempore
2295 4978 2500 5032 (ἶσοι-υς

927 5075 1219 5126 Persarum
1246 5072 1485 5134 animus,
1510 5071 1861 5139 impetusque
1892 5086 2087 5125 eorum
2112 5070 2500 5140 sanguinarius

929 5173 1099 5218 totam
1127 5163 1462 5218 Orientalcm
1498 5162 1711 5233 plagam
1750 5161 1999 5216 Romano
2040 5173 2259 5232 sceptro
2298 5177 2497 5231 paren-

930 5265 1039 5310 tem
1064 5255 1363 5308 miserabili
1394 5254 1544 5308 exitu
1563 5254 1630 5307 ad
1654 5270 1815 5308 suum
1841 5256 2006 5308 traxit
2026 5253 2341 5323 imperium.
2373 5252 2500 5306 hinc

930 5353 1295 5413 opportunam
1325 5352 1516 5396 nactus
1542 5343 1912 5407 occasionem,
1947 5357 2165 5395 sacrum
2210 5340 2499 5410 quemdam

930 5435 1132 5489 librum
1161 5450 1227 5489 ex
1262 5433 1464 5488 divinis
1493 5432 1729 5500 eloquiis
1763 5431 2072 5497 adornavit,
2109 5441 2168 5485 ut
2193 5432 2283 5485 ille
2310 5432 2501 5485 eodem

932 5529 989 5580 iu
1034 5527 1179 5581 libro
1233 5526 1681 5581 manifestissime
1707 5524 1973 5588 declarat,
1995 5524 2289 5592 eidemque
2316 5523 2503 5593 hujus-

933 5620 1078 5673 modi
1119 5620 1338 5673 titulum
1363 5618 1593 5681 indidit;
1634 5618 1897 5686 illumque
1922 5616 1977 5670 in
2002 5615 2244 5670 medium
2271 5614 2500 5685 protulit

1007 5786 1037 5812 “
1064 5783 1448 5841 λικιιιῖςιιιῡιιιιη
1476 5780 1774 5833 [indicit/ter.
1809 5776 2051 5831 Coislin..
2092 5794 2145 5846 p.
2195 5778 2310 5832 189.

2598 4366 2658 4402 τε
2694 4348 2818 4402 καθ’
2850 4346 3044 4401 ἑαυτὸν
3073 4346 3332 4415 γεγονὼς,
3365 4346 3461 4399 καὶ
3492 4345 3759 4412 σχολάσας
3787 4346 3884 4399 καὶ
3906 4346 4072 4413 γνοὺς
4105 4349 4169 4400 τὸ

2599 4441 2839 4510 σωτήρια
2869 4438 3010 4492 κατὰ
3030 4439 3152 4508 τὴν,
3180 4439 3525 4506 Σχολὰσατε
3550 4437 3646 4490 καὶ
3689 4436 3895 4506 γνῶτε,
3918 4438 4161 4491 κελεῦον.

2597 4549 2696 4585 σαν
2751 4529 3011 4599 ἐντολήν
3060 4527 3290 4581 πλοῦτόν
3346 4544 3405 4580 τε
3464 4526 3609 4581 οὕτω
3693 4527 4027 4598 συναγείρας
4081 4527 4172 4582 τοῦ

2596 4621 2936 4691 Πνεύματος,
2960 4620 3053 4674 καὶ
3084 4618 3408 4691 μεταδοῦναι
3430 4618 3621 4673 τούτου
3647 4618 3922 4683 πλουσίως
3944 4620 4008 4673 οὐ
4042 4638 4169 4675 κατ-

2596 4714 2833 4782 οκνήσας
2873 4714 2982 4774 τοῖς
3022 4710 3307 4781 χρῄζουσι,
3334 4711 3762 4781 καρποφορήσας
3783 4710 3838 4762 δὲ
3867 4709 4074 4781 μᾶλλον
4098 4713 4171 4775 εἰ,

2598 4803 2813 4867 ἑκατὸν,
2847 4804 2939 4856 καὶ
2970 4801 3413 4865 πολυπλασιάσας
3442 4802 3503 4853 τὸ
3533 4802 3816 4864 τάλαντον,
3840 4800 3928 4853 ἴνα
3949 4801 4028 4864 ὼς
4056 4802 4169 4855 δοῦ·

2599 4894 2690 4958 λος
2735 4893 2925 4957 πιστός
2959 4910 3017 4945 τε
3070 4892 3164 4945 καὶ
3213 4892 3473 4963 φρόνιμος
3505 4893 3599 4944 καὶ
3633 4891 3835 4960 ἀγαθὸς
3894 4891 4055 4961 παρᾶ
4082 4892 4174 4945 τοῦ

2602 4984 2905 5054 φιλαγάοου
2924 4985 3192 5037 Δεσπότου
3223 4984 3491 5053 εὐλογηοῇ
3512 5000 3525 5011 ·
3556 4978 3711 5046 οὗτος
3739 4978 3877 5036 οὗνὸ
3905 4983 4175 5054 Ἀντίοχος

2604 5078 2748 5130 κατά
2774 5078 3001 5147 καιροὺς
3027 5075 3289 5140 ἐκείνους,
3321 5076 3407 5129 ὅτε
3434 5078 3467 5146 ἡ
3505 5074 3617 5128 τῶν
3646 5073 3871 5146 Περσῶν
3901 5074 4173 5145 θηριώδης

2600 5167 2793 5237 γνώμη
2818 5167 2909 5219 καὶ
2942 5165 3222 5237 μιαιφόνος
3250 5165 3396 5236 ὁρμὴ
3440 5167 3621 5219 πᾶσαν
3651 5164 3834 5235 χώραν
3859 5167 4035 5236 ὀρμὸν
4057 5167 4176 5237 (sic)

2603 5259 2740 5328 πρὸς
2774 5258 3064 5326 ἀνίσχοντα
3118 5257 3269 5326 ἥλιον
3316 5256 3396 5327 τῷ
3440 5255 3735 5326 Ῥωμαϊκῷ
3787 5257 4061 5327 σκήπτρῳ
4088 5274 4169 5308 τεο

2602 5346 2799 5401 λοῦσαν
2852 5347 3085 5418 ὑποτελῆ
3148 5346 3392 5409 ἐλεεινῶς
3448 5345 3733 5409 ὲλκὺσατο,
3760 5347 3955 5397 τούτου
4011 5345 4169 5398 αὑτοῑ

2603 5438 2793 5508 ὥσπερ
2822 5438 3081 5508 εὐκαίρου
3111 5439 3175 5507 δή
3198 5454 3341 5499 τινος
3363 5436 3701 5507 δραξάμενος
3725 5434 4009 5504 ἀφορμὴν,
4032 5436 4169 5504 ίεράι

2603 5546 2725 5582 τινα
2750 5526 2935 5599 βίϐλον
2962 5530 3025 5580 ἐκ
3052 5527 3159 5579 τῶν
3186 5526 3343 5579 θείων
3368 5526 3564 5593 λογίων
3597 5523 3955 5589 συνετάξατο,
3986 5524 4175 5593 ὥσπερ

2607 5622 2768 5683 αὐτὸς
2804 5621 2860 5674 ὲν
2894 5618 3032 5690 αὐτῇ
3094 5616 3452 5689 ἂριδηλότατα
3491 5617 3732 5687 παριστᾷ
3760 5612 3903 5685 αὕτη
3928 5615 4059 5687 (sic)
4090 5617 4174 5668 ἐττ-
