4462 6440
356 434 485 498 1421

1446 429 1807 490 EPISTOLA
1849 429 1949 488 AD
1987 426 2508 487 EUSTATHIUM.

3467 417 3603 482 1422

353 552 654 620 ονομάσας,
676 549 771 601 καὶ
821 547 1079 619 προσθεὶς
1110 546 1188 608 είς
1241 545 1405 615 μέσον
1445 543 1614 614 αὐτὴν
1647 545 1728 605 είς
1775 541 1933 612 μεγί-
1957 553 2002 609 Α
2031 540 2100 594 ad

1843 541 1933 609 γι·
1957 553 2002 609 Α
2031 540 2100 594 ad
2143 540 2434 593 maximam
2483 533 2836 607 prmsentium
2865 532 2949 589 sui
2993 532 3253 601 temporis
3292 541 3349 587 et
3388 530 3604 586 futuro-

351 657 490 706 στην
533 639 642 691 τῶν
677 640 866 691 ἔκτοτε
914 638 1010 691 καὶ
1050 637 1211 706 μέχρι
1246 635 1339 687 τοῦ
1363 635 1457 686 νῦν
1490 633 1926 703 ἐντυγχανόντων
2037 649 2113 685 rut

784 657 866 691 οτε
914 638 1010 691 καὶ
1050 637 1211 706 μέχρι
1246 635 1339 687 τοῦ
1363 635 1457 686 νῦν
1490 633 1926 703 ἐντυγχανόντων
2037 648 2156 685 rum
2190 632 2480 685 utilitatem
2508 631 2546 680 '.

347 729 588 798 ὠφέλεια
598 747 642 784 ν.

427 849 443 864 ⁸
481 846 632 899 lianc
666 842 1040 898 narrationem
1073 841 1210 895 mire
1234 849 1552 909 corruptam
1587 853 1730 907 saepe
1759 836 2060 892 divinando
2103 835 2296 889 Latine
2331 832 2694 888 reddidimus.

2195 969 2294 985 _

1704 1083 2273 1171 ΕΠΙΣΤΟΛΗ

1082 1265 1439 1320 ΛΝΤΙΟΧΟΥ
1475 1267 1814 1320 ΜΟΝΑΧΟΥ
1852 1268 1990 1319 ΤΗΣ
2028 1266 2302 1320 ΛΑΥΡΑΣ
2339 1266 2477 1319 ΤΟΥ
2514 1266 2691 1317 ΛΒΒΑ
2728 1264 2905 1318 ΣΔΒΑ

462 1363 644 1416 ΠΡΟΣ
682 1360 1069 1414 ΕΥΣΤΔΘΙΟΝ
1109 1358 1533 1411 ΙΙΓΟΥΜΕΝΟΝ
1572 1361 1815 1414 ΜΟΝΗΣ
1851 1360 2273 1422 ΑΤΤΑΔΙΝΗΣ,
2313 1358 2584 1411 ΠΟΔΕΩΣ
2624 1355 2946 1409 ΛΓΚΥΡΛΣ
2983 1355 3119 1407 ΤΗΣ
3158 1354 3517 1416 ΓΛΛΑΤΙΛΣ,

893 1455 1054 1508 ΠΕΡΙ
1095 1453 1234 1507 ῚὨΝ
1273 1453 1522 1506 ΕΚΕΙΣΕ
1573 1455 1780 1507 APION
1832 1455 2154 1506 HATEPON
2208 1452 2292 1507 ΕΝ
2336 1455 2377 1505 Ω
2414 1452 2534 1504 ΚΛΙ
2575 1454 2655 1506 ΚΕ

1321 1453 1522 1506 ΚΕΙΣΕ
1573 1455 1780 1507 APION
1832 1455 2154 1506 HATEPON
2208 1452 2292 1507 ΕΝ
2336 1455 2377 1505 Ω
2414 1452 2534 1504 ΚΛΙ
2575 1453 2922 1506 ΚΕΦΑΛΛΙΑ
2961 1451 3083 1514 PA',

1394 1547 1515 1599 ΚΑΙ
1558 1546 1933 1599 ΠΡΟΣΕΥΧΗ
1967 1545 2570 1599 ΕΞΟΜΟΛΟΠΙΣΕΩΣ.

1709 1789 2279 1881 EPISTOLA

1083 1989 1470 2053 ANTIOCHI
1515 1986 1884 2049 MONACHI
1919 1985 2210 2046 LAURIE
2250 1981 2282 2016 “
2314 1983 2536 2042 SABJE
2568 1981 2906 2042 ABBATIS

858 2092 965 2151 ΔΙ)
999 2087 1518 2150 EUSTATHIUM
1568 2082 2100 2143 PRIEPOSITUM
2142 2079 2620 2140 MONASTERIJ

1375 2087 1518 2146 IUM
1568 2082 2100 2143 PRIEPOSITUM
2142 2079 2640 2140 MONASTERII
2673 2077 3129 2149 ΔΤΤΛΙᾸΝᾹΞ,

1475 2190 1788 2237 ρινιτιτιε

1847 2189 2114 2231 meum
2165 2187 2469 2238 GALATI.‘E,

597 2287 686 2348 De
717 2285 822 2345 SS.
859 2282 1150 2345 Patribus
1186 2281 1271 2342 ibi
1327 2279 1745 2359 degentibus,
1793 2277 1898 2339 cui
1955 2277 2178 2337 insunt
2228 2274 2501 2352 capitula
2545 2273 2656 2333 150
2721 2281 2785 2335 et
2832 2273 3176 2351 gratiarum
3236 2272 3425 2334 actio.

926 2472 1196 2541 (Occisus,
1227 2467 1502 2538 Supplem.
1538 2465 1607 2520 ad
1658 2463 1905 2519 Biblioth.
1935 2460 2180 2516 Patrum.
2217 2460 2388 2515 Paris.
2424 2457 2582 2523 1624,
2613 2469 2746 2514 tom.
2772 2460 2814 2526 Ι,
2841 2476 2896 2530 p.
2925 2459 3070 2531 109.)

441 2737 771 2808 Ἐπειδήπερ
805 2734 1168 2806 γεγράφηκάς
1195 2751 1285 2804 μοι
1309 2773 1324 2798 ,
1353 2734 1502 2803 τίμιε
1530 2731 1712 2801 Πάτερ
1738 2729 1940 2784 Εὐστά-
1968 2738 2012 2794 Β
2107 2731 2203 2787 Cut

1860 2729 1940 2784 ιά-
1968 2738 2012 2794 Β
2107 2731 2246 2787 Cum
2281 2732 2349 2787 ad
2390 2747 2479 2787 me
2528 2730 2841 2801 scripseris,
2871 2731 3122 2787 Eustathi
3168 2733 3330 2788 Pater
3354 2749 3622 2789 veneran-

355 2835 468 2898 θιε,
492 2831 696 2900 πολλὴν
715 2828 896 2898 θλίψιν
913 2826 1454 2898 ὑπερμεμενηκέναι,
1477 2824 1641 2877 τόπον
1663 2825 1727 2877 ἐκ
1747 2821 1937 2886 τόπου,

355 2926 456 2980 καὶ
491 2922 673 2993 χώραν
703 2922 767 2972 ὲκ
810 2920 995 2991 χώρας
1026 2919 1346 2987 ἀμείϐοντα,
1381 2917 1532 2987 φόϐῳ
1565 2913 1661 2968 τού
1712 2917 1940 2984 ἐπικρα-

354 3015 583 3078 τοῦντος
615 3011 918 3066 Χαλδαῖκοῦ
951 3011 1245 3080 χειμῶνος,
1285 3010 1477 3078 πείνης
1529 3024 1589 3059 τε
1636 3005 1730 3059 καὶ
1778 3004 1939 3074 δίψης

358 3107 717 3178 πειραθῆναι,
770 3106 870 3157 οὐκ
914 3104 1081 3174 ἄρτου
1133 3104 1228 3155 καὶ
1278 3099 1647 3165 ὑδατος,ἀλλὰ
1701 3099 1842 3151 κατὰ
1879 3097 1940 3150 τὸ

357 3199 678 3268 εἰρημένον,
704 3197 798 3249 τοῦ
845 3195 1078 3250 ἀκοῦσαι
1113 3195 1274 3262 λόγον
1312 3193 1518 3264 Κυρίου
1542 3208 1555 3220 ·
1591 3191 1680 3244 διὰ
1708 3191 1770 3242 τὸ
1803 3190 1940 3259 μήτε

357 3291 625 3344 δύνασθαι
661 3291 805 3359 ὑμᾶς
836 3290 1002 3357 βάρος
1037 3287 1258 3358 βιϐλίων
1284 3284 1666 3355 ἐπιφέρεσθαι,
1695 3284 1834 3352 μήτε
1881 3281 1940 3333 ὲν

357 3386 474 3446 τοῖς
509 3383 696 3444 τόποις
730 3383 787 3434 ὲν
820 3377 900 3444 οἷς
942 3380 1262 3450 ἐπιδημεῖτε
1287 3377 1568 3448 εὑρίσκειν
1593 3374 1833 3445 εὐχερῶς
1871 3373 1940 3426 τὰ

356 3474 788 3543 ἐπιζητούμενα,
844 3472 1168 3525 ἐκελεύσατε
1223 3473 1289 3542 τῇ
1345 3472 1450 3540 ἐμῇ
1517 3467 1816 3538 βραχύτητι
1882 3466 1940 3517 ὲν

359 3564 616 3633 συντόμῳ
645 3566 828 3616 πᾶσαν
851 3563 1127 3615 συστεῖλαι
1140 3561 1238 3633 τὴν
1258 3561 1409 3613 θείαν
1431 3560 1467 3611 Γ
1474 3558 1670 3629 ραφὴν,
1695 3555 1940 3610 Παλαιὰν

359 3672 416 3707 τε
449 3656 547 3708 xui.
586 3655 818 3725 Καινὴν,
849 3655 991 3707 ὥστε
1026 3657 1163 3724 μήτε
1195 3654 1358 3722 ἄχθος
1395 3654 1527 3722 ἡμῖν
1561 3651 1817 3719 γενέσθαι
1853 3648 1941 3718 βα-

361 3747 698 3816 στὰγματος,
727 3749 866 3815 μήτε
899 3746 1063 3797 πάλιν
1105 3744 1454 3814 ὲλλειφθῆναί
1494 3761 1547 3795 τι
1593 3741 1704 3794 τῶν
1740 3744 1940 3793 τεινόν-

357 3853 472 3887 των
507 3836 596 3887 ὲπ’
625 3835 895 3901 ὠφέλειαν
924 3836 1016 3886 καὶ
1054 3835 1332 3904 σωτηρίαν
1361 3832 1560 3902 ψυχῆς,
1589 3829 1706 3893 εἶξα
1734 3829 1939 3900 προθύ-

357 3942 482 3994 μως
513 3929 580 3995 τῇ
633 3926 874 3995 ὑμετέρᾳ
905 3925 1176 3988 κελεύσει,
1207 3924 1412 3985 εὐθέως
1438 3923 1772 3993 περιστήσας
1806 3921 1939 3973 πάν-

355 4032 425 4065 τα
454 4015 526 4066 τὰ
560 4014 690 4082 παρ’
733 4014 886 4083 ὑμῶν
912 4014 976 4065 ὲκ
1005 4013 1104 4081 τῆς
1146 4011 1296 4073 θείας
1327 4012 1546 4082 Γραφῆς
1572 4009 1936 4079 ἐπιζητούμε-

357 4123 448 4169 να,
478 4108 561 4167 είς
589 4105 785 4157 ἑκατὸν
835 4105 1134 4174 τριάκοντα
1173 4102 1446 4171 κεφάλαια
1477 4104 1733 4172 ἡνωμένα
1755 4117 1814 4153 τε
1841 4103 1934 4156 καὶ

353 4196 753 4267 διακεκριμένα
805 4197 899 4249 ἀπ’
952 4196 1220 4266 ἀλλήλων,
1263 4195 1340 4258 ὡς
1392 4194 1468 4265 μὴ
1526 4194 1789 4262 σύγχυσιν
1840 4195 1934 4246 καὶ

354 4291 575 4361 φυρμὸν
612 4291 1017 4359 ὐπομεῖναιτδν
1040 4290 1501 4358 ἀναγινώσκοντα.
1537 4289 1722 4342 Ταῦτα
1757 4288 1933 4342 ἔστειο

354 4383 422 4434 λα
448 4385 516 4450 τῇ
548 4382 794 4451 ὑμετέρᾳ
838 4381 1117 4450 θεοφιλείᾳ
1139 4397 1153 4410 ·
1192 4381 1337 4449 άπερ
1386 4380 1694 4449 δεχόμενος,
1727 4379 1803 4450 τῷ
1830 4381 1931 4450 μὲν

354 4473 477 4539 Θεῷ
525 4471 628 4540 τὴν
689 4472 1006 4541 πρέπουσαν
1056 4469 1366 4536 δοξολογίαν
1430 4469 1525 4521 καὶ
1584 4470 1931 4539 εὐχαριστίαν

353 4561 701 4629 ἁνάπεμψον,
732 4559 811 4628 τῷ
842 4559 939 4629 τὴν
959 4559 1190 4628 δύναμιν
1221 4557 1385 4610 αὐτοῦ
1435 4560 1494 4609 ὲν
1541 4559 1795 4626 ἀσθενείᾳ
1844 4575 1934 4610 τε-

352 4650 605 4704 λειοῦντι.
641 4651 820 4720 Ἥμᾶς
852 4650 910 4703 δὲ
956 4651 1077 4712 ταῖς
1131 4650 1546 4717 εὐπροσδέκτοις
1601 4666 1692 4702 σου
1743 4650 1931 4718 εὐχαῖς

352 4741 706 4812 ἀπαμείὸου,
741 4742 890 4806 ὅπως
926 4742 1069 4796 κατά
1097 4743 1159 4795 τὸ
1192 4741 1311 4811 Θεῷ
1338 4743 1661 4812 εὐχάριστον
1681 4742 1771 4795 τὸν
1799 4743 1931 4794 ὑπό-

352 4833 537 4886 λοιπον
566 4834 756 4902 χρόνον
784 4831 885 4902 τῆς
918 4833 1065 4903 ζωῆς
1086 4834 1242 4903 ἡμῶν
1271 4835 1663 4901 ἐκτελέσωμεν.
1693 4834 1832 4887 Εἰδὲ
1851 4853 1925 4901 τι,

351 4926 427 4988 ὡς
490 4925 660 4988 είκδς,
718 4924 920 4996 εὐροις,
971 4923 1306 4994 συγγνώμην
1355 4925 1672 4990 ἀποδοῦναι,
1720 4927 1813 4979 καὶ
1860 4929 1927 4997 τῇ

355 5019 593 5089 ἰδιωτείᾳ⁴
627 5018 720 5072 καὶ
767 5022 834 5090 τῇ
887 5019 1092 5088 σπουδῇ
1146 5018 1242 5070 τοῦ
1273 5018 1667 5088 ἐπιτάγματος.
1709 5019 1928 5088 Ἐπειδὴ

349 5111 406 5164 δὲ
437 5111 533 5163 καὶ
563 5109 720 5163 τοῦτο
769 5109 1041 5175 ἔστειλας,
1082 5109 1232 5178 τίμιε
1274 5109 1479 5179 Πάτερ,
1511 5109 1650 5164 ὥστε
1687 5111 1927 5179 σημᾶναί

353 5218 434 5254 σοι
480 5201 576 5253 καὶ
629 5201 756 5270 περὶ
809 5200 918 5252 τῶν
962 5201 1130 5267 ἁγίων
1180 5200 1441 5270 Πατέρων
1481 5201 1582 5270 τῆς
1630 5200 1753 5254 καθ’
1782 5202 1928 5270 ἡμᾶς

350 5293 595 5362 Λαύρας,
618 5294 666 5345 εί
687 5293 862 5363 άληθῆ
889 5294 1047 5355 είσιν,
1073 5292 1215 5361 ἅπερ
1236 5293 1424 5344 εἴπατε
1453 5292 1748 5362 ἀκηκοέναι
1782 5292 1926 5363 παρὰ

351 5385 586 5448 πολλῶν,
622 5385 750 5454 περί
778 5401 838 5437 τε
868 5384 969 5453 τῆς
1001 5383 1276 5446 πολιτείας
1305 5384 1400 5437 καὶ
1450 5384 1551 5452 τῆς
1589 5384 1926 5454 ἀναιρέσεως

350 5475 552 5539 αὐτῶν,
574 5473 843 5528 δύσπιστα
860 5474 987 5526 ὄντα
1015 5474 1109 5527 καὶ
1135 5474 1306 5544 ἀκοὴν
1325 5473 1739 5542 ὑπερϐαίνοντα,
1759 5475 1926 5541 ἀναγ-

1966 4065 2009 4122 C

2041 2824 2132 2889 de,
2167 2836 2218 2881 te
2247 2841 2442 2896 magna
2480 2825 2621 2880 allici
2657 2825 3086 2893 molestia,dum
3117 2842 3147 2882 ο
3174 2828 3298 2883 loco
3331 2829 3397 2883 ad
3431 2830 3617 2885 locum

2039 2924 2096 2970 et
2125 2931 2155 2970 e
2179 2916 2400 2985 regione
2445 2915 2512 2970 ad
2545 2915 2825 2986 regionem
2863 2917 3096 2986 migrare
3125 2921 3342 2989 cogeris
3361 2930 3508 2974 metu
3535 2921 3616 2975 vi-

2041 3007 2222 3077 gentis
2279 3006 2665 3061 Chaldmorum
2726 3008 3054 3063 calamitatis
3087 3026 3100 3062 :
3133 3009 3275 3065 fame
3324 3011 3490 3066 etiam
3555 3028 3621 3067 ac

2042 3098 2137 3153 siti
2170 3099 2445 3163 laborare,
2488 3114 2597 3153 non
2628 3101 2786 3168 panis
2832 3109 2890 3153 et
2918 3117 3092 3170 aquae,
3118 3102 3213 3157 sed
3265 3105 3421 3174 juxta
3455 3120 3622 3158 evan-

2042 3189 2278 3260 gelicum
2315 3190 2703 3259 propheticum
2746 3191 2978 3256 dictum,
3015 3195 3168 3248 verbi
3199 3195 3330 3262 Dei;
3361 3213 3488 3252 eum
3523 3214 3621 3253 ne-

2041 3297 2147 3349 que
2175 3281 2347 3335 libros
2377 3282 2738 3336 circumferre
2770 3284 3014 3352 possitis,
3052 3302 3232 3356 neque
3264 3287 3338 3341 ita
3368 3288 3526 3344 facile
3562 3292 3615 3344 in

2042 3373 2182 3426 locis
2223 3373 2279 3425 in
2327 3373 2531 3442 quibus
2568 3375 2857 3439 exsulatis,
2891 3391 3012 3444 quae
3043 3376 3209 3430 vultis
3243 3379 3490 3433 invenire
3521 3396 3618 3434 va-

2041 3461 2202 3516 leatis
2229 3480 2240 3514 :
2271 3477 2508 3530 cumque
2538 3479 2674 3517 mete
2711 3464 2946 3533 jusseris
2992 3466 3313 3531 humilitati,
3356 3477 3413 3522 ut
3441 3469 3619 3538 epito-

2047 3567 2172 3605 men
2218 3552 2458 3621 aliquam
2498 3553 2808 3608 divinarum
2853 3553 3261 3624 Scripturarum
3313 3559 3379 3612 ad
3416 3570 3466 3615 te
3499 3562 3623 3615 mit-

2047 3653 2244 3707 terem,
2281 3661 2403 3712 quae
2449 3661 2625 3713 neque
2675 3646 3112 3702 circumferendo
3139 3651 3480 3718 gravisesset
3507 3670 3620 3721 pra:

2046 3734 2444 3802 magnitudine,
2489 3751 2669 3802 neque
2708 3736 2792 3788 sui
2845 3737 3111 3791 tenuitate
3179 3739 3232 3792 in
3298 3754 3356 3793 se
3411 3739 3614 3809 aliquid

2041 3841 2232 3879 eorum
2268 3842 2390 3894 qua:
2421 3825 2486 3878 ad
2512 3826 2804 3881 utilitatem
2835 3837 2886 3882 et
2911 3829 3141 3882 salutem
3165 3831 3358 3884 animae
3385 3831 3613 3895 faciunt,

2041 3919 2417 3984 desideraret;
2468 3918 2846 3989 obtemperavi
2906 3921 3142 3974 libenter
3177 3922 3285 3976 tuis
3321 3924 3615 3984 mandatis,

2043 4018 2098 4063 et
2130 4024 2292 4078 quam
2330 4010 2570 4078 primum
2614 4010 2758 4078 quod
2792 4011 2933 4079 petis
2974 4012 3286 4066 faciendum
3335 4016 3545 4084 putavi.
3576 4017 3618 4071 E

2043 4116 2196 4154 saera
2243 4100 2410 4168 igitur
2470 4099 2754 4169 Scriptura
2809 4112 3029 4156 centum
3075 4105 3470 4174 quinquaginta
3521 4123 3620 4162 ex-

2042 4191 2218 4259 cerpsi
2250 4191 2452 4261 capita,
2486 4191 2640 4245 unita
2692 4192 2914 4261 quidem
2963 4195 3148 4259 simul,
3174 4196 3406 4252 invicem
3439 4208 3616 4253 tamen

2043 4283 2117 4336 ita
2157 4284 2451 4354 disjuneta,
2486 4294 2547 4338 ut
2575 4286 2667 4354 qui
2715 4301 2778 4341 ea
2823 4287 3038 4356 legerit,
3088 4289 3232 4342 nulla
3292 4291 3616 4347 confusione

2042 4375 2313 4427 trahatur.
2341 4374 2407 4428 Et
2458 4376 2574 4430 haec
2615 4385 2719 4430 tua:
2761 4378 2884 4430 misi
2919 4378 3129 4446 pietati,
3157 4396 3277 4448 qua:
3300 4396 3424 4435 cum
3454 4399 3615 4438 acce-

2039 4467 2207 4535 peris,
2234 4468 2366 4532 Deo,
2401 4477 2460 4521 ut
2494 4485 2593 4537 par
2622 4477 2725 4532 est,
2761 4470 2990 4539 gloriam
3021 4480 3075 4525 et
3105 4474 3404 4542 gratiarum
3444 4477 3616 4529 actio-

2040 4573 2166 4613 nem
2195 4559 2413 4621 reddas,
2438 4561 2532 4627 qui
2578 4576 2732 4614 suam
2781 4561 3040 4616 virtutem
3069 4563 3360 4619 imbecillis
3410 4566 3612 4636 imper-

2038 4648 2193 4714 titur,
2222 4660 2283 4703 ut
2323 4649 2377 4703 in
2428 4649 2748 4705 inﬁrmitate
2791 4653 3168 4720 perﬁciantur.
3204 4651 3287 4710 Tu
3328 4673 3462 4712 vero
3484 4674 3609 4714 cum

2040 4742 2150 4795 tuis
2182 4744 2349 4811 gratis
2391 4742 2649 4811 precibus
2679 4759 2779 4797 nos
2810 4745 3013 4807 foveas,
3041 4757 3101 4799 ut
3134 4749 3282 4816 quod
3334 4751 3610 4820 reliquum

2036 4844 2122 4888 est
2155 4833 2315 4886 nobis
2345 4832 2470 4885 vita:
2495 4833 2676 4903 hujus,
2705 4835 2856 4904 juxta
2877 4835 2971 4889 Dei
2993 4837 3331 4892 voluntatem
3352 4855 3612 4908 peragere

2038 4925 2352 4994 possimus:
2387 4925 2431 4977 si
2474 4941 2609 4978 vero
2657 4926 2864 4994 aliquid
2914 4928 2995 4995 (ut
3040 4927 3198 4984 facile
3241 4929 3360 4983 ﬁeri
3411 4933 3610 5001 potuit)

2015 5017 2417 5086 ’imperl‘ectum
2460 5017 2779 5081 oll’enderis,
2821 5019 3094 5089 ignoscas,
3123 5037 3309 5088 quasso
3346 5033 3417 5087 te,
3476 5040 3613 5079 mea:

2037 5109 2312 5174 tenuitati,
2343 5118 2456 5163 tum
2503 5112 2764 5181 temporis
2801 5114 3066 5182 angustia:
3096 5114 3328 5174 tribuas,
3355 5131 3477 5183 qua:
3503 5117 3612 5170 tuis

2036 5201 2306 5255 mandatis
2338 5202 2933 5272 voluitobtemperare.
2964 5204 3232 5270 Quoniam
3287 5225 3419 5264 vero
3474 5211 3608 5266 illud

2035 5302 2297 5362 prmterea
2322 5295 2592 5364 scripsisti
2626 5304 2685 5349 ut
2718 5297 2928 5366 1022
2951 5298 3050 5351 tibi
3070 5298 3276 5368 aliquid
3301 5301 3610 5358 diceremus

2036 5384 2103 5438 de
2135 5386 2339 5465 sanctis
2363 5387 2619 5442 Patribus
2641 5398 2843 5443 nostrae
2864 5391 3053 5454 laura:,
3081 5408 3148 5444 an
3186 5408 3313 5445 vera
3345 5394 3456 5448 sint
3485 5410 3608 5463 qua:

2034 5490 2063 5529 a
2091 5476 2374 5530 nonnullis
2408 5478 2630 5532 audisse
2665 5479 2826 5543 dicis,
2861 5479 2927 5533 de
2956 5495 3149 5534 eorum
3184 5483 3445 5538 videlicet
3495 5485 3606 5539 vita

352 5569 510 5621 καῖον
542 5567 844 5636 ἡγησάμην
875 5567 1142 5638 πρότερον
1169 5567 1229 5618 ὲν
1264 5567 1462 5637 βραχεῖ
1512 5570 1754 5637 σημᾶναι
1796 5567 1923 5638 ὑμῖν
2033 5579 2089 5622 et

1841 5569 1923 5638 μίν
2033 5579 2089 5622 et
2137 5583 2294 5634 nece,
2338 5584 2466 5623 eum
2521 5571 2611 5624 vix
2647 5571 2738 5625 illa
2793 5572 2944 5627 credi
2991 5574 3227 5643 possint,
3271 5585 3327 5629 et
3379 5591 3603 5631 sensum

419 5721 706 5804 “Lauranm
745 5722 990 5774 neoterici
1038 5721 1207 5776 erci
1245 5722 1449 5804 insigne
1487 5723 1670 5777 dicunt
1719 5725 2120 5786 monasterium,
2166 5742 2261 5794 pro
2310 5742 2501 5796 magna
2547 5727 2818 5785 hominum
2857 5731 3006 5798 copia
3037 5732 3126 5800 qui
3161 5731 3446 5788 devotioni:
3477 5748 3604 5804 ergo

349 5793 517 5847 instar
548 5789 839 5844 multarum
862 5807 1128 5860 aquarum
1158 5808 1218 5846 eo
1251 5794 1541 5862 conﬂuunt.
