4462 6440
839 314 973 378 1433
2104 308 2462 368 ANTIOCHI
2510 308 2601 367 ML

2368 309 2462 366 ;ιιι
2510 306 2851 367 MUNACHI
3969 305 4130 367 1421

835 444 1053 487 omnem
1078 434 1365 497 superent,
1383 420 1756 478 necessarium
1776 430 2067 490 propterea
2081 419 2209 471 duxi
2232 418 2408 472 brevi-
2437 429 2484 487 Α
2512 421 2581 472 τὰ

2371 418 2408 471 i-
2437 429 2484 487 Α
2512 421 2581 472 τά
2606 418 2736 488 περὶ
2771 418 2971 483 αὐτῶν,
3003 415 3101 471 εἶθ’
3120 416 3295 482 οὕτως
3326 418 3697 487 καθυποτάξαι
3721 422 3790 475 τὰ
3811 423 3912 493 τῆς
3947 423 4129 487 θείας

838 525 943 577 bus
970 520 1068 574 tibi
1091 520 1247 589 prius
1268 517 1486 587 aperire
1506 529 1628 584 quae
1651 513 1718 567 ad
1743 514 1869 568 illos
1887 512 2147 574 attinent,
2166 526 2228 563 ea
2262 510 2407 563 dein-
2513 508 2600 577 Γρε

1291 517 1486 587 iperirc
1506 529 1628 584 quae
1651 513 1718 567 ad
1743 514 1869 568 illos
1887 512 2147 574 attinent,
2166 526 2228 563 ea
2262 510 2407 563 dein-
2513 508 2733 578 Γραφῆς
2765 507 3053 577 κεφαλαια.

837 606 1825 681 cepssubjicere,quaadiximussacra:
1837 604 2136 672 Scriptura:
2149 603 2405 672 capitula.

911 700 987 753 De
1014 696 1274 751 laudabili
1310 704 1494 749 autem
1521 694 1633 748 vita
1662 708 1855 748 eorum
1906 692 1959 745 in
1996 693 2409 762 prtescntiarum

839 808 1000 863 agere
1044 792 1096 845 id
1134 789 1403 859 temporis
1436 804 1547 842 non
1592 787 1854 857 postulat,
1896 802 2000 841 nec
2054 802 2173 840 mea
2226 787 2409 855 lingua

841 885 933 937 illa
958 889 1145 951 posset
1172 881 1329 933 facile
1378 894 1710 948 percurrere
1748 894 1762 930 :
1795 878 1930 932 illud
1967 885 2177 932 tantum
2209 878 2411 941 dicam,

843 975 990 1044 quod
1056 987 1247 1025 revera
1307 971 1560 1024 homines
1612 977 1772 1024 erant
1820 969 1991 1023 divini
2046 970 2112 1038 (si
2160 969 2415 1023 homines

843 1079 1057 1124 tantum
1093 1067 1216 1120 illos
1242 1072 1497 1136 Oporteat
1543 1064 1729 1118 dicere
1754 1065 1941 1133 potius
1963 1077 2127 1131 quam
2163 1063 2411 1132 angelos)

842 1180 968 1214 mnu
1001 1163 1052 1213 iu
1083 1159 1481 1214 exercitatione
1511 1157 1788 1226 spirituali
1842 1164 1899 1210 et
1946 1156 2253 1209 monastica
2298 1154 2413 1208 vita

842 1265 897 1306 et
917 1252 1203 1306 laboribus
1233 1265 1375 1320 quos
1403 1265 1504 1319 pro
1536 1249 1739 1317 pietate
1774 1247 2145 1311 sustulerunt,
2165 1261 2193 1298 a
2214 1247 2415 1315 juven-

845 1358 961 1401 tute
1011 1362 1108 1400 sua
1137 1345 1517 1401 inscuuerint:
1543 1358 1704 1397 senes
1739 1342 1963 1413 quidem
2010 1341 2330 1404 venerandi,
2362 1350 2418 1396 et

842 1454 1012 1495 canos
1044 1437 1273 1509 capillos
1304 1436 1605 1501 habebant,
1632 1435 1727 1490 sed
1756 1444 1940 1490 mente
1967 1436 2139 1504 magis
2189 1440 2416 1502 prmsta-

844 1532 977 1586 bant
1010 1538 1066 1583 et
1086 1527 1423 1589 humilitate,
1448 1524 1688 1585 honesti,
1725 1523 1981 1583 modesti,
2007 1520 2257 1580 veridici,
2284 1518 2417 1570 irre-

843 1618 1268 1689 prehensibilcs,
1310 1615 1469 1684 justi,
1510 1614 1608 1681 pii,
1646 1612 1715 1665 ab
1774 1610 1923 1664 omni
1971 1607 2313 1678 turpitudine
2362 1614 2418 1659 et

845 1711 1116 1780 pravitate
1164 1706 1354 1770 alieni,
1382 1703 1643 1758 erunibus
1688 1702 1848 1756 bonis
1881 1700 2088 1762 ornati,
2126 1708 2182 1752 et
2228 1696 2418 1751 divino

2584 681 2694 735 Καὶ
2717 682 2845 751 περὶ
2877 682 2977 750 μὲν
2995 680 3093 748 τῆς
3120 680 3378 751 ἐναρέτου
3399 680 3575 734 αὐτῶν
3605 680 3886 744 πολιτείας
3913 682 3982 734 οὗ
4019 679 4128 733 τοῦ

2512 775 2779 843 παρόντος
2797 773 2990 844 καιροῦ
3014 772 3135 825 οὐδὲ
3154 776 3253 842 τῆς
3271 773 3409 843 ἐμῆς
3438 774 3681 842 γλώττης
3704 773 4124 842 διηγήσασθαι.

2512 863 2685 916 Τοῦτο
2708 865 2764 916 δὲ
2801 866 2958 933 μόνον
2987 862 3151 930 λέγω,
3184 862 3267 915 ὅτι
3299 864 3374 925 ὡς
3404 862 3618 933 ἀληθῶς
3649 864 3933 933 ἅνθρωποι
3962 860 4127 933 ἦσαν

2515 956 2648 1009 θεῖοι
2665 955 2802 1026 (εἴγε
2826 956 2906 1008 δεῖ
2931 954 3249 1025 ἀνθρώπους
3269 955 3466 1017 αὐτοὺς
3487 957 3693 1020 καλεῖν,
3719 957 3815 1008 καὶ
3835 957 3915 1026 μὴ
3938 956 4124 1023 ἀγγέ-

2515 1048 2682 1117 λους),
2714 1050 2779 1117 τῇ
2808 1065 2866 1099 τε
2894 1047 3237 1117 ἀσκήσεικαὶ
3273 1047 3472 1116 ἠσυχίᾳ
3505 1047 3597 1100 καὶ
3625 1051 3735 1111 τοῖς
3768 1049 3915 1117 υπὲρ
3948 1049 4123 1100 εὐσε-

2516 1139 2667 1200 ϐείας
2710 1138 2893 1200 πόνοις
2931 1140 2996 1189 ἐκ
3024 1137 3277 1207 νεότητος
3304 1139 3761 1207 ἐγγεγηρακότες,
3818 1139 4121 1209 γηραλέοι,

2518 1230 2888 1300 ἱεροπρεπεῖς,
2909 1228 3083 1280 πολιοὶ
3100 1228 3199 1298 τὴν
3226 1228 3384 1298 τρίχα
3402 1228 3497 1281 καὶ
3515 1229 3613 1297 τὴν
3630 1229 3864 1293 σύνεσιν,
3882 1228 4118 1296 ἀγαθοὶ,

2516 1322 2963 1391 ταπεινόφρονες,
2996 1320 3233 1387 κόσμιοι,
3265 1320 3558 1391 σώφρονες,
3604 1320 3873 1391 ἀληθινοὶ,
3923 1323 4122 1390 ἄμεμ-

2518 1430 2662 1475 πτοι,
2685 1412 2899 1475 δίκαιοι,
2924 1410 3215 1472 θεοσεϐεῖς,
3239 1410 3568 1478 ἀπεχόμενοι
3585 1410 3692 1463 ἀπὸ
3710 1411 3913 1471 παντὸς
3936 1428 4120 1481 πονη-

2521 1506 2616 1576 ροῦ
2647 1507 2990 1575 πράγματος,
3015 1504 3319 1565 ἀνελλιπεῖς
3358 1504 3576 1558 πάντων
3597 1504 3705 1557 τῶν
3725 1502 3975 1571 ἀγαθῶν,
4010 1521 4122 1556 πε-

2518 1598 2867 1667 πληρωμένοι
2890 1596 2948 1648 δὲ
2977 1597 3073 1665 τῆς
3097 1596 3246 1658 θείας
3271 1595 3513 1665 ἀγάπης.
3546 1596 3705 1659 Τινὲς
3731 1597 3915 1649 αὐτῶν
3944 1598 4049 1649 ὐπε
4062 1614 4121 1666 ρ-

2519 1687 2813 1759 ϐεϐηκότες
2830 1688 2938 1740 ἀπὸ
2954 1689 3295 1755 πεντήκοντα
3310 1688 3402 1741 καὶ
3415 1689 3677 1757 ἐξήκοντα
3692 1688 3851 1751 ἐτῶν,
3868 1691 3946 1757 μὴ
3966 1688 4120 1757 ἐξερ-

845 1777 1040 1868 repleti
1067 1811 1255 1850 amore
1283 1813 1297 1848 :
1323 1793 1575 1849 nonnulli
1604 1794 1851 1862 ipsorum
1896 1798 2119 1844 centum
2164 1802 2407 1842 cxcesse-
2451 1777 2499 1838 Β
2524 1782 2607 1850 χόι

2351 1802 2407 1840 ιο.
2451 1777 2499 1838 B
2524 1782 2744 1850 χόμενοι
2772 1780 3044 1841 παντοίως
3088 1782 3189 1850 τῆς
3226 1778 3477 1850 Λαῦρας·
3512 1782 3654 1843 τινὲς
3684 1781 3742 1833 δὲ
3798 1782 3939 1851 μήτε
3961 1781 4019 1833 ἐν
4040 1783 4113 1849 τῇ

846 1899 977 1942 runt
1006 1902 1178 1941 annos
1200 1896 1256 1939 et
1293 1883 1691 1954 quinquaginta
1724 1897 1840 1944 sex,
1880 1881 1934 1933 in
1967 1879 2155 1949 quieta
2202 1887 2259 1932 et
2297 1892 2418 1931 mo-

848 1980 1057 2033 nastiea
1082 1979 1192 2031 vita
1225 1990 1349 2029 cum
1380 1975 1743 2045 peregissent,
1773 1987 1876 2027 nec
1906 1988 1937 2025 a
1998 1972 2148 2024 laura
2179 1984 2419 2038 unquam

849 2067 1521 2125 recesseruntznonnulli
1576 2081 1709 2118 vero
1762 2079 1942 2132 neque
1995 2062 2062 2116 ad
2130 2061 2418 2115 ecclesiam

848 2168 1249 2228 processerant,
1288 2172 1389 2211 nec
1414 2155 1692 2209 civitatem
1739 2154 1981 2224 amplius
2028 2152 2301 2214 viderant,
2353 2165 2419 2204 ex

2525 1873 2796 1943 ἐκκλησίᾳ
2813 1872 3118 1942 προϊόντες,
3141 1872 3273 1942 μηδέ
3291 1870 3598 1943 ἑωρακότες
3620 1875 3718 1944 τὴν
3736 1876 3911 1938 πόλιν,
3935 1874 4029 1942 ἀφ⁸
4045 1867 4117 1927 οὗ

2524 1963 2819 2033 ἐμόνασαν,
2856 1964 3081 2033 ἀρεταῖς
3105 1964 3386 2027 παντοίαις
3414 1965 3840 2035 κεκοσμημένοι,
3871 1967 4116 2033 ἐπίγειοι

2526 2057 2770 2126 ἄγγελοι,
2784 2055 2878 2109 καὶ
2893 2056 2955 2109 οὑ
2964 2055 3135 2127 ράνιοι
3152 2056 3248 2110 ἀνθ
3256 2074 3449 2129 ρωποι·
3466 2057 3523 2110 ὅθ
3530 2074 3587 2109 εν
3599 2057 3693 2110 καὶ
3702 2059 3944 2111 τοιοῦτον
3960 2058 4116 2118 τέλος

2527 2147 2929 2219 ἀπηνέγκαντο,
2956 2148 3134 2202 καὶτὸ
3165 2148 3416 2219 βραϐεῖον
3438 2151 3537 2219 τῆς
3569 2149 3723 2217 νίκης
3758 2149 4111 2219 ἐκομίσαντο.

846 2263 956 2317 quo
1008 2248 1173 2301 vitam
1222 2244 1575 2298 monasticam
1608 2244 1775 2297 semel
1814 2242 2033 2295 fuerant
2062 2240 2388 2307 amplexati;
2421 2238 2589 2293 variis
2627 2239 2796 2293 etiam
2844 2239 3147 2293 virtutibus
3190 2239 3520 2302 emicabant,
3562 2250 3853 2294 terrestres
3898 2240 4115 2294 scilicet

847 2343 1026 2412 angeli
1078 2350 1133 2395 et
1173 2340 1425 2394 cmlestes
1475 2336 1748 2392 homines.
1788 2335 2135 2405 Quapropter
2198 2335 2345 2387 hunc
2383 2332 2547 2388 linem
2587 2342 2718 2387 sunt
2763 2330 2985 2402 adepti,
3044 2341 3101 2387 et
3140 2332 3383 2387 victoria:
3416 2333 3702 2402 praemium
3750 2343 3879 2387 sunt
3916 2348 4113 2388 conse-

847 2438 978 2492 cuti.

918 2529 1055 2582 Cum
1107 2525 1256 2580 enim
1317 2523 1605 2579 lsmaclita:
1654 2521 1721 2575 ad
1769 2531 2020 2575 nostrum
2066 2520 2427 2575 accessissent

850 2616 1268 2675 monasterium,
1319 2628 1425 2666 una
1505 2612 1810 2681 septimana
1864 2621 2164 2681 antequam
2236 2621 2425 2665 sancta

849 2709 1047 2763 civitas
1096 2706 1292 2759 fuisset
1360 2712 1649 2772 occupata,
1682 2712 1740 2755 et
1783 2702 2044 2757 universa
2096 2717 2251 2757 sacra
2301 2716 2427 2755 vasa

851 2794 1113 2849 Ecclesia:
1145 2793 1255 2862 jam
1287 2790 1667 2860 diripuissent,
1694 2790 1947 2859 plerique
1988 2792 2178 2845 Patres
2200 2789 2429 2860 aufuge-

854 2890 988 2937 runt
1031 2897 1196 2951 quam
1234 2880 1495 2950 primum,
1520 2888 1909 2933 remanserunt
1944 2888 2128 2933 autem
2152 2880 2207 2934 in
2238 2894 2431 2933 mona-

850 2972 1024 3029 sterio
1066 2970 1163 3041 qui
1207 2968 1469 3024 fortiores
1516 2966 1720 3021 Christi
1765 2967 1985 3021 fuerant
2017 2968 2186 3034 servi,
2216 2982 2435 3022 sacrum

857 3065 1010 3119 Ιὶιιιιιι
1042 3063 1225 3116 locum
1265 3059 1570 3114 destituere
1609 3058 1761 3112 nullo
1798 3069 1959 3128 pacto
1988 3059 2263 3114 volentes.
2304 3059 2438 3113 Bar-

2613 2517 2982 2572 Ἐπελθόντων
3029 2516 3137 2588 γὰρ
3187 2517 3298 2569 τῶν
3337 2516 3694 2588 Ἰσμαηλιτῶν
3740 2520 3808 2588 τῇ
3859 2520 4115 2591 ἡμετέρᾳ.

2531 2608 2726 2679 Λαύρᾳ
2766 2606 2874 2678 πρὸ
2905 2607 3034 2678 μιᾶς
3081 2606 3376 2675 ἐϐὁομάδος
3414 2604 3505 2658 τοῦ
3545 2605 3974 2676 παραληφθῆναι
4014 2608 4114 2676 τὴν

2530 2702 2696 2770 ἁγίαν
2749 2701 2926 2763 πόλιν,
2990 2699 3084 2752 καὶ
3132 2701 3311 2753 πάντα
3357 2701 3424 2751 τὰ
3482 2699 3581 2769 τῆς
3631 2699 3932 2769 ἐκκλησίας
3991 2700 4115 2769 ίερά

2534 2790 2707 2861 σκεύη
2736 2791 3186 2862 διαρπασάντων,
3217 2791 3279 2845 τὺ
3320 2791 3420 2860 μὲν
3452 2790 3657 2861 πλῆθος
3693 2789 3805 2843 τῶν
3846 2791 4115 2859 Πατὲρων

2535 2886 2881 2953 παραχρῆμα
2934 2884 3395 2953 ὑπανεχώρησεν·
3423 2881 3729 2950 ἀπέμειναν
3754 2879 3810 2932 δὲ
3841 2880 3891 2932 οἱ
3916 2895 4117 2949 καρτε-

2541 2975 2686 3046 ρικοὶ
2727 2974 2902 3027 δοῦλοι
2930 2975 3026 3027 τοῦ
3063 2973 3301 3046 Χριστοῦ
3325 2975 3382 3026 ἐν
3409 2975 3476 3043 τῇ
3503 2972 3715 3043 Λαύρα,
3749 2973 3824 3043 μὴ
3853 2972 4117 3043 βουλόμε-

2538 3084 2620 3121 νοι
2655 3066 2978 3120 καταλιπεῖν
3013 3066 3111 3119 τὸν
3138 3067 3326 3119 τόπον.
3366 3066 3428 3117 0i
3457 3065 3511 3117 δὲ
3544 3064 3809 3133 βάρϐαροι
3856 3065 4119 3118 συλλαϐό-

855 3154 975 3210 bari
1007 3169 1142 3207 vero
1187 3166 1313 3205 cum
1354 3150 1479 3203 illos
1528 3148 2104 3218 compreliendissent,
2132 3159 2190 3205 et
2232 3150 2436 3206 multos
2461 3142 2505 3200 C
2540 3176 2617 3231 με

2356 3163 2436 3206 lOS
2461 3142 2505 3200 (ἶ
2540 3176 2695 3231 μενοι
2720 3158 2944 3224 αὐτοὺς,
2985 3158 3081 3210 καὶ
3117 3157 3360 3227 ἀνηλεῶς
3407 3157 3501 3209 ἐπὶ
3548 3155 3749 3219 πολλὰς
3775 3156 3996 3227 ἡμέρας
4024 3157 4118 3227 βα-

857 3247 979 3300 dics
1005 3246 1130 3299 illos
1163 3243 1461 3296 inhumane
1489 3248 1838 3305 tractassent,
1875 3246 1933 3293 et
1976 3241 2267 3295 tormentis
2297 3240 2433 3294 allii-

860 3340 1089 3400 xissent,
1121 3332 1387 3404 pecunias
1418 3332 1521 3385 hoc
1544 3338 1707 3400 pacto
1736 3346 1857 3385 sese
1895 3331 2218 3385 inventuros
2238 3341 2434 3401 putan-

860 3438 966 3492 tes,
1005 3427 1149 3497 apud
1187 3439 1327 3494 quos
1369 3423 1506 3477 nihil
1551 3422 1717 3492 hujus
1765 3422 1951 3478 saeculi
2013 3422 2430 3492 reperiebatur:

863 3522 941 3576 illi
972 3520 1136 3575 simul
1167 3526 1334 3588 atque
1367 3516 1782 3579 intellexerunt,
1816 3530 1914 3569 sua
1960 3529 2019 3569 se
2066 3515 2287 3569 tandem
2338 3529 2435 3584 spe

863 3629 929 3669 ac
958 3611 1244 3683 proposito
1288 3608 1581 3672 excidisse,
1612 3608 1665 3660 in
1697 3606 2142 3661 elfcratissimam
2170 3607 2316 3661 versi
2347 3620 2436 3659 ra-

867 3704 1036 3765 biem,
1067 3702 1135 3755 ad
1178 3715 1349 3753 unum
1399 3698 1750 3751 membratim
1797 3697 1989 3753 beatos
2026 3698 2148 3752 illos
2185 3696 2439 3752 concide-

864 3802 1017 3855 runt,
1044 3790 1140 3860 qui
1171 3798 1227 3843 et
1276 3787 1465 3842 laetitia
1506 3786 1818 3841 incredibili
1867 3786 2077 3857 perfusi
2110 3802 2174 3841 ac
2206 3787 2439 3857 proinde

865 3884 1033 3939 alacri
1066 3883 1224 3936 vultu
1268 3879 1609 3941 renidentes,
1640 3878 1789 3931 omni
1819 3893 1944 3931 cum
1988 3879 2205 3933 actione
2243 3879 2443 3949 gratia-

868 3990 1015 4037 rum.
1062 3975 1276 4027 animas
1341 3970 1705 4025 reddiderunt
1767 3970 2001 4024 Domino
2035 3987 2048 4022 :
2084 3971 2289 4040 quippe
2344 3970 2440 4040 qui

868 4082 979 4121 non
1013 4065 1088 4120 ita
1120 4062 1335 4134 pridem
1369 4062 1424 4115 in
1467 4061 1614 4115 votis
1655 4060 1967 4116 habuerant
2015 4059 2212 4113 resolvi
2236 4069 2284 4113 et
2321 4076 2441 4112 cum

868 4158 1074 4211 Christo
1104 4170 1217 4209 esse
1245 4155 1284 4207 '.
1305 4153 1548 4222 Corpora
1598 4167 1731 4207 vero
1756 4151 2044 4220 plusquam
2076 4150 2281 4221 tragice
2303 4165 2440 4203 caesa

867 4263 993 4302 cum
1022 4262 1131 4301 non
1163 4258 1369 4315 paucos
1400 4243 1519 4297 dies
1552 4243 1606 4296 in
1651 4241 1880 4295 humum
1924 4240 2172 4310 disjecta.
2212 4239 2331 4294 sine
2358 4254 2443 4293 se-

871 4339 1109 4407 pultura:
1142 4334 1417 4391 beneﬁcio
1447 4333 1770 4404 iacuissent,
1802 4333 1872 4385 ab
1905 4331 2108 4386 Arabia
2140 4332 2233 4385 illo
2268 4346 2442 4401 usque

868 4427 1377 4500 approperavimus.
1419 4425 1488 4479 Et
1524 4424 1748 4494 quidem
1788 4424 2025 4477 eximius
2077 4423 2247 4478 abbas
2284 4423 2445 4477 Nico-

2540 3251 2874 3316 σανίζοντες,
2913 3250 3151 3321 οἰόμενοι
3191 3250 3450 3321 χρήματα
3490 3250 3789 3319 εὑρίσκειν,
3842 3249 3979 3319 παρ’
4038 3244 4119 3312 οἷς

2544 3342 2712 3413 μηδὲν
2735 3340 2830 3394 τοῦ
2868 3341 3067 3404 αἰῶνος
3088 3339 3281 3393 τούτου
3313 3339 3580 3409 ὑπῆρχεν,
3605 3338 3759 3402 τέλος
3782 3340 3877 3392 τοῦ
3912 3338 4123 3393 σκοποῦ

2541 3432 2891 3495 ἐκπεσόντες,
2945 3433 3217 3501 ἐμμανεῖς
3280 3431 3564 3500 γενόμενοι
3615 3432 3823 3494 πάντας
3887 3432 4125 3501 μεληδὸν

2542 3524 2901 3592 κατέτεμνόν.
2934 3524 2996 3577 υἱ
3042 3523 3100 3576 δέ
3143 3523 3405 3592 μακάριοι
3449 3520 3745 3590 γεγηθότες
3784 3522 3997 3592 φαιδρῷ
4045 3520 4125 3589 τῷ

2544 3613 2850 3685 προσώπῳ,
2884 3614 3224 3686 εὐχαρίστως
3242 3615 3343 3677 τάς
3368 3614 3546 3683 ψυχὰς
3565 3612 3640 3684 τῷ
3671 3614 3863 3683 Κυρίῳ
3907 3613 4127 3666 ἀπέδω-

2546 3725 2673 3771 καν,
2708 3706 2784 3771 ὡς
2809 3710 2875 3761 ἐκ
2902 3706 3100 3761 πολλοῦ
3129 3707 3229 3778 τὴν
3270 3705 3569 3775 ἐπιθυμίαν
3598 3705 3816 3774 ἔχοντες
3855 3706 4127 3759 ἀναλῦσαι

2545 3798 2643 3851 καὶ
2669 3799 2768 3852 σὺν
2800 3797 3021 3868 Χριστῷ
3052 3794 3211 3850 εἶναι.
3256 3796 3554 3864 Ῥιφέντων
3589 3796 3645 3848 δὲ
3694 3796 3803 3849 τῶν
3844 3795 4127 3863 σωμάτων

2547 3889 2730 3942 αὐτῶν
2777 3890 2871 3942 ἐπὶ
2902 3888 3105 3951 πολλὰς
3132 3888 3347 3959 ἡμέρας
3369 3889 3613 3956 ἀτάφων,
3650 3886 4128 3956 ἐπικατελάϐομεν

2547 3982 2706 4050 ἡμεῖς
2737 3980 2847 4032 ἀπὸ
2883 3978 3181 4048 Ἀραϐίαςο
3230 3979 3328 4031 καὶ
3356 3980 3385 4031 ό
3419 3979 3520 4046 μὲν
3574 3977 3750 4040 ἀϐϐᾶς
3791 3977 4121 4047 Νικομήδης

2550 4070 2890 4142 θεασάμενος
2920 4070 2987 4122 τά
3021 4069 3231 4123 ἐλεεινά
3256 4069 3507 4139 θεάματα
3535 4070 3643 4122 τῶν
3681 4069 3971 4141 Πατίρων,
4008 4069 4126 4122 λει-

2549 4162 2876 4231 ποθυμήσας
2906 4161 3096 4231 σχεδὸν
3127 4161 3302 4215 εἰπεῖν
3324 4161 3468 4233 ἤρθη
3489 4160 3701 4231 νεκρός.
3724 4161 4000 4224 Μόδεστος
4021 4161 4081 4214 δέ
4100 4164 4131 4213 ό

2548 4250 2844 4313 ὁσιώτατος
2894 4249 3210 4321 προσελθὼν
3262 4250 3442 4303 πάντα
3490 4250 3558 4304 τά
3608 4249 3945 4322 σκηνώματα
4014 4251 4130 4305 τῶν

2550 4342 2722 4410 ἁγίων
2772 4341 3081 4406 συστείλας,
3141 4340 3327 4394 ἔλουσε
3389 4341 3564 4396 πολλά
3616 4360 3677 4395 τε
3728 4342 4126 4413 ἐπιδακρύσας,

2551 4433 2644 4485 καὶ
2700 4430 3176 4501 περιπωξάμενος
3215 4432 3285 4485 τά
3345 4433 3477 4500 ἅγια
3530 4435 3624 4486 καὶ
3657 4434 3965 4503 καρτερικά
4023 4435 4129 4488 αὐε-

870 4523 1059 4577 inedes
1089 4518 1466 4591 spectaculum
1503 4516 1637 4572 illud
1685 4515 1999 4570 miserabile
2047 4529 2312 4570 cassorum
2342 4515 2445 4569 Pa-
2477 4496 2520 4552 Ῑ)
2545 4522 2632 4576 τῶς

2362 4516 2445 4568 9³·
2477 4496 2520 4552 D
2545 4522 2655 4576 τῶν
2687 4522 2936 4591 λείψανα,
2965 4523 3227 4577 κατέθετο
3253 4526 3312 4576 ἐν
3344 4526 3466 4587 ταῖς
3492 4524 3689 4595 θήκαις
3708 4524 3817 4577 τῶν
3840 4526 4124 4598 Πατέρων.

873 4626 1018 4667 trum
1054 4611 1481 4680 contemplatus,
1515 4609 1759 4678 deliquio
1789 4608 1959 4662 animi
1994 4606 2255 4670 concidit,
2278 4616 2441 4675 atque

874 4706 1023 4759 illinc
1057 4705 1263 4759 relatus
1317 4713 1569 4757 mortuus
1615 4715 1786 4770 prope
1830 4710 1933 4755 est.
1984 4699 2261 4754 Modestus
2302 4714 2444 4769 pra:-

875 4806 1044 4864 tcrea,
1099 4805 1155 4851 et
1212 4796 1329 4865 ipse
1396 4794 1800 4857 sanctissimus,
1848 4792 2150 4847 adventum
2194 4801 2446 4845 nostrum

873 4905 999 4943 cum
1033 4886 1443 4950 antevertisset,
1494 4893 1551 4940 et
1597 4893 1916 4939 sanctorum
1961 4882 2181 4937 illorum
2221 4882 2449 4936 lustras-

874 4988 958 5034 set
1002 4978 1156 5048 prius
1203 4975 1512 5031 habitacula
1553 4973 1757 5039 omnia,
1798 4972 1987 5028 itidem
2024 4988 2229 5044 angore
2275 4970 2443 5027 animi

875 5076 1230 5133 contractus,
1275 5066 1463 5121 multis
1517 5081 1574 5119 se
1628 5064 1833 5135 proluit
1884 5064 2160 5135 lacrymis,
2211 5078 2276 5119 ac
2328 5079 2448 5118 san-

875 5170 963 5215 cta
1003 5174 1125 5230 qua:
1170 5166 1402 5213 eatenus
1456 5155 1778 5211 resederant
1816 5156 2026 5225 lipsana
2050 5158 2071 5188 ¹
2120 5155 2448 5224 circumple-

878 5269 998 5317 xus,
1030 5253 1085 5307 in
1127 5252 1354 5307 Patrum
1404 5249 1753 5319 superiorum
1797 5247 2053 5317 deposuit
2098 5246 2444 5320 conditoriis.

950 5342 1161 5415 1023
1191 5341 1243 5397 ιε
1262 5341 1329 5395 ad
1352 5340 1467 5395 inec
1486 5380 1500 5405 ,
1537 5338 1634 5396 ubi
1664 5339 1967 5395 solemnem
2005 5338 2274 5409 persolvit
2295 5346 2351 5393 et
2378 5353 2447 5392 ex

878 5450 1029 5489 more
1076 5440 1406 5489 consuetum
1458 5428 1760 5493 Canonem.
1793 5429 1928 5484 illud
1982 5443 2110 5483 mox
2160 5428 2444 5483 oraculum

880 5526 1031 5579 Isaia:
1071 5534 1287 5579 evscrta
1324 5538 1457 5579 voce
1513 5521 1894 5591 deprompsit:
1943 5539 1959 5571 ι
1992 5520 2107 5575 Viri
2154 5520 2285 5590 justi
2345 5519 2445 5573 tol-

2554 4612 2871 4675 ⁹Εκτελέσας
2891 4614 2948 4667 δὲ
2966 4614 3246 4677 ἐπάὐτοῖς
3268 4615 3360 4667 τὸν
3383 4616 3587 4687 συνήθη
3611 4618 3831 4681 κανόνα,
3853 4619 4133 4688 ἐπεφθέγ-

2546 4705 2675 4769 ξατο
2702 4705 2883 4768 αὐτοῖς
2900 4706 2957 4757 τὸ
2985 4705 3081 4759 τοῦ
3123 4706 3348 4759 Ἡσαΐου
3403 4707 3579 4776 λόγιον
3607 4708 3670 4762 τὸ
3696 4709 3907 4777 φάσκον
3924 4727 3941 4743 ·
3958 4730 3979 4762 ι
3996 4712 4130 4765 Ἀν-

2545 4795 2673 4866 δρες
2692 4795 2894 4849 δίκαιοι
2916 4796 3185 4866 αἴρονται,
3203 4797 3298 4849 καὶ
3321 4798 3495 4862 οὐδεὶς
3521 4804 3777 4854 κατανοεῖ
3793 4816 3807 4830 ’
3832 4801 3942 4854 ἀπὸ
3958 4820 4132 4874 προσ-

2548 4885 2701 4937 ώπου
2751 4885 2967 4949 ἀδικίας
3012 4881 3181 4957 ἦρται
3228 4888 3257 4941 ό
3293 4887 3533 4952 δίκαιος·
3569 4888 3722 4944 ἔσται
3768 4891 3828 4945 ἐν
3868 4894 4067 4965 είρήνῃ
4095 4896 4128 4964 ἡ

2548 4975 2697 5046 ταφὴ
2732 4974 2920 5030 αὑτοῦ.
2966 4995 2986 5029 ›
3018 4977 3158 5031 Καίσ
3196 4996 3214 5028 ι
3255 4978 3442 5047 Ψυχαὶ
3473 4978 3699 5033 δικαίων
3740 4980 3799 5033 ἐν
3825 4982 3977 5050 χειρὶ
4014 4982 4131 5036 Κυ-

2556 5067 2694 5136 ρίουο
2726 5066 2823 5121 καὶ
2851 5067 2914 5121 οὐ
2950 5068 3026 5138 μὴ
3064 5067 3268 5139 ἅψηται
3296 5069 3480 5123 αὐτῶν
3522 5069 3774 5138 βάσανος.
3801 5072 4035 5139 Ἐδοξαν
4070 5074 4131 5128 ἐν

2551 5157 2851 5228 ὀφθαλμοῖς
2879 5159 3132 5229 ἀφρόνων
3163 5160 3439 5225 τεθνάναι,
3474 5162 3522 5214 oi
3546 5162 3603 5215 δέ
3637 5163 3775 5215 εἰσὶν
3800 5162 3858 5215 ἐν
3893 5164 4088 5235 εἰρήνῃ
4108 5205 4124 5228 ,

2553 5248 2650 5302 καὶ
2676 5251 2710 5320 η
2733 5250 2888 5313 ἐλπὶς
2909 5250 3088 5304 αὐτῶν
3113 5250 3411 5316 ἀθανασίας
3438 5252 3651 5324 πλήρης
3670 5269 3684 5283 ’
3709 5254 3803 5307 καὶ
3823 5253 3982 5322 ὀλίγα
4005 5272 4129 5310 παις

2552 5337 2838 5402 ὁευθέντες
2893 5338 3149 5409 μεγάλως
3194 5341 3753 5413 εὐεργετηθήσονται,
3795 5344 3878 5397 ὅτι
3920 5346 3952 5398 ό
3996 5346 4125 5409 Θεὸς

2553 5430 2845 5501 ἐπείρασεν
2886 5431 3110 5495 αὐτοὺς,
3142 5431 3237 5485 καὶ
3270 5427 3428 5503 εὗρεν
3458 5433 3653 5496 αὒτοῦς
3688 5434 3872 5500 ἀξίους
3901 5437 4117 5500 ἐαυτοῦ.

2552 5523 2646 5574 καὶ
2672 5522 2746 5586 ὼς
2774 5523 3147 5594 ὁλοιιάρπωμα
3173 5524 3365 5589 θυσίας
3394 5526 3758 5598 προσεδέξατο
3783 5530 4005 5596 αὐτοὺς,
4035 5532 4123 5585 καὶ

996 5678 1227 5747 Philipp.
1258 5696 1293 5737 ι.
1323 5679 1411 5731 25.
1487 5678 1507 5707 ³
1532 5674 1613 5729 Ti
1647 5675 1774 5743 ἀγια
1806 5673 2052 5743 λείψανα,
2104 5683 2319 5726 sanctas
2357 5675 2637 5743 reliquias.
