4462 6440
179 401 315 474 1425

1305 420 1667 481 EPISTOLA
1706 417 1805 474 AD
1844 415 2367 479 EUS’I‘ATHIUM.

3294 421 3429 484 1426

176 526 234 577 ίν
283 527 462 596 καιρῷ
513 529 824 600 ὶπισκοπῆς
880 534 1060 588 αὐτῶν
1113 535 1513 605 ἀναλάμψουσι.
1568 555 1585 586 ι
1635 534 1743 588 Καὶ
1772 528 1816 582 Α
1845 529 1938 582 Iun

1665 534 1743 588 Lai
1772 528 1816 582 A
1845 529 2035 582 lun.ur
2060 541 2120 584 et
2148 546 2311 585 nemo
2343 532 2628 601 recogitet.
2667 529 2868 585 Afacie
2899 531 3207 600 iniquitatis
3237 535 3427 590 subla-

172 616 348 670 ταῦτα
375 621 506 689 περὶ
543 621 652 674 τῶν
680 623 850 690 ἁγίων
876 625 1136 696 Πατέρων
1159 626 1316 696 ήμῶν
1345 625 1584 696 εἰρηκὼς
1607 641 1749 695 παρ-

171 709 357 762 εκάλει
375 712 738 784 πάνταςήμᾶς
756 715 830 786 μὴ
855 718 1244 789 ὲγκαταλεῖψαι
1271 720 1365 771 τὸν
1382 719 1544 770 τόπον
1570 718 1602 787 ή
1610 717 1747 786 μῶν,

171 799 290 850 ἀλλ’
324 801 617 871 ὑπομένειν
649 808 912 871 γενναίως
944 809 1002 860 ἐν
1033 811 1147 872 τοῖς
1179 812 1509 879 πειρασμοῖς
1542 826 1750 878 μνημο·

172 889 428 956 νεύοντας
457 893 550 946 τοῦ
583 896 786 967 Κυρίου
817 898 1086 968 λέγοντος·
1125 917 1144 950 ι
1188 902 1310 955 Ὀτι
1346 900 1506 971 στενὴ
1541 903 1573 971 ἡ
1605 901 1748 969 πύλη

173 983 269 1036 καὶ
295 984 632 1058 τεθλιμμένη
665 990 698 1059 ή
727 991 845 1052 ὁδὸς
875 995 906 1062 ή
943 993 1232 1062 ἀπάγουσα
1263 994 1342 1056 εἰς
1373 993 1471 1062 τὴν
1503 995 1648 1064 ζωήν
1669 1011 1682 1023 ·
1725 1010 1744 1044 ι

172 1076 265 1128 καὶ
312 1077 408 1130 τοῦ
466 1079 810 1147 Ἀποστόλου,
839 1085 920 1137 ὅτι
969 1105 987 1137 ι
1029 1086 1128 1140 Διά
1170 1087 1382 1139 πολλῶν
1409 1085 1640 1155 Θλίψεων
1673 1086 1752 1138 δεῖ

171 1171 320 1237 ἡμᾶς
370 1171 635 1225 εἰσελθεῖν
675 1175 755 1237 είς
801 1175 904 1246 τὴν
943 1176 1223 1246 βασιλείαν
1270 1177 1378 1229 τῶν
1417 1176 1682 1248 οὐρανῶν.
1726 1194 1744 1226 ι

174 1263 435 1327 Ιδᾷίξαντες
463 1267 557 1319 οῦν
600 1270 665 1336 τῇ
699 1269 1018 1339 παραινέσει
1053 1270 1218 1324 αὐτοῦ
1263 1270 1560 1340 ἐμείναμεν
1595 1271 1654 1322 ὲν
1680 1270 1748 1339 τῇ

168 1356 368 1426 Λαύρᾳ
399 1355 474 1418 ὡς
505 1359 596 1408 ἐπὶ
634 1357 727 1410 δύο
763 1361 960 1428 μῆνας.
989 1360 1102 1414 Καὶ
1147 1361 1312 1414 πάλιν
1348 1362 1518 1430 ἀκοῆς
1550 1357 1752 1430 βαρϐα-

171 1448 338 1517 ρικῆς
368 1450 666 1520 γενομένης
695 1451 1030 1520 φοϐηθέντες
1060 1452 1444 1522 κατεφύγομεν
1477 1454 1557 1513 εἰς
1586 1467 1750 1519 μονα-

171 1539 268 1607 στή
281 1555 398 1610 ριον
429 1540 654 1608 πλησίον
683 1541 785 1609 τῆς
820 1542 979 1610 ἁγίας
1015 1543 1246 1609 πόλεως,
1274 1543 1348 1605 ὡς
1375 1541 1484 1594 ἀπὸ
1523 1539 1751 1594 σταδίων

169 1632 352 1684 εἴκοσι
387 1671 402 1695 ,
433 1633 726 1702 λεγόμενον
761 1635 854 1686 τοῦ
907 1635 1054 1688 ἁϐϐᾱ
1109 1635 1465 1688 Ἀναστασίου
1492 1673 1507 1698 ,
1546 1634 1752 1703 μηδένα

166 1724 227 1775 τὸ
259 1724 565 1793 τηνικαῦτα
611 1726 754 1794 ἕχον.
799 1728 908 1779 Καὶ
943 1727 1268 1795 ποιήσαντες
1297 1728 1371 1788 ὼς
1397 1726 1490 1778 δύο
1527 1726 1752 1796 χρόνους

167 1818 227 1868 ἐν
253 1816 428 1886 αὐτῷ,
461 1818 623 1870 πάλιν
677 1819 1137 1888 παρεκαλοῦμεθα
1185 1820 1290 1872 ὑπὸ
1328 1819 1420 1872 τοῦ
1457 1819 1750 1890 εἰρημένου

165 1909 471 1960 ὁσιωτάτου
497 1910 771 1962 Μοδέστου
802 1909 1140 1973 ἐπανελθεῖν,
1175 1912 1268 1963 καὶ
1301 1912 1521 1980 οἰκῆσαι
1553 1912 1631 1972 εἰς
1658 1909 1749 1962 τὸν

166 1997 339 2051 τόπον
383 2000 559 2067 ἡμῶν.
597 2000 922 2064 Πεισοὲντες
967 1997 1058 2056 οὗν
1084 2005 1150 2072 τῇ
1184 2004 1361 2073 ἀγαθῇ
1405 2001 1572 2056 αὑτοῦ
1613 2020 1752 2072 συμ-

167 2090 388 2160 ϐουλίᾳ,
422 2092 470 2143 οἱ
508 2093 606 2159 μὲν
652 2094 996 2163 παραχρῆμα
1027 2095 1442 2165 ἐπανήλθομεν,
1477 2095 1572 2147 καὶ
1603 2094 1751 2164 οἰκή-

169 2198 350 2250 σαμεν
379 2184 458 2243 είς
487 2184 584 2254 τὴν
627 2183 867 2254 Λαῦραν,
900 2187 1043 2248 τινὲς
1088 2187 1144 2240 δὲ
1187 2187 1281 2240 καὶ
1313 2186 1510 2256 μικρὸν
1545 2185 1748 2256 βραδύ-

164 2288 334 2341 τερον
362 2272 514 2342 φόϐῳ
534 2273 641 2325 τῶν
669 2275 1029 2341 γειτνιώντων
1059 2278 1190 2345 ἡμῖν
1220 2275 1570 2346 Σαρακηνῶν,
1605 2276 1751 2336 τινὲς

166 2362 222 2414 δὲ
274 2365 370 2415 καὶ
402 2365 459 2415 ἐν
496 2363 647 2433 αὐτῷ
688 2365 766 2434 τῷ
812 2368 1160 2437 μοναστηρίῳ
1206 2367 1586 2437 ἀπεμείναμεν
1631 2367 1751 2434 ἅμα

180 2456 463 2524 Ὶουστίνῳ
506 2456 584 2522 τῷ
609 2458 892 2527 ὁσιωτάτῳ
925 2459 1106 2510 αὐτῶν
1139 2459 1446 2529 ἡγουμένῳ,
1469 2458 1752 2529 ἀποταξα-

170 2546 325 2613 μὲνῳ
373 2547 431 2596 ὲν
458 2550 522 2615 τῇ
557 2548 747 2618 Λαύρᾳ
773 2588 786 2610 ,
818 2550 910 2600 καὶ
943 2550 1229 2609 πλείστους
1257 2551 1485 2618 χρόνους
1524 2552 1583 2602 ὲν
1615 2551 1749 2620 αὐτῇ

169 2638 526 2704 πεποιηκότι,
555 2639 649 2692 καὶ
679 2643 738 2691 ὲν
767 2641 986 2704 πολλαῖς
1016 2643 1242 2710 ἀρεταῖς
1278 2641 1656 2711 διαπρέψαντι,
1676 2642 1752 2703 ώς

167 2728 268 2779 καὶ
326 2730 394 2796 τῇ
450 2728 542 2780 τοῦ
603 2729 974 2798 πρεσϐυτέρου
1030 2731 1159 2800 ἀξίᾳ
1215 2730 1378 2784 αὑτὸν
1429 2730 1747 2798 τιμηθῆναι.

169 2818 368 2880 Ὅστις
398 2818 812 2883 θεοσεϐέστατος
852 2823 1138 2885 Ὶουστῖνος
1178 2822 1377 2890 πολλὴν
1411 2821 1658 2875 συνοδίαν
1693 2823 1751 2873 ἐν

167 2910 247 2978 τῷ
289 2910 439 2980 αὐτῷ
473 2913 818 2983 μοναστηρίῳ
846 2917 911 2984 τῇ
945 2913 1038 2967 τοῦ
1076 2913 1315 2986 Χριστοῦ
1366 2915 1550 2983 χάριτι
1592 2931 1752 2979 περι-

167 3000 474 3064 εποιήσατο
523 2989 741 3072 κρατῶν
790 3004 884 3056 τὸν
915 3005 1111 3058 κανόνα
1162 3003 1597 3074 ἀπαραλλάκτως
1654 3005 1753 3072 τῆς

169 3092 402 3161 Λαύρας
417 3094 515 3146 καὶ⁵
542 3094 641 3165 τήν
666 3096 858 3167 λοιπὴν
887 3099 1244 3162 κατάστασιν,
1269 3099 1364 3151 καὶ
1393 3098 1494 3150 οὐκ
1512 3095 1578 3149 ἂν
1601 3095 1752 3165 εὖροι

1853 631 1941 676 tus
1971 622 2279 692 estjustus.
2309 623 2427 677 Erit
2457 624 2511 677 in
2547 638 2680 693 pace
2716 623 3030 693 sepulcrum
3051 625 3171 696 ejus
3195 627 3236 680 ⁸.
3267 645 3283 678 ι
3320 626 3424 682 Et:

1858 731 1876 763 ι
1914 712 2050 782 Spes
2075 714 2294 768 illorum
2338 713 2746 770 immortalitate
2779 715 2961 784 plena.
3013 715 3070 769 In
3109 717 3299 786 paucis
3331 735 3428 774 ve-

1854 806 1985 868 xati,
2016 808 2071 860 in
2101 807 2292 861 multis
2324 806 2462 861 bene
2491 807 2856 876 disponentur
2878 849 2891 871 ,
2927 808 3057 878 quia
3083 810 3230 864 Deus
3253 821 3425 866 tenta-

1852 897 1929 950 vit
1963 898 2084 953 illos
2111 940 2125 962 ,
2154 909 2211 953 et
2242 899 2452 953 invenit
2491 914 2589 954 eos
2633 898 2830 969 dignos
2863 915 2919 954 se
2941 943 2956 964 ,
2991 910 3048 955 et
3077 901 3235 970 quasi
3276 903 3432 957 holo-

1852 992 2024 1045 causti
2047 993 2281 1048 hostiam
2300 993 2321 1024 ⁸
2336 993 2550 1063 accepit
2568 1007 2683 1057 eos,
2697 1001 2754 1046 et
2775 991 2831 1046 in
2845 1001 3087 1063 tempore
3100 996 3200 1050 visi
3210 995 3431 1065 talionis

1853 1083 2123 1151 ipsorum,
2161 1085 2548 1155 splendescent
2581 1100 2646 1139 ac
2673 1084 3088 1155 refulgebunt‘.
3126 1107 3144 1139 ι
3191 1088 3260 1140 Ει
3312 1088 3429 1142 inec

1852 1174 1920 1230 de
1951 1176 2155 1231 sanctis
2194 1177 2302 1232 illis
2345 1193 2472 1232 cum
2509 1177 2901 1233 edisseruisset
2928 1218 2943 1243 ,
2978 1193 3427 1247 unumquemque

1851 1276 2100 1321 nostrum
2131 1267 2412 1321 adhortari
2445 1267 2617 1336 cmpit
2641 1283 2710 1322 ne
2741 1283 2853 1336 quo
2881 1267 3298 1339 emigraremus,
3321 1269 3430 1323 loci

1854 1359 2003 1413 illius
2028 1359 2204 1413 nostri
2233 1358 2548 1413 desertores
2572 1376 2586 1412 :
2621 1359 2793 1430 magis
2813 1374 2946 1415 vero
2974 1375 3068 1414 eas
3093 1376 3217 1430 qua:
3247 1359 3428 1414 immi-

1852 1450 2060 1504 nebant
2091 1450 2422 1506 tentationes
2472 1466 2740 1521 generoso
2774 1463 2998 1522 pectore
3029 1452 3425 1523 perferremus.

1853 1540 2152 1598 Domi-iere
2191 1541 2342 1597 illius
2394 1557 2667 1598 memores
2715 1544 3047 1600 sententize:
3101 1563 3120 1596 ‹
3149 1542 3286 1610 Quia
3326 1560 3425 1598 an-

1852 1645 2008 1704 gusta
2056 1642 2141 1690 est
2187 1643 2344 1704 porta
2370 1676 2384 1700 ,
2433 1642 2490 1688 et
2537 1645 2688 1689 arcta
2727 1635 2817 1689 via
2842 1637 2863 1668 ⁸
2894 1651 3016 1704 qua:
3059 1636 3212 1690 ducit
3241 1636 3309 1689 ad
3343 1637 3424 1690 vi-

1856 1729 2032 1792 tam";
2062 1747 2080 1779 ι
2114 1727 2210 1780 sed
2225 1737 2281 1781 et
2308 1725 2555 1795 Apostoli
2582 1725 2818 1780 dicentis
2843 1747 2856 1779 :
2898 1745 2914 1776 ι
2945 1725 3083 1792 Quia
3111 1741 3210 1794 per
3230 1726 3429 1780 multas

1856 1818 2244 1872 tribulationes
2261 1826 2480 1887 oportet
2507 1833 2606 1872 nos
2637 1820 2867 1874 introire
2890 1818 2944 1873 in
2971 1834 3200 1890 regnum
3225 1820 3321 1874 Dei
3349 1820 3388 1872 '.
3405 1838 3422 1869 ι

1857 1910 2031 1980 Hujus
2048 1911 2229 1979 itaque
2258 1910 2621 1964 admonitioni
2645 1910 2822 1964 visum
2843 1921 2928 1965 est
2953 1925 3145 1980 gerere
3183 1925 3391 1964 morem
3413 1951 3433 1973 ,

1856 2019 2032 2072 eoque
2077 2003 2131 2056 in
2185 2003 2340 2056 laura
2398 2002 2536 2055 duos
2589 2017 2759 2071 prepe
2826 2017 3044 2056 menses
3106 2002 3430 2055 mansimus.

1858 2096 2101 2148 Rumore
2129 2095 2276 2147 enim
2316 2109 2509 2146 rursus
2557 2093 2806 2147 exterriti
2864 2108 3017 2146 nova:
3067 2092 3432 2146 Barbarorum

1857 2186 2216 2244 excursionis.
2243 2185 2569 2254 suﬂ'ugimns
2612 2187 2664 2238 in
2699 2185 3092 2239 monasterium
3123 2193 3327 2238 sanctze
3351 2184 3435 2237 ci-

1858 2278 2015 2331 vitati
2047 2278 2414 2347 propinquum
2441 2318 2455 2342 ,
2489 2278 2636 2347 quod
2661 2277 2885 2347 quidem
2922 2278 2991 2330 ab
3015 2293 3079 2330 ea
3114 2277 3434 2345 disparatur

1859 2371 2052 2424 stadiis
2077 2369 2190 2423 fere
2216 2370 2447 2439 viginti,
2485 2370 2574 2424 cui
2613 2384 2816 2423 nomen
2855 2367 3071 2422 abbatis
3104 2368 3374 2422 Anastasii
3417 2387 3429 2422 :

1860 2465 1952 2517 ubi
1975 2464 2251 2517 neminem
2299 2478 2523 2531 prorsus
2553 2472 2668 2516 tum
2699 2461 2805 2516 loci
2835 2461 3066 2515 incolam
3104 2460 3432 2514 invenimus.

1860 2555 1968 2610 Sed
1994 2565 2053 2609 et
2081 2555 2288 2608 ibidem
2316 2555 2444 2616 loci,
2486 2553 2627 2608 duos
2655 2554 2792 2606 alios
2811 2567 2983 2621 prope
3005 2567 3131 2605 cum
3162 2551 3433 2604 demorati

1859 2659 2108 2699 essemus
2139 2659 2356 2698 menses
2383 2681 2397 2704 ,
2432 2659 2650 2697 rursum
2679 2641 2945 2695 admoniti
2979 2655 3172 2695 sumus
3207 2641 3436 2694 sanctis-

1861 2735 1984 2790 simi
2016 2736 2272 2804 superius
2302 2735 2434 2788 dicti
2468 2734 2696 2788 Modesti
2723 2733 3108 2787 adhortatione
3129 2773 3144 2795 ,
3189 2740 3247 2784 ut
3291 2740 3437 2799 post-

1859 2827 2075 2881 liminio
2102 2826 2312 2880 reversi
2349 2825 2404 2879 in
2431 2826 2659 2895 proprio
2696 2825 3074 2878 habitaremns
3103 2825 3244 2877 loco.
3274 2823 3436 2876 Tanti

1863 2916 2048 2985 itaque
2095 2916 2275 2970 Patris
2309 2916 2488 2985 probo
2530 2931 2593 2968 ac
2627 2914 2850 2967 salutari
2895 2913 3128 2967 consilio
3161 2913 3434 2982 persuasi.

1863 3018 1919 3062 et
1948 3009 2170 3077 quidem
2195 3008 2444 3062 nonnulli
2466 3023 2496 3060 e
2519 3007 2751 3076 vestigio
2785 3006 2838 3059 in
2868 3006 3146 3058 Laurense
3160 3005 3439 3057 concessi-

1863 3117 1987 3154 mus
2013 3099 2405 3155 monaslerium
2441 3099 2647 3154 ibidem
2687 3099 2789 3152 loci
2821 3096 3123 3150 babilaturi
3157 3113 3170 3159 ;
3215 3095 3437 3162 quidam

167 3201 257 3246 τις
291 3185 352 3236 ὲν
393 3185 489 3257 ὅλῃ
527 3188 839 3260 Παλαστίνῃ
870 3191 902 3260 ἢ
952 3191 1010 3242 ὲν
1045 3189 1191 3260 ἄλλῳ
1221 3189 1471 3258 κοινοϐίῳ
1496 3189 1754 3255 τοιαύτην
1780 3193 1826 3256 c
1858 3208 1924 3246 au

1675 3205 1754 3255 την
1780 3193 1826 3256 C
1858 3202 2040 3247 autem
2063 3191 2734 3262 remigraruntaliquanto
2773 3191 2953 3244 serius
2978 3189 3212 3248 laurani,
3241 3186 3437 3240 timore

170 3279 558 3346 πνευματικὴν
583 3280 939 3335 κατάστασιν.
980 3281 1159 3334 Ἀνοεῖ
1186 3282 1244 3334 δὲ
1269 3282 1363 3334 καὶ
1388 3281 1609 3346 αὐξάνει
1632 3278 1755 3332 καθ’

170 3366 458 3436 ἑκάστηνο
508 3371 602 3422 καὶ
645 3371 956 3440 προϐαίνων
1017 3373 1160 3427 κατά
1203 3376 1294 3426 τὸν
1358 3372 1546 3426 Ἰσαὰκ
1584 3372 1759 3442 μέγας

171 3455 413 3522 γίνεται,
452 3456 528 3520 ὡς
562 3460 627 3511 ὲκ
653 3458 842 3513 τούτου
881 3460 1096 3530 χαίρειν
1141 3463 1292 3531 ἡμᾶς
1326 3461 1760 3530 στοχαζομένους

174 3547 386 3611 καλῶς,
419 3549 502 3601 ὅτι
543 3551 600 3602 ὲν
633 3551 784 3623 πάσῃ
813 3551 969 3622 χώρᾳ
1016 3552 1312 3622 διαλάμπει
1351 3554 1654 3622 φωστήρων
1685 3552 1761 3605 δί-

174 3655 286 3707 κην
314 3639 376 3691 τὺ
410 3639 630 3711 σπέρμα
661 3641 756 3694 τοῦ
785 3644 939 3710 ἁγίου
960 3643 1173 3714 Πατρός
1203 3643 1362 3714 ήμῶν
1385 3643 1761 3712 Σάϐα.⁹Ημεῖς

173 3731 233 3784 δὲ
267 3732 315 3784 οί
350 3733 598 3786 ταπεινοὶ
649 3736 712 3805 τῇ
748 3734 842 3786 τοῦ
878 3734 1014 3787 Θεοῦ
1068 3735 1253 3806 χάριτι
1298 3737 1393 3790 καὶ
1439 3736 1639 3805 σπουδῇ
1666 3735 1759 3787 τοῦ

174 3827 585 3895 προειρημένου
628 3827 924 3880 όσιωτάτου
955 3827 1231 3880 Μοδέστου
1281 3829 1340 3880 ὲν
1376 3827 1575 3898 ήσυχίᾳ
1631 3827 1762 3879 καθα

175 3917 364 3987 ήμεθα
396 3917 536 3988 ὑπὲρ
566 3918 634 3971 τὰ
653 3918 843 3988 πρώην
876 3919 991 3988 ἔτη,
1015 3919 1469 3990 εὐχαριστοῦντες
1492 3921 1584 3972 καὶ
1606 3919 1762 3985 δοξά-

174 4011 367 4074 ζοντες
416 4008 507 4061 τὸν
556 4008 688 4061 Θεὸν
716 4009 809 4062 τὸν
861 4009 1196 4065 Θανατοῦντα
1238 4012 1332 4064 καὶ
1371 4009 1761 4076 ζωοποιοῦντα,

175 4103 278 4156 καὶ
307 4099 567 4155 ποιοῦντα
586 4102 864 4172 Θαυμάσια
883 4103 1095 4173 μεγάλα
1119 4104 1298 4174 μόνον.
1318 4101 1758 4172 Ἐσπλαγχνίσθη

177 4194 296 4264 γὰρ
312 4195 395 4256 είς
410 4193 561 4264 ἡμᾶς
588 4193 806 4264 ήαὺτοῦ
829 4193 1228 4265 ἀγαθότης,κα“ι
1247 4196 1328 4259 είς
1353 4195 1637 4266 προκοπὴν
1669 4211 1766 4266 με-

178 4287 359 4358 γάλην
387 4287 585 4357 ἧνεγκε
608 4287 701 4341 τὸν
733 4289 896 4342 τόπον
939 4288 1122 4359 ήμῶν,
1153 4290 1278 4342 ὅσον
1316 4289 1453 4360 πρὸς
1483 4290 1612 4350 τοὺς
1641 4305 1766 4341 και-

181 4380 338 4450 ροὺς,
367 4377 456 4431 διὰ
469 4379 597 4442 τοὺς
619 4379 1122 4446 προδουλεύσαντας
1146 4380 1296 4451 αὐτῷ
1323 4381 1561 4452 γνησίως
1585 4383 1643 4434 ὲν
1669 4382 1766 4434 αὑ-

179 4467 263 4537 τῷ
294 4466 490 4534 ἁγίους
532 4467 753 4530 δούλους
786 4466 975 4521 αὑτοῦ.
1019 4467 1342 4539 Ἐχαρίσατο
1386 4467 1442 4520 δὲ
1481 4469 1614 4537 ἡμῖν
1651 4467 1765 4520 Πα-

1859 3283 2111 3339 exterriti
2160 3284 2338 3352 gentis
2393 3281 2732 3338 Saracenica!
2780 3280 2926 3334 haud
2960 3279 3150 3349 procul
3187 3277 3440 3331 habitan-

1863 3377 1961 3440 tis;
1999 3374 2092 3429 alii
2124 3383 2316 3429 eontra
2346 3375 2401 3428 in
2447 3373 2643 3428 eodem
2673 3386 3026 3441 permansere
3055 3369 3394 3423 monasterio
3425 3409 3438 3424 .

1863 3484 1974 3523 una
2008 3482 2134 3522 cum
2176 3465 2527 3522 sanctissimo
2557 3479 2660 3520 suo
2687 3463 2921 3533 praeside
2950 3462 3171 3518 Justino
3202 3501 3217 3525 ,
3253 3459 3346 3530 qui
3385 3459 3443 3513 in

1863 3562 2016 3615 Iaura
2038 3559 2387 3614 renuntiarat
2420 3556 2629 3612 mundo
2666 3556 2818 3618 huic,
2857 3569 2970 3624 quo
2998 3553 3104 3608 loci
3136 3553 3440 3622 plurimum

1861 3658 2122 3719 exegerat
2147 3647 2414 3716 temporis
2441 3687 2455 3710 ,
2484 3661 2549 3700 ac
2573 3654 2727 3700 tanto
2769 3644 3064 3714 splendore
3108 3641 3444 3696 inclaruerat

1864 3743 2159 3806 virtutum,
2185 3749 2246 3794 ut
2273 3739 2543 3810 dignitate
2575 3736 2907 3808 presbyterii
2937 3734 3286 3790 cohonestari
3315 3748 3442 3803 pro-

1864 3829 2150 3884 meruerit.
2185 3828 2439 3883 Justinus
2471 3827 2584 3890 hic,
2619 3827 2716 3881 Dei
2742 3841 2869 3880 cum
2900 3827 2972 3880 sit
2996 3824 3447 3895 sapientissimus

1864 3923 2067 3985 cultor,
2127 3922 2182 3975 in
2229 3921 2325 3974 illo
2382 3933 2484 3974 suo
2533 3917 2911 3981 monasterio,
2962 3916 3136 3986 gratia
3189 3914 3446 3984 pra:duce

1864 4014 2092 4078 Christi,
2125 4027 2475 4067 numerosam
2505 4010 2799 4064 admodum
2829 4008 3226 4063 conﬂuentium
3250 4023 3316 4060 eo
3340 4006 3444 4060 loci

1867 4105 2059 4160 ascivit
2089 4103 2594 4174 congregationem,
2629 4103 2709 4156 sic
2737 4110 2896 4155 tenax
2934 4111 2992 4155 et
3018 4101 3323 4154 observans
3356 4114 3448 4152 ca-

1866 4194 2030 4248 nonis
2069 4208 2134 4246 ac
2161 4201 2486 4247 cmterarum
2512 4190 2974 4246 constitutionum
3009 4189 3296 4243 Laurentii
3333 4204 3446 4243 c03-

1868 4284 2042 4349 nobii,
2081 4293 2140 4338 ut
2164 4285 2232 4338 ab
2257 4285 2345 4339 his
2370 4283 2629 4339 neutrobi
2665 4282 2879 4336 evarict
2920 4281 3004 4336 sui
3036 4297 3253 4349 semper
3297 4279 3449 4333 simi-

1868 4377 1958 4440 lis,
1993 4375 2132 4430 adeo
2164 4385 2227 4429 ut
2254 4390 2363 4429 non
2400 4374 2558 4428 facile
2586 4372 2713 4443 quis
2747 4373 2963 4441 uspiam
3014 4371 3260 4426 inveniat
3305 4371 3450 4424 inter

1872 4469 1995 4521 vita:
2050 4465 2364 4521 communis
2393 4466 2414 4497 ⁹
2447 4464 2793 4534 professores
2840 4462 2932 4531 qui
2985 4461 3068 4515 sic
3117 4469 3341 4514 tueatur
3386 4473 3450 4512 ac

179 4532 324 4624 τέρα
347 4532 468 4610 -καὶ
497 4557 733 4626 ποιμένα
780 4559 814 4628 ὴ
839 4557 1004 4611 αὑτοῦ
1031 4532 1338 4628 ἀγναϐότης,
1365 4532 1636 4625 ἄξιον-τῆς
1666 4557 1764 4610 αὑ-
1798 4532 1840 4587 D
1871 4575 1941 4615 sel

1683 4557 1764 4610 ιὺ-
1798 4532 1840 4587 D
1871 4564 2054 4615 servet
2107 4556 2385 4611 mordicus
2439 4554 2787 4624 spiritualem
2831 4552 3051 4606 vivendi
3083 4551 3445 4606 sanctionem.

182 4644 281 4697 τοῦ
300 4644 582 4714 προνοίας,
626 4644 827 4712 Θωμᾶν
849 4645 941 4696 τὸν
971 4645 1288 4710 ὁσιώτατον,
1307 4645 1610 4712 γνωστικόν
1634 4647 1764 4700 ὄντα

185 4737 285 4790 καὶ
328 4736 608 4799 παντοίαις
657 4736 879 4805 ἀρεταῖς
931 4739 1516 4808 κατακεκοσμημένον,
1565 4738 1656 4790 τὸν
1703 4738 1768 4789 ἐκ

184 4829 389 4898 νεαρᾶς
408 4827 852 4898 ήλικίαςήσύχιον
873 4830 1190 4898 ἀσκήσαντα
1218 4830 1351 4899 βίον·
1374 4831 1462 4885 τὸν
1481 4832 1655 4902 πρᾶον
1679 4831 1772 4883 καὶ

186 4922 511 4991 φιλάδελφον
541 4923 637 4976 καὶ
663 4923 1131 4991 συμπαθέστατον,
1155 4923 1245 4976 τὸν
1264 4924 1518 4976 ταπεινὸν
1543 4925 1607 4993 τῇ
1638 4940 1773 4993 καρ-

185 5013 299 5084 δίᾳ,
339 5011 430 5064 τὸν
458 5013 588 5082 περὶ
612 5013 714 5079 τὴν
740 5014 907 5084 εὐχὴν
934 5015 1030 5067 καὶ
1068 5015 1269 5068 κανόνα
1291 5014 1648 5084 Οερμότατον.
1679 5013 1771 5066 Διὸ

189 5104 288 5159 καὶ
324 5105 354 5156 ὁ
378 5104 510 5167 Θεδς
542 5106 632 5157 ἐπὶ
669 5105 767 5173 τῆς
795 5105 1101 5175 ήγητηρίας
1131 5105 1299 5160 αὐτοῦ
1330 5109 1409 5168 εἰς
1453 5105 1769 5174 πλατυσμδν

189 5198 392 5266 ἧνεγκε
417 5196 542 5258 τοὺς
567 5195 731 5250 αὐτοῦ
756 5198 1034 5265 φοιτητὰς.
1051 5198 1111 5252 '0
1141 5197 1196 5251 δὲ
1224 5198 1456 5268 ἀριθμὸς
1486 5198 1593 5250 τῶν
1619 5201 1772 5251 ἀναι-

197 5285 466 5354 ρεθέντων
488 5286 754 5354 Πατέρων
810 5290 959 5340 ἐστὶν
1014 5288 1299 5358 ὀνομάτων
1359 5290 1769 5358 τεσσαράκοντα

192 5375 497 5443 τεσσάρων.
571 5375 930 5429 Ἐπιτελεῖται
979 5377 1038 5429 δὲ
1090 5379 1124 5446 ή
1180 5379 1368 5447 μνήμη
1407 5377 1591 5430 αὐτῶν
1645 5378 1776 5446 μηνὶ

195 5465 362 5532 Μαΐῳ
427 5466 911 5537 πεντεκαιδεκάτῃ.
990 5468 1186 5538 Χάριτι
1261 5467 1318 5521 δὲ
1387 5466 1623 5535 Χριστοῦ
1679 5465 1773 5518 καὶ

198 5556 408 5625 σπουδῇ
439 5555 537 5608 τοῦ
593 5557 982 5626 πωλεχθέντος
1015 5557 1313 5611 όσιωτάτου
1343 5555 1558 5626 Πατρός
1612 5556 1774 5624 ἡμῶν

274 5735 293 5762 ³
341 5733 444 5786 lsa.
476 5747 599 5795 Lvn,
635 5731 685 5784 Ι.

205 5805 446 5858 'Nauh.
495 5819 599 5866 vn,
651 5803 730 5857 Η.
811 5805 830 5832 ⁸
876 5802 992 5857 Act.
1049 5819 1158 5866 xw,
1211 5805 1299 5856 τι.

762 5732 780 5762 ⁸
810 5733 902 5787 Gr.
932 5735 1082 5790 quasi
1131 5733 1395 5799 integram
1450 5732 1767 5785 oblationem
1810 5733 2013 5788 hostia‘.
2090 5736 2107 5762 ’⁸
2134 5734 2261 5802 Sap.
2287 5749 2361 5794 ιιι,
2389 5732 2499 5784 4-6.

811 5805 830 5832 ⁸
876 5802 992 5856 Act.
1049 5819 1158 5856 xw.
1211 5805 1299 5856 τι.
1376 5802 1798 5856 ’(ὶωηοὺίιίςω..

1469 5817 1798 5857 ωηοοιιιςω..

1873 4651 2058 4704 Floret
2087 4648 2154 4711 is,
2190 4655 2248 4702 et
2285 4645 2610 4716 quotidiana
2655 4645 2921 4698 virtutum
2954 4643 3273 4697 accessione
3327 4656 3450 4696 suc-

1876 4742 2100 4802 crescit,
2134 4738 2302 4808 ﬁtque
2326 4753 2556 4808 magnus
2589 4735 2854 4805 temporis
2890 4749 3209 4804 progressu,
3256 4742 3312 4786 ut
3355 4733 3450 4787 ille

1877 4834 2008 4888 olim
2035 4831 2272 4886 eximius
2292 4830 2485 4884 Isaae:
2525 4828 2599 4882 ita
2643 4837 2704 4882 ut
2751 4836 2808 4880 et
2855 4841 2954 4879 nos
3008 4825 3228 4893 quoties
3276 4823 3450 4878 aciem

1879 4921 2081 4976 mentis
2106 4920 2163 4974 in
2188 4919 2340 4974 hunc
2362 4933 2528 4974 unum
2548 4916 2795 4986 pressius
2815 4914 3176 4977 intendimus,
3202 4927 3268 4966 ac
3283 4912 3452 4966 veluti

1879 5012 1947 5066 ad
1969 5025 2200 5080 scopum
2239 5017 2386 5063 recta
2417 5008 2783 5062 collineamus
2808 5047 2823 5070 ,
2858 5004 3176 5060 incredibili
3222 5003 3451 5073 perfun-

1877 5101 2076 5156 damur
2102 5100 2325 5170 gaudio.
2355 5100 2411 5152 ln
2433 5100 2585 5153 omni
2612 5099 2821 5153 circum
2841 5098 3086 5167 regione,
3116 5096 3252 5150 tanti
3279 5094 3453 5149 Patris

1877 5191 2172 5248 celebritas
2217 5192 2390 5246 instar
2442 5190 2728 5259 praelucidi
2772 5188 3066 5243 lnminaris
3116 5186 3450 5247 intermicat,

1879 5285 2343 5355 splendoremque
2373 5299 2535 5337 suum
2583 5282 2908 5351 ejaculatur.
2973 5280 3174 5334 Semen
3231 5287 3315 5333 est
3363 5278 3453 5330 hic

1881 5378 2053 5432 sancti
2079 5376 2256 5430 Patris
2283 5376 2459 5430 nostri
2513 5375 2690 5428 Sabm.
2726 5374 2838 5427 Nos
2871 5372 3099 5441 proinde
3140 5370 3376 5424 humiles
3398 5379 3456 5422 et

1880 5467 2102 5537 abiecti,
2137 5466 2307 5534 gratia
2335 5467 2576 5534 primum
2605 5464 2724 5527 Dei,
2761 5463 2962 5517 deinde
2987 5463 3128 5517 seria
3159 5461 3454 5514 admodum

1880 5568 1934 5613 et
1954 5567 2211 5612 accurata
2243 5556 2522 5626 diligentia
2549 5555 2950 5625 praememorati
2985 5551 3318 5607 sanctissimi
3341 5551 3454 5604 Mo-

2579 5734 2597 5760 ‘
2623 5732 2713 5785 Gr.
2748 5733 2834 5785 Vin
2886 5733 3243 5803 aﬂiirtionihm
3285 5739 3455 5802 “pla.
