4462 6440
905 372 1036 439 1427

2176 381 2536 442 ANTIOCHI
2577 383 2918 444 MONACIII

4018 378 4154 442 2493

897 491 1062 552 dcsti,
1096 492 1466 548 sedentariam
1515 493 1657 546 hanc
1707 493 1978 564 exigimus
2011 495 2177 548 vitam
2238 496 2293 548 in
2341 495 2477 547 lihe-
2509 498 2549 550 Α
2580 495 2659 546 Ma

2392 496 2477 547 be-
2509 498 2549 550 Α
2580 495 2856 548 Μοδέστου
2887 497 3163 550 οἰκοῦνται
3196 496 3383 550 καὶτὰ
3416 496 3576 549 λοιπὰ
3603 495 3700 563 τῆς
3732 494 3946 564 ἐρήμου
3985 510 4154 562 μονα-

894 584 1036 637 riore
1068 593 1124 638 et
1161 586 1543 654 tranquilliore
1577 587 1715 650 otio,
1748 603 1848 656 pro
1881 588 1966 640 his
2003 588 2308 642 etiamnum
2351 606 2473 658 qum

894 675 1062 743 paulo
1095 676 1377 745 contigere
1406 677 1598 746 prius.
1650 679 1864 750 1025
1890 680 2142 733 actiones
2168 681 2471 749 gratiarum

893 770 1293 836 persolventes,
1320 775 1376 821 et
1400 768 1772 837 glorificantes
1790 770 1959 822 Deum
1984 770 2079 838 qui
2102 777 2159 822 et
2179 772 2468 824 mortifica'

892 865 947 909 et
977 857 1217 911 vivificat
1252 876 1264 911 :
1294 859 1500 928 quique
1532 860 1804 914 mirabilia
1843 876 2036 930 magna
2064 861 2194 914 facit
2219 871 2276 916 et
2298 864 2450 916 solus

895 947 1070 1016 Ipsius
1122 951 1268 1003 enim
1317 951 1672 1021 benignitas,
1705 967 1817 1006 suae
1865 967 1994 1022 erga
2044 969 2146 1007 nos
2183 955 2470 1023 adaperuit

890 1038 1105 1092 viscera
1137 1041 1548 1104 misericordiae,
1574 1042 1868 1112 locumque
1904 1043 2052 1096 hunc
2091 1053 2342 1096 nostrum
2361 1059 2472 1099 non

891 1129 1160 1182 mediocri
1185 1129 1372 1185 favore
1409 1147 1472 1184 ac
1498 1134 1847 1201 promotione
1883 1135 2080 1188 extulit
2133 1151 2298 1203 quam
2336 1135 2469 1188 hac-

895 1231 1056 1272 tenus
1106 1222 1552 1290 magnificentius
1593 1225 1790 1277 multo.
1847 1224 2120 1278 Caztcrum
2175 1225 2227 1278 id
2283 1225 2471 1294 gratim

893 1312 1056 1365 nobis
1075 1327 1198 1367 esse
1227 1314 1505 1368 indultum
1535 1314 1866 1368 crediderim
1909 1331 2008 1384 per
2046 1316 2294 1385 priorum
2344 1333 2471 1371 sar.-

891 1412 1111 1456 ctorum
1148 1405 1366 1469 merita,
1395 1407 1491 1474 qui
1515 1406 1604 1460 hic
1625 1407 1878 1471 Domino,
1912 1410 2216 1464 sinceriore
2245 1411 2468 1477 allectu,

893 1495 1268 1549 venerabilem
1301 1497 1606 1552 exhibuere
1635 1499 1810 1554 latri:c
1841 1501 2077 1554 cultum.
2117 1501 2222 1556 Sed
2253 1512 2308 1556 et
2334 1503 2468 1558 illud

893 1584 1054 1638 nobis
1075 1585 1320 1655 gratuito
1356 1587 1589 1641 indulsit
1611 1604 1810 1642 munus
1835 1605 1930 1644 sua
1965 1592 2138 1644 solius
2168 1593 2468 1659 providen-

891 1677 965 1729 tia
992 1676 1243 1746 dignum,
1279 1680 1458 1733 modis
1482 1681 1742 1734 omnibus
1765 1682 2140 1736 venerabilem
2178 1683 2467 1749 Thomam,

893 1766 1075 1819 virum
1099 1768 1257 1836 longe
1287 1767 1725 1822 eruditissimum
1757 1809 1772 1833 ,
1804 1771 2163 1839 omniumque
2201 1773 2468 1827 virtutum

891 1858 1234 1911 ornamentis
1267 1858 1637 1928 perpolitum;
1673 1859 1766 1928 qui
1795 1860 1864 1912 ab
1901 1861 2018 1928 ipsa
2054 1863 2266 1916 tenella:
2293 1865 2472 1918 astatis
2503 1842 2545 1896 Β

892 1946 1143 2011 infantia,
1165 1949 1334 2002 vitam
1352 1950 1603 2003 exercuit
1631 1951 1834 2003 silentii
1864 1952 2233 2007 taciturnitate
2254 1956 2470 2023 requie-

894 2047 1004 2092 tam
1038 2047 1095 2094 et
1125 2042 1501 2110 tranquillam.
1533 2043 1626 2095 Vir
1665 2043 1754 2096 hic
1789 2043 2002 2097 eximiae
2030 2046 2473 2101 mansuetudinis

893 2127 1058 2181 laude
1109 2130 1260 2182 omni
1304 2139 1391 2184 est
1442 2132 1809 2200 conspicuus,
1845 2149 2110 2203 perquam
2153 2137 2469 2192 humanus:

892 2219 1092 2273 alienis
1129 2220 1289 2274 malis
1348 2238 1510 2289 quam
1563 2223 1916 2278 condoleseat
1971 2241 2037 2279 ex
2087 2229 2313 2291 animo,
2383 2231 2473 2283 vix

892 2310 1151 2377 cuiquam
1205 2313 1475 2367 credibile
1529 2313 1623 2367 sit.
1680 2316 1817 2368 Vere
1861 2317 2028 2370 corde
2089 2328 2174 2371 est
2223 2320 2470 2386 humilis,

892 2399 1041 2453 circa
1072 2401 1381 2455 orationem
1406 2412 1464 2456 et
1491 2419 1760 2458 canonem
1812 2405 2027 2460 ordinis
2063 2408 2424 2476 pncfervidus
2456 2430 2469 2465 :

892 2506 1005 2559 quo
1033 2493 1286 2562 contigit,
1311 2504 1371 2548 ut
1398 2495 1544 2550 Deus
1568 2497 1696 2562 (hoc
1726 2499 1982 2568 pratside)
2008 2499 2308 2570 discipulos
2349 2521 2474 2572 pro-

2577 588 2793 657 στήρια.
2827 587 2956 640 Ἰδοὺ
2983 583 3098 650 οῦν,
3127 588 3272 656 τίμιε
3299 589 3475 656 πάτερ
3501 585 3790 648 Εὑστέιοιε,
3814 587 3873 637 ἐν
3898 584 4154 651 συντόμῳ

2572 679 2608 732 ἃ
2639 684 2767 748 περὶ
2804 680 2914 732 τῶν
2935 680 3106 748 ἁγίων
3133 680 3290 750 ἡμῶν
3314 680 3409 733 καὶ
3436 680 3535 748 τῆς
3559 679 3779 748 Λαύρας
3806 679 4056 746 ἑσὴμανα

2572 769 2816 840 ὑμετέρᾳ
2845 769 3140 840 θεοφιλεία,
3187 772 3280 823 καὶ
3304 771 3439 824 ἄλλα
3477 769 3532 822 δὲ
3569 767 3866 835 εὐαγγέλια
3895 783 4150 836 χαροποι-

2572 861 2736 914 οῦντα
2761 864 2860 933 τὴν
2906 863 3179 932 ὑμετέραν
3209 862 3412 932 ψυχὴν,
3452 862 3546 914 καὶ⁸
3576 860 3780 922 παντὸς
3813 858 4152 930 Χριστιανοῦ

2569 954 2864 1016 ἀκουοντος
2890 955 3049 1017 αὐτὰ,
3091 953 3514 1023 εὐαγγελίζομαι
3558 955 3707 1022 ὑμῖν.
3753 951 3810 1004 Ὀ
3839 952 3948 1020 γὰρ
3977 953 4149 1020 προρ-

2575 1044 2764 1116 ρηοεὶς
2793 1044 3087 1107 ὁσιώτατος
3115 1045 3390 1107 Μόδεστος
3413 1045 3474 1096 οὐ
3516 1044 3677 1112 μόνον
3696 1045 4008 1112 προνοεῖται
4041 1039 4152 1093 τῶν

2570 1137 2667 1204 τῆς
2701 1135 2913 1206 ἐρήμου
2946 1137 3322 1205 μοναστηρίων
3345 1176 3360 1199 ,
3392 1134 3526 1188 ἁλλὰ
3558 1135 3654 1188 καὶ⁵
3686 1137 3784 1202 τῆς
3816 1134 4030 1194 πόλεως
4056 1134 4152 1184 καὶ

2571 1226 2752 1294 πάσης
2785 1227 2886 1295 τῆς
2915 1226 3240 1296 περιοικίδας
3262 1245 3275 1259 ’
3307 1226 3403 1280 τοῦ
3430 1226 3569 1279 Θεοῦ
3605 1225 3959 1296 ἐνεργοῦντος
3999 1223 4152 1292 αὑτῷ

2570 1321 2628 1373 ὲν
2667 1319 2852 1372 παντί.
2884 1313 3052 1381 Οὗτος
3089 1319 3198 1389 γὰρ
3219 1319 3294 1381 ὡς
3322 1318 3538 1387 ἁληοῶς
3569 1320 3598 1370 ὁ
3624 1317 3745 1378 νέος
3775 1315 3935 1385 ἡμῶν
3985 1314 4152 1366 lissa-

2570 1411 2697 1479 λεὴλ
2731 1413 2763 1482 ἢ
2798 1413 3102 1484 Ζοροϐάϐελ
3152 1411 3415 1480 πλησθεὶς
3478 1409 3798 1479 Πνεῦμα-τος
3833 1411 4016 1475 ἁγίου,
4058 1410 4152 1460 ἀν-

2569 1506 2760 1575 ήγειρε
2792 1508 2886 1558 καὶ
2906 1511 3028 1567 τοῦς
3060 1505 3479 1574 ἑμπρησθέντας
3509 1503 3837 1570 σεὸασμίους
3868 1502 4031 1563 ναοὺς
4061 1500 4152 1552 τοῦ

2571 1599 2820 1668 Σωτῆρος
2869 1599 3027 1666 ἡμῶν
3073 1597 3246 1664 Ἰησοῦ
3301 1597 3559 1667 Χριστοῦ,
3601 1597 3662 1649 τό
3690 1613 3751 1648 τε
3797 1597 3955 1662 ἆγιον
4017 1611 4153 1661 κραο

2570 1689 2701 1752 νίον,
2737 1690 2830 1741 καὶ
2857 1688 2954 1756 τὴν
2981 1689 3142 1754 ἁγίαν
3165 1687 3330 1740 αὐτοῦ
3368 1688 3688 1751 ἀνάστασιν,
3718 1688 3812 1739 καὶ
3836 1686 3928 1738 τὸν
3953 1684 4156 1737 σεπτὸν

2571 1772 2719 1828 οἷκον
2760 1777 2854 1829 τοῦ
2888 1778 3070 1845 τιμίου
3107 1776 3344 1845 σταυροῦ
3369 1815 3384 1839 ,
3413 1777 3509 1828 καὶ
3533 1776 3633 1845 τὴν
3679 1776 3894 1844 μητέρα
3921 1774 4034 1825 τῶν
4066 1775 4155 1825 ὲκ-

2577 1868 2837 1936 κλησιῶν,
2873 1870 2968 1921 καὶ
3007 1869 3105 1937 τὴν
3155 1869 3319 1936 ἁγίαν
3359 1867 3523 1921 αὐτοῦ
3552 1867 3837 1934 ἀνάληψιν,
3890 1867 3987 1918 καὶ
4031 1866 4156 1926 τοῦς

2577 1961 2796 2022 λοιποὺς
2839 1961 3167 2030 σεῦασμίους
3225 1962 3430 2023 οἴκους·
3474 1961 3550 2020 ὡς
3604 1963 3666 2010 ὲκ
3703 1959 3896 2010 τούτου
3940 1957 4156 2022 ἁγαοὰε

2579 2052 2798 2113 ἐλπίδας
2844 2051 2990 2120 εχειν
3040 2054 3190 2120 ἡμᾶς
3233 2052 3329 2104 καὶ
3373 2052 3504 2120 περὶ
3545 2051 3655 2102 τῶν
3697 2050 4024 2118 μελλόντων,
4063 2049 4154 2097 καὶ

2581 2143 2815 2211 μάλιστα
2853 2144 2978 2204 τοὺς
3026 2143 3134 2195 ἀπὸ
3179 2142 3288 2194 τῶν
3317 2143 3422 2207 ἔξω
3469 2141 3663 2210 χωρῶν
3699 2141 4033 2209 ἐρχομένους
4079 2141 4155 2200 εἰς

2581 2237 2950 2304 προσκύνησιν
2975 2235 3083 2286 τῶν
3121 2237 3292 2301 ἁγίων
3319 2236 3518 2296 τόπων,
3549 2236 3642 2287 καὶ
3671 2234 3880 2296 πάντας
3909 2233 4157 2296 δοξάζειν

2579 2330 2668 2379 τὸν
2709 2327 2864 2386 θεὸν,
2910 2319 2955 2392 ᾧ
2987 2326 3188 2394 πρέπει
3221 2327 3372 2377 πᾶσα
3400 2325 3549 2389 δόξα,
3589 2325 3723 2393 τιμὴ
3768 2325 3864 2376 καὶ
3911 2324 4157 2393 προσκύ-

2581 2431 2734 2482 νησις
2773 2414 2870 2467 νῦν
2901 2414 2994 2467 καὶ
3039 2414 3126 2466 ἀεὶ
3155 2413 3248 2466 καὶ
3279 2415 3358 2475 είς
3385 2415 3512 2476 τοὺς
3540 2413 3743 2475 αἰῶνας
3771 2412 3884 2465 τῶν
3920 2411 4156 2464 αώνων.

2593 2508 2790 2576 Ἀμήν.

895 2581 1109 2649 pagarit
1140 2583 1195 2635 in
1236 2584 1467 2638 effusam
1518 2594 1575 2640 et
1627 2603 1980 2645 numerosam
2032 2595 2474 2662 amplitudinem.
2519 2602 2795 2656 Numerus
2823 2597 3056 2668 proinde
3117 2607 3435 2651 sanctorum
3500 2597 3762 2662 Patrum,
3789 2613 3930 2667 quos
3967 2605 4160 2667 tyran-

895 2673 1017 2727 nica
1052 2677 1276 2730 sustulit
1315 2678 1629 2747 impressio,
1665 2691 1750 2736 cst
1790 2699 1930 2736 κων.
1987 2685 2194 2741 llorum
2266 2695 2532 2748 memoria
2575 2695 2715 2748 Maio
2752 2709 2940 2745 mense
2974 2690 3310 2752 celebratur,
3343 2690 3410 2744 15
3436 2691 3642 2743 mensis
3661 2690 3774 2744 die.
3806 2690 3998 2744 Gratia
4031 2690 4162 2742 item

893 2764 1126 2830 Christi,
1167 2769 1262 2822 sed
1289 2779 1346 2824 et
1371 2772 1563 2825 solerti
1589 2775 1884 2830 sedulitate
1920 2779 2030 2845 jam
2061 2780 2194 2833 dicti
2252 2788 2553 2841 venerandi
2591 2787 2836 2856 apprime
2869 2783 3047 2837 Patris
3075 2782 3248 2836 nostri
3288 2781 3546 2846 Modesti,
3581 2791 3778 2837 cuncta
3802 2781 3856 2834 id
3899 2781 4169 2849 temporis

895 2853 1220 2912 incoluntur
1237 2860 1427 2915 elIusa:
1454 2863 1611 2918 istius
1638 2866 1809 2919 eremi
1833 2871 2187 2925 monasteria.
2215 2873 2294 2926 En
2317 2875 2482 2944 igitur
2508 2918 2524 2942 ,
2563 2853 2723 2932 Pater
2785 2877 2922 2930 mihi
2983 2874 3315 2928 venerabilis
3350 2873 3603 2928 Eustathi
3627 2914 3643 2937 ,
3679 2889 3803 2942 quae
3847 2873 3917 2926 de
3957 2872 4168 2926 sanctis

896 2947 1025 3038 illis
1065 2950 1322 3006 Patribns
1376 2957 1622 3021 nostris,
1697 2959 1876 3028 deque
1926 2961 2195 3037 Laurensi
2253 2971 2509 3023 cmuobio
2550 2980 2747 3024 vestra:
2789 2985 2917 3038 erga
2960 2969 3131 3021 Deum
3171 2966 3428 3020 charitati
3495 2965 3628 3018 duxi
3672 2963 4056 3028 insinuanda;
4112 2963 4170 3018 cl

901 3037 1123 3105 quidem
1161 3042 1386 3096 concise
1433 3058 1497 3097 ac
1545 3045 1804 3113 perbrevi
1839 3063 2118 3104 sermone.
2164 3052 2476 3122 Supersunt
2514 3058 2706 3112 nuntia
2762 3057 2972 3126 aliquot
3009 3071 3144 3110 sane
3177 3071 3344 3124 quam
3411 3057 3532 3110 laeta
3555 3095 3570 3118 ,
3616 3070 3853 3125 quorum
3888 3054 4042 3109 fldeli
4076 3067 4166 3106 re-

901 3140 1034 3196 latu,
1060 3143 1116 3188 et
1135 3147 1317 3190 vestra
1340 3144 1399 3191 et
1420 3138 1602 3192 omnis
1670 3141 1967 3197 sinceriter
1992 3144 2294 3200 Christiani
2364 3150 2545 3204 anima
2587 3152 2786 3204 merito
2809 3149 2984 3220 possit
3011 3149 3441 3203 exhilarescere.
3464 3149 3590 3203 llaae
3625 3148 3793 3217 igitur
3813 3162 3879 3201 ex
3900 3155 4167 3215 promptu

901 3233 956 3279 et
992 3226 1177 3281 alacer
1203 3231 1477 3286 annuntio
1499 3232 1679 3286 vobis.
1708 3233 1989 3290 Modestus
2057 3239 2366 3294 sanctitatis
2427 3243 2647 3295 eximiae
2715 3244 2805 3295 vir
2835 3241 2927 3313 (de
2957 3257 3069 3310 quo
3134 3257 3244 3295 non
3297 3241 3469 3295 semel
3519 3241 3754 3307 dictum)
3805 3257 3919 3294 non
3970 3255 4168 3294 eorum

903 3319 1067 3374 modo
1097 3322 1380 3390 providam
1412 3327 1555 3396 gerit
1595 3342 1785 3382 curam
1836 3331 2108 3387 sollicitus
2136 3373 2151 3398 ,
2203 3351 2326 3403 qua:
2382 3352 2480 3406 per
2517 3338 2660 3391 hanc
2719 3345 2927 3391 vastam
2959 3351 3209 3390 erenmm
3245 3335 3479 3405 sparsim
3511 3334 3740 3406 disjeeta
3775 3342 3906 3388 sunt
3928 3373 3942 3397 ,
3974 3348 4170 3386 mena-

903 3411 1242 3478 steriorum;
1276 3415 1374 3468 sed
1401 3424 1460 3470 et
1494 3417 1846 3473 moderanda:
1872 3421 2005 3476 huic
2062 3422 2274 3478 civitati
2343 3441 2408 3480 ac
2467 3428 2741 3482 universa:
2781 3428 2991 3480 circum
3049 3425 3294 3480 finitima:
3347 3425 3556 3494 regioni
3605 3425 3840 3478 solerter
3873 3422 4167 3492 prospicit,

907 3506 1021 3561 Deo
1069 3507 1251 3562 eidem
1296 3519 1628 3579 cooperante
1681 3512 1737 3566 in
1766 3515 2048 3570 omnibus.
2086 3517 2186 3572 llic
2213 3521 2361 3573 enim
2416 3520 2482 3574 ad
2524 3522 2710 3575 vivum
2762 3520 2925 3576 nobis
2970 3520 3230 3589 exprimit
3259 3519 3553 3589 imaginem
3580 3517 3708 3573 novi
3735 3519 4049 3588 cuiuspiam
4074 3517 4172 3572 Be—

906 3602 1134 3658 zeleelis
1160 3613 1254 3658 aut
1283 3614 1436 3660 certe
1471 3606 1852 3664 Zorobabelis.
1888 3611 2076 3667 Gratia
2142 3615 2348 3669 etenim
2396 3618 2592 3686 plenus
2659 3615 2899 3685 Spiritus
2965 3615 3181 3679 sancti,
3251 3615 3452 3684 templa
3498 3613 3800 3668 Salvatoris
3830 3612 4007 3667 nostri
4040 3612 4170 3666 Jesu

905 3698 1136 3764 Christi,
1168 3715 1291 3770 quas
1331 3701 1555 3771 quidem
1591 3705 1880 3761 barbarico
1914 3708 2026 3776 igni
2053 3710 2482 3782 conﬂagrarunt,
2525 3714 2581 3766 in
2635 3712 2872 3767 sublime
2901 3710 3066 3780 erigit
3132 3709 3280 3764 omni
3316 3723 3549 3778 prorsus
3587 3707 3752 3776 digna
3783 3705 4169 3768 veneratione,

909 3805 1040 3865 puta
1071 3795 1216 3851 ardes
1241 3796 1454 3853 Sancta:
1476 3799 1740 3855 Calvarim
1798 3819 1861 3856 ac
1888 3804 2103 3859 Sancta!
2175 3807 2648 3874 Rcsnrrectionis;
2700 3808 2924 3860 donnnn
2972 3808 3199 3873 insuper
3237 3803 3457 3873 dignam
3528 3801 3678 3854 enini
3749 3800 3959 3854 honore
4003 3816 4173 3852 vene-

910 3888 1095 3943 randae
1121 3889 1334 3955 Crucis,
1369 3908 1490 3959 qua:
1528 3904 1705 3948 mater
1728 3895 2099 3951 Ecclesiarnm
2140 3909 2246 3954 est.
2298 3902 2405 3956 Sed
2473 3914 2528 3956 et
2564 3903 2778 3956 Sancta:
2809 3899 3215 3968 Assumptiouis
3282 3898 3454 3952 (edem
3498 3912 3527 3949 a
3559 3894 3936 3949 fundamentis
3964 3893 4173 3947 exedi-

911 3979 1074 4044 fleat;
1103 3980 1240 4035 adeo
1269 3993 1329 4036 ut
1357 3999 1454 4053 per
1485 3985 1599 4039 haec
1628 3987 1750 4040 lzcta
1784 3988 1962 4054 initia,
2026 3991 2094 4045 de
2135 3991 2342 4046 futuris
2377 4011 2599 4064 quoque
2656 4010 2782 4064 spes
2836 3992 3204 4062 amplissimas
3272 3989 3648 4059 concipiamus
3679 4028 3693 4051 ,
3741 3987 3908 4055 idque
3963 3987 4052 4040 vel
4102 3986 4175 4039 ob

908 4091 1007 4132 eos
1040 4081 1273 4131 maxime
1305 4079 1399 4148 qui
1430 4080 1536 4133 huc
1568 4091 1863 4149 sperantur
1885 4087 2101 4140 venturi
2135 4087 2203 4141 ab
2232 4091 2476 4143 externis
2508 4091 2849 4159 regionibus,
2875 4096 3061 4141 saneta
3096 4086 3214 4139 lucc
3247 4085 3367 4138 loca
3424 4090 3484 4136 ut
3540 4083 3812 4149 adorent,
3852 4092 3914 4136 ut
3979 4096 4177 4135 omnes

914 4170 970 4223 in
1003 4186 1294 4226 commune
1345 4172 1718 4243 gloriﬁcemus
1771 4176 1965 4232 Deum.
2017 4179 2200 4248 Ipsum
2239 4180 2468 4235 addecet
2506 4181 2681 4251 gloria
2713 4182 2769 4235 in
2798 4180 3000 4235 saaeula
3025 4177 3376 4232 smculorum.
3402 4175 3596 4229 Amen.

1077 4309 1287 4379 1025
1317 4309 1375 4363 s.
1402 4311 1462 4364 Ρ.
1489 4311 1553 4364 Ν.
1586 4311 1910 4369 ANTIOCHI
1941 4316 2324 4372 ιιιιοιοουδ.
2514 4301 2561 4360 (ἒ
2791 4318 2839 4371 Α]

2206 4317 2324 4372 LUS.
2514 4301 2561 4360 (ἒ
2791 4316 3147 4371 ΑΝτιοΧοΥ
3185 4313 3527 4369 ΜυΝΑΧοΥ
3565 4313 3968 4370 avocemus.

987 4423 1131 4477 Dixit
1173 4423 1230 4477 in
1272 4422 1516 4479 Canticis
1565 4425 1824 4480 Salomon
1880 4445 1893 4480 :
1953 4446 1971 4478 ι
2028 4428 2316 4498 Sexaginta
2366 4441 2494 4484 sunt
2665 4431 2745 4497 Φη

2411 4441 2494 4484 tut
2665 4430 2835 4497 Φησὶν
2864 4430 2920 4480 ἐν
2954 4430 3067 4490 τοῖς
3107 4428 3381 4497 ’ᾼσμασιν
3406 4428 3436 4478 δ
3479 4425 3646 4494 σοφὸς
3677 4426 3950 4497 Σολομώνο
3991 4445 4012 4478 ι
4053 4428 4173 4492 Ἐξ-

916 4516 1138 4584 regium,
1174 4525 1230 4569 et
1271 4516 1552 4585 octoginta
1599 4517 1939 4578 concubium.
1976 4528 2033 4573 et
2069 4521 2495 4576 adolescentula:
2596 4518 2678 4588 ήκ‹

2412 4522 2495 4576 Ila:
2596 4518 2800 4588 ήκοντὰ
2838 4520 2944 4570 είσι
2996 4516 3326 4586 βασίλισσαι,
3370 4516 3466 4568 καὶ
3502 4515 3832 4585 ὀγδοήκοντα
3873 4517 4174 4582 παλλακαὶ,

915 4623 1147 4676 quarum
1177 4623 1284 4662 non
1312 4619 1396 4662 est
1418 4624 1683 4663 numerus
1714 4610 1781 4662 ¹⁶.
1817 4630 1833 4660 ι
1872 4611 2013 4665 Sane
2044 4627 2143 4665 nos
2171 4628 2270 4681 pro
2293 4613 2495 4666 virium

917 4697 1164 4762 modulo,
1198 4713 1298 4767 per
1338 4699 1503 4752 hasce
1542 4699 1823 4769 sexaginta
1866 4701 2083 4770 reginas
2127 4703 2427 4757 astruimus
2453 4704 2493 4734 “

921 4789 1186 4843 insinuari
1229 4791 1468 4844 selectos
1511 4799 1567 4844 et
1607 4791 1972 4855 auctoritatis,
2004 4801 2205 4861 pneter
2244 4802 2493 4860 cmteros,

919 4880 1134 4934 eximia:
1169 4880 1343 4934 libros
1380 4881 1437 4934 in
1475 4881 1673 4935 Vetere
1709 4882 1971 4950 Novoque
2011 4881 2367 4937 Testamento
2405 4899 2496 4938 re-

922 4970 1197 5025 conditos.
1226 4969 1516 5041 Octoginta
1545 4971 1883 5026 concubinas
1910 4987 2005 5026 eas
2033 4987 2154 5026 esse
2183 4973 2499 5043 Scripturas

926 5062 1194 5132 intelligo,
1213 5078 1336 5131 quae
1359 5063 1412 5116 in
1436 5064 1684 5132 priorum
1710 5063 1938 5118 classem
1959 5063 2281 5132 neutiquam
2306 5079 2501 5119 accen-

929 5156 1143 5209 turiatze
1177 5163 1328 5218 sunt,
1356 5169 1421 5209 ac
1456 5155 1686 5224 proinde
1723 5155 1905 5210 minus
1938 5155 2335 5223 approbantur.
2360 5155 2501 5210 Hinc

926 5247 1089 5302 dicta:
1115 5257 1245 5302 sunt
1271 5249 1624 5318 apocryphae,
1661 5248 1768 5301 hoc
1795 5255 1880 5301 est
1931 5246 2200 5309 obscurae,
2231 5261 2334 5300 nec
2365 5246 2502 5300 satis

927 5347 1226 5408 comperta:
1267 5339 1630 5392 auctoritatis.
1664 5339 1981 5404 Παλλακαὶ,
2039 5337 2144 5392 hoc
2181 5347 2267 5393 est
2308 5356 2501 5392 concu-

929 5431 1095 5492 bina,
1127 5445 1198 5483 eo
1237 5430 1615 5492 nominantur.
1651 5430 1800 5499 quod
1845 5444 1970 5483 cum
2015 5429 2314 5497 illegitin'ue
2355 5430 2500 5492 sint,

930 5539 1039 5576 non
1066 5530 1276 5591 queunt
1301 5522 1486 5577 induci
1514 5523 1580 5576 ad
1611 5522 2054 5592 persuadendum
2085 5537 2209 5576 cum
2239 5522 2504 5577 liberiore

2596 4611 2695 4663 καὶ
2740 4609 2980 4671 νεανιδες
3026 4601 3102 4661 ὧν
3153 4609 3254 4661 οὐκ
3305 4608 3453 4660 ἐστιν
3491 4608 3746 4678 ἀριθμός.
3775 4627 3794 4658 ι
3834 4609 4032 4677 Ἡμεῖς
4080 4611 4175 4664 οὖν

2597 4701 2740 4753 κατὰ
2768 4701 2829 4753 τδ
2859 4701 2992 4769 ἡμῖν
3019 4699 3239 4766 ὲφικτδν
3261 4700 3361 4760 τὰς
3395 4699 3496 4768 μὲν
3545 4698 3809 4768 ἑξήκοντα
3855 4698 4178 4767 βασιλίσσας

2595 4792 2696 4853 τὰς
2723 4791 3016 4861 ὲγκρίτους
3049 4790 3284 4859 λέγομεν
3323 4784 3461 4843 εἶναι
3497 4789 3734 4859 βίϐλους,
3768 4791 4055 4843 τουτέστιν
4083 4793 4178 4854 τὰς

2597 4881 2866 4951 ἐξήκοντα
2904 4881 3006 4942 τὰς
3036 4879 3370 4943 ἑνδιαθέτους
3406 4880 3506 4950 τῆς
3540 4880 3788 4942 Παλαιᾶς
3827 4880 3924 4932 καὶ
3969 4881 4177 4947 Καινῆς

2598 4973 2916 5042 Διαοήκης·
2970 4972 3069 5034 τὰς
3107 4970 3165 5024 δὲ
3206 4973 3535 5040 ὀγδοήκοντα
3579 4973 3902 5033 παλλακὰς,
3952 4974 4057 5034 τὰς
4108 4973 4178 5042 μὴ

2600 5067 3015 5137 ὲγκρινομένας,
3045 5064 3146 5126 τὰς
3167 5063 3468 5133 λεγομένας
3491 5063 3864 5133 ἀποκρύφους.
3898 5063 4178 5115 Παλλακαὶ

2599 5157 2656 5210 δὲ
2685 5156 3048 5227 ὀνομάζονται
3098 5155 3186 5210 διὰ
3225 5154 3288 5208 τὸ
3323 5155 3810 5224 ἁπαρρησιὰστους
3856 5155 3953 5205 καὶ
3997 5154 4177 5213 νόθους

2604 5248 2776 5310 αὑτὰς
2805 5244 2965 5301 εἶναι.
3017 5248 3130 5310 Τας
3171 5247 3358 5314 μέντοι
3400 5245 3649 5308 νεάνιδας
3699 5243 3798 5307 τὰς
3853 5245 4050 5313 ῥήσεις
4088 5243 4175 5295 τοῦ

2604 5341 2728 5393 νέου
2757 5340 3115 5410 κηρύγματος
3143 5338 3253 5392 τῶν
3300 5340 3400 5408 τῆς
3451 5337 3778 5407 Ἐκκλησίας
3821 5337 4174 5394 διδασκάλων,

2604 5431 2696 5483 διὰ
2729 5431 2791 5483 τὸ
2819 5431 3124 5497 ἀκραιφνὲς
3152 5428 3248 5482 τοῦ
3281 5429 3440 5496 λόγου
3474 5427 3675 5481 αὐτῶν.
3707 5428 3772 5479 Δί
3799 5427 3911 5496 γὰρ
3940 5424 4176 5482 νεάνιδες

2606 5523 2769 5590 ἁγναὶ
2803 5521 3182 5592 ὀνομάζονται.
3227 5522 3366 5591 Φησὶ
3413 5521 3552 5589 γάρ·
3593 5539 3612 5572 ι
3658 5518 4067 5589 Ζητησάτωσαν
4103 5513 4177 5583 τῷ

933 5613 1176 5668 omnium
1227 5630 1479 5669 assensu.
1518 5614 1636 5668 Jam
1686 5629 1818 5668 vero
1859 5613 2215 5684 juvencnlas,
2260 5614 2501 5668 arbitror
2538 5595 2578 5647 θ
2607 5612 2695 5681 βαι

2411 5630 2501 5668 ror
2538 5595 2578 5647 D
2607 5612 2820 5681 βασιλεί
2838 5611 3054 5665 νεάνιδα
3077 5611 3368 5682 παρθένον,
3387 5613 3480 5664 καὶ
3506 5605 3681 5682 ηῦραν
3705 5611 3803 5680 τὴν
3828 5610 4168 5680 Σουμανῐτιν,

1009 5787 1052 5818 ¹⁹
1072 5787 1228 5841 Cant.
1257 5804 1328 5853 vI,
1351 5790 1400 5843 7.
1481 5791 1517 5821 ¹¹
1544 5789 1870 5861 Dignitatem
1898 5784 2151 5848 attendit,
2173 5800 2283 5838 non
2307 5783 2436 5837 item
2467 5797 2780 5845 numerum,
2804 5781 2950 5850 quod
2982 5781 3113 5836 satis
3143 5791 3221 5838 est
3257 5780 3545 5836 honneosi.
