4462 6440
324 362 439 425 1429

1722 375 2139 440 PROLOGUS.

3422 382 3554 443 H30

319 472 394 525 ἵνα
423 471 664 543 θερμάνῃ
705 473 896 526 αὐτόν’
937 494 954 526 ι
1004 476 1305 540 τουτέστιν,
1348 479 1576 549 ούράνια
1618 483 1870 552 νοήματα
1900 494 1939 549 Λ
1972 488 2078 543 deli

1788 502 1870 537 ιτα
1900 494 1939 549 Λ
1972 488 2251 546 delincarc
2309 504 2462 544 nova:
2520 492 2778 563 dogmata
2843 474 3288 562 prardicationis;
3356 508 3550 561 'ieIinc

318 564 398 616 iul.
421 563 667 633 μελῳδῶν
698 564 802 635 ἔπη
828 582 840 592 ·
881 584 898 616 ι
939 567 1278 640 Ἐθερμάνθη
1302 571 1335 640 ἡ
1361 571 1557 642 καρδιά
1591 589 1692 642 μου
1719 576 1872 639 ἐντός

319 672 427 724 μου,
454 656 545 707 καὶ
575 657 631 707 ὲν
662 659 726 726 τῇ
768 658 967 730 μελέτῃ
1000 678 1100 728 μου
1132 664 1535 733 ἐκκαυθήσεται
1570 664 1701 736 πῦρ.
1743 686 1762 719 ι
1807 667 1870 721 ἸΙ

314 748 409 816 γὰρ
451 748 772 818 Σουμανῖτις
811 754 1061 821 οὐρανιά
1095 754 1485 825 ἑρμηνεύεται.
1519 759 1656 810 Καί’
1695 757 1869 824 Σῖτος

313 841 666 907 νεανίσκοις,
698 843 794 895 καὶ
828 840 994 911 οἶνος
1020 845 1267 906 ὀδιιὶζὶυν
1292 847 1655 916 παρθένους.
1672 851 1735 902 Οἱ
1761 849 1870 919 γὰρ

313 930 578 1001 ἀκίόδηλοι
630 933 695 985 ὲκ
750 937 849 1004 τῆς
898 938 1207 1008 ἐπομϐρίας
1257 938 1349 992 τοῦ
1402 941 1656 1009 οὐρανίου
1703 942 1870 1012 ἄρτου

310 1024 603 1091 τρέφονται,
639 1027 737 1096 τῆς
771 1028 1040 1099 μενούσης
1077 1031 1158 1094 εἰς
1199 1031 1344 1101 ζωὴν
1386 1033 1637 1086 αἰώνιον·
1683 1034 1777 1086 καὶ
1810 1035 1872 1087 τὸ

312 1114 447 1185 πόμα
475 1116 656 1169 αὐτῶν
677 1119 742 1172 ὲκ
772 1120 865 1172 τοῦ
887 1124 1166 1193 κρατῆρος
1188 1127 1285 1194 τῆς
1312 1123 1578 1193 ἀληθινῆς
1597 1125 1867 1195 ἀμπέλου.

310 1206 409 1259 Καὶ
449 1208 628 1275 ἁγνῶν
669 1212 856 1280 ῥήσεις
897 1214 1130 1283 σεμναί·
1163 1217 1283 1275 καὶ,
1320 1234 1337 1266 ι
1395 1216 1608 1285 Ῥήσεις
1644 1217 1871 1271 δικαίων

312 1298 475 1364 ἁγναὶ,
503 1316 521 1349 ι
558 1300 699 1354 κατά
728 1302 826 1371 τὴν
849 1304 1096 1375 Γραφήν.
1135 1305 1524 1377 ’Λναρίθμητοι
1547 1308 1600 1359 δὲ
1621 1308 1871 1375 λέγονται

307 1389 384 1443 διὰ
409 1390 464 1443 τὸ
490 1393 853 1465 πληθυντικὸν
882 1396 976 1450 καὶ
999 1398 1234 1466 ἄμετρον
1262 1397 1359 1450 τού
1384 1399 1543 1465 λόγου
1563 1401 1661 1471 τῆς
1689 1400 1872 1453 αὐτῶν

306 1481 659 1549 διδασκαλίας.
705 1486 799 1541 Ἐκ
846 1488 940 1542 τοῦ
978 1489 1126 1542 ἱστοῦ
1177 1490 1271 1543 οὖν
1313 1491 1420 1543 τῶν
1460 1492 1724 1561 ἐξήκοντα
1772 1493 1871 1564 βα-

308 1569 506 1623 σιλίδων
556 1572 761 1627 τούτων
815 1576 1031 1646 ὀλίγους
1094 1580 1365 1649 στήμονας
1414 1581 1730 1651 ἀνείλαμεν,
1782 1584 1872 1636 καὶ

306 1662 520 1731 ἐποίησα
567 1664 857 1737 περίζωμα
911 1670 990 1733 εἰς
1040 1670 1253 1740 θέρμην
1302 1673 1415 1734 τοῖς
1455 1672 1597 1741 μετᾶ
1632 1672 1871 1736 πίστεως

305 1752 730 1825 ἐντυγχάνουσιν.
767 1759 980 1831 Ὥσπερ
1024 1760 1116 1814 οὖν
1164 1764 1192 1815 ὁ
1238 1763 1383 1826 ἱστὸς
1434 1764 1749 1836 πολυμερὴς
1796 1764 1871 1818 ὢν

1973 580 2264 635 doctorum
2302 583 2622 638 orthodoxa:
2661 585 2951 650 Ecclesim,
2983 585 3057 639 ob
3102 583 3457 640 indelibatam
3497 593 3552 638 et

1972 673 2280 729 absolutam
2337 677 2633 744 puritatem
2680 678 2953 732 sermonis
3015 678 3284 745 ipsorum.
3333 674 3548 730 Etenim

1968 765 2276 832 juvenculae
2339 768 2812 823 nomenclaturam
2850 770 3165 825 sortiuntur
3203 784 3235 823 a
3276 767 3551 823 munditia

1973 856 2247 927 virginali.
2275 860 2363 914 [tit
2386 860 2535 915 enim
2570 860 2855 931 Scriptura
2887 880 2900 915 :
2940 882 2957 913 ι
2985 862 3247 928 Quaerant
3271 860 3389 933 regi
3421 860 3554 915 ado-

1972 946 2329 1003 lescentulam
2376 950 2681 1021 virginem;
2731 961 2787 1005 et
2835 952 3167 1006 invenerunt
3206 951 3550 1005 Sunamitem

1972 1055 2093 1108 qum:
2142 1043 2325 1110 ipsum
2371 1043 2768 1098 exealefaeeret
2796 1044 2866 1106 ";
2923 1062 2940 1091 ι
2992 1043 3097 1098 hoc
3140 1051 3256 1105 est,
3298 1043 3552 1097 cmlestes

1973 1146 2199 1201 prorsus
2229 1134 2555 1187 sententias.
2587 1134 2699 1188 lloe
2729 1135 2915 1203 itaque
2948 1135 3165 1189 fervore
3198 1149 3547 1199 reaecensus,

1974 1225 2041 1279 ad
2073 1226 2324 1280 melicam
2359 1226 2627 1281 citharam
2662 1227 2992 1282 emodulaus
3022 1228 3244 1282 dicebat
3287 1244 3299 1278 :
3347 1245 3365 1276 ι
3404 1226 3549 1280 (ἶυιι⁸

1975 1317 2145 1372 caluit
2174 1334 2271 1373 cor
2306 1334 2487 1373 meum
2530 1319 2673 1373 intra
2712 1335 2819 1375 me.
2851 1328 2907 1371 et
2944 1320 2998 1373 in
3039 1319 3400 1374 meditatione
3431 1334 3551 1372 mea

1973 1408 2528 1478 cxardcscetignis“.
2554 1429 2572 1460 ι
2601 1410 2888 1479 Siquidem
2912 1409 3217 1464 Sunamitis
3260 1425 3359 1464 sua
3383 1409 3554 1463 inter-

1972 1501 2278 1571 prctatione
2308 1509 2485 1565 sonat,
2514 1500 2779 1555 Cielcslcm
2802 1542 2817 1563 ,
2849 1511 2907 1555 et
2937 1519 2950 1554 :
2985 1500 3332 1554 Frumentum
3354 1502 3553 1569 juncu-

1973 1593 2105 1647 culis
2132 1601 2178 1646 et
2203 1595 2378 1647 viuum
2405 1593 2556 1647 suavi
2584 1592 2741 1645 odore
2768 1592 3043 1660 laetiﬁcum
3072 1594 3332 1661 virgines;
3366 1591 3551 1645 incor-

1976 1687 2119 1753 rupti
2156 1686 2305 1740 enim
2337 1686 2432 1754 qui
2465 1695 2614 1749 sunt,
2644 1685 2834 1755 pluvio
2867 1685 3092 1739 aluntur
3124 1687 3357 1740 lmmore
3390 1700 3552 1737 roru-n

1975 1775 2107 1830 lenti
2158 1776 2304 1830 illius
2350 1777 2508 1845 panis
2551 1775 2645 1845 qui
2690 1776 2758 1830 de
2806 1776 2947 1830 cmlo
2991 1774 3310 1839 descendit,
3344 1775 3550 1843 quique

305 1850 375 1911 εἰς
406 1856 678 1925 μονομερῆ
708 1855 908 1924 χιτῶνα
939 1855 1282 1910 ἀποτελεῖται
1302 1874 1318 1891 ⁸
1352 1857 1525 1922 οὕτως
1557 1859 1650 1911 καὶ
1696 1860 1866 1910 πᾶσαι
1901 1844 1944 1903 Β
1977 1883 2061 1920 ma

1787 1875 1866 1909 παι
1901 1844 1944 1903 Β
1977 1875 2160 1920 manet
2203 1866 2258 1920 in
2300 1875 2563 1921 aeternam
2604 1866 2790 1921 vitam.
2825 1866 2949 1920 Istis
2990 1866 3142 1936 potio
3187 1864 3444 1918 hauritur
3484 1880 3549 1918 ex

305 1940 353 1994 αἰ
390 1944 687 2013 προρήσεις
713 1945 822 1998 τῶν
859 1946 1232 2001 θεοπνεύστων
1280 1949 1514 2018 Γραφῶν
1544 1950 1623 2011 εἰς
1655 1949 1746 2000 τὸν
1770 1950 1868 2019 τῆς

304 2035 601 2104 οἰκονομίας
627 2039 956 2091 Δεσποτικὸν
984 2040 1185 2109 χιτῶνα
1220 2041 1548 2112 κατέληξαν,
1576 2041 1635 2094 ὃν
1657 2041 1872 2110 ἀνείλη·

305 2137 392 2186 φεν
420 2122 481 2175 ἐκ
508 2123 611 2193 τῆς
644 2125 807 2192 ἁγίας
833 2128 1043 2195 ἐνδόξου
1076 2130 1171 2182 καὶ
1210 2130 1603 2200 ’Λειπαρθένου
1627 2130 1864 2201 Μαρίας·

304 2211 526 2283 φθαρτὸν
593 2217 693 2286 μὲν
748 2218 837 2273 διὰ
887 2220 946 2274 τὸ
970 2222 1301 2290 ὁμοιοπαθὲς
1352 2224 1491 2294 ἡμῖν
1536 2223 1871 2286 ἀποτελέσας

302 2303 587 2376 ἄφθαρτον,
621 2308 705 2361 ἵνα
733 2311 881 2380 ἡμᾶς
906 2312 1031 2376 τοὺς
1062 2311 1168 2367 ὑπὸ
1198 2314 1301 2384 τῆς
1328 2315 1535 2386 φθορᾶς
1569 2313 1873 2385 κατεχομέ-

303 2414 415 2460 νους
442 2397 823 2471 ἐλευθερώσας
863 2405 1255 2477 μετασκευάσῃ
1283 2407 1363 2468 εἰς
1396 2405 1729 2477 ἀφθαρσίαν.
1762 2407 1868 2459 Πε-

305 2487 507 2560 ρίζωμα
537 2490 597 2545 δὲ
640 2492 790 2561 λέγω
840 2494 941 2547 οὐκ
980 2496 1159 2549 ἐκεῖνο
1202 2497 1265 2549 τὸ
1317 2496 1641 2564 Ἰουδαϊκὸν,
1674 2497 1736 2551 τὸ
1766 2497 1872 2550 ὑπὸ

312 2579 567 2653 Ἰερεμίου
594 2585 803 2655 κρυφὲν
836 2588 933 2640 καὶ
962 2587 1171 2659 φθαρὲν
1201 2589 1260 2642 ὲν
1293 2588 1371 2661 τῷ
1403 2590 1662 2660 Εὐφράτῃ
1696 2606 1870 2643 ποτα-

306 2670 403 2742 μιζὸ.
434 2674 575 2729 ἀλλά
592 2675 657 2730 τὸ
678 2677 775 2747 τῆς
814 2677 942 2742 νέας
974 2679 1217 2751 χάριτος,
1247 2682 1386 2752 ὅπερ
1427 2683 1456 2734 ὁ
1498 2681 1705 2753 Κύριος
1737 2682 1871 2753 ἡμῖν

303 2764 592 2831 ὑπέδειξεν.
626 2768 1080 2842 Περιζωσάμενος
1112 2772 1208 2827 καὶ
1257 2788 1436 2842 καταμ
1448 2772 1584 2840 άξας
1611 2772 1740 2837 τοὺς
1768 2772 1872 2826 πό-

302 2856 389 2923 ἔας
415 2858 523 2913 τῶν
552 2861 751 2916 ἑαυτοῦ
794 2864 1078 2936 μαθητῶν,
1124 2865 1212 2919 ἶνα
1252 2864 1348 2919 τοῦ
1396 2864 1574 2937 ῥύπου
1616 2866 1718 2934 τῆς
1761 2882 1871 2918 πα-

303 2950 446 3015 λαιᾶς
474 2953 656 3026 ζύμης
693 2956 1121 3029 καθαρισθέντες
1152 2959 1417 3026 γένωνται
1463 2958 1583 3011 νέον
1615 2957 1867 3028 φύραμα,

302 3044 392 3097 καὶ
420 3039 554 3100 ὦσιν
582 3048 634 3100 οἰ
666 3048 826 3111 πόδες
873 3049 1054 3102 αὐτῶν
1092 3049 1282 3120 ὡραῖοι
1326 3049 1401 3113 ὼς
1440 3048 1870 3119 εὐαγγελιζομέ-

303 3153 400 3189 νων
426 3138 678 3208 εἰρήνην,
710 3140 805 3192 καὶ
836 3140 1079 3194 πατῶσιν
1125 3140 1310 3195 ἐπάνω
1357 3141 1536 3208 ὄφεων
1573 3142 1667 3193 καὶ
1707 3157 1871 3212 σκορ-

302 3228 454 3294 πίων,
477 3232 573 3283 ml.
598 3230 692 3283 ἐπὶ
716 3232 895 3284 πᾶσαν
915 3231 1018 3300 τὴν
1042 3231 1275 3301 δύναμιν
1296 3231 1391 3284 τοῦ
1418 3231 1634 3301 ἐχθροῦ.
1663 3231 1866 3284 Τούτου

299 3319 385 3371 τοῦ
416 3321 801 3391 περιζώματος
830 3323 928 3392 τὴν
957 3323 1299 3394 εὐπρέπειαν
1345 3321 1583 3392 Χριστὸς
1608 3321 1707 3391 τὴν
1741 3322 1840 3374 ὲαυ

298 3408 387 3462 τοῦ
424 3411 753 3483 Ἐκκλησίαν
785 3415 1058 3479 ἐνέδυσεν,
1094 3414 1384 3479 σκεπάζων
1414 3412 1572 3483 ἡμῶν
1600 3414 1727 3475 τοζις
1758 3411 1869 3482 μὼο

304 3520 453 3569 μους,
485 3506 583 3557 καὶ
623 3505 723 3575 τὴν
751 3507 1055 3578 γενομένην
1099 3508 1164 3560 ὲκ
1200 3507 1298 3575 τῆς
1328 3505 1422 3559 τοῦ
1475 3505 1647 3574 ’Λδὰμ
1690 3522 1872 3575 παρα-

300 3592 503 3658 ϐάσεως
536 3595 840 3668 γύμνωσιν,
879 3598 1017 3651 κατά
1056 3598 1117 3650 τὸ
1152 3598 1446 3669 εἰρημένον
1470 3613 1485 3628 ο
1517 3614 1535 3646 ι
1569 3594 1871 3666 Διέρῤηξας

300 3684 384 3736 τὸν
414 3685 622 3740 σάκκον
651 3706 774 3756 μου,
805 3690 901 3743 καὶ
944 3687 1289 3758 περιέζωσάς
1334 3705 1403 3758 με
1448 3685 1812 3757 εὐφροσύνην.
1853 3705 1871 3738 ι

299 3773 461 3829 Τοῦτο
491 3777 795 3846 ιώυόμεθα
817 3780 881 3833 ὲκ
905 3779 1013 3832 τῶν
1034 3778 1195 3832 θείων
1218 3777 1472 3849 Γραφῶν.
1514 3777 1877 3849 Ἐρευνῶντες

299 3862 398 3932 γὰρ
427 3864 603 3929 αὐτὰς
633 3866 965 3938 εὑρίσκομεν
997 3866 1096 3936 τὴν
1128 3864 1345 3918 αἰώνιον
1392 3863 1559 3934 ζωὴν,
1589 3863 1752 3917 αὐτὸν
1783 3863 1875 3914 τὸν

299 3951 496 4022 Κύριον
543 3955 704 4025 ἡμῶν
747 3956 955 4025 Ἰησοῦν
1008 3958 1241 4029 Χριστὸν
1295 3958 1386 4011 τὸν
1443 3955 1697 4027 ἀληθινὸν
1742 3955 1875 4008 Θεὸν

300 4043 470 4114 ἡμῶν.
512 4046 676 4101 Ἀλλά
702 4047 859 4101 καλεῖ
889 4049 1037 4119 ἡμᾶς
1062 4052 1090 4103 ὁ
1117 4050 1307 4120 καιρὸς
1335 4048 1523 4103 λοιπὸν
1553 4047 1871 4101 καθυποτάο

298 4134 381 4200 ξαι
411 4135 480 4190 τά
513 4138 786 4209 εἰρημένα
812 4140 1085 4210 κεφάλαια
1112 4142 1194 4204 εἰς
1221 4138 1379 4205 δόξαν
1406 4139 1501 4193 καὶ
1526 4138 1752 4193 ἔπαινον
1770 4139 1873 4209 τῆς

297 4224 453 4293 ἁγίας
480 4229 577 4282 καὶ
606 4228 923 4302 ζωαρχικῆς
959 4230 1212 4303 Τριάδος,
1259 4230 1357 4284 τοῦ
1416 4230 1653 4301 Πατρδς,
1705 4230 1871 4299 φημὶ,

299 4317 388 4369 καὶ
429 4317 524 4372 τοῦ
556 4317 694 4373 Υἱοῦ
732 4320 829 4374 καὶ
876 4319 971 4375 τοῦ
1018 4321 1177 4391 ἁγίου
1234 4319 1577 4391 Πνεύματος,
1630 4320 1711 4383 εἰς
1748 4318 1874 4383 τοὺς

297 4408 493 4474 αἰῶνας
522 4410 638 4465 τῶν
676 4410 908 4467 αἰώνων.
956 4412 1148 4483 ’Δμήν.

1974 1965 2187 2011 cratere
2226 1957 2399 2010 vinea:
2443 1958 2592 2011 illius
2629 1959 2875 2021 veracis;
2910 1972 3036 2009 nam
3073 1964 3350 2009 castorqu
3386 1952 3552 2007 verba

1972 2046 2135 2114 plena
2185 2054 2315 2099 sunt
2367 2046 2617 2114 pudoris.
2662 2046 2730 2099 Et
2780 2064 2793 2099 :
2860 2064 2879 2095 ι
2938 2046 3235 2100 Semnones
3278 2046 3550 2114 justorum

1974 2130 2164 2185 mundi
2202 2140 2332 2185 sunt
2355 2132 2418 2195 νδ,
2461 2151 2479 2183 ι
2520 2133 2677 2202 juxta
2716 2133 3081 2202 Scripturam.
3118 2134 3553 2188 Innumerabiles

1972 2230 2239 2292 prznterca
2274 2234 2601 2279 asseruntur
2631 2240 2784 2291 esse,
2816 2225 2887 2280 0b
2919 2226 3200 2295 copiosam
3238 2225 3552 2280 multitudi-

1972 2328 2100 2367 nem
2158 2313 2432 2368 sermonis
2480 2312 2747 2369 doctrinm
2797 2312 3042 2368 illorum.
3087 2314 3224 2368 'l‘am
3270 2313 3420 2369 enim
3468 2322 3556 2368 est

1975 2405 2283 2475 multiplex,
2307 2414 2367 2459 ut
2387 2421 2511 2460 eam
2540 2405 2796 2460 admetiri
2821 2415 2917 2461 aut
2944 2407 2997 2460 in
3025 2421 3318 2461 numerum
3343 2406 3556 2461 referre

1975 2513 2135 2551 nemo
2171 2507 2361 2567 queat.
2392 2497 2473 2552 Ex
2511 2497 2617 2552 tcla
2654 2498 2824 2568 igitur
2857 2499 3053 2553 barum
3088 2499 3375 2571 sexaginta
3407 2499 3556 2569 regio

1972 2605 2192 2653 narum,
2214 2590 2444 2659 Sparsim
2471 2590 2640 2660 selegi
2666 2606 2732 2647 ac
2755 2590 3035 2662 desumpsi
3058 2590 3294 2647 stamina
3317 2590 3557 2661 aliquot.

1972 2696 2206 2736 arsurus
2238 2680 2569 2737 cinctorium
2605 2696 2826 2747 renum,
2858 2692 2975 2748 aut,
3007 2682 3291 2747 si'mavls,
3323 2682 3556 2739 sulllbu-

1973 2770 2111 2835 lum,
2140 2786 2252 2841 quo
2291 2787 2401 2826 una
2438 2787 2565 2827 cum
2604 2770 2712 2827 ﬁde
2748 2772 3132 2828 circumeincti
3171 2773 3345 2829 futuri
3382 2773 3555 2831 lecto-

1974 2877 2083 2927 res,
2111 2861 2285 2918 divini
2315 2864 2523 2919 amoris
2549 2864 2821 2920 fervorem
2850 2864 3190 2935 concipiant,
3223 2880 3289 2921 ac
3318 2864 3557 2936 proinde

1974 2954 2337 3009 recalescant.
2368 2955 2439 3011 Ut
2463 2955 2613 3009 enim
2646 2956 2754 3010 tela
2784 2972 2851 3010 ex
2881 2956 3072 3011 multis
3099 2955 3334 3011 conﬂata
3362 2955 3555 3011 stami—

1974 3061 2106 3100 num
2135 3046 2444 3116 particulis,
2470 3047 2526 3101 in
2554 3062 2720 3101 unam
2750 3054 2807 3101 et
2835 3046 3167 3116 impartilem
3199 3054 3319 3102 arte
3344 3046 3555 3101 texoria

1975 3138 2237 3193 coalescit
2268 3138 2541 3205 tunicam;
2582 3139 2663 3193 sic
2696 3145 2752 3193 et
2786 3138 3042 3192 universa
3079 3138 3382 3208 Scriptura:
3410 3138 3554 3191 divi-

1973 3231 2125 3285 nitus
2181 3230 2462 3299 inspirata:
2502 3230 2723 3284 oracula
2763 3230 2819 3283 in
2865 3229 3016 3284 hunc
3057 3230 3223 3283 linem
3267 3229 3554 3299 conspira-

1974 3330 2120 3386 rnnt,
2155 3323 2314 3391 plane
2350 3333 2412 3377 ut
2447 3322 2745 3377 Dominicze
2778 3322 3213 3392 dispensationis
3246 3321 3554 3376 inconsulti-

1972 3412 2079 3466 lem
2113 3411 2352 3465 tunicam
2382 3411 2803 3480 pricsiguarent,
2830 3427 2994 3480 quam
3024 3427 3092 3466 ex
3126 3419 3285 3465 utero
3310 3409 3555 3478 suscepit

1974 3502 2229 3573 gloriosa:
2250 3518 2315 3556 ac
2338 3512 2539 3557 sancta:
2562 3503 2809 3572 Deiparaz
2856 3518 3073 3573 semper
3093 3501 3325 3573 virginis
3355 3501 3556 3565 Mariae,

1976 3609 2077 3662 pro
2116 3602 2360 3662 tempore
2395 3593 2619 3662 quidem
2657 3594 2993 3662 corruptiva:
3030 3593 3194 3646 morti
3233 3591 3559 3650 obnoxiam,

1975 3683 2123 3753 quod
2164 3683 2363 3737 similis
2395 3683 2568 3739 nostri
2600 3697 2724 3738 esse
2756 3683 2933 3737 voluit
2965 3682 3034 3736 ad
3072 3680 3387 3735 tolerandas
3431 3696 3554 3737 cor-

1974 3775 2127 3844 poris
2181 3774 2450 3845 injurias;
2504 3774 2699 3830 eadem
2756 3790 2949 3829 rursus
3000 3774 3141 3828 nulli
3192 3775 3377 3827 futura
3435 3783 3554 3827 erat

1972 3863 2211 3918 obnoxia
2261 3864 2618 3934 corruptelae,
2654 3871 2715 3917 ut
2750 3880 2849 3918 nos
2901 3863 3202 3919 miserabili
3240 3864 3552 3934 corruptela

1973 3965 2258 4025 exemptos
2312 3957 2365 4009 in
2418 3954 2705 4025 pristinam
2760 3964 3048 4011 revocaret
3090 3957 3445 4018 libertatem,
3492 3969 3554 4008 ac

1975 4047 2199 4102 demum
2224 4047 2358 4117 jugo
2381 4046 2757 4116 cmancipatos
2785 4047 2922 4102 dira:
2951 4048 3238 4103 servitutis
3269 4047 3339 4102 ad
3374 4047 3558 4101 incor-

1976 4136 2253 4206 ruptionis
2278 4136 2508 4207 gloriam
2534 4137 2962 4202 transcriberct;
2988 4138 3115 4193 vita:
3138 4139 3367 4208 insuper
3391 4137 3556 4192 resti-

1976 4235 2144 4291 tutos,
2175 4227 2438 4283 donativo
2473 4228 2812 4283 convestirct
2848 4229 3051 4285 trabeae
3100 4228 3554 4284 immortalitatis.

1971 4318 2031 4373 Id
2070 4319 2295 4389 quidem
2336 4318 2570 4374 dixerim
2609 4321 2890 4391 perizoma
2936 4335 3048 4376 non
3086 4320 3224 4377 illud
3259 4320 3553 4377 Judaicum

1970 4409 2117 4479 quod
2148 4410 2340 4479 jussus
2372 4419 2457 4464 est
2486 4410 2756 4466 Jeremias
2790 4411 2845 4464 in
2883 4425 3091 4465 arcano
3127 4412 3389 4482 quopiam
3429 4411 3553 4464 loco

297 4501 617 4567 recondere,
639 4514 696 4559 et
716 4503 861 4559 idem
882 4503 935 4559 in
956 4504 1234 4575 Euphrate
1284 4503 1454 4560 lluvio
1500 4501 1927 4573 computruit";
1967 4502 2102 4572 quin
2145 4502 2281 4579 illud
2325 4504 2512 4557 verius
2554 4503 2800 4573 intelligo
2845 4503 2992 4572 quod
3044 4503 3112 4557 ad
3157 4518 3314 4557 novae
3359 4503 3553 4572 gratim

296 4588 464 4661 legem
496 4593 765 4665 pertinet,
830 4596 979 4665 quod
1019 4596 1181 4652 nobis
1221 4596 1337 4666 ipse
1377 4597 1648 4651 Dominus
1685 4602 1906 4650 suomet
1941 4596 2704 4665 praemonstravit‘exemplo.
2770 4595 2988 4666 1026
3033 4593 3171 4650 Cum
3221 4595 3555 4664 prmcinctus

297 4682 460 4751 pedes
490 4700 728 4741 suorum
756 4685 1155 4757 discipulorum
1188 4688 1416 4743 extersit
1444 4690 1510 4753 ",
1577 4695 1638 4743 ut
1669 4702 1699 4741 a
1735 4687 1996 4741 sordibus
2027 4687 2232 4742 veteris
2298 4687 2557 4743 fermenti
2592 4688 2812 4760 purgati
2880 4688 3075 4742 tierent
3108 4702 3255 4741 nova
3289 4700 3555 4754 consper-

295 4775 374 4831 sio
434 4778 501 4846 ‘7,
545 4788 607 4836 et
652 4789 841 4836 essent
887 4780 1058 4851 pedes
1109 4797 1302 4837 eorum
1352 4781 1589 4853 speciosi
1648 4791 1906 4850 tanquam
1965 4780 2461 4851 evangelizantium
2512 4796 2745 4852 pacem,
2789 4790 2845 4835 et
2891 4780 3169 4836 calcarcnt
3214 4793 3382 4848 supra
3432 4792 3552 4831 ser-

297 4877 487 4938 pentes
522 4879 583 4927 et
614 4871 966 4942 scorpiones.
992 4880 1051 4928 et
1081 4887 1249 4943 super
1282 4888 1502 4929 omnem
1543 4879 1871 4943 potestatem
1909 4871 2118 4927 inimici
2144 4871 2208 4926 “.
2238 4872 2412 4943 llujus
2441 4872 2648 4942 cinguli
2711 4871 2913 4927 decore
2937 4870 3190 4927 Christus
3248 4868 3553 4925 Ecclesium

300 4973 450 5016 suam
486 4960 697 5025 induit,
758 4964 1005 5019 maculas
1035 4964 1305 5034 obtegens
1339 4972 1581 5027 nostras,
1640 4972 1697 5019 et
1729 4970 2069 5017 contractam
2102 4979 2170 5018 ex
2202 4964 2331 5019 Δάαι
2395 4964 2851 5033 prmvaricatione
2885 4964 3191 5018 nuditatem
3230 4981 3242 5016 :
3280 4961 3427 5016 sicut
3469 4959 3554 5013 di-

294 5061 441 5106 ctum
474 5060 609 5108 est:
648 5071 665 5103 ι
696 5049 1026 5109 Conscidisti
1057 5070 1279 5110 saccum
1314 5069 1521 5120 meum,
1587 5064 1642 5109 et
1705 5054 2121 5110 circumdedisti
2176 5071 2263 5110 me
2310 5055 2498 5112 hetitia
2561 5058 2623 5112 ".
2682 5076 2699 5107 ι
2758 5056 2871 5110 lloc
2922 5056 3195 5110 induimur
3264 5069 3333 5108 ex
3381 5052 3554 5108 sacris

298 5138 622 5213 Scripturis.
654 5143 795 5199 Dum
830 5145 979 5201 enim
1051 5163 1145 5204 eas
1177 5156 1512 5212 scrutamur,
1579 5147 1746 5201 vitam
1785 5154 2045 5202 mteruam
2092 5147 2427 5214 invenimus,
2500 5150 2681 5220 ipsum
2726 5151 3019 5206 Dominum
3070 5158 3319 5204 nostrum
3361 5146 3551 5203 Jesum

294 5231 600 5304 Christum,
625 5238 723 5307 qui
746 5253 917 5294 verus
942 5245 1029 5293 est
1088 5239 1232 5294 Deus
1298 5250 1505 5296 noster.
1570 5239 1677 5295 Sed
1706 5240 1817 5310 jam
1851 5246 2067 5309 tempus
2090 5238 2354 5310 deinceps
2383 5255 2483 5296 nos
2514 5241 2729 5306 invitat,
2754 5252 2815 5297 ut
2837 5257 2903 5297 ea
2935 5257 3059 5311 qua.
3087 5240 3349 5302 diximus,
3370 5239 3554 5310 capita

296 5329 659 5399 subjiciamus
698 5332 768 5388 ad
807 5334 1038 5404 gloriam
1074 5344 1133 5391 et
1164 5336 1380 5391 laudem
1416 5345 1617 5392 sanetze
1650 5351 1713 5390 ac
1744 5335 1868 5391 vita:
1906 5336 2239 5407 principium
2282 5334 2568 5408 largientis
2607 5333 2916 5396 Trinitatis,
2953 5333 3151 5396 Patris,
3194 5332 3444 5402 inquam,
3487 5340 3548 5390 et

298 5418 415 5477 Filii
468 5432 527 5479 et
579 5423 824 5494 Spiritus
875 5426 1084 5488 sancti,
1142 5428 1196 5482 in
1257 5428 1452 5483 smcula
1511 5429 1857 5485 seculorum.
1898 5430 2091 5485 Amen.

364 5600 403 5671 ta
427 5599 493 5656 ιιι
520 5601 659 5671 Reg,
684 5618 722 5667 ι,
747 5602 801 5654 ες,
881 5602 924 5635 ⁸³
947 5602 1087 5667 Psal.
1115 5620 1331 5671 xxxviii,
1356 5607 1405 5661 -l.

2650 5608 2691 5638 ”
2711 5606 2868 5662 Joan.
2894 5621 3005 5670 xm,
3032 5604 3083 5659 fi.
3166 5605 3205 5637 "
3230 5602 3397 5663 lCor.
3422 5620 3475 5670 ι’,
3499 5605 3553 5662 7.

302 5669 339 5699 "‘
362 5668 495 5725 Luc.
524 5687 579 5734 ι,
608 5668 690 5726 l9.
774 5672 817 5704 "
840 5672 983 5728 l‘sal.
1010 5689 1159 5740 xxix,
1186 5675 1266 5728 l2.

1490 5608 1527 5638 “
1554 5606 1717 5663 Prov.
1745 5623 1829 5671 xv,
1854 5607 1941 5661 ‘29.
2024 5609 2063 5638 ν’
2086 5607 2285 5663 Jerem.
2319 5624 2427 5670 λιιι,
2458 5608 2566 5661 Ιοὶι.
