4462 6440
876 339 1006 407 1431

1385 456 1663 508 llUllll.l.\
1707 454 1938 507 PRIMA.

1546 569 1620 622 De
1656 571 1779 634 ﬁde.

943 688 1176 741 Domino
1214 698 1573 754 cooperante,
1604 696 1660 739 ct
1696 700 2011 739 sermonem
2058 686 2447 745 cotilirmaute,

871 780 1225 851 aggredimur
1258 779 1496 847 primum
1534 778 1683 831 lmuc
1715 778 1808 847 qui
1844 778 1911 831 de
1947 777 2053 831 [ide
2094 785 2205 841 est,
2242 792 2451 830 sermo-

874 884 1031 934 nem,
1062 879 1227 937 atque
1261 867 1337 921 ita
1365 868 1632 937 deinceps
1659 868 1753 937 qui
1786 875 2114 937 sequentur,
2144 867 2291 921 serie
2320 882 2452 920 eon-

876 961 1096 1015 tineuti.
1122 960 1180 1013 in
1210 959 1406 1029 primis
1431 974 1659 1012 necesse
1689 958 1779 1021 sit,
1804 966 1866 1011 ut
1889 958 2083 1011 credas
2116 959 2167 1010 in
2204 978 2221 1007 ι
2256 958 2448 1018 Deum,

872 1052 1002 1118 quia
1035 1059 1142 1113 est,
1173 1061 1229 1104 et
1260 1050 1682 1118 exquirentibus
1716 1066 1774 1103 se
1809 1059 2196 1104 remuneratur
2228 1049 2301 1101 sit
2323 1050 2388 1099 ’°.
2425 1067 2443 1099 ι

874 1143 1036 1197 γνιοε
1064 1145 1211 1198 cuitu
1247 1144 1299 1195 in
1332 1145 1594 1197 szeeulum
1624 1143 1809 1197 stabit.
1839 1144 1904 1196 Et
1935 1160 1946 1193 :
1988 1161 2004 1190 ι
2038 1142 2229 1195 Justus
2251 1155 2315 1193 ex
2346 1140 2451 1194 ﬁde

875 1237 1107 1288 vivet".
1155 1255 1173 1286 ι
1222 1235 1415 1290 Justus
1462 1244 1648 1289 autem
1699 1236 1792 1303 qui
1839 1234 2022 1288 veraci
2075 1233 2180 1287 [ide
2229 1233 2448 1295 nititur,

874 1328 1036 1381 tidem
1072 1327 1239 1381 habet
1271 1328 1411 1381 mire
1441 1327 1717 1381 cllicaeem
1756 1344 1769 1377 :
1811 1326 1995 1386 Iidem,
2034 1326 2281 1394 inquam,
2315 1340 2454 1395 quo~

879 1420 1087 1475 tidiana
1135 1421 1454 1474 accessione
1499 1419 1933 1482 coalescentem;
1984 1417 2146 1471 ﬁdem
2197 1418 2346 1470 nulla
2385 1432 2450 1470 ex

875 1520 1030 1579 parte
1060 1511 1431 1575 luesitantcm;
1460 1510 1622 1565 iidem
1652 1510 1718 1564 ad
1749 1525 1918 1579 opera
1949 1510 2108 1563 laude
2136 1509 2299 1577 digna
2329 1508 2453 1561 illii-

871 1612 1162 1668 strantem,
1192 1613 1251 1657 ut
1284 1620 1380 1673 per
1409 1620 1471 1657 ea
1503 1603 1843 1672 gloriﬁcetur
1867 1603 2250 1655 universorum
2284 1602 2449 1654 Deus.

879 1695 1038 1749 Fides
1080 1697 1415 1765 principiqu
1452 1705 1537 1747 est
1575 1695 1775 1747 divina:
1817 1693 2147 1746 vocationis.
2187 1693 2452 1761 Quisquis

2150 347 2513 408 ANTIOCHI
2554 348 2901 411 MUNACIH

2480 460 2527 512 Α

4004 359 4021 419 l
4042 359 4139 421 13'2

3099 463 3313 513 ΛΗΓΟΣ
3349 462 3615 516 ΠΡΩΤοΣ

3117 576 3249 640 Περὶ
3288 576 3567 639 πίστεως.

2625 683 2732 734 Τοῦ
2766 684 2970 753 Κυρίου
3004 686 3392 755 συνεργοῦντος
3425 690 3517 740 καὶ
3542 689 3633 741 τὸν
3659 689 3814 755 λόγον
3847 689 4134 754 βεϐαιοῦν·

2553 793 2643 837 τος
2674 777 2974 845 ἀρχώμεθα
3036 780 3252 848 πρῶτον
3305 780 3413 831 τῶν
3466 780 3597 850 περὶ
3646 783 3882 842 πίστεως
3937 782 4133 849 λόγων,

2555 866 2653 923 εἶθ’
2680 870 2850 933 οὕτως
2893 873 3001 924 τῶν
3029 872 3284 942 καθεξῆς.
3325 874 3547 943 Πρῶτον
3602 874 3685 926 δεῖ
3734 875 4009 926 πιστεύειν
4057 877 4137 936 εἰς

2560 983 2577 1013 ι
2604 963 2758 1026 Θεὸν,
2780 965 2862 1017 δτι
2886 963 3054 1027 ἔστιν,
3086 967 3180 1018 καὶ
3202 969 3315 1028 τοῖς
3336 964 3657 1036 ἐκζητοῦσιν
3684 967 3847 1020 αὐτον
3870 967 4138 1035 μισθαπο-

2552 1054 2711 1123 δότης
2737 1055 2966 1122 γίνεται.
3001 1074 3017 1105 ι
3053 1057 3239 1118 Ιιίστις
3269 1057 3378 1122 γὰρ
3407 1058 3483 1113 εἰς
3512 1058 3602 1108 τον
3634 1058 3805 1109 αἰῶνα
3851 1059 4135 1125 στήσεται.

2554 1148 2686 1211 Καὶ,
2725 1167 2742 1197 ι
2769 1147 2824 1199 Ὀ
2855 1147 3061 1209 δίκαιος
3094 1150 3155 1200 ὲκ
3182 1150 3420 1212 πίστεως
3456 1149 3736 1218 ζήσεται.»
3778 1150 3835 1201 't)
3870 1150 3928 1201 δὲ
3967 1151 4138 1212 ὅντως

2552 1239 2757 1300 δίκαιος
2792 1242 2857 1293 ἐκ
2893 1242 3128 1304 πίστεως
3167 1241 3351 1293 πίστιν
3400 1242 3515 1311 ἔχει
3559 1243 3778 1311 ἐνεργῆ,
3821 1242 4005 1293 πίστιν
4042 1243 4138 1295 αὖ·

2555 1333 2842 1398 ξάνουσαν,
2877 1334 3059 1385 πίστιν
3100 1333 3695 1403 πεπληροφορημένην,
3735 1333 3924 1384 πίστιν
3970 1331 4142 1401 φωτί-ι

2556 1422 2756 1486 ζουσαν
2800 1426 2857 1476 ἐν
2888 1426 2999 1486 τοῖς
3054 1425 3241 1486 καλοῖς
3300 1425 3505 1496 ἔργοις.
3556 1426 3643 1477 ἵνα
3689 1424 3924 1493 δοξασθῇ
3958 1427 3987 1476 ὀ
4031 1424 4141 1475 τῶν

2554 1517 2690 1569 ὅλων
2719 1513 2872 1576 Θεός.
2904 1516 3093 1578 Πιστις
3127 1515 3270 1585 ἀρχὴ
3302 1515 3611 1584 κολλήσεως
3640 1514 3795 1566 Θεοῦ.
3840 1514 3899 1567 Ὀ
3930 1514 4139 1575 τέλειος

2556 1604 2745 1667 πιστὸς
2775 1603 2921 1666 λίθος
2950 1603 3080 1656 ναοῦ
3112 1617 3137 1643 α
3172 1604 3307 1656 Θεοῦ
3345 1606 3579 1677 ῦπάρχει
3624 1604 4035 1674 ἡτοιμασμένος
4062 1606 4141 1665 εἰς

2554 1699 2844 1768 οἰκοδομὴν
2880 1696 3017 1749 Θεοῦ
3059 1697 3290 1763 Πατρὶς.
3337 1697 3746 1765 ἀναφερὸμενος
3786 1698 3865 1759 εἰς
3904 1698 3974 1749 τέι
4004 1696 4139 1763 ὕψη.

875 1786 1118 1856 perl‘ectc
1144 1787 1342 1845 credit.
1368 1787 1505 1855 lapis
1527 1796 1611 1840 est
1634 1786 1822 1855 templi
1849 1786 1967 1848 Dei,
1990 1786 2129 1854 lapis
2152 1796 2237 1838 est
2260 1784 2448 1837 solerti
2484 1800 2527 1858 Β
2554 1790 2637 1843 διὰ

2382 1784 2448 1837 l‘li
2484 1800 2527 1858 Β
2554 1790 2643 1843 διὰ
2675 1794 2773 1861 τῆς
2823 1791 3073 1860 μηχανῆς
3118 1790 3294 1859 Ἰησοῦ
3338 1790 3611 1860 Χριστοῦ’
3658 1791 3686 1842 ὃ
3733 1792 3850 1841 ἐστι
3905 1788 4141 1856 σταυρὸς

875 1889 1141 1948 apparatu
1172 1880 1455 1948 lzevigatus
1479 1889 1535 1933 et
1556 1890 1874 1947 exaequatus
1899 1879 1953 1932 in
1979 1878 2449 1931 substructionem

877 1970 971 2023 Dei
1007 1970 1205 2032 Patris,
1239 1971 1377 2038 lapis
1413 1971 1467 2023 in
1503 1972 1740 2023 sublime
1773 1980 1999 2023 evectus
2032 1970 2285 2023 machina
2318 1986 2445 2037 qua-

878 2063 1023 2129 piam
1065 2062 1376 2115 admirabili
1415 2064 1542 2115 .lesu
1584 2062 1813 2121 Christi,
1844 2077 1966 2129 qua:
2001 2077 2134 2114 crux
2171 2060 2292 2129 ejus
2334 2070 2449 2123 est;

877 2153 1134 2220 praesidio
1167 2155 1390 2223 adjutus
1422 2152 1653 2207 l'uuiculi
1691 2154 1784 2221 qui
1822 2153 2062 2222 Spiritus
2090 2162 2312 2206 sanctus
2343 2162 2447 2205 est.

877 2244 1039 2297 l-‘ides
1082 2244 1350 2307 hominis,
1384 2245 1609 2314 przedux
1650 2245 1775 2298 vitae
1818 2255 1903 2298 est
1950 2263 1963 2293 ι
2003 2244 2257 2298 Charitas
2300 2244 2449 2312 ipsa,

874 2335 961 2389 \ia
1001 2344 1116 2400 est,
1141 2336 1207 2389 ad
1246 2336 1416 2389 Deum
1453 2351 1628 2404 usque
1665 2336 1981 2389 subvehens
2014 2336 2315 2389 hmuinem.
2347 2335 2451 2400 Qui

874 2427 1143 2495 ejusmodi
1183 2434 1291 2489 est,
1320 2426 1686 2495 Theopltorus
1728 2425 1809 2483 ﬁt.
1840 2426 1956 2479 sive
1994 2425 2448 2494 Cbristopborus,

840 2536 847 2543 ί
876 2519 1164 2588 Templum
1197 2519 1424 2587 insuper
1448 2518 1545 2573 Dei
1575 2529 1632 2573 et
1653 2530 1970 2573 sanctorum
2003 2518 2229 2573 sedulus
2256 2518 2454 2571 lustra-

876 2619 965 2660 tor
996 2609 1282 2673 locorum;
1319 2608 1468 2662 nulla
1501 2623 1611 2661 non
1646 2610 1730 2662 sui
1767 2619 1942 2678 parte,
1976 2624 2076 2677 per
2105 2608 2451 2662 observatio-

877 2715 1001 2753 nem
1031 2698 1414 2753 mandatorum
1445 2698 1573 2752 Jcsu
1607 2698 1840 2765 Christi,
1875 2700 2181 2768 perpolitus
2209 2711 2265 2753 et
2292 2701 2454 2752 ador-

874 2798 1060 2843 natus.
1087 2788 1223 2842 Vita:
1254 2789 1408 2858 origo
1437 2795 1521 2842 est
1549 2804 1612 2841 ea
1645 2804 1767 2857 qua:
1796 2804 1896 2857 per
1927 2790 2087 2841 tidem
2118 2797 2173 2841 et
2204 2789 2455 2844 dilectio-

874 2892 1001 2931 nem
1041 2884 1328 2946 operatur,
1361 2878 1450 2931 cui
1492 2876 1627 2930 nihil
1670 2877 2047 2946 auteponitur.
2090 2878 2276 2931 Fidem
2320 2896 2452 2935 sane

874 2969 1108 3024 dixerim
1151 2985 1261 3022 non
1302 2968 1766 3038 qualemcunque,
1800 2969 2103 3039 scd~0perc
2148 2971 2266 3040 ipso
2305 2988 2454 3025 com-

876 3060 1282 3123 mendabilem,
1317 3076 1443 3115 cum
1495 3061 1633 3114 ﬁdes
1671 3061 1791 3113 sine
1834 3062 2097 3128 operibus
2136 3071 2349 3117 mortua
2396 3064 2451 3117 iu

2558 1881 2754 1950 σχοίνῳ
2791 1882 3072 1950 χρώμενος
3120 1879 3198 1949 τῷ
3240 1880 3548 1949 Πνεύματι.
3598 1880 3659 1931 'll
3718 1880 3772 1929 εὶ
3820 1878 4007 1939 πίστις
4046 1880 4141 1931 ἀν-

2556 1967 2788 2038 θρώπου
2834 1967 3089 2036 ἀγωγεύς
3120 1969 3290 2027 ἐστιν,
3326 1971 3358 2038 ἡ
3392 1968 3448 2019 δὲ
3482 1968 3672 2034 ἀγάπη
3701 1967 3818 2029 ὸὸδς
3850 1970 3885 2037 ἡ
3931 1968 4141 2036 ἀναιρέ-

2556 2075 2724 2128 ρουσα
2750 2064 2827 2120 είς
2854 2059 2943 2111 τὸν
2964 2058 3117 2113 Θεόν.
3149 2059 3256 2110 Καὶ
3288 2060 3314 2109 ὁ
3338 2057 3578 2119 τοιοῦτος
3601 2056 3808 2123 γίνεται
3840 2056 4141 2125 θεοφόρος,

2555 2151 2724 2219 ἤγουν
2756 2149 3131 2219 Χριστοφόρος
3168 2150 3262 2201 καὶ
3304 2149 3429 2211 ναὸς
3467 2147 3603 2200 Θεοῦ
3645 2148 3739 2199 καὶ
3787 2146 4141 2214 άγιοδρόμος,

2553 2242 2649 2294 καὶ
2682 2241 2750 2294 τά
2778 2242 2958 2294 πάντα
2984 2241 3404 2308 κεκοσμημένος
3434 2240 3492 2290 ὲν
3524 2241 3646 2300 ταῖς
3678 2237 3921 2298 ἐντολαῖς
3961 2234 4141 2303 Ἰησοῦ

2553 2333 2815 2403 Χριστοῦ.
2842 2333 2950 2384 Καὶ
2983 2331 3127 2401 ἀρχὴ
3155 2330 3300 2399 ζωῆς
3328 2330 3362 2398 ἢ
3396 2329 3484 2381 διὰ
3516 2330 3755 2391 πίστεως
3778 2327 3873 2380 καὶ
3916 2326 4143 2391 ἀγάπης

2554 2430 2633 2489 εἰς
2662 2427 2814 2479 οὐδὲν
2850 2424 3236 2494 προκέκριται.
3284 2420 3445 2474 ’Λλλά
3490 2421 3674 2473 πίστιν
3724 2420 3869 2486 λέγω
3910 2419 4139 2486 ἐνεργῆ,

2552 2517 2675 2570 ἐπεὶ
2714 2517 2748 2586 ἡ
2787 2516 2970 2576 πίστις
3023 2514 3196 2585 χωρὶς
3245 2512 3355 2565 τῶν
3407 2512 3585 2580 ἔργων
3638 2509 3809 2579 νεκρά
3862 2509 3981 2559 ἐστι
4018 2504 4142 2557 καθ’

2554 2611 2775 2680 ἑαυτήν.
2798 2609 2881 2661 Ta
2897 2607 2951 2661 δὲ
2974 2607 3113 2677 ἔργα
3140 2606 3240 2675 τῆς
3263 2603 3498 2667 πίστεως
3529 2603 3698 2660 ἔστιν.
3724 2600 3936 2667 ἀγάπη,
3968 2596 4137 2665 χαρά,

2553 2702 2770 2772 εἰρήνη,
2806 2697 3177 2769 μακροθυμία,
3202 2695 3531 2768 χρηστότης,
3565 2692 3903 2761 ἀγαθοσύνη,
3943 2705 4141 2740 117:2:-

2553 2790 2861 2863 νοφροσύνη
2896 2790 2991 2842 καὶ
3039 2786 3272 2857 αὖχησις
3321 2787 3380 2837 ἐν
3430 2785 3643 2854 Κυρίῳ,
3695 2782 4028 2849 πεποίθησις
4062 2779 4139 2839 εἰς

2552 2883 2707 2948 Θεὸν,
2750 2879 3065 2951 σταυρῶσαι
3111 2878 3211 2947 τὴν
3265 2878 3467 2945 σάρκα,
3516 2874 3577 2927 τὸ
3623 2872 3977 2926 καταπαῦσαι
4028 2869 4142 2923 ἀπὸ

2553 2978 2774 3029 πάντων
2834 2972 2942 3026 τῶν
2996 2972 3193 3040 ἔργων,
3251 2967 3433 3029 καθὼς
3469 2965 3811 3019 κατέπαυσεν
3866 2962 3979 3016 ἀπὸ
4030 2963 4143 3012 τῶν

2559 3066 2704 3119 ἰδίων
2737 3067 2765 3117 ὁ
2792 3063 2946 3127 Θεὸς,
2966 3062 3028 3113 τὸ
3057 3058 3189 3129 ἆραι
3213 3059 3306 3110 τὸν
3331 3060 3563 3126 σταυρὸν
3594 3055 3755 3109 αὐτοῦ
3778 3053 3877 3108 καὶ
3906 3051 4141 3106 ἀκολουο

877 3152 1175 3220 semetipsa
1219 3152 1312 3205 sit.
1343 3150 1523 3220 Opera
1567 3151 1796 3219 proinde
1835 3152 1957 3205 tidei
2003 3153 2162 3207 istius
2200 3165 2455 3223 operato-
2481 3140 2525 3197 ε
2562 3158 2639 3228 οῆι

2379 3140 2525 3209 lo—C
2562 3158 2761 3228 θῆσαι,
2817 3153 3092 3222 πνεύματι
3156 3151 3291 3221 ζῇν,
3350 3148 3663 3218 πνεύματος
3716 3148 3937 3214 τυχεῖν·
4000 3143 4141 3212 αῦτη

880 3243 978 3297 ria:
1009 3256 1140 3295 sunt
1182 3260 1194 3293 :
1241 3243 1502 3307 charitas,
1543 3243 1827 3308 gamlium,
1866 3244 2110 3303 bonitas.
2148 3246 2454 3312 humilitas,

877 3334 1175 3389 exsultatio
1200 3334 1252 3386 in
1280 3334 1531 3395 Ῐὶυιιιίιιο,
1559 3333 1756 3387 tidueia
1785 3351 1913 3403 erga
1942 3335 2140 3401 Deum;
2167 3345 2455 3406 pneterea,

879 3442 1103 3479 carnem
1147 3426 1368 3496 alligere
1409 3426 1591 3489 cruci,
1624 3426 1769 3494 quod
1816 3436 1930 3490 est,
1959 3442 2079 3480 eam
2122 3444 2353 3482 avocare
2396 3445 2461 3483 ac

883 3520 1076 3573 sedare
1117 3520 1187 3574 ab
1226 3520 1485 3573 omnibus
1525 3519 1644 3573 suis
1680 3521 1963 3589 operibus,
1993 3524 2459 3590 quemadmodum

882 3628 914 3667 ει
955 3612 1074 3667 suis
1118 3611 1543 3680 interquievisse
1586 3612 1785 3682 legitur
1822 3613 1966 3667 Deus
2006 3614 2196 3668 tollere
2236 3631 2459 3670 crucem

882 3720 1038 3759 suam
1066 3714 1124 3758 et
1150 3714 1481 3759 sectatorem
1513 3721 1635 3760 esse
1661 3706 1865 3765 crucis,
1890 3705 2039 3774 quod
2068 3715 2173 3769 est,
2200 3707 2462 3775 spiritua-

886 3796 1010 3849 liter
1047 3795 1235 3848 vivere
1275 3813 1287 3847 ι
1324 3795 1473 3865 quod
1508 3797 1553 3848 si
1593 3794 1846 3864 przeducc
1883 3794 2091 3863 Spiritu
2134 3796 2458 3866 ingrederis,

887 3884 1252 3953 imputabitur
1275 3885 1375 3939 tibi
1406 3886 1473 3939 ad
1502 3886 1791 3953 juStitiam.
1829 3886 2040 3954 1027
2074 3885 2198 3940 llaec
2234 3904 2298 3941 ea
2335 3899 2464 3942 sunt

887 3974 1126 4029 ellicacis
1156 3974 1284 4029 [idci
1315 3991 1503 4046 opera.
1538 3976 1643 4043 Qui
1679 3977 1785 4031 lidc
1818 3979 2096 4046 percurrit
2127 3979 2269 4032 viam
2303 3996 2460 4033 mau-

888 4069 1182 4129 datorum,
1228 4068 1513 4123 caelestem
1564 4070 1713 4123 illam
1762 4079 2093 4139 asscquetur
2132 4070 2461 4125 Jerusalem.

890 4158 1057 4213 Planc
1091 4158 1137 4212 si
1170 4157 1335 4213 ﬁdem
1371 4158 1710 4222 habeamus,
1738 4168 1796 4214 et
1829 4161 1882 4213 in
1921 4160 2029 4214 [ide
2062 4176 2284 4225 sumus,
2316 4169 2372 4214 et
2408 4161 2461 4214 iu

886 4250 1081 4304 eadem
1127 4250 1292 4304 solidi
1338 4250 1698 4305 consistimus
1735 4267 1800 4305 ac
1842 4251 2093 4313 stabiles,
2129 4252 2185 4306 in
2229 4252 2464 4306 Domino

890 4341 1123 4412 pulchre
1158 4342 1494 4396 habitamus.
1525 4343 1743 4396 Etenim
1781 4358 1881 4412 per
1916 4344 2243 4412 l‘rophetam
2279 4344 2463 4413 loqui-

892 4445 982 4488 tur
1004 4433 1276 4487 Dominus
1310 4451 1322 4485 :
1363 4453 1380 4484 ι
1414 4433 1569 4488 Oculi
1599 4434 1704 4487 mei
1736 4433 1926 4488 ﬁdeles
1962 4442 2121 4488 terra:
2150 4443 2211 4489 ut
2234 4435 2465 4489 sedeant

890 4540 1107 4579 mecum
1130 4526 1198 4578 ”.
1234 4543 1251 4575 ι
1291 4524 1405 4578 Nec
1438 4522 1600 4578 secus
1624 4524 1926 4578 Jcremias:
1958 4543 1976 4575 σ
2009 4523 2175 4589 Ecce,
2206 4525 2462 4591 Domine,

891 4618 1035 4672 oculi
1082 4618 1159 4671 tui
1211 4617 1518 4686 respiciunt
1557 4616 1809 4670 ﬁdem".
1856 4637 1874 4667 ι
1921 4617 2066 4671 Dicit
2104 4624 2162 4671 et
2206 4618 2405 4672 Petrus

900 4733 916 4762 ι
974 4711 1283 4765 Miuistrate
1331 4709 1386 4762 in
1436 4708 1542 4763 lidc
1589 4719 1769 4763 vestra
1814 4710 2079 4764 virtutem
2122 4719 2177 4764 et
2222 4711 2435 4765 charita

894 4814 1001 4858 tem
1024 4804 1091 4856 “.
1127 4822 1145 4854 ι
1184 4804 1398 4857 Rursus
1437 4820 1449 4854 :
1497 4821 1513 4851 ι
1551 4800 2069 4870 δειροιτειιίίίοιιιιιοε
2099 4802 2467 4871 vosmetipsos

894 4894 948 4948 in
995 4893 1135 4955 ﬁde,
1175 4893 1345 4946 sobrii
1392 4901 1602 4956 estote;
1648 4892 1897 4961 vigilate,
1937 4892 2069 4960 quia
2114 4892 2469 4947 adversarius

894 4990 1077 5036 vester
1130 4982 1385 5035 diabolus
1447 4993 1708 5051 tanquam
1770 4982 1858 5035 lco
1921 4981 2148 5051 rugiens
2211 4983 2469 5037 circumit

894 5089 1155 5143 quaerens
1171 5090 1336 5143 quem
1360 5076 1611 5138 devoret,
1635 5076 1722 5129 cui
1750 5075 1992 5129 resistite
2018 5076 2195 5130 fortes
2223 5078 2329 5131 (ide
2348 5080 2414 5130 ’⁵.
2445 5099 2463 5129 ι

899 5166 965 5219 Et
992 5167 1198 5221 Paulus
1225 5183 1240 5219 :
1278 5185 1296 5216 ι
1330 5168 1388 5220 1η
1414 5182 1526 5236 quo
1552 5182 1677 5221 cum
1708 5167 2076 5231 credideritis,
2105 5169 2306 5237 signati
2334 5170 2468 5224 estis

897 5256 1105 5325 Spiritu
1157 5259 1548 5327 proitiissiouis
1593 5268 1780 5313 sancto
1813 5261 1881 5312 ’⁸.
1932 5280 1949 5310 ι
2004 5260 2210 5313 lterum
2260 5279 2271 5312 :
2335 5280 2353 5312 ι
2409 5262 2467 5316 lu

898 5349 1158 5401 omnibus
1199 5358 1483 5404 sumentes
1520 5358 1736 5405 scutum
1782 5352 1939 5415 iidei,
1978 5353 2033 5406 in
2087 5368 2199 5422 quo
2243 5355 2471 5422 possitis

970 5491 1017 5521 "
1042 5489 1206 5543 Hebr.
1232 5507 1302 5551 χι,
1325 5491 1377 5545 6.

903 5579 955 5619 κ,
980 5562 1035 5613 '5.
1095 5562 1137 5589 ’δ
1163 5560 1202 5614 ll
1232 5561 1375 5615 l‘ctr.
1401 5579 1437 5626 ι,
1463 5562 1515 5614 5.
1593 5563 1674 5615 ’⁵1
1705 5563 1852 5617 l‘etr.
1878 5580 1931 5625 ν,
1954 5563 2006 5626 8,
2031 5563 2085 5615 9.

1455 5492 1497 5522 ¹¹
1523 5493 1689 5546 llebr.
1716 5508 1768 5552 χ.
1794 5493 1882 5547 58.
1909 5492 2040 5545 Fide
2067 5493 2299 5555 scilicet,
2351 5512 2472 5564 qua:
2526 5511 2626 5564 per
2660 5491 3013 5548 dilectionem
3064 5494 3346 5557 operatur.

1463 5562 1515 5614 5.
1593 5564 1635 5591 ’⁵
1660 5563 1674 5615 Ι
1705 5563 1852 5617 l‘etr.
1878 5580 1931 5619 ν.
1954 5563 2006 5619 8.
2031 5563 2085 5615 9.
2160 5565 2204 5594 "‘
2228 5565 2428 5619 Enbes.
2458 5582 2497 5619 ι.
2527 5567 2609 5619 15.

2184 5571 2204 5593 “
2228 5571 2428 5633 pres.
2458 5582 2497 5630 ι,
2527 5571 2609 5619 15.

2558 3247 2944 3317 λογισθήσεται
2979 3244 3060 3306 εἰς
3105 3239 3473 3311 δικαιοσύνην.
3510 3238 3698 3291 Ταῦτά
3740 3238 3856 3288 ἐστι
3901 3236 3971 3287 τὶι
4007 3235 4145 3304 ἔργα

2558 3343 2659 3411 τῆς
2708 3339 2967 3400 πίστεως.
3013 3336 3072 3387 'U
3117 3335 3299 3386 πίστει
3346 3332 3557 3401 τρέχων
3607 3328 3697 3381 διά
3750 3327 3860 3380 τῶν
3909 3325 4146 3378 ἐντολῶν

2560 3433 2712 3486 κάτω
2739 3429 3008 3499 λαμϐάνει
3054 3425 3155 3495 τὴν
3189 3427 3302 3480 ἀνω
3341 3423 3723 3495 Ἰερουσαλήμ.
3766 3420 3896 3474 Ἐὰν
3927 3421 4147 3488 ἔχοιμεν

2562 3526 2767 3587 πίστιν,
2795 3522 2961 3591 ἐσμὲν
2999 3524 3059 3575 ὲν
3094 3522 3161 3589 τῇ
3202 3519 3407 3581 πίστει,
3453 3517 3549 3569 καὶ
3592 3516 3868 3583 στήκομεν
3914 3514 3975 3563 ἐν
4005 3512 4146 3579 αὐτῇ

2561 3616 2786 3687 ἑδραῖοι,
2816 3615 2912 3668 καὶ
2946 3616 3004 3667 ὲν
3038 3613 3228 3683 Κυρίῳ
3269 3608 3632 3677 κατοικοῦμεν
3671 3604 3872 3666 καλῶς.
3914 3602 4061 3672 Φησὶ
4093 3602 4149 3654 δὲ

2562 3708 2660 3762 καὶ
2716 3708 2747 3759 ὁ
2806 3704 3005 3775 Κύριος
3033 3703 3120 3757 διά
3145 3702 3239 3755 τοῦ
3271 3701 3584 3770 Προφήτουο
3614 3698 3715 3749 «Oi
3737 3694 4015 3764 ὀφθαλμοί
4044 3710 4147 3762 μου

2563 3800 2655 3853 ἐπὶ
2704 3798 2833 3861 τοὺς
2864 3796 3091 3858 πιστοὺς
3116 3794 3217 3863 τῆς
3238 3793 3363 3862 γῆς,
3387 3790 3482 3844 τοῦ
3516 3787 3896 3857 συγκαθῆσθαι
3943 3785 4152 3847 αὐτοὺς

2567 3891 2685 3961 μετ’
2713 3890 2868 3961 ἐμοῦ.
2895 3907 2914 3940 ι
2958 3888 3190 3957 Ὁμοίως
3214 3885 3310 3938 καὶ
3333 3887 3361 3937 ὁ
3392 3883 3682 3955 Ἰερεμίαςο
3709 3898 3728 3932 t
3762 3879 3918 3943 Ἰδοὺ,
3945 3876 4149 3947 Κύριε,

2562 3984 2613 4036 οἱ
2645 3980 2920 4051 ὀφθαλμοί
2956 3997 3050 4032 σου
3082 3979 3163 4040 είς
3191 3976 3396 4028 πίστιν.
3436 3994 3454 4026 ι
3490 3972 3720 4039 Λέγειδὲ
3738 3971 3832 4023 καὶ
3861 3973 3890 4023 ὁ
3914 3970 4150 4037 Πέτρος.

2571 4094 2589 4125 ε
2625 4073 2986 4143 Χορηγήσατε
3037 4071 3095 4120 ὲν
3141 4070 3208 4139 τῇ
3244 4066 3425 4119 πίστει
3456 4064 3611 4133 ὑμῶν
3651 4062 3750 4132 τὴν
3791 4060 4019 4131 ἀρετὴν,
4054 4059 4154 4127 τὴν

2565 4166 2786 4235 ἀγάπην
2808 4180 2824 4196 ο
2860 4181 2878 4214 ι
2912 4164 3004 4215 καὶ
3037 4158 3214 4223 αὖθις,
3245 4178 3263 4209 ‹
3303 4153 3818 4223 Ἐποικοδομοῦντες
3856 4154 3915 4203 ὲν
3954 4154 4027 4220 τῇ
4060 4150 4152 4202 πί-

2567 4274 2708 4322 στει,
2736 4256 2965 4327 νήψατε,
2998 4252 3410 4325 γρηγορήσατε,
3442 4250 3524 4302 ὅτι
3552 4245 3822 4306 ἀντίδικος
3849 4241 4011 4312 ὑμῶν
4035 4242 4153 4294 διά-

2567 4347 2741 4411 ϐελος,
2778 4344 2855 4407 ὡς
2899 4344 3038 4397 λέων
3072 4341 3384 4412 ὠρυόμενος
3429 4337 3743 4407 περιπατεῖ,
3788 4332 3972 4403 ζητῶν
4026 4330 4151 4383 τίνα

2497 4469 2540 4525 D
2568 4435 2838 4507 xaraain'
2883 4427 2929 4502 ᾧ
2969 4432 3257 4502 ἀντίστητε
3306 4429 3519 4501 στερεοὶ
3538 4430 3608 4498 τῇ
3640 4426 3823 4477 πίστει
3845 4424 3946 4525 ιι..)
3982 4423 4155 4525 Καὶὲ

2571 4529 2813 4591 Παῦλος,
2863 4546 2881 4579 ι
2932 4527 3022 4578 Ἐν
3069 4518 3113 4592 ᾧ
3172 4522 3565 4583 πιστεύσαντες
3614 4516 4027 4589 ἐσφραγίσθητε
4076 4514 4157 4582 τῷ

2569 4618 2854 4687 ῐῐνεύματι
2898 4615 2996 4685 τῆς
3038 4611 3372 4681 ἐπαγγελίας
3413 4609 3491 4678 τῷ
3537 4609 3697 4675 ἁγιῳ.
3731 4625 3749 4655 ι
3798 4605 3910 4658 Kal.
3953 4604 4155 4656 πάλιν·

2577 4729 2596 4761 ε
2640 4710 2766 4761 Ἐπὶ
2800 4708 2967 4759 πᾶσιν
3008 4701 3373 4763 ἀναλαϐόντες
3407 4700 3500 4751 τὸν
3535 4696 3731 4768 θυρεὸν
3748 4695 3847 4765 τῆς
3879 4694 4119 4757 πίστεως
4140 4710 4153 4722 ·

2572 4806 2631 4857 ὲν
2662 4795 2706 4870 ᾧ
2731 4798 3024 4870 δυνήσεσθε
3056 4796 3233 4849 πάντα
3269 4794 3336 4845 τὰ
3373 4790 3501 4861 βέλη
3539 4789 3635 4843 τοῦ
3665 4785 3919 4857 Πονηροῦ
3954 4787 4028 4838 τά
4058 4802 4156 4837 πε-

2574 4892 2875 4964 πυρωμένα
2912 4888 3128 4942 σϐέσαι.
3158 4907 3174 4938 ι
3205 4884 3316 4939 Καὶ
3347 4879 3525 4945 αὖθις
3554 4901 3573 4932 ι
3604 4882 3761 4933 Ἐστι
3793 4878 3985 4940 πίστις
4013 4878 4159 4929 ὲλπιο

2575 4986 2817 5055 ζομένων
2849 4982 3165 5041 ὑπόστασις.
3208 4979 3297 5031 Ἐν
3326 4975 3499 5046 ταύτῃ
3530 4975 3578 5014 δ’
3610 4973 3719 5041 γάρ
3763 4968 4159 5041 ἐμαρτυρήθη-

2580 5097 2676 5131 σαν
2724 5077 2774 5128 οἱ
2833 5072 3216 5143 πρεσϐύτεροι.
3281 5068 3439 5123 Κατὰ
3489 5067 3674 5119 πίστιν
3727 5063 3835 5134 γὰρ
3885 5061 4158 5115 ἀπέθανον

2574 5164 2721 5222 οὗτοι
2752 5166 2973 5227 πάντες.
3005 5181 3023 5214 ι
3074 5163 3187 5214 Καὶ
3224 5161 3388 5214 πάλιν
3409 5172 3425 5188 ⁶
3482 5177 3501 5209 ι
3534 5153 3895 5223 Δικαιοσύνην
3934 5152 3993 5205 δὲ
4022 5149 4157 5203 Θεοῦ

2571 5262 2658 5315 διὰ
2672 5261 2914 5319 πίστεως
2938 5256 3015 5317 εἰς
3035 5253 3243 5316 πάντας
3263 5253 3390 5314 τοὺς
3412 5246 3786 5309 πιστεύοντας.
3802 5264 3819 5297 ι
3850 5244 3963 5297 Καὶ
3980 5239 4155 5303 αὖθις,

2580 5376 2598 5407 ι
2611 5355 2727 5407 Ἰνα
2751 5349 2851 5421 τὴν
2864 5345 3200 5416 ἐπαγγελίαν
3222 5342 3317 5398 τοῦ
3334 5342 3651 5412 Πνεύματος
3667 5337 3930 5406 λάϐωμεν
3950 5334 4039 5388 διὰ
4059 5332 4157 5400 τῆς

3422 5487 3465 5516 ”
3487 5484 3628 5539 Psal.
3653 5500 3683 5537 c
3712 5525 3726 5546 ,
3750 5482 3804 5536 6.

3884 5481 3931 5509 "
3951 5478 4157 5533 Jereiu.

2195 5673 2426 5728 \‘ARIJZ
2460 5670 2856 5729 LECTIONES.

982 5774 997 5798 ³
1035 5763 1175 5822 ναός.
1255 5764 1481 5831 ι’στεροι
1534 5767 1597 5834 τῇ
1656 5764 1850 5816 πίστει.
1930 5766 1983 5802 δ’
2021 5765 2175 5845 αὐτῇ.
