4462 6440
308 394 439 459 1433
1465 412 1793 481 HOMILIA
1835 414 1886 473 Ι.
1925 439 1994 447 -
2035 416 2070 474 Ε

1835 414 1886 473 Ι.
1925 439 1994 447 -
2035 416 2131 475 DE
2168 417 2368 478 FIDE.
3429 419 3565 483 1434

303 511 556 574 πίστεως.
600 531 617 563 ι
652 515 763 567 Καὶ
782 516 1039 585 ἀλλαχοῦ,
1083 537 1100 567 ι
1133 520 1240 573 Καὶ
1263 520 1583 576 ὲπίστευσεν
1632 525 1882 592 Ἀϐραὰμ
1914 529 1955 582 Α
1982 543 2065 581 om

1805 526 1882 592 ἀμ
1914 529 1955 582 Α
1982 530 2168 583 omnia
2200 530 2309 585 tela
2341 532 2665 600 nequissimi
2697 534 2856 603 ignea
2888 535 3244 603 exstinguere
3264 535 3329 586 ⁸⁷.
3365 553 3382 585 ι
3425 534 3563 587 Ilur.

299 604 375 672 τῷ
405 604 550 675 θεῷ,
581 608 675 659 καὶ
700 607 954 680 ἐλογίσθη
985 611 1137 681 αὑτῴ
1180 614 1259 675 εἰς
1293 613 1664 685 δικαιοσύνην.
1698 616 1788 687 Τῷ
1826 618 1883 671 δὲ
1985 634 2061 673 su:

1826 618 1883 671 δὲ
1985 634 2081 674 sus
2118 636 2133 675 :
2186 639 2204 673 ι
2245 621 2410 679 Fides
2445 632 2532 678 est
2564 626 2967 694 sperandarum
3006 624 3315 679 substantia
3355 641 3561 679 rerum.

304 697 376 767 μὴ
409 697 783 769 ἐργαζομένῳ,
817 701 1124 756 πιστεύοντι
1171 703 1229 757 δὲ
1283 706 1376 759 ἐπὶ
1420 706 1513 759 τὸν
1568 706 1884 762 δικαιοῦντα
1984 711 2045 766 In

1800 726 1884 762 ιτα
1984 711 2045 766 lu
2072 711 2174 766 hac
2200 714 2349 768 enim
2382 715 2765 769 testimonium
2795 715 3085 771 consecuti
3117 723 3248 768 sunt
3270 714 3521 768 seniores
3550 733 3562 767 :

299 789 387 839 τὸν
413 789 611 858 ἀσεϐῆ,
632 791 905 859 λογίζεται
927 796 961 863 ή
990 794 1172 857 πίστις
1198 796 1345 866 αὑτῴ
1367 800 1446 858 εἰς
1472 798 1877 870 δικαιοσύνην.»
1980 801 2061 871 jtu

1807 818 1877 855 ν.»
1980 801 2137 871 juxta
2164 802 2325 857 Iidem
2349 803 2501 857 enim
2525 803 2775 859 defuncti
2803 814 2931 859 sunt
2955 820 3151 859 omnes
3174 804 3230 858 hi
3254 804 3319 860 ”.
3356 822 3373 854 ι
3406 803 3569 857 Item-

297 879 407 931 Καὶ
438 880 668 948 ἐπάγει·
699 901 718 934 ι
751 883 849 935 Διὰ
870 883 1030 936 τοῦτο
1055 885 1118 936 ἐκ
1147 886 1404 952 πίστεως,
1437 889 1524 941 ἵνα
1557 890 1701 943 κατὰ
1726 892 1885 960 χάριν

296 962 350 1038 ᾖ,
383 970 465 1023 είς
496 971 557 1022 τδ
592 966 731 1025 εἶναι
782 973 1009 1043 βεϐαίαν
1042 978 1205 1030 παντὶ
1245 978 1324 1049 τῷ
1360 980 1666 1050 σπέρματι,
1714 983 1775 1035 οὑ
1806 982 1885 1054 τῷ

299 1061 362 1110 ἐκ
392 1059 562 1129 νόμου
598 1063 779 1133 μόνον,
830 1066 966 1119 ἀλλὰ
1000 1069 1094 1120 καὶ
1121 1069 1199 1139 τῷ
1244 1072 1307 1123 ὲκ
1338 1072 1575 1136 πίστεως
1615 1073 1881 1146 Ἁϐραάμ.

297 1149 410 1236 (line
444 1152 662 1222 ἐγράφη
690 1155 749 1207 δὲ
776 1155 842 1207 δι’
873 1158 1037 1210 αὑτὸν
1088 1160 1269 1228 μόνον,
1309 1161 1447 1215 ἀλλὰ
1496 1165 1591 1217 καὶ
1617 1165 1683 1218 δι’
1710 1168 1881 1236 ἡμᾶς,

296 1233 377 1302 οἷς
408 1242 599 1309 μέλλει
630 1244 940 1312 λογίζεσθαι
969 1252 1083 1313 τοῖς
1130 1252 1477 1308 πιστεύουσιν
1510 1256 1601 1308 ἐπὶ
1648 1258 1738 1311 τὸν
1774 1259 1885 1311 K6-

301 1346 413 1399 ριον
451 1332 612 1403 ἡμῶν
655 1337 863 1406 Ἰησοῦν
908 1342 1161 1412 Χριστόν.
1224 1346 1624 1412 Δικαιωοέντες
1684 1346 1777 1403 οῦν
1821 1354 1885 1405 ἐκ

297 1422 534 1486 πίστεως
563 1427 786 1499 εἰρήνην
819 1430 1017 1501 ἔχομεν
1063 1434 1198 1504 πρὸς
1226 1435 1317 1487 τὸν
1352 1438 1485 1491 Θεὸν
1508 1441 1607 1494 διὰ
1640 1442 1738 1495 τοῦ
1772 1444 1885 1496 Κυ-

298 1513 412 1583 ρίου
431 1515 595 1585 ἡμῶν
644 1520 818 1589 Ἰησοῦ
858 1524 1117 1593 Χριστοῦ.
1152 1545 1169 1576 ι
1206 1529 1316 1581 Ka‘t
1345 1531 1622 1601 Τιμοθέῳο
1662 1552 1679 1583 ι
1710 1536 1881 1589 Δίωκε

293 1603 671 1679 δικαιοσύνην,
706 1614 907 1677 πίστιν,
939 1616 1183 1686 ἀγάπην,
1231 1622 1457 1691 εἰρήνην
1494 1625 1635 1690 μετὰ
1667 1626 1884 1680 πάντων

292 1696 399 1748 τῶν
430 1700 884 1773 ἐπικαλουμένων
915 1706 1005 1759 τὸν
1034 1709 1262 1778 Κύριον.
1294 1731 1313 1765 ι
1352 1714 1484 1766 Καί·
1528 1735 1545 1765 ι
1575 1716 1757 1786 Χωρίς
1789 1719 1882 1770 πί-

295 1806 466 1853 στεως
497 1792 764 1848 ἀδύνατον
788 1796 1152 1869 εὐαρεστῆσαι
1176 1801 1315 1872 Θεῷ.
1347 1823 1366 1855 ι
1395 1805 1550 1859 Καὶό
1590 1807 1841 1877 Ἰώαννης
1864 1826 1879 1841 ·

299 1898 317 1929 ‹
343 1879 497 1950 Δὺτη
562 1884 712 1937 ἐστὶν
754 1887 992 1959 ήέντολὴ
1036 1890 1240 1955 αὑτοῦ,
1289 1894 1375 1947 ἵνα
1422 1898 1769 1966 πιστεύωμεν
1806 1899 1883 1970 τῷ

292 1968 515 2038 ὀνόματι
549 1982 572 2009 ο
604 1973 699 2027 τοῦ
760 1974 892 2029 Υἰοῦ
933 1978 1101 2033 αὑτοῦ
1145 1980 1319 2051 Ἰησοῦ
1366 1984 1623 2054 Χριστοῦ,
1666 1988 1759 2040 καὶ
1798 1989 1883 2043 ἵνα

293 2063 644 2127 πιστεύοντες
692 2065 839 2136 ζωὴν
891 2068 1109 2124 αἰώνιον
1166 2072 1349 2142 ἔχητε.
1391 2093 1411 2126 ι
1470 2076 1528 2128 'U
1574 2078 1628 2131 δὲ
1676 2081 1882 2151 Κύριος

292 2152 450 2219 ἡμῶν
486 2154 702 2225 Ἰησοῦς
737 2158 971 2228 Χριστὸς
1003 2164 1031 2215 ὁ
1057 2162 1313 2233 ἀληθινὸς
1342 2166 1498 2235 ⁴ήμῶν
1526 2170 1658 2232 Θεός
1693 2189 1879 2239 φησιν,

297 2263 314 2294 ι
350 2244 409 2297 ’0
431 2248 708 2303 πιστεύων
739 2252 819 2315 εἰς
850 2252 972 2323 ἐμὲ,
1002 2257 1238 2325 ποταμοὶ
1263 2259 1326 2310 ὲκ
1349 2258 1447 2327 τῆς
1477 2262 1683 2325 κοιλίας
1712 2264 1879 2315 αὑτοῦ

295 2337 584 2406 ῥεύσουσιν
614 2340 806 2405 ὓδατος
846 2343 1067 2409 ζῶντος.
1120 2348 1290 2402 Τοῦτο
1320 2350 1377 2403 δὲ
1428 2351 1581 2418 ἔλεγε
1628 2357 1757 2423 περὶ⁸
1785 2357 1879 2409 τοῦ

291 2428 635 2499 Πνεῦματος,
672 2429 733 2487 οὗ
760 2435 993 2505 ἤμελλον
1021 2438 1321 2509 λαμϐάνειν
1347 2444 1397 2495 οἱ
1426 2445 1778 2510 πιστεύοντες
1800 2450 1880 2512 εἰς

288 2519 471 2575 αὐτόν.
514 2541 533 2573 ι
568 2524 673 2576 Καὶ
702 2526 887 2579 πάλιν·
923 2546 943 2580 ι
972 2530 1070 2593 Τις
1104 2530 1211 2599 ἄρα
1245 2531 1393 2585 ἐστὶν
1419 2535 1449 2586 ὁ
1478 2536 1669 2599 πιστὸς
1692 2536 1880 2600 δοῦλος

289 2611 378 2663 καὶ
401 2613 712 2682 φρόνιμος;
748 2636 766 2668 ι
806 2620 901 2671 καὶ
920 2619 1058 2689 ἄλλῃ
1090 2620 1140 2659 ιι·
1180 2640 1198 2673 ι
1226 2621 1288 2675 'll
1321 2623 1507 2686 πίστις
1538 2642 1631 2680 σου
1670 2627 1877 2681 σέσωκέ

289 2719 369 2764 σε,
408 2705 648 2773 πορεύου
681 2708 763 2771 είς
788 2709 1036 2782 εἰρήνην.
1072 2732 1090 2763 ι
1126 2714 1237 2766 Καὶ
1262 2716 1328 2783 τῇ
1360 2716 1560 2787 Μάρθα⁵
1585 2731 1598 2745 ·
1634 2735 1652 2767 ι
1699 2718 1758 2770 '0
1784 2735 1877 2771 m~

289 2796 498 2848 στεύων
544 2798 626 2860 είς
650 2798 788 2867 ἐμὲ,
828 2800 933 2854 κᾶν
970 2802 1240 2874 ἀποθάνῃ,
1290 2804 1535 2874 ζήσεται.
1574 2825 1592 2857 ι
1631 2807 1738 2860 Καὶ
1766 2810 1878 2871 τοῖς

291 2886 586 2957 μαθηταῖς,
626 2907 645 2938 ι
673 2890 849 2961 Ἀμὴν
895 2891 1042 2961 λέγω
1078 2895 1230 2962 ὑμῖν,
1274 2896 1303 2947 ὁ
1344 2895 1616 2949 πιστεύων
1643 2900 1725 2962 είς
1752 2899 1872 2969 ἐμὲ,

284 2976 351 3029 τὰ
382 2978 526 3048 ἔργα
561 2978 596 3032 ἃ
630 2979 741 3048 ἐγὼ
772 2983 912 3035 ποιῶ
959 2983 1209 3047 κάκεῖνος
1242 2986 1483 3055 ποιήσει,
1514 2991 1610 3041 καὶ
1650 2990 1874 3058 μείζονα

284 3065 491 3120 τούτων
522 3070 763 3139 ποιήσει.
794 3090 814 3122 ι
863 3072 1010 3125 Καί·
1048 3092 1067 3124 ι
1112 3072 1168 3126 '0
1200 3075 1474 3129 πιστεύων
1504 3080 1583 3141 εἰς
1610 3080 1733 3146 ἐμὲ.
1761 3080 1873 3149 ἔχει

1985 908 2094 962 que
2137 911 2151 947 :
2197 913 2216 946 ι
2257 895 2536 951 Justitiam
2579 906 2766 952 autem
2806 898 2903 952 Dei
2944 914 3044 969 per
3080 897 3243 951 ﬁdem
3286 895 3340 949 iu
3379 910 3571 950 omnes

1985 983 2080 1053 qui
2110 984 2370 1050 credunt,
2397 996 2457 1041 ut
2488 988 2916 1057 promissionem
2949 989 3290 1058 accipiamus
3323 985 3570 1055 Spiritus

1985 1090 2083 1144 per
2124 1077 2288 1131 ﬁdem
2310 1078 2378 1131 ”.
2421 1097 2439 1130 ι
2489 1080 2555 1134 Ει
2595 1097 2608 1133 :
2659 1100 2677 1131 ι
2727 1078 2978 1134 Credidit
3019 1078 3296 1133 Abraham
3334 1078 3479 1139 Deo,
3510 1084 3570 1129 et

1988 1163 2429 1237 reputatum'est
2466 1170 2517 1224 ei
2558 1170 2627 1225 ad
2665 1170 2938 1242 justitiam
2983 1187 2997 1223 :
3041 1170 3107 1223 Ei
3146 1184 3281 1223 vero
3320 1167 3415 1238 qui
3458 1181 3565 1221 non

1986 1267 2285 1327 oneratur,
2335 1262 2585 1316 credenti
2635 1272 2823 1317 autem
2874 1262 2930 1317 in
2976 1276 3106 1316 eum
3158 1261 3256 1331 qui
3298 1259 3567 1331 justiﬁcat

1987 1350 2241 1419 impium,
2277 1354 2584 1421 imputatur
2627 1355 2763 1409 ﬁdes
2801 1355 2867 1408 ad
2902 1353 3177 1424 justitiam
3202 1353 3270 1406 ⁸⁸,
3312 1371 3330 1404 ι
3380 1352 3568 1419 Itaque

1988 1442 2201 1497 inducit
2256 1461 2268 1495 :
2330 1463 2348 1494 ι
2404 1445 2637 1514 Propter
2684 1446 2792 1499 hoc
2840 1463 2906 1500 ex
2962 1446 3102 1510 ﬁde,
3150 1454 3210 1499 ut
3256 1442 3566 1498 secundum

1985 1534 2217 1605 gratiam
2252 1534 2410 1590 ﬁrma
2440 1548 2589 1592 esset
2616 1537 2913 1606 promissio
2940 1537 3090 1590 otuni
3124 1536 3345 1597 semini,
3377 1550 3487 1588 non
3514 1533 3565 1587 ei

1984 1626 2080 1695 qui
2120 1641 2189 1680 ex
2227 1626 2346 1697 lege
2384 1639 2471 1684 est
2506 1630 2717 1687 solum.
2752 1629 2849 1683 sed
2894 1637 2951 1683 et
2993 1628 3042 1682 ei
3086 1628 3182 1697 qui
3226 1643 3293 1679 ex
3338 1625 3445 1680 ﬁde
3480 1634 3569 1680 est

1983 1717 2244 1774 Abrahae.
2279 1720 2401 1774 Non
2439 1732 2526 1775 est
2567 1732 2752 1776 autem
2794 1721 3064 1790 scriptum
3110 1729 3341 1789 prepter
3382 1718 3566 1786 ipsum

1986 1809 2200 1875 solum,
2231 1811 2328 1865 sed
2365 1812 2535 1866 etiam
2574 1820 2802 1881 pr0pter
2833 1828 2936 1866 nos
2968 1811 3176 1881 quibus
3214 1808 3566 1876 reputabitur

1985 1899 2347 1955 credentibus
2364 1900 2417 1955 in
2441 1902 2735 1957 Dominum
2759 1909 3010 1955 nostrqu
3031 1900 3217 1954 Jesum
3239 1898 3521 1953 Christum
3548 1914 3561 1950 :

1983 1992 2279 2048 Justiﬁcati
2310 1993 2476 2064 igitur
2499 2009 2564 2049 ex
2599 1993 2725 2056 ﬁde,
2752 2008 2941 2063 pacem
2970 1992 3278 2045 habeamus
3297 1989 3364 2044 ad
3392 1990 3564 2043 Deum

1984 2101 2081 2155 per
2112 2086 2405 2139 Dominum
2443 2095 2693 2139 nostrum
2724 2085 2910 2140 .lcsum
2946 2082 3233 2137 Christum
3258 2081 3325 2134 ".
3365 2099 3381 2131 ι
3428 2079 3564 2133 Item

1984 2178 2282 2231 Timotheo
2320 2195 2332 2229 :
2371 2196 2389 2227 ι
2422 2178 2649 2231 Sectare
2677 2176 2971 2247 justitiam,
3000 2175 3184 2235 Iidem,
3212 2173 3562 2237 charitatem,

1982 2285 2173 2337 pacem
2213 2285 2338 2323 cum
2378 2270 2640 2322 omnibus
2678 2269 2773 2337 qui
2814 2269 3080 2324 invocant
3119 2267 3412 2321 Dominum
3435 2265 3499 2318 ³¹.
3540 2283 3556 2314 ι

1981 2360 2049 2413 Et
2088 2378 2100 2412 :
2149 2378 2166 2409 ι
2215 2360 2345 2414 Sine
2385 2359 2491 2414 ﬁde
2532 2360 2875 2429 impossibile
2912 2369 2999 2414 est
3038 2359 3258 2429 placere
3298 2358 3413 2411 Deo
3432 2357 3500 2410 ³³.
3537 2374 3556 2408 ι

1977 2452 2219 2507 Joannes
2248 2452 2554 2506 etiamnum
2592 2470 2607 2505 :
2651 2471 2668 2502 ι
2710 2452 2825 2507 lloc
2860 2459 2945 2506 est
2977 2451 3297 2505 mandatum
3331 2449 3475 2518 ejus,
3502 2455 3564 2500 ut

1978 2543 2274 2597 credamus
2316 2542 2372 2596 in
2409 2542 2636 2598 nomine
2669 2542 2792 2598 Filii
2827 2544 2949 2614 ejus
2977 2543 3105 2598 Jesu
3143 2541 3379 2603 Christi.
3411 2550 3468 2595 et
3501 2549 3563 2593 ut

1978 2634 2302 2701 credentes,
2331 2635 2497 2691 vitam
2536 2645 2801 2691 aeternam
2845 2636 3099 2690 habeatis
3125 2635 3191 2689 ”.
3230 2653 3249 2686 ι
3292 2632 3562 2689 Dominus

1978 2733 2165 2779 autem
2205 2735 2417 2789 noster,
2448 2727 2611 2781 Jcsus
2650 2726 2907 2781 Christus
2945 2726 3040 2795 qui
3084 2740 3251 2780 verus
3289 2733 3375 2780 cst
3415 2724 3564 2777 Deus

1977 2825 2190 2881 noster,
2218 2816 2298 2870 ait
2329 2833 2344 2870 :
2384 2834 2403 2867 ι
2434 2815 2539 2883 Qui
2571 2816 2753 2870 credit
2784 2817 2840 2870 in
2872 2832 2981 2880 me,
3012 2815 3237 2869 ﬂumina
3267 2814 3336 2868 de
3367 2821 3560 2866 ventre

1976 2905 2098 2974 ejus
2127 2904 2302 2960 ﬁuent
2327 2921 2486 2975 aqua:
2512 2909 2674 2972 viva),
2708 2906 2815 2961 hoc
2848 2916 3033 2960 autem
3074 2905 3296 2959 dicebat
3330 2904 3398 2957 de
3433 2902 3559 2971 Spi-

1977 2994 2089 3049 ritu
2129 3011 2293 3065 quem
2332 2996 2618 3067 accepturi
2659 3005 2817 3051 erant
2854 2997 3148 3052 credentes
3187 2996 3241 3049 in
3281 3010 3410 3049 cum
3434 2996 3499 3046 ³⁸.
3531 3013 3551 3046 ι

1976 3085 2191 3141 Rursus
2229 3086 2374 3141 idem
2419 3104 2435 3141 :
2485 3107 2505 3139 ι
2548 3086 2687 3155 Quis
2729 3098 2891 3159 putas
2931 3089 3110 3143 ﬁdelis
3151 3098 3237 3143 est
3274 3102 3467 3141 servus
3502 3094 3559 3140 et

286 3155 430 3227 ζωὴν
456 3157 732 3214 αἰώνιον.»
764 3163 873 3215 Καὶ
897 3162 1074 3225 αὖθις*
1110 3182 1128 3214 ι
1155 3165 1449 3219 Πιστεύετε
1480 3167 1560 3229 εἰς
1594 3167 1685 3219 τὸν
1712 3167 1869 3232 Θεὸν,
1898 3191 1944 3251 c
1977 3192 2048 3246 pri

1795 3168 1869 3232 δν,
1898 3191 1944 3251 ς
1977 3177 2219 3246 prudens
2244 3179 2323 3232 “'2
2366 3198 2385 3230 ι
2423 3179 2565 3234 Aliis
2605 3155 2829 3250 quoque
2865 3181 3004 3235 dixit
3043 3198 3056 3234 :
3111 3199 3130 3231 ι
3173 3180 3335 3235 Fides
3374 3189 3465 3233 tua
3506 3190 3557 3232 te

284 3246 378 3299 καὶ
406 3249 488 3311 εἰς
522 3248 624 3317 ἐμὲ
649 3250 957 3306 πιστεύετε.
1001 3271 1019 3302 ι
1075 3252 1303 3315 Ἰκανῶς
1350 3254 1552 3321 τοίνυν,
1594 3255 1669 3319 ὡς
1694 3251 1870 3325 οἶμαι,

286 3338 642 3409 παρεθέμεθα
663 3341 764 3404 τὰς
782 3344 855 3395 ἐκ
882 3342 991 3396 τῶν
1026 3344 1188 3396 θείων
1218 3344 1452 3414 Γραφῶν
1478 3347 1605 3416 περὶ
1638 3348 1873 3409 πίστεως

288 3429 594 3500 μαρτυρίας
618 3445 632 3459 ⁸
671 3433 855 3484 πίστιν
901 3433 958 3485 δὲ
990 3433 1223 3505 λέγομεν
1266 3435 1365 3505 τὴν
1401 3436 1481 3498 είς
1512 3438 1729 3508 Πατέρα
1777 3440 1872 3492 καὶ

283 3518 408 3572 Ti?»
441 3520 539 3573 καὶ
578 3521 732 3589 ἅγιον
758 3523 1009 3593 Πνεῦμα,
1030 3523 1130 3595 τὴν
1160 3525 1445 3594 ὀμοούσιον
1475 3527 1569 3578 καὶ
1609 3529 1872 3592 ζωοποιὸν

283 3610 488 3682 Τριὰδα
516 3612 955 3685 ἀναφερομένην,
982 3616 1062 3677 είς
1078 3615 1145 3686 ἧν
1168 3617 1262 3669 καὶ
1286 3618 1640 3687 πιστεύομεν.
1675 3618 1870 3688 ’Δναγο

285 3707 431 3757 καῖον
474 3703 536 3757 δὲ
589 3705 811 3768 καὶτὰς
839 3706 968 3777 περὶ
1011 3706 1203 3761 τούτου
1252 3712 1478 3779 χρήσεις
1521 3711 1618 3765 καὶ
1657 3729 1867 3781 μαρτυ-

284 3793 403 3863 ρίας
429 3796 538 3864 τῆς
568 3795 722 3857 θείας
751 3796 979 3866 Γραφῆς
1020 3798 1364 3870 παραθέσθαι
1400 3801 1539 3871 πρὸς
1590 3803 1869 3873 φωτισμὸν

280 3886 386 3936 τῶν
416 3885 884 3953 ἐντυγχανόντων.
919 3887 1020 3941 Διὰ
1058 3889 1241 3959 πάσης
1269 3893 1451 3944 τοίνυν
1490 3890 1592 3959 τῆς
1630 3891 1868 3962 θεολογι·

282 3973 383 4042 κῆς
411 3976 806 4046 πραγματείας
828 3976 930 4047 τὴν
953 3977 1215 4051 θεαρχιαν
1236 3980 1455 4051 ὁρῶμεν
1480 3981 1639 4051 ίερῶς
1668 3985 1867 4053 ὑμνου-

284 4066 474 4135 μένην,
511 4066 589 4129 ὡς
616 4068 821 4137 μονάδα
857 4070 958 4139 μὲν
999 4071 1094 4123 καὶ
1126 4072 1291 4125 ἐνάδα
1317 4072 1408 4125 διὰ
1448 4074 1550 4142 τὴν
1588 4074 1868 4145 ἁπλότητα

281 4154 373 4205 καὶ
398 4156 630 4226 ἑνότητα
654 4157 754 4226 τῆς
790 4159 1105 4230 ὑπερφυοῦς
1140 4161 1427 4232 ἀμερείας,
1457 4163 1518 4227 ἐξ
1547 4158 1613 4235 ἥς
1642 4163 1719 4227 ὡς
1752 4168 1867 4218 ἐνο-

282 4244 436 4297 ποιοῦ
470 4245 757 4316 δυνάμεως
801 4248 1129 4319 ἑνιζόμεθα·
1174 4250 1250 4314 ὡς
1305 4253 1512 4322 Τριάδα
1540 4254 1598 4307 δὲ
1637 4255 1727 4309 διὰ
1766 4256 1867 4326 τὴν

279 4337 711 4406 τρισυπόστατον
739 4339 836 4408 τῆς
867 4341 1190 4413 ὑπερουσίου
1224 4345 1579 4415 γονιμότητος
1605 4346 1863 4416 ἔμφασιν.

280 4430 453 4484 Τοῦτο
484 4426 579 4485 οῦν
619 4449 803 4501 φαμεν
850 4434 928 4498 ὡς
976 4435 1155 4489 πάντα
1192 4436 1263 4489 τὰ
1300 4435 1571 4509 θεαρχικὰ
1622 4440 1864 4509 ὀνόματα

1974 3268 2179 3322 salvam
2213 3269 2363 3333 fecit.
2382 3270 2521 3325 vade
2550 3271 2604 3325 in
2638 3287 2770 3341 pace
2791 3274 2857 3326 ³⁷.
2884 3292 2902 3323 ι
2941 3272 3165 3326 Martha:
3193 3273 3321 3325 item
3353 3288 3366 3325 :
3404 3290 3421 3321 ι
3452 3270 3556 3337 Qui

1972 3360 2151 3412 credit
2196 3360 2250 3414 in
2298 3376 2414 3424 me,
2456 3361 2676 3417 etiamsi
2725 3372 2980 3417 mortuus
3022 3362 3221 3426 fuerit,
3254 3362 3490 3416 vivet".
3531 3381 3549 3412 ι

1972 3448 2275 3519 Discipulis
2302 3452 2379 3504 ait
2408 3470 2421 3505 :
2460 3471 2477 3503 ι
2514 3452 2710 3515 Amen,
2743 3468 2903 3507 amen
2935 3451 3060 3506 dico
3091 3452 3270 3517 vobis,
3297 3453 3391 3522 qui
3430 3467 3556 3506 cre-

1971 3541 2115 3596 didit
2154 3542 2209 3597 in
2250 3559 2358 3608 me,
2380 3560 2552 3615 opera
2583 3561 2705 3615 qua:
2737 3559 2839 3615 ego
2867 3544 3011 3599 facio
3038 3552 3095 3599 ct
3125 3545 3216 3600 ille
3246 3545 3409 3599 faciet
3429 3546 3495 3598 ”.
3528 3564 3547 3596 ι

1971 3634 2039 3689 Ει
2068 3652 2081 3687 :
2125 3653 2143 3685 ι
2175 3634 2279 3700 Qui
2309 3636 2487 3690 credit
2514 3637 2569 3690 in
2602 3652 2709 3702 me,
2736 3636 2907 3691 habet
2940 3637 3108 3690 vitam
3140 3646 3401 3692 mtcrnam
3428 3636 3494 3691 ⁸⁸.
3527 3656 3547 3688 ι

1970 3726 2223 3781 Rursus:
2263 3745 2280 3777 ι
2310 3727 2552 3782 Creditis
2584 3729 2637 3782 in
2668 3730 2880 3783 Deum?
2911 3740 2967 3784 et
2993 3730 3048 3783 in
3077 3745 3166 3785 me
3191 3730 3400 3785 credite
3426 3730 3491 3785 “.
3527 3750 3546 3782 ι

1969 3817 2039 3872 Ει
2082 3818 2309 3887 quidem
2351 3819 2622 3875 hactenus
2668 3821 2738 3875 de
2774 3822 2877 3877 ﬁde
2918 3822 3138 3877 abunde
3176 3822 3551 3877 testimonium

1968 3906 2212 3961 arbitror
2254 3924 2342 3962 me
2385 3908 2799 3980 deprompsisse
2847 3926 2879 3966 c
2921 3911 3359 3982 locupletissimo
3405 3929 3550 3982 penu

1968 3998 2284 4052 divinarum
2336 3998 2775 4069 Scripturarum.
2810 4002 3126 4057 Astruimus
3172 4019 3341 4073 porro
3387 4004 3550 4057 ﬁdem

1967 4104 2120 4150 esse,
2153 4105 2262 4159 qua
2308 4090 2409 4161 ipsi
2453 4092 2735 4148 credimus
2778 4094 2833 4147 in
2872 4095 3125 4159 Patrem,
3157 4105 3215 4150 et
3253 4096 3454 4150 Filium
3498 4103 3553 4149 et

1968 4177 2235 4249 Spiritum
2277 4189 2553 4247 sanctum,
2586 4183 3115 4239 consubstantialem
3160 4192 3218 4239 et
3258 4183 3547 4238 viviﬁcan-

1968 4278 2077 4323 tem
2121 4269 2451 4325 Trinitatem
2498 4275 2719 4328 eunctis
2752 4275 2968 4345 1028
3014 4275 3545 4344 supereminentcm.

1966 4361 2349 4415 Necessarium
2392 4363 2626 4432 proinde
2663 4365 2761 4431 sit,
2793 4365 2997 4419 divinze
3040 4362 3343 4435 Scriptura:
3386 4381 3550 4418 usum

1965 4466 2030 4506 ac
2060 4452 2380 4508 testimonia
2411 4454 2514 4508 hac
2536 4454 2605 4509 de
2634 4470 2693 4511 re
2719 4455 3050 4525 depromere
3084 4456 3154 4511 ad
3191 4457 3550 4513 illustrandas

280 4522 358 4583 είς
395 4522 498 4591 τὴν
536 4521 864 4592 ὑπερούσιον
890 4527 984 4578 καὶ
1005 4526 1291 4596 ὁμοούσιον
1321 4529 1527 4598 Τριάδα
1547 4532 1596 4583 οἱ
1619 4531 1860 4601 θεολόγοι
1892 4540 1937 4595 ι)
1964 4544 2042 4614 leg

1786 4550 1860 4601 ἴθι
1892 4540 1937 4595 ι)
1964 4544 2265 4614 legentium
2298 4546 2526 4600 animas.
2560 4547 2749 4617 Itaque
2789 4521 2887 4618 per
2917 4565 3138 4604 omnem
3174 4550 3268 4620 qui
3303 4549 3371 4604 de
3407 4549 3548 4604 divi-

280 4611 719 4681 ὲκλαμϐἁνουσιν
743 4632 757 4645 ·
784 4609 896 4668 οἷον
922 4616 1004 4684 τὸ,
1039 4616 1172 4679 Θεὸς
1202 4619 1427 4689 Κύριος,
1460 4622 1671 4690 Ἄγιος,
1702 4624 1867 4693 ’Λγα-

280 4701 394 4766 θὸς,
429 4703 578 4768 Φῶς,
605 4705 750 4775 Ζωὴ,
770 4706 1047 4779 Ἀλήθεια,
1070 4710 1494 4785 Παντοκράτωρ,
1524 4716 1864 4770 Παντοδύναο

283 4809 400 4861 μος,
441 4795 651 4866 Κύριος
699 4797 960 4864 Σαϐαὼθ,
1018 4801 1048 4853 ὃ
1101 4803 1217 4855 ἐστι
1261 4805 1577 4873 στρατιῶν,
1628 4808 1725 4861 καὶ
1763 4810 1865 4863 ὅσα

278 4883 409 4938 ἄλλα
438 4888 595 4957 παρὰ
630 4889 739 4941 τῶν
799 4891 1068 4960 θεολόγων
1113 4894 1275 4964 ίερῶς
1320 4896 1596 4965 ὑμνεῖται,
1627 4900 1704 4964 ὡς
1747 4903 1866 4956 ἔστι

282 4974 471 5064 μαθεῖν
509 4978 642 5047 παρ’
674 4980 842 5049 αὐτῆς
876 4980 979 5051 τῆς
1021 4983 1281 5055 θεαρχίας
1320 4988 1491 5059 αὑτὴν
1534 4993 1661 5061 περὶ
1691 4993 1865 5064 αὑτῆς

279 5063 704 5137 ὑφηγουμένην·
733 5088 752 5120 ι
785 5071 849 5123 Τί
907 5088 974 5142 με
1033 5073 1246 5145 ἐρωτᾷς
1291 5079 1423 5147 περὶ
1466 5079 1562 5132 τοῦ
1614 5063 1864 5149 ἀγαθούς

278 5156 450 5221 οὐδεὶς
478 5158 708 5227 ἀγαθὸς,
755 5162 805 5215 εί
852 5165 928 5232 μὴ
976 5159 1056 5228 εἷς
1080 5166 1110 5218 ὁ
1147 5166 1298 5230 Θεός.
1329 5188 1348 5222 ι
1391 5171 1504 5224 Καὶ
1542 5175 1655 5235 τοῖς
1686 5176 1746 5228 ὲν
1787 5175 1867 5245 τῷ

279 5246 601 5315 ἁμπελῶνι³
639 5268 657 5301 ι
688 5250 814 5304 Ὀτι
872 5252 985 5319 ἐγὼ
1041 5255 1246 5323 ἀγαθός
1296 5260 1430 5328 εἰμι.
1470 5279 1488 5311 ι
1534 5261 1676 5315 Καί·
1734 5282 1753 5315 ι
1792 5265 1866 5317 Th

282 5336 504 5406 Πνεῦμά
550 5358 645 5395 σου
692 5343 755 5395 τὸ
788 5344 1016 5411 ἀγαθόν.
1063 5364 1082 5396 ι
1117 5348 1228 5400 Καὶ
1262 5350 1340 5420 τῷ
1373 5353 1597 5406 Μωῦσεί
1621 5370 1632 5384 ·
1672 5374 1690 5407 ι
1722 5356 1866 5424 Ἐγώ

1968 4635 2057 4689 nis
2093 4646 2202 4701 est,
2233 4645 2551 4701 tractatum,
2579 4641 3030 4710 augustissimam
3067 4642 3164 4697 Dei
3207 4643 3545 4713 majestatem

1966 4725 2138 4779 sacris
2170 4726 2545 4796 conspicimus
2576 4729 2846 4783 celebrari
2878 4730 3118 4800 hymnis,
3139 4747 3290 4785 nunc
3317 4731 3542 4801 quidem

1968 4825 2026 4869 ut
2052 4817 2389 4882 singularem
2419 4820 2710 4885 unitatem,
2740 4829 2969 4891 propter
2993 4821 3404 4892 simplicitatem
3438 4808 3563 4876 im:

1965 4909 2321 4979 partialitatis
2348 4918 2544 4964 natura
2574 4912 2723 4966 omni
2754 4913 3077 4981 superioris,
3106 4928 3281 4983 eoque
3318 4914 3545 4969 inenar-

1963 4995 2156 5051 rabilis
2191 4997 2340 5051 illius
2379 5014 2477 5067 per
2507 5015 2671 5069 quam
2708 5009 2967 5071 tanquam
2993 5003 3251 5057 virtutem
3285 5004 3543 5059 uniﬁcam

1962 5085 2067 5152 ipsi
2100 5088 2154 5141 in
2189 5103 2355 5142 unum
2386 5091 2750 5146 coaleseimus
2777 5102 2833 5146 et
2868 5092 3165 5146 counimur
3193 5111 3205 5147 :
3239 5109 3386 5147 nunc
3410 5109 3541 5148 vero

1963 5175 2249 5231 Trinitatis
2272 5179 2494 5233 nomine
2519 5181 2867 5250 praedicatur,
2885 5191 2946 5235 ut
2967 5189 3117 5237 tanta
3144 5183 3235 5237 illa
3260 5184 3535 5253 majestas.

1962 5268 2331 5337 qualicunque
2370 5269 2743 5327 delineatione
2785 5272 3103 5328 declaretur
3136 5275 3313 5327 tribus
3353 5274 3535 5329 subsi-

1963 5368 2110 5415 stere
2167 5362 2454 5429 personis,
2501 5363 2705 5434 alioqui
2759 5366 3179 5435 proliﬁcationis
3232 5367 3532 5422 immensa.

349 5477 840 5564 {IAEthEi-J'E-‘G-
899 5483 1516 5564 ,”'|£b_r-_XI.1.2.-t§.
1594 5492 1920 5564 2130mm,
1944 5493 2033 5548 ee.
2110 5518 2111 5523 ~

1771 5493 2033 5556 n.m,ee.
2110 5472 2573 5562 "hmanas.
2650 5501 2691 5531 ³·
2723 5500 3165 5564 mauu-1,23.
3243 5502 3358 5557 "ll
3387 5502 3533 5557 Tim.

282 5562 338 5608 ιι,
530 5548 769 5623 ’_‘_l_lcbr.
798 5566 872 5613 ιιι,
895 5553 947 5605 6.
1025 5554 1109 5608 “l
1138 5547 1297 5609 Joan.
1316 5547 1403 5623 ἰιι,
1427 5559 1518 5613 25.

1596 5561 1641 5637 ’_'_
1661 5562 1816 5637 .l_oan.
1840 5579 1933 5621 vn.
1960 5564 2050 5637 58.
2126 5567 2171 5598 ³⁸
2193 5568 2385 5625 Matth.
2407 5561 2550 5637 sxw,
2574 5570 2662 5627 45.
2744 5572 2786 5604 ³⁷
2810 5571 2944 5627 Luc.
2982 5561 3075 5637 vn,
3124 5572 3214 5628 50.

3309 5574 3352 5604 ”
3372 5572 3531 5629 Joan.

284 5618 474 5679 “.23.
548 5619 590 5649 ³³
610 5617 769 5672 Joau.
794 5637 900 5686 xlv,
931 5624 1011 5676 1‘2.
1092 5625 1135 5655 ⁸ο
1164 5626 1318 5682 loan.
1345 5617 1412 5691 τί,
1438 5630 1525 5684 47.
1605 5630 1647 5663 ⁸³
1667 5630 1825 5686 Joan.
1852 5617 1962 5697 Iuv,
1989 5635 2039 5688 1.

1570 5742 1801 5799 νΑιιιΑε]
1836 5746 2217 5805 LECTIONES

353 5802 470 5861 ⁶εἰς
500 5800 562 5853 τὸ
596 5800 784 5872 ὄνομα.
861 5801 886 5841 tl
912 5804 1111 5869 ἄλλοις.
