4462 6440
871 286 1008 349 1435

862 490 1085 543 nomina
1118 489 1302 541 omnia
1334 504 1456 557 quie
1488 486 1727 541 divinam
1760 489 2099 558 majestatem
2130 489 2429 555 insinuant,

860 596 960 634 sua
990 580 1447 649 interpretatione
1476 578 1727 633 referunt
1747 579 1816 633 ad
1842 582 2430 649 supersuhstantialem

859 673 1025 727 simul
1066 680 1122 727 et
1160 672 1689 726 consubstantialem
1727 672 2088 738 Trinitatem;
2136 690 2236 727 ceu
2281 684 2430 741 sunt,

861 765 1027 829 Deus,
1054 763 1338 827 Dominus,
1367 764 1570 828 limus,
1598 764 1734 829 Lux,
1760 766 1903 827 Vita,
1932 764 2168 830 Veritas,
2197 767 2435 836 Impera-

861 866 948 909 tor
980 854 1251 918 omnium,
1282 853 1665 924 Omnipotens,
1694 856 1961 909 Dominus
1994 856 2257 919 Sabaoth,
2285 856 2432 926 quod

862 947 1257 1015 interpretatur
1289 948 1635 1010 exercituum,
1666 954 1724 1000 et
1759 948 2019 1016 pleraque
2052 949 2180 1008 alia,
2212 964 2333 1017 qua:
2364 948 2433 1002 ab

860 1034 995 1103 ipsis
1032 1036 1302 1104 theologis
1336 1037 1764 1104 depromuntur,
1795 1038 2001 1105 quibus
2036 1039 2290 1105 religiose
2324 1040 2434 1092 enl-

859 1128 1116 1191 laudatnr
1152 1129 1322 1193 Deus,
1356 1138 1636 1197 quatenus
1671 1129 1907 1184 sinimur
1943 1146 2064 1185 eam
2102 1130 2432 1186 Trinitatem

861 1236 961 1290 pro
998 1221 1222 1275 modulo
1262 1230 1456 1275 nostro
1503 1222 1843 1291 intelligere,
1876 1222 1946 1276 ab
1985 1222 2182 1277 eadem
2223 1224 2431 1288 cdocti,

859 1313 990 1368 dum
1028 1313 1264 1381 seipsam
1302 1314 1560 1367 edisserit
1594 1332 1607 1366 :
1658 1332 1676 1364 ι
1715 1312 1861 1378 Quid
1897 1330 1984 1366 me
2020 1314 2331 1382 interrogas
2367 1316 2435 1369 de

862 1404 1043 1458 bono?
1084 1405 1256 1459 Nemo
1301 1406 1514 1469 bonus,
1552 1405 1658 1458 nisi
1703 1421 1849 1458 unus
1892 1405 2126 1459 Deus”.
2170 1426 2189 1458 ι
2239 1409 2306 1461 Et
2348 1409 2435 1462 his

859 1497 955 1567 qui
984 1498 1296 1551 excolenda:
1315 1498 1489 1550 vinea:
1516 1511 1716 1566 operas
1738 1513 1868 1551 suas
1890 1499 2173 1552 elocarent
2199 1517 2210 1552 :
2247 1518 2264 1549 ι
2295 1501 2433 1565 Quia

859 1605 964 1657 ego
993 1589 1172 1642 bonus
1194 1603 1317 1641 sum
1340 1588 1404 1641 “.
1439 1608 1456 1639 ι
1496 1588 1561 1642 Ει
1588 1606 1600 1641 :
1638 1607 1655 1637 ι
1686 1588 1925 1657 Spiritus
1954 1596 2080 1642 tuus
2108 1590 2287 1643 bonus
2313 1591 2377 1644 δ”.
2411 1611 2429 1643 ι

862 1680 929 1733 Et
963 1679 1132 1749 Moysi
1170 1698 1185 1732 :
1230 1699 1246 1731 ι
1288 1680 1403 1747 Ego
1435 1696 1555 1734 smn
1591 1680 1684 1748 qui
1722 1695 1843 1732 sum
1871 1680 1937 1731 ⁸⁸.
1975 1700 1993 1731 ι
2033 1680 2101 1734 Et
2129 1681 2373 1734 Joannes
2418 1698 2430 1734 :

869 1791 888 1822 ι
931 1772 1090 1837 Quod
1134 1782 1255 1826 erat
1296 1773 1365 1825 ab
1408 1772 1568 1826 initio
1591 1772 1657 1825 "‘.
1701 1791 1718 1823 ι
1764 1773 1877 1826 Et:
1928 1792 1944 1819 σ
1989 1772 2091 1838 Qui
2130 1773 2371 1827 venit".
2416 1792 2433 1825 ι

865 1862 932 1915 Ει
965 1879 978 1913 :
1016 1882 1033 1910 ι
1070 1861 1374 1929 Imperator
1401 1861 1517 1913 sive
1544 1862 1898 1929 omnipotens
1925 1862 2213 1921 lltuninus,
2240 1876 2438 1915 nomen

868 1953 945 2005 illi
968 1953 1032 2005 ⁸⁸.
1067 1970 1085 2002 ι
1115 1952 1183 2005 Ει
1210 1969 1222 2005 :
1257 1971 1275 2001 ‹
1310 1951 1550 2020 Spiritus
1572 1952 1820 2004 veritatis
1850 1951 1944 2019 qui
1974 1960 2080 2013 est,
2105 1952 2197 2019 qui
2224 1968 2252 2005 a
2281 1953 2439 2006 l’atrc

866 2039 1115 2107 procedit
1138 2040 1201 2091 η.
1257 2058 1274 2089 ι
1329 2039 1433 2091 Sed
1490 2046 1545 2090 et
1596 2037 1821 2091 Thema:
1875 2055 1888 2091 :
1930 2057 1948 2088 ι
2001 2038 2114 2108 Ego
2156 2056 2279 2092 smn
2329 2040 2438 2103 via,

865 2130 1069 2183 veritas
1098 2138 1153 2182 et
1178 2128 1285 2181 vita
1310 2129 1377 2181 "°.
1412 2146 1428 2178 ι
1471 2128 1538 2180 Et
1569 2143 1582 2179 :
1622 2145 1639 2176 ι
1677 2127 1968 2180 Sanctiﬁea
1997 2144 2094 2181 eos
2129 2128 2181 2181 in
2208 2129 2441 2183 veritate

867 2232 958 2273 tua
982 2219 1048 2271 ".
1081 2237 1099 2267 ι
1135 2218 1243 2271 Et:
1290 2236 1307 2268 ι
1345 2217 1589 2271 Verbum
1626 2227 1783 2270 tuum
1821 2218 2026 2271 veritas
2056 2229 2142 2271 est
2165 2220 2230 2271 ".
2268 2238 2285 2269 ι
2327 2220 2435 2272 Et:

874 2326 892 2358 ι
925 2307 1063 2362 Cum
1093 2316 1282 2361 autem
1312 2307 1529 2361 venerit
1552 2306 1868 2360 Paracletus
1893 2321 2058 2374 quem
2089 2322 2190 2376 ego
2223 2307 2437 2361 mittam

865 2399 1026 2454 vobis
1054 2415 1082 2453 a
1111 2400 1301 2463 Patre,
1331 2396 1598 2467 Spiritum
1632 2396 1883 2451 veritatis
1899 2397 2040 2466 quia
2060 2399 2217 2452 Patre
2241 2414 2439 2468 proce-

863 2490 945 2544 dit
966 2491 1032 2544 ⁵³.
1063 2510 1081 2541 ι
1111 2490 1324 2546 Rursus
1352 2505 1367 2543 :
1408 2508 1424 2538 ι
1453 2487 1593 2543 Cum
1619 2499 1807 2543 autem
1832 2488 2050 2542 venerit
2075 2488 2169 2542 illc
2197 2487 2440 2557 Spiritus

866 2578 1142 2642 veritatis,
1168 2577 1337 2632 ducet
1372 2593 1470 2631 vos
1513 2578 1570 2630 in
1613 2592 1835 2631 onmem
1867 2577 2190 2643 veritatem;
2227 2579 2317 2633 ille
2350 2594 2439 2634 me

864 2670 1224 2738 glorilieabit,
1256 2668 1386 2737 quia
1430 2668 1501 2724 de
1540 2683 1666 2722 meo
1707 2668 1949 2738 accipiet
1983 2678 2041 2723 et
2081 2670 2439 2731 annuntiabit

864 2761 1023 2815 vobis
1047 2760 1118 2815 “.
1164 2778 1182 2811 ι
1233 2760 1450 2814 ltursus
1500 2777 1516 2811 :
1573 2777 1591 2809 ι
1634 2758 1990 2828 Quzecuuqne
2032 2760 2201 2814 habet
2242 2762 2436 2827 Pater,

866 2868 987 2907 mea
1017 2861 1146 2907 sunt
1172 2868 1185 2905 :
1220 2860 1515 2921 propterea
1542 2850 1681 2914 dixi,
1704 2852 1836 2920 quia
1862 2850 1933 2911 de
1966 2866 2091 2906 meo
2123 2852 2359 2922 accipiet
2382 2861 2440 2909 et

864 2943 1219 2999 annuntiabit
1240 2942 1400 2997 vobis
1416 2944 1484 2996 ⁸⁸.
1510 2962 1529 2994 ι
1561 2943 1773 2998 lterum
1803 2960 1817 2995 :
1851 2960 1869 2993 ι
1900 2941 2056 2998 Sicut
2078 2944 2241 2998 Pater
2263 2944 2439 2998 susci-

868 3044 949 3089 tat
983 3044 1235 3090 mortuos
1269 3042 1327 3088 et
1360 3033 1640 3097 viviﬁcat,
1673 3034 1754 3088 sic
1789 3040 1847 3088 et
1884 3033 2088 3099 Filius,
2112 3051 2255 3103 quos
2290 3036 2434 3101 vult,
2464 3077 2508 3135 α

868 3125 1196 3180 viviticat".
1238 3143 1255 3176 ι
1298 3124 1366 3178 Ει
1400 3141 1414 3177 :
1460 3143 1479 3175 ι
1516 3123 1758 3193 Spiritus
1788 3132 1874 3179 est
1904 3125 1998 3194 qui
2034 3125 2277 3179 vivificat
2296 3127 2372 3191 5";
2413 3145 2431 3178 ι

868 3219 965 3273 sed
998 3226 1055 3273 et
1085 3236 1097 3271 :
1137 3237 1155 3268 ι
1191 3217 1459 3271 Dominus
1488 3215 1729 3286 Spiritus
1758 3224 1847 3270 est
1865 3216 1933 3270 ".
1975 3236 1993 3268 ι
2034 3217 2101 3272 Et
2133 3234 2146 3271 :
2192 3237 2209 3268 ι
2246 3218 2442 3273 Omnia

867 3324 935 3361 ex
990 3308 1139 3369 Deo,
1186 3315 1244 3361 et
1297 3323 1398 3377 per
1443 3307 1622 3376 ipsum
1675 3314 1734 3361 et
1784 3308 1842 3361 in
1899 3307 2020 3377 ipso
2076 3318 2261 3362 creata
2317 3318 2446 3363 sunt

869 3398 1053 3450 tunnia
1073 3398 1139 3451 ⁵⁸.
1177 3416 1194 3447 ι
1234 3397 1303 3451 Ει
1334 3414 1348 3450 :
1386 3414 1405 3448 ι
1436 3395 1634 3450 Omnia
1662 3412 1761 3466 per
1788 3396 1969 3466 ipsum
1997 3396 2139 3451 facta
2170 3406 2302 3452 sunt
2318 3399 2384 3452 ⁶⁹.
2417 3417 2435 3449 ι

870 3488 935 3542 Et
971 3505 985 3541 :
1030 3506 1049 3538 ι
1090 3487 1317 3542 Emittet
1350 3486 1616 3555 Spiritum
1659 3500 1821 3539 suum
1861 3494 1917 3539 et
1948 3487 2291 3541 crcabuntur
2314 3489 2378 3542 θ’.
2418 3507 2436 3540 ι

869 3577 934 3631 Et
969 3595 985 3632 :
1027 3595 1045 3628 ι
1084 3576 1269 3632 Verbo
1302 3576 1521 3630 Domini
1556 3575 1683 3630 θα)Ιί
1720 3575 1921 3629 ﬁrmati
1954 3584 2123 3641 sunt,
2153 3584 2211 3631 et
2242 3577 2443 3647 spiritu

864 3667 982 3722 oris
1006 3667 1130 3737 ejus
1156 3669 1342 3721 omnis
1363 3667 1547 3721 virtus
1573 3666 1854 3721 eorum".
1884 3685 1903 3718 ι
1934 3666 2117 3735 Atque
2147 3676 2207 3721 ut
2230 3669 2443 3738 singula

866 3753 1198 3823 compendio
1240 3753 1645 3824 perstringam,
1678 3754 1858 3823 ipsum
1898 3754 2101 3809 divina:
2145 3758 2446 3827 majestatis

869 3844 1106 3898 Verbum
1129 3844 1208 3899 ait
1236 3862 1249 3898 :
1291 3864 1309 3897 ι
1340 3845 1455 3915 Ego
1483 3855 1541 3900 et
1571 3846 1735 3900 Pater
1759 3862 1931 3900 unum
1963 3863 2156 3902 sumus
2176 3849 2241 3903 ”.
2274 3867 2292 3899 ι
2330 3850 2399 3904 Ει
2427 3866 2440 3903 :

876 3953 894 3982 ι
928 3933 1124 3988 οιηιιία
1160 3950 1280 3990 mea
1316 3943 1409 3989 tua
1447 3945 1599 3997 sunt,
1625 3945 1683 3991 ct
1717 3943 1809 3990 tua
1866 3953 1987 3992 mea
2010 3938 2078 3991 “.
2113 3959 2130 3989 ι
2174 3939 2441 4008 Itemque,

868 4041 1217 4096 qnmeunque
1254 4036 1385 4081 sunt
1423 4037 1480 4082 et
1520 4028 1700 4083 Patris
1740 4038 1799 4083 et
1838 4028 2013 4098 ipsius
2052 4030 2205 4095 Filii,
2250 4032 2444 4087 eadem

870 4131 1098 4186 prorsus
1144 4117 1379 4186 Spiritui
1422 4127 1618 4173 sancto
1666 4128 1723 4173 et
1770 4119 1824 4173 in
1875 4122 2165 4191 majestate
2217 4123 2446 4180 Deitatis

870 4207 1260 4276 angustissimo
1293 4208 1411 4277 ipse
1451 4209 1624 4264 Filius
1658 4211 1891 4265 ascribit
1918 4223 2144 4282 propter
2174 4214 2445 4271 indiscre-

871 4307 980 4351 tam
1018 4297 1351 4367 parilitatem
1392 4300 1708 4354 communis
1745 4308 1804 4356 et
1843 4302 2009 4356 unius
2050 4314 2282 4370 naturae,
2316 4316 2445 4375 puta

2131 291 2490 351 ANTIOCHI
2534 292 2879 352 MONAClIl

865 396 1101 466 Hujusce
1169 396 1247 449 rei
1312 396 1486 463 gratia
1542 395 1815 459 diximus,
1867 397 2128 464 quoniam
2195 398 2431 467 theologi
2464 402 2627 469 Αείμ

1661 409 1815 459 mus,
1867 397 2128 464 quoniam
2195 398 2431 467 theologi
2464 404 2505 457 Α
2536 402 2651 469 εἰμι
2682 403 2710 453 ὁ
2750 400 2844 451 ὢν.
2880 418 2899 449 ι
2941 397 3050 451 Kal
3079 398 3107 450 ὁ
3139 394 3422 463 Ἰωάννης·

3990 282 4123 342 liflii

3466 413 3483 440 ι
3532 388 3684 462 Ὀἦν
3723 393 3817 445 ἀπ’
3850 390 4046 461 ἀρχῆς.
4101 410 4117 434 ι

2544 491 2680 543 Καίο
2712 512 2728 541 ι
2774 489 3164 559 ὐὲρχόμενος.
3202 507 3220 537 ι
3258 486 3366 539 Καί
3390 500 3404 515 °
3440 504 3458 536 ι
3498 484 3557 535 'O
3588 483 3982 551 παντοκράτωρ
4009 480 4114 532 K5-

2545 599 2657 651 ριος
2690 581 2858 651 δνομα
2894 578 3062 649 αὐτῷ.
3095 599 3112 630 ι
3152 579 3294 632 Καί’
3326 594 3343 627 ι
3375 576 3448 628 Τὸ
3473 575 3697 644 Πνεῦμα
3730 574 3830 641 τῆς
3865 571 4124 640 ἀληθείας

2541 672 2600 723 τὸ
2636 674 2714 735 ὃν,
2750 672 2778 723 ὂ
2813 671 2963 740 παρὰ
3010 668 3104 721 τοῦ
3152 667 3365 737 ΙΙατρὸς
3410 664 3789 733 ἐκπορεύεται.
3828 682 3844 712 ι
3897 664 4009 714 Kal
4045 660 4123 730 τῷ

2542 763 2712 833 Θωμᾷ
2734 778 2747 791 ·
2782 782 2798 811 ι
2833 762 2975 830 Ἐγώ
3003 763 3116 830 εἰμι
3215 760 3444 829 ἀλήθεια
3478 758 3625 825 καὶὴ
3663 759 3796 825 ζ(
3850 775 3865 803 ι
3894 754 4007 805 Kal
4046 753 4121 806 τὸ.

2549 880 2565 910 ι
2616 861 2871 928 ’Λγίασον
2917 860 3111 921 αὐτοὺς
3161 860 3218 911 ἐν
3250 859 3317 926 τῇ
3354 854 3583 925 ἀληθείᾳ
3620 870 3733 906 σου.
3771 871 3786 899 ι
3832 851 3965 911 καλ.
4004 874 4018 895 ⁶
4068 850 4123 899 ὐ

2541 951 2696 1018 λόγος
2728 952 2755 1002 ὁ
2786 950 2875 1012 σὸς
2914 949 3144 1018 ἀλήθεια
3176 950 3339 1000 ἐστιν.
3386 967 3401 993 ι
3433 947 3562 1009 Kal,
3611 963 3627 994 ι
3653 945 3820 996 Ὅταν
3847 943 3903 994 δὲ
3944 940 4072 1009 Ξ).οῃ
4099 944 4125 992 ὀ

2544 1041 2919 1111 Παράκλητος,
2960 1041 3019 1092 ὃν
3046 1039 3155 1108 ἐγὼ
3194 1038 3393 1108 πέμψω
3423 1038 3551 1106 ὑμῖν
3591 1036 3739 1104 παρὶι
3764 1033 3858 1085 τοῦ
3884 1035 4120 1097 lla-.95;

2540 1135 2600 1188 τὸ
2631 1134 2850 1202 Πνεῦμα
2890 1134 2987 1201 τῆς
3035 1131 3315 1200 ἀληθείας,
3363 1130 3391 1182 ὃ
3426 1128 3576 1199 παρᾶ
3622 1127 3713 1180 τοῦ
3765 1126 3980 1195 Πατρὸς
4029 1126 4121 1175 ἐκ-

3320 1240 3336 1271 ι
3371 1221 3538 1271 Ὅταν
3581 1218 3636 1270 δὲ
3673 1217 3799 1287 ἔλθῃ
3827 1218 4027 1273 ἐκεῖνο,
4064 1214 4123 1266 τὸ

3800 1308 3866 1375 τῇ
3896 1304 4125 1373 ἀληθεία

2543 1225 2854 1296 πορεύεται.
2888 1244 2903 1271 ι
2946 1225 3053 1275 Καὶ
3085 1223 3240 1284 αὖθις
3261 1238 3275 1252 ο

2545 1313 2770 1383 Πνεῦμα
2795 1313 2894 1381 τῆς
2922 1310 3199 1377 ἀληθείας,
3228 1311 3486 1379 ὁδηγήσει
3522 1309 3664 1378 ὑμᾶς

2544 1407 2728 1474 ἀπᾶσῃ
2747 1421 2759 1433 ’
2801 1404 3005 1465 ἐκεῖνος
3032 1401 3130 1471 ἐμὲ
3157 1400 3391 1466 δοξάσει,
3417 1400 3499 1452 ὅτι
3520 1401 3583 1451 ἐκ
3612 1396 3703 1450 τοῦ
3734 1396 3867 1466 ἐμοῦ
3888 1396 4123 1464 λήψεται

2543 1498 2637 1550 καὶ
2686 1496 2977 1564 ἀναγγελεῖ
3022 1494 3168 1563 ὑμῖν.
3209 1510 3229 1545 ι
3286 1493 3398 1545 Καὶ
3453 1490 3642 1545 πάλιν·
3684 1510 3701 1539 ‹
3741 1490 3883 1541 Ὅσα
3937 1488 4052 1557 ἔχει
4097 1491 4124 1539 ὁ

2542 1588 2757 1657 Πατὴρ,
2789 1587 2900 1657 ἐμά
2928 1590 3074 1639 ἐστιν
3097 1602 3108 1614 ·
3145 1585 3233 1637 διὰ
3253 1584 3413 1637 τοῦτο
3438 1577 3612 1645 εἷπον,
3643 1583 3724 1634 ὅτι
3755 1582 3818 1633 ἐκ
3852 1578 3949 1633 τοῦ
3987 1578 4123 1648 ἐμοῦ

2543 1681 2773 1751 λήψεται
2800 1679 2895 1733 καὶ
2923 1679 3215 1746 ἀναγγελεῖ
3247 1677 3396 1745 ὑμῖν.
3422 1696 3440 1727 ι
3481 1675 3591 1729 Kal
3619 1675 3774 1737 αὖθις
3795 1690 3806 1701 '
3847 1690 3866 1723 ι
3911 1674 4124 1741 Ὥσπερ

2476 1757 2516 1811 Β
2543 1774 2571 1826 ὁ
2597 1772 2789 1840 Πατὴρ
2826 1771 3030 1839 ἐγείρει
3076 1771 3205 1832 τοὺς
3253 1767 3480 1837 νεκροὺς
3528 1767 3622 1820 καὶ
3669 1766 3946 1831 ζωοποιεῖ,
3981 1761 4126 1815 οὕτω

2544 1863 2635 1915 καὶ
2660 1863 2688 1914 ὁ
2713 1861 2840 1923 Υίός
2872 1859 2963 1922 οὓς
2994 1860 3138 1912 θέλει
3186 1859 3458 1921 ζωοποιεῖ.
3495 1877 3512 1908 ι
3555 1858 3683 1919 Kal,
3732 1876 3749 1907 ι
3784 1857 3857 1907 Τὸ
3901 1853 4124 1921 πνεῦμα

2542 1953 2656 2005 ἐστι
2672 1954 2731 2004 τὸ
2744 1950 3057 2016 ζωοποιοῦν.
3076 1970 3092 2001 ι
3117 1950 3245 2013 Καὶ,
3260 1970 3277 1999 ι
3299 1949 3356 2001 Ὀ
3376 1949 3577 2019 Κύριος
3591 1948 3651 1999 τὸ
3671 1946 3895 2013 Πνεῦμα
3918 1947 4088 1997 ἐστιν.
4104 1961 4118 1989 ι

2544 2045 2671 2105 Kal,
2718 2062 2735 2093 t
2772 2043 2959 2095 Πάντα
2990 2044 3052 2094 ἐκ
3102 2039 3198 2093 τοῦ
3239 2039 3397 2102 Θεοῦ,
3445 2041 3540 2092 καὶ
3576 2037 3645 2091 δι’
3684 2036 3870 2097 αὑτοῦ,
3926 2037 4020 2087 καὶ
4071 2037 4127 2086 ἐν

2542 2134 2688 2202 αὑτῷ
2712 2133 2958 2185 ἔκτισται
2981 2131 3047 2183 τὰ
3076 2132 3275 2184 πάντα.
3308 2148 3327 2182 ι
3360 2130 3468 2182 Kal
3486 2128 3567 2194 τὸ,
3597 2147 3613 2179 ι
3645 2127 3830 2180 Πάντα
3859 2125 3931 2177 δι’
3958 2122 4125 2176 αὐτοῦ

2540 2225 2774 2293 ἐγένετο.
2808 2243 2825 2274 ι
2866 2224 2995 2287 Kal,
3044 2243 3060 2274 ι
3091 2220 3506 2285 Ἐξαποστελεῖς
3534 2219 3595 2273 τὸ
3625 2218 3846 2287 Πνεῦμά
3880 2234 4000 2281 σου,
4032 2216 4126 2268 καὶ

2542 2315 2948 2384 κτισθήσονται.
2985 2331 3002 2362 ι
3053 2312 3184 2375 Kal,
3235 2330 3253 2363 ι
3298 2310 3389 2381 Τῷ
3444 2310 3590 2380 λόγῳ
3644 2308 3850 2378 Κυρίου
3904 2306 4125 2377 οὐρανοὶ

2542 2405 2970 2476 ἐστερεώθησαν,
2995 2403 3092 2456 καὶ
3120 2402 3199 2472 τῷ
3220 2402 3495 2472 πνεύματι
3522 2400 3616 2453 τοῦ
3657 2399 3925 2467 στόματος
3956 2394 4123 2450 αὑτοῦ

2542 2496 2691 2548 πᾶσα
2721 2496 2755 2565 ἡ
2789 2494 3017 2563 δύναμις
3066 2492 3269 2547 αὐτῶν.
3333 2511 3351 2545 ι
3400 2492 3512 2545 Kal
3559 2488 3861 2559 συλλήὸδην
3912 2488 4120 2547 είπεῖν,

2540 2586 2701 2647 αὐτὸς
2730 2586 2759 2636 ὁ
2804 2585 3097 2654 θεαρχικδς
3124 2585 3228 2655 ἔφη
3266 2583 3472 2650 Λόγον
3512 2600 3529 2631 ι
3569 2580 3713 2647 Ἐγὼ
3750 2578 3846 2633 καὶ
3872 2579 3903 2631 δ
3929 2579 4126 2648 Πατὴρ

2539 2676 2598 2728 ἓν
2631 2677 2816 2744 ἐσμεν,
2860 2675 2955 2726 καὶ
2986 2675 3166 2728 πάντα
3198 2673 3268 2726 τὰ
3293 2670 3403 2742 ὲμά
3454 2669 3526 2724 σά
3574 2671 3755 2731 ἐστιν,
3788 2669 3885 2723 καὶ
3921 2669 3993 2722 τὰ
4060 2667 4127 2720 σά

2539 2767 2668 2835 ὲμά.
2706 2784 2723 2817 ι
2758 2765 2869 2818 Kal
2902 2760 3079 2828 αὖθις,
3120 2766 3223 2818 ὅσα
3258 2763 3376 2817 ἐστὶ
3421 2760 3519 2816 τοῦ
3566 2759 3782 2831 Πατρδς
3828 2760 3929 2813 καὶ
3958 2757 4128 2812 αὐτοῦ

2538 2853 2633 2908 τοῦ
2664 2854 2815 2920 Υίοῢ,
2845 2855 2925 2923 τῷ
2964 2853 3245 2925 θεαρχικῷ
3283 2864 3308 2893 ο
3347 2850 3631 2921 Πνεύματι
3666 2849 4006 2912 κοινωνικῶς
4038 2849 4129 2901 καὶ

2538 2944 2834 3015 ἡνωμένως
2870 2944 3156 3017 ἀνατίθησι
3202 2946 3303 3014 τῆς
3350 2942 3640 3013 θεουργίας
3678 2942 3740 2994 τὸ
3795 2941 3982 3005 σέϐας,
4035 2942 4129 2993 καὶ

2540 3035 2638 3104 τὴν
2676 3033 2916 3102 πηγαίαν
2961 3034 3057 3088 καὶ
3111 3032 3464 3087 ἀνέκλειπτον
3492 3032 3689 3093 αἰτίαν,
3731 3031 3789 3084 ὲν
3825 3029 3906 3100 τῷ
3922 3029 4127 3098 λέγειν·

2552 3142 2569 3175 ι
2607 3122 2971 3193 Πορευθέντες
3002 3121 3380 3193 μαθητεύσατε
3423 3121 3601 3174 πάντα
3631 3120 3699 3174 τὰ
3740 3117 3891 3189 ἔθνη,
3929 3118 4128 3188 βαπτί-

2546 3216 2729 3280 ζοντες
2760 3214 2958 3277 αὐτοὺς
2986 3216 3065 3275 εἰς
3083 3215 3144 3267 τὸ
3163 3215 3335 3283 ὄνομα
3360 3212 3455 3266 τοῦ
3481 3212 3714 3283 Πατρὸς,
3744 3213 3838 3264 καὶ
3871 3211 3969 3264 τοῦ
3997 3212 4129 3264 Υἱοῦ

2546 3309 2638 3363 xal
2686 3307 2783 3362 τοῦ
2834 3309 2990 3375 ἁγίου
3044 3307 3385 3377 ΙΙνεύματος.
3423 3324 3441 3358 ι
3500 3307 3599 3359 Διὰ
3645 3306 3862 3359 πάντων
3894 3303 3991 3357 οὖν
4021 3303 4126 3356 τῶι

2546 3400 2969 3471 προειρημένων
3002 3399 3274 3453 δείκνυται
3305 3400 3380 3461 ὡς
3411 3400 3560 3451 πᾶσα
3589 3396 3836 3463 θεολογία
3870 3395 4127 3465 ἡνωμένη

2544 3491 2606 3543 τέ
2637 3493 2752 3543 ἐστι
2799 3490 2894 3544 καὶ
2942 3489 3358 3560 διακεκριμένη.
3408 3490 3516 3543 Kal.
3577 3487 3701 3540 οὔτε
3748 3488 3817 3541 τὰ
3869 3486 4129 3556 ἡνωμένα

2545 3583 2772 3652 διαιρεῖν
2807 3583 2985 3652 θέμις,
3029 3582 3152 3636 οὔτε
3198 3581 3266 3635 τὰ
3314 3581 3708 3652 διακεκριμένα
3746 3582 3989 3649 συγχεῖν.
4020 3579 4131 3632 Kal

2545 3675 2612 3728 τὰ
2644 3675 2742 3745 μὲν
2770 3673 3025 3743 ἡνωμένα
3047 3673 3148 3744 τῆς
3184 3674 3313 3741 ὅλης
3355 3672 3621 3741 Θεὸτητὸς
3661 3674 3797 3733 ἔστι,
3840 3671 3902 3724 τὺ
3953 3670 4128 3741 ὑπερ-

2546 3764 2770 3833 ἀγαθον,
2790 3764 2851 3818 τὸ
2875 3764 3192 3835 Ὑπέρθεον,
3212 3763 3272 3815 τὸ
3301 3761 3677 3833 ’Υπερούσιον,
3700 3761 3762 3814 τὸ
3793 3758 4127 3830 Ὑπέρζωον,

2546 3856 2605 3910 τὸ
2645 3856 3003 3925 ’Υπέρσοσροὴ
3038 3854 3157 3925 μεθ’
3182 3849 3257 3908 ὧν
3285 3853 3381 3907 καὶ
3411 3854 3480 3906 τά
3504 3850 3837 3919 αἰτιολογικά
3869 3850 3888 3888 τ
3925 3850 4126 3915 πάντα,

2545 3949 2609 4000 τὸ
2659 3946 2910 4016 ’Λγαθὺν,
2963 3947 3025 3999 τὺ
3071 3945 3279 4011 Καλὸν,
3314 3946 3377 3999 τὸ
3423 3947 3539 4009 Ὃν,
3580 3944 3641 3996 τδ
3681 3942 4018 4011 Ζωογονοῦν,
4069 3941 4131 3995 τὸ

2548 4037 2736 4106 Σοφὸν,
2768 4038 2858 4091 καὶ
2886 4038 2985 4091 ὅσα
3014 4038 3077 4088 ἐκ
3104 4034 3213 4088 τῶν
3256 4031 3660 4103 ἀγαθοπρεπῶν
3702 4031 3877 4099 αὐτῆς
3904 4030 4130 4095 δωρεῶν

2545 4130 2579 4197 ἡ
2611 4128 2836 4180 πάντων
2870 4126 3093 4195 ἀγαθῶν
3130 4125 3279 4179 αἰτία
3318 4122 3749 4193 κατονομάζεται
3805 4121 3874 4174 τά
3919 4119 3980 4173 δὲ
4008 4120 4126 4173 δια-

2547 4218 2870 4289 κεκριμένα,
2900 4216 2994 4270 τοῦ
3022 4215 3235 4287 Πατρδς
3260 4214 3584 4285 ὑπερούσιον
3606 4214 3778 4283 δνομα
3802 4214 3898 4267 καὶ
3931 4212 4125 4282 χρῆμα

2549 4310 2642 4363 καὶ
2668 4307 2803 4363 Υίοῦ
2835 4309 2926 4362 καὶ
2963 4306 3301 4378 Πνεύματος,
3336 4307 3591 4377 οὐδεμιᾶς
3636 4307 3695 4359 ιν
3724 4303 3940 4368 τούτοις
3974 4304 4126 4358 ἀντι-

870 4397 1099 4456 propter
1136 4388 1500 4442 reverendam
1535 4390 1807 4445 culturam
1843 4391 2045 4447 divina:
2080 4396 2445 4463 operationis,
2481 4412 2525 4468 ι)
2550 4418 2632 4472 στι

2366 4396 2445 4462 Iis,
2481 4400 2811 4472 οστροφῆς,
2869 4400 2904 4470 ἡ
2959 4400 3099 4463 ὅλως
3150 4399 3459 4468 κοινότητος
3505 4397 3966 4467 ἑπεισαγομένης.
4014 4398 4128 4450 Λα·

872 4477 1152 4530 lontanam
1182 4491 1247 4532 ac
1276 4488 1561 4548 perpetem
1592 4481 1878 4537 ereatricis
1906 4485 2167 4551 potentiae
2196 4501 2441 4553 causam,

871 4565 1003 4619 dum
1030 4565 1167 4620 dicit
1199 4583 1212 4621 :
1255 4586 1273 4619 ι
1306 4568 1545 4625 Profecti
1571 4570 1767 4626 docete
1796 4588 1992 4629 omnes
2019 4586 2231 4645 gentes,
2259 4577 2443 4648 bapti-

872 4664 1059 4709 zantes
1099 4670 1197 4711 eos
1240 4657 1294 4711 in
1343 4659 1569 4713 nomine
1613 4660 1792 4715 Patris
1832 4670 1891 4716 et
1935 4663 2059 4718 Filii
2101 4673 2158 4719 et
2200 4665 2444 4740 Spiritus

872 4743 1047 4797 sancti
1067 4744 1133 4797 “.
1170 4763 1188 4796 ι
1236 4744 1452 4815 1029
1487 4746 1677 4816 Itaque
1715 4763 1818 4818 per
1851 4748 1968 4804 haec
2003 4753 2263 4821 superius
2291 4754 2440 4809 dicta

871 4832 1185 4888 declaratur
1223 4834 1372 4904 quod
1416 4836 1698 4908 theologia
1751 4840 1938 4895 omnis
1974 4850 2032 4896 et
2073 4843 2230 4898 unita
2267 4855 2354 4900 est
2386 4857 2444 4902 et

874 4923 1141 4989 discreta;
1188 4940 1372 4995 neque
1417 4936 1602 4983 tamen
1643 4944 1769 4999 qua:
1807 4930 2046 4987 discreta
2087 4943 2245 4998 sunt,
2277 4937 2440 5006 quid-

875 5031 1040 5086 quam
1084 5016 1387 5073 admittunt
1430 5022 1796 5078 confusionis.
1837 5024 1904 5079 Et
1947 5026 2171 5095 quidem
2214 5045 2279 5084 ca
2321 5047 2444 5100 qum

877 5108 1030 5164 unita
1059 5118 1208 5175 sunt,
1234 5110 1351 5167 sive
1384 5129 1507 5183 qua:
1543 5114 1613 5169 ad
1654 5115 1866 5170 unitam
1907 5118 2189 5185 pertinent
2226 5121 2440 5177 theolo-

2550 4493 2736 4555 δόντες
2760 4491 2853 4545 οὖν
2883 4489 3019 4543 Θεοῦ
3050 4490 3252 4559 γνῶσιν
3283 4490 3371 4544 διὰ
3400 4491 3498 4560 τῆς
3526 4489 3784 4551 πίστεως,
3821 4487 3898 4557 μὴ
3932 4488 4128 4556 ἀγνοή-

2550 4599 2732 4652 σωμεν
2758 4582 2857 4652 τὴν
2883 4581 3133 4636 δοθεῖσαν
3156 4583 3292 4651 ἡμῖν
3339 4579 3520 4651 χάριν,
3566 4580 3707 4651 ὖπὶρ
3746 4574 3814 4650 ἦς
3854 4578 4128 4633 πέπονθεν

2547 4673 2764 4743 ἀληθῶς
2814 4674 2843 4726 δ
2879 4673 3103 4744 Κύριος.
3135 4672 3233 4725 Διά
3262 4671 3419 4726 τοῦτο
3450 4672 3560 4743 γὰρ
3600 4671 3696 4725 καὶ
3736 4670 3906 4742 μύρον
3936 4669 4130 4723 ἐλαϐεν

2549 4763 2644 4816 ἐπὶ
2676 4764 2775 4832 τῆς
2815 4762 3061 4832 κεφαλῆς
3104 4764 3133 4815 ὁ
3164 4760 3390 4834 Κύριος,
3426 4761 3515 4815 ἵνα
3559 4761 3698 4831 πνέῃ
3725 4762 3792 4829 τῇ
3821 4758 4129 4829 Ἐκκλησία

2547 4854 2878 4925 ἀφθαρσίαν.
2907 4853 3111 4923 Μηδεὶς
3131 4852 3227 4907 οὖν
3251 4850 3556 4922 ἀλειφέσθω
3578 4849 3843 4905 δυσωδίαν
3866 4849 4129 4912 ἀπιστίας

2548 4945 2643 4999 τοῦ
2686 4945 2948 5016 ἀρχοντος
2996 4944 3089 4999 τοῦ
3133 4944 3348 5007 αἰῶνος,
3404 4943 3479 5014 μὴ
3526 4939 3981 5013 παρατραταῖιμεν
4030 4940 4127 5008 τῆς

2549 5036 2765 5098 εὐθείας
2788 5034 2932 5097 ὀδοῦ,
2956 5034 3043 5089 ἵνα
3067 5033 3386 5105 δυνηθῶμεν
3407 5030 3763 5086 ἐπιλαϐέσθαι
3787 5029 3887 5100 τῆς
3911 5028 4125 5091 ἐλπίδος

2547 5125 2656 5179 τῶν
2678 5127 2910 5180 αἰωνίων
2930 5126 3172 5195 ἀγαθῶν,
3196 5125 3412 5196 καὶτῆς
3432 5124 3605 5179 ἀϊδίου
3628 5123 3792 5194 ζωῆς,
3822 5122 3880 5174 ἑν
3901 5120 4127 5192 Χριστῷ

947 5264 992 5347 ξς
1014 5263 1149 5347 L_uc.
1170 5283 1325 5347 tvm,
1345 5266 1468 5347 191Δ
1498 5267 1552 5347 _“
1574 5269 1764 5324 Matth.
1789 5286 1883 5347 ξι.
1910 5271 1997 5347 1ἓξ.
2029 5342 2043 5347 _
2074 5272 2118 5304 “
2143 5274 2281 5330 Psal.
2309 5293 2467 5343 astu,
2494 5280 2578 5334 10.
2655 5282 2700 5312 ⁸⁸

2352 5295 2467 5343 ιιιι,
2494 5280 2578 5334 10.
2655 5282 2700 5312 ⁸⁸
2726 5282 2900 5345 Exod,
2927 5299 3010 5347 ut,
3034 5282 3119 5337 M.
3198 5283 3283 5337 “l
3312 5282 3470 5337 Joan.
3498 5297 3535 5345 ι,
3562 5283 3613 5336 1.
3689 5280 3732 5312 ⁸⁷
3757 5281 3778 5334 1
3800 5280 3963 5335 Joan.
3986 5298 4040 5340 ν.
4064 5281 4114 5332 6.

878 5332 923 5365 ⁸⁸
944 5334 1087 5389 Psal.
1110 5351 1270 5395 [χιιι.
1295 5338 1349 5391 5.
1424 5337 1469 5371 δ’
1489 5338 1648 5392 Joan.
1675 5356 1761 5399 xv,
1784 5342 1874 5394 26.
1951 5342 1998 5373 ⁵⁸
2019 5342 2176 5397 Joan.
2204 5361 2311 5403 xiv.
2337 5348 2369 5401 6

884 5403 963 5459 Η.
1041 5405 1086 5436 ⁸⁸
1111 5406 1244 5458 ibid.
1274 5408 1357 5457 lli.
1435 5407 1481 5438 ‘“
1504 5408 1661 5462 Joan.
1686 5426 1738 5469 v,
1763 5411 1854 5466 2|.
1932 5413 1974 5443 ⁵⁷
2000 5411 2158 5467 Joan.
2187 5431 2257 5470 vt.
2284 5416 2370 5471 lii.

2465 5350 2510 5381 "
2532 5351 2691 5406 Joau.
2714 5368 2843 5411 xvu,
2872 5354 2959 5409 Π.

3036 5353 3082 5385 "
3108 5352 3243 5408 ibid.
3320 5350 3791 5413 "Joan.xv1,l3.
3888 5350 3938 5381 “
3987 5350 4117 5403 ihid.

2450 5420 2497 5450 "'
2511 5420 2663 5474 Joau.
2697 5437 2770 5485 tv,
2793 5422 2883 5477 21.
2958 5425 3003 5456 ⁸⁹
3024 5422 3236 5478 Coloss.
3264 5440 3303 5485 I,
3333 5424 3416 5478 10.
3459 5422 3505 5454 ⁶⁹
3528 5421 3687 5478 Joan.
3714 5436 3753 5487 ι,
3778 5420 3831 5474 3.
3907 5420 3952 5454 ⁸⁸
3979 5419 4117 5476 Psal.

880 5487 968 5539 cu,
991 5475 1041 5530 ὖ.
1119 5475 1163 5506 ⁸⁸
1189 5476 1328 5530 Psal.
1355 5492 1519 5542 “ut,
1541 5478 1592 5535 6.
1674 5478 1892 5535 “Joan.
1921 5498 1971 5543 ς,
1995 5481 2080 5535 50.
2161 5483 2204 5514 ⁸⁵
2224 5486 2383 5542 Joan.
2412 5506 2560 5557 xvnt,
2590 5491 2642 5546 10

1560 5478 1592 5534 i.
1674 5478 1892 5535 “Joan.
1921 5498 1971 5543 ι,
1995 5481 2080 5535 50.
2161 5483 2204 5514 ⁵⁵
2224 5486 2383 5542 Joan.
2412 5506 2560 5557 xvtu,
2590 5491 2669 5546 10.
2749 5475 2793 5524 δ’
2819 5475 3006 5549 Matth.
3034 5475 3322 5561 ὲὲὲὶῐιζιςί.

2176 5596 2404 5653 VARI/IS
2449 5599 2845 5658 LEC'I‘IONES.

970 5682 1071 5733 οτὸ
1093 5681 1402 5752 θεαρχικῢν.
1487 5685 1681 5740 ἀἴτια
1729 5686 1786 5739 οὗ
1839 5687 2044 5755 λογικά.
