4462 6440
147 392 286 457 1437
554 399 566 409 ’
1360 397 1689 459 IIOMILIA
1732 403 1811 461 Il.
1853 429 1909 437 —

1654 401 1689 458 Δ
1732 403 1811 461 Il.
1853 429 1923 437 —
1964 403 2060 462 DE
2101 403 2258 462 SPE.
3282 404 3416 467 1438

155 505 336 573 Ἰησοῦ
383 508 460 577 τῷ
494 510 685 581 Κυρίῳ
717 508 895 580 ἡμῶν,
930 502 976 576 ᾧ
1008 509 1041 576 ἡ
1075 506 1202 572 δόξα
1247 508 1326 570 είς
1364 509 1493 570 τοὺς
1522 510 1728 574 αἰῶνας
1759 522 1804 579 Α
1832 512 1917 582 gia

1656 527 1728 574 νας
1759 522 1804 579 Α
1832 512 2018 582 giam,
2066 513 2168 567 has
2222 511 2428 566 habent
2477 513 2930 569 nomenclaturas
2981 515 3151 570 totius
3204 515 3418 570 indices

137 597 251 647 τῶν
281 599 519 655 αἰώνων.
557 602 749 671 Ἀμήν.
1833 603 1899 658 De

1833 603 2066 658 Deitatis
2089 603 2135 635 “
2178 619 2192 657 :
2246 611 2380 673 puta
2425 603 2848 674 Superbonum,
2894 604 3224 669 Pulchrum,
3268 606 3411 668 Ens,

137 691 462 756 Vivillcans,
496 693 898 764 Augustissima
934 692 1223 761 divinitas,
1255 710 1525 766 perquam
1561 695 1725 766 plene
1763 705 1987 752 exstans
2021 697 2354 762 substantia,
2416 697 2548 764 Qua:
2614 700 2811 754 vivunt
2842 707 3044 754 cuncta
3081 698 3416 768 producens,

139 781 410 851 Sapiens:
440 795 496 840 et
517 802 865 857 quaecunque
891 785 946 840 id
1005 802 1181 857 genus
1214 789 1668 852 nomenclatune,
1727 803 1793 842 ex
1833 805 1997 860 quam
2023 790 2232 861 optima
2257 788 2434 858 ipsius
2459 797 2516 844 et
2537 789 3055 846 munificentissima
3082 786 3416 842 liberalitate

139 875 412 943 profectae
445 888 767 944 occurrunt,
794 879 999 950 quibus
1036 880 1312 936 bonorum
1348 883 1599 936 onmium
1671 891 1869 937 auctor
1898 899 2020 938 esse
2055 883 2468 938 denominatur.
2535 883 2619 938 Ad
2657 883 2954 938 discretam
3016 897 3151 937 vero
3199 879 3415 934 theolo-

135 971 287 1039 giam
322 974 606 1042 pertinent
668 973 1151 1030 denominationes
1184 992 1196 1028 :
1233 990 1334 1029 ceu
1382 984 1536 1041 sunt,
1599 977 2214 1046 supersubstantialitas
2281 986 2449 1046 atque
2515 976 2802 1048 opulentia
2835 978 3018 1032 Patris
3055 995 3068 1029 ε
3110 974 3319 1031 eaedem
3358 984 3418 1029 et

135 1062 280 1118 Filio
333 1075 390 1119 et
435 1064 667 1135 Spiritui
716 1075 909 1122 sancto
954 1082 1213 1138 peraeque
1260 1083 1620 1132 communes,
1665 1076 1726 1122 ut
1761 1068 1900 1123 nihil
1933 1069 1988 1124 in
2022 1068 2109 1125 his
2137 1068 2338 1124 debeat
2364 1069 2596 1141 intelligi
2658 1068 2866 1125 diversi
2935 1065 3415 1122 antdissimilitn-

131 1155 307 1219 dinis,
377 1166 743 1226 prmterquam
787 1159 903 1213 sola
949 1159 1144 1230 parilis
1218 1171 1430 1217 natura:
1471 1162 1788 1217 eomnmnio
1828 1163 1972 1218 inter
1997 1179 2121 1218 sese
2149 1166 2490 1221 coalescens.
2520 1165 2625 1219 Per
2657 1163 2824 1218 ﬁdem
2859 1162 3046 1231 itaque
3076 1176 3200 1215 cum
3232 1173 3417 1225 cmpe-

133 1243 314 1299 rimus
362 1261 696 1316 cognoscere
742 1247 948 1313 Deum,
993 1263 1094 1314 ne,
1139 1265 1356 1320 quaeso,
1405 1251 1724 1320 ignoremus
1761 1262 2032 1322 quantum
2073 1255 2236 1310 nobis
2311 1256 2588 1309 indultum
2628 1255 2824 1324 gratia:
2867 1254 2965 1317 sit,
3042 1254 3202 1322 cujus
3246 1262 3412 1305 causa

133 1338 410 1394 Dominus
450 1340 569 1410 ipse
608 1341 899 1396 verissime
938 1357 1133 1412 passus
1173 1352 1278 1400 est.
1344 1343 1428 1399 Ob
1467 1344 1572 1398 hoc
1642 1344 1794 1398 enitn
1831 1345 1964 1402 sivit
2012 1348 2130 1419 ipse
2180 1348 2450 1404 Dominus
2498 1357 2668 1420 caput
2717 1365 2879 1404 suum
2933 1347 3160 1419 myrrha
3205 1344 3412 1414 optima

131 1432 398 1503 perfundi
425 1434 491 1496 ",
527 1441 588 1488 ut
619 1435 961 1488 suavissima:
999 1436 1436 1490 immortalitatis
1470 1437 1827 1506 fragrantiam
1866 1454 1980 1492 suae
2010 1439 2286 1509 aspiraret
2355 1440 2634 1496 Ecclesiae.
2705 1441 2879 1495 Nemo
2916 1440 3084 1509 igitur
3151 1453 3208 1491 se
3272 1437 3410 1495 illini

131 1523 428 1593 permittat
449 1522 788 1588 graveolenti
816 1532 1013 1592 putore
1043 1523 1409 1590 infidelitatis,
1438 1541 1536 1594 per
1561 1525 1868 1594 principem
1932 1529 2119 1582 saaculi
2151 1530 2313 1585 istius
2365 1532 2754 1602 suggerendae;
2821 1530 3119 1600 nequando
3182 1545 3412 1584 exorre-

132 1632 258 1670 mus
293 1632 327 1669 a
361 1615 498 1671 calle
531 1616 913 1681 rectitudinis,
941 1635 1054 1688 quo
1079 1621 1168 1674 vel
1208 1619 1425 1674 tandem
1459 1635 1556 1689 spe
1589 1618 1798 1689 perfrui
1834 1623 2119 1694 contingat
2147 1626 2276 1680 vita:
2333 1635 2554 1683 αξιοι-πω
2619 1628 2674 1682 in
2702 1627 2926 1684 Christo
2982 1628 3114 1683 Jesu
3177 1626 3411 1681 Domino

132 1715 361 1774 nostro,
387 1708 478 1762 cui
510 1709 684 1778 gloria
716 1709 772 1762 in
800 1711 1002 1764 saecula
1033 1712 1384 1766 saeculorum.
1411 1711 1606 1768 Amen.

764 1846 983 1898 ΛΟΓΟΣ
1018 1847 1092 1900 B’.

711 1959 852 2025 Περὶ
885 1959 1155 2025 ἐλπίδος.

213 2069 356 2123 Ἀπδ
383 2068 486 2138 τῆς
511 2069 751 2132 πίστεως
775 2071 1057 2140 προΐωμεν
1107 2072 1203 2124 ἐπὶ
1233 2072 1336 2144 τὴν
1366 2073 1721 2142 δευτερεύου-

133 2180 233 2214 σαν
302 2161 540 2225 ἐλπίδα,
592 2162 715 2230 ἣτις
761 2163 822 2229 ἐξ
887 2163 1063 2230 αὐτῆς
1107 2163 1446 2236 ἀρδευομένη
1509 2183 1722 2236 καρπο-

133 2255 320 2322 φορεῖ,
344 2254 406 2305 ἒν
433 2253 756 2322 τριάκοντα,
780 2253 879 2305 καὶ
902 2252 960 2304 ἒν
987 2252 1275 2323 ἑξήκοντα,
1302 2256 1396 2307 καὶ
1417 2255 1476 2307 ἓν
1499 2255 1719 2309 ἑκατόν.

145 2345 403 2406 Ἐλπίδος
431 2344 541 2415 γὰρ
570 2343 923 2414 ὴδρασμένης
959 2343 1114 2397 οὐδὲν
1141 2343 1437 2417 ἀνώτερον.
1493 2346 1632 2417 Περὶ
1662 2345 1722 2398 δὲ

133 2435 235 2503 τῆς
266 2435 519 2503 ἀγάπης,
564 2435 689 2503 ἥτις
719 2433 880 2504 τρίτη
915 2435 1017 2503 μὲν
1049 2435 1407 2505 ὀνομάζεται,
1440 2436 1634 2505 πρώτη
1664 2436 1722 2490 δὲ

135 2527 408 2596 τυγχάνει
441 2525 633 2579 πασῶν
660 2527 772 2578 τῶν
796 2527 1036 2598 ἀρετῶν,
1067 2529 1125 2581 ὲν
1150 2530 1268 2589 τοῖς
1298 2527 1529 2582 κατόπιν
1557 2527 1724 2599 δηλὼ-

139 2634 336 2687 σομεν.
375 2617 600 2685 Πρῶτος
631 2616 801 2679 Ἑνὼς
831 2619 860 2670 ὁ
885 2618 982 2670 τοῦ
1013 2617 1121 2689 Σὴθ
1150 2618 1363 2681 δίκαιος
1391 2619 1457 2672 ὲκ
1484 2619 1719 2684 δικαίου,

135 2701 303 2772 οὗτος
355 2708 588 2778 ἤλπισεν
641 2708 1032 2764 ἐπικαλεῖσθαι
1080 2710 1142 2762 τὸ
1179 2709 1351 2779 ὄνομα
1385 2711 1595 2780 Κυρίου
1624 2709 1722 2762 τοῦ

133 2801 298 2856 Θεοῦ.
347 2801 510 2854 Ὅσοι
551 2799 662 2870 γάρ
713 2800 808 2854 διά
851 2800 954 2870 τῆς
1000 2803 1082 2864 είς
1125 2800 1263 2854 Θεδν
1308 2801 1529 2863 έλπίδος
1571 2817 1724 2870 χειρ-

135 2890 520 2961 αγωγοῦνται,
571 2889 712 2958 πρὸς
741 2889 906 2944 αύτδν
935 2892 1237 2957 ἀνάγονται
1268 2890 1364 2945 καὶ
1395 2891 1722 2960 φωτίζονται

135 2984 200 3036 ἑκ
231 2982 341 3051 τῆς
369 2982 567 3051 αίγλης
593 2981 691 3035 τοῦ
710 2985 726 3001 ⁶
774 2982 950 3035 ἀϊδίου
980 2982 1184 3050 φωτός.
1219 2982 1386 3037 Δασὶδ
1409 2984 1439 3036 δ
1463 2983 1721 3052 βασιλεὺς

135 3073 418 3144 γηράσας,
442 3074 539 3126 καὶ
571 3071 648 3142 μὴ
671 3071 1103 3142 θερμαινόμενος
1130 3073 1190 3126 έν
1211 3074 1328 3135 τοῖς
1351 3072 1721 3144 δικαιώμασιν

135 3163 307 3219 αὑτοῦ
327 3203 345 3229 ,
400 3163 573 3234 ⁴ᾔτησε
607 3162 740 3234 μίαν
768 3161 1062 3234 παρθένον,
1099 3163 1190 3216 ἵνα
1224 3163 1502 3234 θερμαίνῃ
1532 3164 1720 3230 αύτδν,

137 3255 490 3324 Σουμανῐτιν.
549 3254 879 3325 Σουμανῖτις
918 3254 977 3308 δὲ
1026 3254 1395 3324 ἑρμηνεύεται
1448 3255 1718 3325 οὐρανία.

149 3347 294 3400 Ἀλλ’
337 3347 441 3400 ούκ
474 3345 616 3415 έγνω
648 3345 819 3416 αὐτὴν
863 3347 893 3399 ὁ
923 3346 1221 3417 βασιλεύς·
1279 3347 1596 3414 τουτέστιν,
1620 3349 1722 3404 οὐκ

138 3438 364 3510 ἔφθειρε
394 3437 494 3508 τὴν
523 3439 718 3492 ἐλπίδα
742 3437 911 3490 αὐτοῦ
941 3437 1043 3508 τὴν
1070 3438 1346 3508 οὐράνιον.
1381 3439 1526 3510 Ὅρα
1551 3440 1605 3492 τί
1631 3440 1721 3493 λέ·-

136 3548 224 3598 γει
262 3532 298 3601 ἡ
331 3529 564 3600 Γραφή·
622 3547 642 3580 ι
680 3528 746 3583 Εί
779 3521 883 3581 ὦσι
913 3529 1043 3594 δύο,
1093 3529 1190 3583 καί
1223 3547 1287 3598 γε
1321 3529 1503 3600 Θέρμη
1533 3531 1721 3595 αὐτοῖς

137 3624 310 3675 ἐστιν.
340 3639 361 3672 ι
427 3619 492 3672 Ἠ
524 3619 711 3681 πίστις
735 3657 750 3680 ,
799 3619 895 3670 ιάν
928 3618 1027 3690 ἔχῃ
1075 3619 1288 3683 ἐλπίδα,
1326 3618 1442 3689 ἔχει
1474 3620 1537 3672 τὸ
1587 3620 1721 3674 ἴδιον

137 3709 324 3782 ἔργον,
365 3707 462 3761 καὶ
490 3707 672 3776 θέρμη
705 3707 824 3760 ἐστὶ
852 3705 934 3777 τῷ
959 3707 1309 3778 κεκτημένῳ,
1340 3707 1526 3772 καθώς
1554 3726 1722 3780 φησιν

139 3802 168 3853 ὁ
215 3799 493 3870 μακάριος
533 3799 741 3867 Πέτρος
765 3814 778 3828 ·
819 3816 839 3849 ι
869 3798 1316 3869 Ἀναζωσάμενοι
1355 3792 1466 3864 ’τὰς
1507 3801 1722 3870 ὀσφύας

142 3890 238 3959 τῆς
268 3889 515 3952 διανοίας
551 3888 728 3959 ὑμῶν,
763 3889 1048 3959 νήφοντες,
1082 3891 1308 3953 τελείως
1337 3891 1597 3945 ἐλπίσατε
1629 3891 1722 3944 ἐπὶ

141 3981 238 4050 τὴν
281 3980 599 4050 φερομένην
639 3981 769 4050 ύμῖν
818 3982 1012 4051 χάριν,
1068 3981 1126 4034 έν
1163 3983 1512 4051 ἀποκαλύψει
1542 3983 1721 4054 Ἰησοῦ

140 4070 418 4142 Χριστοῦ,
466 4071 544 4134 ὡς
583 4069 752 4130 τέκνα
788 4072 1060 4141 ὑπακοῆς.
1094 4091 1113 4124 ›
1167 4073 1276 4126 Kal
1307 4075 1336 4126 ὁ
1364 4073 1456 4126 τοῦ
1483 4073 1719 4144 Σειράχ’

143 4183 162 4217 ι
203 4166 303 4229 Τίς
333 4165 566 4235 ἧλπισεν
597 4164 690 4217 ἐπὶ
716 4163 946 4235 Κύριον,
981 4166 1075 4219 καὶ
1104 4167 1539 4236 ὲγκατελείφθη;
1574 4167 1607 4237 ἢ
1640 4167 1723 4231 τίς

137 4257 389 4327 ἐνέμεινε
432 4255 514 4323 τῷ
553 4255 706 4326 φόὸῳ
740 4255 944 4321 αύτοῦ,
997 4257 1096 4310 καὶ
1142 4257 1432 4327 ὑπερεῖδεν
1463 4257 1666 4322 αὐτόν;
1699 4278 1717 4311 ι

147 4348 208 4400 '0
232 4347 290 4400 Gl
322 4346 655 4416 Ψαλμῳδός·
696 4363 718 4399 ι
743 4347 1033 4418 Μακάριος
1059 4347 1200 4419 ἀνὴρ
1230 4343 1292 4403 οὗ
1321 4352 1440 4402 ἐστι
1467 4349 1527 4402 τὸ
1548 4348 1723 4419 ὄνομα

2416 1847 2702 1905 IIOMILIA
2752 1849 2820 1905 ll.

2505 1961 2582 2015 De
2630 1979 2737 2032 spe.

1894 2070 1938 2124 A
1973 2070 2079 2126 fide
2136 2071 2398 2139 digressi,
2453 2072 2521 2125 ad
2557 2087 2679 2125 eam
2715 2072 3144 2142 progrediamur
3173 2091 3296 2144 qua:
3327 2091 3414 2130 se-

1825 2161 2057 2214 eundas‘
2083 2162 2324 2225 obtinet,
2378 2177 2534 2230 spem
2586 2178 2760 2232 :qu:e
2796 2178 2950 2230 sane,
3010 2164 3136 2218 fidei
3193 2167 3410 2221 roscida

1824 2252 2115 2321 aspergine
2156 2253 2380 2321 perfusa
2431 2254 2672 2306 fructum
2702 2253 2918 2318 aﬂ‘eret,
2964 2271 3136 2309 unum
3185 2257 3413 2325 quidem

1827 2344 2194 2406 tricesimum,
2250 2343 2489 2398 alterum
2535 2344 2965 2413 sexagesimum,
3012 2346 3181 2399 alium
3218 2362 3416 2403 rursus

1823 2437 2188 2489 centesimum
2217 2435 2282 2487 “.
2309 2434 2416 2502 Spe
2443 2435 2594 2488 enim
2617 2436 2993 2500 constabilita,
3029 2438 3118 2491 vix
3157 2438 3268 2492 ulla
3302 2439 3407 2493 alia

1822 2526 2004 2578 virtus
2041 2539 2296 2594 peraeque
2323 2524 2605 2579 sublimis.
2641 2525 2720 2578 De
2743 2526 3015 2581 charitate
3042 2535 3252 2593 autem,
3287 2545 3410 2598 qua!

1824 2615 2044 2670 tertiam
2068 2614 2299 2667 sortitur
2332 2613 2386 2666 in
2419 2614 2594 2669 classe
2617 2614 2886 2668 virtutum
2909 2617 3410 2683 nomenelaturam,

1823 2706 2144 2778 primiceria
2193 2704 2403 2774 alioqui
2447 2721 2575 2760 cum
2623 2705 2720 2770 sit,
2768 2713 3112 2776 exterasque
3147 2708 3410 2764 omnibus

1823 2803 2178 2851 antevertens
2224 2795 2518 2864 dignitate,
2548 2796 2864 2864 posteriore
2909 2796 3033 2850 loco
3074 2797 3409 2866 explicatius

1822 2889 2184 2943 disseremus.
2241 2887 2462 2942 Primus
2500 2888 2650 2942 Enos
2679 2886 2829 2941 illius
2858 2887 2991 2942 Seth
3028 2890 3096 2953 ",
3125 2891 3312 2959 justus
3338 2905 3410 2944 ex

1817 2981 1972 3051 justo
2016 2979 2268 3049 speravit
2316 2980 2581 3034 invocare
2619 2994 2827 3034 nomen
2874 2979 3097 3034 Domini
3126 2980 3246 3034 Dei.
3271 2979 3406 3046 Qui-

1823 3085 2047 3140 cunque
2092 3071 2351 3140 praesidio
2396 3071 2539 3142 spei,
2579 3071 2637 3125 in
2676 3071 2850 3125 Deum
2879 3071 3214 3134 constantis,
3264 3070 3406 3133 nixi.

1823 3163 1978 3218 velut
2003 3179 2169 3218 manu
2192 3163 2501 3228 ducuntur,
2526 3163 2668 3218 mire
2697 3164 2801 3218 hos
2827 3165 2979 3218 Deus
3009 3162 3080 3218 ad
3111 3161 3406 3218 sublimem

1823 3263 1881 3310 et
1930 3254 2241 3311 theoricam
2269 3269 2571 3325 anagogem
2596 3253 2881 3318 subvehit,
2912 3270 2978 3310 ac
3001 3257 3242 3326 propria:
3267 3255 3408 3309 lueis

1821 3346 2118 3417 splendore
2177 3361 2414 3402 corusco
2461 3345 2717 3400 irradiat.
2778 3345 2953 3401 David
3017 3346 3258 3402 eximius
3309 3361 3407 3401 rex

1820 3439 1977 3495 senio
2004 3438 2276 3499 defessus,
2304 3454 2433 3492 cum
2465 3439 2697 3493 suismet
2725 3437 3223 3508 justiﬁcationibus
3252 3440 3407 3493 nullo

1820 3539 1983 3600 pacto
2043 3529 2436 3593 recalesceret,
2486 3529 2686 3585 ascivit
2756 3529 2864 3583 sibi
2917 3529 2964 3561 ⁷⁸
3027 3529 3405 3600 virgunculam

1822 3637 2010 3686 unam,
2047 3636 2244 3688 nempe
2286 3619 2656 3684 Sunamitent,
2705 3637 2829 3689 qua:
2857 3621 3038 3689 ipsum
3070 3620 3408 3675 exealeface-

1822 3721 1908 3768 ret
1953 3713 2280 3783 (Sunamitis
2325 3712 2562 3782 proinde
2612 3728 2712 3767 sua
2746 3713 3206 3782 interpretatione
3243 3723 3407 3769 sonat

1822 3803 2130 3872 caelestem),
2171 3811 2436 3858 creterum
2474 3817 2589 3857 non
2648 3803 2878 3873 agnovit
2925 3819 3049 3857 eam
3104 3819 3235 3869 rex;
3297 3805 3403 3858 hoc

1821 3907 1927 3961 est,
1992 3897 2132 3950 nihil
2168 3896 2286 3950 vitii
2324 3904 2422 3949 aut
2464 3895 2798 3964 corruptela:
2861 3894 3054 3949 intulit
3112 3895 3237 3964 spei
3292 3911 3406 3949 sum

1821 3987 2055 4043 cmlcsti.
2084 3986 2215 4041 Mihi
2237 3987 2389 4050 vide,
2417 4002 2549 4040 num
2588 3985 2640 4039 id
2676 3986 2966 4055 Scriptura
3002 3987 3092 4040 illa
3126 3987 3400 4042 insinuet:

1830 4098 1849 4130 ι
1885 4078 1942 4133 Si
2002 4078 2213 4132 fuerint
2265 4078 2399 4143 duo,
2451 4077 2646 4146 utique
2704 4077 2858 4130 calor
2913 4078 3026 4131 illis
3077 4078 3404 4146 neutiquam

1822 4170 2120 4225 defuturus
2139 4171 2322 4232 est";
2363 4187 2381 4218 ι
2417 4168 2630 4238 1030
2653 4169 2919 4222 nimirum
2953 4169 2999 4224 si
3029 4168 3192 4224 fidem
3219 4169 3405 4224 vivida

1822 4269 2197 4328 constansque
2251 4257 2612 4312 comitabitur
2655 4272 2806 4326 spes.
2862 4257 2972 4311 Sed
3017 4266 3074 4312 et
3122 4258 3404 4328 peculiare

1824 4352 1940 4422 spei
1999 4366 2140 4420 opus
2185 4359 2271 4404 est
2313 4348 2443 4412 hoc,
2492 4364 2553 4402 se
2600 4348 3004 4417 possidentem,
3043 4348 3227 4403 reddit
3266 4365 3404 4418 pra:-

141 4438 352 4508 Κυρίου
387 4437 545 4500 έλπὶς
572 4437 762 4492 αὑτοῦ.
789 4456 808 4487 ι
851 4439 982 4503 Kal,
1017 4458 1035 4491 ι
1069 4439 1551 4510 Εύφρανθήτωσαν
1578 4441 1717 4494 πάν-
1749 4459 1794 4516 ι)
1821 4445 1903 4499 fer

1637 4441 1717 4494 ιν·
1749 4459 1794 4516 ι)
1821 4443 2120 4502 fervidum.
2156 4441 2314 4511 juxta
2349 4439 2497 4494 beati
2527 4440 2679 4493 Petri
2719 4440 3081 4502 sententiam,
3130 4440 3399 4495 dicentis:

138 4544 230 4592 τες
262 4531 312 4582 οἱ
343 4527 663 4593 ἐλπίζοντες
692 4530 787 4582 ἐπὶ
816 4529 922 4583 σοί.
947 4548 966 4582 ι
1005 4531 1118 4584 Kal
1147 4527 1304 4594 αὖθις
1327 4549 1340 4563 ·
1383 4549 1402 4582 ι
1426 4532 1544 4585 Ἐπ’
1573 4531 1722 4602 αύτῷ

145 4623 383 4692 ἧλπισεν
411 4625 446 4692 ἡ
476 4622 673 4694 καρδία
701 4640 802 4692 μου
821 4638 834 4650 ⁶
863 4624 959 4675 καὶ
983 4622 1317 4695 ἐϐοηθήοην,
1345 4625 1440 4678 καὶ
1463 4625 1725 4678 ἀνέοαλεν

146 4715 180 4781 ἡ
211 4713 352 4784 σάρξ
380 4731 482 4784 μου
514 4713 611 4767 καὶ
636 4715 701 4766 ἐκ
725 4713 818 4766 τοῦ
849 4713 981 4768 ἰδίου
1011 4714 1379 4784 βοηθήματος.
1411 4734 1428 4767 ι
1491 4715 1600 4769 Kal.
1628 4715 1724 4769 ἀλ-

148 4805 272 4870 λους
330 4805 693 4874 ἀχειραγώγει
750 4804 960 4873 λέγων·
1022 4823 1042 4858 ι
1079 4806 1366 4861 Ἐλπίσατε
1415 4808 1504 4860 ἐπ’
1533 4808 1725 4872 αὐτὸν,

148 4896 298 4948 πᾶσα
344 4897 379 4964 ἡ
432 4894 728 4966 συναγωγὴ
772 4895 950 4960 λαῶν,
1004 4896 1233 4966 έκχέατε
1277 4897 1511 4951 ἐνώπιον
1552 4897 1760 4952 αὐτοῦ·

144 4984 245 5048 τάς
274 4985 507 5056 καρδίας
536 4985 718 5056 ὑμῶν,
752 4987 836 5040 ὅτι
863 4987 893 5039 δ
920 4987 1054 5051 Θεὸς
1081 4988 1277 5059 βοηθὸς
1303 4989 1479 5058 ὑμῶν.
1514 5007 1532 5040 ι
1590 4989 1721 5055 Kal,

155 5077 456 5130 «Ἐλπισον
484 5078 577 5132 ἐπὶ
605 5078 834 5148 Κύριον,
866 5080 963 5134 καὶ
989 5079 1133 5136 ποίει
1159 5082 1565 5152 χρηστότητα.»
1590 5082 1726 5146 Kal,

154 5187 172 5219 ι
211 5169 593 5239 Ἀποκάλυψον
635 5170 769 5240 πρὸς
803 5169 1011 5241 Κύριον
1047 5172 1148 5242 τὴν
1176 5171 1295 5224 ὀδόν
1330 5189 1428 5225 σου
1453 5213 1468 5235 ,
1513 5172 1609 5226 καὶ
1638 5172 1726 5225 Ελ-

153 5274 309 5312 πισον
338 5260 425 5313 ἐπ’
451 5259 637 5322 αὑτοῦ,
663 5261 758 5312 καὶ
786 5260 948 5323 αύτὸς
976 5264 1246 5333 ποιήσει.»
1279 5262 1392 5316 Kal.
1415 5263 1687 5323 6'Haa‘la;
1705 5275 1720 5290 °

219 5439 265 5512 ‘_‘
285 5438 360 5493 De
383 5437 473 5493 his
488 5437 968 5512 abundejlionys.
1005 5440 1206 5512 Areop.
1220 5456 1350 5512 cap.
1377 5442 1435 5495 ll
1481 5441 1557 5494 De
1587 5443 1777 5495 divinis
1833 5442 2147 5512 nomimvns.

1827 4554 1846 4587 ι
1875 4531 2160 4590 Suecincti
2204 4531 2426 4585 lumbos
2462 4530 2664 4583 mentis
2689 4539 2909 4594 vestrae,
2939 4529 3135 4594 sobrii,
3161 4530 3403 4598 perfecte

1821 4632 2044 4696 sperate
2077 4623 2134 4677 in
2167 4638 2287 4677 eam
2326 4635 2448 4689 qua!
2485 4620 2720 4674 oti‘ertur
2758 4620 2915 4674 vobis
2941 4621 3198 4689 gratiam,
3232 4621 3288 4674 in
3317 4638 3404 4677 rc—

1821 4713 2101 4769 velatione
2150 4712 2278 4767 Jesu
2327 4709 2538 4764 Christi
2568 4711 2724 4779 quasi
2779 4710 2879 4763 lilii
2914 4710 3248 4765 obedientize
3269 4712 3336 4764 τ’.
3376 4730 3396 4760 ι

1823 4805 2031 4862 Eodem
2095 4811 2308 4873 spectat
2361 4800 2499 4854 illud
2549 4799 2678 4855 Jesu
2755 4801 2850 4855 lilii
2903 4801 3095 4856 Siraeh
3141 4819 3153 4856 :
3212 4821 3231 4852 ι
3267 4801 3404 4868 Quis

1823 4896 2067 4967 speravit
2111 4895 2168 4949 in
2218 4892 2535 4958 Dominum,
2566 4901 2623 4947 et
2669 4893 2974 4948 derelictus
2999 4894 3123 4948 est?
3157 4905 3254 4948 aut
3275 4893 3402 4963 quis

1823 4986 2130 5059 permansit
2166 4985 2221 5038 in
2274 4984 2472 5040 timore
2522 4986 2680 5056 ejus,
2713 4993 2770 5040 et
2801 4984 3053 5053 despexit
3106 5000 3233 5039 cum
3259 4985 3348 5039 "?
3376 5005 3394 5037 ι

1825 5081 2055 5137 Melieus
2106 5079 2331 5146 insuper
2369 5078 2708 5148 psalmorum
2755 5076 3112 5147 Coneeptor:
3151 5095 3170 5128 ι
3202 5075 3402 5131 Beatus

1823 5173 1911 5227 vir
1944 5172 2102 5241 cujus
2141 5177 2226 5223 est
2268 5183 2473 5223 nomen
2527 5168 2742 5223 Domini
2794 5183 2922 5237 spes
2971 5169 3093 5237 ejus
3121 5166 3188 5220 ⁷⁸.
3221 5185 3239 5217 ι
3284 5166 3396 5221 Et:

1832 5282 1852 5315 ι
1889 5263 2170 5317 ιωιεῐιιυι·
2204 5275 2402 5314 omnes
2443 5259 2539 5329 qui
2564 5259 2864 5330 sperantin
2901 5267 2952 5314 te
2986 5259 3051 5311 ".
3083 5277 3102 5310 ι
3141 5258 3395 5312 Rursus:

2225 5441 2268 5471 "
2308 5438 2498 5493 Matth.
2551 5455 2696 5501 χχι-ι,
2742 5440 2793 5493 7.
2870 5439 2915 5471 ⁸⁸
2943 5437 3133 5492 Matth.
3183 5451 3297 5497 xm,
3337 5434 3391 5488 8.

152 5508 197 5581 ff
215 5508 366 5581 G_en._
389 5523 462 5572 tv,
482 5508 592 5581 26.
647 5505 906 5581 "IRegf
923 5527 960 5578 ι,
1000 5511 1049 5566 l.
1125 5505 1170 5542 ’ί
1211 5505 1370 5567 Eccle
1412 5528 1484 5576 Iv,
1512 5512 1595 5565 ll.
1672 5513 1717 5543 "
1750 5512 1768 5566 Ι
1803 5513 1914 5567 Pen

1672 5513 1717 5543 "
1750 5512 1768 5566 Ι
1803 5513 1948 5567 Petr.
1981 5526 2017 5574 I,
2052 5511 2138 5574 15,
2172 5509 2256 5564 H.
2332 5511 2378 5541 ⁷³
2415 5509 2584 5563 Eccli.
2627 5525 2682 5575 ιι,
2706 5509 2789 5563 l2.
2866 5509 2911 5540 “
2941 5508 3081 5563 Psal.
3120 5521 3300 5572 xxxix,
3337 5505 3390 5559 5.

153 5579 196 5609 "
248 5579 390 5633 Psal.
423 5595 477 5644 ν,
536 5578 621 5633 12.

1431 5688 1662 5744 VARI/li
1697 5688 2096 5746 LECTIONES.

229 5781 270 5821 ί·
299 5780 448 5834 ἰδίου.
