4462 6440
904 363 1036 422 1439

2171 367 2537 424 ANTIOCHI
2576 366 2918 425 MONACHI

4034 362 4175 424 1440

902 495 920 523 ι
953 474 1010 528 In
1069 488 1188 539 Ipso
1251 473 1495 538 speravit
1543 488 1638 523 eor
1679 487 1882 533 meum,
1939 482 1996 523 et
2046 474 2271 541 adjutus
2321 490 2466 535 sum,
2499 480 2543 533 Α
2579 495 2596 525 ι
2645 476 2664 525 ’λ

2411 491 2466 535 ιι,
2499 480 2543 533 Α
2579 495 2596 525 ι
2645 475 2986 540 Ἦλπίσαμεν
3036 473 3128 524 ἐπὶ
3171 473 3247 540 τῷ
3289 469 3517 538 ὀνόματι
3564 471 3772 538 Κυρίου
3825 471 3919 522 καὶ
3968 473 4062 522 ἐπὶ
4103 479 4169 542 τῇ

894 576 950 617 et
1002 563 1249 616 reﬂoruit
1283 579 1409 616 caro
1443 579 1583 624 mea,
1615 571 1669 615 et
1697 577 1761 615 ex
1789 564 2011 631 propria
2049 565 2332 618 voluntate
2359 567 2423 618 ".
2451 585 2468 615 ι

896 652 1004 706 Sed
1053 662 1110 706 et
1143 653 1283 706 alios
1322 654 1469 706 velut
1527 670 1690 706 manu
1739 653 1950 709 ducens
1987 657 2333 721 instituebat,
2395 659 2476 710 in-

898 746 1076 799 vitans
1133 746 1201 799 ad
1255 746 1604 814 complexum
1653 747 1844 800 solida:
1898 749 2034 811 spei,
2105 749 2234 801 dum
2290 750 2471 803 dicit:

902 856 920 886 ι
954 837 1183 905 Sperate
1231 840 1286 891 in
1331 855 1457 891 eum
1501 839 1683 892 omnis
1716 842 2074 909 congregatio
2114 843 2470 910 populorum;

895 928 1167 980 eﬂ‘undite
1202 944 1389 981 coram
1422 930 1516 982 illo
1550 929 1716 982 corda
1741 939 1945 990 vestra,
1977 931 2105 999 quia
2137 933 2281 985 Deus
2315 933 2474 1003 adju-

897 1029 982 1072 tor
1024 1029 1212 1073 noster
1242 1021 1306 1072 ".
1335 1043 1350 1071 ι
1391 1023 1500 1074 Et:
1541 1041 1558 1070 ι
1590 1021 1764 1089 Spera
1815 1023 1871 1074 in
1929 1023 2246 1086 Dominmu,
2286 1033 2342 1076 et
2391 1027 2476 1078 fac

899 1110 1199 1162 bonitatem
1230 1111 1296 1162 ".
1340 1130 1357 1159 ι
1397 1112 1461 1163 Ι⁴Σῑ
1496 1128 1507 1162 :
1537 1129 1553 1159 ι
1578 1112 1778 1165 Revela
1804 1113 2037 1165 Domino
2065 1113 2208 1166 viam
2240 1123 2388 1166 tuam
2421 1122 2477 1168 et

897 1217 1056 1268 spera
1101 1200 1154 1252 in
1204 1215 1354 1264 eum,
1408 1211 1465 1253 et
1501 1203 1618 1270 ipse
1667 1203 1832 1256 faciet
1879 1204 1946 1255 ⁷³.
1988 1221 2004 1252 ι
2069 1203 2236 1257 Isaias
2295 1206 2472 1259 item:

904 1308 921 1338 ι
964 1289 1322 1356 Speravimus
1375 1292 1429 1344 in
1483 1294 1706 1346 nomine
1742 1301 1834 1345 tuo
1885 1303 1940 1346 et
1984 1295 2039 1346 in
2095 1296 2364 1349 memoria
2398 1299 2474 1351 lui

896 1379 1240 1432 desiderium
1278 1391 1527 1433 nostrum
1572 1383 1636 1434 ⁸⁸.
1671 1402 1688 1432 ι
1742 1383 1983 1436 Rursum
2030 1384 2236 1438 Paulus
2281 1406 2292 1440 :
2327 1408 2342 1437 ι
2371 1389 2476 1457 Spe

896 1469 1032 1522 salvi
1086 1469 1485 1533 facti'sumus;
1517 1486 1644 1537 spes
1694 1479 1880 1524 autem
1933 1487 2057 1540 qua:
2093 1473 2334 1538 videtur,
2366 1491 2475 1526 non

897 1571 983 1614 est
1012 1576 1134 1628 Spes
1164 1579 1175 1612 :
1222 1561 1369 1629 quod
1405 1562 1552 1615 enim
1588 1562 1738 1614 videt
1772 1564 1917 1630 quis,
1963 1563 2100 1630 quid
2152 1566 2385 1631 sperat?
2421 1566 2474 1618 Si

899 1665 1080 1707 autem
1129 1655 1273 1722 quod
1335 1672 1444 1708 non
1477 1656 1748 1718 videmus,
1779 1671 2092 1725 speramus,
2127 1674 2228 1725 per
2262 1659 2478 1726 patien-

2590 564 2749 632 μνεία
2780 561 2949 615 αὐτοῦ
2975 564 2997 601 ⁸
3094 561 3358 630 ἐπιθυμία
3387 560 3563 628 ἡμῶν.
3583 579 3599 610 ι
3637 560 3748 612 Καὶ
3777 561 3939 612 πάλιν
3969 564 3998 614 6
4022 563 4170 613 Παῦο

2587 656 2704 716 λοςο
2737 673 2754 704 ι
2784 654 2862 722 Τῇ
2889 655 2998 722 γὰρ
3026 652 3200 704 ἐλπίδι
3229 651 3407 720 ἐσώθη
3421 667 3548 718 μεν⁶
3581 651 3739 713 ἐλπὶς
3765 652 3820 703 δὲ
3854 651 4167 724 βλεπομένη

2585 747 2686 796 οὐκ
2717 745 2864 796 ἐστιν
2895 745 3070 806 ἐλπίς.
3118 745 3183 794 Ὀ
3213 743 3322 810 γὰρ
3359 742 3545 809 βλέπει
3573 759 3679 804 τις,
3713 743 3765 794 τί
3798 745 3890 796 καὶ
3918 744 4166 810 ἐλπίζεις

2588 837 2634 885 εί
2666 835 2720 885 δὲ
2750 835 2777 886 ὃ
2807 834 2866 886 οὐ
2899 833 3173 902 βλέπομεν
3207 832 3503 900 ἐλπίζομεν
3526 872 3539 891 ,
3579 833 3647 884 δι’
3681 833 3965 903 ὑπομονῆς
3996 837 4168 887 ἁπεκ-

2584 925 2874 994 δεχὸμεθα.
2909 946 2926 976 ι
2990 927 3100 977 Καὶ
3151 925 3356 988 πάλιν,
3432 944 3449 975 ι
3510 925 3762 994 Ἱσχυρὰν
3816 927 4168 996 παράκλησιν

2586 1015 2783 1084 ἔχομεν
2824 1018 2872 1069 οἱ
2910 1017 3323 1084 καταφυγόντες
3354 1016 3627 1085 κρατῆσαι
3660 1019 3759 1086 τῆς
3789 1019 4166 1087 προκειμένης

2586 1107 2841 1170 ἐλπίδος,
2912 1108 2980 1174 ἦν
3038 1107 3112 1168 ῶς
3161 1108 3412 1176 ἄγκυραν
3461 1105 3657 1174 ἔχομεν
3701 1107 3918 1176 ἀσφαλῆ
3962 1125 4023 1158 τε
4076 1111 4166 1159 καὶ

2589 1198 2830 1265 βεϐαίαν.
2857 1218 2874 1248 ι
2925 1198 3034 1250 Καὶ
3064 1200 3283 1264 ἐπάγει,
3327 1217 3342 1247 ι
3379 1199 3500 1248 "Ott
3535 1197 3713 1248 ἐλπίδι
3745 1198 3952 1264 διρείλει
3981 1199 4008 1248 6
4037 1201 4165 1267 ἀρο-

2585 1289 2756 1358 τριῶν
2805 1291 3101 1358 ἁροτριᾷν,
3159 1289 3255 1340 καὶ
3299 1289 3327 1339 6
3369 1288 3545 1340 άλοῶν
3596 1287 3694 1355 τῆς
3742 1289 3958 1351 ἐλπίδος
4003 1291 4165 1342 αὐτοῦ

2589 1381 2840 1448 μετέχειν
2857 1382 2903 1431 h.
2940 1388 2987 1430 ι’
3023 1382 3135 1434 Καὶ
3183 1383 3240 1433 ἐν
3283 1379 3359 1448 τῷ
3406 1380 3549 1431 κατὰ
3584 1382 3802 1431 Λουκὶν
3844 1380 4167 1448 Εὖαγγελίῳ

2586 1473 2716 1542 περὶ
2743 1470 2837 1523 τοῦ
2866 1471 3091 1537 Συμεών
3123 1489 3312 1541 φησιν,
3351 1489 3370 1522 ι
3394 1466 3503 1523 Ἷίν
3533 1471 3683 1541 αὐτῷ
3714 1475 4166 1540 κεχρηματισμέν

2585 1582 2674 1615 νον
2709 1565 2815 1615 ὑπὸ
2846 1563 2939 1616 τοῦ
2974 1563 3293 1631 Πνεύματος
3328 1563 3421 1615 τοῦ
3454 1563 3633 1630 ἁγίου,
3672 1563 3764 1614 τοῦ
3803 1563 3877 1632 μὴ
3911 1563 4043 1615 ίδεῑν
4075 1565 4167 1615 θά-

2585 1674 2744 1708 νατον
2769 1698 2781 1720 ,
2835 1657 2940 1717 ἕως
2973 1651 3032 1708 οἶδ
3068 1655 3151 1724 ἴδῃ
3181 1656 3274 1707 τὸν
3303 1656 3536 1724 Χριστὸν
3565 1657 3798 1723 Κυρίου.
3829 1676 3846 1706 ι
3910 1657 4024 1707 Καὶ
4069 1657 4166 1707 οὐκ

902 1745 1030 1797 tiam
1087 1757 1472 1814 exspectamus
1507 1749 1574 1800 ⁸⁸.
1618 1767 1635 1798 ι
1677 1749 1881 1801 lterum
1919 1767 1930 1801 :
1974 1769 1989 1800 ι
2021 1750 2184 1803 Forte
2218 1751 2474 1803 solatium
2586 1749 2664 1800 ἐνέ

2406 1766 2474 1802 IIII
2586 1749 2857 1818 ἐνέκρωσε
2891 1749 2989 1818 τὴν
3017 1749 3230 1809 ἐλπίδα,
3267 1748 3381 1800 ἀλλ’
3407 1745 3475 1817 ἦν
3502 1749 3819 1818 προσδοκῶν
3851 1749 3944 1800 τὸν
3972 1748 4168 1800 ποθού-

900 1838 1192 1902 habemus,
1227 1841 1320 1908 qui
1351 1840 1702 1910 conl'uginuls
1725 1840 1790 1893 ad
1817 1841 2108 1894 tenendam
2139 1843 2475 1909 propositam
2509 1837 2550 1890 Β
2585 1859 2662 1909 μετ

2404 1860 2475 1895 ιιιι
2509 1837 2550 1890 Β
2585 1859 2743 1909 μενον
2776 1839 3074 1908 λυτρωτὴν
3107 1840 3202 1889 καὶ
3232 1837 3462 1906 Σωτῆρα
3491 1839 3588 1889 τοῦ
3615 1839 3849 1908 κόσμου,
3883 1842 3979 1892 καὶ
4010 1839 4166 1903 δεξά-

899 1944 1052 1997 spem
1112 1947 1273 1998 quam
1328 1932 1473 1984 sicut
1521 1933 1820 1984 auchoram
1867 1932 2135 1984 habemus
2180 1940 2355 1984 tutam
2418 1947 2479 1985 ac
2584 1949 2661 1999 με·

2418 1947 2479 1985 ac
2584 1948 2743 1999 μενος
2767 1930 2929 1982 αὑτὸν
2957 1928 3209 1996 γεγηθὼς
3237 1930 3297 1980 ἐν
3323 1932 3442 1990 ταῖς
3467 1930 3738 1995 ἀγκάλαις
3767 1930 3986 1995 ἔλεγεν·
4008 1929 4165 1980 Ἀπό-

901 2021 1114 2073 ﬁrmam
1147 2023 1212 2072 ".
1241 2041 1258 2070 ι
1294 2022 1510 2075 ludueit
1545 2040 1557 2075 :
1604 2041 1621 2072 ι
1661 2023 1798 2087 Quia
1835 2023 2002 2077 debet
2027 2023 2080 2075 in
2116 2039 2213 2091 spe
2238 2024 2332 2090 qui
2359 2031 2482 2075 arat
2580 2024 2663 2073 λυε

2398 2031 2482 2075 rat
2580 2023 2742 2074 λυσόν
2791 2040 2888 2090 με,
2939 2022 3220 2080 Δέσποτα,
3269 2020 3528 2072 ἀπελθεῖν
3583 2021 3720 2092 πρὸς
3759 2021 3858 2101 τὴν
3890 2021 4160 2088 ποθουμέ-

901 2127 1084 2174 arare,
1111 2120 1165 2164 et
1193 2113 1286 2180 qui
1315 2114 1560 2176 triturat,
1587 2115 1640 2166 in
1660 2130 1755 2182 spe
1783 2114 1996 2167 fruetus
2011 2115 2354 2182 percipiendi
2375 2117 2472 2167 “.I
2581 2131 2663 2184 vq~

2404 2117 2472 2167 '.I
2581 2131 2680 2184 νην
2739 2131 2830 2182 μοι
2888 2111 3168 2181 βασιλείαν
3217 2129 3333 2163 σου.
3382 2111 3817 2178 ’Λπέλαϐονγὰρ
3847 2113 3946 2181 τὴν
3975 2111 4166 2162 ἐλπίδα

900 2202 966 2255 Et
1008 2203 1064 2256 in
1099 2203 1260 2256 Luea-
1316 2205 1612 2272 Evangelia
1664 2206 1732 2258 de
1777 2207 2082 2258 Simeoue:
2128 2225 2144 2256 ι
2177 2205 2482 2273 Aeccpcrat
2586 2223 2662 2275 μοι

2404 2215 2482 2258 rat
2586 2223 2722 2275 μου,
2775 2205 2866 2256 τὸν
2919 2202 3156 2271 Χριστὸν
3207 2201 3415 2255 Κυοίου
3444 2219 3457 2232 ·
3518 2201 3667 2271 αὑτῴ
3711 2205 3744 2271 ἡ
3775 2202 3902 2266 δόξα
3934 2205 4016 2265 είς
4044 2203 4166 2263 τοὺς

900 2295 1049 2346 enim
1089 2311 1412 2364 responsum
1447 2313 1476 2348 a
1513 2297 1720 2364 Spiritu
1752 2306 1962 2361 saneto,
1997 2313 2105 2349 non
2136 2297 2382 2349 visurum
2421 2311 2480 2349 se
2582 2295 2662 2345 αἰί

1367 2313 1412 2348 m
1447 2313 1476 2348 a
1513 2297 1720 2364 Spiritu
1752 2306 1962 2361 saneto,
1997 2313 2105 2349 non
2136 2297 2382 2349 visurum
2421 2311 2480 2349 se
2582 2293 2807 2354 αἰῶνας.
2848 2293 3042 2360 ’Λμήν.
3125 2344 3129 2347 .

903 2391 1134 2437 mortem
1185 2384 1506 2451 priusquam
1543 2384 1758 2437 videret
1786 2385 2065 2438 Christum
2135 2386 2351 2439 Domini
2381 2385 2446 2435 ⁸⁵.
2481 2403 2497 2434 ι
2547 2384 2736 2450 Neque
2779 2381 2871 2435 hic
2907 2380 3262 2434 mortificavit
3292 2395 3468 2448 spem,
3510 2381 3608 2435 sed
3671 2393 3790 2436 erat
3839 2392 4168 2450 exspectans

902 2490 1017 2528 rem
1069 2491 1233 2544 quam
1280 2491 1612 2544 magnopere
1663 2476 2037 2538 desiderabat,
2097 2479 2360 2530 nimirum
2414 2485 2476 2530 nt
2512 2475 2727 2529 videret
2792 2473 3221 2542 Redemptorem
3288 2488 3351 2525 ac
3384 2471 3725 2526 Salvatorem
3756 2473 3967 2525 mundi.
4003 2472 4164 2526 Cum-

900 2585 1009 2640 que
1044 2570 1428 2638 accepissctet
1473 2570 1826 2623 astrinxisset
1887 2571 2054 2633 ulnis,
2091 2571 2280 2624 lzctilia
2348 2571 2606 2639 perfusus
2675 2569 2941 2623 dicebat:
3003 2567 3229 2621 Dimitte
3304 2584 3412 2631 me,
3463 2567 3719 2630 Domine,
3757 2568 3950 2621 venire
3996 2569 4061 2620 ad
4113 2577 4162 2622 te

903 2673 1087 2728 regem
1113 2673 1318 2723 meum,
1348 2673 1527 2725 neque
1552 2659 1700 2710 enim
1735 2659 2029 2713 frustratus
2059 2675 2180 2713 sum
2205 2676 2301 2729 spe
2330 2676 2469 2714 mea.
2512 2659 2621 2728 lpsi
2672 2660 2847 2729 gloria
2895 2659 2950 2712 in
2994 2658 3214 2712 sateula.
3258 2659 3454 2711 Amen.

1470 2768 1754 2824 llOMlLlA
1808 2771 1896 2823 ΙΙΙ.

1512 2882 1588 2935 Dc
1614 2883 1862 2935 convivio.

971 2989 1047 3045 De
1070 2990 1280 3058 epulari
1306 2991 1561 3046 convivio
1583 2991 1970 3046 Parmmiaste‘s
1992 2992 2069 3046 ait
2096 3010 2108 3045 :
2138 3012 2155 3044 ι
2177 2993 2232 3049 Si
2264 2993 2479 3049 sederis

901 3079 968 3133 ad
1003 3080 1336 3135 cmnandum
1385 3082 1441 3136 in
1492 3098 1682 3137 mensa
1730 3085 2062 3152 potentium,
2100 3094 2308 3139 attente
2341 3101 2476 3138 con-

3245 2766 3466 2819 ΛΟΓΟΣ
3495 2765 3570 2820 ιν.

3107 2879 3247 2946 Περὶ
3280 2878 3632 2945 ἑστιάσεως.

2655 2991 2792 3060 Περὶ
2821 2991 2920 3060 τῆς
2947 2989 3240 3051 ἐστιάσεώς
3272 3007 3435 3059 φησιν
3460 2993 3488 3042 6
3516 2993 3938 3062 Παροιμιαστής
3959 3010 3972 3024 ·
3996 3013 4014 3044 ι
4040 2995 4159 3046 Ἐὰν

2585 3082 2819 3154 καθίσῃς
2842 3082 3134 3149 δειπνῆσαι
3169 3082 3262 3132 ἐπὶ
3293 3082 3571 3151 τραπέζης
3601 3083 3914 3149 δυναστῶν,
3955 3086 4162 3152 νοητῶς

902 3167 1084 3222 sidera
1111 3185 1230 3239 qua:
1261 3181 1619 3238 apponuntur
1640 3173 1763 3236 tibi,
1789 3181 1846 3226 et
1865 3173 2030 3244 injice
2054 3182 2276 3228 manum
2306 3185 2473 3238 tuam,
2506 3157 2551 3219 (ἶ
2582 3175 2664 3226 νόε

2401 3191 2473 3238 ιιι,
2506 3157 2551 3219 C
2582 3175 2691 3226 νόει
2741 3173 2810 3227 τά
2859 3173 3279 3244 παρατιθέμενα
3324 3190 3407 3226 σοι
3431 3211 3446 3236 ,
3496 3175 3590 3226 καὶ
3621 3174 3843 3227 ἐπίϐαλε
3876 3177 3977 3246 τὴν
4005 3179 4163 3246 χεῖρά

901 3260 1084 3313 sciens
1133 3261 1395 3328 quoniam
1431 3270 1656 3330 oportet
1690 3270 1741 3316 te
1774 3264 1902 3316 talia
1933 3280 2245 3333 prmparare
2281 3283 2293 3318 :
2328 3267 2477 3335 quod

902 3351 946 3403 si
995 3350 1362 3404 insatiabilior
1404 3368 1487 3416 es,
1545 3368 1615 3405 ne
1669 3353 1954 3408 desideres
1987 3356 2143 3410 cibos
2195 3357 2316 3424 ejus
2343 3357 2414 3410 ⁸³.
2449 3377 2467 3408 ι

901 3442 1054 3494 Alter
1079 3441 1242 3495 item:
1272 3461 1290 3492 ι
1321 3442 1401 3495 Ad
1438 3458 1685 3497 mensam
1717 3461 1967 3514 magnam
1994 3447 2225 3500 sedisti?
2249 3465 2318 3502 ne
2349 3465 2479 3519 ape-

905 3531 1013 3583 rias
1063 3539 1253 3601 guttur
1289 3541 1442 3585 tuum
1485 3548 1652 3603 super
1700 3535 1872 3601 illam,
1906 3547 2186 3592 memento
2217 3541 2478 3607 quoniam

902 3623 1131 3687 malum,
1178 3625 1375 3678 oculus
1413 3640 1699 3694 nequam:
1756 3643 2093 3697 quocunque
2145 3630 2475 3699 inspexeris,

903 3730 974 3768 ne
1025 3718 1293 3770 extendas
1341 3733 1565 3771 manum
1622 3726 1794 3781 luam.
1827 3729 1883 3775 et
1939 3736 2008 3775 ne
2057 3723 2396 3791 conjungere
2427 3723 2478 3776 ci

904 3807 962 3861 in
991 3807 1174 3861 catino
1211 3826 1224 3860 :
1261 3808 1511 3878 lntellige
1541 3826 1665 3878 qua:
1722 3821 1853 3864 sunt
1890 3813 2130 3880 proximi
2161 3830 2228 3867 ex
2279 3815 2477 3884 teipse,

902 3906 960 3949 et
989 3899 1145 3967 quasi
1179 3898 1232 3952 in
1259 3901 1408 3953 omni
1435 3917 1492 3954 re
1524 3903 1740 3971 cogita;
1775 3905 2002 3959 comede
2041 3915 2100 3960 ut
2127 3907 2318 3971 homo,
2354 3925 2476 3976 quie

904 3999 1260 4057 apponuntur
1290 3991 1410 4055 tibi,
1461 4001 1613 4046 etne
1659 3993 1824 4047 nimis
1854 3995 2110 4060 devores,
2151 4004 2212 4050 ut
2246 4015 2314 4052 ne
2347 4000 2476 4053 odio

905 4081 1192 4143 habearis;
1227 4081 1418 4136 desine
1442 4081 1595 4151 prior
1620 4084 1794 4154 gratia
1819 4085 2150 4154 disciplina},
2181 4096 2238 4142 et
2268 4089 2474 4160 1031

905 4187 976 4225 ne
1025 4171 1100 4225 sis
1141 4172 1542 4237 insaturabilis,
1577 4191 1646 4228 ne
1700 4175 1843 4231 forte
1897 4178 2148 4232 oil'cndas
2184 4196 2198 4234 ε
2234 4181 2383 4249 quod
2430 4183 2476 4236 si

907 4263 963 4316 iu
1019 4264 1202 4317 medio
1252 4265 1550 4318 multormu
1583 4267 1816 4330 sederis,
1847 4269 2000 4337 prior
2035 4270 2145 4324 illis
2180 4287 2249 4326 ne
2279 4281 2477 4326 exten-

907 4355 1006 4408 das
1051 4371 1275 4410 manunI
1327 4365 1500 4412 tuam.
1556 4359 1729 4424 Quam
1794 4361 2077 4416 sufﬁciens
2127 4371 2215 4417 est
2264 4365 2477 4419 homini

906 4446 1151 4510 erudito,
1202 4448 1458 4515 exiguum
1511 4449 1580 4504 ⁸⁵.
1618 4470 1636 4500 ι
1697 4451 1911 4522 Moyses
1953 4469 1967 4504 :
2025 4472 2042 4504 ι
2080 4456 2321 4510 Attende
2375 4457 2478 4511 tibi

910 4536 1014 4604 ipsi
1047 4551 1138 4599 ne,
1170 4536 1302 4590 dum
1356 4539 1666 4594 comederis
1695 4549 1752 4594 et
1778 4551 2062 4597 saturatos
2105 4543 2301 4609 fueris,
2338 4546 2485 4600 obli-

910 4626 1141 4680 viscaris
1173 4626 1393 4681 Domini
1427 4628 1524 4682 Dei
1559 4629 1637 4681 tui
1668 4629 1737 4682 "’.
1777 4648 1796 4680 ι
1831 4629 2092 4684 Concinit
2135 4633 2434 4702 Apostolus
2465 4654 2479 4690 :

918 4736 936 4763 σ
967 4717 1095 4772 Sive
1124 4719 1436 4783 comeditis,
1479 4721 1595 4773 sive
1645 4721 1859 4786 bibitis,
1906 4724 2023 4777 sive
2059 4725 2192 4793 quid
2225 4727 2372 4780 aliud
2405 4728 2484 4782 fa-

911 4808 1058 4872 citis,
1107 4810 1292 4863 omnia
1323 4810 1392 4864 ad
1441 4811 1674 4880 gloriam
1726 4812 1821 4866 Dei
1871 4813 2036 4868 facite
2065 4813 2132 4869 ⁸⁸.
2172 4833 2319 4867 ι-ι
2363 4817 2483 4872 Νοιι

914 4900 1046 4952 item
1096 4901 1164 4954 ad
1196 4901 1629 4972 disceptationes
1664 4905 2082 4974 cogitationum.
2133 4908 2228 4963 Ille
2258 4910 2482 4978 quidem

912 4992 1091 5046 credit
1146 4994 1312 5049 licere
1354 4997 1501 5050 vesci
1552 4998 1828 5062 omnibus,
1874 4998 1966 5052 hic
2016 5009 2202 5054 autem
2230 5000 2484 5058 inﬁrmus

913 5098 1039 5135 cum
1070 5083 1163 5146 sit,
1197 5085 1347 5139 olera
1372 5086 1754 5141 manducat”.
1787 5107 1804 5138 ι
1845 5087 2104 5142 lnducit:
2146 5109 2164 5141 ι
2196 5089 2300 5156 Qui
2326 5109 2484 5147 man-

915 5174 1102 5239 ducat,
1128 5191 1237 5230 non
1269 5178 1695 5234 manducantem
1724 5194 1793 5234 ne
1823 5180 2066 5250 iudicet;
2100 5190 2156 5235 tu
2181 5183 2328 5236 enim
2360 5185 2486 5253 quis

915 5277 976 5316 cs
1003 5265 1097 5331 qui
1136 5264 1355 5335 iudicas
1381 5267 1625 5321 alienum
1673 5270 1941 5324 servum?
1990 5285 2091 5324 suo
2119 5269 2348 5325 domino
2378 5281 2489 5327 stat

984 5394 1032 5426 ⁷⁸
1069 5393 1210 5448 Psal.
1273 5413 1439 5463 xxvn,
1488 5400 1541 5454 7.
1616 5401 1662 5432 ⁷⁷
1697 5401 1840 5456 Psal.
1891 5417 1995 5463 ut,
2054 5403 2108 5456 9.

916 5464 1006 5524 24,
1054 5464 1145 5518 25.

924 5534 1100 5588 13-16.
1179 5535 1222 5565 "
1274 5537 1430 5592 Deut.
1473 5555 1547 5602 v1,
1601 5540 1686 5605 12,
1721 5540 1807 5594 15.
1884 5541 1928 5571 ⁸⁸
1967 5540 2143 5596 lCor.
2185 5560 2238 5609 ι,
2279 5545 2368 5598 5|.

2183 5404 2229 5436 ⁷⁸
2262 5405 2402 5459 PSaI.
2441 5421 2620 5469 xxxvr,
2653 5407 2705 5462 5.

1218 5467 1466 5544 ξι-ιιριπ.
1508 5469 1826 5544 Vl,_1‘8,_1_9.
1887 5471 2160 5544 _'_'_l§or.
2201 5490 2276 5534 Ix.
2322 5475 2407 5527 10.
2483 5477 2529 5508 ⁸³
2565 5467 2698 5532 Luc.
2755 5493 2814 5542 II,
2867 5477 2959 5532 26.

1887 5471 2160 5544 .ῗ³-¹βοι·.
2201 5490 2276 5534 Ix.
2322 5475 2407 5527 10.
2483 5477 2529 5508 ⁸⁵
2565 5467 2698 5532 Luc.
2755 5493 2814 5542 II,
2867 5477 2959 5532 26.
3034 5477 3079 5510 "
3121 5478 3284 5532 Prov.
3334 5494 3486 5544 um,
3537 5467 3648 5532 {-3.

2443 5545 2487 5578 "
2520 5546 2679 5600 Rom.
2713 5562 2822 5612 xw,
2863 5549 2915 5614 1,
2964 5547 3017 5602 2.

2584 3283 2710 3328 σου,
2747 3265 2904 3326 εἰδὼς
2934 3266 3017 3317 ὅτι
3045 3265 3126 3316 δεῖ
3159 3281 3216 3316 σε
3247 3265 3476 3318 τοιαῦτα
3507 3267 3976 3336 παρασκευάζειν.
4015 3269 4080 3321 Ei
4107 3269 4161 3322 δέ

2579 3357 2986 3426 ἀπληστότερος
3007 3351 3079 3418 εἷ,
3100 3356 3174 3426 μὴ
3191 3355 3452 3426 ἐπιθύμει
3469 3359 3577 3408 τῶν
3599 3357 3911 3427 ἐδεσμάτων
3934 3359 4125 3412 αὑτοῦ.
4141 3379 4156 3408 ι

2581 3449 2692 3501 Καὶ
2733 3447 2919 3519 ἕτερός
2939 3463 3137 3516 φησιν’
3175 3467 3193 3500 ι
3241 3448 3375 3500 Ἐπὶ
3406 3449 3688 3518 τραπέζης
3721 3449 3967 3518 μεγάλης
3998 3451 4163 3504 ἐκάθ-

2585 3557 2740 3602 ισας,
2811 3539 2886 3608 μὴ
2934 3538 3156 3607 ἀνοίξῃς
3225 3539 3487 3608 φάρυγγά
3518 3555 3612 3590 σου
3648 3540 3954 3609 ἐπάὐτῆς.
4009 3541 4162 3610 Μνή-

2582 3629 2737 3699 σθητι
2785 3629 2866 3681 ὅτι
2911 3627 3083 3682 κακὸν
3114 3629 3396 3696 ὀφθαλμὸς
3426 3629 3686 3698 πονηρὸς,
3718 3622 3780 3681 οὗ
3811 3630 3908 3682 ἐὰν
3941 3631 4164 3684 ἐπιϐλέ-

2579 3721 2687 3790 ψῃς
2703 3762 2718 3784 .
2760 3721 2835 3789 μὴ
2864 3721 3112 3791 ἐκτείνῃς
3140 3721 3238 3789 τὴν
3266 3721 3424 3789 χεῖρά
3452 3737 3545 3772 σου
3565 3761 3580 3785 ,
3631 3723 3724 3772 καὶ
3769 3721 3844 3790 μὴ
3878 3722 4163 3775 συνθλίϐου

2581 3810 2732 3880 αὐτῷ
2759 3812 2818 3862 ἐν
2839 3811 2915 3879 τῷ
2934 3811 3174 3880 τρυϐλίῳ
3194 3827 3205 3839 ·
3238 3811 3350 3862 νόει
3377 3811 3446 3862 τὰ
3471 3812 3578 3862 τῶν
3601 3811 3830 3880 πλησίον
3858 3811 3917 3876 ἐξ
3941 3814 4163 3877 ἑαυτοῦ,

2582 3903 2676 3956 καὶ
2706 3903 2798 3954 ἐπὶ
2823 3905 2987 3954 παντὶ
3014 3903 3302 3972 πράγματι
3328 3901 3561 3955 διανοοῦ.
3598 3903 3743 3969 Φάγε
3771 3905 3847 3966 ὼς
3873 3905 4166 3974 ἄνθρωπος

2581 3993 2650 4044 τὰ
2683 3991 3063 4062 παρακείμενά
3098 4009 3218 4054 σοι,
3271 3994 3367 4044 καὶ
3405 3991 3480 4060 μὴ
3509 3990 3809 4060 διαμασοῦ,
3841 3992 3929 4044 ἵνα
3965 3994 4043 4062 μὴ
4077 4012 4168 4063 μι-

2585 4081 2784 4152 ηθῇς’
2843 4081 3052 4133 παῦσαι
3083 4081 3300 4150 πρῶτος
3333 4083 3493 4151 χάριν
3526 4081 3806 4145 παιδείας,
3859 4083 3958 4134 καὶ
3987 4083 4165 4152 ἀπλη-

2583 4175 2794 4237 στεύου,
2831 4173 2905 4243 μὴ
2931 4173 3198 4242 πρότερος
3233 4173 3406 4242 κδψῃς
3430 4191 3444 4205 ο
3499 4175 3597 4226 καὶ
3638 4176 3686 4227 εί
3716 4174 3821 4228 άνά
3857 4175 4031 4244 μέσον
4057 4176 4168 4227 τῶν

2582 4269 2845 4321 πλειόνων
2896 4268 3199 4331 ἐκάθισας,
3258 4267 3529 4337 πρότερος
3573 4267 3755 4320 αὐτῶν
3803 4267 3879 4337 μὴ
3913 4269 4166 4338 ἐκτείνῃς

2581 4358 2682 4430 τὴν
2721 4359 2885 4430 χεῖρά
2929 4377 3043 4413 σου.
3089 4359 3176 4422 Ὠς
3212 4359 3398 4413 ίκανδν
3429 4358 3705 4429 ἀνθρώπῳ
3737 4360 4167 4432 πεπαιδευμένῳ

2513 4487 2558 4541 D
2584 4452 2645 4503 τὸ
2669 4451 2866 4520 ὀλίγον.
2883 4471 2900 4502 ι
2936 4452 2994 4504 'O
3017 4450 3075 4504 δέ
3099 4450 3364 4541 Μωῦσῆς,
3439 4451 3683 4521 Πρόσεχε
3708 4450 3946 4522 σεαυτῷ,
3965 4451 4164 4520 λέγων,

2589 4541 2664 4611 μὴ
2697 4541 2886 4609 φαγὼν
2914 4541 3008 4592 καὶ
3035 4539 3375 4610 ἐμπλησθεὶς
3405 4540 3640 4611 ἐπιλάθῃ
3674 4541 3880 4612 Κυρίου
3907 4543 4010 4595 τοῦ
4032 4543 4165 4596 Θεοῦ

2583 4649 2701 4686 σου.
2734 4651 2751 4683 ι
2818 4633 2927 4686 Καὶ
2975 4633 3004 4684 6
3036 4631 3276 4693 Παῦλος
3334 4649 3352 4683 ι
3393 4632 3518 4684 Είτε
3545 4632 3778 4694 ἐσθίετε,
3811 4634 3922 4685 είτε
3955 4635 4164 4695 πίνετε,

2581 4725 2691 4777 εἴτε
2725 4743 2775 4777 τι
2811 4727 3050 4788 ποιεῖτε,
3101 4725 3280 4778 πάντα
3312 4725 3392 4786 είς
3427 4723 3589 4787 δόξαν
3613 4724 3750 4778 Θεοῦ
3781 4729 4016 4779 ποιεῖτε.
4057 4745 4073 4776 ι
4101 4756 4166 4766 —

2588 4837 2606 4869 ι
2655 4818 2767 4870 Καὶ
2827 4818 2904 4888 μὴ
2960 4819 3040 4880 είς
3085 4817 3299 4888 κρίσεις
3348 4817 3744 4886 διαλογισμῶν.
3801 4818 3864 4871 Ὀ
3914 4819 4021 4887 μὲν
4062 4819 4166 4889 γὰρ

2593 4909 2840 4962 πιστεύει
2865 4912 3061 4977 φαγεῖν
3083 4909 3283 4974 πάντα,
3307 4911 3336 4962 6
3355 4908 3410 4962 δέ
3435 4908 3682 4961 ἀσθενῶν
3703 4908 3913 4977 λάχανα
3935 4909 4130 4962 ἐσθίει.
4145 4928 4160 4958 ι

2592 4999 2704 5053 Καὶ
2729 4999 2958 5068 ἐπάγει·
3004 5017 3022 5050 ι
3051 4999 3112 5052 Ὀ
3141 4998 3363 5061 ἐσθίων,
3393 4999 3485 5051 τὸν
3519 4999 3593 5070 μὴ
3620 4998 3873 5051 ἐσθίοντα
3909 4999 3989 5070 μὴ
4015 4998 4165 5064 ἐξου-

2592 5091 2847 5144 θενείτω⁶
2878 5089 2974 5144 καὶ
3000 5092 3029 5144 6
3056 5089 3133 5159 μὴ
3160 5089 3378 5153 ἐσθίων,
3409 5089 3502 5142 τὸν
3528 5089 3780 5142 ἐσθίοντα
3807 5089 3884 5160 μὴ
3909 5091 4160 5160 κρινέτω·

2595 5185 2660 5237 σὺ
2689 5183 2800 5253 γὰρ
2833 5183 2917 5247 τίς
2947 5180 2999 5235 εἴ
3031 5184 3060 5235 6
3091 5183 3294 5252 κρίνων
3319 5181 3602 5252 ἀλλότριον
3631 5182 3886 5251 οἱκέτην;
3937 5181 4020 5251 τῷ
4055 5182 4164 5248 ίδίιει

2595 5274 2769 5345 κυρίῳ
2817 5275 3008 5345 στήκει
3044 5273 3077 5344 ἢ
3110 5273 3324 5327 πίπτει.
3355 5291 3373 5325 ι
3415 5273 3529 5327 Καὶ
3559 5273 3754 5328 πάλιν·
3806 5290 3825 5322 ι
3858 5272 3916 5325 ὐ
3949 5271 4162 5332 ἐσθίων,

2801 5408 2846 5440 τ’
2885 5406 3019 5462 ibid.
3073 5407 3126 5461 5.
3201 5407 3248 5440 “
3286 5407 3388 5462 lsa.
3442 5423 3587 5470 xxvi,
3625 5407 3678 5462 8.
3754 5407 3794 5438 "
3851 5407 4015 5460 Rom.
4049 5423 4162 5469 vui.

2801 5518 2814 5532 .
2867 5477 2959 5532 26.
3034 5477 3079 5510 "
3121 5478 3284 5532 Prov.
3334 5494 3486 5532 um.
3537 5478 3649 5532 1-3.
3727 5478 3772 5508 ⁸⁸
3812 5477 3984 5532 Eccli.
4019 5493 4158 5532 xm.

2185 5661 2418 5718 VARUS
2461 5663 2859 5720 LECTIONES.

998 5744 1022 5780 ‘
1042 5761 1151 5795 σου.
1228 5749 1251 5786 ι’
1280 5747 1372 5801 τοῦ
1398 5751 1664 5820 μετέχειν,
1691 5754 2068 5820 ρανίίιίραηιίί.
