4462 6440
322 370 456 433 1441

1450 367 1748 428 IOMILIA
1789 365 2077 426 lII.—DE
2112 363 2487 424 CONVIVIO.

3447 371 3588 436 1142

311 483 518 552 Κυρίῳ
563 481 771 542 ἐσθίει,
828 480 924 532 καὶ
966 478 1284 548 εὐχαριστεῐ
1323 477 1403 548 τῷ
1432 478 1550 546 Θεῷ
1572 494 1585 507 ·
1643 478 1735 532 καὶ
1767 479 1794 528 6
1826 475 1899 542 μὴ
1932 482 1972 534 Α
2004 489 2071 526 au

1827 475 1899 542 μὴ
1932 482 1972 534 Α
2004 484 2098 526 aut
2148 473 2300 525 radit
2341 474 2407 524 '°.
2443 492 2460 522 ι
2503 472 2708 525 lterum
2743 491 2756 526 :
2794 490 2811 523 ι
2847 472 2952 539 Qui
2991 474 3308 536 inandueat.
3358 479 3589 535 Domino

316 573 551 635 ἐσθίων,
604 572 794 640 Κυρίῳ
839 571 939 623 οὐκ
985 570 1178 622 ἐσθίει.
1208 588 1225 618 ›
1267 599 1330 607 --
1371 587 1388 620 (
1422 568 1512 637 Μὴ
1543 568 1730 620 ἕνεκεν
1760 563 1902 633 βρώ-

321 680 499 732 ματος
557 663 731 713 κώλυε
788 661 848 712 τὸ
893 662 1054 728 ἔργον
1105 660 1200 712 τοῦ
1246 657 1405 711 Θεοῦ.
1435 677 1453 708 ι
1518 659 1624 709 Καὶ
1670 656 1902 721 ἐπάγει·

325 776 342 805 ε
402 755 587 806 Πάντα
640 754 738 822 μὲν
794 753 1049 822 καθαρὰ.
1109 753 1244 804 ἀλλὰ
1293 751 1466 805 κακὸν
1513 750 1588 819 τῷ
1632 747 1905 816 ἀνθρώπῳ

316 847 400 912 τῷ
449 844 539 897 διὰ
585 844 1012 913 προσκόμματος
1059 843 1315 895 ἐσθίοντι.
1348 860 1365 892 ι
1398 842 1528 902 Καὶ,
1571 859 1588 890 ε
1620 840 1906 906 Μακάριος

317 937 346 986 ὁ
384 937 463 1006 μὴ
499 937 700 1004 κρίνων
729 936 920 987 ἑαυτὸν
955 937 1012 985 ἐν
1039 927 1082 1000 ᾧ
1114 933 1418 1000 δοκιμάζει.
1463 931 1520 983 Ὀ
1548 930 1605 982 δὲ
1634 929 1906 997 διακρινό-

323 1044 491 1094 μενος
523 1025 617 1077 ἐὰν
643 1025 816 1094 φάγῃ,
850 1025 1274 1092 κατακέκριται,
1302 1023 1383 1074 ὅτι
1408 1023 1507 1074 οὐκ
1530 1024 1591 1073 ἐκ
1615 1020 1899 1079 πίστεως.)

321 1147 388 1158 --
422 1135 439 1166 ι
477 1117 683 1187 Βρῶμα
709 1118 764 1168 δὲ
794 1118 942 1184 ἡμᾶς
973 1115 1275 1184 παρίστησι
1303 1115 1316 1152 ί
1355 1112 1433 1181 τῷ
1460 1109 1598 1178 Θεῷ.
1636 1109 1772 1162 Οὔτε
1798 1109 1906 1178 γάρ

321 1209 422 1261 ἐὰν
473 1209 774 1276 φάγωμεν.
832 1209 1274 1275 περισσεύομεν,
1352 1203 1473 1255 οὔτε
1531 1203 1625 1255 ἐὰν
1680 1203 1754 1273 μή
1807 1203 1906 1269 φά-

320 1316 540 1367 γωμεν,
567 1297 944 1368 ὑστερούμεθα
965 1299 979 1347 l
1000 1316 1045 1350 .›
1087 1297 1196 1350 Καὶ
1227 1298 1255 1350 6
1281 1298 1691 1365 Παροιμιαστής
1713 1311 1726 1326 ·
1771 1313 1787 1345 ι
1815 1296 1905 1363 Μὴ

318 1393 621 1462 ἀπατηθῇς
670 1392 976 1462 χορτασίαιί
1012 1389 1244 1452 κοιλίας.
1303 1391 1462 1459 Ψυχή
1496 1391 1605 1459 γὰρ
1665 1391 1722 1442 ὲν
1768 1388 1905 1456 πλη-

321 1488 505 1553 σμονῇ
537 1481 673 1536 οὖσα
698 1483 911 1553 κηρίοις
944 1482 1206 1552 ἐμπαίζει
1232 1480 1282 1518 ι·
1320 1481 1467 1550 ψυχῇ
1499 1482 1554 1533 δὲ
1585 1481 1772 1535 ἐνδεεῖ.
1810 1481 1906 1531 καὶ

315 1577 390 1628 τά
438 1577 618 1646 πικρὰ
675 1575 883 1642 γλυκέα
957 1575 1229 1644 φαίνεται.
1269 1593 1286 1624 ι
1348 1574 1407 1624 '0
1453 1573 1510 1625 δὲ
1564 1572 1902 1633 Ἀπόστολος,

317 1668 643 1737 καθαρίζων
674 1670 742 1720 τὰ
777 1669 1062 1739 βρώματα,
1092 1667 1290 1736 φησιν·
1334 1683 1352 1715 ε
1385 1667 1451 1717 Ἀ
1484 1667 1511 1716 6
1537 1664 1668 1726 Θεὸς
1694 1664 1905 1716 ἔκτισεν

317 1762 401 1822 είς
443 1761 752 1829 μετάληψιν
811 1761 949 1829 μετὰ
987 1757 1346 1828 εὐχαριστίας
1374 1759 1485 1819 τοῖς
1511 1758 1756 1819 πιστοῖς,
1805 1759 1901 1810 καὶ

2008 566 2325 624 manducat,
2356 575 2414 618 et
2442 564 2646 632 gratias
2683 565 2792 633 agit
2819 566 2929 618 Deo
2970 567 3037 618 ".
3078 585 3096 617 ι
3130 566 3343 622 Rursus
3372 589 3384 622 :
3421 591 3437 622 ι
3464 573 3587 627 Noli

2007 664 2234 722 prepter
2282 654 2468 707 cibum
2529 653 2763 721 perdere
2803 669 2943 722 opus
2990 656 3086 709 Dei
3136 657 3203 708 ".
3240 675 3258 706 ι
3318 656 3586 716 lndueit:

2017 763 2033 793 ε
2066 742 2261 797 Omnia
2310 746 2535 813 quidem
2574 743 2798 805 munda,
2846 744 2942 796 sed
2995 746 3196 798 malum
3227 756 3336 808 est.
3366 759 3592 819 propter

2007 833 2404 887 olTendiculum
2460 834 2796 887 manducare
2832 829 2902 886 Μ.
2945 853 2961 884 ι
3007 834 3073 886 Et
3117 852 3130 887 :
3187 855 3201 884 ι
3242 836 3442 892 Beatus
3495 843 3591 910 qui

2009 940 2118 978 non
2167 924 2382 994 judicat
2415 925 2680 991 scipsum,
2729 926 2782 977 in
2820 940 2886 978 eo
2923 925 3069 994 quod
3104 928 3319 994 probat.
3354 931 3456 996 Qui
3490 947 3590 986 au-

2009 1023 2117 1066 tem
2165 1013 2454 1074 discernit,
2488 1013 2531 1065 si
2559 1013 2834 1074 comedat.
2881 1015 3293 1070 damnationem
3331 1018 3588 1086 incurrit,

2007 1107 2137 1174 quia
2191 1122 2300 1159 non
2334 1121 2398 1158 ex
2438 1105 2541 1158 fide
2577 1105 2643 1158 ".
2683 1124 2789 1155 ›-
2817 1125 2834 1156 ε
2882 1107 3270 1161 Verumtamen
3308 1123 3434 1162 esca
3487 1127 3592 1166 nos

2008 1195 2362 1248 commendat
2415 1197 2559 1257 Deo;
2611 1209 2791 1262 neque
2830 1194 2871 1246 si
2921 1195 3297 1258 comedamus,
3339 1198 3593 1252 abunda-

2010 1283 2213 1343 bimus,
2271 1299 2450 1352 neque
2485 1284 2530 1336 si
2569 1300 2678 1337 non
2731 1284 3159 1347 comederimus,
3200 1289 3380 1340 minus
3419 1289 3583 1343 habe-

2009 1374 2195 1427 bimus
2224 1375 2291 1428 “.
2325 1395 2341 1424 ›
2382 1375 2762 1429 l‘arwmiastes
2792 1393 2804 1426 :
2842 1394 2860 1426 ι
2889 1375 2967 1429 Ne
2993 1386 3044 1429 te
3068 1375 3309 1446 decipiat
3331 1381 3591 1433 saturitas

2012 1460 2244 1514 ventris.
2293 1461 2490 1514 Anima
2525 1463 2673 1515 enim
2704 1472 2890 1517 satura
2924 1465 3107 1518 illudit
3159 1466 3334 1532 favis;
3393 1470 3591 1523 animzc

2010 1563 2193 1606 autem
2218 1553 2508 1616 esurienti,
2537 1553 2704 1606 etiam
2729 1570 2937 1616 amara,
2964 1556 3147 1611 dulcia
3174 1559 3434 1612 videntur
3466 1560 3530 1613 ".
3565 1580 3583 1611 ι

2007 1643 2304 1710 Apostolus
2360 1643 2651 1696 insinuans
2689 1644 2902 1696 nullum
2938 1659 3048 1697 nou
3089 1645 3199 1698 cibi
3249 1663 3422 1716 genus
3467 1663 3590 1704 esse

2009 1733 2299 1797 mundum,
2332 1735 2408 1786 ait
2441 1749 2456 1786 :
2509 1753 2526 1784 ι
2563 1735 2710 1799 Quos
2746 1736 2890 1789 Deus
2924 1736 3137 1789 ereavit
3177 1739 3244 1790 ad
3281 1739 3593 1808 percipien-

315 1809 720 1917 trt'syrvwmai'm
768 1809 868 1917 τήν
914 1809 1210 1919 ἀλήθειάν,
1265 1849 1345 1902 ὃτι
1386 1851 1494 1902 πᾶν
1526 1849 1731 1917 κτίσμα
1759 1849 1894 1901 Θεοῦ
1935 1809 1972 1863 Β
2005 1825 2075 1877 du

1821 1809 1894 1901 τὸς
1935 1809 1972 1863 Β
2005 1825 2134 1877 dum
2169 1841 2294 1879 cum
2349 1826 2651 1893 gratiarum
2707 1827 2925 1881 actione
2965 1829 3225 1882 ﬁdelibus
3261 1839 3319 1883 et
3371 1831 3439 1884 iis
3491 1832 3583 1899 qui

316 1941 491 1992 καλὸν
511 1980 526 2003 ,
574 1941 672 1992 καὶ
699 1941 850 1992 οὐδὲν
877 1940 1183 2010 ἀπόϐλητον
1216 1939 1354 2009 μετὰ
1381 1940 1735 2009 εὐχαριστίας
1759 1939 1896 2009 λαμ-

316 2032 649 2100 6ανόμενον.
697 2031 1015 2098 Ἀγιάξεται
1063 2032 1174 2100 γὰρ
1229 2030 1317 2083 διὰ
1362 2031 1523 2098 λόγου
1577 2031 1668 2084 καὶ
1715 2031 1895 2084 ἐντεύο

316 2123 481 2189 ξεως.
513 2143 530 2173 ι
577 2123 707 2184 Καὶ,
753 2142 770 2172 ι
796 2123 984 2174 Πάντα
1012 2121 1228 2192 καθαρὰ
1255 2123 1367 2184 τοῖς
1397 2121 1679 2192 καθαροῖς.
1708 2142 1724 2173 ι
1763 2123 1895 2183 Καὶ,

321 2232 339 2264 ι
378 2213 478 2274 Εἰς
520 2212 581 2264 τὸ
625 2215 818 2279 φαγεῖν
855 2212 1125 2280 ἀλλήλους
1154 2211 1466 2280 ἐκδέχεσθε.
1498 2229 1516 2262 ι
1554 2212 1694 2281 Φησὶ
1719 2212 1775 2264 δὲ
1805 2212 1900 2263 καὶ

313 2303 341 2351 6
364 2301 536 2369 νόμος
553 2319 564 2329 ·
604 2320 620 2351 ι
647 2299 845 2367 Φαγὼν
870 2302 967 2353 καὶ
996 2301 1354 2370 ἐμπλησθεὶς,
1381 2300 1674 2369 εὐλόγησον
1699 2302 1899 2369 Κύριον

313 2392 408 2443 τὸν
435 2391 574 2443 Θεόν
610 2408 725 2444 σου.
763 2409 780 2440 ι
839 2392 951 2443 Καὶ
999 2393 1027 2444 6
1063 2391 1229 2445 Δασὶδ
1280 2391 1622 2461 εὐχαριστῶν
1672 2391 1857 2458 ἔλεγεν
1881 2406 1895 2419 ’

321 2502 340 2532 ε
377 2483 635 2544 Ἐδωκας
681 2484 1026 2553 εὐφροσύνην
1083 2486 1162 2545 εἰς
1205 2484 1306 2553 τὴν
1347 2484 1576 2554 καρδίαν
1619 2501 1757 2552 μου,
1792 2482 1900 2534 ἀπὸ

317 2571 542 2638 καρποῦ
602 2573 751 2624 σίτου
809 2573 906 2625 καὶ
948 2573 1093 2624 οἴνου
1128 2573 1222 2624 καὶ
1253 2572 1460 2626 ἐλαίου.
1494 2591 1512 2624 ›
1557 2572 1666 2625 Καὶ
1696 2572 1860 2623 πάλιν
1883 2588 1897 2602 ο

323 2679 341 2710 ι
374 2661 503 2712 ὀτι
537 2660 798 2728 ὲχόρτασε
831 2661 1012 2730 ψυχὴν
1039 2661 1202 2729 κενὴν
1222 2702 1235 2723 ,
1290 2661 1385 2714 καὶ
1414 2661 1594 2730 ψυχὴν
1625 2661 1900 2713 πεινῶσαν

317 2749 624 2816 ἔνέπλησεν
644 2750 888 2816 ἀγαθῶν.
904 2768 922 2800 ι
947 2751 1005 2802 Ὀ
1021 2751 1075 2802 δὲ
1098 2750 1301 2814 ἀγαθὸς
1322 2749 1544 2817 Κύριος,
1568 2748 1736 2802 θέλων
1756 2751 1902 2819 ἡμᾶς

324 2843 762 2909 μετριοφρονεῖν,
785 2841 950 2908 φησίν
970 2858 984 2871 ·
1013 2861 1030 2892 ι
1059 2842 1227 2894 Ὅταν
1256 2840 1524 2910 καθίσῃςιι
1550 2843 1629 2904 είς
1655 2840 1898 2910 ἄριστον,

324 2933 402 2998 μὴ
433 2931 770 3000 κατακλιθῇς
801 2933 882 2994 είς
911 2931 1313 3001 πρωτοκλισίαν
1335 2971 1350 2995 ,
1418 2933 1492 3000 μή
1527 2949 1652 2983 ποτε
1684 2933 1897 3000 ἐντιμό-

320 3021 486 3089 τερός
517 3037 612 3072 σου
711 3021 1045 3089 κεκλημένος
1082 3022 1175 3073 ὐπ’
1205 3021 1376 3072 αὐτοῦ
1403 3038 1416 3050 ·
1457 3021 1551 3073 καὶ
1583 3021 1751 3072 ὶλθὼν
1784 3022 1812 3073 6
1841 3021 1902 3073 σὲ

2003 1923 2352 1982 agnoverunt
2399 1915 2718 1979 veritatem,
2767 1915 2898 1983 quia
2951 1917 3132 1971 omnis
3184 1927 3441 1973 creatura
3489 1921 3588 1976 Dei

2007 2005 2149 2057 bona
2199 2013 2304 2066 est,
2361 2014 2415 2058 et
2471 2006 2608 2058 nihil
2662 2006 3058 2075 abjiciendum.
3109 2010 3256 2077 quod
3306 2026 3431 2063 cum
3463 2027 3590 2082 gra-

2010 2095 2210 2148 tiarum
2264 2095 2480 2149 actione
2536 2096 2827 2150 sumitur:
2872 2098 3252 2153 sanctilicatur
3283 2100 3430 2153 enim
3490 2117 3591 2170 per

2007 2187 2236 2238 verbum
2262 2187 2355 2240 Dei
2386 2195 2441 2240 et
2467 2187 2774 2240 orationem
2801 2188 2867 2241 ’⁷.
2913 2207 2930 2239 ι
2972 2190 3039 2244 Et
3071 2207 3084 2243 :
3114 2209 3131 2241 ι
3154 2189 3349 2245 Omnia
3383 2193 3587 2246 munda

2006 2280 2230 2332 mundis
2262 2281 2328 2333 ".
2365 2298 2382 2329 ›
2423 2280 2491 2332 Et
2525 2296 2540 2333 :
2583 2299 2599 2329 ι
2634 2281 2713 2333 Ad
2756 2281 3196 2338 manducandum
3226 2282 3460 2336 invicem
3489 2299 3590 2337 ex-

2007 2377 2256 2436 spectate
2309 2371 2373 2422 ”.
2421 2388 2439 2419 ι
2493 2368 2602 2423 Lex
2640 2371 2912 2438 insuper:
2962 2390 2979 2420 ι
3015 2372 3151 2424 Dum
3193 2374 3500 2428 comederis
3533 2381 3590 2428 et

2001 2469 2278 2514 saturatus
2299 2461 2490 2523 fueris,
2509 2461 2824 2515 benedicito
2839 2462 3130 2516 Dominum
3149 2464 3317 2517 Deum
3340 2474 3492 2518 tuum
3509 2465 3581 2520 ⁸.»

2001 2553 2196 2613 David,
2222 2553 2332 2606 Deo
2355 2555 2674 2622 neutiquam
2740 2554 3024 2623 ingratus:
3055 2574 3072 2605 ε
3107 2555 3340 2620 Dedisti,
3377 2556 3582 2625 inquit,

2002 2645 2247 2698 lictitiam
2275 2645 2327 2698 in
2361 2645 2526 2698 corde
2555 2661 2695 2708 meo,
2729 2661 2758 2698 a
2789 2645 2972 2698 fructu
3001 2646 3265 2701 frumenti
3291 2655 3346 2702 et
3366 2647 3473 2702 olei
3496 2651 3539 2704 '.
3560 2667 3580 2702 ι

2005 2737 2206 2790 Iterum
2250 2756 2262 2789 :
2306 2756 2325 2788 ‹
2360 2738 2498 2804 Quia
2558 2739 3045 2793 satiavitanimam
3073 2741 3314 2805 inanem,
3365 2753 3424 2797 et
3455 2743 3582 2798 ani-

2007 2845 2150 2883 mam
2184 2831 2522 2883 esurientem
2545 2831 2812 2884 saturavit
2837 2831 2999 2885 bonis
3024 2833 3063 2884 ³.
3089 2851 3106 2882 ι
3144 2833 3387 2902 Cupiens
3416 2849 3587 2903 porro

2006 2922 2295 2985 Dominus,
2323 2922 2558 2974 modesti
2588 2931 2647 2973 ut
2679 2922 2852 2976 simus
2890 2938 2954 2976 ac
2982 2922 3122 2994 frugi
3156 2924 3429 2986 homines,
3466 2925 3582 2979 ait:

2013 3031 2032 3062 ι
2074 3012 2304 3078 Quando
2342 3013 2608 3066 invitatus
2655 3013 2827 3067 fueris
2872 3015 2940 3067 ad
3010 3016 3327 3084 prandium,
3372 3030 3443 3070 ne
3492 3031 3587 3071 eas

322 3113 420 3163 καὶ
475 3114 686 3163 ἐκεῖνον
731 3111 969 3173 καλέσας
995 3153 1009 3174 ,
1061 3111 1178 3180 ἐρεῖ
1213 3127 1331 3163 σοι’
1381 3113 1478 3172 Δὸς
1512 3110 1687 3179 τούτῳ
1717 3111 1898 3177 τόπον,
1929 3131 1971 3188 C
2008 3102 2084 3154 di!

1825 3128 1898 3177 ον,
1929 3131 1971 3188 C
2008 3102 2348 3156 discubitum
2386 3104 2437 3156 in
2477 3104 2654 3172 primo
2679 3105 2956 3168 accubitu,
2996 3121 3066 3159 ne
3089 3107 3230 3160 forte
3263 3108 3587 3162 honoratior

321 3203 419 3254 καὶ
470 3203 591 3254 τότε
649 3201 786 3272 ἄρξῃ
845 3203 963 3271 μετ’
1007 3201 1272 3270 αἰσχύνης
1325 3204 1416 3252 τὸν
1471 3201 1699 3270 ἔσχατον
1745 3203 1908 3255 τόπον
2012 3202 2062 3245 ιο

1824 3220 1908 3255 πον
2012 3202 2062 3245 te.
2116 3196 2301 3246 veniat
2352 3194 2614 3246 invitatus
2669 3195 2738 3246 ab
2776 3195 2890 3254 illo.
2928 3206 2985 3250 et
3048 3196 3276 3251 veniens
3310 3197 3406 3265 qui
3441 3206 3491 3251 te
3529 3207 3586 3251 et.

325 3294 604 3362 μετέχειν.
670 3294 811 3344 Ἀλλ’
856 3295 984 3345 ὅταν
1033 3291 1402 3362 κατακλιθῇς,
1457 3292 1744 3363 πορευθεὶς
1777 3295 1906 3347 ἁνά-
2010 3285 2087 3337 illi

1821 3295 1906 3347 νά-
2010 3285 2163 3338 illum
2221 3285 2498 3345 invitavit,
2553 3284 2701 3337 dicat
2759 3285 2903 3337 tibi:
2965 3286 3040 3339 Da
3083 3287 3213 3340 huic
3261 3289 3466 3353 locum,
3527 3297 3583 3343 et

325 3400 465 3435 πεσε
519 3385 598 3444 είς
645 3385 736 3436 τὸν
792 3384 1020 3452 ἔσχατον
1059 3383 1260 3444 τόπον,
1317 3383 1382 3434 ἵν’
1411 3383 1539 3434 ὅταν
1602 3383 1730 3454 ἔλθῃ
1760 3387 1906 3436 ὁκε-
2009 3383 2087 3426 1111

1822 3402 1906 3436 κε-
2009 3383 2141 3427 tunc
2196 3375 2429 3442 incipies
2463 3389 2586 3427 cum
2634 3374 2841 3442 pudore
2892 3377 3256 3431 novissimum
3288 3379 3467 3432 locum
3499 3385 3584 3433 te—

323 3473 548 3542 κληκὼς
577 3489 658 3537 σε,
696 3475 824 3545 εῐπῃ
861 3491 942 3526 σοι
967 3490 982 3505 ·
1006 3473 1166 3538 Φίλε,
1204 3473 1582 3543 προσανάϐηθι
1612 3473 1902 3543 ἀνώτερον.
2014 3484 2078 3520 IN‘

1820 3492 1902 3528 ον,
2014 3483 2164 3520 nere.
2196 3467 2302 3520 Sed
2355 3482 2480 3520 cum
2529 3467 2792 3521 invitatus
2847 3467 3041 3531 fueris,
3100 3469 3262 3533 vade,
3298 3469 3582 3523 discumbe

322 3565 461 3617 Τότε
517 3564 673 3617 ἐσται
722 3581 804 3617 σοι
845 3563 970 3626 δόξα
1015 3563 1250 3615 ἐνώπιον
1283 3565 1504 3616 πάντων
1533 3562 1643 3615 τῶν
1674 3579 1903 3618 συνανα-
2011 3557 2066 3610 ill

1810 3582 1903 3618 να-
2011 3557 2066 3610 in
2096 3557 2398 3610 novissimo
2437 3558 2578 3618 loco,
2605 3566 2809 3612 utcum
2841 3559 3059 3611 venerit
3086 3561 3180 3627 qui
3219 3567 3268 3613 te
3301 3559 3572 3617 invitavit.

323 3653 596 3722 κειμένων
647 3669 729 3705 σοι
755 3693 770 3714 ,
825 3655 908 3704 ὃτι
937 3653 1045 3714 πᾶς
1077 3654 1104 3703 6
1136 3651 1287 3719 ὑψῶν
1315 3651 1534 3716 ἑαυτὸν,
1565 3652 1906 3721 ταπεινωθή-
2008 3649 2085 3701 dit

1820 3652 1906 3721 Βή-
2008 3649 2156 3703 dicat
2198 3649 2343 3700 tibi:
2381 3649 2590 3709 Amice,
2639 3650 2873 3704 ascende
2925 3651 3203 3719 superius.
3261 3652 3416 3707 Tunc
3473 3654 3582 3708 erit

324 3761 481 3797 σεται
503 3783 520 3810 ,
573 3746 669 3797 καὶ
704 3745 732 3795 6
759 3743 1036 3796 ταπεινῶν
1069 3741 1285 3804 ἑαυτὸν,
1325 3739 1694 3809 ὑψωθήσεται.
1726 3761 1744 3792 ι
1795 3743 1906 3794 Καὶ
2013 3741 2086 3794 tib

1817 3743 1906 3794 {at
2013 3741 2112 3794 tibi
2168 3740 2339 3810 gloria
2391 3754 2576 3792 coram
2611 3739 2870 3793 omnibus
2923 3741 3024 3796 tibi
3075 3742 3579 3806 accumbentibus;

322 3835 497 3889 ταῦτα
528 3835 630 3904 μὲν
663 3837 746 3895 είς
771 3835 988 3885 σύνεσιν
1017 3833 1111 3884 καὶ
1136 3831 1410 3899 ὠφέλειαν
1437 3832 1617 3885 ίκανά.
1646 3831 1828 3885 Καλὸν
1847 3832 1902 3883 δὲ
2004 3847 2074 3900 qu

1817 3832 1902 3883 αόὲ
2004 3831 2134 3900 quia
2183 3831 2366 3884 omnis
2422 3831 2516 3897 qui
2575 3845 2634 3883 se
2680 3831 2903 3893 exaltat,
2943 3832 3353 3898 humiliabitur,
3387 3843 3444 3888 et
3484 3836 3579 3903 qui

323 3928 420 3979 καὶ
448 3927 857 3994 ἐπιμνησθῆναι
889 3924 986 3976 καὶ
1012 3925 1107 3977 τοῦ
1142 3924 1282 3976 Ἰώό.
1336 3922 1476 3991 Φησὶ
1508 3923 1617 3991 γάρ
1640 3937 1654 3952 ⁸
1707 3939 1726 3972 ε
1760 3921 1823 3974 Εί
1847 3921 1901 3972 δὲ
2007 3936 2066 3973 se

1817 3921 1901 3973 ἰδὲ
2007 3936 2066 3973 se
2123 3919 2401 3983 humiliat,
2449 3921 2780 3974 exaltabitur
2805 3921 2848 3975 ⁸.
2885 3939 2903 3972 ›
2945 3921 3012 3975 Ει
3039 3922 3155 3977 lucc
3187 3923 3410 3992 quidem
3441 3940 3579 3992 qua-

325 4018 421 4070 καὶ
451 4017 544 4068 τὸν
575 4016 770 4086 ψωμὸν
804 4016 966 4085 μόνος
995 4017 1221 4083 ἔφαγον,
1255 4016 1350 4067 καὶ
1380 4015 1504 4083 οὐχὶ
1528 4013 1751 4084 ὀρφανῷ
1777 4029 1902 4082 μετ·
2008 4019 2087 4064 ter

1817 4029 1902 4064 ετ·
2008 4019 2170 4064 tenus
2213 4011 2281 4064 ad
2321 4011 2739 4079 intelligentiam
2774 4027 2839 4066 ac
2887 4014 3172 4082 spirituale
3228 4017 3579 4072 commodam

323 4109 534 4173 ἑδωκα,
588 4110 672 4160 ὅτι
702 4110 767 4160 ἐκ
794 4107 1050 4175 νεότητός
1081 4124 1184 4176 μου
1214 4104 1507 4175 ὲξέτρεφον
1537 4104 1612 4168 ὡς
1639 4108 1842 4174 πατήρ.
1878 4123 1896 4156 ι
2009 4110 2085 4154 att

1817 4126 1842 4157 ι.
1878 4123 1896 4156 ι
2009 4103 2230 4164 attinet,
2269 4102 2404 4154 satis
2449 4102 2578 4156 sint.
2611 4103 2731 4156 Non
2780 4103 3193 4157 dissentaneum
3244 4105 3412 4160 fuerit
3460 4122 3579 4161 me-

323 4199 436 4252 Καὶ
472 4198 637 4250 πάλιν
679 4198 707 4249 6
738 4195 944 4264 Κύριος
968 4211 981 4225 ⁸
1041 4214 1060 4248 ε
1091 4197 1265 4248 Ὅταν
1315 4198 1441 4264 ποιῇ
1474 4195 1698 4264 ἄριστον
1729 4195 1763 4265 ἢ
1795 4195 1900 4246 δεῖ·
2003 4195 2078 4247 Ini

1813 4197 1900 4246 ial—
2003 4195 2238 4247 minisse
2267 4195 2554 4247 sententia:
2599 4194 2745 4248 illius
2773 4195 2917 4249 Job:
2960 4214 2978 4245 ι
3007 4195 3161 4260 Quod
3199 4197 3244 4250 si
3271 4196 3575 4252 buceellam

321 4305 476 4350 πνον,
508 4285 585 4356 μὴ
612 4286 780 4356 φώνει
804 4285 934 4348 τούς
961 4284 1150 4352 φίλους
1175 4301 1294 4346 σου,
1322 4284 1458 4353 μηδὲ
1482 4284 1608 4346 τοὺς
1629 4284 1898 4352 ἀδελφούς
2006 4301 2083 4338 me

1815 4284 1898 4344 >6;
2006 4301 2182 4338 meam
2221 4285 2370 4338 solus
2421 4285 2659 4346 comedi,
2693 4293 2750 4338 et
2787 4301 2897 4338 non
2949 4287 3219 4354 pupillum
3251 4287 3577 4358 participem

322 4394 442 4438 σου,
478 4377 614 4445 μηδὲ
641 4377 766 4438 τοὺς
795 4377 1080 4442 συγγενεῖς
1110 4389 1226 4436 σου,
1278 4373 1413 4443 μηδὲ
1461 4373 1715 4439 γείτονας
1763 4373 1901 4444 πλη-
2002 4376 2084 4430 [cc

1807 4373 1901 4444 λη·
2002 4376 2130 4438 feci,
2181 4375 2438 4444 quoniam
2473 4375 2540 4428 ab
2574 4375 2946 4432 adolescentia
2997 4393 3118 4432 mea
3149 4381 3168 4408 '
3203 4379 3443 4432 enutrivi
3511 4390 3569 4433 ut

323 4467 474 4522 σίον⁸
503 4484 622 4532 σου,
659 4468 869 4538 μήποτε
899 4467 993 4519 καὶ
1020 4465 1174 4518 αὐτοί
1217 4481 1278 4517 σε
1334 4465 1758 4529 ἁντικαλέσωσι,
1802 4466 1897 4518 καὶ
1929 4454 1973 4510 Ῑ)
2002 4473 2085 4536 pat

1812 4466 1897 4518 καὶ
1929 4454 1973 4510 Ῑ)
2002 4467 2213 4536 ροισι-⁸.
2241 4485 2258 4512 ι
2285 4466 2512 4529 lterum,
2546 4467 2842 4520 Dominus:
2873 4487 2890 4518 ε
2911 4468 3047 4522 Cum
3073 4468 3268 4522 feceris
3283 4469 3574 4538 prandium

320 4558 551 4627 γένηταί
597 4574 681 4610 σοι
707 4557 1084 4625 ἀνταπόδομα.
1147 4555 1290 4608 Ἀλλ’
1317 4556 1447 4609 ὅταν
1501 4558 1664 4626 ποιῇς
1710 4556 1894 4626 δοχὴν,
2002 4569 2082 4610 aul

1811 4556 1894 4626 ὴν,
2002 4567 2097 4610 aut
2143 4570 2383 4619 coenam,
2435 4572 2502 4609 ne
2558 4558 2841 4612 vocaveris
2891 4559 3100 4627 1032
3151 4559 3358 4614 amicos
3429 4568 3573 4623 tuos,

321 4648 479 4702 κάλει
516 4648 786 4716 πτωχοὺς,
842 4647 1184 4718 ἀναπήρους,
1222 4646 1451 4717 χωλοὺς,
1481 4645 1749 4714 τυφλοὺς.
1799 4648 1897 4701 καὶΙ
2009 4662 2076 4700 ne

1815 4648 1897 4701 (αἱ
2009 4661 2190 4715 neque
2221 4645 2420 4699 fratres
2453 4654 2595 4709 tuos,
2623 4663 2803 4716 neque
2830 4657 3112 4717 cognatos,
3145 4664 3324 4718 neque
3361 4649 3577 4703 vicinos

325 4741 595 4808 μακάριος
644 4737 772 4810 ἔσῃ,
828 4739 912 4790 ὅτι
960 4739 1064 4790 οὐκ
1109 4737 1326 4808 ἔχουσιν
1367 4736 1760 4790 ἀνταποδοῦναί
1791 4753 1893 4791 σοι·
2009 4738 2087 4792 dit

1813 4753 1893 4791 ποι·
2009 4738 2232 4800 divites,
2276 4753 2345 4791 ne
2383 4737 2524 4792 forte
2557 4746 2614 4790 et
2666 4739 2770 4808 ipsi
2803 4739 3100 4793 reinvitent
3133 4749 3186 4793 te
3240 4748 3296 4793 et
3335 4738 3428 4793 fiat
3477 4740 3575 4794 tibi

323 4828 823 4899 ἀνταποδοθήσεται
858 4828 916 4881 δέ
950 4845 1054 4893 σοι,
1090 4829 1148 4880 ὲν
1199 4831 1266 4898 τῇ
1314 4827 1612 4882 ἀναστάσει
1660 4828 1772 4880 τῶν
1821 4829 1900 4882 δι·-
2015 4842 2076 4882 re

1821 4829 1900 4882 δι·-
2015 4828 2351 4894 retributio;
2405 4828 2498 4882 sed
2543 4830 2765 4897 quando
2820 4829 3019 4884 feceris
3052 4829 3390 4892 convivium,
3442 4843 3576 4884 voca

324 4919 518 4985 καίων,
564 4920 715 4990 παρὰ
768 4919 864 4974 τοῦ
912 4919 1070 4973 Θεοῦ.
1099 4938 1118 4972 ι
1159 4919 1320 4990 Αὐτῷ
1368 4921 1403 4990 ή
1449 4920 1576 4984 δόξα
1634 4922 1716 4982 εἰς
1773 4921 1900 4974 τοὺς·
2001 4935 2086 4990 pai

1811 4921 1900 4974 οὺς·
2001 4934 2298 4990 pauperes,
2337 4919 2575 4985 debiles,
2605 4920 2855 4985 claudos,
2893 4935 3105 4985 caecos;
3136 4927 3193 4974 et
3217 4921 3414 4974 beatus
3443 4921 3573 4983 eris,

324 5010 549 5073 αἰῶνας.
593 5010 786 5080 Ἀμήν.
1997 5011 2086 5080 qui

1997 5011 2132 5080 quia
2173 5026 2285 5066 non
2335 5010 2543 5066 habent
2586 5012 2899 5067 retribuere
2935 5012 3066 5075 tibi;
3106 5010 3450 5066 retribuetur
3480 5027 3579 5066 au-

330 5116 434 5157 tem
468 5102 570 5157 tibi
594 5101 652 5156 in
677 5103 1087 5158 resurrectione
1105 5103 1382 5174 justorum
1433 5109 1477 5158 τ.
1515 5123 1536 5154 ι
1581 5103 1688 5174 Ipsi
1719 5102 1892 5173 gloria
1932 5104 1988 5158 in
2032 5103 2258 5158 saecula.
2291 5103 2482 5157 Amen.

395 5255 442 5285 ’°
491 5253 628 5309 ibid.
666 5255 720 5308 5.
797 5253 840 5284 ⁹¹
880 5253 1017 5309 ibid.
1072 5255 1124 5308 6.
1202 5256 1247 5286 "
1299 5255 1439 5309 ibid.
1493 5257 1581 5310 15.
1656 5258 1701 5288 ’³
1749 5255 1885 5310 ibid.
1938 5256 2028 5310 20.
2108 5258 2156 5289 ”
2210 5256 2343 5310 ibid.
2395 5257 2486 5318 22,
2540 5257 2628 5310 23.
2705 5258 2749 5289 ”
2789 5257 2808 5310 Ι
2856 5255 2983 5311 Cor.
3024 5273 3137 5316 vni.
3182 5257 3233 5312 8.
3309 5259 3354 5290 "
3403 5260 3562 5314 Prov.

331 5340 490 5383 xxvn.
528 5326 579 5377 7.
656 5325 698 5355 "
754 5323 786 5394 il
818 5321 960 5394 Tim.
1001 5339 1074 5387 tv,
1107 5323 1221 5378 5-5.
1258 5325 1343 5394 ,⁸⁸
1406 5325 1515 5380 Tit.
1560 5341 1596 5388 ι,
1650 5325 1736 5379 15.
1814 5329 1860 5357 ⁸⁸
1899 5326 1916 5379 1
1949 5325 2074 5380 Cor.

1814 5329 1860 5357 ”
1899 5326 1916 5379 1
1949 5325 2074 5380 Cor.
2117 5343 2190 5389 xv,
2245 5327 2330 5379 35.
2441 5328 2646 5380 'Dcut.
2705 5343 2817 5391 vm,
2868 5327 2954 5379 10.
3045 5329 3065 5360 ³
3099 5327 3239 5381 Psal.
3284 5343 3357 5390 tv,
3412 5331 3475 5394 7,
3517 5331 3568 5384 8.

331 5395 349 5422 '
387 5394 526 5467 Psal.
582 5409 688 5456 cvi,
743 5393 796 5447 9.
839 5393 1056 5467 _‘_L_uc.
1090 5393 1408 5467 xrv,__8-ll._
1498 5396 1528 5467 ’ί
1569 5395 1872 5467 {Eii-paeon
1903 5395 1979 5467 ὡς
2030 5412 2093 5448 πο

1811 5412 1872 5467 w_
1903 5395 1979 5467 ὡς
2030 5397 2232 5466 πατὴρ,
2268 5411 2369 5464 pro
2428 5411 2538 5464 quo
2587 5397 2739 5465 Vulg.
2811 5398 3094 5467 grandirit,
3167 5396 3440 5464 adolevit,
3487 5400 3573 5452 vel

836 5462 856 5493 ⁸
884 5462 987 5518 Job
1018 5478 1166 5528 xm,
1206 5464 1294 5527 17,
1350 5463 1434 5517 18.
1513 5466 1532 5496 ⁷
1567 5462 1725 5528 ibid.,
1753 5464 1940 5518 12-14.

1615 5579 1700 5634 VA
1711 5579 1852 5634 111Ᾰῦ
1886 5578 2284 5634 LECTIONES.

922 5666 935 5715 i
967 5667 1325 5788 ὐσηεροῆμεν.
1403 5669 1428 5709 ¹ι
1454 5671 1734 5740 χορτάσαι.
1822 5669 2139 5740 Ιδμπαίξει,
2180 5670 2384 5726 rectius
2414 5682 2598 5726 nostra
2631 5671 2825 5734 editio,
2863 5670 3105 5724 rulcabit.

962 5746 982 5766 °
1008 5755 1048 5788 π
1080 5753 1180 5788 ουσ
1204 5754 1318 5788 ους.

962 5746 982 5766 ⁸
1008 5746 1318 5800 πλουσίους.

327 5466 481 5516 crevit
517 5479 738 5517 mecum.

399 5671 415 5708 1
451 5667 823 5736 παραστήσει.

3252 5679 3289 5706 ﬂ
3320 5670 3580 5738 ὔπιγινὼ.

329 5753 530 5790 σκουσι.
612 5746 637 5771 ι’
660 5736 885 5805 κληθῇς.
