4462 6440
918 380 1052 444 1443

1492 492 1777 549 HOMILIA
1828 492 1918 547 IV.

1176 605 1250 659 De
1297 606 1560 659 edacitate
1611 607 1720 660 sive
1750 607 1944 660 ventris
1980 606 2228 676 ingluvie.

982 737 1128 792 Nulli
1187 751 1297 790 non
1348 736 1639 790 hominum
1693 735 1944 805 apprime
2007 740 2383 793 necessarium
2419 740 2491 794 sit

909 829 1021 881 vim
1069 827 1276 881 inferre
1312 828 1526 881 ventris
1567 827 1852 890 edacitati,
1898 843 2131 898 eamque
2168 832 2317 900 jusla
2355 842 2491 886 tem-

912 920 1065 988 perie
1114 918 1444 973 moderari:
1487 920 1543 972 in
1600 918 1797 988 primis
1845 928 2027 974 tamen
2080 936 2177 977 eos
2230 922 2487 990 addecet,

908 1011 1114 1081 quibus
1169 1026 1317 1065 cura:
1361 1020 1449 1066 est
1492 1012 1582 1080 pia
1628 1012 1902 1067 servitute
1928 1013 2113 1067 colere
2149 1015 2341 1068 Deum.
2376 1015 2489 1069 llo-

910 1113 1128 1156 nestum
1187 1119 1320 1157 sane
1369 1103 1442 1156 sit
1474 1104 1767 1171 prandium
1803 1120 1967 1158 omne
2019 1104 2154 1158 illud
2184 1105 2332 1173 quod
2366 1122 2487 1160 mo-

908 1196 1099 1248 derata
1166 1195 1494 1264 transigitur
1536 1196 1869 1264 quantitate.
1936 1196 2072 1250 Nam
2125 1198 2263 1251 citra
2321 1199 2487 1252 ullam

909 1287 1235 1350 temperiem
1273 1301 1336 1338 ac
1366 1286 1638 1340 irretentc
1667 1288 2029 1341 suffarcinare
2058 1297 2310 1342 ventrem
2350 1289 2488 1343 eolu-

908 1375 1040 1437 liis,
1090 1390 1357 1443 perquam
1413 1375 1593 1429 simile
1649 1386 1737 1429 est
1793 1377 1919 1430 navi
1969 1392 2138 1432 onere
2191 1379 2486 1433 iniinodico

906 1467 1240 1536 degravatze.
1272 1482 1383 1534 quo
1426 1467 1580 1520 velut
1606 1482 1870 1536 oppressa
1921 1470 2075 1522 nullo
2126 1471 2350 1539 negotio
2380 1487 2484 1524 un-

906 1560 1060 1612 dosis
1083 1559 1341 1611 fluctibus
1374 1559 1722 1629 immergitur
1757 1569 1813 1615 et
1847 1563 2136 1628 pessumit.
2165 1563 2231 1616 Et
2260 1563 2484 1631 quidem

906 1667 1112 1719 corpus
1161 1651 1424 1703 alimonia
1454 1661 1600 1718 eget,
1642 1666 1750 1723 non
1810 1653 1940 1705 item
1989 1653 2333 1721 eupediariis
2366 1655 2485 1708 lau-

909 1744 1087 1812 tisque
1121 1742 1346 1795 ferculis
1378 1744 1580 1810 quibus
1622 1758 1681 1796 se
1715 1743 1781 1795 ad
1816 1743 2156 1812 voluptatem
2208 1745 2404 1800 invitet
2429 1755 2485 1801 et

2186 380 2551 441 ANTIOCHI
2586 379 2933 444 MONACHI

4048 387 4189 451 1444

3221 496 3443 549 ΛυΓΟΣ
3475 499 3546 549 Δ¹.

3052 610 3190 679 Περὶ
3220 610 3711 680 γαστριμαργίας.

2664 744 2807 795 nam
2836 743 2934 812 μὲν
2961 742 3259 809 ἀναγκαῖόν
3285 744 3404 795 ἐστι
3431 742 3492 794 τὸ
3518 742 3805 809 βιάζεσθαι
3830 745 3928 796 καὶ
3951 746 4185 815 κρατεῖν

2591 832 2851 904 γαστρός.
2912 833 3165 887 Μάλιστα
3192 834 3250 887 δὲ
3282 837 3397 897 τοῖς
3431 833 3553 904 Θεῷ
3581 834 3860 887 δουλεύειν
3904 836 4179 890 ἐθέλουσι.

2591 926 2772 979 Καλόν
2800 926 2911 997 γάρ
2940 927 3058 978 ἐστι
3090 928 3201 978 πᾶν
3232 926 3437 997 μέτρον
3464 928 3716 997 ἄριστον.
3748 928 3821 980 Τὸ
3844 928 3901 980 δέ
3927 929 4180 997 ἀσχέτως

2592 1016 2829 1082 ἐσθίειν,
2884 1018 3029 1070 ἔοικε
3076 1017 3166 1086 νηῖ
3212 1018 3733 1089 ὑπεραρορτουμένη.
3775 1019 3849 1071 Τὸ
3873 1019 3985 1089 γὰρ
4016 1019 4181 1089 σῶμα

2590 1109 2798 1179 τροῖῖῆς
2848 1109 3053 1173 δεῖται»
3101 1110 3164 1162 οὗ
3229 1109 3475 1178 τρυφῆ;’
3533 1109 3863 1176 ὀλιγοδείας,
3923 1111 3985 1162 οὐ
4044 1110 4179 1180 πλη-

2592 1201 2797 1270 σμονῆς
2820 1216 2834 1231 ο
2865 1202 3197 1270 αὐταρκείας
3222 1239 3236 1263 ,
3287 1201 3348 1252 οὑ
3398 1201 3774 1264 πολυτελείας.
3830 1201 3897 1253 Al
3938 1202 4042 1269 μὲν
4072 1201 4179 1271 γὰρ

2590 1294 2684 1345 καὶ
2732 1292 2797 1345 τὸ
2845 1292 3010 1362 σῶμα
3058 1293 3156 1345 καὶ
3204 1293 3303 1363 τὴν
3348 1291 3530 1361 ψυχὴν
3574 1291 3912 1360 ὠφελοῦσιν,
3961 1293 4176 1359 ὑγείαν,

2591 1386 2686 1438 καὶ
2730 1383 2958 1454 ῥώμην,
3012 1383 3108 1435 καὶ
3155 1382 3373 1446 εὐεξίαν
3424 1383 3748 1437 τίκτουσαι·
3797 1384 3855 1435 αί
3890 1384 3970 1445 δὲ,
4009 1384 4179 1452 ἄμφω

2591 1476 3074 1539 καταϐλάπτουςι,
3138 1475 3200 1527 οὐ
3273 1474 3435 1543 μόνον
3498 1474 3597 1545 τὴν
3649 1474 3865 1542 ὑγίειαν
3929 1475 4177 1544 διαφθεί-

2593 1586 2808 1636 ρουσαι,
2832 1568 2972 1621 ἀλλὰ
2998 1567 3092 1619 καὶ
3122 1566 3409 1634 νοσήματα
3436 1566 3837 1635 ἀργαλεώτατα
3857 1565 4170 1620 ὠδίνουσαι.

2602 1658 2903 1725 Ἀπόδειξις
2931 1658 2989 1709 δὲ
3019 1658 3196 1727 σαφὴς
3224 1657 3285 1709 τὸ
3310 1657 3439 1719 τοὺς
3463 1656 3562 1726 τὴν
3585 1657 3891 1725 όλιγὸδειαν
3944 1657 4174 1710 καταδε-

2589 1753 2854 1822 χομὲνους
2880 1751 3125 1820 ἀσκητάς
3159 1750 3362 1821 μᾶλλον
3389 1749 3500 1803 τῶν
3527 1748 3875 1819 ἁϐροδίαιτον
3898 1749 4173 1818 ἑλομένων

906 1836 1089 1889 saliet.
1140 1834 1403 1887 Ciborum
1452 1833 1741 1905 frugalitas
1797 1836 1875 1889 illi
1932 1840 2321 1906 (inportunior,
2374 1856 2484 1893 non
2519 1843 2557 1896 Β
2590 1844 2668 1913 pia

2413 1856 2484 1893 on
2519 1843 2557 1896 Β
2590 1844 2726 1913 βίον,
2765 1844 2857 1896 καὶ
2908 1842 3331 1909 συνετωτέρους,
3383 1841 3481 1894 κει)⁵
3530 1839 4039 1909 σωφρονεστέρους,
4085 1840 4173 1891 καὶ

906 1926 1182 1980 inammna
1240 1927 1488 1980 satietas.
1539 1926 1739 1979 lidulio
1780 1942 1940 1995 opus,
2002 1928 2151 1995 quod
2207 1930 2341 1983 satis
2389 1930 2480 1993 sit,

906 2030 1017 2067 non
1062 2018 1192 2068 item
1224 2014 1353 2067 luxu
1387 2013 1699 2082 profusiore
1734 2014 1827 2082 qui
1874 2025 2027 2066 artus
2053 2015 2326 2068 collutilet
2357 2030 2484 2068 eor-

905 2107 1079 2175 poris.
1127 2106 1222 2159 Illa
1275 2105 1548 2174 siquidem
1582 2106 1719 2158 mire
1767 2106 1924 2174 juvat
1970 2115 2027 2159 et
2055 2118 2259 2176 corpus
2284 2118 2340 2162 et
2367 2108 2484 2162 ani-

906 2214 1071 2260 mam,
1099 2198 1303 2267 quippe
1337 2213 1460 2266 qu:e
1509 2199 1830 2266 sospitatcm
1865 2200 2011 2267 parit
2040 2200 2284 2268 corpori,
2316 2201 2486 2254 robur

904 2286 1218 2348 continuat,
1249 2296 1306 2339 et
1349 2286 1731 2344 habitudinem
1763 2287 1918 2341 addit
1953 2289 2181 2357 pulchre
2211 2298 2485 2359 tempera-

908 2387 1051 2441 tam;
1095 2387 1341 2431 extrema
1390 2394 1525 2431 vero
1581 2388 1879 2447 utrumque
1930 2381 2159 2445 Ιιιιιιιιιιι,
2211 2396 2315 2435 nec
2347 2382 2485 2434 sim-

906 2467 1147 2536 pliciter.
1201 2468 1392 2535 Neque
1435 2469 1584 2520 enim
1627 2468 1848 2521 sanitati
1902 2470 2084 2521 solum
2141 2468 2304 2521 noxia
2359 2476 2490 2521 sunt

906 2558 1148 2627 genuina
1196 2557 1433 2627 quadam
1466 2573 1566 2611 sua
1598 2558 1666 2611 ad
1700 2559 2077 2627 corruptelam
2112 2559 2486 2627 proclivitate,

906 2651 1002 2704 scd
1048 2660 1105 2703 et
1156 2650 1379 2703 morbos
1408 2650 1498 2702 vix
1527 2649 1860 2703 eluctabiles
1887 2666 1952 2704 ac
1990 2651 2356 2719 permolestos
2390 2665 2487 2718 pa-

911 2743 1085 2795 riunt.
1145 2741 1245 2795 Rei
1307 2741 1469 2796 istius
1500 2742 1732 2795 evidens
1788 2750 2175 2811 argumentum
2222 2740 2490 2797 exhibent

910 2830 1192 2897 monachi,
1245 2831 1341 2900 qui
1393 2847 1520 2885 eum
1566 2831 1771 2902 exiguo
1804 2833 2054 2887 contenti
2088 2832 2293 2887 abeant
2337 2833 2486 2897 cibo,

909 2932 1081 2991 utque
1108 2923 1537 2991 comperiantur
1560 2932 1617 2976 et
1637 2923 1894 2977 acumine
1922 2923 2243 2978 intellectus
2271 2924 2488 2993 perspi-

906 3014 1176 3079 caciores,
1232 3022 1290 3067 et
1331 3012 1582 3082 corporis
1624 3022 1995 3082 temperatura
2052 3014 2162 3068 illis
2213 3015 2486 3081 saniores,

908 3119 1051 3171 quos
1093 3104 1249 3173 juvat
1281 3110 1425 3156 totos
1458 3118 1516 3157 se
1564 3103 1891 3173 immergere
1917 3105 2045 3159 vita:
2071 3106 2344 3161 mollioris
2370 3106 2489 3161 ille-

2588 1934 2987 2003 ὑγιεινοτέρους
3009 1928 3178 1984 εἶναι’
3195 1933 3254 1984 οὐ
3284 1932 3444 2002 μόνον
3463 1932 3521 1985 δὲ
3542 1930 3872 1994 τοῦτο,ἀλλά
3900 1931 4003 1983 καὶ
4028 1930 4177 1983 ἐλατ-

2584 2027 2668 2077 τοῖ
2699 2025 2766 2077 τὰ
2817 2024 2963 2093 πάθη
3001 2025 3029 2076 6
3071 2023 3290 2094 κρατῶν
3321 2022 3682 2093 γαστρόςηὈ
3721 2022 3827 2090 γάρ
3856 2020 4173 2091 ἡττώμενος

2587 2116 2873 2187 βρώμασιν
2907 2116 3060 2180 αὕξει
3092 2116 3193 2178 τὰς
3223 2115 3443 2183 ἡδονάς·
3480 2113 3671 2181 ὥσπερ
3695 2114 3803 2183 γὰρ
3838 2113 3973 2177 ξύλα
4003 2113 4173 2167 πολλά

2589 2208 2834 2277 μεγάλην
2862 2208 3071 2278 ἐγείρει
3101 2208 3301 2275 φλόγα,
3328 2206 3471 2259 οὕτω
3502 2208 3598 2259 καὶ
3627 2205 3828 2275 πλῆθος
3862 2206 4172 2276 βρωμάτων

2583 2299 2842 2368 ἐγείρειν
2881 2298 3201 2368 ἐπιθυμίαν.
3236 2297 3303 2349 Ἡ
3336 2296 3445 2348 τῶν
3479 2296 3785 2366 βρωμάτων
3843 2296 4171 2349 πολυτέλεια

2583 2389 2783 2459 λαιμὸν
2822 2389 2920 2460 μὲν
2961 2390 3194 2459 τέρπει,
3246 2389 3440 2458 τρέφει
3473 2388 3531 2440 δὲ
3576 2388 3833 2459 σκώληκα
3869 2388 4171 2450 ἀκολασίας

2586 2483 2910 2551 ἀκοίμητον.
2958 2482 3173 2551 Ὥσπερ
3228 2481 3339 2550 γὰρ
3371 2482 3405 2549 ἡ
3435 2480 3785 2551 χερσωθεῖσα
3815 2481 3889 2551 γῆ
3923 2480 4171 2543 ἀκάνθας

2585 2575 2789 2639 τίκτει,
2845 2573 2991 2627 οὓτω
3035 2574 3130 2626 καὶ
3178 2575 3207 2626 6
3243 2572 3371 2636 νοῦς
3406 2574 3836 2644 γαστριμάργου
3879 2572 4172 2642 βλαστάνει

2585 2665 2880 2735 λογισμοὺς
2910 2664 3192 2733 αἰσχρούς.
3230 2665 3481 2733 Μοναχὸς
3543 2665 3967 2735 γαστρίμαργος
4020 2663 4172 2717 οὐδὲν

2584 2756 2810 2827 ἕτερον,
2873 2755 2909 2826 ἢ
2974 2755 3135 2824 μόνον
3182 2755 3395 2819 κοιλίας
3457 2756 3734 2826 ὑπόφορος
3780 2756 4028 2823 γίνεται,
4080 2755 4173 2809 καὶ

2584 2847 2686 2909 τάς
2720 2846 2913 2917 μνείας
2947 2846 3057 2898 τῶν
3088 2845 3261 2914 ἀγίων
3291 2846 3552 2917 ἀριθμείσ
3589 2848 3620 2899 6
3646 2847 3704 2899 δέ
3736 2848 4018 2917 ἐγκρατὴς
4046 2849 4173 2910 τοὺς

2586 2937 2769 2991 αὐτῶν
2814 2936 2965 3005 βίους
3015 2938 3263 3007 μιμεῖται
3278 2948 3328 2992 τι.
3369 2938 3431 2991 ὐ
3466 2939 3885 3008 γαστρίμαργος
3911 2941 4000 3002 είς
4021 2939 4172 2992 οὐδὲν

2586 3033 2777 3104 ἕτερον
2825 3030 3204 3102 ἐναϐρύνεται,
3240 3031 3357 3085 ἀλλ’
3388 3032 3421 3102 ἢ
3452 3034 3536 3095 είς
3567 3032 3831 3086 πλατεῖαν
3862 3033 3959 3085 καὶ
4011 3032 4172 3102 εὐρύ-

2588 3139 2769 3195 χωρον
2818 3120 3033 3175 κοιλίαν
3056 3162 3071 3186 ,
3125 3123 3357 3191 ταμεῖον
3405 3125 3504 3193 τῆς
3533 3122 3725 3192 τιμίας
3758 3122 3925 3175 αὑτοῦ
3962 3122 4172 3192 κόπρου

907 3194 1113 3249 cebris.
1161 3194 1347 3262 Neque
1380 3194 1434 3247 id
1483 3194 1615 3247 boni
1649 3195 1853 3259 solum,
1884 3196 1981 3249 sed
2019 3203 2078 3250 et
2113 3196 2245 3251 dum
2274 3198 2485 3253 ventris
2514 3186 2562 3249 C
2588 3186 2669 3267 ξπ

2410 3198 2485 3253 ris
2514 3186 2562 3249 (ἶ
2588 3186 2876 3285 ἇπᾷθήκης
2903 3228 2921 3244 -
2984 3213 3123 3266 ἀλλά
3153 3186 3249 3265 καὶ
3285 3212 3349 3265 τὸ
3379 3186 3609 3282 Πνεῦμα
3639 3214 3699 3265 τὸ
3728 3211 3980 3265 ἐνοικοῦν
4014 3186 4172 3280 tito

910 3281 1101 3335 frenas
1130 3283 1456 3351 ingluviem,
1489 3284 1688 3338 animae
1720 3301 1817 3354 per
1846 3286 1952 3339 hoc
1983 3287 2267 3342 imminuis
2296 3288 2489 3342 turbu-

912 3372 1089 3424 lentas
1113 3373 1454 3425 allectiones.
1494 3373 1629 3427 Nam
1660 3375 1756 3442 qui
1793 3390 1851 3428 se
1877 3376 2027 3430 vinci
2059 3377 2194 3430 sinit
2235 3378 2486 3432 ciborum

913 3465 1264 3533 intemperie,
1328 3465 1519 3534 utique
1586 3467 1873 3520 materiam
1936 3478 2231 3537 exaggerat
2280 3470 2486 3525 illicem

910 3564 1078 3624 atque
1128 3556 1462 3610 incentivam
1511 3557 1877 3626 voluptatum.
1910 3559 1981 3614 Ut
2027 3560 2175 3613 enim
2205 3562 2485 3629 copiosam

909 3647 1188 3716 lignorum
1236 3649 1555 3716 congeriem
1618 3649 1728 3718 igni
1782 3650 1828 3702 si
1881 3650 2161 3715 admoves,
2221 3653 2485 3721 majorem

909 3739 1120 3793 excitus
1175 3738 1475 3803 flammam,
1514 3741 1589 3793 ita
1618 3752 1673 3793 ct
1703 3741 1861 3810 copia
1899 3743 2149 3797 ciborum
2199 3744 2244 3797 si
2277 3744 2485 3798 inditur

910 3830 1115 3891 ventri,
1150 3831 1247 3883 alit
1290 3832 1819 3900 concupiscentiam.
1855 3835 2276 3889 Eseulentorum
2304 3838 2487 3905 Splen-

910 3922 1076 3973 didus
1123 3936 1186 3973 ae
1231 3920 1510 3988 profusior
1538 3923 1700 3975 luxus
1730 3932 1923 3992 guttur
1962 3926 2188 3994 quidem
2222 3927 2483 3993 oblectat,

912 4013 1008 4066 sed
1044 4022 1100 4066 et
1139 4028 1382 4066 verniem
1424 4013 1870 4083 intemperantia:
1896 4017 1997 4070 alit
2025 4018 2391 4088 irrequietum
2424 4036 2489 4074 ac

912 4100 1260 4169 pervigilem.
1303 4101 1781 4165 Quemadmodum
1814 4106 1962 4159 enim
2000 4114 2145 4161 terra
2174 4108 2284 4161 situ
2321 4124 2487 4178 squa-

912 4192 1035 4245 lens
1060 4199 1117 4243 et
1148 4194 1384 4256 inarata,
1413 4201 1608 4262 suapte
1636 4203 1833 4248 natura
1856 4196 1973 4251 edit
2001 4198 2207 4266 spinas,
2237 4199 2311 4253 ita
2333 4215 2489 4255 mens

912 4284 1125 4337 ventris
1151 4284 1336 4337 studio
1368 4285 1578 4339 addicti
1625 4286 1890 4348 hominis,
1942 4288 2234 4343 indecoras
2258 4306 2489 4360 prorsus

911 4374 1276 4442 cogitationes
1329 4375 1710 4443 progerminat
1753 4383 1918 4443 atque
1962 4376 2253 4431 obscenas.
2297 4377 2489 4431 Mona-

2587 3307 2995 3376 γαστριμάργῳ
3046 3302 3320 3375 ἀνθρώπῳ
3375 3303 3666 3358 λυπεῖ-τωο
3732 3304 3827 3357 καὶ
3877 3305 3956 3376 μὴ
4009 3305 4173 3375 φέρον

2588 3398 2688 3467 τὴν
2714 3397 2982 3449 δυσωδίαν
3009 3396 3289 3466 ἀναχωρεῖ
3313 3395 3408 3448 ἀπ’
3432 3395 3856 3464 αὖτοῦ.·⁶Ὡσπερ
3898 3397 3928 3448 6
3965 3396 4173 3456 καπνὸς

2589 3487 2776 3543 διώκει
2810 3488 2910 3551 τὰς
2940 3487 3227 3557 μελίσσας,
3262 3486 3408 3539 οὕτω
3439 3488 3468 3539 6
3493 3486 3911 3556 γαστρίμαργος
3940 3487 4048 3556 τὴν
4077 3486 4171 3555 χά-

2589 3597 2677 3650 ριν
2709 3580 2804 3633 τοῦ
2838 3580 2998 3646 ἀγίου
3031 3578 3375 3648 Πνεῦματος.
3414 3580 3689 3650 Κρεῖσσον
3716 3573 3810 3631 οὖν
3842 3580 3963 3631 ἐστι
3994 3595 4171 3648 παρα-

2586 3668 2817 3740 δραμεῖν
2842 3671 2913 3724 τά
2937 3670 3344 3740 καρυκεύματα
3370 3672 3468 3737 τῆς
3492 3669 3750 3739 γαστρὸς.
3782 3669 3878 3721 καὶ
3904 3667 3997 3720 διὰ
4016 3668 4171 3735 λιτῆς

2587 3761 2797 3831 τροφῆς
2842 3761 2946 3830 τὴν
2990 3762 3182 3833 χρείαν
3232 3759 3546 3830 ἐκπληροῦν
3593 3760 3686 3813 τοῦ
3735 3760 4028 3829 σώματος,
4089 3762 4171 3812 ἴνα

2592 3852 2666 3924 μὴ
2712 3853 3073 3924 όμοιωθῶμεν
3123 3854 3201 3923 τῷ
3233 3855 3291 3905 ἐν
3323 3856 3391 3922 τῇ
3426 3854 3620 3923 ἐρήμῳ
3652 3852 4007 3922 κοιλιοδούλῳ
4031 3853 4165 3921 λαῷ.

2594 3962 2613 3997 ι
2638 3946 2892 4000 Ἐκάθισε
2917 3947 3048 4016 γὰρ,
3080 3947 3268 4016 φησὶν,
3298 3948 3327 3999 6
3351 3945 3479 4007 λαὸς
3515 3948 3707 4013 φαγεῖν
3739 3944 3835 3999 καὶ
3860 3946 4039 4009 πιεῖν,
4077 3946 4171 3999 καὶ

2590 4035 2900 4103 ἀνέστησαν
2947 4036 3186 4100 παίζειν.
3218 4054 3235 4086 ι
3303 4036 3395 4089 Ἐν
3429 4036 3509 4105 τῷ
3538 4035 3648 4106 γὰρ
3682 4036 3942 4106 ἀμέτρως
3970 4036 4170 4098 αὐτοὺς

2590 4125 2797 4178 ἐσθίειν
2824 4127 2917 4178 καὶ
2943 4126 3141 4189 πίνειν,
3166 4126 3263 4196 τῆς
3287 4126 3509 4195 ἐντολῆς
3535 4127 3631 4179 τοῦ
3654 4125 3791 4179 Θεοῦ
3814 4126 4169 4187 ἐπελάθοντο.

2590 4215 2687 4268 καί⁷
2740 4218 2821 4277 είς
2867 4215 3267 4285 είδωλομανίαν
3312 4218 3632 4284 ἐξώκειλαν.
3689 4218 3887 4282 Καλῶς
3919 4215 4020 4273 οῦν
4057 4222 4171 4283 τοῖς

2589 4305 2858 4375 διαδόχοις
2882 4306 3063 4360 αὐτῶν
3093 4308 3299 4377 γράφει
3332 4310 3360 4362 6
3381 4308 3683 4372 ἀπόστολος
3712 4308 3925 4372 Παῦλος
3944 4325 3961 4341 ο
4020 4327 4041 4361 ι
4071 4304 4171 4362 Ὧν

2588 4397 2617 4448 6
2650 4394 2771 4457 θεὸς
2804 4397 2837 4465 η
2866 4395 3044 4449 κοιλία
3068 4438 3082 4463 ,
3137 4396 3234 4450 καὶ
3274 4400 3307 4469 ἡ
3342 4398 3470 4462 δόξα
3501 4402 3560 4452 ἐν
3587 4402 3655 4469 τῇ
3684 4401 3915 4471 αἰσχύνῃ
3965 4401 4167 4465 αὐτῶν,

912 4463 1053 4515 chus
1088 4464 1238 4531 justo
1263 4462 1492 4515 edacior
1514 4463 1665 4516 aliud
1690 4464 1828 4517 nihil
1847 4466 2160 4520 censendus
2176 4481 2342 4534 quam
2361 4484 2490 4535 pro-
2518 4511 2567 4570 υ
2594 4485 2644 4537 οι

2406 4484 2490 4523 ω’
2518 4511 2567 4570 1)
2594 4485 2644 4537 οἱ
2678 4483 2748 4536 τά
2778 4462 2997 4553 ἔτιγεια
3026 4462 3369 4555 φρονοῦντες.
3400 4505 3419 4538 ι
3476 4489 3586 4540 Καὶ
3617 4462 3812 4541 «iam:
3860 4462 3993 4541 ιἺΓὰ
4025 4462 4168 4559 βρὼέ

912 4554 1018 4622 prii
1054 4553 1382 4607 tributarius
1433 4555 1665 4608 ventris.
1696 4556 1764 4609 Et
1791 4556 2013 4624 quidem
2054 4557 2101 4611 is
2142 4557 2209 4611 ad
2254 4573 2481 4613 censum

911 4653 1200 4699 enumerat
1222 4653 1466 4707 sanctos,
1499 4653 1553 4698 et
1578 4660 1767 4699 eorum
1794 4648 2170 4702 commeminit
2203 4649 2350 4703 inter
2370 4651 2483 4705 col-

914 4736 1119 4805 loquia,
1150 4751 1213 4789 re
1241 4745 1426 4790 autem
1454 4752 1584 4791 vera
1610 4737 1985 4808 intemperans
2018 4756 2145 4793 eum
2175 4740 2256 4801 fit,
2296 4743 2483 4796 neuti-

914 4844 1080 4897 quam
1130 4830 1353 4882 illorum
1388 4831 1554 4883 vitam
1599 4830 1893 4885 aemulatur
1934 4841 1993 4885 et
2036 4846 2237 4885 mores.
2292 4834 2482 4888 Ventri

915 4917 1216 4972 saturando
1268 4918 1561 4983 addictior,
1618 4921 1767 4974 nulla
1812 4921 1918 4975 alia
1953 4936 2013 4976 re
2052 4931 2159 4975 tam
2191 4923 2479 4992 gloriatur,

914 5017 1010 5062 aut
1055 5008 1210 5062 ducit
1242 5010 1609 5074 venerationi,
1664 5026 1829 5078 quam
1881 5012 2031 5080 quod
2081 5012 2351 5068 latissimo
2398 5026 2485 5072 est

914 5110 1109 5154 ventre
1134 5108 1191 5154 et
1220 5102 1558 5170 amplissime
1604 5103 1814 5170 capaci.
1846 5102 2014 5157 Plane
2061 5103 2140 5158 illi
2176 5115 2370 5160 venter
2420 5107 2483 5162 fit

916 5190 1381 5260 promptuarium,
1407 5200 1464 5245 et
1492 5192 1818 5246 honoratior
1849 5202 2156 5248 stercorum
2187 5197 2483 5264 apotheca;

916 5280 1011 5333 sed
1049 5288 1106 5334 et
1145 5280 1354 5334 halitus
1405 5280 1522 5349 ipse
1550 5280 1645 5350 qui
1685 5282 1739 5334 in
1764 5281 1845 5337 sic
1875 5281 2031 5353 edaci
2059 5283 2294 5350 habitat,
2322 5288 2484 5342 anxie

918 5370 1277 5435 interclusus,
1321 5371 1459 5424 mire
1516 5372 1875 5428 turbulentus
1903 5383 1989 5427 est
2050 5390 2112 5429 ac
2170 5378 2483 5447 pnetristis.

920 5460 1166 5535 Dumque
1194 5462 1241 5516 is
1286 5464 1575 5533 aegerrime
1599 5464 1726 5529 fert,
1750 5480 1915 5534 quam
1952 5482 2019 5522 ex
2050 5483 2110 5523 se
2157 5469 2328 5538 spirat
2359 5487 2485 5541 gra-

2601 4590 2748 4641 ματα
2778 4577 2846 4644 τῇ
2877 4573 3053 4645 κοιλίᾳ
3073 4616 3088 4641 ,
3141 4576 3238 4629 καὶ
3268 4578 3301 4647 ἠ
3333 4577 3513 4631 κοιλία
3539 4579 3653 4640 τοῖς
3680 4576 3989 4648 βρώμασιν.
4029 4577 4090 4629 ὐ
4114 4578 4168 4630 δέ

2596 4664 2732 4727 Θεὸς
2759 4668 2855 4720 καὶ
2874 4667 3101 4738 ταύτην,
3125 4669 3412 4723 καὶταῦτα
3434 4670 3826 4740 καταργήσει.»
3855 4669 3965 4722 Καὶ
3987 4669 4163 4732 αὖθιςο

2598 4774 2617 4808 ι
2662 4756 2725 4809 Εί
2776 4757 2865 4811 διά
2906 4758 3107 4829 βρῶμα
3149 4760 3401 4814 λυπεῖται
3446 4763 3475 4813 6
3508 4761 3738 4829 ἀδελφός
3773 4776 3902 4824 σου,
3952 4760 4056 4814 οὐκ
4089 4760 4167 4814 ἐτι

2598 4848 2743 4902 κατὰ
2772 4850 2993 4920 ἀγάπην
3023 4854 3373 4921 περιπατεῖςο
3413 4852 3487 4922 μὴ
3518 4850 3651 4919 γοῦν
3679 4851 3758 4922 τῷ
3788 4850 4045 4922 βρώματί
4074 4870 4166 4905 σου

2589 4942 2799 4994 ἐκεῖνον
2857 4942 3093 4996 ἀπόλλυε
3139 4944 3282 5013 ὑπὲρ
3318 4938 3380 4998 οὗ
3424 4943 3659 5014 Χριστὸς
3685 4942 3948 4997 ἀπέθανε.
3979 4963 4000 4995 ι
4060 4946 4165 4998 Καὶ

2596 5034 2816 5101 ἐπάγεν
2837 5035 2931 5088 ιΟί
2945 5035 3054 5105 γὰρ
3070 5034 3298 5090 τοιοῦτοι
3320 5035 3401 5106 τῷ
3422 5030 3613 5107 Κυρίῳ
3626 5034 3784 5105 ἡμῶν
3806 5035 3869 5089 οὐ
3889 5035 4163 5089 δουλεύου-

2592 5138 2699 5189 σιν,
2732 5122 2869 5177 ἀλλά
2916 5126 2983 5195 τῇ
3028 5124 3237 5179 ἐαυτῶν
3289 5126 3502 5197 κοιλίᾳ·
3554 5127 3650 5179 καὶ
3685 5126 3774 5179 διά
3801 5127 3901 5197 τῆς
3927 5145 4161 5198 χρηστο-

2590 5214 2782 5280 λογίας
2843 5214 2935 5267 καὶ
2986 5215 3237 5283 εὐλογίας
3284 5217 3597 5283 ἐξαπατῶσι
3637 5218 3736 5281 τὰς
3777 5219 4011 5289 καρδίας
4059 5220 4163 5272 τῶν

2593 5303 2873 5360 ἀκάκων.»
2904 5306 3015 5358 Καὶ
3039 5301 3224 5370 αὖθις·
3260 5328 3278 5359 ι
3310 5308 3384 5361 T6
3407 5308 3517 5379 γάρ
3539 5308 3794 5379 φρόνημα
3814 5312 3915 5380 τῆς
3938 5314 4162 5381 σαρκὸς,

2589 5391 2851 5458 θάνατος’
2907 5396 2967 5448 τὸ
3010 5396 3066 5448 δὲ
3114 5397 3371 5469 φρόνημα
3399 5398 3492 5452 τοῦ
3523 5399 3867 5469 πνεύματος,
3915 5398 4035 5470 ζωὴ
4068 5403 4159 5453 καὶ

2587 5483 2817 5553 εἰρήνη·
2874 5486 2968 5539 καὶ
3012 5487 3119 5557 γὰρ
3168 5488 3347 5559 χάριτι
3386 5487 3737 5559 βεϐαιοῦσθαι
3768 5490 3868 5561 τὴν
3901 5491 4153 5562 καρδίαν.

2205 5652 2436 5710 γΑιιιίΕ
2469 5657 2878 5719 LECTIONES.

992 5780 1244 5847 Ρτρέςει.
1322 5792 1347 5829 ιι
1376 5781 1536 5836 Deest
1565 5786 1807 5853 negatio,
1838 5789 1898 5840 οὐ
1935 5791 2204 5859 μιμεῖται.
