4462 6440
288 393 427 455 1455

1385 401 1710 461 HOMIle
1753 402 1819 461 ν.
1853 424 1921 440 ο-
1954 401 2052 460 DE
2089 400 2535 460 EBRIETATE.

3424 398 3553 460 Hm

284 505 345 556 οὐ
378 504 689 574 βρώμασι.»
725 507 836 561 Καὶ
862 508 1052 562 πάλιν·
1085 528 1101 560 ι
1133 509 1208 563 Οὐ
1236 510 1345 580 γάρ
1372 512 1522 565 ἐστιν
1547 513 1581 582 ἡ
1605 512 1855 580 βασιλεία
1888 518 1933 574 Α
1961 524 2044 563 νο(

1788 512 1855 565 :ia
1888 511 2320 574 Aveolentiam,
2355 527 2384 564 a
2435 510 2620 580 seipso
2664 509 2710 564 si
2767 524 2876 578 qua
2930 508 3049 564 fieri
3102 511 3298 578 possit,
3354 514 3550 579 quzerit

283 597 398 649 τῶν
441 597 688 666 οὐρανῶν
740 599 945 669 βρῶσις
991 601 1083 653 καὶ
1123 602 1312 666 πόσις,
1361 603 1497 657 ἀλλὰ
1526 603 1867 672 δικαιοσύνη,

286 688 384 739 καὶ
411 687 607 757 εἰρήνη
640 688 733 740 καὶ
764 688 910 757 χαρά
948 690 1006 741 ὲν
1043 689 1322 759 Πνεῦματι
1354 692 1516 762 ἀγίῳ.
1563 712 1580 743 ι
1607 694 1718 746 Kal.
1748 694 1870 762 οὐχὶ

286 778 474 849 τρυφὴ
503 781 597 831 καὶ
621 780 895 851 σπαταλη,
914 780 1097 845 καθὼς
1121 782 1358 852 εἴρηται,
1385 784 1519 855 βορὰ
1548 786 1865 856 σκωλήκων.

298 870 364 920 'll
399 869 509 939 γὰρ
540 870 691 939 χλιδὴ
711 871 873 925 ὀὐδὲν
900 873 1089 941 ἕτερόν
1115 875 1293 938 ἐστιν,
1337 876 1369 945 ἥ
1403 876 1558 929 ἑστία
1585 879 1833 948 ἑρπετῶν
1854 895 1865 907 ·

284 964 362 1023 ὡς
386 963 483 1014 καὶ
506 965 533 1015 6
558 963 811 1025 Ἰάκωϐος
832 964 1113 1029 ὀνειδίζων
1134 970 1249 1029 τοῖς
1271 967 1648 1030 κοιλιοδοὺλοις
1666 971 1871 1039 ἔγραφε

287 1053 470 1120 λέγων
493 1070 506 1083 ο
563 1072 581 1104 σ
613 1054 991 1125 Ἐτρυφήσατε
1025 1058 1118 1109 ἐπὶ
1146 1058 1244 1126 τῆς
1272 1062 1397 1128 γῆς,
1434 1058 1531 1111 καὶ
1561 1060 1873 1131 ἐσπαταλή-

290 1160 463 1203 σατε.
520 1144 786 1215 ἐθρέψατε
836 1146 938 1210 τὰς
991 1147 1221 1215 καρδίας
1265 1148 1421 1218 ὑμῶν
1473 1150 1550 1211 ὡς
1594 1150 1654 1202 ὲν
1687 1152 1873 1221 ἡμέρᾳ

290 1237 566 1305 σφαγῆς.»
604 1238 714 1290 Kal.
741 1240 769 1290 ὁ
794 1238 999 1308 Κύριος
1039 1238 1096 1291 δὲ
1146 1241 1262 1302 τοῖς
1301 1240 1555 1305 ἀπίστοις
1597 1243 1876 1306 Ἰουδαίοις

290 1328 463 1397 φησίν
484 1344 499 1358 ⁸
565 1347 585 1380 t
624 1328 800 1399 ’Λμὴν
830 1330 973 1397 λέγω
1002 1331 1162 1399 ὑμῖν,
1200 1331 1414 1401 ζητεῖτέ
1449 1351 1516 1401 με
1557 1335 1656 1404 οὐχ
1687 1336 1768 1387 ὃτι
1796 1334 1874 1386 εἵ-

287 1416 413 1468 ὂετε
452 1419 687 1484 σημεῖα,
738 1418 852 1471 ἀλλ’
891 1419 973 1471 ὃτι
1016 1421 1249 1489 ἐφάγετε
1283 1422 1349 1474 ἐκ
1406 1422 1516 1473 τῶν
1541 1422 1753 1493 ἄρτων,
1781 1424 1877 1477 καὶ

289 1507 687 1577 ἐχορτάσθητε.
724 1526 743 1559 ο
780 1509 890 1561 Καὶ
922 1510 1205 1579 ἐπιφέρειο
1258 1530 1276 1561 ι
1301 1511 1634 1581 Ἐργάζεσθε
1672 1514 1745 1583 μὴ
1776 1513 1877 1583 τὴν

293 1597 503 1667 βρῶσιν
558 1598 657 1668 τὴν
705 1599 1127 1668 ἀπολλυμένην,
1192 1600 1328 1654 ἀλλὰ
1375 1601 1474 1672 τὴν
1521 1603 1827 1672 μέλλουσαν
1856 1611 1876 1639 ι’

1968 602 2251 666 secedere,
2302 616 2472 671 scquc
2525 602 2684 672 fugit.
2718 602 2787 657 Ut
2812 602 2963 656 enim
3003 602 3189 656 fumus
3236 603 3358 656 dire
3398 605 3555 672 angit

1968 709 2102 763 apes
2144 704 2200 748 ct
2235 693 2611 763 persequitur,
2649 695 2723 747 ita
2769 703 2825 748 et
2864 693 3200 748 exsatianda:
3249 694 3391 763 gula:
3434 704 3554 747 stu-

1969 787 2179 847 diosus,
2207 785 2440 855 gratiam
2464 800 2494 838 a
2520 799 2578 838 se
2612 786 2830 853 repellit
2852 785 3095 855 Spiritus
3121 786 3331 855 1033
3358 786 3553 838 sancti.

1972 876 2305 931 Prmstiterit
2354 876 2524 944 igitur
2566 875 2840 944 ejusmodi
2880 876 3127 931 lautitias
3163 875 3551 930 condimento-

1972 983 2095 1021 rum
2139 967 2351 1021 ventris
2384 966 2690 1035 ingluviem
2717 966 3076 1035 prolicientes
3104 977 3555 1035 praetercurrere,

1970 1072 2027 1116 et
2079 1076 2347 1132 perquam
2385 1059 2536 1113 tenui
2577 1059 2783 1128 pabulo
2837 1059 3225 1112 necessitatem
3275 1057 3557 1111 declinare

1971 1154 2248 1223 corporis.
2336 1150 2634 1219 nequando
2721 1148 2996 1204 assimiles
3072 1146 3557 1216 deprehendamur

1973 1245 2146 1299 fuisse
2178 1244 2385 1313 populo
2432 1242 2512 1295 illi
2540 1243 2635 1311 qui
2682 1256 2785 1295 suo
2821 1240 3005 1294 ventri
3042 1248 3151 1293 tam
3184 1239 3346 1293 anxie
3380 1239 3558 1292 inscr-

1972 1336 2120 1388 visse
2152 1335 2375 1403 legitur.
2407 1352 2425 1385 ι
2449 1332 2606 1387 Sedit
2633 1332 2806 1394 enim,
2834 1331 2932 1393 ait,
2958 1330 3200 1400 populus
3227 1329 3558 1383 manducare

1973 1436 2029 1480 et
2063 1426 2278 1490 bibere,
2314 1435 2369 1478 et
2406 1431 2775 1479 surrexerunt
2811 1422 3003 1476 ludere
3042 1423 3083 1475 ".
3114 1440 3131 1472 ι
3165 1422 3305 1475 Dum
3324 1419 3474 1473 enim
3504 1429 3559 1473 ct

1974 1516 2149 1570 edunt
2195 1524 2252 1569 et
2299 1516 2501 1569 bibunt
2535 1515 2972 1575 immoderatius,
3016 1514 3073 1566 in
3106 1513 3444 1566 oblivionem
3470 1510 3557 1564 di-

1975 1608 2088 1661 vini
2126 1622 2328 1661 venere
2358 1606 2634 1671 mandati;
2669 1620 2775 1660 nec
2808 1606 3011 1667 solum,
3061 1605 3156 1658 sed
3204 1614 3261 1659 et
3290 1605 3347 1657 in
3393 1603 3559 1657 male-

292 1692 375 1751 εἰς
409 1689 561 1758 ζωὴν
591 1690 810 1743 αίὼνιον
832 1731 846 1753 ,
904 1692 971 1760 ἣν
1001 1692 1029 1742 ὁ
1060 1690 1187 1754 Υἱὸς
1217 1692 1311 1744 τοῦ
1342 1692 1633 1761 ἀνθρώπου
1664 1693 1879 1747 δίδωσιν

295 1781 448 1849 ὑμῖν.
480 1799 500 1832 ι
544 1780 705 1850 Αὐτῷ
732 1783 765 1850 ἡ
798 1780 950 1847 δόξα,
979 1782 1073 1834 καὶ
1098 1782 1161 1834 τὸ
1183 1782 1386 1852 κράτος
1414 1784 1494 1845 εἰς
1519 1783 1646 1845 τοὺς
1674 1783 1879 1846 αίῶνας

294 1874 408 1925 τῶν
436 1872 672 1926 αἰώνων.
712 1873 766 1924 ’Δ
780 1874 909 1942 μὴν.

1978 1699 2207 1753 suadam
2257 1714 2321 1753 ac
2367 1699 2748 1753 vesanientcm
2784 1698 3137 1766 impegerunt
3171 1695 3561 1749 idololatriam.

1982 1789 2155 1843 Recte
2208 1789 2382 1857 igitur
2411 1788 2835 1842 suecessorilms
2871 1788 3064 1841 talium
3100 1785 3401 1856 Apostolus
3427 1785 3564 1838 scri-

1909 1871 1947 1924 B
1979 1876 2060 1929 bit
2098 1894 2109 1926 τ
2160 1896 2178 1927 ι
2201 1877 2449 1942 Quorum
2481 1877 2626 1930 Deus
2661 1883 2860 1929 venter
2889 1883 2999 1939 est,
3037 1883 3095 1928 et
3134 1874 3306 1943 gloria
3336 1874 3391 1925 in
3426 1888 3563 1925 con-

295 1965 521 2020 fusione
552 1965 825 2033 ipsorum,
851 1966 947 2033 qui
974 1973 1195 2020 terrena
1229 1964 1454 2034 sapiunt
1498 1966 1540 2018 ’.
1575 1984 1591 2016 ι
1664 1966 1904 2019 lterum:
1955 1985 1972 2017 ‹
2006 1968 2179 2030 Escm,
2228 1969 2440 2031 ventri;
2492 1978 2547 2022 et
2597 1977 2815 2031 venter,
2877 1969 3068 2021 escis:
3110 1966 3258 2021 Deus
3297 1973 3483 2019 autem
3510 1970 3568 2017 et

296 2060 400 2112 has
437 2070 495 2112 et
530 2059 676 2115 hunc
718 2059 970 2112 destruet
1023 2059 1088 2111 “.
1132 2078 1150 2109 ι
1198 2059 1410 2113 Rursus
1444 2077 1455 2110 :
1505 2078 1523 2108 ι
1557 2058 1612 2113 Si
1647 2067 1875 2128 propter
1911 2060 2096 2114 cibum
2132 2063 2523 2115 constristatur
2561 2060 2731 2114 frater
2781 2070 2930 2123 tuus,
2960 2077 3069 2113 non
3124 2062 3235 2129 jam
3265 2059 3565 2112 secundum

295 2155 630 2208 eharitatem
660 2154 933 2215 ambulas,
979 2152 1091 2207 noli
1136 2153 1264 2207 cibo
1308 2164 1402 2207 tuo
1471 2153 1627 2207 illum
1691 2154 1947 2223 perdere,
1988 2170 2091 2225 pro
2124 2171 2238 2224 quo
2264 2154 2519 2209 Christus
2555 2164 2813 2209 mortuus
2845 2163 2931 2208 cst
2964 2155 3028 2207 “.
3060 2173 3078 2207 ι
3118 2154 3336 2208 lnducit
3365 2172 3378 2207 :
3415 2172 3433 2203 ι
3462 2152 3566 2218 Qui

296 2246 447 2299 enim
492 2247 630 2300 tales
653 2256 805 2310 sunt,
839 2245 1075 2299 Domino
1110 2254 1304 2297 nostro
1342 2259 1452 2297 non
1487 2243 1757 2309 serviunt,
1791 2244 1888 2298 sed
1930 2260 2033 2299 suo
2063 2246 2267 2307 ventri,
2312 2254 2369 2299 et
2397 2261 2497 2314 per
2563 2245 2974 2315 suaviloquium
3028 2255 3085 2297 et
3120 2242 3565 2317 benedictionem

300 2343 581 2396 seducunt
620 2340 789 2395 corda
854 2340 1213 2394 innocentum
1284 2340 1351 2393 ι’.
1385 2360 1403 2391 ο
1450 2340 1690 2394 Rursum
1724 2356 1735 2391 :
1777 2356 1795 2389 ι
1823 2338 2123 2393 Prudentia
2161 2338 2369 2402 carnis,
2412 2355 2602 2403 mors;
2637 2339 2933 2409 prudentia
2966 2353 3102 2391 vero
3170 2337 3424 2407 spiritus,
3455 2338 3569 2391 vita

299 2447 355 2489 (ι
396 2452 501 2505 pax
538 2435 616 2487 "z
644 2435 853 2487 bonum
876 2434 1025 2487 enim
1050 2443 1135 2487 est
1159 2432 1332 2503 gratia
1360 2432 1610 2487 stabilire
1637 2447 1768 2494 eor,
1799 2445 1907 2485 non
1946 2433 2091 2488 escis
2122 2432 2185 2487 “.
2225 2451 2242 2482 ι
2294 2432 2499 2484 lterum
2534 2448 2547 2482 :
2588 2449 2604 2480 σ
2628 2431 2747 2485 Non
2788 2433 2937 2485 enim
2989 2440 3074 2485 est
3139 2446 3371 2499 regnum
3399 2432 3569 2485 caelo-

307 2542 428 2579 rum
463 2542 591 2579 esea
628 2534 681 2579 et
720 2535 906 2596 potus,
941 2526 1037 2580 sed
1071 2527 1284 2596 iustitia
1312 2536 1370 2581 et
1400 2541 1504 2595 pax
1542 2534 1598 2580 et
1632 2526 1890 2595 gaudium
1934 2528 1990 2583 in
2029 2526 2242 2595 Spiritu
2294 2534 2488 2578 sancto
2558 2524 2621 2578 ".
2673 2544 2692 2576 ι
2754 2524 2859 2578 Sed
2917 2540 3020 2578 nec
3065 2524 3290 2594 quidem
3342 2525 3574 2593 genialis

304 2618 432 2671 vita:
486 2616 749 2686 splendor
816 2626 913 2671 ant
958 2617 1282 2671 illecebrosa
1338 2618 1590 2686 voluptas
1674 2618 1794 2687 (ceu
1832 2620 1947 2685 jam
1985 2618 2195 2671 dictum
2225 2616 2363 2670 mihi
2394 2615 2500 2681 est)
2526 2632 2647 2685 qua:
2670 2616 2726 2669 in
2761 2616 2910 2669 dicm
2934 2615 3132 2669 mortis
3153 2616 3416 2684 pabulum
3442 2630 3573 2669 con—

304 2706 1274 2775 ditetthesaurizatvermibus.Ipsa
1292 2707 1440 2760 enim
1465 2707 1893 2777 indulgentioris
1928 2707 2054 2761 vitae
2121 2707 2404 2769 illecebra,
2436 2704 2585 2759 aliud
2651 2705 2790 2759 nihil
2834 2712 2918 2759 est
2956 2720 3120 2774 quam
3156 2704 3470 2759 molliculus
3517 2716 3576 2760 et

305 2801 558 2870 epularis
595 2801 755 2855 cibus
783 2802 1088 2870 reptilium,
1114 2802 1200 2855 vel
1235 2811 1372 2857 teste
1401 2802 1627 2865 Jacobo,
1654 2803 1747 2870 qui
1781 2802 2132 2871 opprobrans
2154 2801 2455 2863 scribebat,
2509 2815 2612 2854 suo
2672 2799 2851 2853 ventri
2882 2799 3045 2852 anxie
3101 2798 3267 2852 nimis
3328 2796 3577 2852 servien-

308 2890 461 2943 tibus
496 2906 512 2943 :
558 2908 575 2941 ι
602 2891 855 2945 Deliciati
887 2892 1026 2946 estis
1050 2908 1221 2961 super
1253 2902 1456 2946 terram
1488 2902 1545 2946 et
1573 2893 1890 2955 lascivistis,
1928 2901 1986 2947 et
2033 2892 2325 2946 cnutristis
2363 2891 2532 2945 corda
2572 2900 2759 2943 vestra
2793 2898 2857 2944 ut
2893 2889 2949 2942 in
3006 2888 3097 2942 die
3129 2888 3424 2943 occisionis
3452 2888 3515 2940 ⁸⁸.
3551 2906 3569 2937 ι

308 2980 582 3036 Dominus
614 2984 844 3054 insuper
889 2984 1197 3039 incredulis
1236 2986 1441 3041 Iudaeis
1477 2987 1555 3041 ait
1587 3005 1601 3041 :
1669 3006 1689 3040 ι
1750 2991 1949 3051 Amen,
1988 3002 2150 3042 amen
2186 2987 2311 3041 dico
2338 2985 2542 3040 vobis:
2577 2983 2836 3051 Quaeritis
2883 2998 2993 3050 me,
3029 2998 3139 3037 non
3180 2984 3310 3053 quia
3359 2982 3580 3037 vidistis

307 3073 487 3143 signa,
524 3074 621 3129 sed
653 3075 784 3144 quia
823 3075 1145 3131 comedistis
1179 3092 1245 3131 ex
1275 3077 1534 3147 panibus,
1558 3086 1615 3131 et
1652 3078 1885 3132 saturati
1924 3077 2061 3133 estis
2093 3078 2157 3132 ".
2190 3097 2208 3129 ι
2246 3076 2420 3132 Infert
2452 3094 2466 3129 :
2505 3095 2524 3127 ι
2565 3074 2887 3145 Operamini
2921 3091 3031 3129 non
3068 3073 3253 3129 cibum
3282 3075 3376 3145 qui
3411 3074 3575 3144 perit,

307 3166 404 3221 sed
483 3165 580 3234 qui
655 3174 941 3234 permanet
1003 3166 1058 3221 in
1108 3167 1277 3222 vitam
1328 3178 1591 3225 mternam

310 3258 663 3314 saeculorum.
701 3258 876 3314 Amen

941 3371 1162 3425 ΛΟΓΟΣ
1195 3374 1272 3427 E'.

918 3484 1058 3549 Περὶ
1082 3484 1296 3554 μέθης.

385 3594 550 3661 Μέθη
590 3592 761 3645 πλείω
805 3594 906 3663 τῆς
952 3592 1268 3662 ἀδηφαγίας
1304 3593 1583 3664 βαρυτέρα
1633 3593 1893 3666 ὑπάρχει,

313 3686 416 3739 καὶ
461 3685 609 3738 πάνυ
646 3684 1029 3753 ἀπηγόρευται
1060 3684 1216 3757 παρά
1257 3686 1324 3754 τῇ
1375 3684 1500 3754 θείᾳ
1536 3685 1749 3756 Γραφῇ.
1786 3685 1898 3739 Kal.

314 3778 433 3847 γὰρ
474 3776 734 3846 ἀθέμιτόν
784 3777 905 3828 ἐστι
937 3774 1111 3845 ταύτῃ
1161 3776 1578 3846 ὲναόρύνεσθαι,
1624 3776 1701 3839 ὦς
1749 3792 1897 3839 τινες

316 3868 720 3939 κοσμόφρονες,
759 3867 819 3921 ὲν
865 3866 944 3937 τῷ
986 3866 1263 3921 οἰνοῦσθαι
1308 3867 1528 3931 αὐτοὺς,
1564 3866 1895 3937 καυχῶνται.

331 3960 399 4011 'll
438 3958 550 4027 γὰρ
588 3955 907 4025 οἰνοφλυγία
933 3955 1089 4010 οὐδὲν
1125 3956 1315 4027 ἕτερον
1352 3957 1601 4026 παρέχει,
1638 3957 1672 4027 ἢ
1702 3957 1897 4010 ἔκστα-

321 4066 410 4099 σιν
443 4048 563 4108 νοὸς
595 4046 690 4099 καὶ
720 4046 933 4099 πενίαν.
960 4047 1071 4099 Καὶ
1091 4046 1155 4098 τὸ
1179 4046 1343 4114 σῶμα
1367 4046 1610 4113 ἐξίτηλον
1632 4048 1727 4100 καὶ
1766 4045 1899 4115 χαῦ-

321 4154 415 4189 νον
450 4136 853 4206 ἀπεργάζεται.
886 4135 1066 4188 Καλὸν
1095 4131 1190 4189 οὖν
1221 4137 1316 4189 καὶ
1346 4136 1644 4190 ἀπόδεκτον
1668 4139 1781 4189 ἐστι
1812 4137 1900 4191 διὰ

319 4232 424 4298 τὴν
454 4229 748 4282 ἀσθένειαν
775 4227 871 4281 τοῦ
908 4226 1161 4298 σώματος
1192 4228 1360 4299 ὀλίγῳ
1401 4229 1532 4299 οἴνῳ
1575 4230 1896 4299 κεχρῆσθαι.

328 4322 431 4372 Ὃν
458 4319 661 4389 τρόπον
688 4317 798 4387 γὰρ
819 4318 852 4386 ὴ
885 4318 957 4387 γῆ
991 4317 1294 4388 συμμέτρῳ
1322 4319 1421 4388 μὲν
1450 4319 1643 4390 ὄμϐρῳ
1672 4321 1900 4390 ἀρδευο-

327 4412 495 4481 μένη,
529 4409 777 4480 καθαρὸν
809 4408 872 4461 τὸ
904 4410 983 4473 είς
1017 4410 1187 4479 αὐτὴν
1238 4408 1459 4478 σπέρμα
1488 4410 1902 4479 καταϐαλλόμε-

322 4518 417 4554 νον
466 4500 606 4570 μετά
654 4500 979 4571 προσθήκης
1023 4501 1259 4570 ἀνίησιν,
1307 4500 1412 4553 ὑπὸ
1456 4501 1668 4555 πολλῶν
1704 4502 1762 4556 δὲ
1798 4502 1902 4572 δμ-

324 4593 479 4663 6ρων
531 4591 913 4662 μεθυσκομένη
954 4593 1199 4657 ἀκάνθας
1242 4593 1397 4663 φέρει
1450 4594 1545 4647 καὶ
1619 4594 1903 4664 τριϐόλους

1671 3186 1837 3241 quem
1877 3169 2050 3226 Filius
2108 3168 2347 3225 hominis
2380 3168 2535 3223 dabit
2565 3167 2725 3223 vobis
2755 3167 2819 3222 “.
2858 3185 2875 3217 ›
2924 3166 3031 3237 ipsi
3071 3165 3246 3237 gloria
3275 3164 3332 3220 in
3379 3163 3576 3220 saecula

2592 3368 2877 3425 IIOMILIA
2914 3369 2979 3425 ν.

2602 3482 2681 3537 De
2707 3484 2977 3536 ebrietate.

2068 3596 2324 3650 Ebrietas
2373 3594 2551 3649 multo
2591 3605 2890 3664 exsuperat
2918 3604 3115 3665 suapte
3152 3595 3419 3665 gravitate
3454 3595 3585 3652 eda-

1996 3689 2243 3753 citatem,
2270 3696 2328 3742 et
2368 3688 2491 3756 ejus
2520 3701 2646 3749 usu,
2678 3686 2841 3741 nobis
2875 3700 3131 3755 prorsum
3166 3684 3468 3757 Scriptum
3493 3686 3582 3741 di-

1996 3776 2140 3830 vina:
2170 3776 2389 3829 sanetio
2418 3773 2723 3828 interdixit.
2747 3774 2861 3828 Nec
2887 3774 3037 3829 enim
3070 3774 3154 3828 fas
3180 3774 3440 3843 cuiquam
3468 3784 3585 3829 tur-

1999 3866 2254 3937 pitudine
2282 3864 2447 3921 istius
2472 3863 2699 3934 gloriari
2721 3864 3033 3929 ebrietatis,
3054 3878 3156 3918 ceu
3178 3864 3407 3933 quidam
3433 3878 3585 3919 assoo

1999 3957 2117 4011 lent
2145 3976 2157 4010 :
2190 3956 2286 4026 qui
2310 3955 2451 4010 nihil
2478 3964 2586 4009 tam
2624 3956 2900 4025 resipiunt
2920 3966 3085 4024 atque
3112 3955 3306 4009 mundi
3337 3956 3587 4025 pruden-

2002 4050 2167 4110 tiam,
2203 4062 2325 4102 sese
2378 4048 2485 4101 hoc
2536 4046 2761 4100 nomine
2809 4046 3167 4101 venditantes
3214 4047 3582 4112 insolentius,

1999 4140 2146 4211 quod
2180 4140 2412 4210 pulchre
2438 4148 2689 4193 ventrem
2722 4153 2875 4192 mero
2902 4138 3205 4193 onerarint.
3229 4139 3391 4194 Aliud
3422 4142 3585 4209 plane

2001 4230 2329 4287 tcmulcntia
2378 4230 2516 4284 nihil
2556 4229 2690 4282 meri
2736 4228 2929 4282 bibulo
2960 4228 3198 4291 confert,
3231 4244 3395 4297 quam
3429 4245 3586 4284 emo-

2002 4323 2213 4378 tionem
2234 4322 2438 4378 mentis
2453 4331 2618 4390 atquc
2641 4328 3043 4389 paupertatem.
3057 4320 3334 4375 Exolescit
3353 4322 3586 4391 proinde

2000 4430 2102 4486 per
2125 4430 2246 4469 eam
2271 4428 2491 4482 corpus,
2512 4428 2578 4466 ac
2608 4411 2811 4465 friatile
2835 4412 3090 4465 redditur
3117 4420 3173 4466 et
3192 4427 3412 4467 enerve.
3442 4413 3586 4468 Sane

2003 4522 2169 4577 quam
2202 4507 2409 4560 bonum
2444 4505 2516 4557 sit
2563 4518 2668 4558 nec
2713 4503 3136 4571 improbandum
3172 4513 3403 4572 propter
3432 4504 3589 4557 infir-

2003 4601 2252 4656 mitatem
2277 4598 2530 4667 corporis
2560 4596 2782 4650 modico
2813 4596 2892 4650 uti
2923 4595 3073 4649 vino.
3110 4594 3325 4665 1035
3348 4594 3587 4649 Utcnim

329 4683 527 4751 μήνον·
558 4680 702 4734 οὕτω
740 4682 834 4734 καὶ
881 4684 914 4752 ἠ
966 4682 1040 4752 γῆ
1081 4683 1179 4751 τῆς
1233 4683 1480 4751 καρδίας,
1534 4685 1631 4738 ἐὰν
1686 4685 1899 4755 συμμέ-
1934 4712 1979 4768 D
2008 4702 2091 4747 ιρι·

1827 4685 1899 4738 ιέ-
1934 4702 2153 4768 υῑοτι-ει
2206 4690 2494 4744 moderato
2545 4687 2767 4757 perfusa
2827 4688 3037 4750 imbre,
3088 4702 3277 4741 semen
3335 4687 3484 4757 quod
3535 4688 3589 4742 in

324 4789 476 4841 τρως
519 4771 597 4841 τῷ
640 4772 768 4841 οἴνῳ
812 4772 1099 4843 χρώμεθα,
1130 4773 1351 4843 καθαρά
1392 4774 1460 4826 τὰ
1496 4774 1701 4843 φυσικά
1732 4776 1903 4845 αὐτῆς

327 4862 625 4916 ἀναδίδωσι
678 4862 993 4932 σπέρματα.
1034 4864 1160 4918 Ἐὰν
1200 4865 1257 4918 δὲ
1286 4865 1573 4937 διάϐροχος
1604 4868 1710 4921 ὑπὸ
1736 4868 1903 4922 πολυο

329 4954 531 5018 ποσίας
564 4954 815 5025 γένηται,
847 4955 1090 5019 ἀκάνθας
1126 4958 1292 5021 ὅντως
1320 4959 1475 5027 φέρει
1500 4961 1627 5022 τοὺς
1658 4961 1905 5024 ἅπαντας

330 5044 507 5113 αὐτῆς
532 5044 851 5115 λογισμούς.
876 5047 951 5099 Οὐ
987 5048 1148 5117 μόνον
1172 5048 1228 5101 δὲ
1258 5048 1439 5112 τοῦτο,
1470 5048 1606 5103 ἀλλά
1636 5052 1731 5105 καὶ⁹
1760 5053 1907 5105 ποιεί

330 5133 425 5184 τὸν
482 5132 751 5202 μεθύοντα
808 5136 961 5205 παρά
1010 5136 1108 5204 μὲν
1162 5137 1270 5189 τῶν
1312 5139 1564 5209 ἀφρόνων
1603 5140 1864 5208 γελᾶσθαι
1887 5159 1900 5172 ⁸

332 5223 489 5292 παρά
514 5223 573 5275 δὲ
600 5223 710 5276 τῶν
736 5226 1021 5295 φρονίμων
1049 5228 1388 5283 πενθεῖσθαι.
1419 5231 1544 5284 Νῶε
1579 5232 1710 5303 γὰρ,
1741 5233 1909 5304 φησιν

336 5318 370 5384 ἠ
403 5314 527 5368 θεία
559 5316 771 5387 Γραφὴ,
802 5316 943 5389 ἀνὴρ
978 5318 1207 5385 δίκαιος,
1237 5321 1393 5375 ἔπιεν
1433 5317 1597 5389 οἶνον,
1648 5328 1742 5377 καὶ
1778 5325 1911 5395 ὲμε-

408 5474 433 5505 ⁸
470 5474 647 5528 Exod.
691 5490 857 5537 xxxn,
906 5476 959 5529 6.

1073 5478 1384 5549 (Philipp.
1444 5497 1523 5545 Ill,
1582 5482 1668 5535 l9.

342 5545 385 5576 ¹³
426 5544 588 5599 Rom.
630 5560 744 5606 vm,
780 5548 833 5599 (i.

947 5547 986 5577 “
1026 5545 1190 5603 llcbr.
1235 5545 1347 5615 xm;
1403 5551 1457 5606 θ.

1785 5482 1827 5512 ⁸⁸
1862 5482 1879 5536 1
1926 5481 2054 5535 Cor.
2089 5499 2162 5546 τι,
2220 5482 2304 5536 l5.

1556 5552 1598 5583 "
1643 5550 1804 5607 Com.
1853 5567 1961 5617 xw,
2020 5554 2105 5606 l7.

2006 4784 2220 4837 viscera
2274 4797 2372 4836 sua
2420 4780 2693 4851 dejeetum
2731 4794 2926 4849 purum
2970 4777 3210 4847 excepit,
3242 4778 3418 4832 multo
3464 4793 3589 4832 cum

2007 4873 2199 4926 fenore
2230 4870 2470 4925 emicare
2516 4869 2663 4939 eOgit
2705 4876 2761 4921 ct
2808 4881 3124 4937 cmergere;
3174 4882 3205 4922 e
3252 4867 3496 4935 diverso,
3543 4866 3589 4922 si

2010 4964 2321 5019 immodica:
2362 4960 2563 5031 pluvia:
2604 4960 2881 5015 madescat
2929 4959 3127 5029 illapsu
3162 4967 3220 5014 ct
3255 4958 3588 5022 inebrietur,

2009 5054 2198 5123 spinas
2231 5052 2437 5123 profert
2468 5052 2645 5105 solum
2680 5059 2734 5105 et
2762 5051 3015 5114 tribulos,
3046 5050 3119 5103 ita
3148 5057 3206 5104 ct
3231 5058 3377 5103 terra
3407 5048 3593 5104 cordis

2010 5145 2211 5209 nostri,
2246 5142 2520 5211 siquidem
2563 5156 2689 5195 eum
2733 5141 2999 5209 temperie
3032 5141 3167 5194 vino
3199 5150 3439 5203 utemur,
3471 5152 3594 5205 qua:

2007 5246 2206 5307 suopte
2241 5235 2405 5305 genio
2430 5234 2643 5288 semina
2670 5248 2807 5303 pura
2838 5220 3072 5302 accepit,
3097 5230 3281 5286 reddit
3302 5228 3592 5299 multiplici

2010 5343 2135 5382 cum
2195 5325 2544 5391 accessione;
2607 5324 2650 5378 si
2721 5333 2831 5378 tota
2897 5323 3012 5377 vini
3077 5322 3311 5377 humore
3371 5336 3593 5391 perma-

3058 5479 3099 5510 "
3140 5478 3298 5533 Rom.
3334 5492 3442 5537 xvi,
3502 5475 3589 5528 18.

3251 5547 3295 5581 ⁸⁸
3338 5546 3472 5601 ibid.
3497 5545 3589 5601 27.

2420 5483 2460 5513 ¹⁸
2496 5482 2653 5537 Rom.
2696 5496 2805 5544 xw,
2859 5480 2946 5533 15.

2208 5552 2249 5581 ¹⁶
2277 5552 2378 5605 lsa.
2436 5568 2491 5617 v,
2534 5553 2586 5605 5.
2670 5551 2711 5582 "’
2749 5550 2906 5606 Joau.
2944 5566 3019 5613 vi,
3059 5548 3149 5604 ‘26.

1641 5709 1873 5766 \‘Alll/E
1916 5708 2317 5764 LEC'HONES.

415 5786 435 5814 ι’
470 5776 757 5845 μένοντα).
