4462 6440
924 320 1052 384 1447

2180 317 2546 380 ANTIOCHI
2590 317 2934 378 MONACIII

4054 312 4191 378 1448

919 433 1130 496 duerit,
1162 446 1332 502 seque
1364 445 1519 486 mero
1544 430 1856 501 copiosiore
1883 432 2175 501 proluerit,
2204 433 2337 502 jam,
2367 429 2504 484 velis
2533 433 2577 488 Α
2606 428 2681 481 θύη

2425 429 2504 483 elis
2533 433 2577 488 Α
2606 428 2803 500 θύσθη,
2830 430 2920 483 καὶ
2942 430 3122 483 ἔκειτο
3150 430 3374 499 γυμνὸς,
3405 430 3496 483 καὶ
3526 430 3623 497 οὐχ
3645 430 3726 481 ὃτι
3756 430 4014 498 πάροινος
4062 425 4133 497 ἦν
4163 418 4187 467 ὁ

920 521 1084 585 nolis,
1116 521 1305 590 spinas
1323 530 1380 575 et
1402 520 1550 574 aliud
1582 521 1720 575 nihil
1747 530 1955 587 exoret,
1987 538 2186 591 nempe
2217 520 2496 589 improbas

917 612 1303 682 cogitationes.
1331 612 1519 682 Neque
1545 613 1599 667 id
1627 615 1813 677 modo,
1841 613 1935 668 sed
1957 624 2014 669 et
2035 614 2314 669 ebriacum
2342 614 2495 666 illum

915 703 1085 757 cﬂicit
1127 704 1211 758 sui
1246 704 1546 771 similibus,
1580 705 1685 759 hoc
1739 706 2064 768 eststultis,
2105 704 2493 768 deridiculum,

918 795 1288 864 prudentibus
1327 804 1539 861 autem,
1570 812 1667 866 per
1703 797 2242 851 commiserationem
2286 797 2494 850 luctum

917 895 1228 955 extorquet.
1253 888 1368 944 Noe
1399 891 1568 955 enim,
1595 891 1674 943 ait
1720 888 1910 944 divina
1953 888 2263 957 Scriptura,
2293 888 2376 940 vir
2402 888 2495 957 ju-

917 990 1037 1033 stus
1068 980 1286 1035 biberat
1316 982 1525 1045 vinum,
1557 998 1729 1050 seque
1761 996 1828 1035 eo
1859 981 2144 1050 proluerat
2177 978 2493 1042 immodice,

913 1081 971 1126 et
1010 1072 1232 1142 jaccbat
1275 1073 1456 1126 nudus
1503 1074 1629 1143 (nec
1664 1082 1847 1127 tamen
1887 1087 1955 1126 eo
1997 1072 2264 1126 scribitur
2288 1072 2493 1140 justus,

914 1164 1063 1230 quod
1100 1162 1229 1216 vino
1274 1163 1678 1227 immaduissct,
1711 1163 1807 1216 sed
1850 1171 2081 1215 eatenus
2120 1178 2320 1230 expers
2361 1178 2495 1218 usus

916 1253 1075 1321 viui).
1105 1267 1161 1307 et
1187 1253 1256 1306 ab
1284 1254 1636 1323 imprudente
1671 1256 1765 1307 illo
1786 1254 1978 1315 Cham,
2010 1254 2233 1307 habitus
2256 1253 2495 1307 ludibrio

916 1352 1021 1408 est,
1052 1360 1081 1397 a
1115 1346 1482 1414 prudentibus
1511 1357 1694 1400 autem
1731 1347 1858 1400 Iiliis
1892 1356 2033 1400 tecta
2067 1357 2154 1400 est
2192 1346 2493 1415 ignominia

918 1437 1185 1490 nuditatis
1236 1438 1299 1489 ν’.
1351 1437 1598 1491 Vitcmus
1647 1438 1815 1507 igitur
1870 1439 2139 1509 (fratres)
2205 1438 2495 1493 ebrietatis

915 1528 1242 1593 dmmonem,
1272 1538 1334 1581 ut
1366 1545 1433 1582 ne
1461 1530 1681 1583 demum
1714 1531 1792 1583 illi
1829 1544 1929 1582 nos
1954 1529 2317 1582 exhibeamus
2344 1528 2492 1581 deri-

915 1619 1151 1680 diculos.
1182 1621 1432 1689 quinimo
1466 1637 1567 1673 nos
1612 1622 1761 1689 ipsos
1812 1621 2236 1689 przemuuiamus
2277 1619 2490 1674 sobrie-

918 1718 1048 1776 tate,
1082 1727 1203 1779 quzn
1232 1712 1379 1765 hunc
1413 1722 1663 1766 nostrqu
1695 1713 1978 1765 hominem
2010 1712 2341 1765 incolumem
2377 1726 2494 1765 ser-

913 1811 1003 1855 vet
1044 1819 1167 1856 cum
1206 1804 1468 1871 primaria
1515 1806 1635 1873 ejus
1679 1805 1956 1873 portione,
1989 1804 2248 1858 videlicet
2282 1812 2486 1867 mente,

912 1894 1127 1948 sicutet
1146 1896 1533 1949 l‘armmiastcs
1554 1911 1654 1949 suo
1676 1896 1986 1964 praescribit
2002 1895 2261 1948 mandato
2283 1912 2295 1946 :
2320 1913 2336 1943 ι
2365 1894 2487 1947 Noli

912 2003 1033 2040 esse
1051 1996 1267 2056 potator
1283 1987 1393 2040 vini
1413 2004 1427 2050 ;
1444 1986 1625 2041 omnis
1644 1988 1789 2040 enim
1810 1986 2019 2049 ebrius,
2039 2002 2249 2056 pauper
2269 1995 2353 2041 est
2373 1988 2439 2039 ’°.
2464 2005 2481 2037 ι

913 2078 1115 2131 Iterum
1145 2096 1157 2131 :
1190 2098 1208 2129 ι
1238 2079 1339 2133 Cui
1369 2092 1471 2142 v.13,
1503 2088 1560 2133 et
1584 2080 1672 2133 cui
1702 2080 2000 2132 tuumltus‘!
2020 2080 2108 2132 cui
2132 2079 2377 2149 judicia?
2399 2080 2489 2133 cui

912 2169 1215 2224 insuavitas
1260 2180 1314 2224 et
1364 2171 1557 2239 nugze?
1607 2171 1695 2223 cui
1752 2169 2117 2224 contritiones
2166 2170 2490 2239 superﬂuae?

910 2262 1070 2330 cujus
1104 2262 1256 2315 lividi
1293 2263 1471 2315 oculi?
1500 2278 1684 2315 nonne
1716 2261 1785 2315 iis
1813 2261 1908 2331 qui
1955 2263 2321 2317 immorantur
2362 2263 2489 2317 diu—

913 2351 1025 2405 tius
1052 2352 1429 2407 exhauriendo
1472 2354 1636 2407 vino?
1664 2353 1912 2422 nunquid
1962 2370 2070 2407 non
2114 2355 2198 2407 his
2225 2354 2319 2423 qui
2369 2370 2491 2422 per-

911 2443 1186 2511 vcstigant
1210 2443 1303 2497 ubi
1339 2444 1938 2512 Iiuuteompotationes
1960 2444 2044 2497 “?
2078 2464 2094 2494 ι
2127 2444 2265 2497 Tum
2293 2444 2487 2498 addit:

920 2552 938 2583 ι
974 2534 1093 2587 Noli
1122 2535 1383 2588 inebriari
1412 2536 1561 2599 vino,
1590 2535 1685 2589 sed
1721 2551 2049 2589 convcrsare
2084 2551 2209 2589 cum
2248 2535 2489 2589 homini-

914 2625 1198 2693 busjustis
1224 2626 1289 2677 ²².
1328 2646 1345 2676 υ
1375 2625 1530 2679 Alius
1556 2627 1683 2679 item
1711 2643 1724 2678 :
1758 2645 1776 2677 ‹
1804 2629 1884 2682 Ne
1905 2638 2026 2681 esto
2047 2627 2226 2681 virilis
2254 2627 2308 2679 in
2340 2627 2489 2690 vino,

912 2716 1115 2768 multos
1140 2716 1289 2768 enim
1324 2716 1561 2784 perdidit
1590 2716 1778 2769 vinum
1804 2718 1870 2770 ”.
1904 2736 1921 2767 ι
1951 2717 2152 2771 lterum
2180 2733 2193 2767 :
2226 2736 2244 2767 ι
2270 2716 2372 2783 Qui
2397 2719 2489 2787 ju-

910 2803 1127 2857 cundus
1153 2815 1238 2857 est
1266 2804 1318 2856 in
1353 2803 1462 2856 vini
1494 2806 1901 2874 congressibus,
1936 2805 1991 2859 in
2022 2805 2137 2859 suis
2163 2806 2489 2859 munitioni-

911 2892 1017 2947 bus
1058 2894 1407 2962 derelinquet
1450 2893 1807 2962 ignominiam
1837 2895 1902 2948 ".
1940 2914 1966 2946 ι
2002 2896 2240 2949 Rursum
2269 2912 2283 2949 :
2317 2915 2335 2945 ι
2368 2896 2489 2949 Noli

911 3000 1033 3039 owe
1067 2994 1285 3053 potator
1312 2985 1446 3045 vini.
1480 3001 1589 3039 non
1617 2988 1767 3039 enim
1815 2985 2109 3040 conferunt
2152 2987 2321 3040 stulto
2350 2986 2490 3040 deli-

2597 520 2830 586 δίκαιος,
2865 522 2978 575 ἀλλ’
3020 524 3245 592 ἄπειρος
3296 522 3395 590 τῆς
3430 524 3525 573 τοῦ
3558 524 3701 575 οἴνου
3754 523 4027 590 χρήσεως,
4093 523 4186 573 καὶ

2599 612 2749 682 παρά
2798 614 2897 681 μὲν
2942 611 3036 664 τοῦ
3076 615 3311 680 ἄφρονος
3338 612 3465 678 Χάμ
3489 610 3781 679 ἐγελάσθη,
3808 610 3961 678 παρά
3990 609 4050 661 δὲ
4077 608 4184 659 τῶν

2598 698 2876 767 φρονίμων
2915 700 3046 753 υἱῶν
3099 698 3440 768 ἐσκεπάσθη.
3491 698 3760 768 ιιιύγωμεν
3788 694 3902 761 οὖν,
3937 698 4178 767 ἀδελφοὶ,

2596 791 2687 841 τον
2710 792 2806 861 τῆς
2841 794 3011 862 μέθης
3043 794 3297 861 δαίμονα,
3336 794 3420 844 ἵνα
3447 792 3521 862 μὴ
3554 792 4062 859 καταγελασθῶμεν
4090 792 4177 844 ὑπ’

2597 882 2783 946 αὑτοῦ,
2815 884 2949 937 ἀλλά
2976 886 3176 953 μᾶλλον
3193 888 3259 955 τῇ
3283 884 3440 953 νήφει
3465 885 3692 945 ἑαυτοὺς
3724 881 4174 951 ἀσῳαλισιέμεθα,

2598 974 2684 1025 ἵνα
2716 975 2944 1044 γένηται
2973 977 3159 1046 ἄρτιος
3185 977 3468 1045 ἄνθρωπος
3498 978 3595 1028 σὺν
3618 976 3697 1045 τῷ
3725 974 4045 1045 ἡγεμονικῷ
4066 991 4079 1005 ο
4105 975 4176 1035 ὡς

2598 1070 2687 1118 καὶ
2710 1070 2737 1119 ὁ
2757 1069 3165 1141 Παροιμιαστὴς
3198 1071 3504 1123 ἐντέλλεται
3535 1070 3731 1136 λέγων’
3774 1088 3791 1120 ι
3821 1070 3913 1140 Μὴ
3955 1069 4070 1121 ῐσθι
4095 1070 4175 1120 οἱ-

2594 1160 2854 1229 νοπότης·
2882 1163 2991 1223 πᾶς
3022 1163 3131 1231 γὰρ
3157 1162 3389 1232 μέθυσος
3438 1161 3729 1229 πτωχεύει.
3756 1180 3776 1211 ι
3832 1161 3945 1214 Καὶ
3991 1161 4171 1221 πάλιν,

2602 1270 2619 1299 ι
2645 1252 2761 1304 Τίνι
2789 1252 2930 1314 οὐαὶ,
2958 1253 3053 1304 καὶ
3087 1253 3195 1304 τίνι
3221 1252 3451 1321 θόρυϐος
3477 1269 3490 1316 ;
3528 1253 3634 1304 τίνι
3676 1251 3911 1323 κρίσεις,
3940 1254 4038 1303 καὶ
4072 1251 4173 1303 τίνι

2595 1343 2757 1411 ἀηδία
2790 1345 2886 1395 καὶ
2914 1343 3104 1412 λέσχαι
3138 1361 3153 1408 ;
3190 1342 3295 1395 τίνι
3337 1342 3725 1411 συντρίμματα
3775 1341 4061 1411 διακενῆςς
4093 1343 4173 1392 τί·

2595 1453 2702 1487 νων
2750 1434 2985 1487 πελιδνοὶ
3014 1437 3061 1486 οἱ
3092 1432 3379 1502 ὀφθαλμώ
3409 1434 3471 1485 ού
3515 1432 3626 1485 τῶν
3656 1432 4087 1501 ἐγχρονιζὸντων
4119 1433 4173 1482 έν

2592 1526 2777 1591 οἴνοιςς
2802 1527 2863 1578 ού
2883 1526 2992 1577 τῶν
3016 1524 3555 1593 κατασκοπουμένων
3578 1523 3680 1576 ποῦ
3699 1525 3853 1576 πότοι
3869 1523 4166 1590 γίνονται;ι

2595 1620 2703 1673 Kal
2725 1620 2919 1686 ἐπάγει
2935 1633 2949 1647 ⁸
2979 1635 2998 1668 ι
3026 1618 3118 1688 Μὴ
3138 1616 3478 1687 μεθύσκεσθε
3502 1616 3653 1685 οἴνῳ.
3682 1616 3799 1669 ἀλλ’
3821 1615 4067 1685 ὁμιλεῖτε
4087 1619 4174 1667 ἀνι

2595 1709 2834 1777 θρώποις
2871 1707 3117 1769 δικαίοις.
3148 1725 3164 1758 ι
3201 1707 3311 1759 Καὶ
3364 1706 3522 1767 ἄλλος
3550 1705 3734 1775 φησίν·
3776 1723 3794 1755 ι
3828 1706 3919 1759 Ἐν
3944 1705 4078 1773 oiqu
4107 1705 4174 1773 μὴ

2594 1800 2846 1870 ἀνδρίξου
2871 1817 2884 1830 ·
2922 1799 3150 1861 πολλοὺς
3170 1797 3278 1868 γάρ
3300 1798 3582 1851 ἀπώλεσεν
3604 1793 3768 1859 οἶνος.
3794 1814 3812 1847 ι
3844 1797 3959 1849 Καὶ
3990 1796 4172 1847 πάλι-ι’

2600 1909 2618 1942 ι
2645 1892 2745 1953 ὐς
2774 1893 2923 1943 ἐστιν
2958 1892 3086 1960 ἡδὺς
3110 1893 3167 1943 ἐν
3195 1892 3354 1943 οἴνων
3383 1888 3709 1958 διατριῦαίς,
3748 1890 3806 1941 ὲν
3838 1890 3954 1950 τοῖς
3982 1887 4173 1939 ἑαυτοῦ

2590 1982 2912 2053 ὀχυρώμασι
2945 1981 3269 2050 καταλείψει
3314 1982 3563 2050 ἀτιμίαν.
3593 2000 3611 2032 ι
3651 1981 3762 2034 Kal
3790 1981 3955 2033 πάλιν
3975 1998 3990 2012 ·
4043 1997 4065 2032 ε
4090 1982 4173 2048 Μὴ

2594 2076 2705 2128 ῑσθι
2753 2078 3066 2144 οἰνοπότης*
3100 2075 3162 2127 οὐ
3206 2074 3315 2145 γὰρ
3372 2075 3654 2143 συμφέρει
3690 2073 3884 2143 ἄςρονι
3931 2074 4167 2142 τρυφή.»

2595 2167 2701 2217 Kal
2737 2166 2921 2217 πάλιν·
2962 2184 2980 2215 ι
3019 2163 3343 2216 ’Λκόλαστον
3370 2165 3464 2215 καὶ
3490 2163 3825 2232 ὑϐριστικὸν,
3864 2163 4008 2232 μέθη
4031 2180 4045 2192 ·
4072 2165 4171 2225 πᾶς

2591 2257 2648 2309 δὲ
2676 2257 2704 2306 ὁ
2737 2256 3067 2325 μιγνύμενος
3111 2257 3343 2316 τούτοις,
3381 2256 3486 2308 οὐκ
3532 2255 3686 2307 ἔσται
3730 2255 3914 2321 σοφός.
3947 2273 3965 2304 ι
4007 2254 4117 2308 Kal
4147 2257 4173 2307 ὁ

2595 2345 2885 2414 προφήτης
2923 2344 3108 2413 Ὀσηὲ,
3136 2344 3265 2413 περὶ
3294 2343 3388 2396 τοῦ
3416 2342 3650 2397 παλαιοῦ
3676 2343 3829 2396 λαοῦ*
3861 2362 3878 2393 ι
3898 2340 4062 2396 Οἶνον
4088 2344 4172 2394 καὶ

2595 2436 2850 2507 μὲθυσμα
2888 2436 3110 2499 ἐδέξατο
3152 2434 3351 2505 καρδία
3391 2434 3520 2487 λαοῦ
3547 2452 3672 2503 μου.
3699 2455 3718 2486 ι
3748 2438 3858 2488 Kal
3882 2436 3912 2486 ὁ
3953 2435 4171 2497 Ἡσαΐας

2591 2528 2893 2591 ταλανίζων
2931 2528 3061 2590 τοὺς
3096 2528 3154 2579 έν
3177 2526 3307 2597 οἴνῳ
3337 2525 3708 2597 χρονίζοντας,
3739 2526 3926 2593 ἔλεγεν
3946 2543 3960 2556 ·
4002 2545 4021 2577 ι
4044 2526 4170 2579 υύαὶ

2592 2622 2642 2673 oi.
2671 2622 3012 2690 ἐγειρόμενοι
3049 2620 3216 2690 πρωῒ,
3249 2621 3343 2673 καὶ
3367 2622 3417 2673 οἱ
3445 2620 3641 2690 σίκερα
3663 2619 3973 2684 διώκοντες,
4001 2622 4052 2672 οἱ
4084 2621 4172 2689 μὲ-

2593 2729 2773 2774 νοντες
2806 2710 2867 2763 τὸ
2909 2711 3028 2780 ὀψέ.
3066 2711 3124 2763 ’0
3168 2711 3279 2781 γὰρ
3326 2708 3467 2774 οἶνος
3512 2713 3711 2775 αὐτοὺς
3758 2711 4165 2778 cuna-Jan...

2593 2802 2701 2854 Kal
2733 2801 2916 2853 πάλιν·
2955 2821 2973 2851 ι
3004 2802 3418 2873 Πεπλανημένοι
3440 2803 3579 2854 είσὶν
3607 2802 3718 2854 ἀπὸ
3743 2805 3844 2871 τῆς
3886 2802 4061 2872 μέθης
4084 2802 4169 2855 τοῦ

2590 2895 2758 2953 οἶνου,
2780 2912 2797 2943 ι
2840 2893 2916 2954 ὡς
2943 2893 3107 2955 αὐτὸς
3143 2894 3235 2944 καὶ
3279 2893 3433 2963 Ἰωὴλ
3469 2893 3589 2964 βοᾷ·
3618 2913 3634 2943 ι
3672 2894 3977 2964 Ἐκνήψατε
4000 2896 4053 2946 οἱ
4082 2912 4169 2964 με-

2592 2983 2811 3047 θύοντες
2846 2984 2903 3051 ag
2950 2983 3096 3036 οἴνου
3150 2984 3354 3048 αὐτῶν,
3392 2984 3664 3037 κλαύσατε
3719 2986 3812 3038 καὶ
3863 2987 4169 3056 θρηνήσατε

911 3074 1011 3128 ci:e
1041 3075 1138 3125 η.»
1170 3074 1271 3127 Et:
1302 3095 1319 3124 ι
1352 3074 1657 3129 Luxuriosa
1684 3092 1773 3130 res
1802 3085 1856 3129 et
1881 3079 2280 3131 contumeliosa
2310 3078 2491 3132 cbric-
2516 3086 2560 3145 ο
2593 3077 2670 3128 πά

2407 3079 2491 3132 -ic-
2516 3086 2560 3145 ο
2593 3077 2793 3138 πάντες
2824 3077 2872 3128 οἱ
2910 3075 3157 3137 πίνοντες
3191 3071 3334 3128 οἶνον
3376 3078 3458 3139 εἰς
3506 3077 3694 3145 μέθην.
3720 3079 3757 3126 ι’
3801 3077 4033 3130 κλαίειν
4086 3079 4169 3131 καὶ

914 3178 1030 3229 tas;
1061 3165 1241 3217 omnis
1288 3174 1474 3219 autem
1509 3166 1603 3235 qui
1639 3181 1699 3220 se
1749 3166 2023 3221 immiscet
2071 3168 2178 3230 his,
2233 3183 2344 3222 non
2388 3170 2495 3222 erit

911 3257 1133 3325 sapiens
1160 3259 1226 3311 "‘.
1264 3276 1280 3307 ι
1309 3258 1479 3310 ()seas
1506 3259 1797 3327 propheta,
1821 3258 1888 3312 de
1913 3268 2097 3312 vetere
2118 3260 2212 3313 illo
2240 3261 2444 3329 popqu
2477 3278 2490 3313 :

918 3368 935 3397 ι
981 3349 1178 3403 Vinum
1206 3358 1263 3402 ct
1289 3350 1619 3403 ebrietatem
1651 3351 1873 3419 excepit
1903 3366 1999 3403 cor
2024 3351 2211 3419 populi
2238 3352 2344 3405 mei
2367 3353 2435 3403 "’.
2468 3369 2486 3402 ι

912 3439 1078 3493 Isaias
1096 3440 1247 3501 item,
1269 3440 1499 3492 miseros
1523 3456 1621 3494 eos
1647 3440 2041 3509 insinuansqni
2060 3442 2271 3495 diutius
2297 3443 2493 3496 immo-

913 3538 1105 3583 rantur
1122 3531 1269 3593 vino,
1295 3530 1517 3585 diccbat
1542 3550 1555 3585 :
1588 3552 1606 3583 ι
1628 3533 1719 3586 Vae
1751 3533 1845 3601 qui
1866 3543 2205 3603 consurgunt
2234 3550 2415 3599 tuane,
2436 3544 2494 3589 et

911 3622 1144 3674 siceram
1169 3631 1453 3675 sectantur
1489 3633 1774 3677 manentes
1797 3640 1971 3693 usque
1993 3625 2048 3677 in
2070 3640 2275 3689 serum,
2300 3625 2491 3679 vinqu

911 3713 1210 3766 succeudct
1240 3729 1339 3768 eos
1364 3716 1430 3767 ³⁸.
1465 3733 1484 3765 ι
1518 3714 1719 3767 Iterum
1749 3715 1865 3769 Joel
1916 3716 2053 3769 nihil
2099 3717 2229 3770 huic
2273 3716 2492 3771 dissen-

914 3813 1108 3858 taneus
1136 3804 1336 3857 clamat
1363 3821 1379 3858 :
1410 3822 1429 3856 ι
1472 3805 1741 3875 Evigilate
1781 3806 1923 3861 ebrii
1957 3823 1988 3861 a
2016 3808 2167 3872 vino,
2197 3808 2321 3863 llete
2367 3824 2493 3863 vos-

914 3895 1082 3964 ipsos,
1112 3906 1168 3949 et
1198 3896 1378 3963 lugete
1433 3912 1629 3950 omnes
1653 3897 1748 3965 qui
1777 3897 1968 3952 bibitis
1998 3899 2185 3952 vinum
2215 3901 2282 3953 ad
2311 3901 2491 3955 ebrie-

914 3997 1081 4041 tatem
1105 3989 1171 4039 ”.
1205 4008 1221 4037 ι
1261 3988 1416 4042 Flere
1439 3989 1585 4041 enim
1608 3997 1665 4042 et
1690 3990 1876 4057 lugere
1904 3991 2270 4045 constitutum
2294 4002 2379 4047 est
2402 3993 2491 4048 his

912 4078 1008 4147 qui
1053 4079 1293 4132 artiﬁces
1322 4089 1452 4132 sunt
1482 4089 1540 4133 et
1568 4080 1809 4147 operarii
1841 4080 2180 4137 vinolentize.
2215 4084 2310 4137 Est
2339 4085 2488 4139 enim

910 4169 1158 4223 ebrietas
1199 4169 1394 4223 vitium
1431 4168 1553 4223 istis
1598 4171 1876 4238 peculiare
1915 4173 2009 4240 qui
2052 4175 2287 4242 pessime
2317 4175 2487 4229 vitam

914 4257 1057 4312 hanc
1094 4260 1498 4323 transmittunt,
1547 4269 1607 4315 ct
1645 4276 1676 4314 a
1719 4262 2051 4317 rectitudine
2095 4264 2150 4317 in
2202 4266 2490 4335 pudendos

911 4366 1133 4405 errores
1164 4351 1524 4415 deﬂexerunt,
1574 4353 1661 4406 vel
1711 4361 1850 4408 teste
1896 4354 2022 4419 Job,
2073 4356 2171 4425 qui
2218 4360 2484 4426 quosdam

2598 3166 2819 3237 θρηνεῖν
2862 3167 3263 3237 προστέτακται
3310 3169 3426 3229 τοῖς
3488 3166 3588 3237 τῆς
3630 3168 3983 3236 οἰνοφλυγίας
4046 3170 4167 3238 ἐρα-

2598 3263 2772 3320 σταῖς.
2824 3261 2932 3312 Καὶ
2976 3259 3085 3326 γὰρ
3127 3258 3345 3328 ἀληθῶς
3380 3258 3488 3311 τῶν
3518 3260 3816 3328 αἰσχίστων
3870 3260 4171 3329 ἀνθρώπων

2597 3351 2743 3403 ἐστὶν
2781 3352 2814 3420 ἡ
2845 3349 3025 3419 εμέθη,
3072 3350 3165 3401 καὶ
3220 3349 3683 3419 πεπλανημένων,
3718 3351 3793 3414 ὼς
3818 3355 3848 3403 ὁ
3893 3352 4017 3404 Ἰὼϐ
4076 3354 4171 3406 ύπᾶ

2594 3458 2761 3494 τινων
2794 3440 3183 3509 κατεχόμενος,
3235 3439 3403 3509 φησί’
3449 3459 3466 3490 ι
3494 3440 3911 3511 ῐιλανηθείησαν
3957 3444 4035 3505 ὡς
4085 3460 4172 3512 με-

2595 3534 2760 3588 θύων.
2795 3552 2812 3583 ι
2852 3534 2917 3585 Oi
2945 3532 3003 3585 δὲ
3046 3531 3263 3601 σεμνῶς
3292 3532 3610 3603 βουλόμενοι
3643 3534 4050 3597 πολιτεύεσθαι,
4089 3536 4170 3588 καὶ

2592 3628 2660 3695 τῇ
2693 3624 2880 3694 εὐθείᾳ
2929 3623 3034 3693 ὁδῷ
3086 3623 3345 3686 ἀπλανῶς
3404 3624 3704 3692 βαδίζουσι,
3748 3625 4045 3688 ἀκούοντες
4086 3626 4171 3679 τοῦ

2607 3716 2960 3776 ’Λποστὸλου,
3009 3714 3262 3781 λέγοντος
3292 3730 3306 3744 ’
3351 3735 3369 3766 ι
3399 3715 3489 3784 Μὴ
3561 3713 3899 3783 μεθύσκεσθε
3941 3717 4074 3785 οἴνῳ
4122 3719 4173 3767 ὲν

2591 3801 2636 3874 ᾧ
2661 3808 2810 3860 ἐστιν
2845 3807 3073 3860 ἀσωτία.
3099 3825 3118 3857 ι
3170 3807 3283 3859 Kal
3337 3806 3502 3860 πάλιν
3525 3823 3539 3838 ·
3578 3805 3863 3859 «Μέθυσοι
3895 3805 4173 3874 βασιλείαν

2591 3898 2730 3952 Θεοῦ
2785 3898 2846 3951 οὗ
2897 3898 3421 3968 κληρονομήσουσιν.
3453 3915 3471 3947 ι
3521 3896 3631 3947 Kal
3677 3895 3758 3959 τὸ,
3799 3913 3818 3946 ι
3857 3896 3926 3948 Ἢ
3964 3912 4171 3949 σπαταο

2590 3990 2741 4043 λῶσα
2786 3990 2952 4058 χήρα,
2979 3985 3129 4050 ζῶσα
3173 3988 3457 4055 τέθνηκεν.
3487 4005 3505 4036 ι
3563 3987 3675 4038 Kal
3729 3986 3932 4051 ἐπάγει
3959 4002 3975 4017 ⁸
4046 3989 4172 4040 (Διά

2591 4083 2752 4137 τοῦτο
2780 4084 2854 4153 μὴ
2872 4081 3088 4149 γίνεσθε
3119 4080 3377 4150 ἄφρονες,
3408 4079 3543 4132 ἀλλὰ
3569 4078 3775 4131 συνίετε
3802 4079 3938 4131 τίτὺ
3966 4079 4169 4148 θέλημα

2589 4175 2683 4229 τοῦ
2703 4174 2861 4228 Θεοῦ.
2891 4191 2911 4225 ι
2943 4173 3130 4227 Πάντα
3159 4172 3270 4242 γὰρ
3296 4171 3363 4224 τὰ
3390 4172 3593 4240 αἰσχρά
3618 4170 3763 4240 πάθη
3791 4173 3856 4223 ἑκ
3875 4173 3983 4241 τῆς
4007 4174 4169 4241 μέθης

2590 4266 2946 4335 ἀναφύονται.
2990 4264 3080 4328 Ὠς
3110 4265 3204 4317 καὶ
3238 4262 3407 4316 Δαϐίδ
3434 4278 3602 4331 φησιν
3622 4276 3635 4289 ·
3671 4281 3688 4312 ι
3709 4262 3825 4326 Νὺξ
3868 4264 4167 4332 φωτισμδς,

2591 4361 2651 4412 ἐν
2677 4361 2746 4430 τῇ
2778 4361 2960 4429 τρυφῇ
3002 4373 3125 4428 μου,
3148 4374 3166 4407 ι
3203 4354 3450 4407 τουτέστι
3476 4369 3491 4382 ·
3535 4353 3649 4419 Νὺξ
3680 4348 3749 4423 ἦν
3776 4354 3908 4424 περὶ
3950 4356 4056 4425 ἐμὲ
4085 4356 4168 4406 τὴν

912 4443 1220 4512 percelleus
1249 4444 1476 4506 acriter,
1519 4443 1655 4497 dicit
1689 4462 1701 4497 :
1745 4464 1763 4495 ι
1798 4445 1998 4501 Errcnt
2026 4447 2170 4503 sicut
2196 4450 2338 4505 ebrii
2362 4452 2428 4509 ’°.
2459 4472 2477 4506 ι
2516 4441 2561 4498 1)
2588 4451 2674 4505 δείῖ

2399 4454 2428 4509 ’.
2459 4472 2477 4506 ι
2516 4441 2561 4498 Ῐ)
2588 4451 2841 4515 δείλαιον,
2875 4451 2973 4503 καὶ
3001 4449 3250 4518 ἠγνόουν,
3288 4449 3390 4520 τὴν
3418 4448 3630 4520 τρυφὴν
3657 4447 3830 4500 νύκτα
3863 4446 4161 4517 ὀνομάζων.

912 4532 1123 4598 Quibus
1144 4542 1327 4586 autem
1357 4533 1508 4586 cordi
1534 4541 1617 4586 est
1642 4533 1841 4601 pudice
1860 4550 1924 4590 ac
1947 4536 2119 4604 probe
2140 4542 2481 4607 conversari,

912 4622 982 4675 ab
1000 4622 1291 4685 ebrietate,
1317 4622 1465 4674 omni
1493 4622 1675 4675 studio
1696 4623 1799 4676 sibi
1828 4632 2137 4695 temperant
2156 4638 2319 4698 atque
2344 4631 2485 4685 inof-

912 4715 1066 4770 fense
1103 4731 1202 4785 per
1253 4716 1397 4768 viam
1446 4726 1683 4785 pergunt
1735 4718 2112 4784 rectitudinis,
2164 4736 2263 4790 per
2297 4726 2483 4780 omnia

913 4807 1167 4876 morigeri
1222 4808 1537 4876 apostolica:
1590 4808 1799 4878 1035
1851 4812 2139 4867 sententia:
2180 4830 2194 4867 :
2231 4832 2250 4864 ι
2302 4815 2485 4873 Nolite

914 4897 1173 4951 inebriari
1206 4898 1336 4951 vino
1386 4898 1441 4951 in
1492 4913 1603 4967 quo
1647 4908 1733 4953 est
1779 4900 1997 4956 luxuria
2028 4902 2093 4956 ⁸¹.
2145 4923 2163 4955 ι
2212 4905 2416 4962 lterum
2464 4925 2478 4962 :

921 5007 939 5038 ι
966 4988 1117 5042 Ebrii
1141 5004 1367 5058 regnum
1391 4989 1485 5043 Dei
1512 5006 1620 5043 non
1644 4991 2045 5048 hzcreditahunt
2068 4997 2132 5050 ⁸⁸.
2166 5014 2184 5046 ι
2210 4996 2277 5051 Ει
2301 4999 2435 5054 illud
2465 5019 2479 5055 :

2587 4543 2699 4595 Kal
2724 4541 2835 4609 γὰρ
2867 4540 3036 4611 ἀχλὺς
3080 4540 3177 4593 καὶ
3225 4540 3415 4603 σκότος
3436 4542 3550 4603 τοῖς
3596 4538 3876 4609 μεθύουσι,
3909 4540 4059 4593 κατά
4084 4540 4166 4591 τὸν

2599 4631 2945 4686 Ἀπόστολον.
2977 4630 3089 4701 Τὴν
3118 4630 3229 4701 γὰρ
3255 4630 3386 4700 περὶ
3412 4629 3523 4682 τῶν
3567 4629 3884 4699 θυγατέρων
3912 4627 4015 4682 τοῦ
4053 4627 4165 4682 Λὼτ

2589 4724 2833 4795 ἱστορίαν
2859 4722 3002 4775 ἑκὼν
3026 4721 3127 4773 ύπε
3139 4721 3434 4790 ρϐήσομαι.
3452 4717 3512 4772 Ὀ
3530 4717 3735 4789 Κύριος
3751 4714 4089 4769 ἐπιϐεϐαιῶν
4105 4720 4163 4767 τά

2587 4816 2950 4885 προκείμενα,
3000 4814 3169 4866 πᾶσιν
3199 4810 3508 4864 ἐντέλλεται
3544 4808 3739 4878 λέγων·
3776 4807 4061 4860 «Βλέπετε
4096 4804 4161 4875 μὴ

2592 4906 2933 4979 βαρυνθῶσιν
2960 4906 3018 4958 al
3042 4902 3262 4975 καρδίαι
3285 4904 3313 4955 ὑ
3322 4902 3439 4972 μῶν
3461 4904 3521 4955 ὲν
3546 4898 3827 4972 κραιπάλῃ
3843 4901 3943 4952 καὶ
3972 4897 4157 4970 μέθῃ.»

2589 5001 2747 5073 Αύτῷ
2776 5002 2810 5071 ή
2841 4998 2969 5065 δόξα
2996 5000 3075 5061 είς
3098 4997 3223 5059 τοὺς
3247 4994 3447 5056 αἰῶνας
3467 4993 3576 5047 τῶν
3601 4990 3834 5046 αἰώνων.
3880 4989 4079 5061 Ἀμήν.

919 5098 938 5129 ι
991 5080 1167 5134 Vidua
1215 5095 1342 5165 quae
1403 5080 1457 5135 iu
1518 5082 1735 5137 deliciis
1790 5084 1958 5150 vivit,
2020 5086 2212 5142 vivens
2276 5102 2495 5149 mortua
2552 5096 2719 5151 est”.
2775 5112 2793 5145 ι
2854 5092 3130 5147 Indueit:
3184 5108 3201 5140 ι
3237 5089 3534 5157 Propterea
3599 5084 3769 5140 nolite
3840 5082 3962 5137 ﬁeri
4034 5080 4161 5137 ἰιιςί-

914 5173 1147 5243 pientes,
1177 5172 1274 5229 sed
1305 5172 1674 5243 intelligentes
1704 5191 1826 5245 quin
1854 5176 1927 5230 sit
1952 5178 2210 5234 voluntas
2235 5180 2331 5236 Dei
2362 5184 2428 5239 “.
2462 5205 2480 5238 ι
2516 5187 2799 5257 Quotquot
2864 5184 3013 5239 enim
3047 5182 3301 5238 obscena:
3363 5186 3492 5234 sunt
3519 5185 3577 5232 et
3620 5175 4002 5248 ignominiosa
4034 5173 4159 5229 ασε-

983 5332 1025 5361 "
1056 5329 1193 5384 Gen.
1232 5348 1305 5395 Ix,
1336 5332 1431 5394 2|,
1458 5332 1548 5385 9.5.

913 5401 955 5429 "
980 5402 1143 5454 I’rov.
1211 5417 1302 5458 xu.
1343 5403 1425 5455 II.

915 5470 956 5500 '°
982 5471 1084 5525 Job
1121 5488 1211 5535 xu,
1244 5472 1333 5525 ‘25.

1625 5335 1669 5363 “
1709 5333 1868 5387 Prov.
1908 5350 2015 5395 ττι.
2053 5337 2139 5388 l7.

1538 5402 1584 5432 "
1613 5403 1771 5456 I’rov.
1811 5420 1959 5467 xxul,
1991 5404 2078 5457 20.

1410 5473 1452 5503 ³⁸
1486 5472 1685 5541 Ephes.
1722 5490 1775 5536 v,
1812 5474 1894 5526 l8.
1973 5475 2018 5505 ³’
2050 5475 2208 5529 Ιιοηι.
2237 5492 2346 5541 xw,
2379 5479 2466 5532 l7.

2217 5338 2259 5368 "
2294 5337 2455 5392 Prov.
2491 5356 2641 5404 mn,
2670 5342 2741 5396 29
2769 5342 2858 5396 50.

2158 5406 2203 5436 ’⁸
2250 5406 2413 5460 Prov.
2449 5409 2538 5472 9.0,
2574 5413 2622 5463 l.
2701 5413 2743 5442 "
2770 5411 2909 5466 Ose'e

2158 5492 2208 5529 η.
2237 5492 2346 5535 xw.
2379 5479 2466 5532 l7.
2545 5482 2589 5511 ³³
2617 5482 2634 5535 Ι
2667 5481 2808 5535 Tim.
2835 5499 2888 5535 v.
2922 5482 2955 5535 6

3575 5340 3622 5371 “
3666 5336 3836 5394 Eecli.
3877 5349 4027 5395 xxxi.
4078 5328 4156 5384 30.

2935 5342 2979 5374 "
3010 5340 3212 5409 Ephes.
3263 5357 3316 5403 ν,
3374 5340 3465 5394 18.
3575 5340 3622 5371 ’³
3666 5340 3836 5394 Eccli.
3877 5349 4027 5395 uxr.
4078 5340 4155 5384 δυ.

2965 5428 3036 5466 Iv.
3072 5411 3156 5463 II.
3278 5412 3324 5443 "
3355 5410 3456 5465 lsa.
3512 5426 3567 5466 v.
3612 5409 3696 5464 II.
3805 5406 3851 5438 ¹⁹
3882 5403 4003 5461 Joel
4036 5418 4078 5466 ι,
4110 5400 4155 5454 5.

2701 5411 2909 5466 "Ose'e
2965 5428 3036 5477 Iv,
3072 5411 3156 5463 ll.
3278 5410 3456 5465 "lsa.
3512 5426 3567 5475 v,
3612 5409 3696 5464 II.

3051 5481 3093 5514 “
3125 5481 3325 5553 Ephes.
3358 5481 3507 5547 v,l7.

2201 5628 2435 5685 VARI/1".
2481 5632 2887 5689 LECTIONES.

986 5729 1006 5755 ’
1038 5725 1345 5791 συγκιύσει,
1369 5727 1679 5789 mrrrndrl;
1710 5725 1997 5794 συγκᾶψει,
2018 5725 2190 5780 Aldus
2221 5727 2403 5781 habet.
