4462 6440
345 381 473 443 1449
1319 385 1644 444 IIOMILIA
1685 387 1868 444 VL—
1906 387 1998 445 DE
2035 387 2559 448 -.-\BST|NE.\’TI.\.
3403 388 3536 449 1ίῖιῦ

336 497 651 555 ctiones,cx
687 495 852 551 unius
876 496 1162 551 ebrietatis
1189 497 1364 566 stirpe
1390 507 1900 567 prognascunturct
1938 500 2329 568 suppnllulant,
2363 510 2421 553 ιιι
2481 512 2536 554 et
2572 501 2738 555 David
2780 503 3016 557 astruit:
3053 521 3072 553 ι
3107 503 3251 561 Nox.
3281 507 3377 564 ait,
3407 505 3534 558 illn-

337 590 564 645 minatio
592 604 709 642 mea
758 591 810 643 in
845 590 1062 644 deliciis
1094 591 1231 644 meis
1255 591 1300 622 ⁸⁸
1334 609 1346 643 :
1385 611 1403 642 υ
1438 592 1542 645 hoc
1568 602 1671 653 est,
1716 593 1828 645 Nox
1857 595 2334 648 eircuml'umlchat
2371 610 2456 648 me
2511 595 2853 654 timidulum,
2893 604 2948 648 et
2999 595 3334 664 ignorabam.
3385 596 3534 650 Deli-

273 737 276 741 .
335 685 448 737 cias
480 698 578 752 per
611 682 725 737 haec
766 683 1012 736 nominat
1044 693 1281 745 noctem,
1315 684 1482 738 densa
1531 686 1678 738 enim
1725 687 1898 754 caligo
1937 687 2183 756 quaedam
2217 698 2321 749 est,
2359 688 2673 741 temulentia
2716 703 2779 741 ac
2827 689 3082 742 tenebrae.
3151 689 3286 743 Nam
3334 691 3426 758 qui
3477 705 3537 746 se

336 768 630 829 immodico
662 778 790 830 vino
820 779 1078 845 proluunt
1102 787 1159 832 et
1199 779 1548 847 immergunt,
1583 780 1772 847 utique
1803 792 1967 833 noctu
2017 797 2076 834 se
2139 782 2431 844 ineln-iant,
2493 783 2642 850 juxta
2706 783 2948 850 Apostoli
2983 785 3327 837 sententiam.
3374 786 3537 839 Filia-

334 883 455 920 rum
483 866 584 920 Lot
607 868 889 922 historiam
915 870 1098 924 sciens
1121 871 1419 935 volensque
1447 868 1808 922 transmittam
1832 870 1896 922 ³⁸³.
1938 871 2199 923 Dominus
2223 881 2401 923 autem
2430 871 2580 938 prius
2605 869 2745 922 dicta
2779 871 2927 936 priva
2990 872 3286 926 autorilatc
3327 873 3542 928 fortiter

331 970 603 1020 astruens,
628 961 882 1013 omnibus
905 961 957 1012 in
983 975 1270 1013 commune
1326 961 1664 1029 pncscrihit:
1710 979 1728 1012 ι
1751 960 1941 1015 Videte
1980 976 2048 1014 ne
2071 973 2361 1031 graventur
2382 963 2548 1016 corda
2575 968 2755 1014 vestra
2803 964 3024 1030 crapula
3047 974 3103 1017 et
3125 965 3389 1020 ebrietate
3415 967 3482 1022 ³⁷.
3517 986 3535 1018 ι

331 1046 435 1115 Ipsi
465 1047 636 1116 gloria
666 1049 720 1101 in
751 1048 964 1101 sa:enla.
994 1047 1186 1101 Amen.

935 1163 1150 1216 ΛΟΓΟΣ
1189 1161 1279 1230 (τ’.

852 1279 986 1343 Περὶ
1017 1277 1140 1345 em
1161 1276 1378 1338 ατειάς.

410 1391 476 1443 Ἢ
504 1393 795 1462 ἐγκράτεια
825 1393 956 1442 πᾶσι
996 1390 1094 1459 μὲν
1125 1391 1398 1458 ἁρμόδιος,
1435 1390 1666 1458 μάλιστα
1697 1391 1752 1442 δὲ
1776 1393 1884 1452 τοῖς

332 1483 682 1552 βουλομένοις
707 1481 824 1547 Θεῷ
857 1484 1192 1552 εὐαρεστεῖν.
1231 1481 1586 1550 Ἐγκράτειαν
1621 1483 1677 1532 δέ
1709 1499 1887 1550 φαμεν

327 1577 388 1628 οὐ
427 1576 538 1626 τῶν
580 1574 880 1644 βρωμάτων
931 1573 1110 1642 μόνον,
1161 1573 1295 1626 ἀλλὰ
1343 1576 1442 1641 τὴν
1494 1575 1882 1644 περιεκτικήνο

328 1665 597 1726 τουτέστι,
624 1665 719 1734 τὴν
749 1665 958 1733 ἀποχὴν
1000 1664 1216 1716 πάντων
1245 1664 1352 1716 τῶν
1397 1665 1882 1734 ἀπηγορευμένων.

329 1761 420 1810 Δεῖ
464 1754 562 1810 οὖν
603 1757 694 1808 τὸν
721 1756 1186 1826 ὲγκρατευὸμενον
1220 1756 1394 1808 πάντα
1429 1756 1878 1825 ἐγκρατεύεσθαι,

330 1848 470 1901 κατά
504 1848 595 1900 τὸν
632 1846 975 1900 ’Λπόστολον.
1005 1846 1217 1913 ’Ὠσπερ
1264 1846 1366 1915 γὰρ
1414 1848 1699 1916 ἀνθρώπου
1748 1852 1883 1899 οἱον-

327 1940 532 2009 δὴποτε
589 1939 884 2009 ἀφαιρεθὲν
932 1938 1040 1990 τῶν
1093 1938 1288 1999 μελῶν,
1322 1940 1385 1989 τὸ
1417 1942 1522 1992 πᾶν
1560 1941 1650 1991 τοῦ
1682 1940 1886 2008 ἀνθρὼ-

330 2050 430 2084 που
465 2031 654 2083 λοιπὸν
688 2035 875 2099 σχῆμα
907 2030 1153 2100 ἄμορφον
1191 2027 1583 2096 ἀπεργάζεται,
1621 2028 1762 2081 οὕτω
1795 2031 1886 2080 καὶ

328 2125 356 2175 ὁ
403 2126 533 2191 μιᾶς
579 2123 726 2190 παρά
778 2122 956 2190 μελῶν
1002 2123 1203 2190 ἀρετῆς
1251 2122 1380 2189 ὃλην
1429 2123 1526 2189 τῆς
1561 2122 1883 2189 ἐγκρατείας

328 2216 578 2281 ἀφανίζει
623 2215 977 2284 εὐπρέπειαν.
1004 2213 1125 2282 Χρὴ
1167 2208 1258 2264 οὖν
1287 2215 1352 2264 οῦ
1382 2213 1540 2280 μόνον
1560 2213 1662 2274 τὰς
1694 2230 1886 2277 σωμα-

329 2306 486 2366 τικὰς
533 2305 840 2371 φιλοπονεῖν
887 2305 1106 2374 ἀρετὰς,
1154 2303 1289 2355 άλλά
1335 2303 1428 2354 καὶ
1470 2304 1568 2363 τὰς
1609 2305 1698 2354 τὸν
1740 2304 1886 2354 ἕ.ιδον

330 2397 483 2465 ἡμῶν
530 2395 816 2464 ἄνθρωπον
847 2396 1129 2464 καθαίρειν
1153 2395 1478 2460 δυναμένας.
1530 2395 1882 2462 Ἑγκρατείας

2560 1166 2836 1222 ΙΙΟΜΙΜᾹ
2879 1169 2962 1221 \‘l.

2285 1281 2360 1335 De
2396 1283 2707 1336 abstinentia
2741 1285 2844 1336 sive
2878 1289 3241 1353 temperantia.

2055 1391 2400 1446 Abstinentia
2427 1391 2542 1445 sive
2578 1397 2934 1462 temperantia
2966 1398 3222 1452 universo
3259 1399 3538 1455 hominum

1985 1486 2170 1552 generi
2213 1487 2455 1553 apprime
2485 1497 2848 1540 consentanea
2893 1489 3064 1542 virtus
3107 1502 3192 1545 est
3221 1508 3234 1544 :
3265 1492 3331 1544 iis
3363 1503 3540 1547 tamen

1985 1576 2238 1642 proprius
2257 1578 2526 1645 congruit,
2549 1579 2642 1646 qui
2673 1578 2782 1631 Deo
2805 1595 3130 1647 magnopere
3163 1583 3385 1636 student
3418 1601 3540 1653 gra-

1989 1665 2109 1719 tiosi
2153 1682 2272 1721 esse
2301 1677 2356 1720 et
2384 1669 2663 1723 amabiles.
2695 1671 2838 1725 Sane
2882 1674 3264 1728 abstinentiam
3309 1679 3543 1732 dicimus

1986 1770 2095 1807 non
2125 1771 2243 1808 eam
2280 1758 2440 1810 modo
2473 1774 2579 1826 qua
2627 1760 2824 1812 comite
2871 1761 2940 1814 ab
2974 1763 3270 1815 esculentis
3301 1766 3544 1818 abstine-

1987 1861 2127 1907 mus,
2161 1847 2252 1899 sed
2283 1857 2339 1900 et
2366 1864 2486 1914 qua:
2515 1857 2709 1902 caetera
2749 1865 2849 1902 suo
2886 1853 3090 1904 ambitu
3123 1856 3538 1922 complectitur:

1987 1937 2090 1990 hoc
2133 1947 2235 1994 est.
2259 1938 2645 1993 abstinentiam
2693 1941 2960 2002 omnimn,
3014 1959 3248 2010 quorum
3304 1962 3401 1999 usu
3441 1947 3543 2014 ipsi

1987 2027 2380 2080 interdicieaur.
2405 2029 2694 2081 Necessum
2726 2029 2994 2096 igitursit.
3012 2032 3164 2100 juxta
3191 2035 3543 2100 apostolicam

1985 2117 2309 2178 doctrinam,
2329 2133 2389 2171 ut
2421 2119 2466 2172 is
2495 2120 2587 2186 qui
2621 2121 2812 2173 sedqu
2839 2135 2994 2174 curat
3021 2139 3141 2176 esse
3167 2132 3222 2176 et
3247 2123 3352 2177 dici
3378 2126 3546 2178 absti-

1985 2222 2142 2266 ncns,
2169 2207 2238 2259 ab
2267 2209 2525 2262 omnibus
2553 2210 2656 2263 sibi
2690 2219 2955 2278 temperet
2990 2223 3043 2266 et
3081 2215 3352 2268 abstineat
3384 2217 3448 2269 ³⁸.
3475 2217 3546 2271 Ut

1984 2298 2129 2350 enim
2169 2299 2237 2350 ab
2267 2299 2488 2352 homine
2530 2302 2808 2369 quopiam,
2846 2305 3260 2370 quoniodolibet
3299 2308 3543 2370 tandem,

1988 2391 2216 2442 rescissa
2251 2390 2296 2444 si
2326 2400 2454 2444 sunt
2481 2392 2724 2446 membra
2747 2394 2976 2462 aliquot,
3009 2411 3105 2462 per
3131 2397 3234 2448 hoc
3268 2407 3412 2451 totus
3444 2400 3548 2451 ho-

329 2494 432 2557 γὰρ
458 2491 620 2558 ἔργον
648 2489 764 2540 ἐστὶ
794 2488 854 2539 τὸ
885 2487 1183 2554 ἀπέχεσθαι
1215 2488 1390 2554 πάσης
1423 2486 1632 2551 ἀλόγων
1667 2486 1876 2552 ἡδονῆς,
1919 2491 1958 2544 ιι
1989 2477 2091 2529 "lii!

1779 2488 1876 2552 pag.
1919 2491 1958 2544 ιι
1989 2477 2151 2530 minis
2199 2479 2416 2532 habitus
2447 2480 2672 2534 decolor
2713 2483 2934 2536 demum
2971 2486 3030 2538 lit
3071 2502 3134 2540 ac
3168 2487 3541 2553 deformatur;

330 2583 423 2634 καὶ
448 2582 614 2652 μηδὲν
635 2580 784 2649 παρά
812 2578 874 2630 τὸ
903 2578 1148 2647 βούλημα
1181 2579 1410 2630 ἐντολῶν
1435 2578 1525 2629 τοῦ
1552 2576 1685 2628 Θεοῦ
1718 2580 1886 2644 πράτ-

329 2689 462 2724 τειν.
513 2670 838 2739 Ἐγκράτειά
866 2671 979 2720 ἐστι
1009 2669 1220 2737 χαλινὸς
1247 2670 1429 2734 ἄγχων
1477 2667 1575 2736 τὴν
1617 2668 1710 2719 ἐπὶ
1745 2669 1887 2736 βρώ-

334 2779 500 2831 ματα,
546 2761 578 2830 ἢ
615 2761 896 2830 χρήματα,
946 2761 979 2830 ἦ
1022 2758 1202 2822 δόξαν,
1234 2758 1328 2810 τοῦ
1364 2757 1763 2826 ἐπιθυμητικοῦ
1793 2759 1887 2828 ὀρ-

334 2857 456 2924 μήν.
507 2854 584 2904 υύ
621 2855 729 2922 γάρ
774 2852 888 2904 ἐστι
917 2869 970 2903 τι
998 2851 1106 2902 τῶν
1165 2850 1383 2918 ἀγαθῶν
1431 2850 1708 2902 τίκτεσθαι
1759 2851 1888 2901 ἄνευ

331 2944 634 3013 ὑπομονῆς,
681 2943 777 2996 καὶ
821 2943 919 3011 τῆς
957 2944 1327 3010 γενικωτάτης
1359 2942 1710 3010 ἐγκρατείας.
1746 2959 1765 2993 ι
1802 2944 1890 2995 Ἑν

330 3036 436 3104 γὰρ
469 3039 539 3104 τῇ
574 3034 816 3102 ὑπομονῇ
859 3033 1010 3102 ὑμῶν
1050 3032 1312 3101 κτήσεσθε
1346 3033 1443 3094 τὰς
1468 3033 1641 3101 ψυχὰς
1665 3031 1837 3099 ὑμῶν.
1864 3052 1882 3082 ι

342 3125 398 3176 ’0
432 3124 606 3176 θέλων
635 3117 728 3175 οὖν
761 3121 1106 3191 κατορθῶσαι
1139 3124 1238 3190 τὴν
1267 3121 1617 3189 ἐγκράτειαν,
1650 3122 1886 3190 συνεχῶς

331 3213 742 3282 προσευχέσθω.
807 3230 826 3264 ι
859 3213 1244 3274 ’Λδιαλείπτως
1309 3209 1402 3265 οὖν
1452 3211 1882 3280 προσεύχεσθε,ι

332 3305 518 3373 φησίν.
563 3303 630 3356 Ἦ
671 3303 822 3372 εὐχὴ,
871 3303 964 3355 καὶ
1006 3305 1040 3370 ἡ
1087 3303 1384 3372 ἐγκράτεια
1430 3304 1604 3372 εἴργει
1647 3305 1736 3354 τὸν
1767 3303 1888 3356 νοῦν

332 3396 436 3448 τῶν
465 3394 748 3466 κοσμικῶν
779 3393 1006 3464 ἡδονῶν,
1031 3394 1124 3448 καὶ
1141 3393 1247 3446 ἀπὸ
1272 3395 1449 3463 πάσης
1472 3394 1633 3446 αὑτὸν
1657 3411 1888 3462 κακοερ-

332 3487 450 3553 γίας
494 3485 829 3539 ἀναστέλλει.
863 3484 1050 3552 Σάρκα
1107 3485 1202 3536 καὶ
1262 3479 1400 3552 αἷμα
1455 3479 1634 3536 εἷδενί
1663 3487 1692 3537 ὁ
1728 3485 1888 3536 Ἀπό-

334 3581 516 3638 στολος
561 3577 632 3630 τὰ
673 3575 910 3646 σαρκικὰ
940 3575 1086 3645 πάθη
1127 3577 1196 3628 τά
1241 3575 1616 3644 κατασύροντα
1647 3577 1739 3628 τὸν
1764 3575 1890 3628 νοῦν

332 3670 408 3730 εἰς
442 3670 510 3719 τά
542 3666 865 3736 φρονήματα
895 3664 1092 3730 αὐτῶν,
1119 3664 1208 3716 διὰ
1231 3666 1292 3714 τὸ
1321 3666 1516 3717 εἰπεῖν’
1556 3684 1574 3716 ι
1603 3665 1723 3716 Ὀτι
1755 3664 1891 3734 σὰρξ

332 3754 529 3829 ῆαῖμα
563 3758 838 3825 βασιλείαν
869 3755 1003 3809 Θεοῦ
1036 3755 1096 3807 οὐ
1129 3755 1381 3808 δύνανται
1411 3756 1832 3825 κληρονομῆσαι.
1865 3777 1884 3808 ι

331 3849 478 3918 Αὕτη
506 3852 540 3920 ἡ
580 3848 716 3919 σάρξ
742 3849 912 3918 τροφή
936 3850 1052 3900 ἐστι
1083 3845 1192 3900 τῶν
1219 3847 1506 3916 δαιμόνων.
1533 3866 1549 3897 ι
1572 3847 1656 3899 Ἑν
1684 3848 1760 3915 τῷ
1783 3849 1891 3918 γὰρ

332 3943 572 4010 ἐγγίζειν
605 3941 695 3992 ἐπ’
728 3940 827 4007 ἐμὲ
857 3938 1160 4000 κακοῦντας
1188 3938 1284 3992 τοῦ
1330 3942 1526 4007 φαγεῖν
1550 3941 1645 4001 τάς
1679 3941 1889 4007 σάρκας

335 4053 454 4103 μου,
477 4054 496 4084 ι
551 4034 609 4084 '0
641 4028 733 4084 οὖν
757 4032 842 4083 διὰ.
863 4031 962 4100 τῆς
987 4029 1318 4098 ἐγκρατείας
1346 4029 1599 4099 ἐκτήκων
1626 4031 1724 4092 τὰς
1756 4031 1890 4099 σάρ-

335 4142 453 4186 κας,
499 4123 811 4193 λιμοκτονεῖ
847 4122 970 4182 τοὺς
1014 4120 1296 4189 δαίμονας,
1326 4119 1421 4173 καὶ
1464 4120 1890 4191 ἀσθενεστέρους

334 4216 526 4277 αὐτοὺς
561 4215 696 4283 πρὸς
721 4213 813 4264 τὸν
842 4212 984 4264 κατά
1021 4209 1188 4263 αὐτοῦ
1220 4212 1458 4282 πόλεμον
1490 4211 1886 4282 ἀπεργάζεται.

334 4307 452 4375 Χρὴ
476 4301 592 4368 οὖν,
617 4303 690 4364 ὡς
721 4303 961 4372 εἴρηται,
992 4301 1059 4353 δι’
1079 4301 1216 4354 ὅλων
1233 4301 1340 4354 τῶν
1362 4302 1669 4372 αἰσθήσεων
1698 4305 1892 4372 ὲγκρα⁹

333 4395 586 4450 τεύεσθαι
611 4393 680 4447 δι’
713 4395 978 4463 ὁράσεως,
1011 4391 1077 4443 δι’
1104 4392 1294 4459 ἀκοῆς,
1344 4393 1684 4462 ὀσφρήσεως,
1714 4393 1891 4460 γλώσ-

336 4501 432 4551 σης
482 4501 543 4536 τε
599 4484 693 4535 καὶ
744 4482 975 4546 κοιλίας,
1006 4481 1101 4534 καὶ
1147 4481 1312 4550 ἁφῆς,
1347 4482 1669 4551 βαδίσματος
1693 4485 1891 4554 εὐπρε-

337 4575 488 4638 ποῦς,
523 4577 621 4628 καὶ
649 4574 755 4626 τῶν
787 4573 1010 4626 λοιπῶν.
1044 4576 1137 4626 Δεῖ
1159 4574 1264 4643 γὰρ
1293 4573 1382 4625 τὸν
1416 4575 1680 4642 ἐγκρατῆ,
1712 4577 1890 4643 πάσης

337 4671 622 4739 αἰσχίστης
661 4667 871 4736 ἡδονῆς,
922 4666 1018 4719 καί⁸
1065 4665 1360 4735 ἐπιθυμίας
1406 4665 1676 4734 ἀνώτερον
1725 4661 1888 4718 εἶναι.

339 4763 400 4813 0i.
435 4761 546 4830 γάρ
580 4759 680 4828 τῆς
723 4757 1046 4828 ἐγκρατείας
1090 4756 1339 4826 ἐρασταὶ,
1374 4757 1640 4826 ἁριδήλως
1675 4756 1752 4826 τῷ
1794 4756 1891 4826 μὲν

338 4854 552 4921 σώματι
595 4854 771 4918 ἄρτιοι
802 4850 1129 4918 ὑπάρχουσι,
1159 4849 1257 4915 τήν
1284 4847 1341 4899 δὲ
1375 4848 1545 4917 φρένα
1575 4848 1762 4915 ὑγιεῖς,
1795 4847 1892 4918 τὴν

335 4945 510 5013 ψυχὴν
538 4945 604 5011 τῇ
634 4943 712 5003 εἰς
744 4941 880 4992 Θεὸν
915 4939 1150 5008 θυμηδίᾳ
1183 4938 1622 5008 εὐφραινόμενοι,
1651 4941 1740 4990 τὸν
1772 4938 1894 4992 νοῦν

337 5037 442 5087 τῶν
470 5039 677 5104 γηΐνων
705 5034 800 5103 μὲν
829 5035 1218 5100 ἀφιστάμενον,
1253 5031 1344 5084 καὶ
1369 5031 1474 5082 τῶν
1499 5032 1609 5082 ἄνω
1632 5031 1892 5100 ὀρεγόμε-

338 5145 442 5179 νον.
479 5127 668 5192 Πάσης
694 5141 801 5194 γαρ
832 5123 1164 5191 ἡδυπαθείας
1201 5123 1470 5190 ἀλλότριοι
1511 5122 1680 5184 ὅντες,
1708 5123 1892 5175 λοιπὸν

341 5217 656 5287 μισοπαθεῖς
703 5218 798 5269 καὶ
841 5215 1104 5283 θεοφιλεῖς
1143 5214 1507 5282 εὑρίσκονται.
1561 5215 1621 5266 Ἠ
1657 5215 1712 5266 δὲ
1752 5215 1884 5282 εὐχὴ

338 5308 512 5360 αὐτῶν
551 5305 769 5375 καθαρᾶ
806 5303 940 5374 πρὸς
981 5303 1208 5372 Κύριον,
1240 5307 1331 5356 καὶ
1366 5304 1463 5355 σὺν
1491 5306 1603 5364 τοῖς
1635 5303 1884 5370 ἀγγέλοις

340 5400 650 5469 γεραίρουσι
678 5398 768 5449 τὸν
786 5395 934 5448 Θεὸν.
963 5395 1100 5466 Φησὶ
1121 5395 1175 5446 δὲ
1196 5397 1288 5446 καὶ
1319 5397 1352 5464 ὴ
1382 5394 1592 5465 Γραφὴ,
1627 5412 1645 5443 ι
1686 5394 1888 5445 Ὀπίσω

407 5537 451 5568 ⁸⁸
475 5537 619 5591 Psal.
649 5549 875 5590 cxxxvm
908 5535 994 5587 ll.
1068 5535 1112 5565 ³⁸
1134 5531 1268 5588 Gen.
1295 5549 1377 5586 xix
1421 5547 1572 5601 seqq.

341 5622 394 5672 ν,
425 5608 508 5661 t7.

1648 5531 1692 5562 "
1719 5531 1852 5585 Luc.
1889 5545 2000 5595 ut,
2030 5531 2116 5584 54.

1989 2564 2062 2620 ita
2097 2576 2201 2620 tina
2233 2568 2410 2635 aliqua
2444 2571 2639 2634 virtus,
2676 2571 2721 2624 si
2751 2588 2781 2626 c
2815 2575 3074 2628 membris
3101 2586 3420 2631 c:eterarum
3455 2597 3544 2632 re-

1987 2665 2132 2710 secta
2165 2660 2552 2726 compcrictur,
2585 2663 2754 2716 decus
2797 2674 2960 2732 atque
3005 2668 3329 2734 elegantiam
3371 2671 3548 2724 absti-

1988 2749 2186 2801 nentia:
2213 2751 2469 2805 obscurat
2495 2769 2720 2821 prorsus
2755 2765 2812 2809 et
2847 2756 3144 2824 intercipit.
3174 2759 3403 2830 Oportet
3442 2762 3548 2830 igi-

1990 2847 2078 2890 tur
2123 2855 2230 2891 non
2276 2857 2369 2893 eas
2400 2844 2629 2899 virtutes
2665 2847 2839 2898 solum
2875 2847 3144 2902 industria
3179 2853 3547 2920 qualicunque

1988 2939 2170 2984 nostra
2195 2935 2456 3001 consequi
2501 2947 2664 3004 atquc
2711 2952 2989 2999 exercere,
3018 2956 3138 3006 quae
3167 2942 3312 2994 circa
3357 2944 3540 2998 mode-

1989 3023 2255 3075 rationem
2288 3026 2716 3096 temperiemque
2746 3039 3033 3082 vcrsautur
3063 3033 3336 3100 corporis;
3368 3035 3460 3088 sed
3492 3042 3550 3088 et

1989 3113 2094 3166 illae
2124 3115 2283 3168 nobis
2314 3119 2642 3173 asciscenda:
2670 3119 2914 3182 veniunt,
2959 3137 3081 3190 qua:
3123 3123 3414 3180 interiores
3446 3140 3550 3180 no-

1987 3204 2083 3256 stri
2121 3205 2358 3260 hominis
2385 3220 2670 3263 concretas
2695 3219 2750 3262 et
2777 3211 2996 3265 inclitas
3023 3211 3182 3266 faeces
3212 3214 3262 3267 vi
3303 3230 3400 3268 sua
3431 3216 3549 3268 elli-

1987 3295 2099 3348 caei
2149 3299 2440 3363 prwvalent
2479 3315 2800 3370 expurgare.
2834 3302 3234 3372 Temperantia:
3278 3308 3549 3375 siquidem

1987 3386 2282 3452 peculiaris
2323 3389 2532 3442 functio
2580 3399 2683 3454 est,
2731 3393 2828 3445 tibi
2875 3409 2974 3461 per
3004 3410 3125 3449 eam
3171 3405 3231 3450 ut
3279 3406 3550 3466 temperes

1985 3484 2041 3529 et
2075 3478 2360 3532 contineas
2399 3495 2431 3534 a
2471 3481 2705 3549 pecunia
2749 3498 2813 3537 ac
2861 3486 3089 3540 rationis
3122 3499 3346 3556 experte
3393 3491 3549 3544 volu-

1987 3573 2157 3632 ptate,
2183 3566 2429 3636 nihilque
2455 3571 2711 3625 coniicias
2739 3573 2920 3641 operis
2945 3575 3091 3642 quod
3121 3576 3320 3632 divina:
3355 3581 3551 3634 adver-

1987 3667 2141 3711 setur
2188 3660 2474 3714 voluntati.
2507 3661 2857 3718 Abstinentia
2899 3665 3114 3720 frenum
3158 3677 3242 3722 est
3286 3669 3548 3738 impetum

1989 3751 2431 3818 coneupiscibilis
2472 3755 2728 3821 potentia:
2771 3771 3177 3826 praeproperum
3221 3770 3276 3814 et
3315 3763 3550 3816 alacrem

1918 3836 1959 3892 C
1993 3838 2267 3910 frangens,
2321 3849 2374 3896 et
2424 3844 2578 3911 quasi
2626 3845 2846 3899 obtorto
2888 3848 3030 3900 collo
3074 3850 3376 3917 przefocans
3403 3870 3415 3904 :
3442 3869 3552 3921 quo

1988 3931 2210 3999 quidem
2245 3941 2396 3986 motu
2427 3933 2722 3989 invitamur
2749 3936 2817 3989 ad
2859 3938 3209 3993 exsatiandos
3247 3957 3347 3994 nos
3374 3945 3553 4009 epulis

1988 4033 2186 4090 prmter
2218 4023 2461 4088 modum,
2506 4024 2573 4078 ad
2622 4027 2998 4096 congerendas
3029 4031 3310 4096 pecunias.
3341 4033 3407 4084 ad
3455 4050 3548 4101 pa-

1989 4113 2213 4168 randam
2252 4115 2489 4169 nominis
2528 4117 2738 4186 proprii
2777 4117 2996 4172 famam.
3027 4119 3214 4189 Neque
3245 4123 3390 4175 enim
3423 4139 3554 4177 con-

1991 4205 2149 4274 tingit
2189 4215 2250 4260 ut
2276 4208 2556 4275 quidpiam
2589 4224 2880 4276 asscquare
2913 4209 2980 4262 de
3025 4225 3226 4279 genere
3259 4213 3549 4276 honorum,

1989 4296 2095 4350 nisi
2143 4298 2396 4366 praeduce
2432 4299 2716 4367 patientia,
2747 4307 2803 4354 ct
2832 4314 2894 4353 ea
2919 4316 3040 4368 qua:
3070 4301 3126 4354 in
3154 4319 3353 4371 genere
3383 4305 3551 4359 ambit

1988 4396 2214 4442 cattcras
2237 4399 2399 4456 atque
2425 4390 2797 4458 amplectitur,
2829 4406 3025 4459 nempe
3055 4392 3404 4456 abstinentia,
3437 4396 3550 4450 sive

1992 4478 2353 4547 temperantia
2381 4495 2395 4531 :
2431 4497 2448 4528 ι
2479 4479 2536 4532 In
2568 4479 2830 4548 patientia
2855 4480 3003 4533 enim
3032 4491 3211 4535 vestra
3243 4484 3551 4550 possidebi-

1993 4569 2062 4623 tis
2090 4570 2299 4623 animas
2325 4579 2535 4625 vestras
2571 4574 2635 4622 3”.
2684 4589 2703 4620 ι
2741 4570 2998 4640 Quisquis
3029 4572 3194 4641 igitur
3228 4575 3465 4643 legitime
3495 4584 3553 4629 et

1990 4673 2114 4712 cum
2142 4659 2303 4712 laude
2340 4659 2492 4728 cupit
2521 4659 2780 4728 consequi
2817 4659 3163 4714 abstinentia:
3188 4662 3468 4718 virtutem,
3505 4662 3552 4714 is

1991 4749 2336 4804 continenter
2367 4763 2504 4806 oret.
2530 4771 2547 4802 ι
2578 4753 2957 4808 lndesinenter
2981 4762 3186 4815 orate,»
3215 4752 3291 4804 ait
3322 4751 3554 4820 Aposto-

1993 4840 2078 4894 lus
2097 4841 2161 4895 δο.
2183 4841 2371 4896 Oratio
2390 4851 2444 4896 et
2465 4843 2796 4897 abstinentia
2820 4852 3056 4897 mentem
3079 4851 3307 4895 avocant
3325 4853 3380 4895 et
3403 4859 3552 4896 emo-

1993 4933 2200 4986 liuntur
2224 4935 2292 4987 ab
2319 4935 2641 5004 intemperie
2675 4935 3030 4989 mundialium
3065 4935 3424 5002 voluptatum,
3455 4934 3548 4988 sed

1991 5037 2046 5078 et
2085 5041 2300 5080 omnem
2348 5027 2561 5079 illarum
2607 5027 2857 5081 vitiosam
2901 5026 3274 5094 operationem
3327 5043 3356 5076 a
3391 5024 3550 5078 nobis

1993 5117 2255 5171 semotius
2286 5119 2615 5186 propellunt.
2656 5119 2864 5187 1036
2887 5117 3116 5171 Carnem
3153 5117 3298 5169 enim
3340 5122 3396 5169 et
3422 5131 3550 5168 san-

1989 5209 2208 5276 guinem
2263 5210 2402 5263 dixit
2442 5209 2738 5278 Apostolus
2785 5210 3031 5262 carnales
3079 5209 3396 5262 all'ectiones
3431 5223 3552 5275 qua:

1992 5311 2232 5354 mentem
2265 5299 2563 5370 proliciunt
2589 5312 2647 5356 et
2677 5302 3001 5371 pertrahunt
3026 5301 3092 5354 ad
3122 5316 3310 5354 carum
3351 5301 3552 5367 cogita-

1993 5393 2172 5447 tiones
2206 5409 2538 5462 sensusque;
2563 5404 2618 5448 et
2647 5410 2712 5448 eo
2744 5393 2882 5446 dixit
2916 5412 2928 5446 :
2964 5413 2982 5442 ι
3014 5392 3148 5457 Quia
3174 5407 3302 5444 raro
3329 5399 3384 5442 et
3420 5405 3548 5442 san-

2194 5529 2238 5560 ³⁸
2267 5529 2284 5581 1
2319 5529 2442 5582 Cor.
2473 5545 2544 5594 Ix,
2577 5531 2664 5583 25.
2729 5530 2771 5562 ³⁹
2800 5529 2930 5583 Luc.
2969 5543 3075 5590 xxI,
3120 5527 3205 5579 l9.
3235 5525 3281 5555 “
3313 5522 3550 5578 lThess.

1633 5667 1859 5724 VARIE
1892 5667 2182 5723 LECTIUN
2193 5667 2294 5722 ES.

426 5772 444 5808 ⁸
468 5768 628 5824 οἶδεν.

763 5860 1030 5919 Parum.
1082 5863 1192 5919 Gn.
1230 5859 1563 5920 LXXXiX.

3168 5845 3238 5905 46
