4462 6440
934 368 1063 433 1451

2180 364 2532 423 ΛΝἸΊΠΓΙΗ
2574 363 2911 421 ΜΗΝᾹΩΠΙ

4004 362 4134 421 lio?

929 485 1052 552 guis
1086 496 1312 545 regnum
1358 480 1451 532 Dei
1498 495 1607 531 non
1653 487 1875 545 possunt
1902 477 2180 546 possidere
2209 479 2271 526 δ’.
2306 494 2323 523 ι
2352 476 2490 525 (iam
2519 482 2562 536 Α
2591 474 2691 526 τῶν

2370 476 2490 525 ηίὲίΓιι
2519 482 2562 536 Α
2591 474 2698 526 τῶν
2738 473 3039 537 ἐπιῢυμιιῗιν
3072 488 3161 524 σου
3214 474 3288 541 μὴ
3333 473 3584 540 πορεύου,
3627 475 3720 524 καὶ
3751 473 3860 525 ἀπὸ
3884 473 3998 525 τῶν
4019 476 4132 544 ὀρέ-

928 574 1197 644 cjustuodi
1232 574 1486 642 pabulum
1515 572 1819 624 daunonnm
1846 579 1929 623 est
1959 589 1969 621 :
2008 590 2024 617 ι
2065 570 2197 621 llum
2225 567 2373 619 enim
2396 581 2490 631 ap-

929 667 1184 735 propiant
1216 665 1508 719 adversum
1558 680 1642 716 me
1687 671 1965 722 nocentes,
2002 671 2059 712 ut
2097 659 2263 712 edant
2296 673 2488 709 carnes

930 776 1079 813 meas
1121 761 1186 811 ".
1235 777 1253 808 ι
1301 756 1487 825 Itaque
1530 756 1779 825 quisquis
1811 762 2047 808 macerat
2078 767 2291 815 carnes,
2324 761 2378 802 et
2421 750 2486 801 ad

934 852 1110 904 tabem
1140 849 1332 902 nititur
1350 844 1553 902 virtute
1575 847 1919 899 abstinentiae
1950 845 2272 912 perducere,
2301 841 2487 908 utique

929 942 1204 995 daemones
1227 939 1368 993 fame
1394 946 1607 999 enecat,
1628 946 1684 990 et
1705 938 1769 988 ad
1805 936 2141 1003 procinctum
2169 931 2485 987 conferendi

928 1035 1218 1086 adversum
1267 1046 1325 1085 se
1371 1030 1549 1083 reddit
1596 1031 1766 1081 ninlto
1802 1027 2209 1080 indieeilliores.
2254 1024 2487 1077 Necesse

930 1127 1098 1193 igitur
1138 1126 1283 1195 juxta
1335 1123 1702 1191 pra-scriptam
1747 1120 2107 1180 sententiam,
2145 1133 2251 1169 non
2291 1126 2350 1167 ιιι
2393 1130 2488 1183 per

929 1236 1097 1272 tlnmu
1166 1232 1426 1270 seusumn
1485 1215 1762 1266 abstinens
1794 1212 1892 1273 sis,
1942 1210 2034 1263 sed
2092 1226 2185 1276 per
2235 1222 2426 1259 onuu-s
2472 1224 2484 1258 :

929 1322 1059 1380 puta
1090 1324 1186 1376 per
1215 1308 1412 1367 visum,
1444 1322 1540 1373 per
1581 1305 1853 1366 auditum,
1898 1318 1996 1370 per
2037 1301 2347 1362 odoratum,
2380 1299 2484 1350 liv.-

928 1417 1112 1470 guam,
1136 1407 1383 1452 ventrem
1404 1407 1461 1450 ct
1483 1407 1708 1457 tactum,
1733 1412 1828 1464 per
1851 1396 2121 1446 incessum
2147 1394 2485 1452 Izniecorunt,

928 1503 988 1547 ct
1017 1503 1209 1546 caetera
1246 1489 1297 1541 id
1328 1505 1500 1555 genus
1536 1487 1739 1539 onmia.
1773 1489 2017 1553 Oportet,
2049 1486 2289 1553 inquam,
2318 1482 2487 1535 absti-

932 1593 1180 1643 nentem,
1230 1581 1584 1648 praestantiore
1632 1594 1753 1630 esse
1797 1580 1982 1629 animo
2031 1594 2094 1629 ac
2138 1575 2485 1635 sublimiore,

929 1690 1091 1743 quam
1124 1673 1418 1740 aliquando
1457 1683 1649 1722 manus
1696 1676 1751 1719 ut
1789 1668 1884 1720 det
1907 1668 2078 1719 victas
2108 1666 2203 1717 ulli
2238 1666 2489 1717 obscena)

929 1764 1195 1832 voluptati
1236 1774 1328 1815 aut
1361 1758 1820 1827 concupiscentiae
1843 1757 2070 1809 vitiosae.
2100 1756 2384 1808 Amatores
2412 1754 2486 1805 si-

2591 564 2725 627 ξεών
2753 582 2847 616 σου
2886 564 3117 627 κωλύοι),
3148 566 3241 617 καὶ
3278 568 3351 634 μὴ
3377 566 3668 633 εὐφραίνου
3697 567 3788 616 ἐπὶ
3816 566 3986 635 πολλῇ
4016 585 4137 633 τρο⁶

2588 659 2680 725 φῇ.
2719 658 2823 708 Καὶ
2854 656 2930 725 μὴ
2954 656 3294 725 ἀπληστεύον
3316 658 3373 708 ὲν
3400 657 3546 726 πασῃ
3582 660 3783 723 τρυφῇ,
3816 658 3907 708 καὶ
3948 658 4025 725 μὴ
4054 661 4135 709 ἐκ·

2589 749 2755 817 [alii];
2809 749 2903 800 ἐπὶ
2968 749 3178 801 πολλῶν
3232 749 3561 817 ἐδεσμάτων.
3637 750 3724 801 Ἐν
3779 750 3994 809 πολλοῖς
4040 753 4137 817 γὰρ

2591 841 2872 910 βρώμασιν
2898 842 3052 894 ἔσται
3099 844 3272 904 νόσος.
3314 845 3370 893 ὐ
3400 844 3455 895 δὲ
3510 847 3795 911 προσέχων
3816 858 3865 904 υ,
3901 846 4136 913 προσθή-

2590 949 2671 983 σει
2706 932 2869 1002 ζωήν.
2927 950 2946 983 δ
2990 932 3048 984 ὐ
3095 934 3151 986 δὲ
3216 935 3479 1003 μακάριος
3533 934 3712 992 Δαυῒῖ,
3772 936 4037 986 δεικνύων
4086 936 4139 985 τὸ

2586 1025 2788 1075 τέλειον
2828 1026 2925 1092 τῆς
2970 1025 3314 1093 ἐγκρατείας,
3361 1027 3524 1094 φησίν
3553 1044 3566 1056 ·
3603 1047 3620 1076 ι
3667 1027 3945 1095 Ἐπλὴγην
4016 1027 4137 1077 ὡσεὶ

2588 1118 2800 1186 χόρτος,
2833 1119 2927 1170 καὶ
2963 1119 3231 1187 ἐξηράνθη
3257 1121 3289 1187 ἡ
3324 1120 3514 1188 καρδία
3538 1137 3659 1188 μου,
3689 1121 3769 1171 ὅτι
3799 1119 4137 1187 ἐπελαθόμην

2585 1208 2679 1260 τοῦ
2722 1213 2917 1277 φαγεῖν
2967 1211 3059 1263 τὸν
3084 1213 3249 1280 ἄρτον
3292 1228 3412 1279 μου.
3447 1231 3465 1261 ι
3491 1231 3591 1262 -ι
3627 1213 3761 1263 Ἀπὸ
3811 1211 4003 1278 φωνῆς
4051 1210 4137 1261 τοῦ

2589 1300 2891 1368 στεναγμοῦ
2931 1319 3032 1370 μου
3081 1302 3341 1371 ἐκολλήθη
3374 1302 3434 1354 τὸ
3472 1302 3660 1355 ὀστοῦν
3716 1320 3819 1370 μου
3876 1305 3947 1372 τῇ
3988 1304 4135 1371 σαρκί

2591 1409 2715 1459 μου.
2745 1411 2761 1441 ι
2813 1393 2920 1444 Καὶ
2976 1392 3162 1455 πάλιν,
3215 1412 3233 1443 ι
3266 1395 3387 1444 ’Ὅτι
3426 1394 3618 1445 σποδὸν
3675 1394 3804 1444 ὡσεὶ
3840 1393 4011 1461 ἄρτον
4046 1410 4135 1459 μοι)

2586 1482 2809 1547 ἔφαγον,
2866 1482 2959 1534 καὶ
3004 1482 3064 1534 τὸ
3112 1484 3263 1550 πόμα
3321 1502 3420 1551 μου
3477 1484 3611 1551 μετά
3661 1484 3940 1553 κλαυθμοῦ
4000 1486 4137 1553 ὲκῖρ-

2587 1592 2707 1625 νων.
2735 1596 2751 1621 ι
2800 1575 2857 1625 ὐ
2905 1575 2961 1626 δὲ
3000 1575 3230 1636 Παῦλος·
3272 1577 3639 1646 «Νεκρώσατε
3690 1579 3756 1629 τά
3809 1578 3947 1646 μέλη
3996 1579 4136 1645 ὑμῶν

2585 1664 2651 1715 τὰ
2692 1663 2782 1714 ἐπὶ
2829 1663 2924 1731 τῆς
2974 1664 3097 1731 γῆς.
3126 1683 3142 1714 ι
3182 1666 3287 1716 Καὶ
3332 1660 3516 1727 αὖθις·
3553 1666 4000 1734 ιΚαΟαρὶσωμεν
4020 1667 4135 1718 ἑαυ-

2584 1756 2733 1817 τοὺς,
2762 1754 2980 1821 ἀδελφοὶ
3000 1764 3047 1817 V,
3098 1757 3204 1807 ἀπὸ
3259 1757 3456 1818 παντὸς
3488 1758 3762 1825 μολυσμοῦ
3794 1760 4021 1827 σαρκὸς,
4057 1760 4138 1809 καὶ

929 1856 1151 1925 quidem
1216 1850 1562 1904 abstinentia:
1630 1849 1905 1915 propalant
1957 1846 2390 1913 conspiciuntur,
2438 1852 2492 1895 et
2523 1843 2563 1896 Β
2593 1864 2689 1899 πνε

2377 1883 2390 1903 ,
2438 1852 2492 1895 el
2523 1843 2563 1896 Β
2593 1847 2922 1916 πνεύματος,
2958 1848 3329 1910 ἐπιτελοῦντες
3368 1850 3676 1918 ἁγιωσύνην
3707 1852 3764 1902 ἐν
3790 1851 3943 1918 φόϐῳ
3986 1850 4136 1911 Θεοῦ,

928 1943 1178 2010 corporis
1202 1940 1341 1993 tueri
1370 1940 1819 1991 im:olumitatcm.
1849 1945 1903 1986 et
1929 1936 2228 1987 secundum
2253 1936 2486 1986 animam

928 2052 1056 2100 erga
1088 2036 1255 2087 Deum
1287 2049 1391 2084 non
1418 2028 1677 2083 mediocri
1698 2027 1951 2096 perfundi
1978 2026 2175 2093 gaudio
2196 2044 2207 2075 :
2229 2025 2487 2077 nimirum

928 2144 1053 2178 cum
1082 2141 1235 2178 tuens
1260 2140 1316 2175 se
1339 2139 1367 2174 a
1393 2122 1625 2173 terrenis
1652 2120 1768 2172 istis
1797 2128 1851 2170 et
1872 2118 2095 2170 caducis
2118 2114 2487 2175 cxtricaverit,

926 2228 983 2270 et
1009 2218 1075 2270 ad
1122 2214 1363 2268 coelestia
1398 2211 1700 2278 expetenda
1734 2228 1791 2261 se
1824 2219 1990 2261 totam
2031 2204 2372 2274 expanderit.
2408 2202 2490 2254 Ab

926 2311 1075 2362 onmi
1123 2308 1271 2359 enim
1309 2321 1431 2357 cum
1466 2319 1524 2357 se
1558 2303 1934 2355 sulunoverint
1984 2298 2308 2366 intemperie
2341 2295 2490 2346 volu-

928 2401 1118 2471 ptatis,
1145 2399 1406 2465 deinceps
1434 2398 1571 2448 fiunt
1604 2393 1870 2460 eiusmodi
1902 2393 2216 2444 vitiosarum
2246 2387 2489 2440 atlectio-

929 2508 1058 2543 num
1090 2504 1311 2547 osores;
1347 2488 1455 2538 Deo
1481 2484 1713 2553 proinde
1743 2484 1949 2549 accepti
1981 2480 2488 2549 deprehenduntur.

926 2582 1116 2636 (lratio
1148 2582 1277 2632 item
1312 2580 1522 2639 talium,
1548 2579 1614 2630 ad
1647 2577 1956 2636 Dominum,
2003 2576 2215 2628 sincera
2249 2583 2353 2631 est,
2394 2588 2490 2625 co-

927 2674 1163 2739 demque
1204 2670 1387 2722 studio
1412 2685 1535 2722 cum
1569 2667 1775 2734 angelis
1811 2667 1978 2717 Deum
2023 2664 2297 2733 przeeipuo
2328 2678 2492 2715 vene-

928 2771 1122 2815 rantur
1187 2762 1415 2813 honore.
1479 2758 1583 2810 Sed
1644 2765 1698 2811 et
1755 2756 2035 2824 Scriptura
2097 2755 2171 2806 ait
2218 2772 2231 2806 :
2289 2773 2307 2803 ‹
2365 2754 2491 2807 Post

927 2852 1401 2921 com-.upiseentias
1431 2860 1550 2902 tuas
1584 2865 1651 2901 ne
1685 2864 1799 2908 eas,
1834 2856 1891 2900 et
1917 2848 1985 2899 ab
2015 2845 2345 2914 appetentiis
2384 2846 2491 2897 tuis

928 2951 1195 2994 avertere.
1257 2942 1332 2994 Ne
1391 2940 1592 2992 la-teris
1647 2953 1812 3005 super
1858 2937 2045 2988 multis
2098 2935 2330 2994 deliciis,
2395 2950 2493 2987 nc-

928 3048 1035 3101 que
1065 3042 1117 3087 te
1147 3032 1382 3085 exsaties
1427 3032 1480 3084 in
1508 3030 1763 3083 omnibus
1792 3027 2025 3090 deliciis,
2054 3042 2232 3095 neque
2274 3037 2326 3080 te
2353 3027 2493 3080 cllu-

928 3123 1078 3176 dcris
1121 3124 1177 3177 in
1228 3124 1397 3175 umlta
1432 3123 1659 3174 fercula.
1695 3121 1752 3173 In
1801 3119 1987 3172 multis
2030 3119 2176 3170 enim
2214 3118 2353 3171 cibis
2382 3118 2491 3171 crit

2592 1939 2676 1990 ἵνα
2729 1939 3011 2006 γενώμεθα
3066 1943 3185 1994 ναοὶ
3228 1941 3363 1992 Θεοῦ
3430 1942 3689 2004 ζῶντος.»
3753 1943 3861 1993 Καὶ
3916 1943 4136 2011 Πέτρος

2597 2048 2615 2079 ι
2653 2030 3111 2098 Ἐπιχορηγήσατε
3162 2032 3219 2081 ἐν
3266 2032 3331 2099 τῇ
3386 2032 3567 2082 πίστει
3622 2031 3775 2098 ὑμῶν
3820 2031 4054 2100 ἀρετὴν,
4087 2031 4139 2080 ἐν

2590 2119 2646 2171 δὲ
2676 2123 2743 2189 τῇ
2776 2122 2942 2190 ἀρετῇ
2973 2120 3069 2188 τὴν
3115 2122 3347 2188 γνῶσιν·
3382 2124 3438 2173 ἐν
3470 2122 3523 2173 δὲ
3555 2125 3620 2189 τῇ
3659 2122 3855 2187 γνώσει
3898 2121 4001 2190 τὴν
4052 2123 4138 2187 ὲγ-

2590 2213 2849 2281 κράτειαν
2884 2214 2942 2263 ἐν
2969 2212 3024 2263 δὲ
3049 2214 3114 2280 τῇ
3164 2213 3481 2281 ἐγκρατείᾳ,
3512 2212 3609 2280 τὴν
3640 2212 3942 2279 ὑπομονήν.
3978 2230 3996 2263 ι
4033 2212 4141 2279 Χρὴ

2589 2298 2681 2354 οὖν
2712 2302 2799 2355 ἀεὶ
2826 2304 3038 2369 νήφειν,
3089 2304 3181 2354 καὶ
3214 2305 3553 2370 ὲγρηγορεῖν,
3592 2304 3683 2354 καὶ
3709 2303 3775 2353 τά
3809 2304 3924 2354 ἀνω
3946 2303 4140 2371 ζητεῖν,

2592 2395 2686 2445 καὶ
2716 2396 2952 2459 φρονεῖν,
2985 2394 3126 2446 κατά
3151 2396 3250 2464 τὴν
3284 2396 3503 2462 ἐντολὴν
3545 2395 3638 2446 τοῦ
3683 2395 3886 2463 Κυρὶου
3912 2397 4015 2464 τὴν
4046 2397 4141 2463 φά-

2593 2500 2849 2537 σκουσανο
2891 2504 2909 2535 ι
2933 2486 3217 2537 Ἔστωσαν
3263 2488 3316 2539 αἱ
3358 2487 3554 2554 ὀσφύες
3588 2486 3742 2554 ὑμῶν
3770 2487 4143 2556 περιεζωσμέ-

2591 2592 2699 2635 ναι,
2736 2576 2829 2627 καὶ
2873 2576 2922 2627 οί
2964 2576 3145 2644 λύχνοι
3168 2578 3468 2646 καιόμενοι,
3500 2579 3594 2629 καὶ
3633 2580 3789 2646 ὑμεῖς
3829 2580 4009 2647 ὅμοιοι
4052 2581 4142 2630 ἀν-

2592 2666 2829 2735 ορώποις
2864 2668 3329 2737 προσδοκωμένοις
3363 2672 3453 2720 τὸν
3486 2669 3689 2737 Κύριον
3733 2669 3974 2732 ἑαυτῶν,
4022 2670 4142 2719 ποτε

2591 2758 2848 2812 ἀναλύσει
2879 2761 2941 2812 ὲκ
2972 2761 3081 2812 τῶν
3110 2761 3329 2828 γάμων·
3358 2761 3444 2813 ἴνα
3487 2762 3731 2822 ἐλθόντος
3755 2762 3848 2812 καὶ
3879 2760 4141 2831 κρούσαν-

2590 2868 2685 2912 τος
2714 2851 2915 2913 εὐθέως
2958 2852 3241 2914 ἀνοίξωσιν
3276 2852 3443 2920 αὐτῷ.
3475 2871 3492 2902 ι
3521 2853 3630 2903 Καὶ
3659 2854 3880 2915 ἐπάγει·
3922 2871 3940 2901 ι
3967 2851 4145 2903 Μακα-

2597 2961 2703 3013 ριοι
2738 2943 2789 2995 οἱ
2839 2942 3016 2995 δοῦλοι
3048 2945 3269 3006 ἐκεῖνοι,
3301 2944 3392 3005 οὓς
3421 2943 3587 2995 ἐλθὼν
3616 2946 3644 2995 ὁ
3673 2944 3897 3010 Κύριος,

2592 3033 3021 3105 γρηγοροῦντας.
3066 3033 3235 3103 ’Λμὴν
3294 3035 3438 3102 λέγω
3470 3036 3619 3100 ὑμῖν,
3654 3035 3736 3086 ὅτι
3765 3032 4141 3102 περιζώσεται,

2594 3124 2685 3177 καὶ
2708 3125 2986 3177 ἀνακλινεῖ
3010 3124 3202 3187 αὐτούς
3221 3143 3233 3154 ·
3268 3125 3362 3176 καὶ⁵
3391 3124 3677 3194 παρελθὼν
3715 3126 4026 3195 διακονήσει
4055 3125 4144 3177 aia-

3930 2944 4142 3011 εὑρήσει

932 3217 1185 3279 morbus;
1206 3214 1299 3283 qui
1323 3221 1505 3267 autent
1527 3211 1775 3265 atteudet
1796 3210 1923 3269 sibi,
1944 3209 2163 3275 adjiciet
2183 3210 2348 3262 vitam
2370 3209 2434 3263 “.
2464 3229 2482 3260 ι
2518 3204 2561 3261 C
2594 3215 2694 3273 τοῖς

2183 3210 2348 3262 vitam
2370 3209 2434 3263 “.
2464 3229 2482 3260 ι
2518 3204 2561 3261 C
2594 3215 2724 3273 τοῖς.
2750 3231 2768 3262 ι
2804 3212 2961 3281 Αὐτῷ
2994 3212 3177 3281 ήδόξα
3206 3215 3285 3275 εἰς
3315 3215 3439 3276 τοὺς
3469 3214 3691 3276 αἰῶνας.
3737 3216 3932 3283 Ἀμήν.

930 3309 1127 3362 llcatns
1161 3307 1288 3360 item
1325 3305 1494 3360 David
1526 3302 1918 3372 perfectionem
1951 3301 2200 3354 indicans
2229 3301 2595 3365 abstinentiae,
2627 3305 2703 3358 ait
2731 3322 2744 3357 :
2779 3322 2799 3355 ε
2831 3305 3127 3359 Percussus
3173 3319 3291 3357 sum
3325 3314 3387 3358 ut
3449 3306 3656 3367 fenum,
3705 3313 3761 3358 et
3814 3305 4035 3358 exaruit
4058 3320 4145 3357 eor

932 3414 1134 3460 meum,
1154 3397 1280 3466 quia
1309 3395 1513 3448 oblitus
1540 3408 1660 3446 sum
1688 3391 1976 3444 comedere
2010 3404 2204 3457 panem
2254 3405 2435 3442 memn
2466 3389 2534 3443 ⁸⁵⁸.
2574 3391 2640 3444 Ει
2670 3409 2683 3442 :
2715 3411 2733 3443 ι
2768 3394 2811 3444 Α
2844 3408 2978 3446 voce
3017 3394 3253 3461 gemitus
3280 3394 3383 3447 mei
3413 3394 3643 3448 adhaesit
3674 3409 3736 3447 os
3763 3411 3949 3448 meum
4000 3394 4143 3448 carni

930 3509 1064 3547 mea:
1090 3493 1158 3545 ⁸⁸.
1188 3511 1207 3541 ι
1251 3491 1454 3544 lterum
1482 3505 1496 3541 :
1548 3505 1566 3536 ι
1612 3484 1749 3550 Quia
1791 3483 2029 3537 cinerem
2075 3492 2330 3551 tanquam
2364 3499 2558 3552 panem
2594 3486 3013 3549 mandueabam.
3045 3496 3100 3541 et
3126 3488 3381 3557 poculum
3412 3504 3591 3544 meum
3622 3505 3743 3545 cum
3774 3490 3905 3545 ﬂetu
3944 3501 4146 3562 tempe-

935 3585 1119 3641 rabam
1170 3582 1236 3641 “,
1288 3600 1305 3630 ι
1359 3579 1559 3634 Paulus
1611 3577 1741 3630 item
1767 3591 1798 3639 ες
1836 3592 1854 3623 ι
1893 3573 2215 3627 Mortiﬁcate
2250 3575 2494 3630 membra
2532 3587 2712 3631 vestra
2746 3594 2869 3647 qua:
2910 3589 3037 3633 sunt
3073 3594 3238 3647 super
3304 3589 3506 3633 terram
3532 3582 3595 3635 “.
3638 3601 3655 3632 ι
3712 3581 3965 3637 Rursus:
3997 3604 4015 3634 ι
4048 3585 4148 3638 Ex-

935 3687 1235 3745 purgemus
1264 3685 1365 3723 nos
1397 3670 1543 3736 ipsos
1573 3663 1926 3733 (ebarissimi)
1967 3662 2036 3715 ab
2068 3662 2215 3715 omni
2250 3664 2662 3731 inquinamento
2728 3668 2910 3720 carnis
2956 3683 3018 3721 ac
3051 3667 3292 3737 spiritus,
3358 3669 3705 3738 perficientes
3768 3674 4149 3727 sanctificatio.

931 3780 1056 3819 nem
1111 3763 1164 3815 in
1218 3757 1582 3818 timore.Dei,
1660 3766 1720 3807 ut
1772 3752 2069 3808 cflieiamur
2124 3756 2382 3824 templum
2436 3756 2530 3811 Dei
2570 3757 2675 3810 vivi
2713 3758 2779 3810 ".
2818 3776 2836 3809 ι
2872 3759 3067 3813 Petrus
3114 3775 3129 3812 :
3193 3777 3213 3809 ι
3260 3760 3679 3814 Subministrate
3723 3762 3777 3815 in
3823 3762 3931 3816 fide
3975 3772 4148 3817 vestra

937 3863 1222 3920 virtutem,
1272 3853 1325 3906 in
1370 3853 1575 3904 virtute
1611 3859 1792 3903 autem
1841 3846 2150 3906 scientiam,
2216 3847 2271 3901 in
2310 3848 2537 3901 scicntia
2571 3858 2752 3904 autem
2786 3851 3199 3915 abstinentiam,
3243 3853 3298 3905 in
3324 3852 3708 3907 abstinentiam
3732 3862 3916 3907 autem
3942 3856 4149 3923 patien-

933 3953 1068 4006 tiam
1101 3951 1166 4004 δ’.
1216 3966 1233 3997 ›
1267 3946 1428 3999 Juxta
1494 3942 1658 4011 igitur
1702 3938 2016 3992 mandatum
2059 3938 2401 3993 Dominicum
2470 3956 2692 3995 necesse
2734 3943 2807 3995 sit
2849 3957 3064 4012 semper
3105 3944 3273 3997 sobrii
3315 3944 3656 3998 inveniamur
3707 3960 3771 3999 ac
3838 3947 4146 4015 pervigiles.

933 4044 1023 4098 Ait
1051 4041 1195 4095 enim
1228 4057 1242 4091 :
1272 4055 1289 4087 ι
1329 4036 1451 4088 Sint
1482 4032 1650 4087 lumbi
1691 4030 1859 4083 vestri
1894 4032 2198 4098 prmcincti,
2224 4041 2280 4085 et
2311 4032 2547 4085 lucerna!
2584 4032 2858 4094 ardentes,
2886 4043 2941 4088 et
2968 4049 3067 4087 vos
3106 4034 3317 4088 similes
3358 4035 3674 4089 hominibus
3711 4039 4150 4103 exspectantibus

942 4132 1231 4189 Dominum
1263 4141 1422 4180 suum
1461 4123 1680 4193 quando
1722 4133 2030 4179 revertatur
2074 4137 2104 4175 a
2148 4121 2386 4191 nuptiis,
2434 4129 2493 4173 ut
2530 4136 2654 4175 eum
2676 4122 2959 4176 veneritet
2980 4124 3298 4191 pulsaverit,
3323 4124 3607 4179 confestim
3670 4124 3923 4193 aperiant
3960 4127 4094 4180 ei".
4126 4145 4142 4176 ι

937 4222 1187 4280 Inducit:
1217 4238 1236 4270 ι
1278 4216 1427 4272 Beati
1459 4215 1602 4268 servi
1642 4215 1717 4267 illi
1759 4230 1932 4283 quos,
1972 4229 2096 4267 cum
2127 4212 2341 4265 venerit
2372 4212 2655 4276 Dominus,
2698 4212 2967 4266 invenerit
3007 4214 3312 4283 vigilantes.
3381 4215 3553 4270 Amen
3596 4215 3721 4268 dico
3783 4216 3964 4281 vobis,
4026 4217 4144 4287 quia

938 4315 1230 4388 przecinget
1255 4326 1315 4366 se
1338 4318 1394 4364 et
1416 4307 1575 4363 faciet
1597 4307 1722 4362 illos
1743 4306 2109 4372 discumbere,
2131 4314 2188 4361 et
2210 4304 2484 4361 transiens
2517 4305 2849 4361 ministrabit
2875 4305 2984 4360 illis
3007 4306 3076 4359 ".
3108 4326 3126 4358 ι
3154 4307 3260 4377 Ipsi
3284 4307 3453 4377 gloria
3479 4307 3535 4361 in
3560 4307 3778 4360 secula.
3802 4308 3999 4363 Amen.

1378 4446 1586 4516 1037
1627 4445 1908 4500 llOMlLlA
1943 4445 2056 4500 VII.

1556 4558 1634 4613 De
1665 4558 1897 4629 Jejunia.

3200 4443 3419 4496 ΛΟΓΟΣ
3452 4444 3524 4495 Ζ’.

3120 4554 3259 4623 Περὶ
3297 4556 3607 4624 νηστείας.

1006 4669 1299 4725 Monachus
1327 4670 1423 4741 qui
1458 4669 1658 4723 merito
1685 4668 1877 4738 jejunii
1922 4667 2241 4721 sincerioris
2268 4682 2494 4735 magno-
2524 4652 2568 4706 Ῑ)
2664 4669 2768 4722 Mei

2381 4682 2494 4733 mo-
2524 4652 2568 4706 Ῑ)
2664 4668 2909 4737 Μοναχδς
2942 4667 3261 4738 βουλόμενος
3289 4668 3375 4722 διὰ
3412 4669 3657 4739 καθαρᾶς
3687 4671 3945 4739 νηστείας
3965 4671 4143 4725 ἑαυτὸν

937 4776 1066 4829 perc
1098 4761 1250 4829 cupit
1274 4761 1368 4815 Dei
1413 4761 1638 4831 gratiam
1678 4757 1936 4820 emereri,
1965 4757 2179 4825 sibique
2204 4757 2497 4810 conciliare

936 4867 1058 4905 eam
1083 4852 1446 4914 familiariter,
1472 4866 1694 4921 prorsus
1725 4851 1772 4904 is
1802 4850 1966 4903 debet
1997 4849 2230 4919 primum
2251 4850 2493 4903 omnium

937 4942 1044 4996 sibi
1093 4942 1357 5013 jejunium
1412 4943 1716 5005 asciscere,
1772 4958 1880 4995 non
1930 4941 2345 5011 qualecunque,
2400 4941 2494 4995 sed

938 5031 1085 5101 quod
1135 5033 1486 5100 purissimum
1541 5034 1613 5087 sit
1659 5032 1867 5101 peccati
1946 5033 2153 5095 omnis,
2202 5048 2496 5101 secumque

938 5122 1159 5177 decreto
1187 5123 1446 5177 immobili
1473 5139 1574 5177 ceu
1602 5123 1794 5177 trabali
1823 5123 1978 5176 clavo
1995 5122 2310 5187 constituat,
2337 5125 2491 5188 nulli,

939 5211 1070 5263 dum
1115 5212 1170 5265 in
1205 5212 1348 5265 vivis
1385 5212 1583 5276 fuerit,
1625 5212 1833 5266 servire
1860 5228 2097 5281 unquam
2134 5213 2332 5265 vitioso
2360 5214 2493 5267 alle-

939 5299 1078 5360 ctui,
1116 5300 1209 5352 sed
1259 5307 1316 5353 et
1356 5300 1557 5355 silentii
1608 5300 1851 5370 perpetis
1896 5302 2108 5354 excolat
2152 5301 2494 5357 taciturnita-

1011 5414 1053 5443 “
1086 5413 1103 5466 1
1133 5413 1259 5466 Cor.
1295 5432 1382 5473 xv.
1418 5415 1504 5467 50.

938 5482 987 5513 ⁸⁸
1011 5483 1144 5537 ibid.
1177 5482 1230 5535 6.

939 5551 1027 5605 37.

1611 5416 1656 5447 ⁸¹
1682 5417 1818 5469 Psal.
1853 5433 1993 5478 XXVI,
2025 5417 2078 5469 2.

1304 5486 1345 5516 "
1378 5484 1511 5538 ibid.
1542 5485 1639 5550 10;
1669 5485 1877 5540 Coloss.
1907 5503 1981 5547 ιιι,
2020 5488 2071 5540 5.

2188 5417 2234 5447 ⁸³
2268 5418 2413 5471 Eccl.
2452 5437 2594 5484 xvnl,
2629 5424 2715 5478 50.

2144 5486 2188 5517 ⁸⁸
2223 5488 2265 5540 ΙΙ
2294 5487 2419 5542 Cor.
2449 5507 2543 5554 vn,
2581 5496 2626 5547 l.

2594 4759 2673 4830 τῷ
2702 4760 2821 4829 Θεῷ
2858 4761 3301 4831 προσοικειῶσαι,
3335 4762 3435 4830 τὴν
3464 4762 3634 4825 ὅντως
3683 4764 4143 4832 ἀκραιφ·ιεστάτην

2596 4852 2851 4920 νηστείαν
2901 4855 3163 4921 χρεωστεῖ
3211 4853 3502 4922 αἱρεῖσθαι,
3550 4854 3644 4906 και¹
3708 4852 3783 4922 μὴ
3835 4853 4142 4908 δουλοῦσθαι

2599 4943 2817 5006 πάθεσι,
2854 4944 2947 4996 καὶ
2978 4944 3221 5013 μεγάλην
3254 4945 3483 5015 ἡσυχίαν
3519 4947 3784 5014 γεωργεῖν
3808 4945 3898 4998 διὰ
3930 4947 4139 5007 παντὸς.

2598 5036 2709 5088 Καὶ
2762 5037 2793 5088 ὁ
2839 5035 3081 5099 τοιοῦτος
3120 5039 3231 5100 τοῖς
3278 5038 3531 5104 ἀγγέλοις
3584 5037 4004 5106 ωναμιλλᾶται,
4046 5041 4142 5097 τοίς

2597 5125 2825 5189 δικαίοις
2912 5127 3252 5196 συγχορεύει.
3325 5128 3803 5198 Ἐλευθερούμενος
3863 5129 3976 5199 γὰρ
4044 5129 4141 5182 τῶν

2600 5217 2824 5283 γηΐνων,
2875 5218 2955 5279 εἰς
2992 5218 3062 5270 τὰ
3098 5219 3324 5288 οὐράνια
3368 5220 3661 5288 ἀδολεσχεῐ.
3710 5220 3977 5273 Ἐνταῦοα
4021 5238 4140 5272 στυ-

2602 5308 2836 5374 γνάζων,
2881 5311 3090 5363 ἐκεῖθεν
3138 5312 3520 5383 φαιδρύνεται·
3574 5313 3759 5366 ὲνθὰδι
3812 5312 4137 5382 βιαζόμενος.

2827 5427 2871 5457 ⁸⁸
2905 5428 3071 5482 Eccli.
3111 5446 3310 5492 xxxvii,
3354 5431 3441 5491 52,
3495 5431 3583 5484 δι.
3694 5432 3737 5462 ⁸⁸
3773 5430 3917 5484 Psal.
3970 5446 4051 5484 ex.
4088 5428 4136 5481 5.

2708 5497 2752 5527 ⁸⁹
2782 5496 2822 5550 ιι
2856 5497 3000 5553 Pctr.
3028 5515 3067 5563 ι,
3101 5500 3154 5563 5,
3183 5500 3235 5554 ti.
3275 5501 3321 5533 “
3351 5501 3482 5557 Luc.
3524 5517 3615 5564 xu,
3648 5500 3736 5568 55,
3768 5499 3859 5555 36.
3936 5501 3979 5533 "
4014 5499 4138 5554 ibid.

2191 5648 2418 5705 VARIIE
2444 5652 2835 5711 LECTIONES.

1011 5750 1038 5776 υ
1066 5737 1400 5803 ιιροσέχωι·.
1432 5735 1550 5795 Dic,
1581 5735 1820 5803 ἀπέχων,
1840 5735 2143 5791 abstinens.

2222 5749 2243 5777 ν
2265 5743 2554 5811 ἀγαπητοί.
