4462 6440
192 444 332 505 14ῑὴ

1279 435 1598 494 HOMILM
1642 432 1767 489 VII.
1802 455 1865 463 --
1891 428 1982 486 DE
2021 426 2352 485 JEJUNIO.

3260 416 3390 476 1454

186 560 399 609 ἐκεῖθεν
457 554 817 609 ἀναπαύεται.
856 556 1036 607 Ἐοικε
1090 551 1196 621 γὰρ
1251 555 1279 602 6
1332 547 1624 617 νηστευτὴς
1669 542 1744 608 τῷ
1776 553 1814 600 Α
1849 551 1948 593 ῑθηῖ

1669 542 1744 608 τῷ
1776 553 1814 600 Α
1849 551 1977 600 tem,
2021 547 2184 605 atque
2223 534 2425 603 jugiter
2465 539 2699 585 tueatur.
2733 528 2832 582 llic
2873 525 2995 581 talis
3023 542 3145 580 cum
3187 531 3393 598 angelis

183 649 284 701 τοῦ
312 649 550 715 φοίνικος
585 649 738 702 ἄνθει
773 646 849 718 τῷ
876 646 1153 714 λεγομένῳ
1182 641 1404 709 ἁλατίῳ,
1441 641 1521 691 ὅτι
1542 636 1739 700 ἔξωθεν

191 740 292 808 μέν
334 742 450 790 ἐστι
484 739 858 808 στυγνόχροον,
897 737 1096 790 ἔσωθεν
1124 735 1178 787 δέ
1221 732 1490 803 χιονῶδες,
1523 731 1615 782 καὶ
1646 745 1740 779 πο-

185 830 490 898 λύκαρπον.
553 828 825 890 Ὡσαύτως
889 829 946 880 δὲ
993 826 1084 879 καὶ
1131 827 1158 878 ό
1207 822 1500 892 νηστευτὴς
1544 818 1741 881 ἔξωθεν

190 917 294 986 μὲν
342 916 646 984 στυγνάζει,
696 916 896 968 ἓσωθεν
921 916 977 968 δὲ
1006 913 1297 984 φωτοειδὴς
1347 912 1629 978 ὑπάρχων,
1659 906 1736 975 τῷ

186 1010 311 1077 Θεῷ
349 1010 484 1078 μετὰ
513 1009 817 1079 παρρησίας
831 1008 1152 1074 διαλέγεται.
1179 1025 1197 1055 ι
1227 1007 1373 1073 Ὀσῳ
1401 1005 1528 1071 γὰρ.
1554 1001 1736 1068 φησὶν,

187 1103 219 1152 ὀ
245 1101 352 1164 ἔξω
382 1101 534 1170 ἡμῶν
562 1100 844 1169 ἄνθρωπος
875 1099 1262 1168 διαφθείρεται,
1303 1094 1551 1148 τοσοῦτον
1575 1096 1602 1144 6
1636 1092 1741 1144 ἔσω

187 1192 580 1244 ἀνακαινοῦται
607 1191 789 1261 ἡμέρᾳ
816 1193 878 1260 τῇ
911 1191 1109 1261 ἡμέρᾳ.
1139 1208 1154 1237 ι
1192 1187 1430 1256 Νηστεία
1475 1180 1566 1236 οὖν
1596 1185 1741 1235 ἐστιν

187 1285 254 1336 ού
307 1285 467 1352 μόνον
506 1283 568 1334 τὸ
607 1282 1039 1351 βραδυφαγῆσαι,
1080 1280 1212 1332 ἀλλά
1246 1278 1338 1330 καὶ
1374 1277 1432 1328 τὸ
1466 1276 1740 1344 βραχυφα-

187 1377 384 1444 γῆσαι,
413 1377 506 1427 καὶ
527 1376 586 1428 οὐ
616 1375 700 1428 διὰ
728 1375 817 1427 δύο
843 1371 1255 1443 ἐσθίειν,[τοῦτο
1281 1369 1507 1438 ἄσκησίς
1546 1365 1738 1433 ἐστιν,]

186 1468 331 1520 ἀλλὰ
376 1468 435 1519 τὸ
489 1467 562 1536 μὴ
611 1466 1011 1534 πολύφαγῆσαι.
1046 1467 1312 1530 ’Λσκησις
1355 1462 1462 1528 γάρ
1504 1463 1649 1512 ἐστιν
1684 1463 1740 1511 ἐν

191 1558 457 1626 μονοειδεῖ
497 1560 668 1627 τροφῇ
733 1555 1129 1624 συνεσταλμένη
1193 1553 1457 1622 τράπεζα.
1505 1550 1740 1618 Νηστεία

185 1651 248 1702 δέ
283 1651 431 1701 ἐστιν
463 1649 652 1714 ἄλογος
679 1650 709 1716 ἡ
750 1648 838 1700 τὸν
862 1647 1164 1714 ὡρισμένον
1197 1647 1292 1714 μὲν
1322 1643 1509 1710 καιρὸν
1546 1642 1740 1709 ἀναμέ-

185 1758 377 1801 νουσα,
408 1741 465 1790 ἐν
502 1740 559 1791 δὲ
600 1742 664 1809 τῇ
694 1737 810 1806 ὥρᾳ⁴
842 1740 936 1806 τῆς
979 1738 1182 1806 τροφῆς
1214 1733 1562 1804 άχαλινώτως
1605 1731 1738 1801 πρὸς

183 1832 293 1900 τὴν
335 1829 608 1899 τράπεζαν
653 1828 897 1898 όρμῶσα,
938 1829 1030 1880 καὶ
1080 1827 1217 1895 μετὰ
1261 1826 1356 1893 τῆς
1398 1823 1615 1893 σαρκὸς,
1647 1824 1738 1874 καὶ

184 1924 284 1974 τὸν
315 1921 441 1972 νοῦν
472 1921 603 1988 πρὸς
639 1921 831 1989 ἡδονὴν
871 1921 975 1970 τῶν
1006 1917 1427 1985 παρακειμένων
1453 1915 1740 1983 δεσμοῦσα.

203 2015 526 2078 Ἀναγκαῖον
551 2013 603 2063 δὲ
629 2013 720 2063 καὶ
742 2012 895 2062 τοῦτο
911 2010 1184 2078 διατηρεῖν
1211 2011 1266 2060 ἐν
1284 2010 1347 2076 τῇ
1370 2007 1660 2074 ἐγκρατείᾳ
1677 2009 1741 2074 τῇ

187 2106 289 2157 ἐπὶ
320 2105 638 2175 βρωμάτων,
666 2103 750 2154 ἵνα.
773 2102 846 2171 μὴ
874 2103 952 2164 είς
985 2101 1228 2168 βδέλυξίν
1256 2114 1398 2160 τινος
1430 2098 1576 2165 αύτῷ
1604 2096 1744 2146 ἔλθοι

185 2196 245 2247 τί
279 2213 429 2247 ποτε.
466 2193 634 2246 Τοῦτο
667 2194 721 2245 δὲ
755 2194 848 2245 καὶ
895 2192 1289 2262 ἐπικατάρατόν
1340 2191 1474 2248 ἐστι.
1501 2190 1593 2241 καὶ
1629 2189 1742 2241 δαι-

191 2287 456 2356 μονιῶδες
486 2286 640 2347 ὅλως.
679 2285 752 2336 Οὐ
806 2285 911 2353 γὰρ
954 2284 1028 2345 ὡς
1065 2284 1279 2352 φαύλων
1309 2280 1638 2350 ἀπεχόμεθα,
1668 2280 1741 2350 μὴ

187 2378 428 2443 γένοιτο,
464 2377 578 2428 ἀλλ’
628 2377 711 2428 ἵνα
759 2375 864 2426 τῶν
897 2374 1067 2444 ἡδέων
1099 2373 1312 2444 τροφῶν
1352 2373 1576 2433 ἑαυτοὺς
1607 2372 1742 2425 ἁπο-

187 2469 438 2529 σπῶντες
469 2469 537 2519 τά
569 2465 966 2536 φλεγμαίνοντα
1002 2465 1135 2534 μέλη
1164 2465 1263 2532 τῆς
1293 2464 1492 2532 σαρκὸς
1533 2463 1743 2531 συμμέ-

186 2578 336 2628 τρως
370 2559 710 2627 κολάζωμεν.
741 2558 855 2610 Ἵνα
887 2557 986 2625 μὲν
1016 2555 1255 2626 ὑγιαίνῃ,
1286 2556 1574 2624 κολάζηται
1616 2569 1745 2622 πρε-

188 2653 403 2712 πόντως
431 2668 442 2680 ·
471 2651 596 2702 ὅταν
621 2649 676 2702 δὲ
710 2648 930 2719 ἀσθενῇ,
971 2649 1232 2700 πιαίνοιτο
1258 2647 1510 2715 μετρίως.
1538 2646 1612 2697 Οὐ
1639 2645 1745 2714 γὰρ

187 2743 407 2792 ἁτονείν
450 2741 530 2792 δεῖ
568 2739 630 2790 τὸ
682 2738 839 2806 σῶμα
879 2737 939 2790 τὸ
1001 2736 1416 2805 ἀγωνιζόμενον,
1464 2735 1578 2788 ἀλλ’
1624 2736 1745 2787 ὅσον

186 2834 386 2902 ἀρκεῖν
423 2831 559 2899 πρὸς
606 2829 698 2881 τὸν
729 2829 913 2896 ἀγῶνα
957 2828 1231 2881 δύνασθαι.
1273 2827 1493 2896 Πρῶτον
1521 2827 1548 2877 6
1587 2826 1745 2894 νόμος

185 2922 521 2984 ἐντέλλεται,
552 2922 746 2988 λέγων·
783 2943 800 2972 ι
834 2923 927 2984 Ὃς
958 2922 1023 2974 ἂν
1067 2919 1307 2989 εὔξηται,
1341 2919 1448 2972 ἀπὸ
1479 2918 1621 2971 οἴνου
1653 2920 1744 2970 καὶ

188 3013 421 3082 σικέρας
477 3013 885 3081 άγνισθήσεται,
940 3013 1036 3063 καὶ
1080 3012 1179 3064 ὅσα
1230 3009 1625 3081 κατεργάζεται
1685 3011 1742 3076 ἐξ

185 3105 466 3173 ἀμπέλου,
501 3104 561 3156 ού
602 3104 834 3171 φάγεται
880 3104 1059 3166 πάσας
1101 3103 1198 3164 τάς
1228 3104 1437 3173 ἡμέρας
1465 3102 1564 3170 τῆς
1599 3102 1742 3168 ζωῆς

184 3195 384 3256 αὑτοῦ,
427 3194 508 3246 ὅτι
559 3193 712 3260 ἅγιος
758 3193 908 3244 ἔσται
951 3191 1028 3260 τῷ
1069 3193 1274 3260 Κυρίῳ.
1303 3210 1320 3240 ι
1355 3192 1517 3242 Καὶὸ
1546 3191 1741 3258 Δανιήλ
1766 3229 1812 3292 C

186 3301 379 3354 φησιν’
422 3301 439 3333 ι
483 3281 623 3349 Ἐγὼ
655 3283 802 3350 ἥμην
848 3279 1056 3333 πενθῶν
1093 3283 1239 3350 τρεῖς
1285 3279 1581 3348 ἑϐδομάδας
1607 3282 1740 3348 ἡμε-

189 3379 325 3449 ρῶν,
373 3379 537 3446 ἄρτον
588 3376 890 3442 ἐπιθυμιῶν
931 3376 1032 3427 οὐκ
1064 3373 1286 3442 ἔφαγον,
1325 3375 1420 3427 καὶ
1461 3370 1601 3436 οἶνος
1643 3374 1740 3426 οὐκ

186 3468 444 3536 εἰσῆλθεν
483 3469 561 3529 εἰς
607 3466 666 3518 τὸ
716 3465 891 3533 στόμα
954 3482 1076 3533 μου,
1115 3465 1354 3534 ἄλειμμα
1387 3466 1483 3517 οὐκ
1519 3465 1740 3534 ὴλειψά-

189 3578 324 3630 μην.
349 3577 368 3608 ι
407 3558 568 3611 Ὅθεν
607 3558 779 3617 οὕτως
830 3556 1019 3608 ἐαυτὸν
1047 3555 1277 3624 ἐκτήξας
1312 3558 1376 3625 τῇ
1419 3556 1619 3625 ἀσιτίᾳ,
1652 3558 1744 3608 καὶ

189 3652 317 3721 μηδ’
340 3651 476 3710 ὅλως
504 3648 812 3717 γλιχόμενος
833 3648 940 3699 τῶν
977 3648 1249 3715 ἐδωδίμων
1267 3651 1334 3710 τ’,
1357 3647 1570 3713 ἐγένετο
1607 3648 1744 3716 ἀνὴρ

185 3741 502 3810 ἐπιθυμιῶν
539 3740 643 3792 τῶν
679 3739 770 3792 τοῦ
806 3739 1136 3807 Πνεύματος,
1163 3738 1257 3789 κα)⁸
1295 3736 1602 3807 κατηξιώθη
1640 3757 1743 3806 μυ-

189 3833 434 3903 στηρίων
463 3831 786 3902 ἀπορρήτων
816 3830 1013 3899 θεατὴς
1043 3830 1313 3893 γενέσθαι,
1340 3831 1430 3881 καὶ
1462 3831 1743 3898 συνὸμιλος

186 3924 268 3995 τῷ
284 3923 609 3994 ἁρχαγγέλῳ
626 3921 882 3990 Γαὸριήλ.
900 3921 1129 3990 Ὁμοίως
1148 3920 1240 3972 καὶ
1264 3922 1297 3990 ἡ
1315 3920 1617 3989 ἐστιατορὶα
1637 3921 1742 3972 τῶν

187 4015 364 4084 τριῶν
393 4013 598 4067 παίδων
627 4014 690 4064 ἐκ
721 4012 829 4064 τῶν
856 4011 1184 4080 σπερμάτων
1210 4012 1308 4080 τῆς
1335 4014 1437 4081 γῆς
1461 4007 1548 4080 ἦν,
1588 4012 1679 4064 καὶ
1708 4014 1740 4080 ή

186 4103 378 4158 αὐτῶν
428 4101 742 4171 ἐγκράτεια,
774 4101 866 4154 καὶ
903 4103 934 4171 ἠ
969 4101 1104 4170 πρὸς
1134 4099 1266 4152 Θεὸν
1297 4100 1509 4170 ἀγάπη,
1542 4100 1602 4151 τὸ
1632 4101 1743 4169 πῦρ

185 4191 294 4257 τῆς
331 4189 563 4258 καμίνου
594 4189 672 4251 είς
703 4189 890 4258 δρόσον
910 4187 1188 4256 μετέϐαλε.
1210 4189 1315 4240 Καὶ
1343 4191 1371 4241 6
1402 4190 1636 4258 Μωῡσῆς
1659 4189 1744 4242 διὰ

187 4286 244 4348 μ’
265 4279 488 4348 ἡμερῶν
513 4279 762 4347 νηστείας
783 4279 870 4331 τὸν
898 4280 1058 4347 νόμον
1080 4279 1313 4342 ἐδέξατο.
1352 4279 1621 4342 Ὡσαύτως
1651 4283 1743 4333 καὶ

198 4367 391 4430 Ἠλίας
421 4367 508 4420 διὰ
541 4367 806 4420 τοσούτων
827 4367 1046 4439 ἡμερῶν
1077 4368 1330 4438 νηστείας
1367 4369 1638 4439 αὐτόπτης
1664 4371 1747 4422 δό-

184 4459 289 4528 ξης
320 4457 458 4511 Θεσῦ
496 4458 703 4526 γέγονε.
737 4459 847 4512 Καὶ
878 4460 1044 4511 Ἀννα
1076 4460 1165 4512 τὸν
1191 4460 1440 4529 Σαμουὴλ
1466 4462 1553 4514 διὰ
1576 4478 1744 4531 προσ-

1848 646 2108 699 perquam
2183 623 2519 680 familiariter
2565 623 2942 693 congreditur,
2991 622 3277 689 medioque
3336 623 3389 675 in

1845 737 1987 774 emiu
2033 723 2303 790 justorum
2357 716 2692 788 spiritualem
2750 716 2860 784 agit
2891 714 3145 768 choream
3179 731 3192 766 :
3225 715 3394 782 siqui-

1845 812 1966 862 dem
2017 812 2153 862 liber
2193 811 2302 879 jam
2337 809 2595 876 strepitus
2638 806 2814 859 Omnis
2847 805 3082 869 terreni,
3130 805 3196 858 ad
3229 807 3392 859 cocle-

1845 903 2009 954 slium
2069 902 2277 968 rapitur
2329 897 2842 965 contemplationem
2893 913 2905 946 :
2957 896 3082 948 hinc
3146 895 3275 948 dum
3336 911 3394 948 se

1846 1001 2084 1044 macerat
2122 992 2351 1060 jejunio,
2390 989 2640 1042 mwrenli
2675 986 2868 1041 similis
2909 986 3245 1053 conspicitur
3281 986 3395 1054 pri-

1846 1108 2022 1153 mum,
2066 1100 2121 1144 at
2153 1090 2298 1142 illinc
2361 1089 2711 1142 exhilarescit
2760 1097 2907 1140 totus
2959 1088 3394 1140 consideratione

1844 1193 2192 1237 aeternorum.
2248 1182 2386 1235 llinc
2451 1183 2616 1235 etiam
2674 1179 2942 1248 principio
2995 1180 3104 1231 vim
3184 1180 3395 1246 cogitur

1847 1273 2049 1326 inferre
2100 1271 2342 1341 pristina:
2396 1268 2813 1330 consuetudini;
2869 1269 2963 1323 sed
3019 1267 3160 1321 idem
3213 1268 3397 1319 animo

1846 1363 2142 1427 refovetur,
2179 1374 2234 1418 et
2277 1362 2565 1429 tranquilla
2611 1359 2909 1428 perfruitur
2937 1358 3140 1426 quiete.
3179 1357 3278 1422 Qui
3316 1358 3395 1413 sic

1842 1453 2079 1521 jejunat,
2128 1452 2303 1505 videri
2353 1451 2522 1518 possit
2566 1449 2822 1504 assimilis
2873 1449 2989 1501 flori
3039 1450 3160 1517 ejus
3207 1451 3395 1517 palmze

1844 1561 1965 1612 qum
1997 1545 2216 1602 ἁλάτιος
2241 1544 2284 1572 ⁵³
2312 1542 2510 1595 dicitur
2537 1559 2548 1592 :
2577 1552 2652 1603 et,
2679 1550 2904 1595 cxterne
2938 1541 3177 1608 quidem,
3216 1541 3395 1593 colere

1845 1637 2266 1704 interspergitur
2308 1635 2466 1702 plane
2496 1633 2738 1686 subtristi
2768 1643 2823 1687 et
2857 1633 3150 1692 iuammno,
3180 1632 3394 1686 intcruc

1845 1733 2024 1778 autem
2063 1727 2280 1777 niveum
2308 1722 2598 1775 candorem
2628 1721 2862 1790 praefert,
2885 1721 2978 1774 scd
3012 1731 3068 1774 et
3107 1722 3269 1774 arbor
3296 1723 3394 1774 ad-

1845 1816 2079 1868 mirabili
2116 1816 2390 1868 fructuum
2427 1814 2670 1868 ubertate
2694 1830 2975 1882 praegnans
3008 1823 3108 1867 est.
3147 1814 3224 1866 Ad
3270 1829 3394 1866 eum

1777 1898 1816 1950 Β
1845 1923 1902 1959 se
1935 1905 2096 1958 habet
2123 1906 2341 1958 modum
2371 1905 2621 1973 quisquis
2643 1906 2928 1957 sinceriter
2955 1906 3160 1973 jejuuat
3183 1923 3195 1958 :
3218 1915 3397 1958 exter-

1847 2015 1913 2050 ue
1981 1999 2260 2052 subtristis
2318 1998 2436 2066 ipso
2496 2007 2788 2066 prospectu
2849 1997 3083 2059 videtur,
3145 1998 3393 2058 interne,

1844 2093 2014 2145 divini
2046 2093 2269 2146 luminis
2302 2092 2592 2160 splendore
2631 2091 2954 2153 illustratus,
2989 2091 3099 2143 Deo
3129 2091 3396 2157 colloqui-

1847 2194 1933 2237 tur
1967 2184 2134 2238 niulla
2179 2199 2302 2236 cum
2350 2182 2566 2236 fiducia.
2610 2201 2627 2232 ι
2660 2181 2873 2245 Quanto
2900 2183 3044 2236 enim
3084 2190 3269 2235 noster
3310 2181 3399 2234 hic

1846 2275 2007 2327 homo
2049 2273 2289 2326 exterior
2325 2271 2718 2337 corrumpitur,
2751 2279 2898 2323 tanto
2942 2271 3125 2324 verius
3168 2271 3398 2324 interior

1845 2371 2137 2416 renovatur
2163 2363 2232 2416 de
2261 2363 2350 2415 die
2380 2363 2432 2415 in
2465 2362 2607 2415 diem
2637 2363 2701 2425 ⁵³,
2737 2381 2753 2410 ι
2783 2363 2858 2415 ait
2885 2363 3395 2434 Paulus.gJejuuium

1845 2456 2010 2524 igitur
2037 2464 2148 2517 est,
2195 2471 2304 2509 non
2349 2455 2526 2508 solum
2574 2455 2618 2507 si
2668 2455 2848 2507 cibum
2896 2455 3196 2522 sumpseris
3238 2457 3398 2510 solito

1846 2547 2049 2609 serius,
2082 2554 2169 2610 at,
2217 2562 2285 2599 ne
2319 2546 2363 2599 si
2406 2546 2491 2599 bis
2532 2546 2752 2614 quidem
2795 2546 3049 2599 comedas
3081 2547 3220 2614 (tale
3250 2548 3396 2600 enim

1844 2643 1912 2694 ad
1941 2641 2388 2696 exercitationem
2422 2641 2662 2709 pertinet
2691 2641 3112 2709 monasticam),
3143 2643 3235 2694 sed
3267 2658 3399 2711 pro-

1844 2732 2140 2786 videndum
2175 2732 2345 2800 magis
2371 2747 2439 2785 ne
2465 2741 2617 2786 utare
2642 2731 2887 2784 obsoniis
2918 2741 3024 2784 tam
3059 2731 3211 2785 vario
3238 2748 3402 2801 appa-

1844 2836 1965 2881 ratu
2000 2825 2343 2879 concinnatis
2376 2834 2431 2878 et
2459 2824 2761 2878 instructis.
2794 2824 3044 2878 Monachi
3078 2827 3401 2880 exercitatio

1844 2934 1964 2973 esse
2021 2919 2215 2981 debet,
2273 2927 2334 2970 ut
2386 2917 2690 2969 mensulam
2741 2932 2892 2970 suam
2945 2917 3013 2969 ad
3074 2919 3400 2971 uniformem

1845 3011 2135 3066 contrahat
2155 3011 2361 3064 cibum.
2383 3008 2658 3079 chunium
2686 3026 2851 3078 porro
2877 3010 2929 3064 id
2951 3010 3182 3064 dixerim
3205 3026 3400 3064 vacare

1844 3117 2070 3171 prorsus
2116 3102 2327 3155 ratione
2373 3100 2556 3165 omni,
2593 3102 2637 3155 si
2674 3102 2894 3170 quidem
2928 3102 2995 3155 ad
3031 3103 3399 3170 sumptionem

1845 3191 2113 3244 alimonia:
2154 3190 2406 3259 prazliniti
2458 3191 2725 3260 temporis
2773 3192 3044 3260 opperiris
3084 3193 3398 3256 articulum,

1843 3283 1896 3335 in
1927 3284 2040 3350 ipsa
2073 3291 2255 3337 autem
2283 3283 2434 3348 hora,
2471 3297 2594 3336 cum
2630 3283 2987 3338 immoderata
3020 3293 3180 3353 atque
3203 3286 3396 3341 eﬂ‘reni

1843 3375 2169 3442 intemperie
2202 3383 2252 3428 te
2284 3374 2482 3428 invitas
2514 3375 2581 3428 ad
2619 3390 2880 3441 mensam,
2909 3385 3071 3446 atque
3104 3378 3240 3431 adeo
3273 3395 3396 3431 cum

1842 3481 2007 3518 carne
2053 3474 2290 3518 mentem
2331 3465 2630 3518 etiamnum
2660 3466 2726 3520 ad
2762 3468 3095 3534 voluptatem
3126 3470 3400 3522 exsatian-

1843 3557 1968 3609 dam
2004 3555 2090 3608 his
2119 3570 2238 3625 qua:
2283 3567 2652 3624 apponuntur,
2688 3556 2856 3625 aﬂigis
2893 3567 2948 3612 et
2982 3559 3190 3629 alligas.
3219 3559 3314 3614 Est
3343 3571 3401 3615 et

1844 3648 1978 3702 illud
2008 3663 2176 3716 opus,
2207 3656 2266 3701 ut
2311 3647 2575 3702 observes
2617 3647 2672 3701 in
2714 3649 3042 3703 abstinentia
3089 3667 3209 3719 qua:
3254 3652 3398 3706 circa

1843 3740 1951 3793 cibi
1992 3737 2360 3808 sumptionem
2395 3748 2642 3793 versatur
2685 3748 2745 3792 ut
2793 3755 2861 3793 ne
2892 3756 3053 3809 quem
3081 3742 3264 3794 cibum
3298 3743 3398 3796 ali-

1843 3830 2060 3899 quando
2114 3831 2469 3894 abominere,
2529 3831 2634 3885 hoc
2690 3831 2834 3884 enim
2891 3833 3222 3886 exsecrabile
3274 3850 3396 3887 cum

1844 3922 2057 3990 primis,
2091 3936 2156 3975 ac
2193 3921 2500 3976 daemonum
2535 3923 2856 3992 malignitati
2891 3939 3148 3992 perquam
3178 3925 3354 3980 simile
3383 3945 3396 3980 :

1844 4029 2021 4082 neque
2067 4012 2214 4067 enim
2243 4013 2313 4067 ab
2341 4013 2454 4067 ullo
2480 4013 2728 4067 ciborum
2764 4028 2962 4082 genere
2990 4014 3149 4067 nobis
3188 4024 3398 4084 tempe-

1845 4119 2060 4169 ramus,
2087 4103 2232 4172 quod
2281 4112 2473 4172 suapte
2516 4112 2709 4157 natura
2749 4103 2874 4157 mali
2909 4104 3045 4168 sint,
3080 4105 3224 4160 absit
3256 4107 3394 4161 hoc!

1845 4195 2016 4263 magis
2076 4209 2207 4248 vero
2269 4202 2330 4246 ut
2388 4209 2488 4248 nos
2542 4209 2572 4248 a
2637 4193 3036 4262 pollucibiliore
3090 4195 3396 4251 eduliorum

1844 4287 2122 4354 voluptate
2139 4294 2301 4354 atque
2327 4285 2584 4340 illecebra
2610 4285 2803 4345 avulsi,
2824 4286 3062 4338 membra
3087 4285 3202 4340 haec
3221 4289 3401 4343 carnis

1845 4385 2042 4430 nostrae
2085 4391 2204 4444 qua:
2245 4375 2404 4429 facile
2450 4375 2857 4430 inﬂammantur
2909 4386 2964 4431 et
3011 4377 3399 4442 intumescunt,

1846 4468 2121 4522 moderate
2162 4467 2490 4538 castigemus
2513 4469 2562 4499 “
2590 4487 2603 4521 :
2633 4479 2694 4521 ut
2740 4470 2784 4523 si
2829 4470 3048 4538 quidem
3094 4485 3222 4523 sana
3253 4481 3400 4534 sunt,

183 4551 361 4616 ευχῆς
427 4549 519 4601 καὶ
571 4550 824 4618 νηστείας
868 4549 1127 4605 ἀπέλαὸε.
1183 4552 1292 4604 Καὶ
1344 4554 1372 4604 6
1421 4553 1742 4616 Ἀπόστολος
1771 4557 1945 4614 Dcun

1635 4553 1742 4616 αλος
1771 4557 1820 4614 D
1844 4568 1966 4606 cum
2001 4553 2201 4608 decoro
2237 4563 2292 4609 et
2333 4556 2620 4609 honestate
2659 4566 3051 4622 coerceantur;
3088 4559 3132 4611 si
3162 4557 3397 4622 infirma,

190 4663 209 4693 ε
243 4643 335 4694 Ἐν
360 4640 569 4703 κόποις,
599 4641 656 4694 ἐν
687 4642 1030 4710 ἀγρυπνίαις,
1062 4645 1119 4694 ἐν
1151 4644 1420 4711 νηστείαις
1443 4663 1461 4696 ι
1486 4645 1546 4697 τὸ
1581 4645 1740 4714 σῶμα

183 4728 569 4796 ἐδουλαγώγει.
587 4730 750 4800 Φησὶν
769 4731 933 4783 δὲκαὶ
957 4733 984 4784 ό
1002 4734 1278 4802 προφήτης
1311 4734 1479 4803 Ἰωήλ·
1499 4751 1519 4785 ι
1558 4735 1740 4802 Ἀγιά-

184 4843 322 4878 σατε
360 4823 637 4893 νηστείαν,
692 4823 963 4893 κηρύξατε
1021 4824 1348 4894 θεραπείαν,
1403 4827 1734 4896 κεκράξατε·

181 4916 378 4984 Οῐμοι,
405 4915 572 4983 οῐμοι,
592 4915 673 4966 ὅτι
711 4915 876 4980 ἐγγὺς
905 4916 937 4981 ἡ
967 4915 1148 4984 ἡμέρα
1175 4916 1396 4984 Κυρίου.
1423 4934 1440 4966 ι
1483 4919 1588 4970 Καὶ
1621 4918 1737 4987 μετ’

181 5008 390 5073 ὀλίγον·
425 5025 442 5056 ι
474 5007 582 5058 Καὶ
621 5004 714 5058 νῦν
749 5005 895 5071 λέγει
931 5004 1129 5074 Κύριος
1155 5008 1183 5058 6
1208 5007 1337 5069 Θεὸς
1369 5008 1541 5076 ἡμῶν,
1587 5009 1738 5061 Ἐπι-

185 5097 473 5166 στράφητε
521 5095 655 5166 πρός
702 5112 769 5164 με
815 5095 873 5159 ἐξ
917 5094 1042 5164 ὅλης
1091 5096 1190 5164 τῆς
1228 5097 1453 5165 καρδίας
1489 5097 1641 5165 ὑμῶν
1685 5100 1742 5150 ἐν

183 5187 438 5257 νηστείᾳ,
472 5186 567 5238 καὶ
591 5188 650 5238 ἐν
681 5186 961 5256 κλαυθμῷ,
1001 5186 1094 5238 καὶ
1122 5188 1178 5237 ἐν
1205 5188 1437 5258 κοπετῷ,
1473 5189 1563 5241 καὶ
1591 5189 1734 5259 διαῤ⁸

187 5278 398 5348 ῥήξατε
443 5276 539 5339 τάς
577 5277 802 5344 καρδίας
836 5277 1022 5347 ὑμῶν,
1073 5280 1165 5329 καὶ
1202 5279 1560 5346 ἐπιστρέψατε
1609 5280 1743 5348 πρὸς

187 5370 403 5436 Κύριον
432 5367 522 5420 τὸν
554 5367 687 5420 Θεὸν
715 5367 889 5437 ὑμῶν,
908 5368 988 5420 ὅτι
1022 5369 1286 5439 ἐλεήμων,
1317 5372 1410 5422 καὶ
1441 5369 1741 5439 οἰκτίρμων

254 5520 315 5592 ⁵³-
347 5518 464 5572 Non
499 5518 734 5592 ἀλάτιος,
768 5519 862 5573 sed
897 5520 1080 5592 ἐλάτη,
1116 5537 1235 5590 quae
1266 5531 1321 5576 et
1351 5522 1530 5591 σπάθη
1564 5521 1706 5590 apud
1741 5520 2016 5576 Dioscorid

1301 5531 1321 5576 t
1351 5522 1530 5591 σπάθη
1564 5521 1706 5590 apud
1741 5520 2132 5588 Dioscoridem,
2165 5539 2213 5577 c.
2251 5524 2337 5587 52,
2373 5525 2408 5578 l.
2439 5541 2475 5578 ι.
2550 5526 2595 5556 ⁸³
2627 5524 2669 5579 Il
2705 5523 2835 5580 Cor.
2869 5541 2941 5589 Iv,
2975 5525 3057 5580 i6.

183 5587 461 5652 Luthere,
491 5604 616 5643 cum
648 5590 756 5643 tuis
779 5590 1017 5645 asseclis.
1046 5587 1056 5592 ’
1093 5587 1146 5622 ⁸⁸“
1165 5593 1324 5646 Num.
1360 5609 1431 5655 vi,
1457 5587 1567 5645 5-5.

1847 4644 2128 4697 moderata
2173 4645 2510 4715 indulgentia
2558 4647 2872 4716 epimentur
2915 4659 2972 4702 et
3022 4649 3398 4718 pinguescant.

1844 4734 2030 4803 Neque
2073 4735 2218 4788 enim
2260 4751 2433 4804 usque
2475 4737 2612 4792 adeo
2655 4737 3034 4794 delassandum
3072 4755 3270 4808 corpus
3317 4753 3400 4796 est

1842 4826 1962 4895 eius
1987 4825 2077 4894 qui
2106 4827 2159 4880 in
2186 4827 2470 4895 procinctu
2497 4838 2744 4882 versatur
2771 4829 3028 4898 palzestme
3060 4831 3395 4900 spiritualis;

1843 4916 1938 4971 sed
1972 4927 2240 4986 quatenus
2267 4918 2514 4973 suﬂicere
2544 4920 2717 4989 possit
2753 4920 2819 4974 ad
2851 4921 3090 4990 legitime
3117 4923 3397 4977 sustinen-

1841 5006 1971 5059 dum
2025 5006 2192 5059 semel
2240 5017 2519 5077 arreptum
2566 5024 2817 5077 agonem.
2867 5010 3127 5064 Primaria
3173 5011 3261 5064 illa
3312 5013 3396 5065 lex

1839 5096 1979 5151 dixit
2008 5113 2020 5149 :
2051 5115 2067 5148 ι
2101 5096 2204 5162 Qui
2232 5107 2420 5152 votum
2449 5100 2682 5162 voverit,
2705 5115 2734 5153 a
2761 5100 2889 5153 vino
2913 5111 2969 5153 et
2996 5101 3169 5154 sicera
3193 5105 3397 5156 sancti-

1839 5188 2108 5252 ficabitur,
2137 5199 2193 5242 et
2221 5205 2559 5258 quaecunque
2582 5207 2647 5245 ex
2680 5192 2837 5244 vinea
2868 5192 3254 5255 conficiuntur,
3286 5209 3392 5246 non

1837 5279 2087 5332 comedet
2132 5281 2389 5334 omnibus
2434 5281 2629 5335 diebus
2680 5281 2791 5334 voti
2839 5282 2958 5344 sui,
3002 5281 3127 5350 quia
3175 5292 3395 5336 sanctus

1837 5370 2068 5425 Domino
2087 5379 2172 5424 est
2196 5373 2261 5424 ".
2291 5391 2309 5421 ›
2337 5372 2525 5426 Daniel
2557 5372 2818 5442 insuper:
2844 5391 2861 5424 ι
2887 5372 3000 5442 Ego
3022 5386 3173 5426 eram
3204 5373 3394 5441 lugens

3152 5523 3196 5556 “
3226 5523 3387 5586 Audi,

1429 5687 1660 5760 vitam
1702 5703 2096 5760 LEC'I‘IONISS.

259 5823 307 5859 ν’
336 5836 438 5880 ore
471 5821 773 5892 ἁδωδίμων,
807 5823 949 5892 lego,
981 5823 1274 5893 ἐδωδίμων.
