4462 6440
915 318 1048 379 14ῑῶ

2161 311 2514 371 ANTIOCHI
2560 310 2896 368 MONACIII

3979 312 4115 374 1156

914 441 1024 481 tres
1072 425 1441 480 hebdomadas
1484 427 1730 481 dierum,
1786 438 1978 493 panem
2042 423 2459 476 desiderabilem
2490 435 2529 485 Α
2560 419 2676 469 ἐστὶ

2357 423 2459 474 lem
2490 435 2529 485 Α
2560 419 2696 478 ἐστὶ,
2730 418 3077 487 μακρόθυμός
3118 433 3173 470 τε
3229 418 3324 471 καὶ
3371 419 3677 483 πολυέλεος,
3714 424 3807 475 καὶ
3839 427 4112 492 μετανοῶν

916 535 1020 569 mm
1061 517 1295 578 comedi.
1327 534 1501 587 neque
1542 516 1728 571 vinum
1772 516 2017 569 introivit
2065 516 2117 567 in
2152 532 2214 567 os
2257 530 2458 574 meum,

914 608 1008 660 sed
1039 622 1139 660 nec
1167 618 1442 676 unguento
1470 617 1665 661 unctus
1694 621 1811 657 sum
1834 604 1899 659 “.
1934 625 1949 655 ι
1985 604 2196 673 1038
2216 602 2356 667 Quid
2388 602 2461 654 ita

912 712 972 750 se
999 698 1081 750 vir
1120 706 1299 750 tantus
1327 698 1633 751 macerahat
1654 697 1881 765 jejunio,
1910 698 2047 749 adeo
2083 705 2141 746 ut
2196 694 2332 747 nihil
2360 692 2461 759 gli-

915 798 1094 842 sceret
1143 788 1438 841 ministrari
1489 790 1591 842 sibi
1641 786 2086 841 esculentorum?
2128 786 2267 837 Sane
2316 782 2461 851 quod

912 889 1055 932 esset
1102 880 1184 931 vir
1228 880 1622 933 desideriorum
1668 896 1788 947 qum
1833 878 2088 946 spiritum
2142 876 2459 929 illustrant:

915 970 1044 1023 hinc
1074 969 1271 1039 dignus
1320 971 1531 1023 habitus
1569 969 1657 1023 cui
1704 980 1913 1021 retrusa
1957 966 2211 1037 mysteria
2260 964 2466 1017 revela-

918 1072 1128 1125 rentur,
1153 1078 1449 1131 eorumque
1472 1063 1625 1115 lieret
1647 1070 1919 1129 spectator
1939 1075 2061 1127 qua:
2083 1068 2311 1111 eatenus
2330 1055 2462 1108 nulli

914 1157 1042 1207 dum
1084 1155 1317 1208 revelata
1362 1156 1599 1216 fuerant,
1645 1170 1744 1206 nec
1786 1152 2042 1221 indignus
2080 1151 2328 1220 quicum
2357 1147 2463 1202 Ga-

915 1247 1086 1300 briele
1122 1247 1445 1315 arehangelo
1488 1245 1911 1315 congrederetur
1957 1241 2319 1296 familiariter.
2354 1241 2465 1293 Nec

913 1355 1075 1393 secus
1124 1339 1284 1390 trium
1335 1353 1627 1406 puerorum
1678 1336 1933 1404 epulares
1978 1334 2084 1387 cibi
2143 1349 2209 1386 ex
2258 1332 2465 1387 semine

914 1437 1278 1498 provenerant
1309 1438 1466 1482 teme
1496 1427 1661 1490 illius,
1688 1436 1745 1480 et
1772 1426 2088 1480 eorumdcm
2114 1424 2463 1486 abstinentia,

914 1521 1007 1574 sed
1040 1529 1096 1573 et
1124 1520 1362 1573 cbaritas
1402 1534 1529 1588 erga
1574 1519 1744 1573 Deum
1778 1519 2023 1572 ardentis
2059 1519 2254 1571 camini
2288 1518 2464 1586 ignem

914 1614 968 1665 in
1005 1613 1279 1666 roscidum
1317 1628 1571 1679 vaporem
1623 1610 1953 1679 permutavit
1984 1610 2050 1662 “7.
2087 1610 2296 1679 Moyses
2326 1625 2465 1676 quo-

912 1719 1018 1771 que
1052 1720 1146 1771 per
1167 1704 1282 1756 dies
1303 1703 1661 1771 quadraginta
1691 1703 1819 1755 dum
1844 1702 2079 1769 jejuuat,
2141 1701 2312 1769 legem
2340 1715 2467 1767 pro-

2559 508 2651 558 επὶ
2676 508 2795 567 ταῖς
2818 506 3037 568 κακίαις
3065 507 3240 575 ὑμῶν.
3272 527 3289 558 ι
3329 510 3435 562 Καὶ
3461 512 3621 564 πάλιν
3647 513 3675 563 ὁ
3702 513 3879 565 Δαυῖὀ·
3918 532 3937 563 ι
3977 514 4114 580 Ἐγὼ

2559 599 2615 651 δὲ
2643 601 2701 651 ἐν
2724 598 2801 666 τῷ
2828 600 3021 661 αὐτοὺς
3048 601 3397 670 παρενοχλεῖν
3432 619 3541 670 μοι,
3572 604 3867 673 ἐνεδυόμην
3892 606 4112 669 σάκκον,

2562 689 2653 740 καὶ
2694 688 3011 740 ἐταπείνουν
3064 690 3120 741 ὲν
3155 693 3375 761 νηστείᾳ
3404 692 3702 763 τὴνψυχήν
3754 712 3879 763 μου.
3909 713 3927 743 ι
3984 696 4113 760 Καὶ,

2568 780 2681 831 «Ti
2740 780 2942 847 γόνατά
2999 797 3099 848 μου
3150 780 3458 849 ὴσθένησαν
3514 786 3619 835 ἀπὸ
3657 786 3929 848 ντστείας,
3964 790 4057 837 καὶ
4085 789 4118 856 ἠ

2563 871 2701 939 σάρξ
2748 888 2850 940 μου
2896 870 3160 940 ἠλλοιώθη
3199 873 3267 924 δι’
3294 873 3491 926 ἔλαιον.
3518 894 3536 926 ι
3564 876 3805 943 Νηστεία.
3833 878 3944 947 γὰρ
3982 879 4114 946 ἁλη-

2561 962 2678 1032 θινή
2724 965 2870 1014 ἐστιν
2912 964 2973 1015 οὐ
3023 966 3181 1033 μόνον
3221 966 3280 1018 τὸ
3321 967 3513 1018 ἑαυτὸν
3560 968 3824 1039 ἐκτήξειν,
3855 971 3995 1022 ἀλλὰ
4027 970 4122 1021 καὶ

2560 1053 2658 1122 τὴν
2695 1056 2965 1124 ποσότητα
2989 1055 3090 1123 τῆς
3120 1056 3363 1126 δαπάνης
3394 1058 3459 1127 ἦν
3498 1059 3718 1127 ἔμελλεν
3750 1062 3974 1124 εσθὶειν,
4000 1060 4121 1113 δοῦ-

2561 1161 2650 1197 ναι
2698 1144 2861 1214 χήρᾳ,
2894 1144 2926 1214 ἣ
2970 1145 3192 1215 πτωχῷ,
3227 1147 3311 1198 ἵνα
3344 1150 3372 1200 ὁ
3397 1148 3633 1216 εἰληφὼς
3661 1150 4007 1219 ἐμπλησθεὶς
4037 1150 4122 1202 εὖ·

2564 1233 2717 1303 ξηται
2748 1235 2887 1303 ὑπὲρ
2916 1236 3103 1298 αὑτοῦ,
3133 1238 3227 1288 καὶ
3264 1238 3428 1309 δεκτὴ
3460 1242 3735 1310 γένηταιὴ
3767 1240 3928 1295 θυσία
3954 1242 4119 1295 αὑτοῦ

2564 1328 2716 1397 παρὰ
2751 1325 2827 1395 τῷ
2875 1327 3014 1395 Θεῷ.
3043 1329 3238 1392 Καθὼς
3278 1333 3371 1383 καὶ
3413 1334 3442 1384 ὸ
3474 1333 3700 1394 Ἡσαΐας
3726 1336 3913 1404 φησίν·
3954 1354 3975 1387 ι
4005 1336 4116 1403 Νη-

2566 1419 2773 1471 στεύων
2818 1418 3109 1489 διάθρυπτε
3148 1422 3404 1474 πεινῶντι
3450 1425 3541 1476 τὸν
3569 1428 3732 1494 ἄρτον
3767 1443 3883 1478 σου.
3917 1446 3933 1476 ι
3982 1427 4041 1479 ὐ
4066 1428 4119 1479 δὲ

2563 1511 2765 1576 ἀγαθὸς
2791 1511 2946 1579 ἡμῶν
2982 1512 3257 1581 Δεσπότης
3291 1514 3609 1584 βουλόμενος
3641 1517 3785 1587 ἔργῳ
3807 1520 3955 1587 ἡμᾶς
3996 1537 4121 1571 παι-

2562 1600 2772 1660 δεῦσαι,
2803 1603 3017 1671 πρῶτος
3050 1602 3206 1665 αὐτὸς
3238 1605 3545 1671 ἐνήστευσε.
3579 1609 3686 1659 Καὶ
3719 1609 3844 1677 περὶ
3880 1607 3978 1659 τοῦ
4009 1608 4118 1659 δαι-

2570 1692 2839 1760 μονῶντός
2872 1708 3023 1762 φησι·
3060 1713 3077 1745 ι
3098 1695 3267 1748 Τοῦτο
3302 1698 3361 1749 τὸ
3396 1698 3550 1765 γένος
3595 1701 3653 1751 ἐν
3695 1699 3870 1752 οὐδενὶ
3899 1700 4120 1753 δύναται

914 1795 1114 1849 meruit
1159 1795 1407 1863 accipere
1428 1796 1492 1846 ⁵³⁸.
1539 1794 1907 1847 (Joul'ormiter
1951 1802 2005 1846 et
2051 1792 2196 1845 lilias
2236 1791 2461 1844 totidem
2498 1768 2540 1823 Β
2568 1783 2676 1846 ἐξε)

2356 1791 2461 1844 [cm
2498 1768 2540 1823 Β
2568 1783 2824 1847 ἐξελθεῖν,
2881 1786 2930 1836 εἰ
2986 1784 3059 1856 μὴ
3111 1786 3168 1836 ὲν
3210 1792 3481 1861 προσευχῇ
3534 1790 3628 1843 καὶ
3675 1792 3919 1860 moesia.
3948 1810 3968 1842 ι
4015 1793 4118 1844 Καὶ

912 1886 1122 1938 dierum
1157 1885 1366 1954 jejunio
1396 1885 1687 1938 Dominiea:
1723 1886 1908 1950 gloria:
1938 1892 2209 1951 spectator
2236 1882 2463 1936 ell'ectus
2560 1877 2674 1929 ἐπεὶ

2357 1892 2463 1935 :tus
2560 1877 2777 1943 ἐπάγει,
2807 1896 2825 1926 ι
2853 1878 3017 1929 “(trav
3043 1878 3335 1949 νηστεύῃς,
3373 1883 3447 1950 μὴ
3492 1883 3639 1949 γίνου
3676 1883 3863 1953 ῶσπερ
3894 1886 3944 1937 οἱ
3993 1886 4119 1936 ὐπο-

910 1983 993 2026 est
1017 1976 1081 2027 ⁵³.
1115 1974 1266 2027 Anna
1307 1974 1611 2027 Samuelem
1639 1974 1808 2026 lilium
1843 1972 2157 2041 impetravit
2178 1972 2245 2035 ⁸⁸⁵,
2275 1972 2460 2040 μιωδί-
2558 1986 2672 2039 κριτ

2361 1972 2460 2025 esi-
2558 1969 2792 2039 κριταί..
2825 1969 2952 2032 Καὶ,
2989 1969 3291 2040 «Mazagas:
3322 1974 3369 2023 οἱ
3400 1974 3688 2037 πεινῶντες
3709 1975 3821 2037 νῦν,
3855 1976 3940 2028 ὅτι
3977 1977 4123 2028 αὐτοὶ

912 2065 1005 2118 dio
1046 2067 1183 2118 l'reta
1222 2065 1484 2118 orationis
1522 2065 1736 2135 jejunii.
1786 2064 2078 2131 Apostolus
2118 2064 2246 2116 item
2284 2080 2297 2114 :
2340 2082 2358 2113 ι
2401 2063 2458 2115 1ιι
2555 2080 2674 2133 χορτ

2401 2063 2458 2115 1ιι
2555 2061 3032 2133 χορτασθήσονται.
3049 2063 3233 2132 »Αὐτῷ
3252 2066 3284 2131 ἡ
3304 2065 3433 2130 δόξα
3447 2066 3526 2129 εἰς
3546 2067 3675 2130 τοὺς
3687 2068 3915 2130 αἰῶνας.
3930 2066 3988 2118 Ἀ
4000 2068 4120 2135 μήν.

914 2157 1211 2216 laborilms,
1241 2154 1293 2208 in
1322 2155 1543 2224 vigiliis,
1579 2157 1631 2207 in
1662 2156 1885 2224 jejuniis
1911 2157 1977 2216 ",
2013 2173 2032 2207 ι
2064 2170 2221 2207 suum
2255 2154 2537 2223 subigebat
2564 2153 2816 2207 servituti
2847 2169 3065 2225 corpus.
3105 2155 3210 2209 Sed
3271 2166 3327 2211 et
3391 2158 3657 2227 propheta
3717 2159 3835 2215 Jocl
3867 2177 3881 2213 :
3939 2178 3958 2210 ι
3997 2160 4127 2214 San-

910 2252 1147 2304 etilicate
1179 2252 1481 2317 jejunium,
1508 2251 1795 2319 prardieate
1850 2266 2035 2303 curam
2094 2260 2150 2303 et
2212 2250 2500 2309 medelam.
2537 2257 2593 2303 et
2632 2249 2863 2303 clamate
2894 2266 2906 2302 :
2940 2250 3038 2304 Ilei
3090 2251 3245 2316 mihi,
3307 2251 3394 2305 hci
3443 2252 3575 2305 mihi
3604 2293 3619 2314 ,
3663 2254 3789 2323 quia
3831 2269 4005 2324 prope
4049 2266 4127 2309 est

910 2348 1028 2401 dies
1052 2348 1261 2401 lloiuiui
1285 2352 1347 2400 ⁸³.
1387 2368 1404 2398 ι
1437 2348 1580 2400 Idem
1614 2358 1735 2415 post
1766 2362 1932 2416 pauca
1961 2364 1974 2400 :
2005 2367 2022 2398 ι
2054 2346 2123 2401 Et
2149 2363 2298 2400 nunc
2326 2347 2459 2399 dicit
2496 2346 2756 2399 Dominus
2780 2347 2923 2400 Deus
2951 2357 3137 2402 uoster
3165 2366 3178 2402 :
3210 2348 3596 2404 Convertimini
3631 2350 3696 2403 ad
3748 2365 3834 2404 me
3895 2366 3961 2405 ex
4019 2360 4127 2402 toto

910 2439 1074 2492 corde
1102 2450 1301 2501 vestro,
1337 2440 1388 2492 in
1411 2439 1617 2509 jejunio
1644 2449 1694 2491 et
1757 2440 1886 2492 lletu
1921 2448 1976 2492 et
2036 2440 2278 2507 planetu,
2342 2445 2397 2490 et
2457 2436 2687 2491 seiudite
2732 2437 2898 2491 corda
2937 2448 3153 2500 vestra,
3200 2451 3256 2493 et
3296 2443 3675 2495 convertimini
3725 2444 3791 2496 ad
3836 2445 4124 2498 liuniinum

914 2533 1080 2587 Deum
1126 2545 1389 2597 vestrum,
1426 2536 1551 2604 quia
1619 2534 1933 2587 misericors
1976 2543 2031 2587 et
2078 2535 2365 2586 miseratur
2429 2541 2531 2593 est,
2573 2532 2897 2601 longanimis
2918 2532 3175 2586 etmultze
3202 2534 3947 2604 misericordia'etpamitens
3969 2552 4129 2605 super

912 2624 1134 2679 malitiis
1163 2625 1358 2677 Vestris
1381 2627 1442 2676 ⁸⁵³.
1483 2645 1500 2673 ι
1536 2625 1702 2678 David
1733 2644 1744 2677 :
1782 2644 1799 2675 ι
1832 2625 1945 2693 Ego
1974 2634 2153 2676 autem
2181 2639 2304 2675 eum
2336 2622 2466 2674 mihi
2511 2623 2723 2676 molesti
2751 2630 2966 2684 essent,
3009 2623 3272 2677 induebar
3332 2624 3529 2689 eilic-iu,
3594 2636 3647 2679 οι
3688 2627 4044 2680 humilium".
4081 2628 4126 2679 in

906 2716 1112 2785 jejunio
1144 2717 1378 2768 animam
1408 2732 1579 2769 meam
1612 2718 1676 2767 “ﬁ
1723 2735 1741 2766 ι
1772 2717 1838 2769 lit
1879 2732 1892 2768 :
1928 2734 1945 2766 ι
1980 2716 2166 2769 Genua
2217 2728 2332 2767 mea
2384 2713 2655 2767 intirmata
2702 2721 2831 2766 sunt
2876 2729 2905 2767 a
2954 2714 3180 2784 jejunio,
3249 2724 3306 2769 et
3348 2732 3475 2770 caro
3558 2732 3676 2771 mea
3724 2719 4013 2773 immutata
4051 2730 4129 2773 est

912 2819 1134 2876 propter
1177 2811 1356 2861 oleum
1398 2811 1462 2859 ⁸⁵.
1509 2829 1526 2857 ι
1564 2809 1837 2877 .lejuuium
1890 2823 2053 2875 porro
2099 2806 2230 2859 illud
2275 2818 2464 2857 verum
2503 2812 2609 2867 est,
2643 2819 2674 2857 ιι

2363 2818 2464 2855 -ιιιιι
2503 2812 2609 2867 est,
2643 2818 2755 2857 non
2780 2806 2942 2859 modo
2972 2806 3049 2871 id,
3074 2822 3182 2875 quo
3246 2818 3365 2861 tuas
3395 2808 3565 2876 ipsius
3622 2823 3813 2863 carnes
3846 2810 3917 2863 ad
3955 2811 4125 2863 tabem

909 2904 964 2946 et
995 2910 1294 2949 marcorem
1324 2897 1598 2965 perdiu-is,
1631 2896 1725 2949 sed
1753 2904 1809 2949 et
1872 2896 1917 2948 si
1957 2902 2222 2964 quantum
2292 2893 2537 2945 detrahis
2573 2892 2741 2961 priva:
2777 2908 3030 2963 expensxe
3068 2911 3167 2964 per
3192 2903 3338 2949 tuam
3380 2897 3762 2953 abstinentiam
3794 2901 3963 2970 (quod
3997 2902 4126 2955 alio-
4170 2960 4181 2963 A

910 2987 1003 3053 qui
1056 2987 1433 3056 insumpturus
1491 2988 1671 3041 fueras
1711 2987 1988 3051 edendo),
2023 2996 2233 3038 tantum
2284 2984 2465 3038 vidua:
2503 2984 2837 3053 impartiaris
2868 2996 2924 3040 et
2954 2989 3192 3057 pupillo,
3241 3006 3351 3058 quo
3418 3002 3643 3061 accepto
3684 2996 4011 3059 exsatietur,
4080 3007 4131 3051 et

912 3091 1011 3142 pro
1031 3078 1291 3132 collatore
1313 3078 1564 3133 beneﬁcii
1595 3088 1804 3141 exoret,
1834 3092 2041 3146 perque
2069 3091 2264 3130 maiius
2320 3076 2500 3145 inopis
2536 3075 2648 3130 Deo
2678 3086 3040 3145 prtesentetur
3069 3091 3289 3147 accepta
3353 3083 3617 3152 ejusmodi
3646 3085 3863 3141 victima
3895 3105 3909 3141 :
3938 3104 4129 3158 quem-

910 3170 1205 3225 admodum
1227 3180 1283 3226 et
1307 3172 1473 3225 lsaias
1497 3172 1574 3225 ait
1604 3189 1617 3223 :
1648 3189 1667 3222 ι
1699 3170 1837 3225 Cum
1897 3171 2134 3240 jejunus,
2197 3168 2384 3238 frange
2446 3169 2713 3224 esurienti
2757 3186 2951 3240 panem
3003 3182 3155 3226 tuum
3199 3174 3261 3226 ‘“.
3303 3192 3322 3225 ι
3393 3174 3819 3244 Benignissimus
3866 3178 4130 3238 Dominus

907 3271 1117 3324 noster,
1143 3262 1224 3316 sui
1260 3277 1361 3315 nos
1392 3271 1450 3315 ut
1480 3262 1729 3317 erudiret
1755 3261 2006 3330 exemplo
2068 3258 2272 3328 operis,
2330 3259 2542 3329 primus
2579 3259 2693 3330 ipse
2737 3262 3022 3332 jejunavit.
3075 3261 3181 3318 Sed
3222 3263 3289 3318 de
3341 3279 3409 3318 eo
3471 3265 3564 3334 qui
3612 3281 3641 3320 a
3690 3282 3834 3323 εωνο
3883 3269 4128 3325 daemone

912 3352 1109 3406 misere
1138 3353 1456 3413 vexabatur.
1484 3355 1597 3406 ait:
1631 3369 1651 3404 ι
1683 3352 1796 3406 Hoc
1825 3366 1996 3420 genus
2023 3351 2077 3405 in
2105 3350 2258 3404 nullo
2290 3358 2471 3419 potest
2507 3352 2691 3416 exire,
2741 3353 2849 3407 nisi
2900 3354 2954 3408 in
3004 3355 3252 3409 oratione
3302 3365 3357 3409 et
3404 3356 3613 3427 jejunio
3672 3359 3736 3413 ".
3780 3378 3800 3411 ι
3865 3359 4125 3417 Inducit:

918 3463 937 3492 ι
969 3442 1102 3495 Cum
1151 3454 1334 3495 autem
1381 3441 1745 3511 jejunaveris,
1813 3456 1883 3495 ne
1932 3440 2008 3495 sis
2051 3441 2193 3494 sicut
2246 3440 2543 3509 hypocrita:
2570 3442 2635 3494 ⁸⁸.
2672 3462 2691 3494 ι
2760 3442 2827 3496 Ει
2859 3462 2872 3495 :
2906 3463 2925 3494 ι
2957 3444 3106 3498 Beati
3141 3446 3235 3515 qui
3270 3446 3519 3502 esuriant
3555 3460 3720 3515 nunc,
3785 3453 3917 3522 quia
3983 3466 4128 3513 satu-

915 3534 1181 3588 rabuntur
1208 3534 1293 3586 ⁸⁸⁸.
1332 3551 1350 3583 ι
1390 3533 1495 3602 Ipsi
1527 3533 1698 3602 gloria
1728 3534 1784 3587 in
1814 3532 2034 3588 sarcula.
2071 3531 2263 3585 Amen.

1464 3642 1745 3697 HOMILIA
1779 3642 1917 3697 vm.
2494 3630 2537 3685 C
3180 3652 3223 3703 Α

1779 3642 1917 3697 vm.
2494 3630 2537 3685 C
3180 3652 3397 3705 ΛΟΓΟΣ
3435 3654 3515 3710 ιιο.

1100 3762 1171 3813 Dc
1195 3758 1544 3829 philargyria,
1569 3758 1662 3807 hoc
1689 3763 1787 3819 est,
1823 3770 2004 3809 amore
2032 3759 2284 3823 pecuniw.

981 3872 1229 3928 Pecunia:
1262 3885 1417 3924 amor
1449 3868 1671 3921 morbus
1698 3875 1783 3919 est
1821 3866 1958 3920 mire
1992 3868 2268 3935 pervicax,
2296 3885 2470 3940 expu-

911 3975 1075 4036 guattt
1123 3961 1385 4023 diﬂieilis,
1416 3958 1653 4027 denique
1699 3969 1756 4012 et
1800 3958 2161 4026 perniciosus.
2211 3960 2471 4031 lmpossi-

914 4056 1020 4107 bile
1055 4064 1322 4119 namque,
1369 4062 1495 4101 eum
1530 4047 1624 4115 qui
1670 4045 1741 4100 sit
1785 4054 2084 4099 assectator
2131 4048 2469 4118 voluptatum

912 4142 1072 4195 simul
1118 4150 1175 4193 et
1218 4135 1575 4207 congerenda:
1619 4135 1866 4204 pecunia:
1911 4137 2241 4205 cupientior,
2271 4155 2470 4196 secun-

912 4234 1042 4284 dum
1073 4231 1243 4283 Deum
1271 4229 1439 4282 vitam
1466 4236 1526 4280 ut
1554 4226 1806 4279 instituat
1830 4241 2003 4281 suam.
2036 4228 2200 4284 Plane
2229 4231 2275 4284 si
2300 4247 2472 4300 quan-

912 4322 984 4373 do
1035 4320 1125 4372 hic
1185 4317 1413 4370 morbus
1469 4316 1703 4369 animam
1772 4315 2262 4373 internanciscetur
2319 4323 2468 4391 segni

915 4422 1132 4479 torpore
1164 4410 1573 4466 leutescentem,
1616 4413 1672 4457 et
1711 4404 1946 4458 animam
1978 4404 2310 4461 diuidentem
2337 4410 2470 4472 Deo,

919 4500 1129 4570 1039
1152 4514 1274 4552 mox
1306 4498 1382 4551 illi
1410 4497 1653 4566 suggerit
1680 4505 1986 4549 commenta
2027 4497 2275 4565 quaedam
2302 4514 2471 4555 exc“-

913 4591 1063 4644 sandi
1098 4590 1180 4642 sui
1211 4597 1595 4649 consentanea,
1632 4587 1714 4639 vel
1742 4600 1862 4654 quae
1904 4586 2149 4640 umbram
2184 4590 2474 4657 praeferant

912 4684 1069 4749 justze
1098 4678 1485 4733 excusationis.
1520 4677 1798 4747 Ejusmodi
1836 4687 2131 4746 praetextas
2163 4680 2472 4737 umbratilis

915 4781 1125 4825 secreta
1156 4769 1485 4839 cogitatione
1516 4768 1782 4821 monacho
1811 4783 1868 4821 se
1910 4767 2101 4829 oﬂ'ert,
2133 4781 2469 4825 senectutem

917 4857 1181 4927 prolixam
1204 4872 1346 4920 esse,
1370 4864 1630 4925 pneterea
1654 4853 1921 4908 inﬁrmam
1944 4870 2066 4909 esse
2093 4856 2469 4912 valetudinem

917 4949 1185 5019 corporis.
1237 4949 1306 5004 Ut
1340 4964 1510 5011 mare,
1560 4947 1952 5016 quantamlibet
1995 4948 2052 5002 iu
2081 4962 2141 5002 se
2180 4948 2470 5004 incurren-

922 5040 1055 5093 timu
1100 5039 1385 5094 ﬂuminum
1424 5038 1659 5107 excipiat
1706 5039 2143 5105 multitudinem,
2193 5056 2473 5110 nunquam

920 5144 1097 5186 tamen
1149 5130 1447 5184 exsatiatur
1495 5138 1589 5182 aut
1633 5129 1911 5197 impletur,
1946 5129 2091 5184 haud
2126 5146 2284 5185 secus
2324 5137 2472 5184 avari

917 5222 1391 5293 eimeupiscentia;
1435 5236 1611 5289 neque
1640 5214 1788 5275 enim
1831 5222 2187 5291 quantislibet
2226 5224 2474 5291 expletur

917 5313 1141 5367 divitiis.
1164 5313 1419 5381 Quisquis
1437 5312 1599 5381 igitur
1618 5314 1732 5365 vult
1753 5312 1910 5366 istius
1931 5313 2247 5379 cupiditatis
2264 5314 2471 5367 exscin-

916 5403 1045 5459 dere
1108 5403 1487 5471 inexplebilem
1548 5402 1924 5466 all'eetioncm,
1986 5404 2053 5455 ab
2110 5402 2291 5456 radice
2349 5419 2468 5457 eam

1018 5560 1061 5587 5"
1094 5556 1221 5607 Dan.
1247 5571 1299 5612 ς.
1326 5552 1379 5613 2,
1407 5554 1456 5606 5.
1533 5554 1573 5583 ⁵⁷
1605 5552 1736 5606 Dan.
1766 5570 1839 5609 ιιι.
1868 5554 1951 5608 49.

916 5626 961 5653 ⁵⁵³
980 5624 1093 5677 Joel
1128 5641 1162 5684 I,
1198 5625 1390 5683 1.5.15.
1467 5622 1510 5653 ⁶³
1539 5623 1652 5676 Joel
1687 5640 1741 5679 ιι.
1780 5626 1859 5680 l2.
1899 5624 1975 5675 I5.

913 5694 999 5746 2i.
1078 5694 1120 5724 "
1153 5694 1338 5746 Matth.
1373 5710 1441 5747 ιι.
1482 5693 1558 5745 lti.
1639 5694 1701 5722 ""
1740 5693 1926 5745 Matth.
1964 5708 2013 5748 ι’.
2047 5697 2096 5745 ti.

2054 5556 2097 5586 ⁵⁸
2127 5557 2296 5610 Exod.
2339 5574 2478 5611 xxiv.

2053 5626 2097 5701 ξ’
2126 5627 2262 5680 l’sal.
2306 5645 2481 5695 sun,
2511 5629 2588 5682 13.
2645 5634 2685 5661 συ
2718 5626 2855 5685 ΡδςιἸ.
2891 5652 3012 5688 evil!
3066 5638 3152 5692 ιιι.
3221 5640 3265 5668 “'
3298 5626 3395 5693 lsa.
3426 5626 3567 5701 tvnt,
3607 5642 3656 5695 7.

3054 3760 3193 3828 Περὶ
3217 3763 3628 3831 φιλαργυρίας.

2640 3864 2714 3918 Τὸ
2739 3867 2837 3936 τῆς
2867 3867 3228 3943 φιλαργυρίας
3266 3873 3498 3942 νόσημα,
3528 3876 3671 3928 πάνυ
3705 3876 3875 3930 δεινὸν
3898 3881 3995 3931 καὶ
4015 3879 4130 3933 ὀλέο

2572 3957 2719 4027 θριον
2777 3959 3031 4032 ὑπάρχει.
3095 3964 3379 4018 Ἀδύνατον
3424 3963 3518 4017 οὖν
3569 3968 3732 4037 ζῆσαι
3785 3970 3931 4023 κατὰ
3976 3972 4127 4035 Θεὸν,

2570 4051 2662 4102 τὸν
2698 4051 2979 4122 φιλήδονον
3024 4055 3154 4108 ὅντα
3197 4056 3295 4109 καὶ
3338 4057 3691 4129 φιλάργυρον.
3737 4060 3885 4134 Αὕτη
3915 4064 3949 4134 ἡ
3976 4066 4129 4128 νόσος

2570 4141 2699 4195 ὅταν
2734 4143 2961 4215 χλιαράν
2985 4146 3080 4198 καὶ
3115 4147 3343 4200 ἄπιστον
3372 4148 3504 4220 εὕρῃ
3534 4150 3729 4221 ψυχὴν,
3758 4152 4015 4222 εὐλόγους
4054 4174 4131 4208 n-

2571 4231 2668 4294 νὰς
2705 4235 2842 4303 αὐτῇ
2908 4235 3235 4305 ὑπερϐάλλει
3286 4242 3614 4309 προφάσειςο
3660 4241 3989 4313 ὑπερδάλλει
4028 4247 4132 4315 γὰρ

2574 4323 2712 4377 κατὰ
2741 4324 2979 4378 διάνοιαν
3003 4326 3082 4396 τῷ
3115 4329 3352 4398 μοναχῷ,
3387 4331 3562 4400 γῆρας
3588 4332 3819 4403 μακρὸν,
3850 4336 3945 4388 καὶ
3969 4336 4132 4389 ἀσθέ-

2572 4430 2719 4467 νειαν
2762 4416 3032 4485 σώματος.
3080 4420 3187 4471 Καὶ
3237 4419 3426 4490 ῶσπερ
3462 4424 3495 4493 ὴ
3555 4423 3801 4479 θάλασσα
3833 4427 3934 4480 οὐκ
3964 4429 4131 4497 ὲμπί-

2573 4503 2773 4558 πλαται
2812 4505 3071 4576 δεχομένη
3115 4508 3316 4578 πλῆθος
3356 4512 3635 4580 ποταμῶν,
3670 4512 3842 4578 οὕτως
3869 4517 4132 4588 ἐπιθυμία

2573 4593 2908 4663 φιλαργύρου
2966 4595 3028 4647 οὑ
3087 4595 3391 4666 πληροῦται
3447 4602 3765 4669 χρημάτων.
3838 4605 3899 4657 '0
3965 4606 4133 4659 θέλων

2573 4681 2703 4747 γοῦν
2723 4682 3012 4736 ἐκκόπτειν
3036 4684 3099 4737 τὸ
3134 4686 3232 4755 τῆς
3257 4687 3616 4759 φιλαργυρίας
3645 4691 3814 4756 πάθος
3846 4693 3949 4764 τὴν
3980 4697 4132 4765 ῥίζαν

2570 4771 2902 4828 ἑκκοπτέτω.
2947 4774 3230 4846 Μενούσης
3266 4778 3375 4848 γὰρ
3410 4780 3507 4849 τῆς
3558 4780 3735 4851 ῥίζης,
3800 4785 3897 4837 καὶ
3952 4788 4132 4839 ἐπιτέ-

2574 4880 2720 4932 μνων
2757 4866 2882 4928 τοὺς
2903 4866 3146 4932 κλάδους,
3180 4869 3342 4923 πάλιν
3373 4871 3522 4925 ἄλλοι
3548 4874 3901 4943 ἀναφύονται.
3936 4878 4133 4948 Φιλάρτ

2576 4972 2743 5026 γυρος
2778 4959 3010 5027 μοναχὸς
3051 4960 3343 5031 ἐργάζεται
3388 4964 3642 5028 ἐντόνως·
3688 4967 3719 5018 6
3753 4967 3811 5020 δὲ
3862 4969 4128 5041 ἀκτήμων

2573 5048 2693 5106 ταῖς
2740 5051 3063 5117 προσευχαῖς
3112 5049 3362 5119 σχολάζει
3419 5055 3512 5105 καὶ
3559 5055 4015 5125 ἀναγνώσμασιν.
4072 5058 4127 5111 Ὀ

2574 5135 2905 5207 φιλάργυρος
2934 5138 3251 5210 θησαυρίζει
3284 5142 3586 5211 βαλάντιον,
3615 5147 3644 5198 ὁ
3674 5145 3730 5198 δὲ
3756 5146 4047 5218 ἀκτήμων,
4075 5152 4130 5202 ἐν

2572 5227 2803 5297 οὐρανῷ.
2853 5230 3015 5298 Λέγει
3056 5233 3091 5302 ὴ
3130 5233 3169 5285 Γ
3174 5236 3342 5304 ραφίγ
3374 5254 3393 5285 ι
3425 5236 3858 5308 Ἐπικατάρατος
3893 5242 3925 5293 ὁ
3965 5243 4129 5295 ποιιῖιν

2570 5319 2805 5380 εἴδωλον,
2842 5323 2937 5373 καὶ
2979 5322 3145 5386 τιθεὶς
3200 5326 3257 5377 ἐν
3305 5328 3625 5397 ἀποκρύφῳ.
3652 5348 3671 5379 ι
3716 5331 3952 5400 Ὁμοίως
3980 5335 4073 5387 καὶ
4102 5336 4128 5384 ὁ

2572 5408 2707 5476 ἔχων
2759 5411 3117 5483 φιλαργυρίας
3190 5415 3378 5478 πάθος.
3429 5416 3486 5469 ὐ
3533 5419 3632 5487 μὲν
3687 5420 3794 5488 γὰρ
3841 5426 4131 5491 προσκυνεῖ

2584 5560 2627 5589 δ’
2655 5560 2692 5613 ll
2733 5561 2861 5630 Reg.
2894 5579 2998 5618 xIx.
3112 5568 3157 5599 ‘°
3192 5569 3208 5623 Ι
3244 5571 3371 5632 Ileg.
3411 5587 3446 5630 ι.
3479 5571 3565 5622 ‘20.
3681 5571 3721 5601 "
3749 5572 3793 5626 ll
3816 5572 3945 5627 Cor.
3977 5592 4050 5632 vl.
4078 5578 4125 5627 ε».

3718 5642 3758 5672 ⁶τ
3790 5642 3982 5699 Matth.
4004 5661 4124 5703 un,
