4462 6440
138 390 271 454 ΗΜ

1021 405 1334 462 llllllll.l.-\
1376 406 1537 463 VIII.
1570 431 1635 438 -·-
1681 405 1773 462 ΗΕ
1818 409 2073 467 AMORIS
2113 411 2475 470 PECUNH'I.

3216 404 3349 467 lli»?

135 506 372 574 κιϐδήλῳ
405 508 495 560 καὶ
526 509 790 577 ἀνωφελεῖ
811 528 821 538 ·
854 514 881 563 6
905 511 961 563 δὲ
1008 513 1451 582 ἀγαλματοᾳορεῖ
1483 529 1685 579 φαντα-
1716 516 1760 565 Α
1787 530 1897 567 con:

1586 530 1685 562 τα-
1716 516 1760 565 A
1787 517 2108 571 conseindat
2150 537 2213 571 ae
2273 522 2515 572 revellat.
2556 518 2688 570 llum
2741 516 2888 570 enim
2940 522 3122 567 manet
3171 515 3348 566 radis.

134 600 254 651 σίαν
283 601 535 656 πλούτου.
572 605 678 654 Καὶ
728 602 915 673 ὥσπερ
946 606 1151 671 γίνεται
1184 609 1295 667 τοῖς
1316 605 1692 667 κοιλιοδούλοις

131 690 265 752 Θεὸς
295 695 327 762 ἡ
368 695 564 755 κοιλία,
591 695 764 763 τούτῳ
801 699 828 748 6
858 698 1057 765 χρυσὸς
1086 697 1303 766 ὁμοίως.
1333 693 1497 757 Οὗτος
1524 697 1551 748 6
1582 696 1691 747 δαί-

136 799 250 847 μων
279 783 378 851 σὴς
406 787 464 834 ὲν
489 789 599 847 τοῖς
622 786 826 846 ὀστέοις
852 788 945 839 τοῦ
976 787 1263 858 ἀνθρώπου
1291 788 1522 856 γίνεται,
1557 802 1691 839 κατ-

133 874 332 927 εσθίων
376 879 538 929 αὑτὸν
596 880 682 931 διὰ
733 880 829 946 τῆς
892 880 1182 949 μερίμνης,
1248 881 1343 932 καὶ
1378 880 1478 947 τῆς
1528 879 1698 947 ἀγρυ-

136 965 315 1027 πνίας.
360 968 464 1017 Καὶ
490 968 595 1037 γὰρ
623 971 688 1037 τῇ
720 968 840 1038 θείᾳ
892 969 1078 1039 Γραφῇ
1120 970 1341 1032 εἰκότως
1388 968 1697 1037 ἀπηγόρευ-

136 1073 223 1107 ται
274 1057 441 1110 τοῦτο
483 1061 543 1110 τὸ
585 1060 773 1123 πάθος,
812 1061 884 1123 ὡς
939 1061 1181 1130 εἴρηται,
1230 1064 1291 1114 Οἱ
1336 1062 1555 1115 ἄπιστοι
1605 1062 1698 1113 καὶ

137 1146 451 1201 ἀνέλπιστοι
500 1150 776 1202 νοσοῦσιν·
822 1153 1021 1221 μᾶλλον
1070 1152 1127 1204 δὲ
1181 1154 1231 1205 οἱ
1291 1151 1556 1222 φιλήδονοι
1605 1152 1698 1204 καὶ

141 1239 561 1310 εἰδωλολάτραι·
581 1245 786 1315 ὅτιγὰρ
816 1246 913 1315 τὴν
946 1246 1025 1307 εἰς
1053 1244 1184 1297 Θεὸν
1217 1246 1402 1298 ἐλπίδα
1425 1247 1523 1298 οὐκ
1543 1245 1697 1313 ἐχου-

143 1349 246 1392 σιν,
300 1335 421 1386 ἀλλ’
465 1338 543 1399 εἰς
590 1337 753 1399 ζώδια
794 1337 1067 1407 βασιλικὰ,
1099 1339 1295 1401 οἵτινες
1345 1339 1439 1407 τῆς
1488 1338 1700 1399 εὐθείας

139 1425 259 1476 ὀδοῦ
296 1428 684 1495 ἐκτραπέντες,
716 1434 794 1493 εἰς
826 1433 1102 1501 κρημνοὺς
1146 1435 1241 1485 καὶ
1305 1431 1549 1501 βάραθρα
1585 1432 1692 1483 ἀπ-

142 1517 341 1583 ωλείας
369 1522 645 1588 φέρονται,
663 1521 853 1592 ῶσπερ
875 1525 1040 1590 φησὶν
1065 1527 1098 1593 ὴ
1128 1523 1336 1593 Γραφὴ,
1356 1544 1373 1573 ι
1397 1525 1454 1575 Ὀ
1474 1522 1701 1590 ἀγαπῶν

144 1613 367 1680 χρυσίον
408 1614 467 1665 οὐ
514 1614 995 1684 δικαιωθήσεται.»
1035 1616 1145 1669 Καὶ
1179 1616 1351 1678 αὖθις·
1400 1615 1703 1683 «Φιλαργύ-

149 1719 242 1769 ρου
275 1703 431 1757 οὐδὲν
465 1705 826 1774 ἀνομώτερον·
862 1706 1004 1759 οὕτω
1034 1708 1141 1776 γὰρ
1171 1708 1268 1778 τὴν
1305 1708 1497 1761 ἑαυτοῦ
1525 1707 1702 1777 ψυχὴν

146 1794 459 1864 Ξκπρακτον
478 1799 641 1849 ποιεῖ.
656 1799 783 1850 Καί·
810 1817 826 1849 ι
859 1798 1051 1849 Πολλοὶ
1077 1799 1427 1869 ἐφθάρθησαν
1458 1801 1535 1862 εἰς
1566 1798 1705 1851 πτώ-

150 1904 294 1954 ματα
330 1887 578 1955 χρυσίου,
604 1908 621 1939 ι
661 1888 734 1950 ώς
780 1890 874 1941 καὶ
898 1890 927 1940 6
977 1889 1173 1951 Ἰούδας
1207 1890 1295 1943 διὰ
1316 1890 1416 1959 τῆς
1440 1892 1703 1960 φιλαργυ-

151 1978 293 2045 ρίας.
324 1979 389 2029 οὐ
423 1980 579 2047 μόνον
599 1979 693 2030 τοῦ
724 1978 888 2047 χοροῦ
923 1980 1029 2032 τῶν
1061 1982 1372 2033 ἀποστόλων
1404 1980 1708 2044 ἐξώκειλεν,

148 2070 287 2121 ἀλλὰ
332 2071 429 2123 καὶ
479 2070 741 2140 προδότης
779 2070 1002 2137 γέγονεν
1040 2072 1134 2123 τοῦ
1171 2073 1469 2137 Δεσπὸτου,
1515 2075 1610 2126 καὶ
1641 2072 1708 2125 δι’

150 2163 390 2230 ἀγχόνης
428 2161 707 2225 ῖάπώλετο.
759 2163 870 2214 Καὶ
905 2164 1014 2233 γὰρ
1049 2163 1283 2229 ἀληθῶς,
1325 2165 1423 2217 καὶ
1465 2165 1713 2236 βδελυρία

151 2251 360 2321 λέπρας
401 2252 548 2302 ἐστὶν
580 2253 611 2321 ή
644 2252 993 2322 φιλαργυρία,
1024 2253 1099 2315 ὡς
1122 2253 1495 2307 ἀποδέδεικται
1516 2253 1603 2305 διά
1621 2253 1713 2307 τοῦ

151 2343 357 2411 Γιεζῆ·
424 2344 524 2395 οὐκ
573 2344 804 2413 ἔμμονος
854 2344 1035 2414 μέντοι
1081 2344 1158 2413 τῷ
1217 2344 1453 2397 θέλοντγ
1501 2345 1562 2397 οὐ
1607 2345 1715 2416 γὰρ

153 2437 357 2503 φυσική
402 2436 551 2487 ἐστιν
590 2434 751 2505 αὕτη,
782 2436 916 2488 ἀλλὰ
946 2436 1324 2504 προαιρετική,
1360 2438 1454 2489 καὶ
1492 2436 1717 2489 δύναται

152 2527 361 2596 ταχέως
393 2526 789 2596 καθαρισθῆναι
810 2528 838 2578 6
863 2524 1119 2589 τοιοῦτος,
1156 2526 1375 2595 κράζων
1403 2525 1480 2595 τῷ
1520 2523 1714 2593 Ἰησοῦ⁶

162 2638 180 2667 ε
205 2619 408 2688 Κύριε,
433 2618 529 2670 ἐὰν
550 2619 734 2689 θέλῃς,
768 2617 992 2671 δύνασαί
1015 2634 1079 2687 με
1106 2617 1434 2687 καθαρίσαι·
1471 2636 1489 2668 ι
1518 2617 1611 2668 καὶ¹
1642 2615 1718 2683 τῷ

159 2711 231 2779 μὴ
264 2709 579 2779 βουλομένῳ
614 2707 768 2775 ξύλον
810 2710 1231 2779 προσκόμματος
1265 2712 1425 2762 ἐστιν
1478 2710 1593 2771 τοῖς
1627 2708 1718 2761 θυ-

159 2802 461 2863 σιάζουσιν,
494 2802 656 2872 αὐτη·
690 2820 709 2852 ι
731 2801 1013 2869 Μακάριος
1062 2798 1157 2854 οὖν
1201 2801 1506 2872 ἄνθρωπος,
1546 2801 1605 2862 ὃς
1632 2802 1719 2853 εὑ-

159 2892 290 2961 ρέθη
345 2891 600 2961 ἄμωμος,
648 2892 744 2945 καὶ
790 2894 967 2945 ὀπίσω
991 2892 1217 2959 χρυσίου
1247 2893 1346 2944 οὐκ
1373 2891 1664 2963 ἐπορεύθη,
1695 2909 1714 2942 ι

159 2984 298 3037 κατὰ
316 2983 421 3053 τὴν
449 2985 689 3054 Γραφήν.
716 2985 774 3036 '0
800 2986 908 3052 γάρ
931 2984 1182 3045 Ἰάκωϐος
1209 2984 1447 3037 ἀπειλῶν
1464 2988 1577 3047 τοῖς
1597 2984 1720 3053 φιλ-

158 3076 443 3145 αργύροις,
476 3075 656 3145 φησίν
691 3094 711 3125 ‹
747 3074 804 3127 '0
830 3077 1032 3145 χρυσὸς
1072 3075 1261 3144 ὑμῶν,
1294 3077 1388 3128 καὶ
1432 3077 1463 3126 6
1486 3075 1723 3146 ἄργυρος

1794 623 1949 661 casso
1981 611 2163 663 labore
2200 624 2410 663 τθδυυιιε
2436 624 2657 663 ramos:
2687 606 2943 662 alicunde
2976 606 3122 660 enim
3160 620 3353 657 rursus

1794 701 1884 755 alii
1934 710 2217 771 emergent
2260 718 2323 755 ac
2370 710 2742 755 renascentur.
2792 699 3091 754 Monachus
3139 698 3358 750 inhians

1794 795 2138 849 cumulanda:
2186 794 2459 864 pecuniam
2506 794 2821 848 enixissime
2874 793 3108 847 intendit
3158 790 3356 859 operi;

1795 886 1887 954 qui
1926 894 2106 938 autem
2134 886 2344 938 nullum
2365 885 2561 953 quaerit
2582 885 2861 954 possidere
2890 884 3184 952 peculium,
3210 896 3359 934 nunc

1796 977 2032 1030 orationi
2094 986 2370 1031 strenuam
2426 978 2734 1031 commodat
2785 991 3042 1044 operam.
3093 992 3239 1028 nunc
3304 973 3359 1025 in

1800 1069 2034 1123 lectione
2088 1078 2172 1125 est
2218 1080 2363 1123 totus
2400 1090 2412 1123 :
2452 1071 2754 1125 monachus
2800 1068 3049 1137 pecunia:
3084 1067 3364 1119 studiosus

1802 1162 2116 1215 thesaurum
2167 1163 2406 1215 corradit
2455 1172 2510 1215 et
2566 1161 2707 1216 indit
2754 1161 3064 1226 marsupio;
3112 1157 3207 1225 qui
3247 1156 3362 1209 sine

1803 1252 2016 1319 peculio
2050 1261 2155 1317 est,
2191 1254 2504 1307 thesaurum
2530 1254 2736 1321 colligit
2771 1252 2876 1305 sibi
2906 1260 2961 1305 et
2992 1250 3360 1303 eonditeoelo.

1800 1342 1943 1394 llicit
1984 1353 2131 1397 certe
2163 1343 2486 1411 Scriptura:
2524 1362 2541 1393 ι
2585 1344 2904 1396 Maledictus
2938 1343 3032 1410 qui
3076 1340 3208 1393 facit
3248 1338 3364 1392 ido-

1801 1434 1934 1495 lum,
1965 1445 2021 1488 et
2060 1438 2216 1504 ponit
2242 1436 2296 1489 in
2318 1437 2532 1490 occulto
2557 1436 2599 1465 ”
2634 1457 2651 1486 ι
2687 1454 2699 1488 :
2732 1436 2875 1488 haud
2906 1450 3066 1488 secus
3104 1433 3233 1486 facit
3269 1438 3365 1499 qui

1801 1524 2001 1579 vitioso
2026 1526 2226 1579 all'ectu
2267 1525 2479 1579 laborat
2501 1525 2764 1580 avarilim.
2804 1525 2896 1578 Ille
2924 1524 3144 1592 quidem
3188 1522 3368 1590 proci-

1801 1620 1882 1672 dit
1921 1619 2066 1672 idolo
2099 1619 2347 1688 rubigine
2389 1617 2607 1687 pallenti
2646 1632 2707 1670 ac
2743 1631 2997 1685 prorsum
3035 1612 3238 1669 inutili.
3278 1612 3369 1662 hie.

1804 1723 1988 1765 autem
2011 1727 2196 1766 secum
2215 1711 2536 1765 circumfert
2560 1710 2850 1777 imaginem
2876 1722 3102 1776 prorsus
3127 1707 3368 1759 inanem.

1806 1819 2002 1873 netnpc
2034 1803 2348 1857 divitiarum
2384 1801 2727 1854 ambitiosam
2754 1798 3158 1867 cogitationem.
3195 1796 3371 1863 Atque

1809 1904 1869 1947 ut
1908 1903 2095 1947 venter
2135 1893 2249 1947 suis
2279 1892 2595 1969 ventriculis
2636 1890 2820 1943 evadit
2862 1889 2916 1941 in
2948 1888 3140 1949 deum,
3173 1887 3244 1937 ita
3279 1886 3364 1937 isti

1810 2003 2001 2041 aurum
2042 2002 2141 2055 pro
2172 1985 2275 2039 deo
2302 1984 2552 2037 habetur.
2586 1983 2802 2035 Danuon
2830 1981 2917 2033 hic
2949 1979 3089 2033 tinea
3120 1976 3371 2045 quzedam

1811 2080 2043 2133 ellieitnr
2070 2079 2122 2132 in
2154 2078 2372 2132 ossibus
2390 2076 2538 2128 avari
2566 2091 2662 2143 per
2690 2073 2905 2126 anxiam
2929 2081 2985 2123 et
3016 2069 3370 2137 irrequietam

1813 2172 2241 2227 sollicitudinem
2292 2181 2349 2223 et
2396 2168 2767 2237 pervigilium,
2803 2167 2980 2233 ipsum
3011 2163 3277 2216 arrodens
3311 2177 3376 2214 ae.

1813 2267 2135 2333 depascens.
2163 2263 2291 2317 Jure
2312 2262 2519 2331 optimo
2553 2261 2604 2313 in
2643 2258 2813 2313 sacris
2848 2257 3070 2310 Litteris
3096 2254 3373 2323 pestilenti

1814 2358 1916 2411 hac
1945 2355 2196 2425 passione
2234 2354 2633 2414 iuterdieimur,
2677 2365 2774 2403 ceu
2811 2348 3018 2402 dietmn
3067 2348 3226 2399 nobis
3267 2355 3371 2407 est,

1815 2464 1923 2518 qua
1976 2457 2274 2500 noscuntur
2321 2446 2567 2498 laborare.
2629 2443 2867 2511 graviter
2915 2457 2945 2493 a
2999 2439 3104 2492 ﬁde
3168 2454 3375 2506 Speque

1816 2538 2127 2592 obtinendae
2155 2535 2347 2591 salutis
2382 2534 2545 2587 alieni
2578 2534 2626 2564 "°
2658 2549 2671 2586 :
2701 2532 2756 2585 in
2785 2530 2979 2600 primis
3009 2539 3187 2582 tamen
3220 2529 3377 2580 volu-

1816 2630 1950 2698 ptati
1997 2643 2061 2681 ae
2102 2626 2422 2679 idololatrim
2447 2624 2707 2686 obnoxii;
2750 2638 2928 2691 neque
2954 2621 3100 2675 enim
3127 2628 3379 2688 superest

1819 2723 1924 2776 illis
1950 2719 2249 2789 quidquam
2281 2718 2395 2786 spei
2440 2731 2567 2784 erga
2596 2716 2791 2775 Deum,
2820 2713 2914 2767 sed
2956 2714 3008 2765 in
3052 2710 3378 2765 animalcula

1820 2812 1964 2878 regia
1993 2826 2006 2861 :
2034 2809 2127 2878 qui
2166 2824 2288 2862 cum
2325 2824 2353 2860 a
2390 2815 2541 2860 recto
2575 2806 2711 2859 calle
2749 2803 3104 2863 deﬂexerint,
3148 2802 3200 2855 in
3240 2817 3376 2869 pne—

1819 2899 2002 2968 cipitia
2045 2898 2256 2952 erroris
2298 2904 2462 2965 atque
2494 2895 2821 2965 perditionis
2854 2894 3174 2947 barathrum
3207 2907 3381 2960 prono

1821 2992 2013 3059 illapsu
2043 2990 2331 3051 feruntur;
2374 2987 2454 3040 vel
2483 2995 2621 3039 teste
2650 2986 2932 3055 Scriptura
2965 3003 2975 3036 :
3011 3003 3027 3034 ι
3064 2983 3167 3048 Qui
3203 2982 3383 3049 diligit

1821 3098 2047 3143 aurum,
2102 3096 2208 3134 non
2254 3078 2645 3150 justiﬁcabitur
2682 3077 2749 3127 '“.
2800 3094 2818 3125 ι
2855 3076 3107 3128 Rursus:
3142 3094 3159 3123 ι
3204 3073 3382 3127 Avaro

161 3166 449 3229 κατίωται,
490 3166 583 3221 καὶ
618 3166 696 3228 ἰὸς
724 3167 905 3219 αὐτῶν
934 3169 1013 3228 είς
1052 3169 1356 3237 μαρτυρίαν
1390 3168 1516 3237 ὑμῖν
1545 3169 1715 3235 ἔσται,
1746 3183 1791 3243 C
1824 3175 1913 3229 nili

1616 3183 1791 3243 ται,(;
1824 3175 1957 3229 nihil
2014 3173 2259 3242 iniquius
2308 3170 2449 3224 :hic
2505 3170 2650 3223 enim
2709 3168 2875 3222 etiam
2933 3166 3168 3220 animam
3226 3180 3378 3219 suam

160 3258 253 3309 καὶ
276 3258 516 3326 φάγεται
536 3258 633 3319 τὰς
666 3260 872 3327 σάρκας
902 3259 1057 3328 ὑμῶν
1087 3260 1161 3321 ὡς
1184 3259 1315 3328 πῦρ.
1348 3279 1366 3311 ι
1401 3262 1511 3313 Kal.
1536 3262 1715 3315 πάλιν·

167 3370 185 3400 ι
216 3354 352 3418 Ἀγε
401 3353 518 3418 νῦν,
555 3352 606 3403 οἱ
628 3351 898 3411 πλούσιοι,
950 3352 1223 3405 κλαύσατε
1261 3353 1599 3417 ὀλολύζοντες
1632 3357 1722 3408 ἐπὶ

158 3447 275 3507 ταῖς
304 3443 708 3513 ταλαιπωρίαις
735 3443 889 3511 ὑμῶν
910 3446 1030 3506 ταῖς
1055 3444 1466 3515 ἐπερχομέναις.
1489 3464 1507 3497 ι
1537 3449 1723 3517 [lapa-

162 3535 366 3602 πλήσια
397 3534 452 3587 δὲ
484 3534 690 3598 τούτοις
726 3535 1038 3604 Ἀὀδακοὺμ
1064 3538 1091 3588 6
1123 3538 1408 3607 προφήτης
1453 3537 1724 3601 ὀνειδίζων

158 3627 271 3687 τοῖς
320 3625 678 3694 φιλαργύροις
705 3626 887 3693 φησιν·
921 3643 940 3675 ι
982 3625 1117 3678 Οὐαὶ
1144 3626 1173 3677 6
1210 3626 1498 3697 πληθύνων
1547 3628 1726 3698 ἑαυτῷ

158 3716 228 3768 τὰ
248 3717 351 3769 οὐκ
378 3716 510 3769 ὅντα
540 3716 724 3769 αὐτοῦ.
752 3736 770 3768 ι
799 3716 995 3779 Καλῶς
1027 3715 1136 3787 γάρ
1183 3712 1337 3770 εἶπεν
1369 3736 1388 3769 ι
1416 3718 1484 3771 τὰ
1516 3719 1617 3770 οὐκ
1641 3718 1727 3771 δν-

159 3826 226 3861 τα
258 3806 451 3861 αὑτοῦ·
477 3828 495 3858 ι
522 3810 617 3861 καὶ
638 3807 746 3875 γὰρ
769 3811 882 3870 τοῖς
907 3809 1110 3861 πᾶσινὸ
1127 3808 1375 3871 πλοῦτος.
1398 3810 1547 3863 Καὶό
1566 3810 1727 3863 Δαυῒδ

159 3902 375 3961 τούτοις
405 3899 717 3968 συνηγορῶν
747 3898 951 3966 ἔλεγεν
989 3920 1009 3952 ‹
1043 3900 1173 3953 Ἰδοὺ
1207 3899 1511 3969 ἄνθρωπος,
1533 3900 1591 3964 ὃς
1628 3902 1727 3954 οὐκ

162 3992 313 4045 ἔθετο
358 3992 463 4044 τὸν
507 3992 639 4045 Θεὸν
688 3991 879 4061 βοηθδν
911 3992 1096 4057 αὑτοῦ,
1150 3993 1265 4047 ἀλλ’
1297 3992 1595 4062 ὲπήλπισεν
1636 3995 1727 4047 ἐπὶ

161 4083 238 4151 τῷ
266 4082 469 4151 πλήθει
492 4082 586 4135 τοῦ
625 4083 854 4136 πλούτου
882 4082 1071 4147 αὑτοῦ,
1098 4084 1191 4137 καὶ
1235 4083 1610 4153 ἐνεδυναμώθη
1636 4087 1728 4139 ἐπὶ

166 4177 231 4241 τῇ
268 4173 599 4243 ματαιότητι
645 4174 834 4229 αὐτοῦ.
865 4193 883 4225 ι
928 4174 987 4226 '0
1032 4175 1088 4227 δὲ
1149 4174 1290 4227 Ίώϐο
1350 4194 1369 4226 ι
1442 4176 1564 4231 Ἐάν
1610 4195 1728 4229 συν-

166 4266 355 4337 αγάγῃ
385 4264 705 4335 ἁμαρτωλὸς
741 4265 930 4336 ὥσπερ
950 4268 1051 4336 γῆν
1069 4265 1350 4337 ἀργύριον,
1370 4266 1458 4320 ῐσα
1474 4266 1531 4319 δὲ
1559 4266 1727 4337 πηλοῦ

166 4358 409 4428 χρυσίον,
443 4356 614 4411 ταῦτα
644 4358 818 4411 πάντα
848 4357 1049 4410 δίκαιοι
1080 4361 1547 4429 περιποιήσονται.
1577 4377 1596 4410 ι
1622 4359 1730 4411 Καὶ

166 4449 389 4519 θαρῤῶν
427 4449 508 4510 είς
530 4448 621 4500 τδν
652 4448 846 4501 ἑαυτοῦ
882 4449 1185 4517 ἀμώμητον
1216 4450 1349 4520 βίον,
1377 4451 1582 4519 ἔλεγεν·
1619 4470 1637 4503 ι
1666 4451 1728 4503 Εἰ

168 4539 328 4604 ἔταξα
355 4540 577 4610 χρυσίον
600 4540 752 4609 ἰσχύν
786 4557 904 4609 μου·
934 4542 983 4592 εἰ
1008 4541 1062 4593 δὲ
1086 4542 1509 4611 κατηυφράνθην
1538 4542 1729 4595 πολλοῦ

168 4631 403 4684 πλούτου
464 4629 538 4699 μὴ
586 4630 899 4698 γενομένου.
956 4631 1224 4700 Κρεϊσσον
1270 4626 1363 4683 οὖν
1422 4632 1600 4699 ὀλίγον
1656 4632 1732 4701 τῷ

167 4723 386 4793 δικαίῳ,
420 4722 561 4789 ὑπὲρ
607 4720 836 4774 πλοῦτον
880 4722 1218 4791 ἁμαρτωλῶν
1250 4721 1474 4777 πολύν.»
1514 4724 1735 4793 Μαρτυ-

174 4816 254 4881 ρεῖ
303 4814 363 4865 δὲ
406 4812 502 4865 καὶ
529 4813 557 4861 ὁ
591 4810 820 4875 Παῦλος,
854 4811 936 4863 ὅτι
970 4811 1093 4881 ῥίζα
1136 4811 1353 4865 πάντων
1399 4812 1507 4864 τῶν
1549 4813 1735 4866 κακῶν

171 4907 321 4956 ἐστὶν
371 4904 403 4975 ἡ
462 4903 815 4974 φιλαργυρία.
866 4904 1053 4956 Ἔστιν
1091 4903 1201 4973 γὰρ
1239 4905 1332 4957 καὶ
1383 4904 1733 4974 ἀσυμπαθὴς,

172 4999 263 5050 καὶ
307 4996 629 5064 άνελεήμων
668 4998 697 5049 6
743 4996 1099 5065 φιλάργυρος.
1141 4996 1199 5050 ’0
1246 4998 1301 5050 δὲ
1341 4998 1529 5069 Σωτὴρ
1580 5000 1735 5069 ἡμῶν

173 5089 265 5139 καὶ
293 5087 519 5158 Κύριος,
548 5085 703 5149 εἰδὼς
731 5087 793 5139 τδ
825 5086 997 5150 πάθος
1024 5090 1118 5156 τῆς
1147 5089 1532 5160 φιλαργυρίας,
1560 5090 1737 5161 ψυχῆς

172 5181 394 5251 ὗλεθρον
418 5180 566 5236 ὄντα.
594 5176 694 5248 τὴν
722 5179 1106 5249 προσήκουσαν
1139 5180 1435 5249 θεραπείαν
1490 5183 1733 5251 προσφέ-

176 5292 280 5344 ρει,
332 5274 526 5341 λέγων·
569 5294 586 5324 ι
616 5274 707 5345 Μὴ
766 5275 1041 5343 κτήσησθε
1100 5276 1319 5344 χρυσὸν,
1380 5277 1411 5344 ἣ
1461 5277 1726 5347 ἄργυρον,

178 5369 314 5437 μηδὲ
366 5368 585 5437 χαλκὸν,
638 5369 716 5429 εἰς
758 5368 857 5429 τὰς
892 5365 1063 5430 ζώνας
1111 5370 1283 5437 ὑμῶν.
1309 5388 1326 5419 ι
1372 5372 1479 5423 Καὶ
1515 5372 1730 5438 ἐπάγει·

180 5479 199 5512 ι
248 5462 419 5531 ’Δμὴν
447 5460 589 5527 λέγω
618 5461 764 5529 ὑμῖν,
799 5462 881 5513 δτι
912 5460 1164 5524 πλούσιος
1190 5463 1465 5526 δυσκόλως
1492 5465 1732 5518 εἰσελεύ-

178 5571 328 5608 σεεαι
370 5556 451 5617 εἰς
496 5553 595 5623 τὴν
654 5552 929 5621 βασιλείαν
974 5552 1084 5606 τῶν
1140 5555 1404 5625 οὐρανῶν,
1434 5575 1451 5608 ι
1506 5556 1581 5619 ὡς
1634 5558 1732 5629 τῆς

1821 3267 2066 3319 venalem
2108 3265 2153 3296 τ’
2206 3262 2371 3316 habet
2402 3263 2470 3315 ⁷³.
2511 3280 2527 3312 ι
2563 3262 2629 3314 Et
2673 3278 2685 3311 :
2736 3278 2753 3309 ι
2794 3257 2944 3311 Multi
3003 3257 3114 3310 dati
3166 3264 3293 3309 sunt
3328 3255 3382 3306 iu

1822 3358 2036 3411 ruinam
2080 3363 2304 3424 propter
2345 3352 2629 3413 aurum“,
2670 3369 2687 3399 ι
2728 3358 2872 3403 utet
2913 3348 3085 3402 Judas
3116 3365 3128 3399 :
3165 3348 3208 3400 is
3235 3347 3381 3399 enim

1822 3463 1919 3516 per
1939 3445 2244 3499 avaritiam’
2265 3460 2373 3497 non
2403 3442 2775 3511 apostolorum
2802 3440 2965 3494 modo
2993 3438 3381 3499 cxciditeuetu,

1823 3538 1916 3594 sed
1964 3546 2023 3592 et
2074 3535 2328 3605 proditor
2375 3532 2553 3587 factus
2601 3538 2684 3586 est
2737 3529 2988 3593 Domini,
3046 3545 3109 3583 ac
3161 3528 3383 3581 demum

1823 3630 2000 3700 gulam
2034 3626 2139 3682 sibi
2177 3624 2493 3696 prazfocavit
2537 3624 2753 3691 laqueo,
2785 3622 2931 3691 juste
2964 3619 3209 3689 quidem.
3250 3617 3385 3671 Sce-

1826 3724 1909 3776 lus
1956 3720 2112 3790 planc
2140 3726 2225 3772 est
2267 3725 2322 3771 et
2364 3714 2716 3769 abominatio.
2749 3712 2948 3781 Lepra,
3001 3713 3246 3779 inquam,
3298 3716 3384 3762 est

1825 3810 2056 3865 aviditas
2091 3808 2368 3878 pecunim,
2408 3815 2552 3860 utet
2598 3805 2903 3857 luculenter
2951 3819 3048 3871 per
3107 3801 3254 3854 Giezi
3294 3800 3389 3854 de~

1826 3909 2188 3957 monstratum
2247 3907 2329 3953 est
2379 3916 2392 3951 :
2439 3914 2546 3950 non
2608 3895 2753 3965 quod
2809 3895 3011 3947 volenti
3069 3893 3389 3959 neutiquam

1825 3994 2029 4049 auferri
2074 3993 2264 4063 possit,
2306 3989 2572 4044 naturalis
2617 4004 2741 4041 cum
2799 4002 2905 4039 non
2960 3987 3050 4048 sit,
3094 3986 3190 4038 sed
3262 3999 3388 4038 eum

1826 4083 2095 4138 electione
2139 4082 2324 4136 libera:
2362 4078 2660 4131 voluntatis
2692 4076 2835 4129 illam
2863 4075 2985 4143 quis
3020 4073 3297 4137 inciderit,
3321 4075 3391 4127 ab

1827 4193 1888 4231 ea
1914 4176 2103 4245 utique
2136 4172 2388 4228 mundari
2441 4170 2615 4240 possit
2644 4190 2657 4223 :
2692 4185 2793 4223 nec
2820 4168 3058 4230 dillicile,
3116 4166 3391 4235 siquidem

1829 4268 2084 4322 clamavit
2125 4264 2191 4318 ad
2238 4263 2529 4317 Dominum
2580 4261 2761 4315 Jesum
2791 4278 2805 4312 :
2840 4277 2858 4309 α
2887 4258 3149 4321 Domine,
3197 4257 3243 4311 si
3278 4258 3392 4318 vis,

1831 4369 1983 4430 potes
2012 4373 2097 4412 me
2131 4354 2396 4410 mundare
2423 4355 2501 4407 7':
2532 4372 2550 4401 ι
2586 4351 2794 4405 nolenti
2822 4367 2975 4412 vero,
3008 4350 3167 4404 l‘ustis
3217 4360 3300 4404 est
3340 4358 3396 4402 et

1834 4452 2014 4505 trabes
2043 4447 2389 4509 oll’ensionis,
2418 4445 2485 4499 iis
2512 4446 2605 4513 qui
2629 4444 2839 4497 hostias
2871 4443 3112 4496 oﬂerunt
3141 4442 3391 4496 Domino.

1838 4544 1941 4597 Sed
1969 4553 2023 4596 et
2053 4539 2304 4610 quisquis
2347 4537 2614 4607 insipiens
2643 4544 2755 4598 est,
2789 4536 3038 4603 capietur
3084 4534 3202 4586 auri
3240 4533 3396 4600 cupi-

1838 4636 2028 4689 ditate.
2066 4651 2084 4684 ι
2119 4632 2320 4687 Beatus
2366 4630 2549 4697 itaque
2596 4628 2679 4680 vir
2709 4626 2803 4695 qui
2862 4626 3114 4679 inventus
3149 4632 3233 4678 est
3275 4625 3395 4677 sine

1838 4726 2071 4789 macula,
2102 4724 2198 4793 qui
2224 4731 2345 4792 post
2368 4736 2560 4774 aurum
2598 4735 2707 4773 non
2755 4718 2891 4772 abiit
2918 4717 2987 4780 ",
3020 4735 3037 4768 ι
3072 4718 3223 4785 juxta
3252 4716 3396 4770 Scri-

1841 4828 2078 4888 pturam.
2114 4815 2204 4869 Ait
2240 4814 2330 4867 hic
2375 4813 2522 4865 enim
2556 4810 2793 4865 Jacobus
2846 4808 3230 4861 interminatus
3276 4807 3398 4861 istis

1840 4906 2083 4977 pecuniae
2113 4903 2494 4961 helluonibus:
2528 4921 2546 4952 ι
2576 4902 2783 4955 Aurum
2837 4910 3079 4952 vestrum
3107 4897 3318 4966 1040
3344 4906 3400 4951 et

1840 5007 2124 5067 argentum
2174 5003 2417 5048 vestrum
2470 4990 2825 5060 aeruginavit,
2878 4995 2934 5039 et
2977 5001 3160 5054 aarugo
3202 4999 3395 5037 eorum

1841 5094 1892 5145 in
1936 5088 2308 5143 testimonium
2338 5086 2464 5149 erit,
2493 5092 2549 5137 et
2582 5080 2935 5135 manducahit
2967 5093 3159 5131 carnes
3190 5084 3398 5129 vestras

1841 5194 1982 5246 sicut
2018 5189 2158 5258 ignis
2191 5188 2258 5239 "".
2298 5204 2316 5237 ι
2348 5185 2483 5237 Item
2519 5201 2531 5236 :
2566 5203 2582 5233 ι
2618 5180 2773 5248 Agite
2804 5195 2970 5240 nunc,
3010 5177 3235 5239 divites,
3283 5176 3399 5243 plo-

1840 5293 1953 5337 rate
1978 5282 2251 5335 ululantes
2282 5278 2333 5331 in
2368 5275 2604 5330 miseriis
2632 5288 2754 5342 qum
2789 5271 3080 5324 advenient
3104 5268 3259 5321 vobis
3283 5267 3348 5319 ⁷⁸.
3378 5285 3395 5315 ι

1843 5375 1934 5426 llis
1987 5386 2246 5442 perquam
2298 5368 2499 5422 similia
2561 5364 2823 5433 propheta
2883 5361 3136 5413 llaiiacuc
3216 5357 3349 5410 dicit
3382 5397 3397 5414 .

1839 5465 2015 5520 avaris
2037 5464 2156 5517 istis
2179 5460 2517 5529 opprobrans
2541 5463 2595 5517 εζι
2623 5455 2711 5509 Va:
2737 5455 2786 5509 ei
2820 5454 2909 5520 qui
2940 5450 3265 5517 multiplicat
3295 5447 3397 5500 sibi

1839 5573 1959 5625 qua:
1992 5571 2089 5608 sua
2132 5568 2235 5605 non
2274 5559 2402 5604 sunt
2427 5551 2471 5579 ⁷⁸
2504 5565 2515 5600 :
2554 5566 2572 5598 ι
2613 5544 2706 5613 qui
2760 5559 2853 5611 per
2881 5540 3163 5593 avaritiam
3201 5538 3394 5590 malam

244 5691 289 5719 “
329 5689 485 5743 [)cnt.
518 5705 676 5747 xxvii.
708 5689 790 5742 ιῖί.
866 5690 908 5721 ⁷⁸
943 5691 959 5742 l
992 5689 1130 5742 Tim.
1162 5707 1209 5742 γι
1267 5692 1347 5742 17.
1414 5692 1454 5721 '”
1483 5693 1646 5745 lieeli.
1683 5708 1823 5752 xui,
1861 5691 1910 5741 (ἶ.
1988 5690 2004 5716 ⁷

1616 5693 1646 5745 i.
1683 5708 1823 5752 xui,
1861 5691 1910 5741 (ἶ.
1988 5690 2031 5719 ⁷⁸
2058 5682 2468 5750 εύπρόσδεκτον,
2500 5675 2889 5745 neceplubilem,
2930 5671 3212 5752 legendum
3248 5679 3378 5752 puto

178 5760 843 5826 νοηιιΙοιιιμύπραστικόν.
916 5761 960 5790 ⁷³
996 5760 1156 5814 Ηςιςιί.
1190 5777 1239 5815 x.
1265 5765 1315 5814 1).

182 5828 226 5859 ’·¹⁵
250 5827 385 5884 ibid.
431 5830 477 5883 Ι.
554 5831 598 5860 ’τ’
625 5828 822 5884 llabnt'.
854 5846 909 5889 ιι,
937 5831 984 5881 ϋ-

1394 5764 1438 5793 7"
1466 5763 1632 5816 [ﬁet-li.
1658 5779 1796 5824 xxxi,
1822 5764 1872 5814 9.
1948 5760 1992 5788 "
2014 5756 2199 5809 Matth.
2227 5753 2407 5812 vul,‘2.

2485 5750 2525 5779 ⁷⁸⁵
2557 5738 2721 5802 Eccli.
2763 5762 2905 5808 XXXI,
2934 5738 3005 5794 8.»
3062 5741 3105 5769 ⁷⁷
3140 5740 3249 5793 Jac.
3274 5738 3396 5801 v.3-
