4462 6440
934 353 1069 418 1459

2177 369 2534 427 ANTIOCHI
2577 370 2911 428 MONACHI

4007 370 4137 434 1160

927 479 1139 523 extorta
1170 473 1413 542 congerit
1445 473 1632 528 domui
1665 490 1792 529 sum.
1826 475 1966 529 Sane
2008 492 2168 544 quam
2198 478 2476 544 eleganter
2509 486 2549 537 Α
2579 479 2689 529 an

2373 489 2476 530 Iter
2509 486 2549 537 Α
2579 478 2960 546 άκτημοσύνης
3007 478 3258 539 εὐτελοῦς
3303 477 3488 546 οὔσης,
3531 477 3624 528 καὶ
3667 477 3904 546 εὐχερῷς
3935 481 4014 539 είς
4047 483 4135 530 οὐ·

927 560 1084 625 dixit,
1121 581 1138 612 ι
1172 580 1291 631 qua:
1329 580 1425 617 sua
1458 578 1564 618 non
1612 578 1778 620 sunt:
1814 586 1831 616 ι
1865 569 2070 620 ctenim
2101 567 2167 620 iis
2206 568 2299 634 qui
2341 569 2474 620 tales

923 660 1071 715 sunt,
1123 655 1377 709 omnibus
1433 667 1728 726 suppetunt
1777 658 2008 720 divitiae,
2066 669 2124 711 ut
2184 669 2241 713 ct
2305 660 2469 714 David

2581 569 2742 637 ρανὺν
2781 570 3173 638 ἀνιπταμένης.
3209 570 3366 639 Αὐτῷ
3410 571 3442 638 ἠ
3488 570 3614 635 δόξα
3657 573 3735 630 είς
3779 574 3906 632 τοὺς
3933 573 4135 632 αἰῶνας

2575 660 2688 711 τῶν
2722 658 2948 714 αἰώνων.
3002 661 3190 731 Ἀμήν.

924 751 1352 806 suometastruit
1381 755 1684 820 patrocinio
1718 772 1732 807 :
1765 773 1782 803 ι
1821 756 1959 808 Ecce
2003 754 2164 807 homo
2207 755 2299 823 qui
2349 770 2453 808 non
2494 757 2675 822 posuit
2735 755 2901 807 Deum
2961 756 3264 824 adjutorem
3296 769 3477 815 suum,
3527 754 3621 808 sed
3651 754 3887 823 speravit
3919 755 3971 805 in
4003 752 4140 804 mul-

923 841 1159 895 titudine
1202 841 1514 897 divitiarum
1552 860 1806 909 suarum,
1839 856 1894 898 ct
1929 846 2210 915 prawaluit
2243 848 2295 898 in
2327 847 2562 898 vanitate
2590 862 2686 899 sua
2712 845 2777 897 ⁸ο.
2813 866 2831 896 ι
2893 846 2996 899 .Iob
3051 861 3266 914 quoque
3297 864 3310 898 :
3346 864 3365 896 ι
3433 845 3488 898 Si
3553 847 3967 914 congregavcrit
4019 859 4139 911 pec-

921 952 1072 991 cator
1123 937 1276 1006 quasi
1328 947 1554 1001 terram,
1602 948 1912 1006 argentum,
1977 948 2030 991 ct
2092 938 2245 1006 quasi
2299 937 2503 998 lutum,
2566 951 2790 998 aurum,
2853 937 2966 990 hare
3013 937 3192 989 omnia
3257 937 3390 1005 justi
3441 938 3726 1003 acquircnt
3767 938 3832 988 “'.
3885 954 3903 986 ι
3957 934 4008 987 Is
4071 933 4136 984 de

923 1027 1211 1096 inculpatae
1260 1029 1382 1080 vim:
1437 1027 1703 1080 munditia
1753 1041 1902 1094 spem
1964 1042 2212 1087 sumens,
2262 1024 2514 1076 dicebat:
2562 1043 2579 1073 ι
2615 1024 2669 1077 Si
2713 1024 2969 1077 constitui
3005 1041 3196 1078 aurum
3232 1024 3604 1079 fortitudinem
3663 1039 3856 1085 meam,
3892 1024 3936 1076 si
3977 1025 4123 1075 la-ta-

925 1129 1014 1172 tus
1047 1135 1167 1172 sum
1201 1135 1300 1188 pro
1327 1135 1394 1172 eo
1415 1119 1561 1187 quod
1596 1118 1777 1171 multo
1809 1117 2062 1170 adessent
2104 1116 2306 1168 divitia:
2339 1115 2405 1168 ".
2437 1135 2454 1165 ι
2479 1146 2543 1152 —
2569 1134 2584 1162 ι
2615 1114 2806 1167 Melius
2833 1115 2996 1184 igitur
3032 1117 3303 1169 modicum
3347 1117 3524 1184 justo,
3559 1132 3724 1184 super
3759 1115 3982 1168 divitias
4005 1131 4125 1181 pec-

924 1226 1168 1266 catorum
1217 1217 1416 1268 multas
1459 1218 1522 1267 ⁸³.
1577 1234 1595 1264 ι
1635 1215 1740 1268 Sed
1777 1223 1833 1267 ct
1875 1214 2074 1267 Paulus
2142 1221 2500 1273 contestatur,
2543 1210 2806 1264 malorum
2869 1211 3112 1265 omnium
3163 1212 3396 1266 radicem
3461 1227 3580 1266 esse
3633 1212 3876 1281 pecuniae
3939 1225 4140 1263 concu-

926 1308 1266 1374 piscentiam.
1360 1310 1455 1364 Est
1503 1311 1684 1373 enim,
1743 1310 1835 1377 qui
1894 1309 2195 1376 cupiditate
2246 1306 2513 1376 ejusmodi
2587 1306 2832 1368 laborat,
2883 1307 3015 1359 nihil
3070 1307 3412 1362 indolescens
3467 1309 3658 1361 aliena:
3707 1305 4040 1366 calamitati,
4085 1312 4140 1356 et

928 1415 1152 1466 prorsus
1225 1402 1636 1457 immiscricors.
1722 1404 1984 1457 Dominus
2034 1403 2177 1471 ipso,
2231 1412 2536 1469 nostraeque
2591 1403 2835 1469 pararios
2885 1402 3109 1467 salutis,
3152 1418 3278 1456 cum
3339 1403 3506 1473 probe
3561 1412 3742 1455 nosset
3794 1401 4137 1454 affectionem

926 1490 1068 1545 hanc
1123 1495 1364 1548 avaritia:
1403 1505 1829 1563 prtesentaneam
1879 1512 1999 1550 esse
2052 1497 2245 1550 anima:
2297 1495 2615 1564 perniciem,
2676 1512 2976 1565 congruam
3053 1497 3318 1550 medelam
3391 1499 3568 1558 affert,
3610 1496 3838 1549 dicens:
3903 1514 3921 1545 ι
3963 1493 4139 1547 Nolite

925 1586 1206 1654 possidere
1245 1605 1460 1652 aurum,
1500 1606 1678 1659 neque
1718 1601 2022 1660 argentum,
2069 1607 2247 1660 neque
2294 1607 2367 1644 tes
2413 1591 2467 1642 in
2542 1592 2693 1646 zonis
2742 1592 2943 1645 vestris
3002 1592 3049 1624 ³⁸
3091 1612 3103 1645 :
3151 1613 3170 1645 ι
3201 1608 3378 1662 coque
3426 1593 3636 1646 inducit
3679 1610 3693 1645 :
3737 1611 3754 1641 ι
3807 1593 3981 1646 Anien
4021 1590 4140 1642 dico

927 1679 1104 1740 vobis,
1138 1680 1264 1747 quia
1311 1681 1463 1735 dives
1493 1683 1710 1738 diflicile
1741 1684 1969 1738 intrabit
2019 1685 2074 1738 in
2143 1698 2366 1753 regnum
2432 1682 2695 1736 cmlorum
2751 1684 2816 1748 ⁸⁸,
2847 1703 2864 1733 ι
2926 1699 3052 1739 cum
3092 1686 3311 1740 interim
3359 1686 3565 1739 nullius
3613 1693 3846 1738 terrenae
3895 1683 3975 1737 rei
4021 1698 4140 1752 pos-

926 1776 1119 1838 sessio,
1167 1776 1326 1832 facile
1373 1795 1436 1833 ac
1481 1779 1670 1832 liberis
1702 1781 1800 1833 alis
1846 1782 1902 1835 in
1933 1782 2131 1836 cmlum
2180 1780 2477 1834 transvolat
2511 1787 2567 1830 et
2589 1779 2871 1834 attollitur.
2901 1781 3006 1849 Ipsi
3040 1781 3210 1850 gloria
3247 1781 3301 1833 in
3334 1781 3548 1834 sarcula.
3582 1780 3772 1832 Amen.

1513 1891 1791 1945 IIOMILIA
1827 1892 1916 1945 IX.

1215 2001 1290 2054 De
1319 2004 1531 2055 vitanda
1564 2019 1838 2055 munerum
1875 2007 2191 2074 acceptione.

997 2115 1256 2182 Quisquis
1287 2125 1470 2183 captat
1515 2132 1764 2179 munera,
1807 2126 1901 2170 aut
1929 2117 2050 2184 plus
2082 2132 2246 2184 quam
2279 2131 2376 2184 par
2413 2117 2482 2167 sit

928 2208 1124 2274 qua-rit
1156 2208 1456 2274 possidere,
1492 2209 1618 2260 item
1654 2209 1898 2277 pecuniae
1940 2209 2135 2260 avidus
2180 2219 2234 2260 et
2271 2209 2483 2260 fenera-

929 2308 1048 2361 tor;
1098 2309 1333 2368 quatuor
1393 2300 1445 2351 hi
1491 2316 1656 2352 unum
1689 2299 2050 2366 eumdemque
2094 2299 2317 2352 trahunt
2355 2314 2480 2351 cur-

931 2407 1074 2453 rum,
1113 2392 1208 2444 sed
1245 2407 1311 2444 eo
1342 2392 1589 2460 pnnduce
1632 2393 1724 2459 qui
1771 2391 2034 2460 superbia:
2082 2391 2268 2459 auriga
2309 2400 2393 2443 cst
2424 2398 2483 2443 et

932 2484 1206 2551 princeps.
1257 2484 1421 2550 Atqui
1455 2484 1543 2537 hic
1582 2484 1792 2536 Domini
1825 2483 2054 2551 imperio
2090 2483 2333 2551 deiectus
2360 2491 2480 2543 est;

929 2592 1026 2627 eos
1057 2585 1294 2628 attamen
1339 2576 1426 2628 hic
1475 2578 1720 2643 impurus
1758 2577 2045 2643 inquietat,
2073 2575 2165 2643 qui
2199 2575 2373 2642 ipsum
2416 2573 2480 2625 ad

929 2666 1124 2718 anima:
1164 2680 1334 2731 usque
1378 2664 1754 2732 depulsionem
1797 2673 2117 2732 sequuntur.
2152 2663 2267 2714 Non
2317 2663 2482 2730 igitur

931 2773 1146 2826 zequum
1203 2757 1390 2817 fuerit,
1442 2767 1499 2809 ut
1547 2757 1639 2823 qui
1701 2772 1844 2809 sana:
1905 2763 2029 2808 sunt
2088 2755 2319 2815 ruentis,
2375 2762 2480 2805 tam

930 2847 1144 2900 cruenti
1176 2847 1348 2899 hostis
1370 2847 1522 2900 frena
1548 2846 1844 2914 patiantur,
1872 2862 1938 2898 ne
1968 2845 2114 2898 illius
2145 2842 2483 2911 aurigatione

933 2955 1055 2991 cum
1097 2954 1198 2990 suo
1235 2939 1426 3006 auriga
1457 2939 1510 2990 in
1553 2945 1778 3006 puteum
1822 2937 2162 3005 abripiantur
2189 2934 2438 3002 supplicii
2469 2952 2480 2984 :

931 3031 1064 3099 quin
1097 3031 1276 3098 potius
1301 3031 1548 3099 pracitore
1578 3030 1854 3098 Apostolo,
1878 3038 2022 3082 recta
2054 3027 2386 3082 contendant
2417 3027 2484 3079 ad

931 3122 1119 3173 vitam.
1168 3139 1184 3170 ι
1215 3121 1508 3184 llabcutes,
1546 3122 1740 3190 inquit,
1773 3121 1999 3181 victum,
2026 3130 2082 3173 et
2108 3120 2309 3188 quibus
2343 3131 2488 3186 tega-

3189 1892 3404 1945 ΛΟΓΟΣ
3440 1893 3516 1943 6⁸.

3090 2005 3226 2071 Περὶ
3259 2006 3652 2072 δωροληψιάς.

2663 2124 2721 2176 ’0
2754 2123 3129 2192 δωρολήπτης,
3181 2121 3276 2174 xal
3311 2123 3339 2174 δ
3369 2121 3718 2188 πλεονέκτης,
3745 2118 3839 2170 καὶ
3879 2118 3909 2170 δ
3948 2118 4136 2186 φιλάρ-

2581 2232 2765 2285 γυρος,
2805 2216 2897 2268 καὶ
2947 2216 2975 2266 δ
3017 2213 3292 2282 τοκιστὴς,
3334 2213 3393 2265 ἓν
3434 2213 3586 2282 ἇρμα
3635 2213 3782 2263 ἐστὶν
3841 2209 4135 2278 τέτρωρον,

2580 2307 2795 2376 ἔχοντες
2843 2309 2934 2360 τὸν
2983 2307 3077 2376 τῆς
3116 2304 3430 2368 ἀλαζονείας
3479 2303 3687 2372 ἡνίοχον
3728 2302 3822 2354 καὶ
3869 2300 4132 2370 ἀρχηγόν·

2579 2399 2725 2459 ὅστις
2767 2397 2870 2450 ὑπὸ
2923 2397 3017 2451 τοῦ
3057 2397 3262 2466 Κυρίου
3296 2394 3695 2462 καταϐέϐληται
3721 2392 3841 2460 μὲν,
3870 2390 4132 2443 συνελαὺ-

2580 2507 2660 2544 νει
2693 2489 2748 2541 δὲ
2781 2489 2986 2551 πάντας
3013 2489 3138 2549 τοὺς
3177 2487 3474 2554 ἑπομένους
3503 2483 3652 2552 αὐτῴ
3695 2485 3774 2546 είς
3807 2483 3906 2551 τὴν
3947 2481 4133 2534 ἑαυτοῦ

2582 2579 2874 2633 ἀπώλειαν.
2914 2579 2989 2632 Οὐ
3008 2577 3227 2646 θεμιτὸν
3269 2571 3362 2629 οὖν
3387 2578 3496 2636 τοῖς
3534 2571 3591 2628 εὖ
3622 2573 3877 2644 φρονοῦσι
3911 2575 4014 2625 ὑπὸ
4045 2571 4135 2625 τοῦ

2581 2671 2879 2740 δυσμενοῦς
2905 2668 3256 2739 ἡνιοχεῖσθαι,
3288 2669 3376 2720 ἴνα
3412 2668 3488 2736 μὴ
3520 2667 3618 2718 σὺν
3661 2665 3808 2734 αὐτῷ
3836 2667 3917 2726 είς
3950 2663 4138 2734 βόθρον

2584 2764 2857 2826 κολάσεως
2884 2761 3284 2832 κατασυρῶσιν,
3313 2760 3448 2814 άλλά
3477 2759 3677 2825 μᾶλλον
3709 2759 3815 2810 ὑπὸ
3840 2757 3936 2810 τοῦ
3979 2761 4138 2809 Ἀπο-

2585 2857 2772 2908 στόλου
2815 2859 2892 2918 είς
2925 2855 3069 2923 ζωὴν
3095 2852 3424 2922 δδηγείσθαι,
3449 2851 3544 2904 τοῦ
3578 2851 3847 2915 λέγοντος·
3891 2868 3911 2898 ι
3947 2850 4137 2917 Ἐχον-

2583 2962 2671 3005 τες
2699 2943 2989 3012 διατροφὰς
3017 2943 3111 2994 καὶ
3141 2941 3519 3009 σκεπάσματα,
3549 2939 3755 3000 τούτοις
3803 2938 4138 3006 ἀρκεσθησὼ

2588 3035 2746 3104 μεθα.
2777 3037 2838 3086 Οἱ
2867 3034 2976 3105 γάρ
3007 3033 3321 3102 βουλόμενοι
3357 3033 3634 3092 πλουτεῖν,
3662 3031 4034 3100 ἐμπίπτουσιν
4065 3031 4140 3090 εἰς

2588 3126 2887 3196 πειρασμὸν
2930 3127 3022 3176 καὶ⁵
3059 3124 3258 3191 παγίδα
3300 3121 3392 3174 τοῦ
3443 3122 3718 3175 διαϐόλου.
3744 3141 3762 3170 ι
3811 3121 3868 3172 '0
3919 3115 4016 3172 οὖν
4060 3120 4142 3171 δε-

933 3227 1082 3276 mur,
1116 3213 1203 3265 his
1239 3213 1478 3266 contenti
1504 3213 1730 3273 erimus,
1757 3212 1851 3278 qui
1880 3211 2027 3263 enim
2056 3210 2248 3263 volunt
2279 3209 2480 3262 divites
2509 3203 2555 3266 C
2584 3220 2695 3278 διὼς

2377 3209 2480 3261 ites
2509 3203 2555 3266 C
2584 3220 2709 3279 διὼς
2745 3219 2845 3287 τὴν
2875 3216 3092 3285 ἐντολὴν
3121 3214 3212 3267 τοῦ
3257 3213 3602 3271 Ἀποστόλου,
3641 3212 3839 3280 μᾶλλον
3883 3211 3942 3262 δὲ
3971 3209 4137 3262 αὑτοῦ

933 3301 1083 3362 fieri,
1132 3301 1382 3355 incidunt
1428 3302 1480 3354 in
1541 3302 1896 3354 tcntationcm
1952 3309 2009 3352 et
2065 3300 2318 3367 laqueum
2374 3296 2490 3350 dia-

934 3394 1043 3447 boli
1069 3395 1134 3447 ⁸⁶.
1175 3415 1192 3445 ι
1231 3393 1478 3448 Profecto
1518 3394 1610 3463 qui
1643 3393 1886 3461 Apostoli
1931 3391 2245 3445 mandatum
2275 3405 2489 3444 revere-

933 3497 1042 3551 tur,
1063 3488 1171 3540 imo
1193 3486 1395 3549 verius,
1422 3487 1632 3540 Domini
1655 3485 1888 3539 dicentis
1917 3502 1930 3538 :
1963 3502 1981 3534 ι
2007 3484 2187 3538 Nolite
2209 3481 2488 3550 possidere

935 3595 1130 3632 aurum
1153 3589 1248 3632 aut
1276 3589 1563 3647 argentum
1588 3579 1655 3642 ⁸⁷,
1687 3576 1892 3648 1041,
1918 3586 1974 3632 et
2013 3591 2082 3630 ne
2115 3575 2333 3630 solliciti
2372 3575 2493 3628 sitis

934 3670 1065 3738 quid
1095 3670 1434 3724 manducetis
1453 3681 1546 3724 aut
1574 3669 1774 3723 bibatis
1794 3669 1838 3700 ⁸⁸
1868 3687 1880 3720 :
1913 3689 1930 3719 ο
1960 3670 2007 3722 is
2033 3669 2274 3737 aurigam
2300 3683 2490 3734 super—

936 3761 1038 3814 bia:
1081 3761 1334 3814 exturbat
1374 3776 1559 3822 curru,
1608 3770 1767 3828 atque
1809 3760 1923 3814 suis
1966 3759 2200 3829 proterit
2237 3758 2487 3826 pedibus.

936 3853 1168 3907 Pulchre
1221 3854 1384 3924 igitur
1431 3853 1841 3914 Partmniastes,
1895 3869 1991 3921 per
2042 3851 2488 3915 admonitionem,

938 3961 1165 3998 munera
1205 3945 1549 4013 captantibus
1582 3944 1715 3998 dicit
1749 3961 1762 3996 :
1805 3963 1823 3994 ι
1859 3944 1935 3997 Ne
1969 3944 2244 4012 opprimas
2282 3957 2490 4012 paupe-

939 4051 1055 4088 rem
1109 4043 1203 4088 aut
1250 4036 1358 4087 vim
1411 4034 1488 4086 illi
1537 4034 1769 4088 feceris:
1797 4049 2003 4102 pauper
2041 4035 2186 4087 enim
2223 4042 2308 4086 est
2361 4031 2428 4084 ".
2467 4051 2485 4083 ι

941 4127 1112 4178 Item:
1148 4147 1166 4176 ι
1203 4124 1304 4191 Qui
1345 4125 1522 4194 diligit
1562 4126 1869 4194 pecuniam,
1905 4141 2012 4178 non
2049 4124 2367 4193 implebitur
2401 4139 2493 4191 pe-

939 4217 1100 4268 ctmia
1125 4216 1189 4268 ’°.
1232 4235 1250 4265 ι
1291 4215 1581 4284 Propterea
1644 4230 1850 4284 pauper
1892 4214 2050 4268 facile
2089 4213 2240 4267 novit
2279 4214 2488 4283 ingredi

941 4305 997 4358 in
1054 4314 1352 4374 conspectu
1403 4306 1635 4359 Domini.
1685 4307 1806 4360 Et:
1847 4325 1865 4357 ι
1905 4307 1981 4360 Ne
2029 4307 2101 4360 sit
2153 4322 2346 4360 manus
2399 4315 2490 4359 tua

939 4406 1158 4451 extenta
1203 4398 1270 4451 ad
1326 4398 1728 4467 accipiendum,
1779 4407 1836 4454 et
1869 4400 1936 4453 ad
1977 4399 2314 4454 reddendum
2359 4414 2492 4454 con-

942 4498 1114 4542 tracta
1145 4491 1211 4542 ⁹¹.
1254 4509 1272 4540 ι
1311 4490 1423 4544 Hoc
1472 4490 1648 4558 ipsum
1691 4501 1747 4544 et
1794 4492 1993 4546 Paulus
2031 4510 2044 4545 :
2080 4511 2098 4541 ι
2144 4491 2362 4547 Beatius
2406 4499 2493 4545 est

945 4581 1076 4634 dare
1111 4597 1272 4650 quam
1317 4582 1566 4652 accipere
1596 4585 1662 4637 ".
1702 4605 1719 4635 ι
1757 4584 1864 4637 Lex
1898 4585 2025 4639 item
2055 4603 2068 4638 :
2105 4603 2123 4636 ι
2153 4586 2271 4640 Non
2298 4587 2494 4655 justifi-

945 4675 1098 4727 cabis
1141 4674 1367 4742 impium
1401 4689 1500 4742 pro
1523 4675 1841 4728 muneribus
1867 4676 1962 4728 ".i
2002 4676 2070 4729 Et
2103 4693 2114 4726 :
2147 4695 2165 4726 ι
2197 4677 2318 4731 Νοη
2349 4679 2493 4731 acci-

946 4764 1065 4831 pies
1097 4779 1356 4828 munera;
1387 4778 1611 4818 munera
1635 4767 1780 4819 enim
1802 4775 2073 4820 excaecant
2099 4769 2287 4821 oculos
2304 4768 2493 4821 viden-

949 4851 1085 4904 tium
1128 4852 1193 4905 ".
1235 4872 1252 4902 ι
1289 4851 1505 4905 Samuel
1555 4869 1568 4904 :
1605 4871 1623 4903 ι
1661 4854 1801 4907 Num
1851 4854 1919 4907 de
1972 4869 2134 4908 manu
2187 4857 2489 4925 cuiuspiam

945 4943 1129 5011 accepi
1170 4960 1366 4998 munus
1398 4953 1492 4997 aut
1537 4945 1960 4999 calceamentum
1985 4948 2069 5000 "?
2107 4968 2123 4998 ι
2165 4948 2300 5002 Ecce
2347 4949 2502 5004 testis

949 5034 1229 5087 Dominus.
1261 5035 1530 5102 Propheta
1565 5037 1730 5090 Amos
1777 5038 2042 5093 adversus
2072 5041 2330 5108 populum
2359 5041 2502 5095 indi-

946 5124 1270 5197 gnabundus
1321 5126 1536 5180 dicebat
1586 5145 1598 5180 :
1640 5146 1657 5178 ι
1713 5128 1860 5182 Dona
1908 5129 2081 5183 electa
2129 5131 2417 5200 accepistis
2468 5147 2498 5185 a

949 5217 1282 5285 pauperibus
1325 5218 1391 5270 “.
1447 5237 1465 5267 ι
1515 5219 1652 5275 Huic
1714 5236 1809 5288 per
1863 5223 2044 5277 omnia
2100 5233 2499 5278 consentaneus

949 5307 1130 5368 Isaias,
1168 5309 1283 5362 ait:
1317 5329 1334 5357 ι
1368 5309 1646 5378 Principes
1700 5313 1777 5366 tui
1829 5313 2062 5384 diligunt
2105 5331 2353 5378 munera,
2409 5331 2498 5369 se-

950 5409 1196 5468 quuntur
1226 5402 1614 5458 retributiones
1640 5405 1705 5458 ’⁷.
1745 5425 1763 5456 ι
1801 5405 1958 5461 Tales
1987 5407 2082 5476 qui
2112 5417 2239 5462 sunt
2273 5409 2502 5463 miseros

1021 5552 1235 5650 f'ffal.
1256 5558 1439 5650 Η..Ἶῇ
1483 5559 1525 5588 ⁶¹
1560 5559 2102 5650 ιοιιὶχχξιικιίϐκη.
2153 5563 2220 5650 ﬂ"
2250 5563 2360 5650 Joh
2387 5579 2534 5650 χχχιἶ
2561 5563 2647 5615 ει.

2324 5563 2647 5650 twn“-
2708 5558 3143 5650 ζίνεκῖἰνὲκίιῖκ
3174 5550 3379 5650 ‘6'...“
3411 5550 3798 5650 Mi”.;.‘;.9;.
3851 5550 4086 5650 ."t'ai!

2316 5633 2360 5660 "‘
2392 5633 2574 5684 Matth.
2608 5648 2678 5689 γι,
2708 5631 2794 5683 9.5.
2873 5627 2916 5657 "
2944 5620 3225 5681 EccliJv.
3254 5624 3338 5677 35.
3411 5622 3455 5654 ⁹⁰
3482 5621 3649 5674 Eecli.
3675 5636 3822 5679 xm,
3849 5620 3900 5672 5.
3977 5622 4021 5651 "
4050 5620 4146 5672 Ec-

2329 5702 2376 5755 5.
2455 5703 2499 5730 ’ν’
2560 5702 2726 5754 Exod.
2771 5713 2914 5762 χχιιι,
2948 5698 3003 5750 8.
3073 5699 3118 5728 ’⁵
3149 5697 3166 5751 1
3199 5696 3328 5764 Reg.
3395 5707 3486 5752 χιι,
3539 5689 3592 5743 5.
3701 5691 3747 5722 ’⁸
3777 5691 3944 5745 Amos
3980 5689 4142 5754 ν,12.

952 5635 1063 5683 χιχ,
1094 5626 1180 5677 ‘25.
1256 5626 1300 5655 ⁸⁸
1334 5627 1350 5680 l
1381 5627 1517 5680 'l'im.
1550 5647 1620 5684 vi.
1649 5632 1698 5682 8.
1775 5631 1818 5660 ⁸⁷
1859 5633 2043 5684 Matth.
2081 5649 2129 5691 χ,
2153 5632 2204 5684 9.

952 5694 1047 5744 cli.
1085 5710 1155 5750 Iv.
1179 5697 1262 5746 56.
1341 5701 1384 5729 θ’
1416 5701 1532 5752 Act.
1572 5717 1654 5758 χχ.
1687 5700 1773 5754 55.

1851 5704 1894 5732 ⁵⁸³
1922 5702 2086 5756 Eccli.
2117 5719 2256 5758 χχχι,
2299 5702 2376 5756 15.
2455 5703 2499 5730 ’ν’

952 5762 996 5793 ’⁷
1027 5763 1124 5818 lsa.
1157 5781 1192 5825 ι,
1221 5767 1303 5820 :35.

2587 3311 2680 3364 τοῦ
2703 3310 2926 3374 Κυρίου,
2945 3308 3213 3374 λέγοντοςο
3241 3324 3258 3356 ι
3279 3305 3371 3374 Μὴ
3387 3302 3658 3372 κτήσησθε
3679 3301 3873 3371 χρυσὸν
3895 3302 3992 3352 καὶ
4041 3301 4137 3370 ἆρ-

2587 3419 2805 3469 γυρον.»
2829 3431 2896 3440 -
2917 3419 2934 3450 ι
2955 3398 3104 3468 Μηδὲ
3129 3399 3426 3467 μεριμνᾶτε
3447 3396 3498 3447 τί
3516 3397 3746 3463 φάγητε,
3777 3396 3812 3462 ἢ
3833 3395 3886 3445 τί
3920 3394 4137 3461 πίητε-ι

2587 3495 2679 3545 τὸν
2705 3491 2946 3544 τοιοῦτον
2972 3490 3182 3559 ἡνίοχον
3216 3485 3563 3548 καταϐάλλει,
3596 3486 3688 3537 καὶ
3726 3483 3831 3535 ὑπδ
3854 3484 3985 3546 τοὺς
4020 3485 4144 3535 ἑαυ-

2591 3585 2685 3638 τοῦ
2738 3585 2904 3646 πόδας
2958 3580 3252 3652 συντρίϐει.
3295 3579 3492 3641 Καλῶς
3532 3575 3624 3631 οὖν
3672 3580 3701 3631 δ
3729 3578 4144 3646 Παροιμιαστὴς

2591 3678 2844 3746 παραινεῖ
2887 3677 2997 3737 τοῖς
3046 3673 3440 3744 δωρολήπταις,
3477 3671 3669 3736 λέγων·
3714 3671 3844 3739 «Μὴ
3885 3671 4144 3731 ἐκϐιάζου

2591 3769 2817 3836 πένηταο
2853 3765 3067 3835 πτωχὸς
3099 3765 3208 3835 γάρ
3248 3766 3413 3816 ἐστιν.
3439 3783 3458 3814 ι
3489 3763 3597 3814 Kal
3637 3761 3819 3812 πάλιν
3858 3779 3877 3810 ι
3918 3761 3977 3812 '0
4007 3762 4145 3826 ἀγα-

2591 3860 2705 3911 πῶν
2734 3857 3015 3925 ἀργύριον,
3050 3855 3148 3907 οὐκ
3173 3853 3615 3922 ἐμπλησθήσεται
3633 3851 3916 3921 ἀργυρίου.
3945 3869 3962 3898 ι
4002 3851 4145 3902 Διότι

2590 3951 2619 4001 ὁ
2647 3948 2816 4014 πένης
2855 3941 2993 3998 οίδεν
3021 3941 3352 4012 πορευθῆναι
3390 3939 3678 3992 κατέναντι
3705 3938 3802 4007 τῆς
3827 3939 3996 4004 ζωῆς.
4034 3938 4145 3990 Kal

2587 4043 2667 4093 τό·
2707 4057 2724 4089 ι
2744 4038 2833 4106 Μή
2865 4036 3002 4089 ἔστω
3032 4037 3066 4103 ή
3102 4033 3222 4103 χείρ
3245 4049 3338 4084 σου
3368 4030 3704 4099 ἐκτεταμένη
3731 4032 3810 4090 εἰς
3837 4028 3901 4081 τὸ
3934 4028 4144 4088 λαϐεῖν,

2592 4133 2686 4186 καὶ
2723 4134 2780 4183 ὲν
2822 4129 2900 4198 τῷ
2939 4127 3137 4180 διδόναι
3181 4121 3603 4192 συνεσταλμένη.
3635 4141 3654 4172 ι
3683 4121 3756 4172 Τὸ
3784 4120 3919 4173 αὐτὸ
3954 4121 4012 4173 δὲ
4056 4122 4148 4174 καὶ

2590 4227 2619 4278 ὁ
2647 4221 2874 4283 Παῦλος·
2911 4237 2929 4270 ι
2953 4217 3240 4286 Μακάριόν
3287 4217 3405 4267 ἐστι
3450 4213 3648 4282 μᾶλλον
3694 4211 3916 4275 διδόναι,
3947 4212 3982 4281 ἦ
4011 4212 4149 4279 λαμ-

2593 4315 2825 4366 ϐάνειν.»
2854 4310 2912 4362 '0
2931 4308 2987 4360 δὲ
3013 4307 3173 4375 νόμος
3194 4303 3405 4373 φησίνοι
3427 4303 3500 4354 Οὑ
3523 4299 3831 4361 δικαιώσεις
3853 4300 3948 4350 τὸν
3969 4297 4145 4366 ἀσεϐῆ

2590 4406 2776 4458 ’ἐνεκεν
2797 4400 3008 4469 δώρων.
3043 4417 3061 4450 ι
3084 4398 3212 4458 Kal,
3243 4414 3261 4446 ι
3292 4393 3447 4463 Δῶρα
3471 4393 3532 4444 οὐ
3564 4391 3722 4462 λήψει
3741 4407 3754 4419 ⁸
3772 4390 3840 4442 τὰ
3860 4389 3972 4458 γὰρ
4003 4390 4151 4459 δῶρα

2597 4493 2851 4562 ἐκτυφλοί
2896 4489 3203 4558 ὀφθαλμοὺς
3254 4485 3577 4555 βλεπόντων.
3619 4503 3638 4534 ι
3662 4482 3769 4534 Καὶ
3803 4483 3832 4533 ὁ
3872 4482 4148 4550 Σαμουὴλ,

2595 4586 2693 4656 τὴν
2755 4582 2971 4651 ἐντολὴν
3015 4579 3260 4647 κατέχων
3304 4575 3400 4629 τοῦ
3432 4575 3598 4642 νόμου
3621 4613 3636 4636 ,
3673 4573 3856 4639 ἔλεγεν
3887 4571 3970 4640 τῷ
4011 4571 4146 4640 λαῷο

2603 4697 2622 4729 ι
2645 4677 2736 4745 Μὴ
2766 4677 2829 4728 ὲκ
2853 4672 3034 4743 χειρός
3055 4686 3200 4731 τινος
3220 4667 3416 4736 εῐληφα
3432 4665 3716 4734 ἐξίλασμα,
3748 4663 3781 4732 ἢ
3813 4663 4104 4732 ὑπόδημας
4126 4681 4144 4712 ι

2607 4771 2736 4826 Ἰδοὺ
2772 4771 2979 4840 μάρτυς
3004 4768 3228 4836 Κύριος.
3270 4763 3330 4814 '0
3357 4762 3412 4814 δὲ
3433 4761 3715 4830 προφήτης
3752 4757 3958 4827 Ἀμὼς,
3988 4758 4148 4825 ἀχθόο

2599 4881 2756 4935 μενος
2781 4862 2923 4915 κατὰ
2967 4859 3060 4912 τοῦ
3104 4854 3256 4918 λαοῦ,
3297 4853 3501 4920 ἔλεγεν·
3539 4851 3737 4919 «Δῶρα
3769 4849 4008 4902 tuum
4042 4849 4154 4901 est-

2597 4955 2758 5020 ξασθε
2791 4953 2940 5022 παρὰ
2988 4947 3236 5018 πτωχῶν.
3260 4965 3279 4997 ι
3306 4946 3416 4998 Kal
3459 4945 3488 4996 ὁ
3538 4942 3766 5003 Ἡσαΐας
3806 4940 4151 5009 συνηγορῶν,

2597 5045 2778 5115 φησίν·
2818 5063 2834 5094 ι
2857 5045 2920 5095 Ol
2953 5041 3209 5112 ἄρχοντες
3239 5037 3288 5090 οἱ
3317 5034 3636 5103 ἀγαπῶντες
3665 5032 3833 5100 δῶρα,
3862 5031 4154 5090 διώκοντες

2599 5134 2973 5202 ἀνταπόδομα,
3017 5149 3036 5180 ι
3111 5129 3220 5182 Kal
3279 5125 3580 5186 ταλανίζων
3649 5123 3868 5185 αὐτοὺς,
3931 5123 4150 5187 ἐπάγει·

2605 5249 2624 5280 ι
2651 5228 2809 5289 Οὐαὶ,
2847 5226 2896 5276 οί
2923 5219 3254 5282 δικαιοῦντες
3290 5217 3383 5270 τὸν
3412 5215 3582 5285 ἀσεϐῆ
3619 5215 3807 5267 ἕνεκεν
3847 5212 4061 5282 δώρων,
4105 5214 4152 5264 o!

2601 5319 2662 5371 τὺ
2689 5318 2895 5370 δίκαιον
2922 5312 3017 5366 τοῦ
3062 5309 3270 5364 δικαίου
3316 5307 3582 5376 αἴροντες.
3613 5323 3631 5353 ι
3663 5305 3770 5358 Καὶ
3801 5303 3982 5364 ἄλλος·
4019 5324 4037 5352 ι
4057 5303 4151 5354 Ξέ-

2600 5424 2690 5460 νια
2725 5405 2820 5458 κα)⁸
2875 5403 3022 5472 δῶρα
3063 5396 3362 5464 ἀποτυφλοῖ
3393 5395 3704 5464 ὀφθαλμοὺς
3754 5393 3958 5461 σοφῶν.
3984 5411 4004 5441 ι
4045 5393 4153 5445 Kal

3886 5549 3933 5580 ⁸³
3963 5549 4143 5602 Matth.

3701 5691 3747 5722 "
3777 5691 3944 5745 Amos
3980 5705 4034 5754 ν,
4070 5689 4142 5742 12.
