  <div class='ocr_page' id='page_1' title='image "/cluster/home/n/w/nwhite01/storage/ocr_20150623/89/nnc1.0046980172/756.png"; bbox 0 0 4462 6440; ppageno 0'>
   <div class='ocr_carea' id='block_1_1' title="bbox 333 402 473 466">
    <p class='ocr_par' dir='ltr' id='par_1_1' title="bbox 333 402 473 466">
     <span class='ocr_line' id='line_1_1' title="bbox 333 402 473 466; baseline 0.021 -3"><span class='ocrx_word' id='word_1_1' title='bbox 333 402 473 466; x_wconf 68' lang='grc'>1461</span> 
     </span>
    </p>
   </div>
   <div class='ocr_carea' id='block_1_2' title="bbox 1225 416 2698 481">
    <p class='ocr_par' dir='ltr' id='par_1_2' title="bbox 1225 416 2698 481">
     <span class='ocr_line' id='line_1_2' title="bbox 1225 416 2698 481; baseline 0.005 -7"><span class='ocrx_word' id='word_1_2' title='bbox 1225 416 1545 474; x_wconf 66' lang='lat' dir='ltr'><strong>IIOMILIA</strong></span> <span class='ocrx_word' id='word_1_3' title='bbox 1585 417 1741 474; x_wconf 82' lang='grc' dir='ltr'><strong>Χ.--</strong></span> <span class='ocrx_word' id='word_1_4' title='bbox 1769 418 1863 476; x_wconf 89' lang='lat' dir='ltr'><strong>DE</strong></span> <span class='ocrx_word' id='word_1_5' title='bbox 1906 420 2316 479; x_wconf 67' lang='lat' dir='ltr'><strong>I‘.\Ii(IITA&#39;I‘E</strong></span> <span class='ocrx_word' id='word_1_6' title='bbox 2352 421 2698 481; x_wconf 68' lang='lat' dir='ltr'><strong>SOIlDIDA.</strong></span> 
     </span>
    </p>
   </div>
   <div class='ocr_carea' id='block_1_3' title="bbox 3424 418 3559 483">
    <p class='ocr_par' dir='ltr' id='par_1_3' title="bbox 3424 418 3559 483">
     <span class='ocr_line' id='line_1_3' title="bbox 3424 418 3559 483; baseline 0.022 -3"><span class='ocrx_word' id='word_1_7' title='bbox 3424 418 3559 483; x_wconf 72' lang='grc'>1162</span> 
     </span>
    </p>
   </div>
   <div class='ocr_carea' id='block_1_4' title="bbox 326 514 2088 593">
    <p class='ocr_par' dir='ltr' id='par_1_4' title="bbox 326 514 2088 592">
     <span class='ocr_line' id='line_1_4' title="bbox 326 514 2088 592; baseline 0.009 -29"><span class='ocrx_word' id='word_1_8' title='bbox 326 514 518 564; x_wconf 54' lang='grc' dir='ltr'>πάλιν</span> <span class='ocrx_word' id='word_1_9' title='bbox 564 534 581 565; x_wconf 78' lang='grc' dir='ltr'><strong>ι</strong></span> <span class='ocrx_word' id='word_1_10' title='bbox 603 515 907 579; x_wconf 77' lang='grc' dir='ltr'>Ἐξύλλυσιν</span> <span class='ocrx_word' id='word_1_11' title='bbox 946 521 1135 572; x_wconf 72' lang='grc' dir='ltr'>ἑαυτὸν</span> <span class='ocrx_word' id='word_1_12' title='bbox 1167 524 1193 573; x_wconf 88' lang='grc' dir='ltr'><strong>ό</strong></span> <span class='ocrx_word' id='word_1_13' title='bbox 1222 524 1593 592; x_wconf 82' lang='grc' dir='ltr'>δωρολήπτης.</span> <span class='ocrx_word' id='word_1_14' title='bbox 1630 524 1686 575; x_wconf 88' lang='grc' dir='ltr'><strong>Ὀ</strong></span> <span class='ocrx_word' id='word_1_15' title='bbox 1715 523 1769 575; x_wconf 85' lang='grc' dir='ltr'>δὲ</span> <span class='ocrx_word' id='word_1_16' title='bbox 1800 541 1885 592; x_wconf 86' lang='grc' dir='ltr'>μι-</span> <span class='ocrx_word' id='word_1_17' title='bbox 1915 534 1956 586; x_wconf 77' lang='grc' dir='ltr'>Λ</span> <span class='ocrx_word' id='word_1_18' title='bbox 1988 541 2088 579; x_wconf 70' lang='grc' dir='ltr'>οδε(</span> 
     </span>
    </p>
   </div>
   <div class='ocr_carea' id='block_1_5' title="bbox 1793 514 3555 593">
    <p class='ocr_par' dir='ltr' id='par_1_5' title="bbox 1800 524 3555 593">
     <span class='ocr_line' id='line_1_5' title="bbox 1800 524 3555 593; baseline 0.002 -18"><span class='ocrx_word' id='word_1_19' title='bbox 1800 541 1885 592; x_wconf 84' lang='grc' dir='ltr'>μι-</span> <span class='ocrx_word' id='word_1_20' title='bbox 1915 534 1956 586; x_wconf 75' lang='grc' dir='ltr'>Λ</span> <span class='ocrx_word' id='word_1_21' title='bbox 1988 541 2104 579; x_wconf 80' lang='lat' dir='ltr'><strong>esse</strong></span> <span class='ocrx_word' id='word_1_22' title='bbox 2129 525 2457 579; x_wconf 86' lang='lat' dir='ltr'><strong>conﬁrmans</strong></span> <span class='ocrx_word' id='word_1_23' title='bbox 2490 527 2697 580; x_wconf 87' lang='lat' dir='ltr'><strong>imlueit</strong></span> <span class='ocrx_word' id='word_1_24' title='bbox 2729 542 2741 577; x_wconf 94' lang='lat'>:</span> <span class='ocrx_word' id='word_1_25' title='bbox 2793 542 2810 575; x_wconf 80' lang='grc' dir='ltr'><strong>ι</strong></span> <span class='ocrx_word' id='word_1_26' title='bbox 2847 526 2935 579; x_wconf 62' lang='lat' dir='ltr'><strong>Vae</strong></span> <span class='ocrx_word' id='word_1_27' title='bbox 2973 524 3064 593; x_wconf 90' lang='lat' dir='ltr'><strong>qui</strong></span> <span class='ocrx_word' id='word_1_28' title='bbox 3094 524 3403 593; x_wconf 88' lang='lat' dir='ltr'><strong>justiﬁcatis</strong></span> <span class='ocrx_word' id='word_1_29' title='bbox 3450 528 3555 579; x_wconf 81' lang='lat' dir='ltr'><strong>im-</strong></span> 
     </span>
    </p>
   </div>
   <div class='ocr_carea' id='block_1_6' title="bbox 326 605 1897 682">
    <p class='ocr_par' dir='ltr' id='par_1_6' title="bbox 326 605 1897 682">
     <span class='ocr_line' id='line_1_6' title="bbox 326 605 1897 682; baseline 0.006 -27"><span class='ocrx_word' id='word_1_30' title='bbox 326 605 442 655; x_wconf 86' lang='grc' dir='ltr'><strong>σῶν</strong></span> <span class='ocrx_word' id='word_1_31' title='bbox 473 606 836 678; x_wconf 68' lang='grc' dir='ltr'>δωροληψίας,</span> <span class='ocrx_word' id='word_1_32' title='bbox 879 612 1121 680; x_wconf 76' lang='grc' dir='ltr'>ζήσεται.</span> <span class='ocrx_word' id='word_1_33' title='bbox 1142 633 1159 661; x_wconf 72' lang='grc' dir='ltr'><strong>ν</strong></span> <span class='ocrx_word' id='word_1_34' title='bbox 1193 614 1298 665; x_wconf 76' lang='grc' dir='ltr'>Καὶ</span> <span class='ocrx_word' id='word_1_35' title='bbox 1339 610 1517 675; x_wconf 78' lang='grc' dir='ltr'>αὖθις·</span> <span class='ocrx_word' id='word_1_36' title='bbox 1553 613 1897 682; x_wconf 76' lang='grc' dir='ltr'>«Λαμὸἀνων</span> 
     </span>
    </p>
   </div>
   <div class='ocr_carea' id='block_1_7' title="bbox 320 696 1888 766">
    <p class='ocr_par' dir='ltr' id='par_1_7' title="bbox 320 696 1888 766">
     <span class='ocr_line' id='line_1_7' title="bbox 320 696 1888 766; baseline 0.004 -19"><span class='ocrx_word' id='word_1_37' title='bbox 320 696 478 765; x_wconf 78' lang='grc' dir='ltr'>δῶρα</span> <span class='ocrx_word' id='word_1_38' title='bbox 510 700 568 750; x_wconf 78' lang='grc' dir='ltr'><strong>ἐν</strong></span> <span class='ocrx_word' id='word_1_39' title='bbox 596 701 815 764; x_wconf 82' lang='grc' dir='ltr'>κόλποις</span> <span class='ocrx_word' id='word_1_40' title='bbox 849 703 1064 766; x_wconf 84' lang='grc' dir='ltr'>ἀδίκως,</span> <span class='ocrx_word' id='word_1_41' title='bbox 1096 706 1154 756; x_wconf 88' lang='grc' dir='ltr'><strong>ού</strong></span> <span class='ocrx_word' id='word_1_42' title='bbox 1198 704 1575 757; x_wconf 83' lang='grc' dir='ltr'>κατευοδοῦται</span> <span class='ocrx_word' id='word_1_43' title='bbox 1609 707 1666 756; x_wconf 84' lang='grc' dir='ltr'>ἐν</span> <span class='ocrx_word' id='word_1_44' title='bbox 1687 704 1843 764; x_wconf 77' lang='grc' dir='ltr'>ὁδοῖς.</span> <span class='ocrx_word' id='word_1_45' title='bbox 1872 723 1888 754; x_wconf 87' lang='grc' dir='ltr'><strong>ι</strong></span> 
     </span>
    </p>
   </div>
   <div class='ocr_carea' id='block_1_8' title="bbox 322 791 1896 866">
    <p class='ocr_par' dir='ltr' id='par_1_8' title="bbox 322 791 1896 866">
     <span class='ocr_line' id='line_1_8' title="bbox 322 791 1896 866; baseline 0.005 -27"><span class='ocrx_word' id='word_1_46' title='bbox 322 818 391 827; x_wconf 92' lang='lat'><strong><em>—</em></strong></span> <span class='ocrx_word' id='word_1_47' title='bbox 420 808 439 838; x_wconf 73' lang='grc' dir='ltr'><strong>ι</strong></span> <span class='ocrx_word' id='word_1_48' title='bbox 481 792 851 863; x_wconf 83' lang='grc' dir='ltr'>Δίρετώτερον</span> <span class='ocrx_word' id='word_1_49' title='bbox 873 791 965 848; x_wconf 72' lang='grc' dir='ltr'>οὖν</span> <span class='ocrx_word' id='word_1_50' title='bbox 986 796 1157 864; x_wconf 75' lang='grc' dir='ltr'>ὄνομα</span> <span class='ocrx_word' id='word_1_51' title='bbox 1187 797 1349 849; x_wconf 78' lang='grc' dir='ltr'>καλὸν</span> <span class='ocrx_word' id='word_1_52' title='bbox 1374 799 1403 866; x_wconf 80' lang='grc' dir='ltr'>ἢ</span> <span class='ocrx_word' id='word_1_53' title='bbox 1432 797 1683 859; x_wconf 85' lang='grc' dir='ltr'>πλοῦτος.</span> <span class='ocrx_word' id='word_1_54' title='bbox 1708 816 1726 847; x_wconf 76' lang='grc' dir='ltr'><strong>ι</strong></span> <span class='ocrx_word' id='word_1_55' title='bbox 1759 797 1815 847; x_wconf 89' lang='lat'><strong>&#39;0</strong></span> <span class='ocrx_word' id='word_1_56' title='bbox 1840 796 1896 848; x_wconf 84' lang='grc' dir='ltr'>δὲ</span> 
     </span>
    </p>
   </div>
   <div class='ocr_carea' id='block_1_9' title="bbox 321 881 1896 959">
    <p class='ocr_par' dir='ltr' id='par_1_9' title="bbox 321 881 1896 959">
     <span class='ocr_line' id='line_1_9' title="bbox 321 881 1896 959; baseline 0.006 -29"><span class='ocrx_word' id='word_1_57' title='bbox 321 881 499 933; x_wconf 77' lang='grc' dir='ltr'>Δαυῒδ</span> <span class='ocrx_word' id='word_1_58' title='bbox 540 885 631 936; x_wconf 74' lang='grc' dir='ltr'><strong>τὸν</strong></span> <span class='ocrx_word' id='word_1_59' title='bbox 678 887 808 937; x_wconf 79' lang='grc' dir='ltr'>θεὸν</span> <span class='ocrx_word' id='word_1_60' title='bbox 839 888 1218 956; x_wconf 68' lang='grc' dir='ltr'><strong>ἐξαιτούμενος</strong></span> <span class='ocrx_word' id='word_1_61' title='bbox 1262 887 1467 956; x_wconf 83' lang='grc' dir='ltr'>ἔλεγεν·</span> <span class='ocrx_word' id='word_1_62' title='bbox 1502 908 1520 939; x_wconf 78' lang='grc' dir='ltr'><strong>ι</strong></span> <span class='ocrx_word' id='word_1_63' title='bbox 1565 890 1656 959; x_wconf 84' lang='grc' dir='ltr'><strong>Μὴ</strong></span> <span class='ocrx_word' id='word_1_64' title='bbox 1688 904 1896 941; x_wconf 80' lang='grc' dir='ltr'>συναπ-</span> 
     </span>
    </p>
   </div>
   <div class='ocr_carea' id='block_1_10' title="bbox 321 974 1898 1049">
    <p class='ocr_par' dir='ltr' id='par_1_10' title="bbox 321 974 1898 1049">
     <span class='ocr_line' id='line_1_10' title="bbox 321 974 1898 1049; baseline 0.004 -25"><span class='ocrx_word' id='word_1_65' title='bbox 321 974 415 1025; x_wconf 78' lang='grc' dir='ltr'>ολέ</span> <span class='ocrx_word' id='word_1_66' title='bbox 429 991 529 1045; x_wconf 68' lang='grc' dir='ltr'><strong>της</strong></span> <span class='ocrx_word' id='word_1_67' title='bbox 558 978 695 1044; x_wconf 83' lang='grc' dir='ltr'><strong>μετά</strong></span> <span class='ocrx_word' id='word_1_68' title='bbox 720 978 927 1030; x_wconf 79' lang='grc' dir='ltr'>ἀσεϐῶν</span> <span class='ocrx_word' id='word_1_69' title='bbox 949 981 1047 1049; x_wconf 78' lang='grc' dir='ltr'>τὴν</span> <span class='ocrx_word' id='word_1_70' title='bbox 1064 980 1242 1048; x_wconf 68' lang='grc' dir='ltr'>ψυχήν</span> <span class='ocrx_word' id='word_1_71' title='bbox 1268 997 1389 1049; x_wconf 91' lang='grc' dir='ltr'>μου,</span> <span class='ocrx_word' id='word_1_72' title='bbox 1410 981 1500 1032; x_wconf 74' lang='grc' dir='ltr'>καὶ</span> <span class='ocrx_word' id='word_1_73' title='bbox 1528 982 1664 1048; x_wconf 85' lang='grc' dir='ltr'><strong>μετά</strong></span> <span class='ocrx_word' id='word_1_74' title='bbox 1689 980 1898 1048; x_wconf 88' lang='grc' dir='ltr'>ἀνδρῶν</span> 
     </span>
    </p>
   </div>
   <div class='ocr_carea' id='block_1_11' title="bbox 324 1064 1894 1140">
    <p class='ocr_par' dir='ltr' id='par_1_11' title="bbox 324 1064 1894 1140">
     <span class='ocr_line' id='line_1_11' title="bbox 324 1064 1894 1140; baseline -0.004 -11"><span class='ocrx_word' id='word_1_75' title='bbox 324 1066 587 1129; x_wconf 67' lang='grc' dir='ltr'><strong>αἱμάτων</strong></span> <span class='ocrx_word' id='word_1_76' title='bbox 632 1068 728 1138; x_wconf 73' lang='grc' dir='ltr'><strong>τὴν</strong></span> <span class='ocrx_word' id='word_1_77' title='bbox 777 1070 922 1139; x_wconf 79' lang='grc' dir='ltr'>ζωήν</span> <span class='ocrx_word' id='word_1_78' title='bbox 972 1088 1070 1139; x_wconf 85' lang='grc' dir='ltr'><strong>μου</strong></span> <span class='ocrx_word' id='word_1_79' title='bbox 1094 1088 1105 1097; x_wconf 73' lang='grc'><strong>⁸</strong></span> <span class='ocrx_word' id='word_1_80' title='bbox 1138 1064 1211 1121; x_wconf 79' lang='grc' dir='ltr'>ὢν</span> <span class='ocrx_word' id='word_1_81' title='bbox 1243 1072 1302 1122; x_wconf 81' lang='grc' dir='ltr'>ἐν</span> <span class='ocrx_word' id='word_1_82' title='bbox 1353 1073 1541 1140; x_wconf 78' lang='grc' dir='ltr'>χερσὶν</span> <span class='ocrx_word' id='word_1_83' title='bbox 1574 1073 1628 1123; x_wconf 88' lang='grc' dir='ltr'><strong>αί</strong></span> <span class='ocrx_word' id='word_1_84' title='bbox 1654 1072 1894 1140; x_wconf 81' lang='grc' dir='ltr'>ἀνομίαι,</span> 
     </span>
    </p>
   </div>
   <div class='ocr_carea' id='block_1_12' title="bbox 323 1157 1901 1232">
    <p class='ocr_par' dir='ltr' id='par_1_12' title="bbox 323 1157 1901 1232">
     <span class='ocr_line' id='line_1_12' title="bbox 323 1157 1901 1232; baseline 0.006 -26"><span class='ocrx_word' id='word_1_85' title='bbox 323 1158 355 1222; x_wconf 72' lang='grc' dir='ltr'><strong>ἡ</strong></span> <span class='ocrx_word' id='word_1_86' title='bbox 386 1157 545 1219; x_wconf 79' lang='grc' dir='ltr'>δεξιά</span> <span class='ocrx_word' id='word_1_87' title='bbox 595 1160 772 1211; x_wconf 81' lang='grc' dir='ltr'>αὐτῶν</span> <span class='ocrx_word' id='word_1_88' title='bbox 815 1161 1054 1232; x_wconf 74' lang='grc' dir='ltr'>ἐπλήσθη</span> <span class='ocrx_word' id='word_1_89' title='bbox 1104 1161 1289 1228; x_wconf 82' lang='grc' dir='ltr'><strong>δώρων</strong></span> <span class='ocrx_word' id='word_1_90' title='bbox 1316 1177 1330 1192; x_wconf 79' lang='grc' dir='ltr'><strong><em>ο</em></strong></span> <span class='ocrx_word' id='word_1_91' title='bbox 1364 1180 1383 1211; x_wconf 77' lang='grc' dir='ltr'><strong>ι</strong></span> <span class='ocrx_word' id='word_1_92' title='bbox 1417 1162 1631 1224; x_wconf 77' lang='grc' dir='ltr'>ἀσεϐεῖς</span> <span class='ocrx_word' id='word_1_93' title='bbox 1663 1164 1756 1215; x_wconf 81' lang='grc' dir='ltr'>καὶ</span> <span class='ocrx_word' id='word_1_94' title='bbox 1785 1163 1901 1215; x_wconf 87' lang='grc' dir='ltr'>ἀνό-</span> 
     </span>
    </p>
   </div>
   <div class='ocr_carea' id='block_1_13' title="bbox 327 1249 1895 1320">
    <p class='ocr_par' dir='ltr' id='par_1_13' title="bbox 327 1249 1895 1320">
     <span class='ocr_line' id='line_1_13' title="bbox 327 1249 1895 1320; baseline 0.006 -25"><span class='ocrx_word' id='word_1_95' title='bbox 327 1263 471 1311; x_wconf 74' lang='grc' dir='ltr'>μους</span> <span class='ocrx_word' id='word_1_96' title='bbox 506 1249 703 1317; x_wconf 83' lang='grc' dir='ltr'>ἄνδρας</span> <span class='ocrx_word' id='word_1_97' title='bbox 736 1251 981 1319; x_wconf 79' lang='grc' dir='ltr'>αἱμάτων</span> <span class='ocrx_word' id='word_1_98' title='bbox 1007 1250 1316 1305; x_wconf 75' lang='grc' dir='ltr'>,ἀποκαλῶν</span> <span class='ocrx_word' id='word_1_99' title='bbox 1360 1250 1483 1309; x_wconf 84' lang='grc' dir='ltr'>τοὺς</span> <span class='ocrx_word' id='word_1_100' title='bbox 1521 1250 1895 1320; x_wconf 77' lang='grc' dir='ltr'>δωρολήπτας.</span> 
     </span>
    </p>
   </div>
   <div class='ocr_carea' id='block_1_14' title="bbox 327 1336 1899 1409">
    <p class='ocr_par' dir='ltr' id='par_1_14' title="bbox 327 1336 1899 1409">
     <span class='ocr_line' id='line_1_14' title="bbox 327 1336 1899 1409; baseline 0.003 -21"><span class='ocrx_word' id='word_1_101' title='bbox 327 1337 441 1389; x_wconf 73' lang='grc' dir='ltr'>Καὶ</span> <span class='ocrx_word' id='word_1_102' title='bbox 506 1336 678 1402; x_wconf 76' lang='grc' dir='ltr'>αὖθις·</span> <span class='ocrx_word' id='word_1_103' title='bbox 714 1360 732 1391; x_wconf 77' lang='grc' dir='ltr'><strong>ι</strong></span> <span class='ocrx_word' id='word_1_104' title='bbox 762 1343 1002 1409; x_wconf 75' lang='grc' dir='ltr'>Ἄφρων,</span> <span class='ocrx_word' id='word_1_105' title='bbox 1040 1343 1133 1395; x_wconf 72' lang='grc' dir='ltr'><strong>καὶ</strong></span> <span class='ocrx_word' id='word_1_106' title='bbox 1172 1342 1353 1403; x_wconf 84' lang='grc' dir='ltr'>ἄνους,</span> <span class='ocrx_word' id='word_1_107' title='bbox 1404 1341 1755 1405; x_wconf 79' lang='grc' dir='ltr'>ἀπολοῦνται,</span> <span class='ocrx_word' id='word_1_108' title='bbox 1806 1343 1899 1394; x_wconf 79' lang='grc' dir='ltr'>καὶ</span> 
     </span>
    </p>
   </div>
   <div class='ocr_carea' id='block_1_15' title="bbox 324 1428 1899 1502">
    <p class='ocr_par' dir='ltr' id='par_1_15' title="bbox 324 1428 1899 1502">
     <span class='ocr_line' id='line_1_15' title="bbox 324 1428 1899 1502; baseline 0.004 -24"><span class='ocrx_word' id='word_1_109' title='bbox 324 1428 752 1498; x_wconf 70' lang='grc' dir='ltr'>καταλείψουσιν</span> <span class='ocrx_word' id='word_1_110' title='bbox 771 1432 1070 1502; x_wconf 82' lang='grc' dir='ltr'>ἀλλοτρίοις</span> <span class='ocrx_word' id='word_1_111' title='bbox 1095 1435 1186 1485; x_wconf 82' lang='grc' dir='ltr'><strong>τὸν</strong></span> <span class='ocrx_word' id='word_1_112' title='bbox 1219 1431 1445 1486; x_wconf 88' lang='grc' dir='ltr'>πλοῦτον</span> <span class='ocrx_word' id='word_1_113' title='bbox 1469 1433 1661 1485; x_wconf 79' lang='grc' dir='ltr'>αὐτῶν.</span> <span class='ocrx_word' id='word_1_114' title='bbox 1697 1453 1714 1483; x_wconf 77' lang='grc' dir='ltr'><strong>ι</strong></span> <span class='ocrx_word' id='word_1_115' title='bbox 1756 1435 1899 1485; x_wconf 85' lang='grc' dir='ltr'>Ἴσον</span> 
     </span>
    </p>
   </div>
   <div class='ocr_carea' id='block_1_16' title="bbox 320 1519 1898 1595">
    <p class='ocr_par' dir='ltr' id='par_1_16' title="bbox 320 1519 1898 1595">
     <span class='ocr_line' id='line_1_16' title="bbox 320 1519 1898 1595; baseline 0.004 -25"><span class='ocrx_word' id='word_1_116' title='bbox 320 1519 401 1583; x_wconf 77' lang='grc' dir='ltr'>τῷ</span> <span class='ocrx_word' id='word_1_117' title='bbox 426 1523 627 1574; x_wconf 79' lang='grc' dir='ltr'>εἰπεῖν·</span> <span class='ocrx_word' id='word_1_118' title='bbox 663 1542 679 1574; x_wconf 78' lang='grc' dir='ltr'><strong>ι</strong></span> <span class='ocrx_word' id='word_1_119' title='bbox 706 1526 947 1593; x_wconf 70' lang='grc' dir='ltr'>Ἄφρων,</span> <span class='ocrx_word' id='word_1_120' title='bbox 978 1524 1149 1595; x_wconf 84' lang='grc' dir='ltr'>ταύτῃ</span> <span class='ocrx_word' id='word_1_121' title='bbox 1172 1528 1237 1595; x_wconf 83' lang='grc' dir='ltr'>τῇ</span> <span class='ocrx_word' id='word_1_122' title='bbox 1260 1527 1413 1577; x_wconf 82' lang='grc' dir='ltr'>νυκτὶ</span> <span class='ocrx_word' id='word_1_123' title='bbox 1445 1526 1764 1578; x_wconf 81' lang='grc' dir='ltr'>ἀπαιτοῦσιν</span> <span class='ocrx_word' id='word_1_124' title='bbox 1792 1524 1898 1579; x_wconf 88' lang='grc' dir='ltr'><strong>ἀπὸ</strong></span> 
     </span>
    </p>
   </div>
   <div class='ocr_carea' id='block_1_17' title="bbox 327 1610 1888 1686">
    <p class='ocr_par' dir='ltr' id='par_1_17' title="bbox 327 1610 1888 1686">
     <span class='ocr_line' id='line_1_17' title="bbox 327 1610 1888 1686; baseline 0.019 -27"><span class='ocrx_word' id='word_1_125' title='bbox 327 1610 424 1661; x_wconf 74' lang='grc' dir='ltr'><strong>σοῦ</strong></span> <span class='ocrx_word' id='word_1_126' title='bbox 456 1614 561 1682; x_wconf 78' lang='grc' dir='ltr'>τὴν</span> <span class='ocrx_word' id='word_1_127' title='bbox 590 1614 765 1683; x_wconf 76' lang='grc' dir='ltr'>ψυχήν</span> <span class='ocrx_word' id='word_1_128' title='bbox 802 1633 924 1668; x_wconf 84' lang='grc' dir='ltr'>σου·</span> <span class='ocrx_word' id='word_1_129' title='bbox 960 1619 995 1670; x_wconf 82' lang='grc' dir='ltr'><strong>ἀ</strong></span> <span class='ocrx_word' id='word_1_130' title='bbox 1036 1618 1091 1669; x_wconf 85' lang='grc' dir='ltr'><strong>δὲ</strong></span> <span class='ocrx_word' id='word_1_131' title='bbox 1122 1617 1423 1686; x_wconf 70' lang='grc' dir='ltr'>ἡτοίμασας</span> <span class='ocrx_word' id='word_1_132' title='bbox 1456 1617 1603 1679; x_wconf 81' lang='grc' dir='ltr'>τινος</span> <span class='ocrx_word' id='word_1_133' title='bbox 1651 1616 1802 1668; x_wconf 72' lang='grc' dir='ltr'>ἔσται</span> <span class='ocrx_word' id='word_1_134' title='bbox 1829 1635 1843 1678; x_wconf 73' lang='grc' dir='ltr'>ς</span> <span class='ocrx_word' id='word_1_135' title='bbox 1870 1635 1888 1667; x_wconf 69' lang='grc' dir='ltr'><em>υ</em></span> 
     </span>
    </p>
   </div>
   <div class='ocr_carea' id='block_1_18' title="bbox 324 1702 1895 1777">
    <p class='ocr_par' dir='ltr' id='par_1_18' title="bbox 324 1702 1895 1777">
     <span class='ocr_line' id='line_1_18' title="bbox 324 1702 1895 1777; baseline 0.005 -25"><span class='ocrx_word' id='word_1_136' title='bbox 324 1702 575 1773; x_wconf 72' lang='grc' dir='ltr'>ἄφρονας</span> <span class='ocrx_word' id='word_1_137' title='bbox 603 1706 782 1758; x_wconf 79' lang='grc' dir='ltr'>καλῶν</span> <span class='ocrx_word' id='word_1_138' title='bbox 813 1708 938 1769; x_wconf 77' lang='grc' dir='ltr'>τοὺς</span> <span class='ocrx_word' id='word_1_139' title='bbox 978 1710 1034 1759; x_wconf 81' lang='grc' dir='ltr'>ὲν</span> <span class='ocrx_word' id='word_1_140' title='bbox 1064 1708 1278 1777; x_wconf 88' lang='grc' dir='ltr'>πλούτῳ</span> <span class='ocrx_word' id='word_1_141' title='bbox 1316 1707 1666 1769; x_wconf 79' lang='grc' dir='ltr'>πεποιθότας,</span> <span class='ocrx_word' id='word_1_142' title='bbox 1708 1707 1797 1759; x_wconf 59' lang='lat' dir='ltr'><strong>aia;</strong></span> <span class='ocrx_word' id='word_1_143' title='bbox 1834 1708 1895 1760; x_wconf 82' lang='grc' dir='ltr'><strong>τὸ</strong></span> 
     </span>
    </p>
   </div>
   <div class='ocr_carea' id='block_1_19' title="bbox 324 1788 1888 1866">
    <p class='ocr_par' dir='ltr' id='par_1_19' title="bbox 324 1788 1888 1866">
     <span class='ocr_line' id='line_1_19' title="bbox 324 1788 1888 1866; baseline 0.007 -29"><span class='ocrx_word' id='word_1_144' title='bbox 324 1788 529 1854; x_wconf 75' lang='grc' dir='ltr'>ἄδηλον</span> <span class='ocrx_word' id='word_1_145' title='bbox 565 1791 655 1843; x_wconf 89' lang='grc' dir='ltr'><strong>τοῦ</strong></span> <span class='ocrx_word' id='word_1_146' title='bbox 686 1795 743 1844; x_wconf 82' lang='grc' dir='ltr'><strong>ἐν</strong></span> <span class='ocrx_word' id='word_1_147' title='bbox 789 1795 952 1862; x_wconf 75' lang='grc' dir='ltr'>σαρκὶ</span> <span class='ocrx_word' id='word_1_148' title='bbox 994 1795 1131 1863; x_wconf 86' lang='grc' dir='ltr'>βίου.</span> <span class='ocrx_word' id='word_1_149' title='bbox 1158 1798 1267 1848; x_wconf 78' lang='grc' dir='ltr'><strong>Καὶ</strong></span> <span class='ocrx_word' id='word_1_150' title='bbox 1294 1796 1478 1848; x_wconf 76' lang='grc' dir='ltr'>πάλινο</span> <span class='ocrx_word' id='word_1_151' title='bbox 1515 1816 1532 1847; x_wconf 79' lang='grc' dir='ltr'><strong>ι</strong></span> <span class='ocrx_word' id='word_1_152' title='bbox 1563 1798 1757 1848; x_wconf 86' lang='grc' dir='ltr'>Κλῖνον</span> <span class='ocrx_word' id='word_1_153' title='bbox 1787 1796 1888 1866; x_wconf 84' lang='grc' dir='ltr'>τὴν</span> 
     </span>
    </p>
   </div>
   <div class='ocr_carea' id='block_1_20' title="bbox 1997 617 3553 687">
    <p class='ocr_par' dir='ltr' id='par_1_20' title="bbox 1997 617 3553 687">
     <span class='ocr_line' id='line_1_20' title="bbox 1997 617 3553 687; baseline 0.002 -18"><span class='ocrx_word' id='word_1_154' title='bbox 1997 619 2146 686; x_wconf 90' lang='lat' dir='ltr'><strong>pium</strong></span> <span class='ocrx_word' id='word_1_155' title='bbox 2190 635 2288 687; x_wconf 91' lang='lat' dir='ltr'><strong>pro</strong></span> <span class='ocrx_word' id='word_1_156' title='bbox 2337 619 2688 682; x_wconf 80' lang='lat' dir='ltr'><strong>muneribus,</strong></span> <span class='ocrx_word' id='word_1_157' title='bbox 2726 618 2820 687; x_wconf 91' lang='lat' dir='ltr'><strong>qui</strong></span> <span class='ocrx_word' id='word_1_158' title='bbox 2874 617 3101 671; x_wconf 87' lang='lat' dir='ltr'><strong>aul&#39;ertis</strong></span> <span class='ocrx_word' id='word_1_159' title='bbox 3150 631 3180 669; x_wconf 91' lang='lat' dir='ltr'><strong>a</strong></span> <span class='ocrx_word' id='word_1_160' title='bbox 3227 618 3376 685; x_wconf 88' lang='lat' dir='ltr'><strong>justo</strong></span> <span class='ocrx_word' id='word_1_161' title='bbox 3408 620 3553 687; x_wconf 89' lang='lat' dir='ltr'><strong>quod</strong></span> 
     </span>
    </p>
   </div>
   <div class='ocr_carea' id='block_1_21' title="bbox 1988 708 3558 779">
    <p class='ocr_par' dir='ltr' id='par_1_21' title="bbox 1988 708 3558 779">
     <span class='ocr_line' id='line_1_21' title="bbox 1988 708 3558 779; baseline 0.001 -19"><span class='ocrx_word' id='word_1_162' title='bbox 1988 710 2197 779; x_wconf 88' lang='lat' dir='ltr'><strong>justum</strong></span> <span class='ocrx_word' id='word_1_163' title='bbox 2238 720 2341 771; x_wconf 88' lang='lat' dir='ltr'><strong>est,</strong></span> <span class='ocrx_word' id='word_1_164' title='bbox 2378 720 2433 763; x_wconf 92' lang='lat' dir='ltr'><strong>et</strong></span> <span class='ocrx_word' id='word_1_165' title='bbox 2456 710 2647 778; x_wconf 88' lang='lat' dir='ltr'><strong>capitis</strong></span> <span class='ocrx_word' id='word_1_166' title='bbox 2669 709 2825 762; x_wconf 81' lang='lat' dir='ltr'><strong>xenia</strong></span> <span class='ocrx_word' id='word_1_167' title='bbox 2848 708 2922 761; x_wconf 76' lang='lat' dir='ltr'><strong>&quot;l</strong></span> <span class='ocrx_word' id='word_1_168' title='bbox 2968 726 2985 758; x_wconf 76' lang='grc' dir='ltr'><strong>ι</strong></span> <span class='ocrx_word' id='word_1_169' title='bbox 3016 708 3080 761; x_wconf 84' lang='lat' dir='ltr'><strong>Et</strong></span> <span class='ocrx_word' id='word_1_170' title='bbox 3110 725 3121 761; x_wconf 92' lang='lat'>:</span> <span class='ocrx_word' id='word_1_171' title='bbox 3162 726 3181 758; x_wconf 72' lang='grc' dir='ltr'><strong>ι</strong></span> <span class='ocrx_word' id='word_1_172' title='bbox 3210 708 3357 761; x_wconf 88' lang='lat' dir='ltr'><strong>Dona</strong></span> <span class='ocrx_word' id='word_1_173' title='bbox 3387 724 3558 761; x_wconf 55' lang='lat' dir='ltr'><strong>exeas-</strong></span> 
     </span>
    </p>
   </div>
   <div class='ocr_carea' id='block_1_22' title="bbox 1993 796 3557 868">
    <p class='ocr_par' dir='ltr' id='par_1_22' title="bbox 1993 796 3557 868">
     <span class='ocr_line' id='line_1_22' title="bbox 1993 796 3557 868; baseline -0.001 -17"><span class='ocrx_word' id='word_1_174' title='bbox 1993 807 2119 852; x_wconf 91' lang='lat' dir='ltr'><strong>eant</strong></span> <span class='ocrx_word' id='word_1_175' title='bbox 2155 801 2345 853; x_wconf 87' lang='lat' dir='ltr'><strong>oculos</strong></span> <span class='ocrx_word' id='word_1_176' title='bbox 2377 799 2704 868; x_wconf 84' lang='lat' dir='ltr'><strong>sapientium</strong></span> <span class='ocrx_word' id='word_1_177' title='bbox 2729 801 2794 852; x_wconf 70' lang='grc' dir='ltr'>θ’.</span> <span class='ocrx_word' id='word_1_178' title='bbox 2836 817 2856 848; x_wconf 71' lang='grc' dir='ltr'><strong>ι</strong></span> <span class='ocrx_word' id='word_1_179' title='bbox 2900 796 3100 850; x_wconf 82' lang='lat' dir='ltr'><strong>Iterum</strong></span> <span class='ocrx_word' id='word_1_180' title='bbox 3136 815 3148 849; x_wconf 76' lang='grc' dir='ltr'><strong>ε</strong></span> <span class='ocrx_word' id='word_1_181' title='bbox 3188 817 3205 847; x_wconf 78' lang='grc' dir='ltr'><strong>ι</strong></span> <span class='ocrx_word' id='word_1_182' title='bbox 3245 796 3431 851; x_wconf 78' lang='lat' dir='ltr'><strong>Perdit</strong></span> <span class='ocrx_word' id='word_1_183' title='bbox 3468 814 3557 851; x_wconf 85' lang='lat' dir='ltr'><strong>se-</strong></span> 
     </span>
    </p>
   </div>
   <div class='ocr_carea' id='block_1_23' title="bbox 1995 888 3559 957">
    <p class='ocr_par' dir='ltr' id='par_1_23' title="bbox 1995 888 3559 957">
     <span class='ocr_line' id='line_1_23' title="bbox 1995 888 3559 957; baseline -0.001 -16"><span class='ocrx_word' id='word_1_184' title='bbox 1995 889 2193 957; x_wconf 91' lang='lat' dir='ltr'><strong>ipsum,</strong></span> <span class='ocrx_word' id='word_1_185' title='bbox 2230 890 2324 957; x_wconf 90' lang='lat' dir='ltr'><strong>qui</strong></span> <span class='ocrx_word' id='word_1_186' title='bbox 2368 890 2565 957; x_wconf 88' lang='lat' dir='ltr'><strong>accipit</strong></span> <span class='ocrx_word' id='word_1_187' title='bbox 2600 905 2850 952; x_wconf 89' lang='lat' dir='ltr'><strong>munera,</strong></span> <span class='ocrx_word' id='word_1_188' title='bbox 2886 888 2979 957; x_wconf 86' lang='lat' dir='ltr'><strong>qui</strong></span> <span class='ocrx_word' id='word_1_189' title='bbox 3026 897 3205 941; x_wconf 89' lang='lat' dir='ltr'><strong>autem</strong></span> <span class='ocrx_word' id='word_1_190' title='bbox 3234 888 3364 940; x_wconf 88' lang='lat' dir='ltr'><strong>odio</strong></span> <span class='ocrx_word' id='word_1_191' title='bbox 3394 888 3559 940; x_wconf 84' lang='lat' dir='ltr'><strong>habet</strong></span> 
     </span>
    </p>
   </div>
   <div class='ocr_carea' id='block_1_24' title="bbox 1993 972 3559 1048">
    <p class='ocr_par' dir='ltr' id='par_1_24' title="bbox 1993 972 3559 1048">
     <span class='ocr_line' id='line_1_24' title="bbox 1993 972 3559 1048; baseline -0.002 -16"><span class='ocrx_word' id='word_1_192' title='bbox 1993 980 2339 1048; x_wconf 88' lang='lat' dir='ltr'><strong>acceptiones</strong></span> <span class='ocrx_word' id='word_1_193' title='bbox 2365 996 2677 1040; x_wconf 89' lang='lat' dir='ltr'><strong>munerum,</strong></span> <span class='ocrx_word' id='word_1_194' title='bbox 2710 980 2854 1033; x_wconf 88' lang='lat' dir='ltr'><strong>vivet</strong></span> <span class='ocrx_word' id='word_1_195' title='bbox 2881 981 2917 1033; x_wconf 84' lang='lat'><strong>&#39;.</strong></span> <span class='ocrx_word' id='word_1_196' title='bbox 2963 999 2979 1030; x_wconf 81' lang='grc' dir='ltr'><strong>ι</strong></span> <span class='ocrx_word' id='word_1_197' title='bbox 3022 980 3261 1033; x_wconf 76' lang='lat' dir='ltr'><strong>Rursum</strong></span> <span class='ocrx_word' id='word_1_198' title='bbox 3296 998 3307 1031; x_wconf 91' lang='lat'>:</span> <span class='ocrx_word' id='word_1_199' title='bbox 3345 998 3362 1028; x_wconf 79' lang='grc' dir='ltr'><strong>ι</strong></span> <span class='ocrx_word' id='word_1_200' title='bbox 3398 972 3559 1031; x_wconf 72' lang='lat' dir='ltr'><strong>Aeci-</strong></span> 
     </span>
    </p>
   </div>
   <div class='ocr_carea' id='block_1_25' title="bbox 1992 1069 3554 1139">
    <p class='ocr_par' dir='ltr' id='par_1_25' title="bbox 1992 1069 3554 1139">
     <span class='ocr_line' id='line_1_25' title="bbox 1992 1069 3554 1139; baseline -0.001 -18"><span class='ocrx_word' id='word_1_201' title='bbox 1992 1070 2147 1138; x_wconf 84' lang='lat' dir='ltr'><strong>piens</strong></span> <span class='ocrx_word' id='word_1_202' title='bbox 2170 1086 2394 1124; x_wconf 88' lang='lat' dir='ltr'><strong>munera</strong></span> <span class='ocrx_word' id='word_1_203' title='bbox 2419 1072 2471 1123; x_wconf 94' lang='lat' dir='ltr'><strong>in</strong></span> <span class='ocrx_word' id='word_1_204' title='bbox 2491 1072 2702 1123; x_wconf 87' lang='lat' dir='ltr'><strong>sinibus</strong></span> <span class='ocrx_word' id='word_1_205' title='bbox 2728 1070 2945 1137; x_wconf 87' lang='lat' dir='ltr'><strong>injuste,</strong></span> <span class='ocrx_word' id='word_1_206' title='bbox 2976 1086 3086 1123; x_wconf 87' lang='lat' dir='ltr'><strong>non</strong></span> <span class='ocrx_word' id='word_1_207' title='bbox 3120 1080 3472 1139; x_wconf 88' lang='lat' dir='ltr'><strong>prosperatur</strong></span> <span class='ocrx_word' id='word_1_208' title='bbox 3498 1069 3554 1121; x_wconf 91' lang='lat' dir='ltr'><strong>in</strong></span> 
     </span>
    </p>
   </div>
   <div class='ocr_carea' id='block_1_26' title="bbox 1992 1161 3554 1229">
    <p class='ocr_par' dir='ltr' id='par_1_26' title="bbox 1992 1161 3554 1229">
     <span class='ocr_line' id='line_1_26' title="bbox 1992 1161 3554 1229; baseline -0.001 -17"><span class='ocrx_word' id='word_1_209' title='bbox 1992 1161 2096 1213; x_wconf 91' lang='lat' dir='ltr'><strong>viis</strong></span> <span class='ocrx_word' id='word_1_210' title='bbox 2119 1163 2233 1215; x_wconf 88' lang='lat' dir='ltr'><strong>suis</strong></span> <span class='ocrx_word' id='word_1_211' title='bbox 2252 1164 2327 1213; x_wconf 72' lang='grc'><strong>⁸.»</strong></span> <span class='ocrx_word' id='word_1_212' title='bbox 2345 1190 2410 1202; x_wconf 92' lang='grc'><strong>-</strong></span> <span class='ocrx_word' id='word_1_213' title='bbox 2437 1180 2453 1211; x_wconf 80' lang='grc' dir='ltr'><strong>ι</strong></span> <span class='ocrx_word' id='word_1_214' title='bbox 2482 1161 2673 1215; x_wconf 80' lang='lat' dir='ltr'><strong>Melius</strong></span> <span class='ocrx_word' id='word_1_215' title='bbox 2694 1162 2878 1229; x_wconf 89' lang='lat' dir='ltr'><strong>itaque</strong></span> <span class='ocrx_word' id='word_1_216' title='bbox 2909 1178 3110 1215; x_wconf 88' lang='lat' dir='ltr'><strong>nomen</strong></span> <span class='ocrx_word' id='word_1_217' title='bbox 3146 1162 3373 1219; x_wconf 86' lang='lat' dir='ltr'><strong>bonum,</strong></span> <span class='ocrx_word' id='word_1_218' title='bbox 3391 1176 3554 1227; x_wconf 86' lang='lat' dir='ltr'><strong>quam</strong></span> 
     </span>
    </p>
   </div>
   <div class='ocr_carea' id='block_1_27' title="bbox 1996 1254 3558 1323">
    <p class='ocr_par' dir='ltr' id='par_1_27' title="bbox 1996 1254 3558 1323">
     <span class='ocr_line' id='line_1_27' title="bbox 1996 1254 3558 1323; baseline -0.003 -16"><span class='ocrx_word' id='word_1_219' title='bbox 1996 1254 2199 1307; x_wconf 66' lang='lat' dir='ltr'><strong>divitiae</strong></span> <span class='ocrx_word' id='word_1_220' title='bbox 2227 1256 2265 1307; x_wconf 87' lang='grc'>³.</span> <span class='ocrx_word' id='word_1_221' title='bbox 2308 1273 2325 1305; x_wconf 79' lang='grc' dir='ltr'><strong>ι</strong></span> <span class='ocrx_word' id='word_1_222' title='bbox 2370 1255 2536 1307; x_wconf 81' lang='lat' dir='ltr'><strong>David</strong></span> <span class='ocrx_word' id='word_1_223' title='bbox 2568 1254 2798 1323; x_wconf 87' lang='lat' dir='ltr'><strong>proinde</strong></span> <span class='ocrx_word' id='word_1_224' title='bbox 2834 1263 3090 1321; x_wconf 86' lang='lat' dir='ltr'><strong>precatus</strong></span> <span class='ocrx_word' id='word_1_225' title='bbox 3142 1254 3456 1310; x_wconf 82' lang='lat' dir='ltr'><strong>Dmninum,</strong></span> <span class='ocrx_word' id='word_1_226' title='bbox 3497 1261 3558 1303; x_wconf 90' lang='lat' dir='ltr'><strong>ut</strong></span> 
     </span>
    </p>
   </div>
   <div class='ocr_carea' id='block_1_28' title="bbox 1999 1342 3556 1410">
    <p class='ocr_par' dir='ltr' id='par_1_28' title="bbox 1999 1342 3556 1410">
     <span class='ocr_line' id='line_1_28' title="bbox 1999 1342 3556 1410; baseline -0.001 -13"><span class='ocrx_word' id='word_1_227' title='bbox 1999 1344 2128 1397; x_wconf 92' lang='lat' dir='ltr'><strong>huic</strong></span> <span class='ocrx_word' id='word_1_228' title='bbox 2156 1345 2486 1398; x_wconf 87' lang='lat' dir='ltr'><strong>eximeretur</strong></span> <span class='ocrx_word' id='word_1_229' title='bbox 2516 1362 2687 1407; x_wconf 71' lang='lat' dir='ltr'><strong>nime,</strong></span> <span class='ocrx_word' id='word_1_230' title='bbox 2724 1344 2943 1399; x_wconf 82' lang='lat' dir='ltr'><strong>dicebat</strong></span> <span class='ocrx_word' id='word_1_231' title='bbox 2972 1361 2985 1396; x_wconf 85' lang='lat'><strong>:</strong></span> <span class='ocrx_word' id='word_1_232' title='bbox 3012 1362 3029 1393; x_wconf 77' lang='grc' dir='ltr'><strong>ι</strong></span> <span class='ocrx_word' id='word_1_233' title='bbox 3063 1343 3140 1396; x_wconf 86' lang='lat' dir='ltr'><strong>Ne</strong></span> <span class='ocrx_word' id='word_1_234' title='bbox 3166 1343 3327 1395; x_wconf 90' lang='lat' dir='ltr'><strong>simul</strong></span> <span class='ocrx_word' id='word_1_235' title='bbox 3359 1342 3556 1410; x_wconf 89' lang='lat' dir='ltr'><strong>perdas</strong></span> 
     </span>
    </p>
   </div>
   <div class='ocr_carea' id='block_1_29' title="bbox 1997 1430 3557 1502">
    <p class='ocr_par' dir='ltr' id='par_1_29' title="bbox 1997 1430 3557 1502">
     <span class='ocr_line' id='line_1_29' title="bbox 1997 1430 3557 1502; baseline -0.004 -15"><span class='ocrx_word' id='word_1_236' title='bbox 1997 1448 2121 1487; x_wconf 91' lang='lat' dir='ltr'><strong>cum</strong></span> <span class='ocrx_word' id='word_1_237' title='bbox 2159 1433 2340 1502; x_wconf 84' lang='lat' dir='ltr'><strong>impiis</strong></span> <span class='ocrx_word' id='word_1_238' title='bbox 2382 1433 2617 1486; x_wconf 89' lang='lat' dir='ltr'><strong>animam</strong></span> <span class='ocrx_word' id='word_1_239' title='bbox 2667 1447 2862 1492; x_wconf 87' lang='lat' dir='ltr'><strong>meam,</strong></span> <span class='ocrx_word' id='word_1_240' title='bbox 2896 1438 2952 1483; x_wconf 91' lang='lat' dir='ltr'><strong>et</strong></span> <span class='ocrx_word' id='word_1_241' title='bbox 2985 1446 3109 1485; x_wconf 92' lang='lat' dir='ltr'><strong>cum</strong></span> <span class='ocrx_word' id='word_1_242' title='bbox 3162 1430 3296 1482; x_wconf 91' lang='lat' dir='ltr'><strong>viris</strong></span> <span class='ocrx_word' id='word_1_243' title='bbox 3336 1430 3557 1497; x_wconf 74' lang='lat' dir='ltr'><strong>sangui-</strong></span> 
     </span>
    </p>
   </div>
   <div class='ocr_carea' id='block_1_30' title="bbox 1996 1521 3557 1591">
    <p class='ocr_par' dir='ltr' id='par_1_30' title="bbox 1996 1521 3557 1591">
     <span class='ocr_line' id='line_1_30' title="bbox 1996 1521 3557 1591; baseline -0.005 -13"><span class='ocrx_word' id='word_1_244' title='bbox 1996 1541 2127 1579; x_wconf 86' lang='lat' dir='ltr'><strong>nuin</strong></span> <span class='ocrx_word' id='word_1_245' title='bbox 2156 1526 2323 1578; x_wconf 86' lang='lat' dir='ltr'><strong>vitam</strong></span> <span class='ocrx_word' id='word_1_246' title='bbox 2356 1538 2553 1585; x_wconf 83' lang='lat' dir='ltr'><strong>meam,</strong></span> <span class='ocrx_word' id='word_1_247' title='bbox 2589 1524 2643 1575; x_wconf 92' lang='lat' dir='ltr'><strong>in</strong></span> <span class='ocrx_word' id='word_1_248' title='bbox 2677 1539 2908 1591; x_wconf 85' lang='lat' dir='ltr'><strong>quorum</strong></span> <span class='ocrx_word' id='word_1_249' title='bbox 2944 1521 3198 1575; x_wconf 89' lang='lat' dir='ltr'><strong>manibus</strong></span> <span class='ocrx_word' id='word_1_250' title='bbox 3238 1521 3557 1587; x_wconf 84' lang='lat' dir='ltr'><strong>iniquitates</strong></span> 
     </span>
    </p>
   </div>
   <div class='ocr_carea' id='block_1_31' title="bbox 1995 1608 3550 1681">
    <p class='ocr_par' dir='ltr' id='par_1_31' title="bbox 1995 1608 3550 1681">
     <span class='ocr_line' id='line_1_31' title="bbox 1995 1608 3550 1681; baseline -0.006 -12"><span class='ocrx_word' id='word_1_251' title='bbox 1995 1624 2159 1670; x_wconf 83' lang='lat' dir='ltr'><strong>sunt:</strong></span> <span class='ocrx_word' id='word_1_252' title='bbox 2196 1614 2419 1667; x_wconf 86' lang='lat' dir='ltr'><strong>dextera</strong></span> <span class='ocrx_word' id='word_1_253' title='bbox 2469 1628 2660 1667; x_wconf 90' lang='lat' dir='ltr'><strong>eorum</strong></span> <span class='ocrx_word' id='word_1_254' title='bbox 2719 1612 2923 1681; x_wconf 88' lang='lat' dir='ltr'><strong>repleta</strong></span> <span class='ocrx_word' id='word_1_255' title='bbox 2970 1618 3055 1662; x_wconf 87' lang='lat' dir='ltr'><strong>est</strong></span> <span class='ocrx_word' id='word_1_256' title='bbox 3104 1608 3492 1663; x_wconf 58' lang='lat' dir='ltr'><strong>muneribus‘.</strong></span> <span class='ocrx_word' id='word_1_257' title='bbox 3533 1627 3550 1657; x_wconf 75' lang='grc' dir='ltr'><strong>ι</strong></span> 
     </span>
    </p>
   </div>
   <div class='ocr_carea' id='block_1_32' title="bbox 1995 1701 3556 1774">
    <p class='ocr_par' dir='ltr' id='par_1_32' title="bbox 1995 1701 3556 1774">
     <span class='ocr_line' id='line_1_32' title="bbox 1995 1701 3556 1774; baseline -0.004 -17"><span class='ocrx_word' id='word_1_258' title='bbox 1995 1705 2214 1773; x_wconf 80' lang='lat' dir='ltr'><strong>Impius,</strong></span> <span class='ocrx_word' id='word_1_259' title='bbox 2240 1706 2455 1774; x_wconf 76' lang='lat' dir='ltr'><strong>exleges</strong></span> <span class='ocrx_word' id='word_1_260' title='bbox 2477 1704 2590 1758; x_wconf 88' lang='lat' dir='ltr'><strong>sive</strong></span> <span class='ocrx_word' id='word_1_261' title='bbox 2616 1704 2855 1772; x_wconf 85' lang='lat' dir='ltr'><strong>iniquos,</strong></span> <span class='ocrx_word' id='word_1_262' title='bbox 2882 1713 3044 1771; x_wconf 85' lang='lat' dir='ltr'><strong>atque</strong></span> <span class='ocrx_word' id='word_1_263' title='bbox 3063 1702 3211 1753; x_wconf 89' lang='lat' dir='ltr'><strong>viros</strong></span> <span class='ocrx_word' id='word_1_264' title='bbox 3227 1701 3556 1767; x_wconf 68' lang='lat' dir='ltr'><strong>sanguinum</strong></span> 
     </span>
    </p>
   </div>
   <div class='ocr_carea' id='block_1_33' title="bbox 1995 1793 3557 1864">
    <p class='ocr_par' dir='ltr' id='par_1_33' title="bbox 1995 1793 3557 1864">
     <span class='ocr_line' id='line_1_33' title="bbox 1995 1793 3557 1864; baseline -0.003 -15"><span class='ocrx_word' id='word_1_265' title='bbox 1995 1797 2124 1849; x_wconf 90' lang='lat' dir='ltr'><strong>dum</strong></span> <span class='ocrx_word' id='word_1_266' title='bbox 2184 1796 2501 1849; x_wconf 85' lang='lat' dir='ltr'><strong>nominatim</strong></span> <span class='ocrx_word' id='word_1_267' title='bbox 2557 1796 2893 1864; x_wconf 75' lang='lat' dir='ltr'><strong>perstringit,</strong></span> <span class='ocrx_word' id='word_1_268' title='bbox 2949 1793 3191 1847; x_wconf 87' lang='lat' dir='ltr'><strong>insinuat</strong></span> <span class='ocrx_word' id='word_1_269' title='bbox 3252 1801 3557 1859; x_wconf 79' lang='lat' dir='ltr'><strong>captatores</strong></span> 
     </span>
    </p>
   </div>
   <div class='ocr_carea' id='block_1_34' title="bbox 325 1878 2087 1957">
    <p class='ocr_par' dir='ltr' id='par_1_34' title="bbox 325 1878 2087 1957">
     <span class='ocr_line' id='line_1_34' title="bbox 325 1878 2087 1957; baseline 0.005 -29"><span class='ocrx_word' id='word_1_270' title='bbox 325 1878 562 1946; x_wconf 79' lang='grc' dir='ltr'>καρδίαν</span> <span class='ocrx_word' id='word_1_271' title='bbox 589 1899 688 1950; x_wconf 91' lang='grc' dir='ltr'><strong>μου</strong></span> <span class='ocrx_word' id='word_1_272' title='bbox 712 1886 791 1945; x_wconf 89' lang='grc' dir='ltr'><strong>είς</strong></span> <span class='ocrx_word' id='word_1_273' title='bbox 822 1886 887 1936; x_wconf 67' lang='grc' dir='ltr'>τὰ</span> <span class='ocrx_word' id='word_1_274' title='bbox 910 1884 1184 1954; x_wconf 82' lang='grc' dir='ltr'>μαρτύριά</span> <span class='ocrx_word' id='word_1_275' title='bbox 1215 1904 1328 1950; x_wconf 84' lang='grc' dir='ltr'>σου,</span> <span class='ocrx_word' id='word_1_276' title='bbox 1358 1887 1449 1937; x_wconf 72' lang='grc' dir='ltr'><strong>καὶ</strong></span> <span class='ocrx_word' id='word_1_277' title='bbox 1486 1888 1559 1957; x_wconf 78' lang='grc' dir='ltr'>μὴ</span> <span class='ocrx_word' id='word_1_278' title='bbox 1590 1890 1667 1948; x_wconf 88' lang='grc' dir='ltr'>εἰς</span> <span class='ocrx_word' id='word_1_279' title='bbox 1705 1888 1895 1938; x_wconf 77' lang='grc' dir='ltr'>πλεον-</span> <span class='ocrx_word' id='word_1_280' title='bbox 1929 1887 1967 1941; x_wconf 83' lang='grc' dir='ltr'><strong>Β</strong></span> <span class='ocrx_word' id='word_1_281' title='bbox 1999 1902 2087 1938; x_wconf 85' lang='grc' dir='ltr'>ιιιιι</span> 
     </span>
    </p>
   </div>
   <div class='ocr_carea' id='block_1_35' title="bbox 1790 1878 3552 1957">
    <p class='ocr_par' dir='ltr' id='par_1_35' title="bbox 1790 1883 3552 1954">
     <span class='ocr_line' id='line_1_35' title="bbox 1790 1883 3552 1954; baseline 0 -18"><span class='ocrx_word' id='word_1_282' title='bbox 1790 1904 1895 1936; x_wconf 77' lang='lat' dir='ltr'><strong>:w—</strong></span> <span class='ocrx_word' id='word_1_283' title='bbox 1929 1887 1967 1941; x_wconf 83' lang='grc' dir='ltr'><strong>Β</strong></span> <span class='ocrx_word' id='word_1_284' title='bbox 1999 1902 2311 1939; x_wconf 89' lang='lat' dir='ltr'><strong>munerum.</strong></span> <span class='ocrx_word' id='word_1_285' title='bbox 2364 1886 2533 1939; x_wconf 89' lang='lat' dir='ltr'><strong>Item:</strong></span> <span class='ocrx_word' id='word_1_286' title='bbox 2571 1904 2588 1934; x_wconf 75' lang='grc' dir='ltr'><strong>ι</strong></span> <span class='ocrx_word' id='word_1_287' title='bbox 2630 1885 2898 1954; x_wconf 90' lang='lat' dir='ltr'><strong>Insipiens</strong></span> <span class='ocrx_word' id='word_1_288' title='bbox 2934 1894 2989 1938; x_wconf 90' lang='lat' dir='ltr'><strong>ct</strong></span> <span class='ocrx_word' id='word_1_289' title='bbox 3034 1885 3237 1937; x_wconf 85' lang='lat' dir='ltr'><strong>stultus</strong></span> <span class='ocrx_word' id='word_1_290' title='bbox 3272 1883 3552 1952; x_wconf 84' lang='lat' dir='ltr'><strong>p&#39;eribunt.</strong></span> 
     </span>
    </p>
   </div>
   <div class='ocr_carea' id='block_1_36' title="bbox 324 1972 1892 2047">
    <p class='ocr_par' dir='ltr' id='par_1_36' title="bbox 324 1972 1892 2047">
     <span class='ocr_line' id='line_1_36' title="bbox 324 1972 1892 2047; baseline 0.001 -20"><span class='ocrx_word' id='word_1_291' title='bbox 324 1972 502 2033; x_wconf 73' lang='grc' dir='ltr'>εξίαν.</span> <span class='ocrx_word' id='word_1_292' title='bbox 560 1992 578 2023; x_wconf 78' lang='grc' dir='ltr'><strong>ι</strong></span> <span class='ocrx_word' id='word_1_293' title='bbox 622 1974 677 2027; x_wconf 92' lang='grc' dir='ltr'>Ὁ</span> <span class='ocrx_word' id='word_1_294' title='bbox 714 1975 770 2027; x_wconf 79' lang='grc' dir='ltr'>δὲ</span> <span class='ocrx_word' id='word_1_295' title='bbox 834 1975 951 2027; x_wconf 82' lang='grc' dir='ltr'><strong>Ἰὼϐ</strong></span> <span class='ocrx_word' id='word_1_296' title='bbox 1003 1976 1260 2030; x_wconf 81' lang='grc' dir='ltr'>δεικνύων</span> <span class='ocrx_word' id='word_1_297' title='bbox 1305 1978 1367 2029; x_wconf 85' lang='grc' dir='ltr'><strong>τὸ</strong></span> <span class='ocrx_word' id='word_1_298' title='bbox 1427 1978 1663 2047; x_wconf 81' lang='grc' dir='ltr'>καθαρὸν</span> <span class='ocrx_word' id='word_1_299' title='bbox 1704 1977 1892 2037; x_wconf 85' lang='grc' dir='ltr'>αὑτοῦ.</span> 
     </span>
    </p>
   </div>
   <div class='ocr_carea' id='block_1_37' title="bbox 326 2062 1886 2139">
    <p class='ocr_par' dir='ltr' id='par_1_37' title="bbox 326 2062 1886 2139">
     <span class='ocr_line' id='line_1_37' title="bbox 326 2062 1886 2139; baseline 0.006 -28"><span class='ocrx_word' id='word_1_300' title='bbox 326 2062 503 2129; x_wconf 81' lang='grc' dir='ltr'>λέγει·</span> <span class='ocrx_word' id='word_1_301' title='bbox 540 2081 559 2113; x_wconf 77' lang='grc' dir='ltr'><strong>ι</strong></span> <span class='ocrx_word' id='word_1_302' title='bbox 590 2064 648 2115; x_wconf 80' lang='grc' dir='ltr'><strong>Εἰ</strong></span> <span class='ocrx_word' id='word_1_303' title='bbox 679 2064 734 2117; x_wconf 85' lang='grc' dir='ltr'>δὲ</span> <span class='ocrx_word' id='word_1_304' title='bbox 767 2067 857 2117; x_wconf 70' lang='grc' dir='ltr'>καὶ</span> <span class='ocrx_word' id='word_1_305' title='bbox 883 2069 1001 2129; x_wconf 85' lang='grc' dir='ltr'>ταῖς</span> <span class='ocrx_word' id='word_1_306' title='bbox 1025 2069 1179 2138; x_wconf 79' lang='grc' dir='ltr'>χερσί</span> <span class='ocrx_word' id='word_1_307' title='bbox 1215 2085 1317 2138; x_wconf 90' lang='grc' dir='ltr'><strong>μου</strong></span> <span class='ocrx_word' id='word_1_308' title='bbox 1366 2069 1589 2139; x_wconf 71' lang='grc' dir='ltr'>ἡψάμην</span> <span class='ocrx_word' id='word_1_309' title='bbox 1640 2069 1848 2137; x_wconf 87' lang='grc' dir='ltr'>δώρων.</span> <span class='ocrx_word' id='word_1_310' title='bbox 1868 2086 1886 2117; x_wconf 77' lang='grc' dir='ltr'><strong>ι</strong></span> 
     </span>
    </p>
   </div>
   <div class='ocr_carea' id='block_1_38' title="bbox 326 2156 1884 2230">
    <p class='ocr_par' dir='ltr' id='par_1_38' title="bbox 326 2156 1884 2230">
     <span class='ocr_line' id='line_1_38' title="bbox 326 2156 1884 2230; baseline 0.006 -25"><span class='ocrx_word' id='word_1_311' title='bbox 326 2156 435 2205; x_wconf 75' lang='grc' dir='ltr'>Καὶ</span> <span class='ocrx_word' id='word_1_312' title='bbox 469 2157 499 2207; x_wconf 86' lang='grc' dir='ltr'>ὁ</span> <span class='ocrx_word' id='word_1_313' title='bbox 532 2157 735 2226; x_wconf 84' lang='grc' dir='ltr'>Κύριος</span> <span class='ocrx_word' id='word_1_314' title='bbox 782 2161 873 2211; x_wconf 72' lang='grc' dir='ltr'>καὶ</span> <span class='ocrx_word' id='word_1_315' title='bbox 912 2161 1101 2230; x_wconf 84' lang='grc' dir='ltr'>Σωτὴρ</span> <span class='ocrx_word' id='word_1_316' title='bbox 1144 2162 1297 2229; x_wconf 83' lang='grc' dir='ltr'>ήμῶν</span> <span class='ocrx_word' id='word_1_317' title='bbox 1342 2163 1667 2225; x_wconf 80' lang='grc' dir='ltr'>ἐντέλλεται,</span> <span class='ocrx_word' id='word_1_318' title='bbox 1693 2161 1884 2228; x_wconf 80' lang='grc' dir='ltr'>λέγων’</span> 
     </span>
    </p>
   </div>
   <div class='ocr_carea' id='block_1_39' title="bbox 329 2244 1883 2324">
    <p class='ocr_par' dir='ltr' id='par_1_39' title="bbox 329 2244 1883 2324">
     <span class='ocr_line' id='line_1_39' title="bbox 329 2244 1883 2324; baseline 0.006 -29"><span class='ocrx_word' id='word_1_319' title='bbox 329 2265 347 2295; x_wconf 79' lang='grc' dir='ltr'><strong>ι</strong></span> <span class='ocrx_word' id='word_1_320' title='bbox 394 2248 616 2317; x_wconf 76' lang='grc' dir='ltr'>Ὁρᾶτε,</span> <span class='ocrx_word' id='word_1_321' title='bbox 649 2252 743 2302; x_wconf 76' lang='grc' dir='ltr'><strong>καὶ</strong></span> <span class='ocrx_word' id='word_1_322' title='bbox 771 2252 1107 2317; x_wconf 78' lang='grc' dir='ltr'>φυλάσσεσθε</span> <span class='ocrx_word' id='word_1_323' title='bbox 1150 2254 1257 2306; x_wconf 81' lang='grc' dir='ltr'><strong>ἀπὸ</strong></span> <span class='ocrx_word' id='word_1_324' title='bbox 1297 2244 1478 2324; x_wconf 71' lang='grc' dir='ltr'>πάσης</span> <span class='ocrx_word' id='word_1_325' title='bbox 1504 2254 1837 2317; x_wconf 84' lang='grc' dir='ltr'>πλεονεξίας,</span> <span class='ocrx_word' id='word_1_326' title='bbox 1864 2271 1883 2304; x_wconf 74' lang='grc' dir='ltr'><strong>ι</strong></span> 
     </span>
    </p>
   </div>
   <div class='ocr_carea' id='block_1_40' title="bbox 324 2339 1890 2415">
    <p class='ocr_par' dir='ltr' id='par_1_40' title="bbox 324 2339 1890 2415">
     <span class='ocr_line' id='line_1_40' title="bbox 324 2339 1890 2415; baseline 0.007 -27"><span class='ocrx_word' id='word_1_327' title='bbox 324 2339 406 2389; x_wconf 75' lang='grc' dir='ltr'><strong>ὅτι</strong></span> <span class='ocrx_word' id='word_1_328' title='bbox 430 2340 537 2391; x_wconf 82' lang='grc' dir='ltr'><strong>οῦκ</strong></span> <span class='ocrx_word' id='word_1_329' title='bbox 568 2342 623 2390; x_wconf 82' lang='grc' dir='ltr'><strong>ὲν</strong></span> <span class='ocrx_word' id='word_1_330' title='bbox 656 2341 734 2410; x_wconf 84' lang='grc' dir='ltr'>τῷ</span> <span class='ocrx_word' id='word_1_331' title='bbox 765 2346 1109 2412; x_wconf 80' lang='grc' dir='ltr'>περισσεύειν</span> <span class='ocrx_word' id='word_1_332' title='bbox 1132 2347 1238 2396; x_wconf 75' lang='grc' dir='ltr'>τινὶ</span> <span class='ocrx_word' id='word_1_333' title='bbox 1267 2347 1299 2413; x_wconf 82' lang='grc' dir='ltr'>ή</span> <span class='ocrx_word' id='word_1_334' title='bbox 1324 2347 1436 2415; x_wconf 80' lang='grc' dir='ltr'>ζωὴ</span> <span class='ocrx_word' id='word_1_335' title='bbox 1462 2346 1625 2398; x_wconf 75' lang='grc' dir='ltr'>αὐτοῦ</span> <span class='ocrx_word' id='word_1_336' title='bbox 1659 2348 1803 2399; x_wconf 82' lang='grc' dir='ltr'>ἐστιν</span> <span class='ocrx_word' id='word_1_337' title='bbox 1827 2348 1890 2399; x_wconf 79' lang='grc' dir='ltr'>ἐκ</span> 
     </span>
    </p>
   </div>
   <div class='ocr_carea' id='block_1_41' title="bbox 323 2428 1890 2509">
    <p class='ocr_par' dir='ltr' id='par_1_41' title="bbox 323 2428 1890 2509">
     <span class='ocr_line' id='line_1_41' title="bbox 323 2428 1890 2509; baseline 0.008 -31"><span class='ocrx_word' id='word_1_338' title='bbox 323 2428 432 2481; x_wconf 90' lang='grc' dir='ltr'><strong>τῶν</strong></span> <span class='ocrx_word' id='word_1_339' title='bbox 451 2431 812 2503; x_wconf 76' lang='grc' dir='ltr'>ὑπαρχόντων</span> <span class='ocrx_word' id='word_1_340' title='bbox 840 2436 1005 2506; x_wconf 73' lang='grc' dir='ltr'>αὐτῷ.</span> <span class='ocrx_word' id='word_1_341' title='bbox 1028 2438 1184 2509; x_wconf 80' lang='grc' dir='ltr'>Αὐτῷ</span> <span class='ocrx_word' id='word_1_342' title='bbox 1206 2440 1239 2507; x_wconf 83' lang='grc' dir='ltr'>ἠ</span> <span class='ocrx_word' id='word_1_343' title='bbox 1269 2438 1394 2501; x_wconf 78' lang='grc' dir='ltr'>δόξα</span> <span class='ocrx_word' id='word_1_344' title='bbox 1423 2441 1501 2501; x_wconf 86' lang='grc' dir='ltr'>εἰς</span> <span class='ocrx_word' id='word_1_345' title='bbox 1532 2441 1654 2502; x_wconf 72' lang='grc' dir='ltr'>τοὺς</span> <span class='ocrx_word' id='word_1_346' title='bbox 1690 2440 1890 2500; x_wconf 82' lang='grc' dir='ltr'>αἰῶνας</span> 
     </span>
    </p>
   </div>
   <div class='ocr_carea' id='block_1_42' title="bbox 323 2522 934 2596">
    <p class='ocr_par' dir='ltr' id='par_1_42' title="bbox 323 2522 934 2596">
     <span class='ocr_line' id='line_1_42' title="bbox 323 2522 934 2596; baseline 0.016 -25"><span class='ocrx_word' id='word_1_347' title='bbox 323 2522 431 2573; x_wconf 80' lang='grc' dir='ltr'><strong>τῶν</strong></span> <span class='ocrx_word' id='word_1_348' title='bbox 462 2524 700 2578; x_wconf 79' lang='grc' dir='ltr'>αἰώνων.</span> <span class='ocrx_word' id='word_1_349' title='bbox 740 2527 795 2577; x_wconf 80' lang='grc' dir='ltr'>Ἀ</span> <span class='ocrx_word' id='word_1_350' title='bbox 804 2528 934 2596; x_wconf 84' lang='grc' dir='ltr'>μήν.</span> 
     </span>
    </p>
   </div>
   <div class='ocr_carea' id='block_1_43' title="bbox 1990 1976 3557 2046">
    <p class='ocr_par' dir='ltr' id='par_1_43' title="bbox 1990 1976 3557 2046">
     <span class='ocr_line' id='line_1_43' title="bbox 1990 1976 3557 2046; baseline -0.004 -14"><span class='ocrx_word' id='word_1_351' title='bbox 1990 1989 2045 2032; x_wconf 92' lang='lat' dir='ltr'><strong>et</strong></span> <span class='ocrx_word' id='word_1_352' title='bbox 2080 1979 2392 2046; x_wconf 82' lang='lat' dir='ltr'><strong>relinquent</strong></span> <span class='ocrx_word' id='word_1_353' title='bbox 2426 1978 2620 2031; x_wconf 88' lang='lat' dir='ltr'><strong>alienis</strong></span> <span class='ocrx_word' id='word_1_354' title='bbox 2646 1977 2867 2031; x_wconf 86' lang='lat' dir='ltr'><strong>divitias</strong></span> <span class='ocrx_word' id='word_1_355' title='bbox 2896 1992 3023 2030; x_wconf 90' lang='lat' dir='ltr'><strong>suas</strong></span> <span class='ocrx_word' id='word_1_356' title='bbox 3047 1977 3089 2031; x_wconf 84' lang='grc'>⁸.</span> <span class='ocrx_word' id='word_1_357' title='bbox 3123 1994 3141 2025; x_wconf 71' lang='grc' dir='ltr'><strong>ι</strong></span> <span class='ocrx_word' id='word_1_358' title='bbox 3168 1976 3243 2028; x_wconf 80' lang='lat' dir='ltr'><strong>Ae</strong></span> <span class='ocrx_word' id='word_1_359' title='bbox 3270 1976 3315 2027; x_wconf 91' lang='lat' dir='ltr'><strong>si</strong></span> <span class='ocrx_word' id='word_1_360' title='bbox 3348 1976 3557 2027; x_wconf 78' lang='lat' dir='ltr'><strong>diceret</strong></span> 
     </span>
    </p>
   </div>
   <div class='ocr_carea' id='block_1_44' title="bbox 1994 2066 3555 2135">
    <p class='ocr_par' dir='ltr' id='par_1_44' title="bbox 1994 2066 3555 2135">
     <span class='ocr_line' id='line_1_44' title="bbox 1994 2066 3555 2135; baseline -0.006 -11"><span class='ocrx_word' id='word_1_361' title='bbox 1994 2069 2126 2123; x_wconf 91' lang='lat' dir='ltr'><strong>illml</strong></span> <span class='ocrx_word' id='word_1_362' title='bbox 2166 2086 2178 2119; x_wconf 93' lang='lat'>:</span> <span class='ocrx_word' id='word_1_363' title='bbox 2226 2088 2242 2118; x_wconf 78' lang='grc' dir='ltr'><strong>ι</strong></span> <span class='ocrx_word' id='word_1_364' title='bbox 2270 2068 2467 2130; x_wconf 89' lang='lat' dir='ltr'><strong>Stulte,</strong></span> <span class='ocrx_word' id='word_1_365' title='bbox 2496 2077 2655 2121; x_wconf 90' lang='lat' dir='ltr'><strong>nocte</strong></span> <span class='ocrx_word' id='word_1_366' title='bbox 2690 2069 2791 2121; x_wconf 89' lang='lat' dir='ltr'><strong>hac</strong></span> <span class='ocrx_word' id='word_1_367' title='bbox 2837 2074 3086 2135; x_wconf 81' lang='lat' dir='ltr'><strong>repetent</strong></span> <span class='ocrx_word' id='word_1_368' title='bbox 3130 2083 3159 2118; x_wconf 89' lang='lat' dir='ltr'><strong>a</strong></span> <span class='ocrx_word' id='word_1_369' title='bbox 3211 2074 3263 2118; x_wconf 91' lang='lat' dir='ltr'><strong>te</strong></span> <span class='ocrx_word' id='word_1_370' title='bbox 3320 2066 3555 2116; x_wconf 89' lang='lat' dir='ltr'><strong>animam</strong></span> 
     </span>
    </p>
   </div>
   <div class='ocr_carea' id='block_1_45' title="bbox 1995 2157 3549 2230">
    <p class='ocr_par' dir='ltr' id='par_1_45' title="bbox 1995 2157 3549 2230">
     <span class='ocr_line' id='line_1_45' title="bbox 1995 2157 3549 2230; baseline -0.006 -14"><span class='ocrx_word' id='word_1_371' title='bbox 1995 2172 2140 2216; x_wconf 85' lang='lat' dir='ltr'><strong>tuam</strong></span> <span class='ocrx_word' id='word_1_372' title='bbox 2158 2163 2212 2214; x_wconf 77' lang='lat'><strong>‘:</strong></span> <span class='ocrx_word' id='word_1_373' title='bbox 2245 2181 2261 2212; x_wconf 81' lang='grc' dir='ltr'><strong>ι</strong></span> <span class='ocrx_word' id='word_1_374' title='bbox 2279 2178 2400 2230; x_wconf 72' lang='lat' dir='ltr'><strong>qua:</strong></span> <span class='ocrx_word' id='word_1_375' title='bbox 2421 2172 2603 2215; x_wconf 91' lang='lat' dir='ltr'><strong>autem</strong></span> <span class='ocrx_word' id='word_1_376' title='bbox 2627 2180 2644 2209; x_wconf 79' lang='grc' dir='ltr'><strong>ι</strong></span> <span class='ocrx_word' id='word_1_377' title='bbox 2672 2161 2943 2229; x_wconf 84' lang='lat' dir='ltr'><strong>apparasti</strong></span> <span class='ocrx_word' id='word_1_378' title='bbox 2960 2160 3081 2223; x_wconf 87' lang='lat' dir='ltr'><strong>tibi,</strong></span> <span class='ocrx_word' id='word_1_379' title='bbox 3100 2160 3258 2227; x_wconf 87' lang='lat' dir='ltr'><strong>cujus</strong></span> <span class='ocrx_word' id='word_1_380' title='bbox 3278 2165 3441 2211; x_wconf 89' lang='lat' dir='ltr'><strong>erunt</strong></span> <span class='ocrx_word' id='word_1_381' title='bbox 3457 2157 3513 2209; x_wconf 89' lang='lat'><strong>&quot;?</strong></span> <span class='ocrx_word' id='word_1_382' title='bbox 3532 2174 3549 2206; x_wconf 77' lang='grc' dir='ltr'><strong>ι</strong></span> 
     </span>
    </p>
   </div>
   <div class='ocr_carea' id='block_1_46' title="bbox 1993 2246 3554 2321">
    <p class='ocr_par' dir='ltr' id='par_1_46' title="bbox 1993 2246 3554 2321">
     <span class='ocr_line' id='line_1_46' title="bbox 1993 2246 3554 2321; baseline -0.006 -13"><span class='ocrx_word' id='word_1_383' title='bbox 1993 2255 2203 2308; x_wconf 86' lang='lat' dir='ltr'><strong>Stultos</strong></span> <span class='ocrx_word' id='word_1_384' title='bbox 2245 2254 2404 2321; x_wconf 88' lang='lat' dir='ltr'><strong>plane</strong></span> <span class='ocrx_word' id='word_1_385' title='bbox 2447 2267 2543 2305; x_wconf 89' lang='lat' dir='ltr'><strong>eos</strong></span> <span class='ocrx_word' id='word_1_386' title='bbox 2583 2252 2851 2313; x_wconf 87' lang='lat' dir='ltr'><strong>nominat,</strong></span> <span class='ocrx_word' id='word_1_387' title='bbox 2890 2251 2982 2319; x_wconf 92' lang='lat' dir='ltr'><strong>qui</strong></span> <span class='ocrx_word' id='word_1_388' title='bbox 3013 2264 3237 2319; x_wconf 89' lang='lat' dir='ltr'><strong>scopum</strong></span> <span class='ocrx_word' id='word_1_389' title='bbox 3269 2265 3381 2302; x_wconf 68' lang='lat' dir='ltr'><strong>sum</strong></span> <span class='ocrx_word' id='word_1_390' title='bbox 3439 2246 3554 2315; x_wconf 85' lang='lat' dir='ltr'><strong>spei</strong></span> 
     </span>
    </p>
   </div>
   <div class='ocr_carea' id='block_1_47' title="bbox 1994 2336 3557 2411">
    <p class='ocr_par' dir='ltr' id='par_1_47' title="bbox 1994 2336 3557 2411">
     <span class='ocr_line' id='line_1_47' title="bbox 1994 2336 3557 2411; baseline -0.006 -13"><span class='ocrx_word' id='word_1_391' title='bbox 1994 2345 2203 2398; x_wconf 86' lang='lat' dir='ltr'><strong>divitiis</strong></span> <span class='ocrx_word' id='word_1_392' title='bbox 2232 2344 2450 2411; x_wconf 82' lang='lat' dir='ltr'><strong>alligunt</strong></span> <span class='ocrx_word' id='word_1_393' title='bbox 2476 2360 2488 2394; x_wconf 89' lang='lat'><strong>:</strong></span> <span class='ocrx_word' id='word_1_394' title='bbox 2516 2357 2690 2409; x_wconf 86' lang='lat' dir='ltr'><strong>eoque</strong></span> <span class='ocrx_word' id='word_1_395' title='bbox 2718 2342 2892 2405; x_wconf 90' lang='lat' dir='ltr'><strong>stulti,</strong></span> <span class='ocrx_word' id='word_1_396' title='bbox 2927 2356 3051 2393; x_wconf 90' lang='lat' dir='ltr'><strong>cum</strong></span> <span class='ocrx_word' id='word_1_397' title='bbox 3085 2340 3457 2406; x_wconf 86' lang='lat' dir='ltr'><strong>ineompertus</strong></span> <span class='ocrx_word' id='word_1_398' title='bbox 3487 2336 3557 2389; x_wconf 88' lang='lat' dir='ltr'><strong>sit</strong></span> 
     </span>
    </p>
   </div>
   <div class='ocr_carea' id='block_1_48' title="bbox 1994 2427 3565 2501">
    <p class='ocr_par' dir='ltr' id='par_1_48' title="bbox 1994 2427 3565 2501">
     <span class='ocr_line' id='line_1_48' title="bbox 1994 2427 3565 2501; baseline -0.006 -13"><span class='ocrx_word' id='word_1_399' title='bbox 1994 2450 2095 2488; x_wconf 89' lang='lat' dir='ltr'><strong>nec</strong></span> <span class='ocrx_word' id='word_1_400' title='bbox 2120 2442 2267 2487; x_wconf 86' lang='lat' dir='ltr'><strong>certo</strong></span> <span class='ocrx_word' id='word_1_401' title='bbox 2290 2432 2622 2501; x_wconf 82' lang='lat' dir='ltr'><strong>deprehendi</strong></span> <span class='ocrx_word' id='word_1_402' title='bbox 2651 2440 2814 2498; x_wconf 83' lang='lat' dir='ltr'><strong>queat</strong></span> <span class='ocrx_word' id='word_1_403' title='bbox 2855 2431 3011 2483; x_wconf 89' lang='lat' dir='ltr'><strong>istius</strong></span> <span class='ocrx_word' id='word_1_404' title='bbox 3044 2431 3169 2481; x_wconf 76' lang='lat' dir='ltr'><strong>vita:</strong></span> <span class='ocrx_word' id='word_1_405' title='bbox 3192 2429 3389 2481; x_wconf 79' lang='lat' dir='ltr'><strong>exitus.</strong></span> <span class='ocrx_word' id='word_1_406' title='bbox 3424 2427 3565 2479; x_wconf 69' lang='lat' dir='ltr'><strong>Ilur-</strong></span> 
     </span>
    </p>
   </div>
   <div class='ocr_carea' id='block_1_49' title="bbox 1995 2523 3556 2580">
    <p class='ocr_par' dir='ltr' id='par_1_49' title="bbox 1995 2523 3556 2580">
     <span class='ocr_line' id='line_1_49' title="bbox 1995 2523 3556 2580; baseline -0.004 0"><span class='ocrx_word' id='word_1_407' title='bbox 1995 2542 2087 2580; x_wconf 92' lang='lat' dir='ltr'><strong>sus</strong></span> <span class='ocrx_word' id='word_1_408' title='bbox 2120 2545 2132 2579; x_wconf 93' lang='lat'>:</span> <span class='ocrx_word' id='word_1_409' title='bbox 2167 2546 2183 2576; x_wconf 82' lang='grc' dir='ltr'><strong>ι</strong></span> <span class='ocrx_word' id='word_1_410' title='bbox 2224 2527 2428 2578; x_wconf 87' lang='lat' dir='ltr'><strong>Inelina</strong></span> <span class='ocrx_word' id='word_1_411' title='bbox 2461 2540 2557 2577; x_wconf 89' lang='lat' dir='ltr'><strong>cor</strong></span> <span class='ocrx_word' id='word_1_412' title='bbox 2587 2540 2767 2577; x_wconf 88' lang='lat' dir='ltr'><strong>meum</strong></span> <span class='ocrx_word' id='word_1_413' title='bbox 2803 2524 2856 2576; x_wconf 92' lang='lat' dir='ltr'><strong>in</strong></span> <span class='ocrx_word' id='word_1_414' title='bbox 2892 2523 3201 2576; x_wconf 90' lang='lat' dir='ltr'><strong>testimonia</strong></span> <span class='ocrx_word' id='word_1_415' title='bbox 3240 2532 3331 2575; x_wconf 82' lang='lat' dir='ltr'><strong>tua</strong></span> <span class='ocrx_word' id='word_1_416' title='bbox 3363 2529 3419 2574; x_wconf 87' lang='lat' dir='ltr'><strong>et</strong></span> <span class='ocrx_word' id='word_1_417' title='bbox 3446 2536 3556 2573; x_wconf 92' lang='lat' dir='ltr'><strong>non</strong></span> 
     </span>
    </p>
   </div>
   <div class='ocr_carea' id='block_1_50' title="bbox 326 2614 3551 2692">
    <p class='ocr_par' dir='ltr' id='par_1_50' title="bbox 326 2614 3551 2692">
     <span class='ocr_line' id='line_1_50' title="bbox 326 2614 3551 2692; baseline 0.001 -29"><span class='ocrx_word' id='word_1_418' title='bbox 326 2614 377 2664; x_wconf 90' lang='lat' dir='ltr'><strong>iu</strong></span> <span class='ocrx_word' id='word_1_419' title='bbox 414 2615 701 2669; x_wconf 80' lang='lat' dir='ltr'><strong>avaritiam</strong></span> <span class='ocrx_word' id='word_1_420' title='bbox 728 2620 769 2671; x_wconf 80' lang='grc'><strong>⁸.</strong></span> <span class='ocrx_word' id='word_1_421' title='bbox 806 2638 823 2670; x_wconf 76' lang='lat' dir='ltr'><strong>i</strong></span> <span class='ocrx_word' id='word_1_422' title='bbox 854 2619 955 2672; x_wconf 84' lang='lat' dir='ltr'><strong>Job</strong></span> <span class='ocrx_word' id='word_1_423' title='bbox 1020 2636 1257 2690; x_wconf 87' lang='lat' dir='ltr'><strong>quoque,</strong></span> <span class='ocrx_word' id='word_1_424' title='bbox 1291 2638 1487 2692; x_wconf 91' lang='lat' dir='ltr'><strong>purum</strong></span> <span class='ocrx_word' id='word_1_425' title='bbox 1520 2623 1807 2677; x_wconf 84' lang='lat' dir='ltr'><strong>declarans</strong></span> <span class='ocrx_word' id='word_1_426' title='bbox 1853 2638 1910 2677; x_wconf 91' lang='lat' dir='ltr'><strong>se</strong></span> <span class='ocrx_word' id='word_1_427' title='bbox 1974 2638 2128 2675; x_wconf 77' lang='lat' dir='ltr'><strong>noxa:</strong></span> <span class='ocrx_word' id='word_1_428' title='bbox 2158 2622 2320 2689; x_wconf 91' lang='lat' dir='ltr'><strong>hujus</strong></span> <span class='ocrx_word' id='word_1_429' title='bbox 2362 2638 2374 2672; x_wconf 90' lang='lat'>:</span> <span class='ocrx_word' id='word_1_430' title='bbox 2411 2638 2427 2668; x_wconf 79' lang='grc' dir='ltr'><strong>ι</strong></span> <span class='ocrx_word' id='word_1_431' title='bbox 2462 2620 2515 2672; x_wconf 89' lang='lat' dir='ltr'><strong>Si</strong></span> <span class='ocrx_word' id='word_1_432' title='bbox 2546 2619 2799 2671; x_wconf 88' lang='lat' dir='ltr'><strong>manibus</strong></span> <span class='ocrx_word' id='word_1_433' title='bbox 2830 2618 2965 2669; x_wconf 90' lang='lat' dir='ltr'><strong>meis</strong></span> <span class='ocrx_word' id='word_1_434' title='bbox 2991 2617 3073 2671; x_wconf 90' lang='lat' dir='ltr'><strong>vel</strong></span> <span class='ocrx_word' id='word_1_435' title='bbox 3103 2617 3255 2684; x_wconf 71' lang='lat' dir='ltr'><strong>attigi</strong></span> <span class='ocrx_word' id='word_1_436' title='bbox 3283 2617 3424 2667; x_wconf 91' lang='lat' dir='ltr'><strong>dona</strong></span> <span class='ocrx_word' id='word_1_437' title='bbox 3453 2617 3495 2667; x_wconf 76' lang='grc'>³.</span> <span class='ocrx_word' id='word_1_438' title='bbox 3532 2632 3551 2664; x_wconf 74' lang='grc' dir='ltr'><strong>ι</strong></span> 
     </span>
    </p>
   </div>
   <div class='ocr_carea' id='block_1_51' title="bbox 327 2707 3557 2781">
    <p class='ocr_par' dir='ltr' id='par_1_51' title="bbox 327 2707 3557 2781">
     <span class='ocr_line' id='line_1_51' title="bbox 327 2707 3557 2781; baseline 0 -22"><span class='ocrx_word' id='word_1_439' title='bbox 327 2707 431 2762; x_wconf 77' lang='lat' dir='ltr'><strong>Sed</strong></span> <span class='ocrx_word' id='word_1_440' title='bbox 472 2724 530 2765; x_wconf 90' lang='lat' dir='ltr'><strong>et</strong></span> <span class='ocrx_word' id='word_1_441' title='bbox 564 2712 842 2777; x_wconf 90' lang='lat' dir='ltr'><strong>Dominus,</strong></span> <span class='ocrx_word' id='word_1_442' title='bbox 874 2725 1073 2769; x_wconf 80' lang='lat' dir='ltr'><strong>nostra:</strong></span> <span class='ocrx_word' id='word_1_443' title='bbox 1100 2718 1299 2771; x_wconf 78' lang='lat' dir='ltr'><strong>vindex</strong></span> <span class='ocrx_word' id='word_1_444' title='bbox 1332 2720 1524 2772; x_wconf 87' lang='lat' dir='ltr'><strong>salutis</strong></span> <span class='ocrx_word' id='word_1_445' title='bbox 1560 2736 1572 2770; x_wconf 88' lang='lat'><strong>:</strong></span> <span class='ocrx_word' id='word_1_446' title='bbox 1612 2738 1629 2770; x_wconf 75' lang='grc' dir='ltr'><strong>ι</strong></span> <span class='ocrx_word' id='word_1_447' title='bbox 1666 2719 1877 2780; x_wconf 86' lang='lat' dir='ltr'><strong>Videte,</strong></span> <span class='ocrx_word' id='word_1_448' title='bbox 1915 2718 2011 2781; x_wconf 89' lang='lat' dir='ltr'><strong>ait,</strong></span> <span class='ocrx_word' id='word_1_449' title='bbox 2054 2727 2109 2770; x_wconf 91' lang='lat' dir='ltr'><strong>et</strong></span> <span class='ocrx_word' id='word_1_450' title='bbox 2140 2726 2330 2769; x_wconf 86' lang='lat' dir='ltr'><strong>cavete</strong></span> <span class='ocrx_word' id='word_1_451' title='bbox 2373 2716 2442 2767; x_wconf 90' lang='lat' dir='ltr'><strong>ab</strong></span> <span class='ocrx_word' id='word_1_452' title='bbox 2489 2715 2636 2767; x_wconf 94' lang='lat' dir='ltr'><strong>omni</strong></span> <span class='ocrx_word' id='word_1_453' title='bbox 2679 2714 2907 2766; x_wconf 87' lang='lat' dir='ltr'><strong>avaritia</strong></span> <span class='ocrx_word' id='word_1_454' title='bbox 2935 2714 3013 2777; x_wconf 86' lang='grc'><strong>¹⁰;</strong></span> <span class='ocrx_word' id='word_1_455' title='bbox 3047 2730 3067 2763; x_wconf 76' lang='grc' dir='ltr'><strong>ι</strong></span> <span class='ocrx_word' id='word_1_456' title='bbox 3103 2710 3229 2779; x_wconf 83' lang='lat' dir='ltr'><strong>quia</strong></span> <span class='ocrx_word' id='word_1_457' title='bbox 3265 2724 3373 2763; x_wconf 88' lang='lat' dir='ltr'><strong>non</strong></span> <span class='ocrx_word' id='word_1_458' title='bbox 3399 2724 3465 2762; x_wconf 82' lang='lat' dir='ltr'><strong>ex</strong></span> <span class='ocrx_word' id='word_1_459' title='bbox 3489 2722 3557 2760; x_wconf 90' lang='lat' dir='ltr'><strong>eo</strong></span> 
     </span>
    </p>
   </div>
   <div class='ocr_carea' id='block_1_52' title="bbox 324 2804 2497 2881">
    <p class='ocr_par' dir='ltr' id='par_1_52' title="bbox 324 2804 2497 2881">
     <span class='ocr_line' id='line_1_52' title="bbox 324 2804 2497 2881; baseline 0.003 -27"><span class='ocrx_word' id='word_1_460' title='bbox 324 2818 433 2870; x_wconf 88' lang='lat' dir='ltr'><strong>quo</strong></span> <span class='ocrx_word' id='word_1_461' title='bbox 457 2804 588 2872; x_wconf 88' lang='lat' dir='ltr'><strong>quis</strong></span> <span class='ocrx_word' id='word_1_462' title='bbox 610 2804 875 2867; x_wconf 85' lang='lat' dir='ltr'><strong>abundat,</strong></span> <span class='ocrx_word' id='word_1_463' title='bbox 896 2807 1006 2861; x_wconf 84' lang='lat' dir='ltr'><strong>vita</strong></span> <span class='ocrx_word' id='word_1_464' title='bbox 1027 2810 1145 2878; x_wconf 88' lang='lat' dir='ltr'><strong>ejus</strong></span> <span class='ocrx_word' id='word_1_465' title='bbox 1168 2822 1270 2865; x_wconf 85' lang='lat' dir='ltr'><strong>est.</strong></span> <span class='ocrx_word' id='word_1_466' title='bbox 1294 2810 1401 2881; x_wconf 89' lang='lat' dir='ltr'><strong>Ipsi</strong></span> <span class='ocrx_word' id='word_1_467' title='bbox 1427 2810 1599 2880; x_wconf 82' lang='lat' dir='ltr'><strong>gloria</strong></span> <span class='ocrx_word' id='word_1_468' title='bbox 1620 2811 1673 2864; x_wconf 93' lang='lat' dir='ltr'><strong>in</strong></span> <span class='ocrx_word' id='word_1_469' title='bbox 1692 2813 1886 2867; x_wconf 64' lang='lat' dir='ltr'><strong>secula</strong></span> <span class='ocrx_word' id='word_1_470' title='bbox 1924 2810 2268 2865; x_wconf 67' lang='lat' dir='ltr'><strong>seculorum.</strong></span> <span class='ocrx_word' id='word_1_471' title='bbox 2304 2808 2497 2862; x_wconf 80' lang='grc' dir='ltr'>Αιιιοιι.</span> 
     </span>
    </p>
   </div>
   <div class='ocr_carea' id='block_1_53' title="bbox 955 2922 1261 2975">
    <p class='ocr_par' dir='ltr' id='par_1_53' title="bbox 955 2922 1261 2975">
     <span class='ocr_line' id='line_1_53' title="bbox 955 2922 1261 2975; baseline 0.007 -3"><span class='ocrx_word' id='word_1_472' title='bbox 955 2922 1172 2973; x_wconf 84' lang='grc' dir='ltr'><strong>ΛυΓΟΣ</strong></span> <span class='ocrx_word' id='word_1_473' title='bbox 1202 2925 1261 2975; x_wconf 94' lang='lat' dir='ltr'><strong>I&#39;.</strong></span> 
     </span>
    </p>
   </div>
   <div class='ocr_carea' id='block_1_54' title="bbox 790 3032 1388 3104">
    <p class='ocr_par' dir='ltr' id='par_1_54' title="bbox 790 3032 1388 3104">
     <span class='ocr_line' id='line_1_54' title="bbox 790 3032 1388 3104; baseline 0.008 -19"><span class='ocrx_word' id='word_1_474' title='bbox 790 3032 926 3101; x_wconf 74' lang='grc' dir='ltr'>Περὶ</span> <span class='ocrx_word' id='word_1_475' title='bbox 966 3037 1388 3104; x_wconf 69' lang='grc' dir='ltr'>σκνιερότητος.</span> 
     </span>
    </p>
   </div>
   <div class='ocr_carea' id='block_1_55' title="bbox 403 3138 1888 3218">
    <p class='ocr_par' dir='ltr' id='par_1_55' title="bbox 403 3138 1888 3218">
     <span class='ocr_line' id='line_1_55' title="bbox 403 3138 1888 3218; baseline 0.008 -27"><span class='ocrx_word' id='word_1_476' title='bbox 403 3138 470 3192; x_wconf 83' lang='grc' dir='ltr'><strong>Ἦ</strong></span> <span class='ocrx_word' id='word_1_477' title='bbox 518 3142 820 3213; x_wconf 82' lang='grc' dir='ltr'>σκνιφότης</span> <span class='ocrx_word' id='word_1_478' title='bbox 882 3146 991 3198; x_wconf 84' lang='grc' dir='ltr'><strong>ἀπὸ</strong></span> <span class='ocrx_word' id='word_1_479' title='bbox 1036 3150 1399 3218; x_wconf 75' lang='grc' dir='ltr'>μικροψυχίας</span> <span class='ocrx_word' id='word_1_480' title='bbox 1456 3149 1888 3213; x_wconf 80' lang='grc' dir='ltr'>ἀναδλαστάνει,</span> 
     </span>
    </p>
   </div>
   <div class='ocr_carea' id='block_1_56' title="bbox 327 3230 1887 3313">
    <p class='ocr_par' dir='ltr' id='par_1_56' title="bbox 327 3230 1887 3313">
     <span class='ocr_line' id='line_1_56' title="bbox 327 3230 1887 3313; baseline 0.008 -33"><span class='ocrx_word' id='word_1_481' title='bbox 327 3230 528 3296; x_wconf 74' lang='grc' dir='ltr'>μᾶλλον</span> <span class='ocrx_word' id='word_1_482' title='bbox 574 3232 632 3284; x_wconf 84' lang='grc' dir='ltr'>δὲ</span> <span class='ocrx_word' id='word_1_483' title='bbox 665 3235 920 3299; x_wconf 75' lang='grc' dir='ltr'>ἀπιστίας</span> <span class='ocrx_word' id='word_1_484' title='bbox 972 3239 1068 3291; x_wconf 78' lang='grc' dir='ltr'>καὶ</span> <span class='ocrx_word' id='word_1_485' title='bbox 1110 3239 1482 3303; x_wconf 73' lang='grc' dir='ltr'>ἀνελπιστίας.</span> <span class='ocrx_word' id='word_1_486' title='bbox 1524 3242 1585 3293; x_wconf 83' lang='grc' dir='ltr'><strong>Εἰ</strong></span> <span class='ocrx_word' id='word_1_487' title='bbox 1625 3241 1732 3310; x_wconf 83' lang='grc' dir='ltr'><strong>γὰρ</strong></span> <span class='ocrx_word' id='word_1_488' title='bbox 1758 3242 1887 3313; x_wconf 80' lang='grc' dir='ltr'>περὶ</span> 
     </span>
    </p>
   </div>
   <div class='ocr_carea' id='block_1_57' title="bbox 323 3319 1887 3399">
    <p class='ocr_par' dir='ltr' id='par_1_57' title="bbox 323 3319 1887 3399">
     <span class='ocr_line' id='line_1_57' title="bbox 323 3319 1887 3399; baseline 0.009 -29"><span class='ocrx_word' id='word_1_489' title='bbox 323 3319 390 3370; x_wconf 72' lang='grc' dir='ltr'>τὰ</span> <span class='ocrx_word' id='word_1_490' title='bbox 432 3322 713 3391; x_wconf 79' lang='grc' dir='ltr'>ὁρώμενα,</span> <span class='ocrx_word' id='word_1_491' title='bbox 740 3323 776 3375; x_wconf 77' lang='grc' dir='ltr'>ἃ</span> <span class='ocrx_word' id='word_1_492' title='bbox 810 3326 1039 3395; x_wconf 81' lang='grc' dir='ltr'>παρέχει</span> <span class='ocrx_word' id='word_1_493' title='bbox 1082 3329 1215 3396; x_wconf 80' lang='grc' dir='ltr'>ἡμῖν</span> <span class='ocrx_word' id='word_1_494' title='bbox 1259 3329 1441 3398; x_wconf 82' lang='grc' dir='ltr'>ἀγαθά</span> <span class='ocrx_word' id='word_1_495' title='bbox 1473 3330 1593 3381; x_wconf 85' lang='grc' dir='ltr'>καθ’</span> <span class='ocrx_word' id='word_1_496' title='bbox 1648 3332 1887 3399; x_wconf 79' lang='grc' dir='ltr'>ἑκάστην</span> 
     </span>
    </p>
   </div>
   <div class='ocr_carea' id='block_1_58' title="bbox 324 3410 1884 3492">
    <p class='ocr_par' dir='ltr' id='par_1_58' title="bbox 324 3410 1884 3492">
     <span class='ocr_line' id='line_1_58' title="bbox 324 3410 1884 3492; baseline 0.009 -31"><span class='ocrx_word' id='word_1_497' title='bbox 324 3410 595 3475; x_wconf 80' lang='grc' dir='ltr'>πλουσίως</span> <span class='ocrx_word' id='word_1_498' title='bbox 613 3415 646 3482; x_wconf 79' lang='grc' dir='ltr'><strong>ἡ</strong></span> <span class='ocrx_word' id='word_1_499' title='bbox 671 3415 836 3467; x_wconf 80' lang='grc' dir='ltr'>αὑτοῦ</span> <span class='ocrx_word' id='word_1_500' title='bbox 858 3418 1150 3487; x_wconf 86' lang='grc' dir='ltr'>ἀγαθότης,</span> <span class='ocrx_word' id='word_1_501' title='bbox 1172 3420 1272 3471; x_wconf 82' lang='grc' dir='ltr'><strong>οὐκ</strong></span> <span class='ocrx_word' id='word_1_502' title='bbox 1288 3422 1691 3489; x_wconf 81' lang='grc' dir='ltr'>ὲμπιστεύομεν</span> <span class='ocrx_word' id='word_1_503' title='bbox 1717 3423 1884 3492; x_wconf 78' lang='grc' dir='ltr'>αὐτῷ,</span> 
     </span>
    </p>
   </div>
   <div class='ocr_carea' id='block_1_59' title="bbox 324 3503 1888 3581">
    <p class='ocr_par' dir='ltr' id='par_1_59' title="bbox 324 3503 1888 3581">
     <span class='ocr_line' id='line_1_59' title="bbox 324 3503 1888 3581; baseline 0.009 -28"><span class='ocrx_word' id='word_1_504' title='bbox 324 3503 458 3555; x_wconf 73' lang='grc' dir='ltr'>ἀλλὰ</span> <span class='ocrx_word' id='word_1_505' title='bbox 494 3504 822 3574; x_wconf 79' lang='grc' dir='ltr'>διστάζομεν</span> <span class='ocrx_word' id='word_1_506' title='bbox 842 3524 855 3536; x_wconf 89' lang='grc'><strong>·</strong></span> <span class='ocrx_word' id='word_1_507' title='bbox 888 3507 1003 3572; x_wconf 88' lang='grc' dir='ltr'><strong>πῶς</strong></span> <span class='ocrx_word' id='word_1_508' title='bbox 1034 3510 1162 3579; x_wconf 80' lang='grc' dir='ltr'>περὶ</span> <span class='ocrx_word' id='word_1_509' title='bbox 1203 3511 1309 3563; x_wconf 85' lang='grc' dir='ltr'><strong>τῶν</strong></span> <span class='ocrx_word' id='word_1_510' title='bbox 1357 3511 1430 3581; x_wconf 83' lang='grc' dir='ltr'>μὴ</span> <span class='ocrx_word' id='word_1_511' title='bbox 1467 3512 1576 3580; x_wconf 82' lang='grc' dir='ltr'>ὀρω</span> <span class='ocrx_word' id='word_1_512' title='bbox 1590 3513 1767 3580; x_wconf 81' lang='grc' dir='ltr'>μένων</span> <span class='ocrx_word' id='word_1_513' title='bbox 1792 3518 1888 3568; x_wconf 73' lang='grc' dir='ltr'><strong>καὶ</strong></span> 
     </span>
    </p>
   </div>
   <div class='ocr_carea' id='block_1_60' title="bbox 323 3597 1888 3675">
    <p class='ocr_par' dir='ltr' id='par_1_60' title="bbox 323 3597 1888 3675">
     <span class='ocr_line' id='line_1_60' title="bbox 323 3597 1888 3675; baseline 0.01 -31"><span class='ocrx_word' id='word_1_514' title='bbox 323 3597 578 3658; x_wconf 78' lang='grc' dir='ltr'>αἰωνίων,</span> <span class='ocrx_word' id='word_1_515' title='bbox 609 3598 702 3649; x_wconf 78' lang='grc' dir='ltr'><strong>καὶ</strong></span> <span class='ocrx_word' id='word_1_516' title='bbox 727 3602 1059 3667; x_wconf 80' lang='grc' dir='ltr'>παραμόνων</span> <span class='ocrx_word' id='word_1_517' title='bbox 1088 3601 1305 3667; x_wconf 78' lang='grc' dir='ltr'>ἀγαθῶν</span> <span class='ocrx_word' id='word_1_518' title='bbox 1326 3645 1340 3665; x_wconf 94' lang='grc'><strong>,</strong></span> <span class='ocrx_word' id='word_1_519' title='bbox 1370 3601 1406 3655; x_wconf 80' lang='grc' dir='ltr'>ἃ</span> <span class='ocrx_word' id='word_1_520' title='bbox 1430 3605 1591 3666; x_wconf 70' lang='grc' dir='ltr'>αὐτὸς</span> <span class='ocrx_word' id='word_1_521' title='bbox 1622 3606 1888 3675; x_wconf 80' lang='grc' dir='ltr'>ὑπέσχετο</span> 
     </span>
    </p>
   </div>
   <div class='ocr_carea' id='block_1_61' title="bbox 325 3688 1887 3764">
    <p class='ocr_par' dir='ltr' id='par_1_61' title="bbox 325 3688 1887 3764">
     <span class='ocr_line' id='line_1_61' title="bbox 325 3688 1887 3764; baseline 0.009 -26"><span class='ocrx_word' id='word_1_522' title='bbox 325 3688 453 3755; x_wconf 73' lang='grc' dir='ltr'>ἡμῖν</span> <span class='ocrx_word' id='word_1_523' title='bbox 507 3693 846 3758; x_wconf 79' lang='grc' dir='ltr'>παρασχεῖν,</span> <span class='ocrx_word' id='word_1_524' title='bbox 895 3693 1270 3763; x_wconf 76' lang='grc' dir='ltr'>πιστεύσωμεν</span> <span class='ocrx_word' id='word_1_525' title='bbox 1320 3695 1507 3764; x_wconf 81' lang='grc' dir='ltr'>αὐτῷ,</span> <span class='ocrx_word' id='word_1_526' title='bbox 1570 3716 1588 3747; x_wconf 76' lang='grc' dir='ltr'><strong>ι</strong></span> <span class='ocrx_word' id='word_1_527' title='bbox 1649 3699 1715 3749; x_wconf 79' lang='grc' dir='ltr'><strong>Ἀ</strong></span> <span class='ocrx_word' id='word_1_528' title='bbox 1762 3698 1887 3751; x_wconf 78' lang='grc' dir='ltr'>οὔτε</span> 
     </span>
    </p>
   </div>
   <div class='ocr_carea' id='block_1_62' title="bbox 324 3775 1888 3857">
    <p class='ocr_par' dir='ltr' id='par_1_62' title="bbox 324 3775 1888 3857">
     <span class='ocr_line' id='line_1_62' title="bbox 324 3775 1888 3857; baseline 0.01 -32"><span class='ocrx_word' id='word_1_529' title='bbox 324 3775 603 3845; x_wconf 67' lang='grc' dir='ltr'>ὀφθαλμὸς</span> <span class='ocrx_word' id='word_1_530' title='bbox 640 3779 766 3842; x_wconf 76' lang='grc' dir='ltr'>ἴδεν,</span> <span class='ocrx_word' id='word_1_531' title='bbox 805 3780 897 3831; x_wconf 68' lang='grc' dir='ltr'><strong>καὶ</strong></span> <span class='ocrx_word' id='word_1_532' title='bbox 928 3780 1020 3842; x_wconf 80' lang='grc' dir='ltr'><strong>οὓς</strong></span> <span class='ocrx_word' id='word_1_533' title='bbox 1052 3783 1151 3835; x_wconf 81' lang='grc' dir='ltr'><strong>οὐκ</strong></span> <span class='ocrx_word' id='word_1_534' title='bbox 1181 3784 1414 3853; x_wconf 76' lang='grc' dir='ltr'>ἦκουσεν</span> <span class='ocrx_word' id='word_1_535' title='bbox 1438 3824 1452 3847; x_wconf 96' lang='grc'><strong>,</strong></span> <span class='ocrx_word' id='word_1_536' title='bbox 1495 3787 1587 3838; x_wconf 80' lang='grc' dir='ltr'><strong>καὶ</strong></span> <span class='ocrx_word' id='word_1_537' title='bbox 1617 3786 1709 3838; x_wconf 71' lang='grc' dir='ltr'><strong>ἐπὶ</strong></span> <span class='ocrx_word' id='word_1_538' title='bbox 1748 3805 1888 3857; x_wconf 86' lang='grc' dir='ltr'>καρ-</span> 
     </span>
    </p>
   </div>
   <div class='ocr_carea' id='block_1_63' title="bbox 324 3868 1887 3947">
    <p class='ocr_par' dir='ltr' id='par_1_63' title="bbox 324 3868 1887 3947">
     <span class='ocr_line' id='line_1_63' title="bbox 324 3868 1887 3947; baseline 0.01 -30"><span class='ocrx_word' id='word_1_539' title='bbox 324 3868 437 3921; x_wconf 87' lang='grc' dir='ltr'>δίαν</span> <span class='ocrx_word' id='word_1_540' title='bbox 459 3870 754 3940; x_wconf 82' lang='grc' dir='ltr'>ἀνθρωπου</span> <span class='ocrx_word' id='word_1_541' title='bbox 781 3873 878 3925; x_wconf 79' lang='grc' dir='ltr'><strong>οὐκ</strong></span> <span class='ocrx_word' id='word_1_542' title='bbox 911 3874 1078 3944; x_wconf 77' lang='grc' dir='ltr'>ἀνέϐη</span> <span class='ocrx_word' id='word_1_543' title='bbox 1109 3893 1124 3941; x_wconf 88' lang='lat'><strong>;</strong></span> <span class='ocrx_word' id='word_1_544' title='bbox 1165 3895 1185 3928; x_wconf 82' lang='grc' dir='ltr'><strong>ι</strong></span> <span class='ocrx_word' id='word_1_545' title='bbox 1222 3877 1458 3939; x_wconf 78' lang='grc' dir='ltr'>Εἰκότως</span> <span class='ocrx_word' id='word_1_546' title='bbox 1485 3874 1578 3934; x_wconf 75' lang='grc' dir='ltr'><strong>οὖν</strong></span> <span class='ocrx_word' id='word_1_547' title='bbox 1622 3880 1887 3947; x_wconf 72' lang='grc' dir='ltr'>ἐγκαλού-</span> 
     </span>
    </p>
   </div>
   <div class='ocr_carea' id='block_1_64' title="bbox 330 3960 1887 4039">
    <p class='ocr_par' dir='ltr' id='par_1_64' title="bbox 330 3960 1887 4039">
     <span class='ocr_line' id='line_1_64' title="bbox 330 3960 1887 4039; baseline 0.009 -29"><span class='ocrx_word' id='word_1_548' title='bbox 330 3960 465 4024; x_wconf 84' lang='grc' dir='ltr'>μεθα</span> <span class='ocrx_word' id='word_1_549' title='bbox 494 3962 650 4031; x_wconf 81' lang='grc' dir='ltr'><strong>παρά</strong></span> <span class='ocrx_word' id='word_1_550' title='bbox 681 3966 780 4031; x_wconf 85' lang='grc' dir='ltr'>τῆς</span> <span class='ocrx_word' id='word_1_551' title='bbox 812 3965 961 4027; x_wconf 83' lang='grc' dir='ltr'>θείας</span> <span class='ocrx_word' id='word_1_552' title='bbox 998 3966 1239 4034; x_wconf 84' lang='grc' dir='ltr'>Γραφῆς,</span> <span class='ocrx_word' id='word_1_553' title='bbox 1279 3968 1361 4020; x_wconf 87' lang='grc' dir='ltr'>ὃτι</span> <span class='ocrx_word' id='word_1_554' title='bbox 1400 3987 1419 4018; x_wconf 77' lang='grc' dir='ltr'><strong>ι</strong></span> <span class='ocrx_word' id='word_1_555' title='bbox 1460 3970 1662 4038; x_wconf 83' lang='grc' dir='ltr'>’Λνδρα</span> <span class='ocrx_word' id='word_1_556' title='bbox 1708 3972 1887 4039; x_wconf 86' lang='grc' dir='ltr'>ὀλιγό-</span> 
     </span>
    </p>
   </div>
   <div class='ocr_carea' id='block_1_65' title="bbox 325 4048 1888 4132">
    <p class='ocr_par' dir='ltr' id='par_1_65' title="bbox 325 4048 1888 4132">
     <span class='ocr_line' id='line_1_65' title="bbox 325 4048 1888 4132; baseline 0.007 -32"><span class='ocrx_word' id='word_1_557' title='bbox 325 4048 489 4117; x_wconf 79' lang='grc' dir='ltr'>ψυχον</span> <span class='ocrx_word' id='word_1_558' title='bbox 523 4049 609 4111; x_wconf 89' lang='grc' dir='ltr'><strong>τίς</strong></span> <span class='ocrx_word' id='word_1_559' title='bbox 641 4051 888 4112; x_wconf 74' lang='grc' dir='ltr'>ὑποίσεις</span> <span class='ocrx_word' id='word_1_560' title='bbox 932 4071 950 4103; x_wconf 78' lang='grc' dir='ltr'><strong>ι</strong></span> <span class='ocrx_word' id='word_1_561' title='bbox 1002 4053 1487 4126; x_wconf 85' lang='grc' dir='ltr'>Ἐμπιστεύσωμεν</span> <span class='ocrx_word' id='word_1_562' title='bbox 1526 4053 1619 4109; x_wconf 79' lang='grc' dir='ltr'><strong>οὖν</strong></span> <span class='ocrx_word' id='word_1_563' title='bbox 1648 4059 1726 4127; x_wconf 83' lang='grc' dir='ltr'>τῷ</span> <span class='ocrx_word' id='word_1_564' title='bbox 1768 4059 1888 4132; x_wconf 83' lang='grc' dir='ltr'><strong>Θεῷ</strong></span> 
     </span>
    </p>
   </div>
   <div class='ocr_carea' id='block_1_66' title="bbox 326 4138 1889 4219">
    <p class='ocr_par' dir='ltr' id='par_1_66' title="bbox 326 4138 1889 4219">
     <span class='ocr_line' id='line_1_66' title="bbox 326 4138 1889 4219; baseline 0.009 -32"><span class='ocrx_word' id='word_1_565' title='bbox 326 4138 420 4205; x_wconf 75' lang='grc' dir='ltr'>τὴν</span> <span class='ocrx_word' id='word_1_566' title='bbox 444 4139 640 4207; x_wconf 84' lang='grc' dir='ltr'>χρείαν</span> <span class='ocrx_word' id='word_1_567' title='bbox 664 4139 760 4192; x_wconf 89' lang='grc' dir='ltr'><strong>τοῦ</strong></span> <span class='ocrx_word' id='word_1_568' title='bbox 801 4139 1073 4211; x_wconf 83' lang='grc' dir='ltr'>σώματος,</span> <span class='ocrx_word' id='word_1_569' title='bbox 1114 4145 1206 4197; x_wconf 77' lang='grc' dir='ltr'><strong>καὶ</strong></span> <span class='ocrx_word' id='word_1_570' title='bbox 1239 4144 1385 4214; x_wconf 85' lang='grc' dir='ltr'>δῆλοί</span> <span class='ocrx_word' id='word_1_571' title='bbox 1418 4146 1608 4213; x_wconf 81' lang='grc' dir='ltr'>ἐσμεν,</span> <span class='ocrx_word' id='word_1_572' title='bbox 1644 4148 1739 4200; x_wconf 58' lang='grc' dir='ltr'><strong>καὶ¹</strong></span> <span class='ocrx_word' id='word_1_573' title='bbox 1788 4149 1889 4219; x_wconf 85' lang='grc' dir='ltr'>τὴν</span> 
     </span>
    </p>
   </div>
   <div class='ocr_carea' id='block_1_67' title="bbox 327 4230 1889 4309">
    <p class='ocr_par' dir='ltr' id='par_1_67' title="bbox 327 4230 1889 4309">
     <span class='ocr_line' id='line_1_67' title="bbox 327 4230 1889 4309; baseline 0.008 -28"><span class='ocrx_word' id='word_1_574' title='bbox 327 4230 415 4282; x_wconf 85' lang='grc' dir='ltr'><strong>τοῦ</strong></span> <span class='ocrx_word' id='word_1_575' title='bbox 447 4231 760 4301; x_wconf 88' lang='grc' dir='ltr'>πνεύματος</span> <span class='ocrx_word' id='word_1_576' title='bbox 779 4234 1127 4297; x_wconf 86' lang='grc' dir='ltr'>πιστεύοντες</span> <span class='ocrx_word' id='word_1_577' title='bbox 1148 4236 1321 4303; x_wconf 84' lang='grc' dir='ltr'>αὐτῷ.</span> <span class='ocrx_word' id='word_1_578' title='bbox 1341 4237 1547 4290; x_wconf 81' lang='grc' dir='ltr'>Οὐκοῦν</span> <span class='ocrx_word' id='word_1_579' title='bbox 1577 4238 1726 4309; x_wconf 87' lang='grc' dir='ltr'><strong>αὑτῷ</strong></span> <span class='ocrx_word' id='word_1_580' title='bbox 1752 4242 1889 4293; x_wconf 83' lang='grc' dir='ltr'>ἀπο-</span> 
     </span>
    </p>
   </div>
   <div class='ocr_carea' id='block_1_68' title="bbox 327 4322 1887 4401">
    <p class='ocr_par' dir='ltr' id='par_1_68' title="bbox 327 4322 1887 4401">
     <span class='ocr_line' id='line_1_68' title="bbox 327 4322 1887 4401; baseline 0.008 -28"><span class='ocrx_word' id='word_1_581' title='bbox 327 4322 570 4391; x_wconf 83' lang='grc' dir='ltr'>δώσομεν</span> <span class='ocrx_word' id='word_1_582' title='bbox 608 4325 735 4391; x_wconf 71' lang='grc' dir='ltr'>περὶ</span> <span class='ocrx_word' id='word_1_583' title='bbox 756 4324 995 4389; x_wconf 83' lang='grc' dir='ltr'>πάντων,</span> <span class='ocrx_word' id='word_1_584' title='bbox 1030 4327 1112 4379; x_wconf 84' lang='grc' dir='ltr'>ὅτι</span> <span class='ocrx_word' id='word_1_585' title='bbox 1146 4327 1293 4396; x_wconf 76' lang='grc' dir='ltr'>αὐτῷ</span> <span class='ocrx_word' id='word_1_586' title='bbox 1351 4329 1509 4394; x_wconf 78' lang='grc' dir='ltr'>μέλει</span> <span class='ocrx_word' id='word_1_587' title='bbox 1542 4331 1681 4401; x_wconf 77' lang='grc' dir='ltr'>ὑπὲρ</span> <span class='ocrx_word' id='word_1_588' title='bbox 1708 4332 1887 4401; x_wconf 72' lang='grc' dir='ltr'>ἡμῶνο</span> 
     </span>
    </p>
   </div>
   <div class='ocr_carea' id='block_1_69' title="bbox 330 4410 1887 4488">
    <p class='ocr_par' dir='ltr' id='par_1_69' title="bbox 330 4410 1887 4488">
     <span class='ocr_line' id='line_1_69' title="bbox 330 4410 1887 4488; baseline 0.008 -23"><span class='ocrx_word' id='word_1_589' title='bbox 330 4415 419 4465; x_wconf 71' lang='grc' dir='ltr'>καὶ</span> <span class='ocrx_word' id='word_1_590' title='bbox 442 4411 587 4467; x_wconf 82' lang='grc' dir='ltr'>οἶδεν</span> <span class='ocrx_word' id='word_1_591' title='bbox 629 4410 702 4468; x_wconf 81' lang='grc' dir='ltr'>ὧν</span> <span class='ocrx_word' id='word_1_592' title='bbox 733 4417 922 4485; x_wconf 87' lang='grc' dir='ltr'>χρείαν</span> <span class='ocrx_word' id='word_1_593' title='bbox 944 4417 1139 4487; x_wconf 75' lang='grc' dir='ltr'>ἔχομεν</span> <span class='ocrx_word' id='word_1_594' title='bbox 1169 4419 1277 4488; x_wconf 82' lang='grc' dir='ltr'><strong>πρὸ</strong></span> <span class='ocrx_word' id='word_1_595' title='bbox 1311 4421 1406 4471; x_wconf 86' lang='grc' dir='ltr'><strong>τοῦ</strong></span> <span class='ocrx_word' id='word_1_596' title='bbox 1449 4421 1671 4488; x_wconf 78' lang='grc' dir='ltr'>αἰτῆσαι</span> <span class='ocrx_word' id='word_1_597' title='bbox 1704 4424 1887 4477; x_wconf 81' lang='grc' dir='ltr'>αὐτόν.</span> 
     </span>
    </p>
   </div>
   <div class='ocr_carea' id='block_1_70' title="bbox 342 4504 1890 4583">
    <p class='ocr_par' dir='ltr' id='par_1_70' title="bbox 342 4504 1890 4583">
     <span class='ocr_line' id='line_1_70' title="bbox 342 4504 1890 4583; baseline 0.006 -29"><span class='ocrx_word' id='word_1_598' title='bbox 342 4504 397 4554; x_wconf 91' lang='lat'><strong>&#39;0</strong></span> <span class='ocrx_word' id='word_1_599' title='bbox 423 4504 532 4573; x_wconf 77' lang='grc' dir='ltr'><strong>γὰρ</strong></span> <span class='ocrx_word' id='word_1_600' title='bbox 566 4504 699 4567; x_wconf 87' lang='grc' dir='ltr'>Θεὸς</span> <span class='ocrx_word' id='word_1_601' title='bbox 722 4506 830 4583; x_wconf 87' lang='grc' dir='ltr'><strong>τῶν</strong></span> <span class='ocrx_word' id='word_1_602' title='bbox 855 4507 1209 4575; x_wconf 83' lang='grc' dir='ltr'>ἀπλωμένων,</span> <span class='ocrx_word' id='word_1_603' title='bbox 1237 4509 1477 4578; x_wconf 82' lang='grc' dir='ltr'>ἁπλότης</span> <span class='ocrx_word' id='word_1_604' title='bbox 1503 4511 1669 4561; x_wconf 84' lang='grc' dir='ltr'>ἐστίν·</span> <span class='ocrx_word' id='word_1_605' title='bbox 1707 4512 1890 4575; x_wconf 80' lang='grc' dir='ltr'>καθὼς</span> 
     </span>
    </p>
   </div>
   <div class='ocr_carea' id='block_1_71' title="bbox 2587 2917 2959 2974">
    <p class='ocr_par' dir='ltr' id='par_1_71' title="bbox 2587 2917 2959 2974">
     <span class='ocr_line' id='line_1_71' title="bbox 2587 2917 2959 2974; baseline -0.011 0"><span class='ocrx_word' id='word_1_606' title='bbox 2587 2918 2865 2974; x_wconf 66' lang='lat' dir='ltr'><strong>IIOIIIIJA</strong></span> <span class='ocrx_word' id='word_1_607' title='bbox 2892 2917 2959 2971; x_wconf 76' lang='grc' dir='ltr'>Χ.</span> 
     </span>
    </p>
   </div>
   <div class='ocr_carea' id='block_1_72' title="bbox 2285 3025 3268 3094">
    <p class='ocr_par' dir='ltr' id='par_1_72' title="bbox 2285 3025 3268 3094">
     <span class='ocr_line' id='line_1_72' title="bbox 2285 3025 3268 3094; baseline -0.009 -11"><span class='ocrx_word' id='word_1_608' title='bbox 2285 3031 2356 3085; x_wconf 79' lang='lat' dir='ltr'><strong>De</strong></span> <span class='ocrx_word' id='word_1_609' title='bbox 2383 3031 2595 3085; x_wconf 75' lang='lat' dir='ltr'><strong>sordida</strong></span> <span class='ocrx_word' id='word_1_610' title='bbox 2627 3039 2675 3082; x_wconf 78' lang='lat' dir='ltr'><strong>et</strong></span> <span class='ocrx_word' id='word_1_611' title='bbox 2704 3027 2951 3081; x_wconf 80' lang='lat' dir='ltr'><strong>illiberali</strong></span> <span class='ocrx_word' id='word_1_612' title='bbox 2986 3025 3268 3094; x_wconf 79' lang='lat' dir='ltr'><strong>parcitate.</strong></span> 
     </span>
    </p>
   </div>
   <div class='ocr_carea' id='block_1_73' title="bbox 2062 3134 3555 3208">
    <p class='ocr_par' dir='ltr' id='par_1_73' title="bbox 2062 3134 3555 3208">
     <span class='ocr_line' id='line_1_73' title="bbox 2062 3134 3555 3208; baseline -0.01 -9"><span class='ocrx_word' id='word_1_613' title='bbox 2062 3146 2324 3208; x_wconf 77' lang='lat' dir='ltr'><strong>I’areitas,</strong></span> <span class='ocrx_word' id='word_1_614' title='bbox 2354 3152 2449 3197; x_wconf 88' lang='lat' dir='ltr'><strong>aut</strong></span> <span class='ocrx_word' id='word_1_615' title='bbox 2473 3143 2519 3196; x_wconf 90' lang='lat' dir='ltr'><strong>si</strong></span> <span class='ocrx_word' id='word_1_616' title='bbox 2551 3143 2744 3205; x_wconf 86' lang='lat' dir='ltr'><strong>mavis,</strong></span> <span class='ocrx_word' id='word_1_617' title='bbox 2778 3138 3063 3202; x_wconf 86' lang='lat' dir='ltr'><strong>tenacitas,</strong></span> <span class='ocrx_word' id='word_1_618' title='bbox 3090 3136 3160 3190; x_wconf 89' lang='lat' dir='ltr'><strong>ab</strong></span> <span class='ocrx_word' id='word_1_619' title='bbox 3196 3134 3381 3188; x_wconf 88' lang='lat' dir='ltr'><strong>radice</strong></span> <span class='ocrx_word' id='word_1_620' title='bbox 3424 3148 3555 3201; x_wconf 88' lang='lat' dir='ltr'><strong>pro-</strong></span> 
     </span>
    </p>
   </div>
   <div class='ocr_carea' id='block_1_74' title="bbox 1990 3223 3555 3304">
    <p class='ocr_par' dir='ltr' id='par_1_74' title="bbox 1990 3223 3555 3304">
     <span class='ocr_line' id='line_1_74' title="bbox 1990 3223 3555 3304; baseline -0.009 -15"><span class='ocrx_word' id='word_1_621' title='bbox 1990 3235 2263 3304; x_wconf 83' lang='lat' dir='ltr'><strong>germinat</strong></span> <span class='ocrx_word' id='word_1_622' title='bbox 2289 3232 2795 3303; x_wconf 88' lang='lat' dir='ltr'><strong>pusillanimitatis;</strong></span> <span class='ocrx_word' id='word_1_623' title='bbox 2830 3230 3018 3283; x_wconf 91' lang='lat' dir='ltr'><strong>verius</strong></span> <span class='ocrx_word' id='word_1_624' title='bbox 3041 3235 3226 3281; x_wconf 88' lang='lat' dir='ltr'><strong>autem</strong></span> <span class='ocrx_word' id='word_1_625' title='bbox 3251 3223 3555 3294; x_wconf 78' lang='lat' dir='ltr'><strong>proﬁcisci-</strong></span> 
     </span>
    </p>
   </div>
   <div class='ocr_carea' id='block_1_75' title="bbox 1914 3306 3557 3387">
    <p class='ocr_par' dir='ltr' id='par_1_75' title="bbox 1914 3306 3557 3387">
     <span class='ocr_line' id='line_1_75' title="bbox 1914 3306 3557 3387; baseline -0.006 -12"><span class='ocrx_word' id='word_1_626' title='bbox 1914 3306 1953 3359; x_wconf 64' lang='grc' dir='ltr'><strong>(ἶ</strong></span> <span class='ocrx_word' id='word_1_627' title='bbox 1991 3332 2078 3375; x_wconf 89' lang='grc' dir='ltr'>ιιιι·</span> <span class='ocrx_word' id='word_1_628' title='bbox 2110 3322 2179 3376; x_wconf 90' lang='lat' dir='ltr'><strong>ab</strong></span> <span class='ocrx_word' id='word_1_629' title='bbox 2212 3322 2534 3376; x_wconf 85' lang='lat' dir='ltr'><strong>inﬁdelitate</strong></span> <span class='ocrx_word' id='word_1_630' title='bbox 2558 3329 2615 3374; x_wconf 89' lang='lat' dir='ltr'><strong>et</strong></span> <span class='ocrx_word' id='word_1_631' title='bbox 2645 3320 3054 3387; x_wconf 86' lang='lat' dir='ltr'><strong>desperatione.</strong></span> <span class='ocrx_word' id='word_1_632' title='bbox 3087 3316 3304 3370; x_wconf 85' lang='lat' dir='ltr'><strong>Etenim</strong></span> <span class='ocrx_word' id='word_1_633' title='bbox 3334 3315 3379 3369; x_wconf 85' lang='lat' dir='ltr'><strong>si</strong></span> <span class='ocrx_word' id='word_1_634' title='bbox 3408 3314 3557 3367; x_wconf 86' lang='lat' dir='ltr'><strong>circa</strong></span> 
     </span>
    </p>
   </div>
   <div class='ocr_carea' id='block_1_76' title="bbox 1989 3406 3557 3481">
    <p class='ocr_par' dir='ltr' id='par_1_76' title="bbox 1989 3406 3557 3481">
     <span class='ocr_line' id='line_1_76' title="bbox 1989 3406 3557 3481; baseline -0.005 -16"><span class='ocrx_word' id='word_1_635' title='bbox 1989 3414 2105 3467; x_wconf 69' lang='lat' dir='ltr'><strong>haec</strong></span> <span class='ocrx_word' id='word_1_636' title='bbox 2139 3413 2378 3467; x_wconf 87' lang='lat' dir='ltr'><strong>visibilia</strong></span> <span class='ocrx_word' id='word_1_637' title='bbox 2413 3427 2535 3481; x_wconf 70' lang='lat' dir='ltr'><strong>qua:</strong></span> <span class='ocrx_word' id='word_1_638' title='bbox 2563 3412 2620 3465; x_wconf 91' lang='lat' dir='ltr'><strong>in</strong></span> <span class='ocrx_word' id='word_1_639' title='bbox 2654 3411 2775 3465; x_wconf 87' lang='lat' dir='ltr'><strong>dies</strong></span> <span class='ocrx_word' id='word_1_640' title='bbox 2816 3409 3064 3479; x_wconf 77' lang='lat' dir='ltr'><strong>singulos</strong></span> <span class='ocrx_word' id='word_1_641' title='bbox 3093 3406 3307 3461; x_wconf 89' lang='lat' dir='ltr'><strong>abunde</strong></span> <span class='ocrx_word' id='word_1_642' title='bbox 3333 3413 3388 3459; x_wconf 89' lang='lat' dir='ltr'><strong>et</strong></span> <span class='ocrx_word' id='word_1_643' title='bbox 3416 3421 3557 3473; x_wconf 86' lang='lat' dir='ltr'><strong>opu-</strong></span> 
     </span>
    </p>
   </div>
   <div class='ocr_carea' id='block_1_77' title="bbox 1987 3494 3555 3572">
    <p class='ocr_par' dir='ltr' id='par_1_77' title="bbox 1987 3494 3555 3572">
     <span class='ocr_line' id='line_1_77' title="bbox 1987 3494 3555 3572; baseline -0.004 -15"><span class='ocrx_word' id='word_1_644' title='bbox 1987 3504 2164 3557; x_wconf 85' lang='lat' dir='ltr'><strong>lenter</strong></span> <span class='ocrx_word' id='word_1_645' title='bbox 2212 3504 2375 3557; x_wconf 86' lang='lat' dir='ltr'><strong>nobis</strong></span> <span class='ocrx_word' id='word_1_646' title='bbox 2414 3502 2661 3572; x_wconf 81' lang='lat' dir='ltr'><strong>suggerit</strong></span> <span class='ocrx_word' id='word_1_647' title='bbox 2703 3500 2923 3554; x_wconf 89' lang='lat' dir='ltr'><strong>Domini</strong></span> <span class='ocrx_word' id='word_1_648' title='bbox 2957 3499 3304 3567; x_wconf 80' lang='lat' dir='ltr'><strong>benignitas,</strong></span> <span class='ocrx_word' id='word_1_649' title='bbox 3346 3494 3555 3565; x_wconf 64' lang='lat'><strong>1042</strong></span> 
     </span>
    </p>
   </div>
   <div class='ocr_carea' id='block_1_78' title="bbox 1987 3587 3557 3662">
    <p class='ocr_par' dir='ltr' id='par_1_78' title="bbox 1987 3587 3557 3662">
     <span class='ocr_line' id='line_1_78' title="bbox 1987 3587 3557 3662; baseline -0.006 -15"><span class='ocrx_word' id='word_1_650' title='bbox 1987 3594 2415 3662; x_wconf 86' lang='lat' dir='ltr'><strong>haudquaquam</strong></span> <span class='ocrx_word' id='word_1_651' title='bbox 2448 3593 2612 3647; x_wconf 90' lang='lat' dir='ltr'><strong>ﬁdem</strong></span> <span class='ocrx_word' id='word_1_652' title='bbox 2645 3593 2933 3654; x_wconf 78' lang='lat' dir='ltr'><strong>habemus,</strong></span> <span class='ocrx_word' id='word_1_653' title='bbox 2966 3590 3061 3643; x_wconf 80' lang='lat' dir='ltr'><strong>sed</strong></span> <span class='ocrx_word' id='word_1_654' title='bbox 3090 3589 3242 3643; x_wconf 88' lang='lat' dir='ltr'><strong>varie</strong></span> <span class='ocrx_word' id='word_1_655' title='bbox 3274 3587 3557 3641; x_wconf 84' lang='lat' dir='ltr'><strong>diducitur</strong></span> 
     </span>
    </p>
   </div>
   <div class='ocr_carea' id='block_1_79' title="bbox 1987 3676 3554 3751">
    <p class='ocr_par' dir='ltr' id='par_1_79' title="bbox 1987 3676 3554 3751">
     <span class='ocr_line' id='line_1_79' title="bbox 1987 3676 3554 3751; baseline -0.003 -16"><span class='ocrx_word' id='word_1_656' title='bbox 1987 3683 2203 3737; x_wconf 88' lang='lat' dir='ltr'><strong>animus</strong></span> <span class='ocrx_word' id='word_1_657' title='bbox 2241 3693 2297 3737; x_wconf 90' lang='lat' dir='ltr'><strong>et</strong></span> <span class='ocrx_word' id='word_1_658' title='bbox 2328 3683 2552 3737; x_wconf 86' lang='lat' dir='ltr'><strong>vacillat</strong></span> <span class='ocrx_word' id='word_1_659' title='bbox 2576 3683 2820 3748; x_wconf 87' lang='lat' dir='ltr'><strong>dubius;</strong></span> <span class='ocrx_word' id='word_1_660' title='bbox 2868 3682 2964 3751; x_wconf 90' lang='lat' dir='ltr'><strong>qui</strong></span> <span class='ocrx_word' id='word_1_661' title='bbox 3011 3680 3105 3733; x_wconf 88' lang='lat' dir='ltr'><strong>ﬁet</strong></span> <span class='ocrx_word' id='word_1_662' title='bbox 3148 3690 3210 3733; x_wconf 90' lang='lat' dir='ltr'><strong>ut</strong></span> <span class='ocrx_word' id='word_1_663' title='bbox 3262 3679 3370 3732; x_wconf 91' lang='lat' dir='ltr'><strong>ﬁde</strong></span> <span class='ocrx_word' id='word_1_664' title='bbox 3414 3676 3554 3731; x_wconf 84' lang='lat' dir='ltr'><strong>nihil</strong></span> 
     </span>
    </p>
   </div>
   <div class='ocr_carea' id='block_1_80' title="bbox 1993 3773 3559 3846">
    <p class='ocr_par' dir='ltr' id='par_1_80' title="bbox 1993 3773 3559 3846">
     <span class='ocr_line' id='line_1_80' title="bbox 1993 3773 3559 3846; baseline -0.003 -17"><span class='ocrx_word' id='word_1_665' title='bbox 1993 3777 2285 3831; x_wconf 67' lang='lat' dir='ltr'><strong>haesitante</strong></span> <span class='ocrx_word' id='word_1_666' title='bbox 2341 3778 2631 3831; x_wconf 89' lang='lat' dir='ltr'><strong>credamus</strong></span> <span class='ocrx_word' id='word_1_667' title='bbox 2694 3777 2869 3846; x_wconf 89' lang='lat' dir='ltr'><strong>ipsius</strong></span> <span class='ocrx_word' id='word_1_668' title='bbox 2940 3774 3130 3828; x_wconf 87' lang='lat' dir='ltr'><strong>verbis</strong></span> <span class='ocrx_word' id='word_1_669' title='bbox 3182 3773 3250 3827; x_wconf 93' lang='lat' dir='ltr'><strong>de</strong></span> <span class='ocrx_word' id='word_1_670' title='bbox 3304 3773 3389 3826; x_wconf 90' lang='lat' dir='ltr'><strong>his</strong></span> <span class='ocrx_word' id='word_1_671' title='bbox 3436 3787 3559 3839; x_wconf 72' lang='lat' dir='ltr'><strong>qua:</strong></span> 
     </span>
    </p>
   </div>
   <div class='ocr_carea' id='block_1_81' title="bbox 1988 3866 3555 3938">
    <p class='ocr_par' dir='ltr' id='par_1_81' title="bbox 1988 3866 3555 3938">
     <span class='ocr_line' id='line_1_81' title="bbox 1988 3866 3555 3938; baseline -0.003 -17"><span class='ocrx_word' id='word_1_672' title='bbox 1988 3869 2214 3922; x_wconf 90' lang='lat' dir='ltr'><strong>minime</strong></span> <span class='ocrx_word' id='word_1_673' title='bbox 2288 3869 2465 3924; x_wconf 84' lang='lat' dir='ltr'><strong>oculis</strong></span> <span class='ocrx_word' id='word_1_674' title='bbox 2540 3869 2864 3938; x_wconf 73' lang='lat' dir='ltr'><strong>subiacent,</strong></span> <span class='ocrx_word' id='word_1_675' title='bbox 2946 3866 3041 3921; x_wconf 88' lang='lat' dir='ltr'><strong>sed</strong></span> <span class='ocrx_word' id='word_1_676' title='bbox 3121 3875 3325 3919; x_wconf 70' lang='lat' dir='ltr'><strong>mtema</strong></span> <span class='ocrx_word' id='word_1_677' title='bbox 3397 3871 3555 3926; x_wconf 87' lang='lat' dir='ltr'><strong>sunt,</strong></span> 
     </span>
    </p>
   </div>
   <div class='ocr_carea' id='block_1_82' title="bbox 1987 3954 3558 4027">
    <p class='ocr_par' dir='ltr' id='par_1_82' title="bbox 1987 3954 3558 4027">
     <span class='ocr_line' id='line_1_82' title="bbox 1987 3954 3558 4027; baseline -0.003 -16"><span class='ocrx_word' id='word_1_678' title='bbox 1987 3974 2091 4012; x_wconf 88' lang='lat' dir='ltr'><strong>nec</strong></span> <span class='ocrx_word' id='word_1_679' title='bbox 2149 3959 2260 4011; x_wconf 92' lang='lat' dir='ltr'><strong>ullo</strong></span> <span class='ocrx_word' id='word_1_680' title='bbox 2318 3973 2559 4027; x_wconf 88' lang='lat' dir='ltr'><strong>unquam</strong></span> <span class='ocrx_word' id='word_1_681' title='bbox 2623 3958 3024 4027; x_wconf 86' lang='lat' dir='ltr'><strong>intercipienda</strong></span> <span class='ocrx_word' id='word_1_682' title='bbox 3080 3957 3209 4018; x_wconf 88' lang='lat' dir='ltr'><strong>ﬁne,</strong></span> <span class='ocrx_word' id='word_1_683' title='bbox 3259 3969 3383 4008; x_wconf 92' lang='lat' dir='ltr'><strong>cum</strong></span> <span class='ocrx_word' id='word_1_684' title='bbox 3423 3954 3558 4007; x_wconf 81' lang='lat' dir='ltr'><strong>alie-</strong></span> 
     </span>
    </p>
   </div>
   <div class='ocr_carea' id='block_1_83' title="bbox 1987 4045 3555 4118">
    <p class='ocr_par' dir='ltr' id='par_1_83' title="bbox 1987 4045 3555 4118">
     <span class='ocr_line' id='line_1_83' title="bbox 1987 4045 3555 4118; baseline -0.004 -15"><span class='ocrx_word' id='word_1_685' title='bbox 1987 4050 2079 4118; x_wconf 91' lang='lat' dir='ltr'><strong>qui</strong></span> <span class='ocrx_word' id='word_1_686' title='bbox 2132 4065 2189 4103; x_wconf 91' lang='lat' dir='ltr'><strong>se</strong></span> <span class='ocrx_word' id='word_1_687' title='bbox 2243 4065 2311 4103; x_wconf 85' lang='lat' dir='ltr'><strong>ea</strong></span> <span class='ocrx_word' id='word_1_688' title='bbox 2379 4050 2541 4103; x_wconf 90' lang='lat' dir='ltr'><strong>nobis</strong></span> <span class='ocrx_word' id='word_1_689' title='bbox 2620 4058 2773 4103; x_wconf 89' lang='lat' dir='ltr'><strong>certo</strong></span> <span class='ocrx_word' id='word_1_690' title='bbox 2819 4049 3079 4102; x_wconf 88' lang='lat' dir='ltr'><strong>daturum</strong></span> <span class='ocrx_word' id='word_1_691' title='bbox 3142 4046 3423 4115; x_wconf 90' lang='lat' dir='ltr'><strong>pollicitus</strong></span> <span class='ocrx_word' id='word_1_692' title='bbox 3463 4045 3555 4109; x_wconf 86' lang='lat' dir='ltr'><strong>sit,</strong></span> 
     </span>
    </p>
   </div>
   <div class='ocr_carea' id='block_1_84' title="bbox 1989 4136 3558 4207">
    <p class='ocr_par' dir='ltr' id='par_1_84' title="bbox 1989 4136 3558 4207">
     <span class='ocr_line' id='line_1_84' title="bbox 1989 4136 3558 4207; baseline -0.004 -11"><span class='ocrx_word' id='word_1_693' title='bbox 1989 4144 2131 4197; x_wconf 91' lang='lat' dir='ltr'><strong>bona</strong></span> <span class='ocrx_word' id='word_1_694' title='bbox 2180 4158 2310 4196; x_wconf 87' lang='lat' dir='ltr'><strong>sane</strong></span> <span class='ocrx_word' id='word_1_695' title='bbox 2341 4182 2356 4207; x_wconf 92' lang='lat'><strong>,</strong></span> <span class='ocrx_word' id='word_1_696' title='bbox 2417 4161 2437 4193; x_wconf 71' lang='grc' dir='ltr'><strong>ι</strong></span> <span class='ocrx_word' id='word_1_697' title='bbox 2472 4141 2603 4207; x_wconf 68' lang='lat' dir='ltr'><strong>Quae</strong></span> <span class='ocrx_word' id='word_1_698' title='bbox 2651 4157 2756 4196; x_wconf 90' lang='lat' dir='ltr'><strong>nec</strong></span> <span class='ocrx_word' id='word_1_699' title='bbox 2803 4142 2999 4195; x_wconf 83' lang='lat' dir='ltr'><strong>oculus</strong></span> <span class='ocrx_word' id='word_1_700' title='bbox 3043 4140 3203 4203; x_wconf 90' lang='lat' dir='ltr'><strong>vidit,</strong></span> <span class='ocrx_word' id='word_1_701' title='bbox 3251 4153 3355 4191; x_wconf 88' lang='lat' dir='ltr'><strong>nec</strong></span> <span class='ocrx_word' id='word_1_702' title='bbox 3404 4136 3558 4191; x_wconf 89' lang='lat' dir='ltr'><strong>auris</strong></span> 
     </span>
    </p>
   </div>
   <div class='ocr_carea' id='block_1_85' title="bbox 1988 4228 3557 4298">
    <p class='ocr_par' dir='ltr' id='par_1_85' title="bbox 1988 4228 3557 4298">
     <span class='ocr_line' id='line_1_85' title="bbox 1988 4228 3557 4298; baseline -0.004 -11"><span class='ocrx_word' id='word_1_703' title='bbox 1988 4234 2217 4298; x_wconf 91' lang='lat' dir='ltr'><strong>audivit,</strong></span> <span class='ocrx_word' id='word_1_704' title='bbox 2247 4248 2349 4288; x_wconf 92' lang='lat' dir='ltr'><strong>nec</strong></span> <span class='ocrx_word' id='word_1_705' title='bbox 2374 4234 2431 4287; x_wconf 88' lang='lat' dir='ltr'><strong>in</strong></span> <span class='ocrx_word' id='word_1_706' title='bbox 2466 4248 2563 4286; x_wconf 91' lang='lat' dir='ltr'><strong>cor</strong></span> <span class='ocrx_word' id='word_1_707' title='bbox 2591 4232 2833 4286; x_wconf 89' lang='lat' dir='ltr'><strong>hominis</strong></span> <span class='ocrx_word' id='word_1_708' title='bbox 2860 4231 3232 4286; x_wconf 88' lang='lat' dir='ltr'><strong>ascenderunt</strong></span> <span class='ocrx_word' id='word_1_709' title='bbox 3259 4230 3345 4282; x_wconf 71' lang='lat'><strong>“‘2</strong></span> <span class='ocrx_word' id='word_1_710' title='bbox 3376 4247 3395 4279; x_wconf 71' lang='grc' dir='ltr'><strong>ι</strong></span> <span class='ocrx_word' id='word_1_711' title='bbox 3435 4228 3557 4282; x_wconf 85' lang='grc' dir='ltr'>Νοιι</span> 
     </span>
    </p>
   </div>
   <div class='ocr_carea' id='block_1_86' title="bbox 1990 4318 3561 4393">
    <p class='ocr_par' dir='ltr' id='par_1_86' title="bbox 1990 4318 3561 4393">
     <span class='ocr_line' id='line_1_86' title="bbox 1990 4318 3561 4393; baseline -0.004 -16"><span class='ocrx_word' id='word_1_712' title='bbox 1990 4324 2154 4393; x_wconf 79' lang='lat' dir='ltr'><strong>igitur</strong></span> <span class='ocrx_word' id='word_1_713' title='bbox 2179 4324 2277 4378; x_wconf 87' lang='lat' dir='ltr'><strong>abs</strong></span> <span class='ocrx_word' id='word_1_714' title='bbox 2312 4339 2371 4377; x_wconf 86' lang='lat' dir='ltr'><strong>re</strong></span> <span class='ocrx_word' id='word_1_715' title='bbox 2403 4324 2590 4377; x_wconf 86' lang='lat' dir='ltr'><strong>divina</strong></span> <span class='ocrx_word' id='word_1_716' title='bbox 2622 4338 2726 4377; x_wconf 90' lang='lat' dir='ltr'><strong>nos</strong></span> <span class='ocrx_word' id='word_1_717' title='bbox 2757 4324 3008 4392; x_wconf 83' lang='lat' dir='ltr'><strong>coarguit</strong></span> <span class='ocrx_word' id='word_1_718' title='bbox 3037 4322 3320 4389; x_wconf 89' lang='lat' dir='ltr'><strong>Scriptura</strong></span> <span class='ocrx_word' id='word_1_719' title='bbox 3353 4336 3368 4373; x_wconf 86' lang='lat'><strong>:</strong></span> <span class='ocrx_word' id='word_1_720' title='bbox 3409 4337 3429 4369; x_wconf 76' lang='grc' dir='ltr'><strong>ι</strong></span> <span class='ocrx_word' id='word_1_721' title='bbox 3466 4318 3561 4372; x_wconf 82' lang='lat' dir='ltr'><strong>Vi-</strong></span> 
     </span>
    </p>
   </div>
   <div class='ocr_carea' id='block_1_87' title="bbox 1990 4411 3559 4485">
    <p class='ocr_par' dir='ltr' id='par_1_87' title="bbox 1990 4411 3559 4485">
     <span class='ocr_line' id='line_1_87' title="bbox 1990 4411 3559 4485; baseline -0.003 -16"><span class='ocrx_word' id='word_1_722' title='bbox 1990 4432 2110 4469; x_wconf 87' lang='lat' dir='ltr'><strong>rmn</strong></span> <span class='ocrx_word' id='word_1_723' title='bbox 2162 4416 2565 4485; x_wconf 89' lang='lat' dir='ltr'><strong>pusillanimem</strong></span> <span class='ocrx_word' id='word_1_724' title='bbox 2619 4414 2746 4483; x_wconf 88' lang='lat' dir='ltr'><strong>quis</strong></span> <span class='ocrx_word' id='word_1_725' title='bbox 2800 4413 3094 4468; x_wconf 88' lang='lat' dir='ltr'><strong>sustinebit</strong></span> <span class='ocrx_word' id='word_1_726' title='bbox 3139 4412 3221 4465; x_wconf 85' lang='lat'><strong>&quot;?</strong></span> <span class='ocrx_word' id='word_1_727' title='bbox 3282 4430 3302 4463; x_wconf 76' lang='grc' dir='ltr'><strong>ι</strong></span> <span class='ocrx_word' id='word_1_728' title='bbox 3369 4411 3559 4478; x_wconf 81' lang='lat' dir='ltr'><strong>Itaque</strong></span> 
     </span>
    </p>
   </div>
   <div class='ocr_carea' id='block_1_88' title="bbox 1990 4500 3559 4576">
    <p class='ocr_par' dir='ltr' id='par_1_88' title="bbox 1990 4500 3559 4576">
     <span class='ocr_line' id='line_1_88' title="bbox 1990 4500 3559 4576; baseline -0.005 -15"><span class='ocrx_word' id='word_1_729' title='bbox 1990 4507 2153 4561; x_wconf 89' lang='lat' dir='ltr'><strong>istius</strong></span> <span class='ocrx_word' id='word_1_730' title='bbox 2210 4506 2457 4576; x_wconf 87' lang='lat' dir='ltr'><strong>corporis</strong></span> <span class='ocrx_word' id='word_1_731' title='bbox 2508 4505 2897 4559; x_wconf 88' lang='lat' dir='ltr'><strong>necessitatem</strong></span> <span class='ocrx_word' id='word_1_732' title='bbox 2930 4504 3035 4557; x_wconf 90' lang='lat' dir='ltr'><strong>ﬁde</strong></span> <span class='ocrx_word' id='word_1_733' title='bbox 3085 4517 3196 4555; x_wconf 93' lang='lat' dir='ltr'><strong>non</strong></span> <span class='ocrx_word' id='word_1_734' title='bbox 3241 4500 3410 4554; x_wconf 87' lang='lat' dir='ltr'><strong>dubia</strong></span> <span class='ocrx_word' id='word_1_735' title='bbox 3446 4501 3559 4554; x_wconf 93' lang='lat' dir='ltr'><strong>Deo</strong></span> 
     </span>
    </p>
   </div>
   <div class='ocr_carea' id='block_1_89' title="bbox 332 4592 2094 4688">
    <p class='ocr_par' dir='ltr' id='par_1_89' title="bbox 332 4594 2090 4688">
     <span class='ocr_line' id='line_1_89' title="bbox 332 4594 2090 4688; baseline 0.004 -43"><span class='ocrx_word' id='word_1_736' title='bbox 332 4597 422 4646; x_wconf 76' lang='grc' dir='ltr'><strong>καὶ</strong></span> <span class='ocrx_word' id='word_1_737' title='bbox 442 4596 476 4663; x_wconf 82' lang='grc' dir='ltr'>ἡ</span> <span class='ocrx_word' id='word_1_738' title='bbox 505 4595 675 4664; x_wconf 82' lang='grc' dir='ltr'>Σοφία</span> <span class='ocrx_word' id='word_1_739' title='bbox 711 4594 899 4665; x_wconf 74' lang='grc' dir='ltr'><strong>φησίν·Δ</strong></span> <span class='ocrx_word' id='word_1_740' title='bbox 934 4616 954 4648; x_wconf 75' lang='grc' dir='ltr'><strong>ι</strong></span> <span class='ocrx_word' id='word_1_741' title='bbox 996 4599 1091 4660; x_wconf 90' lang='grc' dir='ltr'>Ὃς</span> <span class='ocrx_word' id='word_1_742' title='bbox 1110 4598 1396 4667; x_wconf 85' lang='grc' dir='ltr'>πορεύεται</span> <span class='ocrx_word' id='word_1_743' title='bbox 1423 4600 1629 4665; x_wconf 87' lang='grc' dir='ltr'>ἁπλῶς,</span> <span class='ocrx_word' id='word_1_744' title='bbox 1662 4602 1887 4670; x_wconf 85' lang='grc' dir='ltr'>πορεύε-</span> <span class='ocrx_word' id='word_1_745' title='bbox 1925 4635 1966 4688; x_wconf 77' lang='lat' dir='ltr'><strong>D</strong></span> <span class='ocrx_word' id='word_1_746' title='bbox 1992 4614 2090 4667; x_wconf 87' lang='lat' dir='ltr'><strong>per</strong></span> 
     </span>
    </p>
   </div>
   <div class='ocr_carea' id='block_1_90' title="bbox 1797 4592 3559 4688">
    <p class='ocr_par' dir='ltr' id='par_1_90' title="bbox 1804 4592 3559 4688">
     <span class='ocr_line' id='line_1_90' title="bbox 1804 4592 3559 4688; baseline -0.005 -34"><span class='ocrx_word' id='word_1_747' title='bbox 1804 4602 1887 4654; x_wconf 86' lang='grc' dir='ltr'>ύε-</span> <span class='ocrx_word' id='word_1_748' title='bbox 1925 4635 1966 4688; x_wconf 77' lang='lat' dir='ltr'><strong>D</strong></span> <span class='ocrx_word' id='word_1_749' title='bbox 1992 4600 2375 4688; x_wconf 86' lang='lat' dir='ltr'><strong>permittamus</strong></span> <span class='ocrx_word' id='word_1_750' title='bbox 2409 4598 2498 4651; x_wconf 91' lang='lat' dir='ltr'><strong>cui</strong></span> <span class='ocrx_word' id='word_1_751' title='bbox 2524 4597 2802 4650; x_wconf 79' lang='lat' dir='ltr'><strong>manifesti</strong></span> <span class='ocrx_word' id='word_1_752' title='bbox 2830 4610 3019 4649; x_wconf 84' lang='lat' dir='ltr'><strong>sumus</strong></span> <span class='ocrx_word' id='word_1_753' title='bbox 3072 4594 3233 4648; x_wconf 89' lang='lat' dir='ltr'><strong>ﬁdem</strong></span> <span class='ocrx_word' id='word_1_754' title='bbox 3289 4592 3559 4646; x_wconf 88' lang='lat' dir='ltr'><strong>habentes</strong></span> 
     </span>
    </p>
   </div>
   <div class='ocr_carea' id='block_1_91' title="bbox 332 4686 1894 4756">
    <p class='ocr_par' dir='ltr' id='par_1_91' title="bbox 332 4686 1894 4756">
     <span class='ocr_line' id='line_1_91' title="bbox 332 4686 1894 4756; baseline 0.008 -22"><span class='ocrx_word' id='word_1_755' title='bbox 332 4700 419 4737; x_wconf 86' lang='grc' dir='ltr'><strong>ται</strong></span> <span class='ocrx_word' id='word_1_756' title='bbox 474 4686 766 4749; x_wconf 82' lang='grc' dir='ltr'>πεποιθώς.</span> <span class='ocrx_word' id='word_1_757' title='bbox 798 4706 817 4738; x_wconf 77' lang='grc' dir='ltr'><strong>ι</strong></span> <span class='ocrx_word' id='word_1_758' title='bbox 868 4688 976 4741; x_wconf 79' lang='grc' dir='ltr'><strong>Καὶ</strong></span> <span class='ocrx_word' id='word_1_759' title='bbox 1024 4689 1208 4743; x_wconf 68' lang='grc' dir='ltr'>πάλινυ</span> <span class='ocrx_word' id='word_1_760' title='bbox 1267 4707 1285 4741; x_wconf 81' lang='grc' dir='ltr'><strong>ι</strong></span> <span class='ocrx_word' id='word_1_761' title='bbox 1324 4690 1430 4743; x_wconf 88' lang='grc' dir='ltr'><strong>Τοῦ</strong></span> <span class='ocrx_word' id='word_1_762' title='bbox 1481 4691 1672 4744; x_wconf 80' lang='grc' dir='ltr'>πιστοῦ</span> <span class='ocrx_word' id='word_1_763' title='bbox 1718 4692 1837 4756; x_wconf 83' lang='grc' dir='ltr'>ὅλος</span> <span class='ocrx_word' id='word_1_764' title='bbox 1866 4696 1894 4747; x_wconf 86' lang='grc' dir='ltr'><strong>ὁ</strong></span> 
     </span>
    </p>
   </div>
   <div class='ocr_carea' id='block_1_92' title="bbox 335 4774 1887 4848">
    <p class='ocr_par' dir='ltr' id='par_1_92' title="bbox 335 4774 1887 4848">
     <span class='ocr_line' id='line_1_92' title="bbox 335 4774 1887 4848; baseline 0.004 -23"><span class='ocrx_word' id='word_1_765' title='bbox 335 4774 530 4843; x_wconf 76' lang='grc' dir='ltr'>κόσμος</span> <span class='ocrx_word' id='word_1_766' title='bbox 569 4776 676 4828; x_wconf 90' lang='grc' dir='ltr'><strong>τῶν</strong></span> <span class='ocrx_word' id='word_1_767' title='bbox 705 4776 1023 4847; x_wconf 84' lang='grc' dir='ltr'>χρημάτων,</span> <span class='ocrx_word' id='word_1_768' title='bbox 1044 4776 1121 4846; x_wconf 81' lang='grc' dir='ltr'>τῷ</span> <span class='ocrx_word' id='word_1_769' title='bbox 1152 4776 1209 4828; x_wconf 83' lang='grc' dir='ltr'>δὲ</span> <span class='ocrx_word' id='word_1_770' title='bbox 1240 4776 1452 4848; x_wconf 84' lang='grc' dir='ltr'>ἀπίστῳ</span> <span class='ocrx_word' id='word_1_771' title='bbox 1476 4777 1595 4831; x_wconf 73' lang='grc' dir='ltr'>οὐδὲ</span> <span class='ocrx_word' id='word_1_772' title='bbox 1621 4778 1823 4842; x_wconf 80' lang='grc' dir='ltr'>ὀϐολός.</span> <span class='ocrx_word' id='word_1_773' title='bbox 1867 4797 1887 4831; x_wconf 78' lang='grc' dir='ltr'><strong>ι</strong></span> 
     </span>
    </p>
   </div>
   <div class='ocr_carea' id='block_1_93' title="bbox 336 4866 1891 4939">
    <p class='ocr_par' dir='ltr' id='par_1_93' title="bbox 336 4866 1891 4939">
     <span class='ocr_line' id='line_1_93' title="bbox 336 4866 1891 4939; baseline 0.004 -23"><span class='ocrx_word' id='word_1_774' title='bbox 336 4866 459 4917; x_wconf 77' lang='grc' dir='ltr'>Καί’</span> <span class='ocrx_word' id='word_1_775' title='bbox 497 4887 516 4918; x_wconf 77' lang='grc' dir='ltr'><strong>ι</strong></span> <span class='ocrx_word' id='word_1_776' title='bbox 553 4866 785 4934; x_wconf 84' lang='grc' dir='ltr'>Εὑλογία</span> <span class='ocrx_word' id='word_1_777' title='bbox 814 4867 1018 4937; x_wconf 81' lang='grc' dir='ltr'>Κυρίου</span> <span class='ocrx_word' id='word_1_778' title='bbox 1042 4869 1134 4921; x_wconf 76' lang='grc' dir='ltr'>ἐπὶ</span> <span class='ocrx_word' id='word_1_779' title='bbox 1165 4868 1408 4939; x_wconf 79' lang='grc' dir='ltr'>κεφαλὴν</span> <span class='ocrx_word' id='word_1_780' title='bbox 1436 4869 1666 4924; x_wconf 81' lang='grc' dir='ltr'>δικαίου.</span> <span class='ocrx_word' id='word_1_781' title='bbox 1710 4890 1729 4923; x_wconf 75' lang='grc' dir='ltr'><strong>ι</strong></span> <span class='ocrx_word' id='word_1_782' title='bbox 1765 4871 1891 4935; x_wconf 77' lang='grc' dir='ltr'>Καὶ,</span> 
     </span>
    </p>
   </div>
   <div class='ocr_carea' id='block_1_94' title="bbox 343 4950 1889 5025">
    <p class='ocr_par' dir='ltr' id='par_1_94' title="bbox 343 4950 1889 5025">
     <span class='ocr_line' id='line_1_94' title="bbox 343 4950 1889 5025; baseline 0.007 -25"><span class='ocrx_word' id='word_1_783' title='bbox 343 4968 360 5000; x_wconf 75' lang='grc' dir='ltr'><strong>ι</strong></span> <span class='ocrx_word' id='word_1_784' title='bbox 395 4950 554 5022; x_wconf 72' lang='grc' dir='ltr'>Ψυχὴ</span> <span class='ocrx_word' id='word_1_785' title='bbox 585 4952 922 5024; x_wconf 79' lang='grc' dir='ltr'>εὐλογημένη</span> <span class='ocrx_word' id='word_1_786' title='bbox 961 4955 1107 5006; x_wconf 81' lang='grc' dir='ltr'>πᾶσα</span> <span class='ocrx_word' id='word_1_787' title='bbox 1130 4956 1275 5024; x_wconf 85' lang='grc' dir='ltr'>ἀπλῆ</span> <span class='ocrx_word' id='word_1_788' title='bbox 1308 4972 1323 4986; x_wconf 79' lang='grc' dir='ltr'><strong>ο</strong></span> <span class='ocrx_word' id='word_1_789' title='bbox 1352 4958 1445 5008; x_wconf 76' lang='grc' dir='ltr'><strong>καὶ</strong></span> <span class='ocrx_word' id='word_1_790' title='bbox 1477 4959 1505 5010; x_wconf 89' lang='grc' dir='ltr'><strong>ό</strong></span> <span class='ocrx_word' id='word_1_791' title='bbox 1542 4959 1781 5025; x_wconf 85' lang='grc' dir='ltr'>σπείρων</span> <span class='ocrx_word' id='word_1_792' title='bbox 1807 4959 1889 5011; x_wconf 86' lang='grc' dir='ltr'>δι-</span> 
     </span>
    </p>
   </div>
   <div class='ocr_carea' id='block_1_95' title="bbox 340 5042 1890 5118">
    <p class='ocr_par' dir='ltr' id='par_1_95' title="bbox 340 5042 1890 5118">
     <span class='ocr_line' id='line_1_95' title="bbox 340 5042 1890 5118; baseline 0.005 -25"><span class='ocrx_word' id='word_1_793' title='bbox 340 5042 644 5112; x_wconf 82' lang='grc' dir='ltr'>καιοσύνην,</span> <span class='ocrx_word' id='word_1_794' title='bbox 678 5043 906 5112; x_wconf 76' lang='grc' dir='ltr'>λήψεται</span> <span class='ocrx_word' id='word_1_795' title='bbox 940 5044 1128 5118; x_wconf 80' lang='grc' dir='ltr'>μισθὸν</span> <span class='ocrx_word' id='word_1_796' title='bbox 1161 5046 1373 5099; x_wconf 90' lang='grc' dir='ltr'>πιστοῦ.</span> <span class='ocrx_word' id='word_1_797' title='bbox 1400 5048 1473 5099; x_wconf 83' lang='grc' dir='ltr'><strong>Οὐ</strong></span> <span class='ocrx_word' id='word_1_798' title='bbox 1502 5048 1609 5117; x_wconf 82' lang='grc' dir='ltr'><strong>γὰρ</strong></span> <span class='ocrx_word' id='word_1_799' title='bbox 1638 5048 1890 5115; x_wconf 85' lang='grc' dir='ltr'>λιμοκτο-</span> 
     </span>
    </p>
   </div>
   <div class='ocr_carea' id='block_1_96' title="bbox 340 5133 1889 5206">
    <p class='ocr_par' dir='ltr' id='par_1_96' title="bbox 340 5133 1889 5206">
     <span class='ocr_line' id='line_1_96' title="bbox 340 5133 1889 5206; baseline 0.006 -25"><span class='ocrx_word' id='word_1_800' title='bbox 340 5134 485 5199; x_wconf 81' lang='grc' dir='ltr'>νὴσει</span> <span class='ocrx_word' id='word_1_801' title='bbox 532 5133 736 5203; x_wconf 78' lang='grc' dir='ltr'>Κύριος</span> <span class='ocrx_word' id='word_1_802' title='bbox 777 5135 954 5206; x_wconf 78' lang='grc' dir='ltr'>ψυχὴν</span> <span class='ocrx_word' id='word_1_803' title='bbox 990 5137 1219 5189; x_wconf 82' lang='grc' dir='ltr'>δικαίου.</span> <span class='ocrx_word' id='word_1_804' title='bbox 1258 5136 1315 5189; x_wconf 79' lang='grc'><strong>’0</strong></span> <span class='ocrx_word' id='word_1_805' title='bbox 1366 5137 1423 5189; x_wconf 85' lang='grc' dir='ltr'>δὲ</span> <span class='ocrx_word' id='word_1_806' title='bbox 1475 5137 1749 5201; x_wconf 84' lang='grc' dir='ltr'>πεποιθὼς</span> <span class='ocrx_word' id='word_1_807' title='bbox 1798 5141 1889 5191; x_wconf 73' lang='grc' dir='ltr'>ἐπὶ</span> 
     </span>
    </p>
   </div>
   <div class='ocr_carea' id='block_1_97' title="bbox 343 5221 1891 5300">
    <p class='ocr_par' dir='ltr' id='par_1_97' title="bbox 343 5221 1891 5300">
     <span class='ocr_line' id='line_1_97' title="bbox 343 5221 1891 5300; baseline 0.005 -26"><span class='ocrx_word' id='word_1_808' title='bbox 343 5222 546 5293; x_wconf 82' lang='grc' dir='ltr'>πλούτῳ</span> <span class='ocrx_word' id='word_1_809' title='bbox 591 5224 777 5288; x_wconf 81' lang='grc' dir='ltr'>αὐτοῦ,</span> <span class='ocrx_word' id='word_1_810' title='bbox 810 5221 964 5289; x_wconf 71' lang='grc' dir='ltr'>οὗτος</span> <span class='ocrx_word' id='word_1_811' title='bbox 1010 5230 1277 5282; x_wconf 81' lang='grc' dir='ltr'>πεσεῖται.</span> <span class='ocrx_word' id='word_1_812' title='bbox 1316 5247 1333 5279; x_wconf 77' lang='grc' dir='ltr'><strong>ι</strong></span> <span class='ocrx_word' id='word_1_813' title='bbox 1377 5230 1507 5290; x_wconf 78' lang='grc' dir='ltr'>Καὶ,</span> <span class='ocrx_word' id='word_1_814' title='bbox 1555 5248 1573 5281; x_wconf 75' lang='grc' dir='ltr'><strong>ι</strong></span> <span class='ocrx_word' id='word_1_815' title='bbox 1618 5230 1891 5300; x_wconf 77' lang='grc' dir='ltr'>’Υπαρξις</span> 
     </span>
    </p>
   </div>
   <div class='ocr_carea' id='block_1_98' title="bbox 344 5315 1891 5387">
    <p class='ocr_par' dir='ltr' id='par_1_98' title="bbox 344 5315 1891 5387">
     <span class='ocr_line' id='line_1_98' title="bbox 344 5315 1891 5387; baseline 0.008 -24"><span class='ocrx_word' id='word_1_816' title='bbox 344 5315 837 5385; x_wconf 77' lang='grc' dir='ltr'>ἐπισπουδαζομὲνη</span> <span class='ocrx_word' id='word_1_817' title='bbox 873 5318 1009 5386; x_wconf 85' lang='grc' dir='ltr'><strong>μετά</strong></span> <span class='ocrx_word' id='word_1_818' title='bbox 1041 5318 1291 5386; x_wconf 84' lang='grc' dir='ltr'>ἀνομίας,</span> <span class='ocrx_word' id='word_1_819' title='bbox 1322 5319 1564 5373; x_wconf 75' lang='grc' dir='ltr'>ἐλάσσων</span> <span class='ocrx_word' id='word_1_820' title='bbox 1596 5320 1823 5387; x_wconf 86' lang='grc' dir='ltr'>γίνεται·</span> <span class='ocrx_word' id='word_1_821' title='bbox 1863 5324 1891 5375; x_wconf 86' lang='grc' dir='ltr'><strong>ό</strong></span> 
     </span>
    </p>
   </div>
   <div class='ocr_carea' id='block_1_99' title="bbox 344 5403 1888 5483">
    <p class='ocr_par' dir='ltr' id='par_1_99' title="bbox 344 5403 1888 5483">
     <span class='ocr_line' id='line_1_99' title="bbox 344 5403 1888 5483; baseline 0.005 -26"><span class='ocrx_word' id='word_1_822' title='bbox 344 5403 397 5457; x_wconf 82' lang='grc' dir='ltr'>δὲ</span> <span class='ocrx_word' id='word_1_823' title='bbox 422 5408 663 5475; x_wconf 77' lang='grc' dir='ltr'>συνάγων</span> <span class='ocrx_word' id='word_1_824' title='bbox 692 5411 868 5480; x_wconf 82' lang='grc' dir='ltr'>ἐαυτῷ</span> <span class='ocrx_word' id='word_1_825' title='bbox 899 5410 1034 5480; x_wconf 88' lang='grc' dir='ltr'><strong>μετά</strong></span> <span class='ocrx_word' id='word_1_826' title='bbox 1054 5410 1356 5475; x_wconf 80' lang='grc' dir='ltr'>εὐσεδείας,</span> <span class='ocrx_word' id='word_1_827' title='bbox 1385 5413 1834 5483; x_wconf 79' lang='grc' dir='ltr'>πληθυνθήσεται.</span> <span class='ocrx_word' id='word_1_828' title='bbox 1870 5434 1888 5465; x_wconf 70' lang='grc' dir='ltr'><strong>ι</strong></span> 
     </span>
    </p>
   </div>
   <div class='ocr_carea' id='block_1_100' title="bbox 411 5562 1853 5632">
    <p class='ocr_par' dir='ltr' id='par_1_100' title="bbox 411 5562 1853 5632">
     <span class='ocr_line' id='line_1_100' title="bbox 411 5562 1853 5632; baseline 0.006 -17"><span class='ocrx_word' id='word_1_829' title='bbox 411 5562 573 5617; x_wconf 78' lang='lat' dir='ltr'><strong>&quot;Isa.</strong></span> <span class='ocrx_word' id='word_1_830' title='bbox 598 5564 760 5627; x_wconf 65' lang='lat' dir='ltr'><strong>v,23.</strong></span> <span class='ocrx_word' id='word_1_831' title='bbox 838 5568 882 5596; x_wconf 71' lang='grc' dir='ltr'>³ο</span> <span class='ocrx_word' id='word_1_832' title='bbox 922 5566 1087 5619; x_wconf 68' lang='grc' dir='ltr'><strong>Ιεζοοιὶ.</strong></span> <span class='ocrx_word' id='word_1_833' title='bbox 1122 5582 1211 5629; x_wconf 91' lang='lat' dir='ltr'><strong>xx,</strong></span> <span class='ocrx_word' id='word_1_834' title='bbox 1236 5567 1323 5620; x_wconf 96' lang='grc'><strong>51.</strong></span> <span class='ocrx_word' id='word_1_835' title='bbox 1404 5568 1416 5597; x_wconf 90' lang='grc'>¹</span> <span class='ocrx_word' id='word_1_836' title='bbox 1444 5569 1603 5623; x_wconf 82' lang='lat' dir='ltr'><strong>Prov.</strong></span> <span class='ocrx_word' id='word_1_837' title='bbox 1644 5584 1731 5632; x_wconf 89' lang='lat' dir='ltr'><strong>xv,</strong></span> <span class='ocrx_word' id='word_1_838' title='bbox 1763 5571 1853 5624; x_wconf 91' lang='lat'><strong>‘27.</strong></span> 
     </span>
    </p>
   </div>
   <div class='ocr_carea' id='block_1_101' title="bbox 351 5572 2113 5659">
    <p class='ocr_par' dir='ltr' id='par_1_101' title="bbox 351 5572 2111 5659">
     <span class='ocr_line' id='line_1_101' title="bbox 411 5572 2111 5632; baseline 0.004 -16"><span class='ocrx_word' id='word_1_839' title='bbox 411 5572 573 5617; x_wconf 84' lang='lat' dir='ltr'><strong>&quot;lsa.</strong></span> <span class='ocrx_word' id='word_1_840' title='bbox 598 5572 760 5627; x_wconf 65' lang='lat' dir='ltr'><strong>v,23.</strong></span> <span class='ocrx_word' id='word_1_841' title='bbox 838 5572 882 5596; x_wconf 69' lang='grc' dir='ltr'><strong>’τ’</strong></span> <span class='ocrx_word' id='word_1_842' title='bbox 922 5572 1087 5619; x_wconf 79' lang='lat' dir='ltr'><strong>Eccli.</strong></span> <span class='ocrx_word' id='word_1_843' title='bbox 1122 5582 1211 5629; x_wconf 91' lang='lat' dir='ltr'><strong>xx,</strong></span> <span class='ocrx_word' id='word_1_844' title='bbox 1236 5572 1323 5620; x_wconf 93' lang='grc'><strong>51.</strong></span> <span class='ocrx_word' id='word_1_845' title='bbox 1404 5572 1603 5623; x_wconf 85' lang='lat' dir='ltr'><strong>&#39;Prov.</strong></span> <span class='ocrx_word' id='word_1_846' title='bbox 1644 5584 1731 5632; x_wconf 89' lang='lat' dir='ltr'><strong>xv,</strong></span> <span class='ocrx_word' id='word_1_847' title='bbox 1763 5572 1853 5624; x_wconf 91' lang='lat'><strong>‘27.</strong></span> <span class='ocrx_word' id='word_1_848' title='bbox 1928 5572 1948 5601; x_wconf 83' lang='lat'><strong>’</strong></span> <span class='ocrx_word' id='word_1_849' title='bbox 1974 5573 2111 5625; x_wconf 85' lang='lat' dir='ltr'><strong>Prov</strong></span> 
     </span>
     <span class='ocr_line' id='line_1_102' title="bbox 351 5628 2107 5659; baseline 0 0"><span class='ocrx_word' id='word_1_850' title='bbox 351 5628 428 5659; x_wconf 75' lang='lat' dir='ltr'><strong>In</strong></span> <span class='ocrx_word' id='word_1_851' title='bbox 456 5634 501 5659; x_wconf 86' lang='lat' dir='ltr'><strong>-I</strong></span> <span class='ocrx_word' id='word_1_852' title='bbox 546 5650 704 5659; x_wconf 83' lang='lat'><strong>...-....</strong></span> <span class='ocrx_word' id='word_1_853' title='bbox 759 5635 813 5659; x_wconf 79' lang='grc' dir='ltr'><strong><em>ιι</em></strong></span> <span class='ocrx_word' id='word_1_854' title='bbox 908 5637 928 5659; x_wconf 74' lang='grc' dir='ltr'><strong>α</strong></span> <span class='ocrx_word' id='word_1_855' title='bbox 959 5637 973 5659; x_wconf 92' lang='lat' dir='ltr'><strong>l</strong></span> <span class='ocrx_word' id='word_1_856' title='bbox 1003 5652 1067 5659; x_wconf 63' lang='grc' dir='ltr'><strong>-.η</strong></span> <span class='ocrx_word' id='word_1_857' title='bbox 1114 5653 1187 5659; x_wconf 88' lang='grc'><strong>-.--</strong></span> <span class='ocrx_word' id='word_1_858' title='bbox 1242 5637 1311 5659; x_wconf 71' lang='lat' dir='ltr'><strong>an</strong></span> <span class='ocrx_word' id='word_1_859' title='bbox 1398 5639 1416 5659; x_wconf 76' lang='grc' dir='ltr'>σι</span> <span class='ocrx_word' id='word_1_860' title='bbox 1444 5638 1553 5659; x_wconf 82' lang='lat'><strong>:|_:_|</strong></span> <span class='ocrx_word' id='word_1_861' title='bbox 1642 5640 1662 5659; x_wconf 77' lang='grc' dir='ltr'>ι</span> <span class='ocrx_word' id='word_1_862' title='bbox 1686 5640 1803 5659; x_wconf 43' lang='grc' dir='ltr'>τιμε</span> <span class='ocrx_word' id='word_1_863' title='bbox 2004 5658 2010 5659; x_wconf 62' lang='lat'><strong><em>,</em></strong></span> <span class='ocrx_word' id='word_1_864' title='bbox 2061 5644 2107 5659; x_wconf 78' lang='grc' dir='ltr'>-ι</span> 
     </span>
    </p>
   </div>
   <div class='ocr_carea' id='block_1_102' title="bbox 650 5572 2412 5659">
    <p class='ocr_par' dir='ltr' id='par_1_102' title="bbox 650 5572 2412 5659">
     <span class='ocr_line' id='line_1_103' title="bbox 650 5572 2412 5632; baseline 0.003 -12"><span class='ocrx_word' id='word_1_865' title='bbox 650 5572 760 5620; x_wconf 50' lang='grc' dir='ltr'><strong>εἳ.</strong></span> <span class='ocrx_word' id='word_1_866' title='bbox 838 5572 882 5596; x_wconf 63' lang='grc' dir='ltr'><strong>ἐ’</strong></span> <span class='ocrx_word' id='word_1_867' title='bbox 922 5572 1087 5619; x_wconf 71' lang='grc' dir='ltr'><strong>Ιςυοιί.</strong></span> <span class='ocrx_word' id='word_1_868' title='bbox 1122 5582 1211 5629; x_wconf 92' lang='lat' dir='ltr'><strong>xx,</strong></span> <span class='ocrx_word' id='word_1_869' title='bbox 1236 5572 1323 5620; x_wconf 95' lang='grc'><strong>51.</strong></span> <span class='ocrx_word' id='word_1_870' title='bbox 1404 5572 1603 5623; x_wconf 83' lang='lat' dir='ltr'><strong>‘Prov.</strong></span> <span class='ocrx_word' id='word_1_871' title='bbox 1644 5584 1731 5632; x_wconf 91' lang='lat' dir='ltr'><strong>xv,</strong></span> <span class='ocrx_word' id='word_1_872' title='bbox 1763 5572 1853 5624; x_wconf 92' lang='lat'><strong>‘27.</strong></span> <span class='ocrx_word' id='word_1_873' title='bbox 1928 5572 1948 5601; x_wconf 83' lang='lat'><strong>’</strong></span> <span class='ocrx_word' id='word_1_874' title='bbox 1974 5573 2132 5625; x_wconf 85' lang='lat' dir='ltr'><strong>Prov.</strong></span> <span class='ocrx_word' id='word_1_875' title='bbox 2170 5590 2297 5631; x_wconf 78' lang='lat' dir='ltr'><strong>xvn.</strong></span> <span class='ocrx_word' id='word_1_876' title='bbox 2326 5572 2412 5626; x_wconf 71' lang='lat'><strong>‘25.</strong></span> 
     </span>
     <span class='ocr_line' id='line_1_104' title="bbox 650 5635 2345 5659; baseline 0 0"><span class='ocrx_word' id='word_1_877' title='bbox 650 5651 704 5659; x_wconf 85' lang='lat'><strong>...</strong></span> <span class='ocrx_word' id='word_1_878' title='bbox 759 5635 813 5659; x_wconf 76' lang='grc' dir='ltr'><strong>ΙΙ</strong></span> <span class='ocrx_word' id='word_1_879' title='bbox 908 5637 928 5659; x_wconf 73' lang='grc' dir='ltr'>ι</span> <span class='ocrx_word' id='word_1_880' title='bbox 959 5637 973 5659; x_wconf 90' lang='grc' dir='ltr'><strong>Ι</strong></span> <span class='ocrx_word' id='word_1_881' title='bbox 1003 5652 1067 5659; x_wconf 72' lang='grc' dir='ltr'>-..ι</span> <span class='ocrx_word' id='word_1_882' title='bbox 1114 5653 1187 5659; x_wconf 85' lang='grc'><strong>-.--</strong></span> <span class='ocrx_word' id='word_1_883' title='bbox 1242 5637 1311 5659; x_wconf 70' lang='lat' dir='ltr'><strong>an</strong></span> <span class='ocrx_word' id='word_1_884' title='bbox 1398 5638 1553 5659; x_wconf 64' lang='lat' dir='ltr'><strong>12|.1_I</strong></span> <span class='ocrx_word' id='word_1_885' title='bbox 1642 5640 1662 5659; x_wconf 74' lang='grc' dir='ltr'><strong>Ι</strong></span> <span class='ocrx_word' id='word_1_886' title='bbox 1686 5640 1803 5659; x_wconf 66' lang='lat' dir='ltr'><strong>h_-l</strong></span> <span class='ocrx_word' id='word_1_887' title='bbox 2004 5658 2010 5659; x_wconf 58' lang='lat'><strong><em>,</em></strong></span> <span class='ocrx_word' id='word_1_888' title='bbox 2061 5644 2125 5659; x_wconf 74' lang='grc' dir='ltr'><strong>ἰιι</strong></span> <span class='ocrx_word' id='word_1_889' title='bbox 2223 5647 2243 5659; x_wconf 71' lang='grc' dir='ltr'>ι.</span> <span class='ocrx_word' id='word_1_890' title='bbox 2274 5644 2288 5659; x_wconf 80' lang='grc'><strong>1</strong></span> <span class='ocrx_word' id='word_1_891' title='bbox 2336 5643 2345 5659; x_wconf 91' lang='lat' dir='ltr'><strong>I</strong></span> 
     </span>
    </p>
   </div>
   <div class='ocr_carea' id='block_1_103' title="bbox 393 5631 2146 5703">
    <p class='ocr_par' dir='ltr' id='par_1_103' title="bbox 393 5631 2146 5703">
     <span class='ocr_line' id='line_1_105' title="bbox 393 5631 2146 5703; baseline 0.007 -20"><span class='ocrx_word' id='word_1_892' title='bbox 393 5631 523 5703; x_wconf 50' lang='lat' dir='ltr'><strong>Ibid.</strong></span> <span class='ocrx_word' id='word_1_893' title='bbox 546 5650 726 5696; x_wconf 80' lang='lat' dir='ltr'><strong>XLVIII,</strong></span> <span class='ocrx_word' id='word_1_894' title='bbox 759 5635 843 5688; x_wconf 91' lang='grc'><strong>11.</strong></span> <span class='ocrx_word' id='word_1_895' title='bbox 908 5637 928 5665; x_wconf 81' lang='grc'>⁸</span> <span class='ocrx_word' id='word_1_896' title='bbox 959 5637 1069 5688; x_wconf 77' lang='lat' dir='ltr'><strong>Luc</strong></span> <span class='ocrx_word' id='word_1_897' title='bbox 1114 5653 1208 5698; x_wconf 87' lang='lat' dir='ltr'><strong>vn,</strong></span> <span class='ocrx_word' id='word_1_898' title='bbox 1242 5637 1330 5689; x_wconf 70' lang='lat'><strong>20.</strong></span> <span class='ocrx_word' id='word_1_899' title='bbox 1398 5639 1416 5667; x_wconf 90' lang='lat'><strong><em>&quot;</em></strong></span> <span class='ocrx_word' id='word_1_900' title='bbox 1444 5638 1577 5691; x_wconf 89' lang='lat' dir='ltr'><strong>ibid.</strong></span> <span class='ocrx_word' id='word_1_901' title='bbox 1642 5640 1663 5669; x_wconf 76' lang='grc'>⁸</span> <span class='ocrx_word' id='word_1_902' title='bbox 1686 5631 1826 5693; x_wconf 82' lang='lat' dir='ltr'><strong>Psal.</strong></span> <span class='ocrx_word' id='word_1_903' title='bbox 1857 5658 2035 5703; x_wconf 54' lang='grc' dir='ltr'>[χι-ιιι,</span> <span class='ocrx_word' id='word_1_904' title='bbox 2061 5644 2146 5696; x_wconf 66' lang='grc'>56.</span> 
     </span>
    </p>
   </div>
   <div class='ocr_carea' id='block_1_104' title="bbox 1995 4684 3558 4757">
    <p class='ocr_par' dir='ltr' id='par_1_104' title="bbox 1995 4684 3558 4757">
     <span class='ocr_line' id='line_1_106' title="bbox 1995 4684 3558 4757; baseline -0.004 -15"><span class='ocrx_word' id='word_1_905' title='bbox 1995 4687 2222 4757; x_wconf 90' lang='lat' dir='ltr'><strong>Spiritui</strong></span> <span class='ocrx_word' id='word_1_906' title='bbox 2251 4695 2459 4740; x_wconf 90' lang='lat' dir='ltr'><strong>saneto.</strong></span> <span class='ocrx_word' id='word_1_907' title='bbox 2488 4686 2630 4741; x_wconf 88' lang='lat' dir='ltr'><strong>Sane</strong></span> <span class='ocrx_word' id='word_1_908' title='bbox 2658 4702 2839 4741; x_wconf 88' lang='lat' dir='ltr'><strong>rerum</strong></span> <span class='ocrx_word' id='word_1_909' title='bbox 2862 4684 3106 4738; x_wconf 91' lang='lat' dir='ltr'><strong>omnium</strong></span> <span class='ocrx_word' id='word_1_910' title='bbox 3141 4698 3331 4738; x_wconf 91' lang='lat' dir='ltr'><strong>curam</strong></span> <span class='ocrx_word' id='word_1_911' title='bbox 3358 4684 3415 4736; x_wconf 91' lang='lat' dir='ltr'><strong>in</strong></span> <span class='ocrx_word' id='word_1_912' title='bbox 3429 4698 3558 4736; x_wconf 89' lang='lat' dir='ltr'><strong>eum</strong></span> 
     </span>
    </p>
   </div>
   <div class='ocr_carea' id='block_1_105' title="bbox 1994 4773 3559 4845">
    <p class='ocr_par' dir='ltr' id='par_1_105' title="bbox 1994 4773 3559 4845">
     <span class='ocr_line' id='line_1_107' title="bbox 1994 4773 3559 4845; baseline -0.005 -12"><span class='ocrx_word' id='word_1_913' title='bbox 1994 4778 2448 4843; x_wconf 88' lang='lat' dir='ltr'><strong>transcribamus,</strong></span> <span class='ocrx_word' id='word_1_914' title='bbox 2476 4778 2556 4832; x_wconf 88' lang='lat' dir='ltr'><strong>illi</strong></span> <span class='ocrx_word' id='word_1_915' title='bbox 2590 4780 2683 4831; x_wconf 91' lang='lat' dir='ltr'><strong>uni</strong></span> <span class='ocrx_word' id='word_1_916' title='bbox 2709 4777 3084 4845; x_wconf 78' lang='lat' dir='ltr'><strong>assignemus;</strong></span> <span class='ocrx_word' id='word_1_917' title='bbox 3117 4775 3246 4844; x_wconf 87' lang='lat' dir='ltr'><strong>quia</strong></span> <span class='ocrx_word' id='word_1_918' title='bbox 3286 4773 3388 4842; x_wconf 89' lang='lat' dir='ltr'><strong>ipsi</strong></span> <span class='ocrx_word' id='word_1_919' title='bbox 3427 4787 3559 4826; x_wconf 86' lang='lat' dir='ltr'><strong>cura</strong></span> 
     </span>
    </p>
   </div>
   <div class='ocr_carea' id='block_1_106' title="bbox 1992 4869 3559 4937">
    <p class='ocr_par' dir='ltr' id='par_1_106' title="bbox 1992 4869 3559 4937">
     <span class='ocr_line' id='line_1_108' title="bbox 1992 4869 3559 4937; baseline -0.006 -13"><span class='ocrx_word' id='word_1_920' title='bbox 1992 4870 2100 4924; x_wconf 76' lang='lat' dir='ltr'><strong>erit</strong></span> <span class='ocrx_word' id='word_1_921' title='bbox 2127 4870 2194 4923; x_wconf 88' lang='lat' dir='ltr'><strong>de</strong></span> <span class='ocrx_word' id='word_1_922' title='bbox 2229 4870 2409 4923; x_wconf 88' lang='lat' dir='ltr'><strong>nobis.</strong></span> <span class='ocrx_word' id='word_1_923' title='bbox 2439 4869 2603 4923; x_wconf 86' lang='lat' dir='ltr'><strong>Novit</strong></span> <span class='ocrx_word' id='word_1_924' title='bbox 2634 4869 2755 4937; x_wconf 86' lang='lat' dir='ltr'><strong>ipse</strong></span> <span class='ocrx_word' id='word_1_925' title='bbox 2781 4883 3014 4937; x_wconf 90' lang='lat' dir='ltr'><strong>quorum</strong></span> <span class='ocrx_word' id='word_1_926' title='bbox 3048 4876 3332 4934; x_wconf 71' lang='lat' dir='ltr'><strong>tangantur</strong></span> <span class='ocrx_word' id='word_1_927' title='bbox 3363 4879 3559 4917; x_wconf 88' lang='lat' dir='ltr'><strong>neces-</strong></span> 
     </span>
    </p>
   </div>
   <div class='ocr_carea' id='block_1_107' title="bbox 1994 4956 3560 5030">
    <p class='ocr_par' dir='ltr' id='par_1_107' title="bbox 1994 4956 3560 5030">
     <span class='ocr_line' id='line_1_109' title="bbox 1994 4956 3560 5030; baseline -0.005 -15"><span class='ocrx_word' id='word_1_928' title='bbox 1994 4962 2177 5023; x_wconf 91' lang='lat' dir='ltr'><strong>sitate,</strong></span> <span class='ocrx_word' id='word_1_929' title='bbox 2204 4960 2521 5030; x_wconf 87' lang='lat' dir='ltr'><strong>priusquam</strong></span> <span class='ocrx_word' id='word_1_930' title='bbox 2544 4961 2884 5029; x_wconf 75' lang='lat' dir='ltr'><strong>postulamus</strong></span> <span class='ocrx_word' id='word_1_931' title='bbox 2901 4974 3047 5012; x_wconf 92' lang='lat' dir='ltr'><strong>eum.</strong></span> <span class='ocrx_word' id='word_1_932' title='bbox 3075 4956 3413 5024; x_wconf 91' lang='lat' dir='ltr'><strong>Simpliciter</strong></span> <span class='ocrx_word' id='word_1_933' title='bbox 3438 4971 3560 5024; x_wconf 76' lang='lat' dir='ltr'><strong>gra-</strong></span> 
     </span>
    </p>
   </div>
   <div class='ocr_carea' id='block_1_108' title="bbox 1995 5046 3561 5116">
    <p class='ocr_par' dir='ltr' id='par_1_108' title="bbox 1995 5046 3561 5116">
     <span class='ocr_line' id='line_1_110' title="bbox 1995 5046 3561 5116; baseline -0.002 -14"><span class='ocrx_word' id='word_1_934' title='bbox 1995 5048 2264 5102; x_wconf 90' lang='lat' dir='ltr'><strong>dientium</strong></span> <span class='ocrx_word' id='word_1_935' title='bbox 2296 5049 2519 5111; x_wconf 66' lang='lat' dir='ltr'><strong>divitiae,</strong></span> <span class='ocrx_word' id='word_1_936' title='bbox 2552 5050 2695 5103; x_wconf 88' lang='lat' dir='ltr'><strong>Deus</strong></span> <span class='ocrx_word' id='word_1_937' title='bbox 2739 5058 2842 5111; x_wconf 87' lang='lat' dir='ltr'><strong>est,</strong></span> <span class='ocrx_word' id='word_1_938' title='bbox 2866 5046 3327 5116; x_wconf 89' lang='lat' dir='ltr'><strong>quemadmodum</strong></span> <span class='ocrx_word' id='word_1_939' title='bbox 3359 5046 3561 5100; x_wconf 89' lang='lat' dir='ltr'><strong>astruit</strong></span> 
     </span>
    </p>
   </div>
   <div class='ocr_carea' id='block_1_109' title="bbox 1996 5138 3560 5209">
    <p class='ocr_par' dir='ltr' id='par_1_109' title="bbox 1996 5138 3560 5209">
     <span class='ocr_line' id='line_1_111' title="bbox 1996 5138 3560 5209; baseline -0.001 -15"><span class='ocrx_word' id='word_1_940' title='bbox 1996 5140 2326 5209; x_wconf 85' lang='lat' dir='ltr'><strong>Sapientia:</strong></span> <span class='ocrx_word' id='word_1_941' title='bbox 2383 5160 2402 5193; x_wconf 73' lang='grc' dir='ltr'><strong>ι</strong></span> <span class='ocrx_word' id='word_1_942' title='bbox 2457 5141 2559 5205; x_wconf 82' lang='lat' dir='ltr'><strong>Qui</strong></span> <span class='ocrx_word' id='word_1_943' title='bbox 2608 5141 2860 5193; x_wconf 91' lang='lat' dir='ltr'><strong>ambulat</strong></span> <span class='ocrx_word' id='word_1_944' title='bbox 2913 5139 3260 5207; x_wconf 88' lang='lat' dir='ltr'><strong>simpliciter,</strong></span> <span class='ocrx_word' id='word_1_945' title='bbox 3314 5138 3560 5192; x_wconf 87' lang='lat' dir='ltr'><strong>ambulat</strong></span> 
     </span>
    </p>
   </div>
   <div class='ocr_carea' id='block_1_110' title="bbox 1993 5229 3559 5288">
    <p class='ocr_par' dir='ltr' id='par_1_110' title="bbox 1993 5229 3559 5288">
     <span class='ocr_line' id='line_1_112' title="bbox 1993 5229 3559 5288; baseline -0.002 -3"><span class='ocrx_word' id='word_1_946' title='bbox 1993 5232 2334 5288; x_wconf 89' lang='lat' dir='ltr'><strong>conﬁdenter</strong></span> <span class='ocrx_word' id='word_1_947' title='bbox 2358 5234 2420 5286; x_wconf 82' lang='grc'><strong>¹⁸.</strong></span> <span class='ocrx_word' id='word_1_948' title='bbox 2476 5251 2494 5284; x_wconf 79' lang='grc' dir='ltr'><strong>ι</strong></span> <span class='ocrx_word' id='word_1_949' title='bbox 2545 5234 2755 5287; x_wconf 82' lang='lat' dir='ltr'><strong>Rursus</strong></span> <span class='ocrx_word' id='word_1_950' title='bbox 2800 5249 2813 5284; x_wconf 93' lang='lat'><strong>:</strong></span> <span class='ocrx_word' id='word_1_951' title='bbox 2863 5250 2881 5278; x_wconf 79' lang='grc' dir='ltr'><strong><em>ε</em></strong></span> <span class='ocrx_word' id='word_1_952' title='bbox 2922 5231 3123 5284; x_wconf 81' lang='lat' dir='ltr'><strong>Fidelis</strong></span> <span class='ocrx_word' id='word_1_953' title='bbox 3154 5229 3256 5283; x_wconf 90' lang='lat' dir='ltr'><strong>viri</strong></span> <span class='ocrx_word' id='word_1_954' title='bbox 3302 5237 3388 5283; x_wconf 89' lang='lat' dir='ltr'><strong>est</strong></span> <span class='ocrx_word' id='word_1_955' title='bbox 3413 5239 3559 5283; x_wconf 89' lang='lat' dir='ltr'><strong>totus</strong></span> 
     </span>
    </p>
   </div>
   <div class='ocr_carea' id='block_1_111' title="bbox 1997 5321 3556 5387">
    <p class='ocr_par' dir='ltr' id='par_1_111' title="bbox 1997 5321 3556 5387">
     <span class='ocr_line' id='line_1_113' title="bbox 1997 5321 3556 5387; baseline -0.003 -10"><span class='ocrx_word' id='word_1_956' title='bbox 1997 5325 2237 5379; x_wconf 92' lang='lat' dir='ltr'><strong>mundus</strong></span> <span class='ocrx_word' id='word_1_957' title='bbox 2288 5326 2625 5387; x_wconf 85' lang='lat' dir='ltr'><strong>divitiarum,</strong></span> <span class='ocrx_word' id='word_1_958' title='bbox 2687 5324 2920 5378; x_wconf 87' lang='lat' dir='ltr'><strong>inﬁdelis</strong></span> <span class='ocrx_word' id='word_1_959' title='bbox 2969 5332 3149 5375; x_wconf 89' lang='lat' dir='ltr'><strong>autem</strong></span> <span class='ocrx_word' id='word_1_960' title='bbox 3205 5337 3275 5374; x_wconf 88' lang='lat' dir='ltr'><strong>ne</strong></span> <span class='ocrx_word' id='word_1_961' title='bbox 3332 5321 3556 5374; x_wconf 79' lang='lat' dir='ltr'><strong>obuium</strong></span> 
     </span>
    </p>
   </div>
   <div class='ocr_carea' id='block_1_112' title="bbox 1997 5412 3561 5484">
    <p class='ocr_par' dir='ltr' id='par_1_112' title="bbox 1997 5412 3561 5484">
     <span class='ocr_line' id='line_1_114' title="bbox 1997 5412 3561 5484; baseline -0.003 -15"><span class='ocrx_word' id='word_1_962' title='bbox 1997 5416 2220 5484; x_wconf 88' lang='lat' dir='ltr'><strong>quidem</strong></span> <span class='ocrx_word' id='word_1_963' title='bbox 2246 5418 2412 5471; x_wconf 84' lang='lat' dir='ltr'><strong>habet</strong></span> <span class='ocrx_word' id='word_1_964' title='bbox 2437 5418 2497 5471; x_wconf 76' lang='lat'><strong>“.</strong></span> <span class='ocrx_word' id='word_1_965' title='bbox 2535 5437 2554 5469; x_wconf 83' lang='grc'>›</span> <span class='ocrx_word' id='word_1_966' title='bbox 2587 5418 2654 5472; x_wconf 88' lang='grc' dir='ltr'>Ει</span> <span class='ocrx_word' id='word_1_967' title='bbox 2690 5433 2702 5469; x_wconf 91' lang='lat'>:</span> <span class='ocrx_word' id='word_1_968' title='bbox 2744 5435 2762 5467; x_wconf 76' lang='grc' dir='ltr'><strong>ι</strong></span> <span class='ocrx_word' id='word_1_969' title='bbox 2800 5412 3117 5468; x_wconf 83' lang='lat' dir='ltr'><strong>Benedictio</strong></span> <span class='ocrx_word' id='word_1_970' title='bbox 3149 5412 3358 5466; x_wconf 89' lang='lat' dir='ltr'><strong>Domini</strong></span> <span class='ocrx_word' id='word_1_971' title='bbox 3393 5427 3561 5481; x_wconf 89' lang='lat' dir='ltr'><strong>super</strong></span> 
     </span>
    </p>
   </div>
   <div class='ocr_carea' id='block_1_113' title="bbox 3009 5570 3553 5694">
    <p class='ocr_par' dir='ltr' id='par_1_113' title="bbox 3009 5570 3553 5694">
     <span class='ocr_line' id='line_1_115' title="bbox 3009 5570 3553 5632; baseline -0.007 -5"><span class='ocrx_word' id='word_1_972' title='bbox 3009 5573 3192 5626; x_wconf 65' lang='lat' dir='ltr'><strong>‘I‘sai.</strong></span> <span class='ocrx_word' id='word_1_973' title='bbox 3228 5586 3351 5632; x_wconf 85' lang='lat' dir='ltr'><strong>xxv;</strong></span> <span class='ocrx_word' id='word_1_974' title='bbox 3384 5570 3435 5626; x_wconf 83' lang='lat'><strong>9.</strong></span> <span class='ocrx_word' id='word_1_975' title='bbox 3469 5571 3553 5624; x_wconf 85' lang='grc'>10.</span> 
     </span>
     <span class='ocr_line' id='line_1_116' title="bbox 3017 5640 3553 5694; baseline -0.002 0"><span class='ocrx_word' id='word_1_976' title='bbox 3017 5660 3110 5694; x_wconf 84' lang='lat' dir='ltr'><strong>xu.</strong></span> <span class='ocrx_word' id='word_1_977' title='bbox 3145 5643 3227 5694; x_wconf 74' lang='lat'><strong>15.</strong></span> <span class='ocrx_word' id='word_1_978' title='bbox 3310 5640 3348 5670; x_wconf 84' lang='lat'>“</span> <span class='ocrx_word' id='word_1_979' title='bbox 3380 5640 3395 5693; x_wconf 93' lang='lat' dir='ltr'><strong>I</strong></span> <span class='ocrx_word' id='word_1_980' title='bbox 3425 5642 3553 5694; x_wconf 80' lang='lat' dir='ltr'><strong>Cor.</strong></span> 
     </span>
    </p>
   </div>
   <div class='ocr_carea' id='block_1_114' title="bbox 2493 5574 2932 5636">
    <p class='ocr_par' dir='ltr' id='par_1_114' title="bbox 2493 5574 2932 5636">
     <span class='ocr_line' id='line_1_117' title="bbox 2493 5574 2932 5636; baseline -0.005 -8"><span class='ocrx_word' id='word_1_981' title='bbox 2493 5574 2513 5604; x_wconf 88' lang='grc'>³</span> <span class='ocrx_word' id='word_1_982' title='bbox 2542 5574 2699 5628; x_wconf 58' lang='lat' dir='ltr'><strong>Prom</strong></span> <span class='ocrx_word' id='word_1_983' title='bbox 2728 5590 2855 5636; x_wconf 85' lang='lat' dir='ltr'><strong>xxn,</strong></span> <span class='ocrx_word' id='word_1_984' title='bbox 2884 5576 2932 5626; x_wconf 88' lang='grc'><strong>1.</strong></span> 
     </span>
    </p>
   </div>
   <div class='ocr_carea' id='block_1_115' title="bbox 2223 5643 3227 5706">
    <p class='ocr_par' dir='ltr' id='par_1_115' title="bbox 2223 5643 3227 5706">
     <span class='ocr_line' id='line_1_118' title="bbox 2223 5643 3227 5706; baseline -0.003 -10"><span class='ocrx_word' id='word_1_985' title='bbox 2223 5643 2367 5696; x_wconf 71' lang='lat' dir='ltr'><strong>1&#39;.Iuh</strong></span> <span class='ocrx_word' id='word_1_986' title='bbox 2401 5660 2579 5705; x_wconf 79' lang='lat' dir='ltr'><strong>xxxvi,</strong></span> <span class='ocrx_word' id='word_1_987' title='bbox 2613 5647 2696 5695; x_wconf 73' lang='grc'><strong>18.</strong></span> <span class='ocrx_word' id='word_1_988' title='bbox 2775 5646 2816 5674; x_wconf 87' lang='grc'><strong>¹⁰</strong></span> <span class='ocrx_word' id='word_1_989' title='bbox 2852 5646 2983 5698; x_wconf 78' lang='lat' dir='ltr'><strong>Luc.</strong></span> <span class='ocrx_word' id='word_1_990' title='bbox 3017 5660 3110 5706; x_wconf 80' lang='lat' dir='ltr'><strong>xu,</strong></span> <span class='ocrx_word' id='word_1_991' title='bbox 3145 5643 3227 5694; x_wconf 76' lang='lat' dir='ltr'><strong>I5.</strong></span> 
     </span>
    </p>
   </div>
   <div class='ocr_carea' id='block_1_116' title="bbox 352 5702 3556 5783">
    <p class='ocr_par' dir='ltr' id='par_1_116' title="bbox 352 5702 3556 5783">
     <span class='ocr_line' id='line_1_119' title="bbox 352 5702 3556 5783; baseline 0.003 -27"><span class='ocrx_word' id='word_1_992' title='bbox 352 5714 381 5751; x_wconf 77' lang='grc' dir='ltr'><strong>ιι</strong></span> <span class='ocrx_word' id='word_1_993' title='bbox 404 5742 415 5755; x_wconf 79' lang='lat'><strong>.</strong></span> <span class='ocrx_word' id='word_1_994' title='bbox 569 5706 615 5783; x_wconf 34' lang='grc' dir='ltr'><strong>’.ξ</strong></span> <span class='ocrx_word' id='word_1_995' title='bbox 645 5706 798 5783; x_wconf 70' lang='lat' dir='ltr'><strong>I’rov.</strong></span> <span class='ocrx_word' id='word_1_996' title='bbox 842 5721 988 5767; x_wconf 82' lang='lat' dir='ltr'><strong>xvui,</strong></span> <span class='ocrx_word' id='word_1_997' title='bbox 1030 5708 1138 5783; x_wconf 49' lang='lat' dir='ltr'><strong>tt,</strong></span> <span class='ocrx_word' id='word_1_998' title='bbox 1161 5707 1213 5760; x_wconf 94' lang='lat' dir='ltr'><strong>in</strong></span> <span class='ocrx_word' id='word_1_999' title='bbox 1240 5706 1485 5763; x_wconf 87' lang='lat' dir='ltr'><strong>editione</strong></span> <span class='ocrx_word' id='word_1_1000' title='bbox 1515 5724 1613 5761; x_wconf 70' lang='lat' dir='ltr'><strong>LXX</strong></span> <span class='ocrx_word' id='word_1_1001' title='bbox 1643 5725 1658 5773; x_wconf 83' lang='lat'>;</span> <span class='ocrx_word' id='word_1_1002' title='bbox 1694 5712 1749 5764; x_wconf 91' lang='lat' dir='ltr'><strong>in</strong></span> <span class='ocrx_word' id='word_1_1003' title='bbox 1781 5712 2002 5779; x_wconf 66' lang='lat' dir='ltr'><strong>Vulgata</strong></span> <span class='ocrx_word' id='word_1_1004' title='bbox 2027 5702 2190 5775; x_wconf 78' lang='lat' dir='ltr'><strong>vero,</strong></span> <span class='ocrx_word' id='word_1_1005' title='bbox 2216 5714 2460 5782; x_wconf 78' lang='lat' dir='ltr'><strong>spiritum</strong></span> <span class='ocrx_word' id='word_1_1006' title='bbox 2482 5715 2551 5766; x_wconf 81' lang='lat' dir='ltr'><strong>ad</strong></span> <span class='ocrx_word' id='word_1_1007' title='bbox 2568 5702 2908 5769; x_wconf 77' lang='lat' dir='ltr'><strong>irascendum</strong></span> <span class='ocrx_word' id='word_1_1008' title='bbox 2932 5702 3165 5783; x_wconf 73' lang='lat' dir='ltr'><strong>facilem,</strong></span> <span class='ocrx_word' id='word_1_1009' title='bbox 3188 5720 3297 5767; x_wconf 90' lang='lat' dir='ltr'><strong>etc.</strong></span> <span class='ocrx_word' id='word_1_1010' title='bbox 3326 5712 3367 5743; x_wconf 80' lang='grc'><strong>⁸³</strong></span> <span class='ocrx_word' id='word_1_1011' title='bbox 3393 5712 3556 5765; x_wconf 27' lang='grc' dir='ltr'>ιιτυδι.</span> 
     </span>
    </p>
   </div>
   <div class='ocr_carea' id='block_1_117' title="bbox 360 5774 1144 5836">
    <p class='ocr_par' dir='ltr' id='par_1_117' title="bbox 360 5774 1144 5836">
     <span class='ocr_line' id='line_1_120' title="bbox 360 5774 1144 5836; baseline 0.006 -12"><span class='ocrx_word' id='word_1_1012' title='bbox 360 5784 405 5829; x_wconf 69' lang='grc' dir='ltr'>ι.</span> <span class='ocrx_word' id='word_1_1013' title='bbox 436 5776 485 5825; x_wconf 76' lang='lat' dir='ltr'><strong>‘J.</strong></span> <span class='ocrx_word' id='word_1_1014' title='bbox 582 5774 623 5803; x_wconf 76' lang='lat'>”</span> <span class='ocrx_word' id='word_1_1015' title='bbox 650 5776 751 5829; x_wconf 76' lang='lat' dir='ltr'><strong>l’ro</strong></span> <span class='ocrx_word' id='word_1_1016' title='bbox 780 5791 828 5827; x_wconf 89' lang='lat' dir='ltr'><strong>v.</strong></span> <span class='ocrx_word' id='word_1_1017' title='bbox 858 5792 1043 5836; x_wconf 78' lang='lat' dir='ltr'><strong>xum.</strong></span> <span class='ocrx_word' id='word_1_1018' title='bbox 1075 5777 1144 5829; x_wconf 65' lang='lat'><strong>‘20</strong></span> 
     </span>
    </p>
   </div>
  </div>
