4462 6440
356 430 503 494 1465

1441 438 1765 498 IIOMILIA
1803 439 1914 497 XII
1971 463 2042 474 --
2070 438 2168 498 DE
2207 439 2513 503 USURIS.

3435 440 3570 503 1465

348 545 784 614 Συνεπισχύσεις
805 548 898 599 τὸν
925 546 1207 616 σύσσωμόν
1234 565 1349 612 σου,
1397 551 1538 613 ἕξεις
1565 553 1728 604 αὐτὸν
1754 568 1916 620 προσ-
1944 563 1992 618 Α
2021 552 2110 620 nig

1807 568 1916 619 poa-
1944 563 1992 618 Α
2021 552 2180 620 nigue
2203 561 2257 604 et
2282 551 2710 605 misericorditer
2737 551 2982 619 accipere
3009 548 3336 620 proximum,
3366 561 3426 603 ut
3453 553 3569 619 plu-

347 639 565 703 ἀγοντα
597 639 654 689 ἐν
676 642 738 708 τῇ
769 640 1084 701 ἀναστάσει,
1113 641 1212 707 τῆς
1250 641 1590 709 συμπαθείας
1641 643 1912 709 μάρτυρα,

347 728 559 796 καὶμὴ
603 729 925 790 στενάξοντα
974 732 1110 783 κατά
1157 731 1271 782 σοῦ.
1305 730 1417 782 Οὐκ
1461 729 1772 791 ἀλυσιτελὲς
1810 730 1914 799 γὰρ

346 819 536 872 τοῦτο.
562 820 652 889 Μὴ
675 817 765 872 οὖν
788 820 873 870 διὰ
896 821 1092 889 χρυσὸν
1112 821 1204 873 καὶ
1233 823 1492 890 ἄργυρον,
1512 821 1606 872 καὶ
1623 820 1914 890 ἀρώματα,

346 910 646 978 γενώμεθα
671 914 1046 984 ἀπάνθρωποι.
1079 908 1152 966 ὧν
1177 916 1204 966 ὁ
1230 917 1325 976 ἰὸς,
1349 915 1442 967 καὶ
1464 915 1491 965 ὁ
1517 916 1634 982 σὴς,
1664 917 1743 974 εἰς
1776 933 1916 984 μαρ-

346 1004 543 1073 τύριον
576 1007 702 1073 ύμῖν
730 1007 898 1060 ἔσται.
927 1009 1235 1070 ’Λκούοντες
1283 1006 1378 1059 τοῦ
1412 1007 1620 1060 Παύλου
1648 1006 1916 1072 λέγοντος·

353 1112 371 1142 ε
417 1096 479 1146 ὐ
515 1098 831 1160 μεταδιδοὺς
859 1099 916 1150 ἐν
945 1099 1226 1168 ἁπλότητι,
1249 1099 1277 1149 ὁ
1296 1096 1460 1150 ἐλεῶν
1492 1100 1549 1150 ὲν
1571 1098 1867 1167 ἱλαρότητι.
1893 1116 1912 1147 ι

347 1188 480 1240 Καί·
548 1210 565 1240 ι
627 1190 756 1252 Ταῖς
806 1192 1019 1260 χρείαις
1058 1191 1166 1243 τῶν
1205 1191 1377 1258 ἁγίων
1430 1189 1829 1252 κοινωνοῦντες.
1895 1208 1912 1238 ι

348 1281 462 1332 Καὶ
511 1281 774 1350 ἑτέρωθι·
817 1302 834 1332 ‹
872 1283 1307 1336 Μανθανέτωσαν
1339 1283 1394 1334 δὲ
1435 1284 1527 1334 καὶ
1569 1284 1616 1334 οί
1665 1284 1919 1352 ημέτεροι

347 1373 540 1424 καλῶν
564 1374 741 1444 ἔργων
766 1377 1145 1444 προΐστασθαι,
1169 1378 1246 1439 εἰς
1263 1378 1359 1439 τὰς
1382 1378 1685 1441 ἀναγκαίας
1709 1378 1916 1445 χρείας,

349 1464 439 1516 ἵνα
487 1467 566 1533 μὴ
619 1461 750 1519 ὦσιν
803 1469 1062 1536 ἄκαρποι.
1105 1487 1124 1519 ι
1178 1471 1317 1540 Φησὶ
1351 1470 1406 1521 δὲ
1458 1470 1551 1522 καὶ
1584 1469 1920 1537 ὁπροφήτης

349 1555 656 1626 Ζαχαρίας,
696 1577 714 1609 ι
753 1561 942 1629 Κρίμα
979 1561 1188 1614 δίκαιον
1224 1561 1468 1632 κρίνατε,
1504 1563 1597 1614 καὶ
1630 1561 1774 1622 ἔλεος
1825 1559 1920 1612 καὶ

348 1649 648 1717 οἱκτιρμὸν
685 1656 945 1719 ποιήσατε
966 1695 981 1717 ,
1011 1653 1241 1715 ἕκαστος
1272 1654 1407 1722 πρὸς
1434 1653 1524 1706 τὸν
1567 1653 1793 1720 πλησίον
1824 1653 1919 1704 αύ-

347 1741 464 1794 τοῦ.
513 1761 533 1791 ι
586 1745 643 1795 '0
686 1744 741 1795 δὲ
782 1746 1057 1814 Ἰωάννης,
1089 1764 1106 1795 ι
1151 1747 1244 1806 ⁸⁵ος
1285 1746 1350 1797 ἂν
1406 1745 1504 1815 ἔχῃ
1540 1745 1631 1797 τὸν
1673 1744 1785 1813 βίον
1825 1743 1918 1795 τοῦ

352 1832 592 1898 κόσμου,
647 1837 741 1886 καὶ
803 1835 985 1904 θεωρῇ
1027 1837 1120 1887 τδν
1183 1836 1411 1903 ἀδελφὸν
1463 1835 1665 1898 αὑτοῦ,
1733 1835 1918 1904 χρείαν

2018 644 2215 696 rituum
2241 643 2535 697 ascribitnr
2560 661 2574 707 ;
2606 642 3068 712 quemadmodum
3110 640 3244 695 illud
3270 643 3569 710 ascriptum

2015 746 2098 791 est
2131 755 2143 790 :
2176 756 2194 788 ι
2220 739 2448 807 Propter
2482 738 2794 792 mandatum
2828 752 3087 790 succurre
3122 736 3368 805 pauperi,
3405 735 3571 802 perde

2015 838 2301 897 argentum
2349 837 2574 897 propter
2616 828 2839 881 fratrem
2868 828 2910 858 ³³
2954 845 2972 877 ‹
3015 826 3216 879 lterum
3270 843 3282 877 :
3325 842 3343 875 ι
3399 823 3570 889 Quam

2017 920 2267 989 speciosa
2293 919 2666 974 misericordia
2699 919 2750 971 in
2788 929 3030 986 tempore
3069 914 3437 970 tribulationis
3469 915 3564 965 ".I

2013 1015 2359 1070 Confortabis
2417 1015 2512 1066 tibi
2573 1027 2962 1079 concorporem
3008 1020 3173 1078 atque
3218 1016 3570 1062 consortem:

2016 1109 2110 1161 sed
2143 1117 2199 1162 et
2221 1109 2367 1160 hunc
2397 1106 2681 1159 habiturus
2703 1120 2763 1158 es
2794 1104 2849 1156 in
2875 1103 2963 1157 die
2993 1100 3415 1156 resurrectionis
3472 1114 3571 1167 pa-

2018 1200 2218 1250 rarinm
2254 1208 2310 1251 et
2346 1195 2774 1250 conciliatorem.
2811 1193 2997 1247 Viccm
3044 1192 3188 1244 enim
3222 1204 3374 1244 suam
3404 1199 3572 1242 testa-

2020 1289 2166 1340 bitur
2201 1289 2498 1340 clementer
2531 1284 2826 1338 indoluisse
2859 1291 2931 1343 te,
2966 1296 3065 1334 nec
3093 1280 3428 1332 commisisse
3454 1318 3468 1339 ,
3513 1286 3572 1331 ut

2016 1374 2306 1428 adversum
2363 1383 2415 1428 te
2470 1372 2849 1442 ingemiscerct
2897 1388 2909 1423 :
2961 1385 3090 1423 sane
3143 1384 3250 1421 non
3296 1369 3572 1421 mediocre

2016 1467 2445 1519 emolumentum
2480 1464 2672 1517 aﬂ'crct
2709 1462 2807 1515 tibi
2859 1462 2982 1515 hoc.
3017 1462 3094 1514 Ne
3129 1460 3293 1529 igitur
3326 1469 3432 1514 tam
3463 1459 3570 1512 illi-

2017 1556 2229 1610 berales
2255 1557 2426 1610 simus
2451 1563 2507 1610 et
2531 1554 2812 1608 inhumani
2841 1553 2913 1607 ob
2939 1570 3130 1606 aurum
3167 1563 3221 1607 et
3247 1553 3571 1617 qualiacun-

2016 1667 2122 1720 que
2154 1651 2454 1712 esculenta,
2490 1666 2723 1718 quorum
2749 1649 2944 1715 rubigo
2965 1659 3020 1702 et
3057 1649 3202 1702 tinea
3240 1648 3294 1701 in
3328 1647 3573 1700 testimo-

2018 1745 2167 1798 nium
2195 1744 2481 1796 adversum
2510 1758 2610 1794 nos
2639 1741 2821 1793 futura
2850 1739 3056 1808 alioqui
3095 1740 3226 1792 sint.
3253 1738 3396 1804 Quin
3423 1737 3571 1793 Fau-

2017 1835 2140 1888 linac
2172 1833 2341 1902 magis
2375 1833 2656 1885 sententia:
2688 1847 2941 1898 ceraunis
2988 1845 3198 1883 morem
3229 1847 3241 1883 :
3285 1848 3301 1879 ι
3340 1829 3439 1893 Qui
3473 1829 3572 1883 tri-

351 1923 569 1990 ἓχο-ιτα,
624 1927 717 1977 καὶ
768 1927 958 1996 κλείσῃ
1002 1927 1071 1978 τὰ
1131 1927 1413 1996 σπλάγχνα
1471 1927 1658 1990 αὑτοῦ,
1718 1928 1834 1988 πῶς
1884 1917 1988 1994 ηΒ
2018 1925 2108 1978 bui

1809 1944 1834 1988 ;
1884 1917 2137 1994 ﬁBbuit
2195 1924 2248 1977 in
2289 1923 2659 1991 simplicitate,
2715 1922 2809 1990 qui
2870 1922 3161 1974 miseretur
3218 1922 3272 1974 in
3325 1920 3568 1973 hilarita-

349 2016 542 2085 ἀγάπη
566 2017 662 2068 τοῦ
687 2018 822 2069 Θεοῦ
855 2019 1007 2087 μένει
1037 2021 1094 2070 ἐν
1121 2020 1268 2089 αὐτῷ
1296 2038 1308 2084 ;
1344 2039 1362 2070 ι
1400 2019 1620 2080 Τούτοις
1652 2019 1916 2072 ἀκόλουθα

348 2109 376 2159 ὁ
401 2107 498 2176 τῆς
523 2111 805 2178 σωτηρίας
824 2111 979 2179 ἡμῶν
998 2112 1302 2181 προνοητὴς
1329 2111 1533 2182 Κύριος
1557 2111 1916 2181 παρακελεύε-

347 2212 458 2256 ται,
487 2197 666 2265 λέγων
687 2216 702 2230 ο
735 2220 753 2251 ι
793 2202 960 2253 Παντὶ
995 2202 1073 2270 τῷ
1112 2201 1349 2255 αίτοῦντί
1400 2219 1482 2262 σε,
1508 2201 1667 2265 δίδου,
1696 2201 1790 2253 καί⁹
1825 2200 1918 2253 τὸν

349 2285 579 2341 θέλοντα
614 2291 964 2345 δανείσασθαι
1016 2293 1124 2346 ἀπὸ
1173 2293 1290 2355 σοῦ,
1337 2292 1410 2362 μὴ
1453 2294 1832 2364 ἀποστραφῇς.
1889 2310 1910 2344 ι

349 2378 509 2447 Αὖτῷ
615 2381 740 2444 δόξα
764 2384 843 2445 είς
870 2385 998 2446 τοὺς
1036 2385 1260 2445 αἰῶνας.
1303 2386 1494 2454 ’Λμήν.

2022 2027 2075 2070 te
2101 2017 2163 2070 "’.
2206 2031 2225 2068 ι
2263 2016 2330 2068 Et
2367 2034 2378 2067 :
2424 2035 2441 2065 ι
2481 2013 2908 2068 Necessitatibus
2935 2021 3246 2066 sanctorum
3272 2010 3571 2065 communi-

2019 2119 2203 2162 cantes
2235 2109 2298 2163 ³³.
2352 2127 2370 2158 ι
2403 2106 2543 2160 Alibi
2572 2107 2701 2158 item
2745 2122 2757 2157 :
2798 2124 2815 2155 ι
2852 2105 3074 2159 Βὶεωιιι
3107 2113 3286 2158 autem
3318 2117 3372 2158 ct
3396 2105 3568 2157 nostri

2015 2200 2175 2254 bonis
2216 2199 2477 2267 operibus
2525 2212 2758 2267 praeesse
2793 2195 2859 2248 ad
2913 2212 3046 2248 usus
3099 2196 3458 2258 necessarios,
3509 2204 3568 2250 ut

2014 2308 2122 2346 non
2149 2292 2257 2344 sint
2284 2289 2603 2342 infructuosi
2626 2289 2688 2342 ³³.
2723 2307 2739 2335 ι
2773 2287 3060 2340 Zacharias
3089 2288 3312 2356 insuper
3337 2289 3572 2356 prophe-

2015 2391 2106 2436 ta:
2149 2401 2167 2431 ι
2196 2382 2407 2436 Justum
2431 2380 2670 2450 jndicate
2701 2379 2764 2432 ⁸ο.
2792 2399 2810 2429 ι
2848 2379 2914 2433 Ει
2947 2397 2959 2431 :
2998 2397 3016 2430 ι
3058 2379 3484 2433 Misericordiam
3517 2389 3570 2433 et

351 2470 769 2525 miserationem
833 2474 996 2527 facite
1051 2474 1427 2544 unusquisque
1481 2489 1605 2528 cum
1672 2474 1919 2543 proximo
1955 2489 2056 2526 suo
2077 2475 2143 2526 “.
2185 2492 2202 2523 ι
2248 2472 2315 2526 Et
2352 2470 2629 2525 Joannes:
2665 2489 2683 2521 ι
2717 2469 2818 2535 Qui
2891 2469 3146 2523 habuerit
3213 2471 3568 2525 substantiam

354 2569 544 2621 mundi
577 2569 760 2638 hujus,
791 2579 848 2622 et
877 2569 1079 2623 viderit
1132 2571 1354 2624 fratrem
1377 2586 1536 2624 suum
1602 2571 1981 2624 necessitatem
2029 2568 2250 2629 habere,
2283 2576 2337 2621 et
2363 2567 2620 2620 clauserit
2657 2565 2869 2618 viscera
2909 2579 3006 2617 sua
3043 2581 3057 2617 :
3094 2567 3368 2632 quomodo
3395 2566 3573 2621 chari-

362 2667 444 2712 tas
469 2658 572 2711 Dei
606 2665 791 2711 manet
817 2659 870 2711 in
901 2675 968 2712 eo
989 2660 1070 2712 “?
1100 2679 1120 2712 ι
1150 2661 1244 2714 Ilis
1270 2662 1618 2714 consentiunt
1641 2669 1697 2712 et
1731 2659 2111 2727 astipulantur,
2159 2673 2279 2726 quae
2322 2666 2521 2710 nostra:
2588 2654 2834 2708 omnium
2902 2657 3150 2724 provisor
3218 2657 3406 2712 salutis
3469 2658 3572 2712 Do-

362 2749 549 2802 minus
592 2759 653 2802 ut
686 2748 946 2802 faciamus
995 2751 1254 2805 adunaret
1287 2770 1299 2804 :
1342 2771 1360 2802 ι
1396 2751 1553 2806 Omni
1603 2750 1812 2820 petenti
1861 2758 1912 2804 te
1950 2751 2127 2805 tribue
2165 2767 2178 2803 :

354 2845 626 2900 averseris
657 2844 719 2900 ⁵³.
767 2864 785 2896 ι
825 2846 930 2914 Ipsi
957 2847 1127 2914 gloria
1165 2847 1220 2900 in
1244 2850 1463 2902 saecula.
1499 2847 1689 2902 Amen.

952 2980 1168 3032 ΛΟΓΟΣ
1219 2980 1321 3034 IB'.

949 3116 1088 3183 Περὶ
1111 3116 1322 3168 τόκων.

424 3249 487 3300 Oi
511 3247 608 3300 τοῦ
646 3246 1060 3317 κόσμου’τούτου
1089 3248 1389 3317 ἄνθρωποι,
1421 3251 1520 3299 οὐκ
1547 3245 1614 3299 ἀν
1639 3246 1733 3299 τοῦ
1759 3248 1912 3301 δικά-

357 3337 548 3402 ζεσθαι
592 3339 929 3401 παύσωνται,
961 3341 1008 3391 εί
1058 3339 1131 3409 μὴ
1161 3340 1299 3407 μετά
1331 3339 1642 3406 προσθήκης
1667 3378 1680 3398 .
1711 3339 1778 3392 τὰ
1805 3339 1915 3390 τῶν

357 3429 646 3496 ὲναγώγων
667 3428 1010 3482 ἀπολάϐωσιν
1031 3431 1355 3498 πράγματα,
1384 3430 1510 3481 ὅταν
1547 3427 1777 3496 μάλιστα
1809 3427 1916 3496 πρὸ

357 3522 448 3574 τοῦ
477 3523 672 3591 χρέους
697 3522 825 3583 τοὺς
854 3521 1048 3582 τόκους
1071 3521 1425 3589 κομίζωνται.
1456 3520 1621 3570 Ὥστε
1661 3519 1914 3586 γενέσθαι

359 3611 533 3665 αὐτῶν
569 3613 633 3665 τὸ
674 3613 881 3665 δίκαιον
926 3611 1099 3682 ἀρχὴν
1128 3612 1340 3673 ἀδικίας
1393 3611 1652 3680 μεγάλης.
1693 3612 1802 3664 Kal.
1828 3612 1916 3663 διὰ

359 3704 511 3756 τοῦτο
547 3706 598 3757 0i
641 3704 962 3767 τοκίζοντες,
997 3706 1208 3771 ἐναγεῖς
1236 3705 1331 3756 καὶ
1374 3704 1678 3773 ἀμείλικτοι
1719 3705 1914 3771 ὀνομά-

361 3794 556 3858 ζονται.
597 3795 880 3849 Βδελυκτοὶ
907 3796 1015 3864 γάρ
1045 3798 1181 3847 εἰσιν
1208 3796 1385 3848 ἔναντι
1432 3795 1566 3848 Θεοῦ
1595 3798 1685 3848 καὶ
1709 3795 1917 3864 ἀνθρώ-

363 3902 496 3941 πων.
537 3887 649 3939 Καὶ
685 3886 748 3938 τὸ
803 3885 1023 3938 σύνολον
1071 3888 1419 3954 Χριστιανοίς
1465 3886 1840 3956 ἀπηγόρευται
1881 3887 1913 3955 ἡ

366 3978 574 4031 ἐπίνοια
617 3978 711 4030 τοῦ
755 3980 936 4031 τόκου.
965 3979 1164 4039 Καθὼς
1202 3996 1365 4047 φησιν
1407 3982 1435 4032 ὁ
1467 3981 1758 4049 Προφήτης
1785 3979 1916 4048 περ)⁵

366 4067 546 4119 ἀδίκου
576 4067 803 4129 πόλεως·
840 4085 860 4118 ε
896 4068 1008 4120 Ούκ
1031 4066 1277 4130 ἐξέλιπεν
1307 4071 1370 4122 ὲκ
1395 4068 1503 4121 τῶν
1527 4070 1796 4123 πλατειῶν
1824 4071 1917 4123 αύ-

364 4160 456 4224 τῆς
502 4158 660 4219 τόκος
694 4157 788 4210 καὶ
833 4157 1003 4219 δόλος.
1047 4177 1066 4209 ι
1103 4157 1238 4228 Περὶ
1273 4158 1330 4211 δὲ
1376 4159 1472 4211 τοῦ
1501 4159 1710 4212 δικαίου
1732 4197 1749 4223 ,
1785 4178 1803 4210 ι
1844 4161 1918 4213 Τὸ

366 4244 622 4315 ἀργύριον
655 4245 818 4299 αὐτοῦ
855 4247 956 4298 οὐκ
988 4247 1186 4299 ἔδωκεν
1213 4250 1304 4301 ἐπὶ
1341 4249 1505 4318 τόκῳ.
1539 4268 1558 4300 ι
1589 4251 1699 4302 Καὶ
1729 4250 1915 4304 πάλινο

375 4352 392 4385 ι
445 4336 537 4388 Ἐκ
568 4336 731 4388 τόκου
773 4337 866 4388 καὶ
900 4337 955 4400 ἐξ
988 4335 1201 4398 ἀδικίας
1239 4336 1575 4408 λυτρώσεται
1603 4337 1704 4401 τάς
1738 4338 1917 4408 ψυχὰς

369 4430 560 4483 αὐτῶν.
604 4449 625 4482 ι
674 4431 732 4482 ὐ
769 4429 824 4481 δὲ
853 4430 1257 4499 Παροιμιαστής
1282 4447 1296 4460 ·
1336 4449 1354 4481 ‹
1403 4433 1462 4484 '0
1499 4432 1783 4501 πληθύνων
1826 4433 1916 4485 τὸν

369 4520 516 4572 τόκον
535 4520 699 4574 αὑτοῦ
721 4521 855 4589 μετά
878 4521 1052 4572 τόκων
1067 4522 1160 4573 καὶ
1181 4521 1558 4591 πλεονασμῶν,
1576 4524 1656 4592 τῷ
1681 4523 1915 4577 ἐλεοῦντι
1949 4541 1990 4594 ι)
2018 4544 2127 4581 ηοη

1208 4521 1558 4591 ιλεονασμῶν,
1576 4524 1656 4592 τῷ
1681 4523 1915 4577 ἐλεοῦντι
1949 4541 1990 4594 ι)
2018 4544 2127 4581 ηοη
2161 4526 2311 4580 dedit
2339 4525 2408 4578 ad
2441 4540 2659 4578 usuram
2689 4524 2735 4556 “
2781 4543 2798 4575 ι
2839 4523 2970 4578 Item

369 4613 576 4680 πτωχὸν
637 4612 858 4674 συνάγει
899 4612 1083 4664 αὐτόν.
1127 4631 1145 4662 ι
1184 4613 1292 4664 Καὶ
1335 4613 1530 4678 ἄλλος,
1570 4633 1590 4666 ‹
1629 4615 1799 4668 Τόκον
1828 4618 1921 4667 ἐπὶ

369 4704 518 4755 τόκου
545 4745 559 4767 ,
590 4704 684 4755 καὶ
709 4704 858 4756 δόλον
890 4703 983 4755 ἐπὶ
1011 4703 1185 4757 δόλου.
1232 4723 1249 4756 ι
1278 4700 1411 4758 Οἶδα
1456 4706 1564 4774 ἐγώ
1606 4725 1757 4769 τινας
1784 4751 1798 4773 ,
1835 4709 1917 4760 ὅτι

370 4791 453 4844 διὰ
479 4793 536 4845 τὺ
567 4793 755 4861 κέρδος
787 4791 880 4844 τοῦ
922 4792 1083 4844 τόκου
1116 4794 1212 4845 σὺν
1241 4797 1304 4863 τῇ
1340 4794 1484 4865 ψυχῇ
1524 4797 1615 4848 καὶ
1657 4798 1718 4849 τὸ
1752 4797 1919 4864 κεφά-

372 4881 511 4936 λαιον
534 4882 937 4952 ἐζημιώθησαν.
963 4884 1015 4934 Ἀ
1027 4882 1151 4946 Eia);
1169 4884 1276 4951 γάρ
1307 4886 1335 4936 ὁ
1355 4886 1518 4952 νόμος
1548 4887 1920 4955 παρακελεύεο

372 4987 477 5033 ται,
534 4973 710 5038 λέγων
743 4989 757 5002 ·
792 4991 811 5023 ι
847 4973 936 5041 Τῷ
966 4972 1177 5041 ἀδελφῷ
1218 4991 1310 5027 σου
1340 4975 1439 5026 οὐκ
1460 4977 1722 5038 ἐκτοκιείς
1753 4979 1916 5047 ἀργυ-

379 5063 558 5133 ρίου,ἢ
590 5063 912 5133 βρωμάτων,
944 5063 975 5134 ἢ
1008 5067 1203 5125 παντὸς
1237 5065 1579 5133 πράγματος.
1621 5086 1638 5118 ι
1670 5069 1778 5120 Καὶ
1812 5069 1914 5120 πά-

375 5153 472 5206 λινο
505 5173 523 5206 ι
561 5157 635 5208 Τὸ
657 5155 919 5226 ἀργύριόν
950 5173 1043 5208 σου
1072 5158 1130 5208 οὐ
1165 5156 1355 5220 δώσεις
1395 5160 1490 5211 ἐπὶ
1521 5161 1682 5231 τόκῳ.
1730 5180 1750 5212 ι
1783 5159 1908 5212 Καί·

383 5261 401 5294 ι
436 5245 758 5314 Πλεονασμῷ
798 5247 858 5298 ού
897 5246 1088 5309 δώσεις
1116 5247 1184 5298 τὰ
1226 5248 1488 5317 βρώματά
1530 5268 1642 5306 σου.
1697 5271 1714 5301 ι
1756 5253 1812 5304 Ὀ
1856 5252 1913 5303 δὲ

389 5333 804 5404 Ἐκκλησιαστὴς
833 5335 959 5402 περὶ
986 5335 1093 5386 τῶν
1136 5335 1506 5389 πλουτούντων
1539 5339 1602 5391 ἐκ
1636 5339 1809 5390 τόκων
1832 5379 1845 5400 ,
1880 5337 1913 5406 ἢ

380 5423 435 5487 ἐξ
459 5426 675 5478 ἀδικιῶν
701 5463 718 5486 ,
757 5424 927 5487 οὕτως
967 5425 1308 5496 διαγορεύει·
1348 5447 1366 5478 ι
1405 5429 1590 5480 Ἔστιν
1640 5429 1918 5497 ἀρῤωστία

380 5514 536 5586 δεινὴ,
563 5518 628 5589 ἢν
649 5515 788 5573 εἶδον
818 5520 922 5573 ὑπὸ
944 5521 1031 5573 τὸν
1060 5521 1228 5589 ἣλιον,
1254 5519 1476 5572 πλοῦτον
1515 5520 1918 5588 φυλασσόμενον

471 5674 514 5705 ³³
543 5675 709 5730 Eccli.
738 5693 882 5741 xxvx,
916 5677 996 5730 Η.
1096 5677 1139 5707 ³⁶
1167 5677 1333 5731 Eccli.
1361 5693 1515 5736 xxxv,
1545 5677 1634 5729 9.6.

387 5745 545 5802 vn,9.
620 5747 661 5776 ⁶¹
692 5746 829 5799 ibid.
911 5747 955 5778 δ’
988 5747 1002 5798 Ι
1034 5747 1190 5800 Joan.
1229 5763 1303 5800 Ill.
1334 5748 1418 5800 I7.
1493 5750 1535 5778 "
1573 5747 1706 5800 Luc.
1736 5763 1809 5808 γι,
1846 5747 1934 5800 50.

387 5809 428 5841 ⁸⁷
460 5814 606 5868 I’rov.
643 5833 819 5878 “vui,
847 5820 898 5873 8.
976 5818 1019 5847 ⁸⁸
1052 5817 1179 5870 ibid.
1258 5820 1300 5848 δν
1333 5819 1484 5871 Dent.
1515 5834 1658 5880 mn,
1691 5818 1774 5871 I9.

1746 5677 1786 5708 ³⁷
1813 5677 1971 5731 Rom.
1996 5693 2142 5732 xvul.
2178 5677 2228 5728 8.

2233 2758 2289 2803 et
2335 2751 2605 2803 volentem
2654 2758 2843 2818 petere
2898 2758 3145 2801 mutuum
3209 2750 3306 2805 abs
3346 2759 3433 2813 te,
3503 2764 3571 2803 ne

2568 2975 2866 3031 IIOIIILIA.
2898 2975 3014 3030 XII.

2495 3111 2718 3183 1044
2747 3147 2756 3164 ,ε
2765 3112 2840 3166 De
2889 3114 3083 3166 usuris.

2087 3251 2270 3306 Mundi
2309 3251 2473 3320 hujus
2511 3250 2760 3304 homines
2805 3260 2933 3305 ante
2971 3252 3261 3306 tribunalia
3291 3267 3568 3322 nunquam

2015 3344 2406 3411 conquiescent
2436 3352 2848 3396 controvertere
2877 3351 2932 3396 et
2965 3343 3091 3396 lites
3124 3343 3409 3398 intendere
3439 3360 3567 3413 pro-

2015 3433 2197 3494 ximis,
2227 3447 2468 3498 eousque
2501 3432 2629 3484 dum
2681 3432 2986 3485 accessorio
3018 3431 3368 3500 perfruantur
3420 3433 3569 3501 quod

2015 3532 2213 3592 praeter
2257 3533 2456 3576 sortem
2489 3521 2754 3590 contingit
2779 3561 2792 3580 .
2822 3521 2950 3573 dum
2988 3521 3218 3575 maxime
3248 3531 3444 3591 praeter
3469 3522 3568 3577 de-

2017 3613 2189 3667 bitum
2218 3628 2410 3666 usuras
2435 3612 2732 3666 corradunt
2775 3621 2829 3665 et
2855 3611 3139 3680 colligunt,
3168 3613 3302 3666 adeo
3334 3622 3392 3666 ut
3419 3613 3567 3682 quod

2010 3705 2155 3774 juste
2185 3704 2251 3757 ad
2283 3705 2404 3758 illos
2440 3703 2674 3771 pertinet
2700 3742 2714 3765 ,
2741 3702 3072 3770 principium
3102 3701 3196 3754 fiat
3219 3717 3426 3772 magna:
3459 3704 3568 3757 ini-

2016 3797 2260 3861 quitatis.
2298 3796 2639 3864 Quapropter
2667 3794 2758 3862 qui
2793 3807 2985 3845 usuras
3015 3802 3294 3854 exercent,
3325 3809 3434 3847 non
3468 3795 3567 3848 abs

2016 3903 2074 3940 re
2099 3902 2198 3942 ceu
2231 3885 2596 3940 exsecrabiles
2615 3893 2671 3938 et
2704 3882 2921 3953 strigosi
2949 3881 3272 3937 nominatim
3300 3885 3568 3952 perstrin-

2016 3987 2235 4049 guntur.
2282 3980 2421 4032 Sunt
2464 3978 2620 4046 plane
2661 3991 2842 4031 coram
2881 3977 3108 4031 Domino
3151 3987 3206 4031 et
3252 3976 3568 4032 hominibus

2015 4069 2406 4124 abominationi
2442 4085 2457 4121 :
2491 4083 2614 4121 cum
2637 4067 2690 4120 in
2719 4082 2918 4136 genere
2961 4069 3094 4123 nulli
3122 4084 3230 4121 non
3254 4066 3569 4123 Christiano

2015 4160 2366 4214 interdictum
2399 4159 2470 4213 sit
2496 4157 2731 4212 artiﬁcio
2775 4159 2971 4226 quovis
2997 4158 3318 4213 exercenda:
3346 4175 3564 4227 usurae;

2015 4253 2156 4307 sicut
2174 4262 2230 4306 et
2251 4252 2318 4305 de
2345 4251 2530 4319 iniqua
2563 4251 2654 4304 illa
2685 4250 2905 4304 civitate
2937 4251 3013 4302 ait
3039 4251 3310 4320 Pr0pheta
3337 4268 3350 4303 :
3389 4269 3406 4302 ι
3445 4250 3564 4305 Non

2016 4343 2219 4398 defecit
2241 4342 2307 4396 de
2331 4341 2526 4410 plateis
2545 4343 2664 4412 ejus
2693 4356 2857 4394 usura
2881 4349 2938 4394 et
2976 4340 3136 4395 dolus
3166 4341 3231 4395 “.
3268 4361 3286 4392 ι
3318 4341 3454 4396 Cum
3485 4342 3567 4396 in-

2017 4436 2176 4489 terim
2195 4436 2340 4505 justo
2373 4433 2478 4487 hoc
2495 4433 2729 4502 elogium
2758 4432 2987 4486 reddat:
3022 4451 3040 4482 ι
3079 4432 3379 4501 Argentum
3405 4448 3565 4487 suum

3011 4542 3024 4578 :
3070 4544 3089 4575 ε
3125 4526 3204 4578 Ex
3240 4540 3401 4578 usura
3421 4533 3478 4577 et
3498 4540 3565 4579 ex

2016 4619 2302 4688 iniquitate
2330 4617 2567 4671 redimet
2590 4617 2796 4670 animas
2817 4631 3008 4670 eorum
3035 4617 3100 4670 “.
3135 4635 3154 4668 ι
3185 4616 3566 4671 Parwmiastes

2017 4727 2267 4780 quoque:
2303 4728 2320 4760 ι
2359 4709 2462 4774 Qui
2490 4707 3053 4774 multiplicatdivitias
3083 4724 3210 4762 suas
3227 4723 3349 4761 cum
3383 4709 3565 4761 usuris

2017 4806 2073 4851 et
2099 4795 2466 4856 abundantiis,
2501 4794 2686 4862 utique
2709 4794 2759 4847 ei
2786 4803 3077 4863 congregat
3101 4795 3192 4862 qui
3217 4794 3566 4849 miserebitur

2019 4886 2274 4955 pauperis
2315 4885 2382 4938 ‘7.
2422 4905 2440 4936 ι
2481 4885 2610 4938 Item
2645 4901 2706 4936 ε(
2753 4883 2984 4938 Usuram
3016 4899 3181 4952 super
3212 4900 3430 4938 usuram
3457 4925 3472 4946 ,
3511 4893 3565 4938 et

2019 4975 2205 5028 dolum
2235 4988 2401 5042 super
2441 4972 2623 5025 dolum
2663 4971 2728 5024 ⁸⁵.
2772 4991 2789 5023 ι
2819 4971 2954 5025 Novi
2977 4987 3078 5040 ego
3105 4972 3312 5040 aliquot
3344 4972 3436 5040 qui
3468 4987 3566 5041 per

2018 5063 2364 5117 immodicam
2394 5062 2703 5116 aviditatem
2734 5061 2897 5123 lucri,
2935 5071 3132 5129 praater
3169 5062 3366 5115 anima:
3393 5062 3565 5115 detri-

2019 5163 2283 5218 mentum,
2340 5164 2540 5208 sortem
2595 5155 2816 5208 elocata:
2861 5153 3107 5221 pecunia:
3145 5155 3502 5222 perdiderunt
3548 5174 3562 5209 :

2015 5248 2178 5315 digne
2232 5247 2494 5316 quidem,
2555 5261 2676 5299 cum
2731 5246 2813 5300 lex
2877 5246 3229 5312 praescribat,
3298 5245 3486 5299 dicens
3548 5262 3564 5299 :

2023 5359 2041 5390 ε
2082 5339 2256 5392 Fratri
2326 5347 2420 5390 tuo
2491 5353 2597 5390 non
2670 5336 2825 5390 dabis
2873 5337 2941 5390 ad
2988 5352 3206 5391 usuram
3255 5345 3564 5403 argentum,

2019 5445 2125 5482 non
2177 5428 2345 5490 cibos,
2393 5438 2489 5483 aut
2535 5444 2647 5482 rem
2697 5444 3080 5498 quamcunque
3107 5430 3171 5481 ⁸⁸.
3234 5445 3252 5478 ι
3301 5427 3508 5480 Rursus
3549 5466 3562 5478 .

2028 5540 2046 5570 ι
2092 5520 2387 5590 Argentum
2423 5530 2575 5574 tuum
2607 5535 2712 5573 non
2743 5520 2900 5574 dabis
2932 5521 2998 5573 ad
3038 5534 3258 5572 usuram
3290 5519 3356 5573 ”.
3396 5536 3414 5568 ι
3451 5515 3519 5571 Ει
3549 5537 3562 5571 :

2329 5678 2372 5708 ³⁸
2404 5678 2534 5731 ibid.
2580 5679 2659 5730 I3.
2765 5679 2805 5708 ³³
2828 5680 2930 5733 Tit.
2964 5695 3038 5740 ιιι,
3073 5678 3155 5730 14.
3259 5677 3302 5707 ⁸⁸
3334 5675 3560 5729 Zachar.

2016 5749 2060 5776 “
2086 5749 2223 5800 l'sal.
2260 5763 2362 5806 Liv,
2390 5749 2474 5802 1&2.
2545 5750 2586 5780 ⁸³
2622 5749 2759 5803 I'sal.
2790 5765 2894 5812 xlv,
2923 5750 2974 5803 5.
3063 5752 3107 5778 ⁸⁵
3134 5748 3271 5802 l’sal.
3304 5762 3444 5810 uxr,
3480 5747 3562 5800 li.

1879 5820 1924 5848 "'0
1952 5816 2123 5872 chit.
2157 5833 2277 5874 xu.
2307 5819 2393 5872 57.
