4462 6440
987 403 1117 465 l-lli7

2225 411 2577 470 ANTIOCHI
2624 411 2957 470 MONACIII

4044 410 4186 472 1468

985 540 1001 569 ι
1040 522 1116 572 Ad
1148 522 1695 589 superabundantiam
1729 538 1835 577 non
1876 523 2031 578 dabis
2050 525 2201 578 cibos
2228 535 2353 578 tuos
2386 529 2452 578 ³³.
2498 545 2515 576 ι
2553 532 2598 585 Α
2625 524 2685 576 τὸ
2727 542 2747 575 τ

2418 529 2452 578 ¹.
2498 545 2515 576 ι
2553 532 2598 585 Α
2625 524 2685 576 τὸ
2727 525 2855 593 παρ’
2903 524 3069 577 αὑτοῦ
3111 525 3189 587 εἰς
3240 525 3438 577 κακίαν
3474 524 3638 593 αὐτῷ,
3684 525 3776 577 καὶ
3818 524 4105 577 ἀπολεῖται
4153 529 4180 578 6

980 613 1331 668 Ecclesiastes
1378 616 1449 669 de
1500 616 1618 669 istis
1668 619 1760 685 qui
1809 633 1903 685 per
1953 618 2290 686 iniquitatem
2344 618 2523 671 usuris

975 716 1240 759 extortam
1264 709 1693 775 locnpletantur,
1718 709 1969 762 edisserit
1994 709 2137 761 hunc
2168 708 2221 761 in
2253 708 2470 761 modum
2505 727 2519 762 :

984 820 1000 845 ι
1042 799 1132 851 Est
1171 800 1453 851 inlirmitas
1476 801 1655 867 gravis
1679 817 1841 868 quam
1874 800 1983 852 vidi
2021 800 2123 852 sub
2158 801 2292 861 sole,
2330 816 2521 869 nempe

974 906 1097 942 eum
1133 892 1497 959 quisdivitias
1521 892 1761 944 custodit
1793 892 1846 945 in
1885 893 2085 944 malum
2123 892 2425 961 proprium,
2466 902 2522 945 et

974 984 1229 1050 perilnmt
1259 984 1460 1037 divitia:
1490 985 1591 1036 illa:
1623 985 1675 1036 in
1706 986 2060 1052 occupatione
2091 985 2251 1046 mala,
2281 994 2335 1037 et
2372 991 2521 1037 certe

971 1092 1160 1127 omnes
1187 1077 1304 1128 dies
1333 1077 1476 1128 illius
1507 1076 1558 1127 in
1591 1077 1829 1129 tenebris
1851 1085 1905 1127 et
1932 1076 2080 1128 luctu
2108 1085 2162 1128 ct
2184 1076 2239 1128 in
2270 1075 2520 1143 indigna-

974 1167 1119 1217 tione.
1146 1169 1309 1219 inulta
1333 1176 1386 1219 et
1411 1168 1738 1221 inﬁrmitate.
1768 1168 2003 1220 Iﬁtlabor
2027 1169 2182 1221 istius
2222 1168 2275 1220 in
2298 1178 2519 1221 ventum

972 1257 1067 1309 ibit
1091 1260 1176 1310 δι’.
1218 1278 1236 1308 ι
1267 1260 1551 1313 Conscntit
1577 1261 1659 1311 his
1699 1260 1828 1311 illud
1857 1260 2003 1313 l’auli
2032 1261 2096 1313 ad
2125 1261 2473 1313 Timotheum
2504 1280 2515 1314 :

976 1366 989 1392 ι
1031 1346 1299 1399 Divitibus
1331 1348 1491 1415 hujus
1533 1348 1711 1399 swculi
1758 1350 1985 1417 praecipe
2028 1365 2133 1402 nou
2165 1350 2397 1403 sublime
2430 1366 2517 1404 sa-

969 1451 1097 1501 pere
1149 1452 1248 1488 nec
1299 1452 1517 1503 sperare
1569 1437 1623 1489 in
1669 1438 1879 1489 incerto
1932 1439 2267 1502 divitiar.:m,
2309 1439 2403 1493 scd
2462 1440 2515 1494 in

972 1525 1100 1584 beo,
1131 1527 1221 1593 qui
1243 1536 1458 1593 pra-stat
1486 1527 1645 1581 nobis
1670 1529 1850 1581 omnia
1871 1529 2087 1583 abunde
2111 1532 2175 1583 ad
2203 1532 2515 1595 lruendnm,

970 1615 1108 1668 bene
1156 1632 1333 1685 agere,
1384 1617 1579 1671 divites
1620 1635 1737 1672 esse
1771 1620 1822 1671 in
1858 1622 2117 1688 operibus
2145 1624 2319 1685 bonis,
2360 1624 2515 1677 facile

971 1710 1234 1772 trilmere,
1282 1710 1709 1769 eonnmmieare,
1753 1710 2123 1764 thesaurizare
2175 1712 2275 1765 sibi
2323 1714 2517 1767 funda-

968 1809 1211 1852 mentum
1257 1800 1455 1852 bomnu
1490 1800 1542 1852 in
1580 1800 1844 1863 futurum,
1881 1812 1940 1855 ut
1968 1805 2378 1871 apprehendant
2416 1824 2514 1861 ve-

2624 616 2852 678 πλοῦτος
2890 618 3093 677 ἐκεῖνος
3137 619 3194 667 έν
3251 617 3620 685 περισπασμῷ
3674 616 3917 685 πονηρῷ,
3962 616 4058 668 καί
4114 635 4178 682 γε

2622 710 2791 760 πᾶσαι
2824 710 2878 759 αἱ
2910 710 3110 778 ἡμέραι
3137 708 3299 759 αὑτοῦ
3323 712 3379 761 εν
3405 709 3605 769 σκότει,
3640 710 3734 761 καὶ
3763 711 3820 759 ἐν
3848 710 4058 771 πένθει,
4084 712 4179 762 καὶ

2623 801 2679 851 ὲν
2712 799 2866 867 θυμῷ
2906 800 3102 869 πολλῷ,
3136 802 3227 852 καὶ
3250 801 3553 869 ἀρρωστία,
3592 802 3688 852 καὶ
3716 800 3743 852 6
3767 801 3969 869 μόχθος
3996 802 4178 853 αὐτῶν

2623 894 2701 955 εξς
2742 894 2958 961 ἄνεμον.
3000 913 3018 944 υ
3064 894 3291 962 Ὁμοίως
3322 894 3415 945 καὶ
3445 894 3473 945 6
3521 894 3843 955 ’Δπόστο“·ος
3891 894 4179 961 παραινῶν

2622 983 2869 1053 Τιμοθέῳ
2916 984 3122 1050 ἔλεγεν·
3160 1004 3177 1033 ε
3215 984 3339 1045 Τοῖς
3380 985 3652 1045 πλουσίοις
3684 987 3741 1035 ὲν
3779 984 3854 1053 τῷ
3886 984 3984 1036 νῦν
4023 984 4177 1036 αἰῶνι

2622 1074 2983 1144 παράγγελλε,
3017 1077 3090 1145 μὴ
3125 1075 3531 1145 ὑψηλοφρονεῖν,
3580 1076 3714 1145 μηδὲ
3754 1077 4048 1143 ἠλπικέναι
4088 1079 4177 1129 ἐπὶ

2623 1166 2851 1220 πλούτου
2904 1169 3211 1238 ἀδηλότητι,
3266 1170 3378 1221 ἀλλ’
3434 1170 3526 1221 ἐπὶ
3578 1169 3697 1239 θεῷ
3747 1171 3824 1239 τῷ
3878 1172 4176 1240 παρέχοντι

2621 1261 2749 1327 ἡμῖν
2788 1262 2964 1312 πάντα
3007 1261 3297 1323 πλουσίως,
3329 1261 3406 1322 είς
3433 1260 3729 1313 ἀπόλαυσιν
3749 1300 3763 1323 ,
3793 1261 4172 1330 ἀγαθοεργεῖν,

2621 1350 2873 1403 πλουτεῖν
2908 1354 2967 1405 ὲν
2996 1352 3177 1422 ἔργοις
3213 1352 3417 1413 καλοῖς,
3447 1353 3835 1419 εὐμεταδότους
3870 1348 4037 1414 εἶναι,
4065 1372 4175 1405 κοι-

2620 1444 2895 1507 νωνικοὺς,
2924 1444 3461 1513 ἀποθησαυρίζοντας
3491 1446 3703 1507 ἑαυτοῖς
3726 1444 3979 1513 θεμέλιον
4014 1445 4175 1497 καλὸν

2618 1535 2699 1595 είς
2758 1536 2819 1587 τὸ
2882 1535 3109 1605 μέλλον,
3182 1537 3269 1588 ῖνα
3333 1537 3712 1609 ἐπιλάϐωνται,
3780 1537 3880 1604 τῆς
3956 1536 4174 1589 αἰωνίου

2620 1626 2783 1693 ζωῆς.
2836 1644 2855 1677 ι
2918 1627 3229 1695 Πειθόμενοι
3263 1622 3372 1688 οὖν,
3405 1628 3738 1698 ἁδελφοὶ,τῇ
3786 1628 3909 1697 Θείᾳ
3962 1628 4173 1696 Γρειερῇ⁹

2618 1717 2943 1786 ἁποστῶμεν
2970 1719 3067 1785 τῆς
3089 1719 3264 1787 δεινῆς
3293 1718 3628 1780 πλεονεξίας.
3663 1720 3757 1772 καὶ
3787 1719 3884 1787 τῆς
3916 1719 4175 1787 βδελυρᾶς

2619 1810 2856 1872 ἐπινοίας
2885 1810 3088 1878 ταύτης
3113 1811 3221 1861 τῶν
3254 1812 3447 1864 τόκων.
3488 1812 3546 1863 '0
3575 1812 3683 1878 γὰρ
3722 1811 3897 1873 τόκος.
3935 1810 4017 1879 τῷ
4044 1811 4174 1878 δόλῳ

966 1907 1079 1943 ram
1115 1892 1279 1943 vitam
1309 1892 1406 1943 υ.»
1437 1892 1773 1945 Auetoritate
1808 1894 1976 1959 igitur
2010 1896 2251 1962 persuasi
2275 1898 2510 1963 (fratres)
2550 1885 2589 1940 Β
2620 1919 2728 1953 συνε

2410 1899 2510 1961 res)
2550 1885 2589 1940 Β
2620 1900 2971 1969 συνεζεύχθη.
3001 1902 3109 1954 Kal
3151 1902 3347 1970 μᾶλλον
3388 1901 3720 1969 ζηλώσωμεν
3753 1901 3846 1952 τὸν
3878 1902 4050 1953 καλὸν
4081 1901 4172 1967 C13-

964 1980 1261 2045 Seripturae
1286 1978 1503 2043 divime,
1535 1980 1604 2031 ab
1638 1980 1950 2047 inexplebili
1977 1982 2063 2033 illa
2096 1982 2354 2036 aviditate
2385 2001 2513 2038 con-

963 2072 1183 2139 gerendi
1237 2072 1455 2126 divitias
1505 2088 1793 2126 avocemus
1836 2085 2069 2127 mentem
2126 2096 2138 2128 :
2199 2078 2513 2144 longissime

963 2162 1382 2214 subnmveamns
1411 2178 1509 2214 nos
1534 2164 1602 2215 ab
1648 2162 1749 2216 hac
1775 2166 2095 2218 exsecrabili
2127 2184 2351 2234 prorsus
2385 2186 2515 2223 usu-

964 2269 1146 2305 rarum
1199 2254 1593 2321 exeogitatione
1633 2273 1644 2307 :
1682 2256 1863 2323 potius
1916 2257 2192 2309 imitemur
2222 2259 2360 2312 beati
2407 2261 2511 2313 Za-

962 2346 1094 2397 eluei
1144 2345 1289 2411 pium
1325 2346 1521 2405 zelum,
1566 2344 1689 2397 eum
1727 2344 1916 2397 eodem
1953 2346 2196 2399 dicentes
2243 2365 2255 2399 :
2304 2367 2320 2398 ι
2372 2349 2510 2402 Ecce

961 2437 1245 2488 dimidimn
1281 2436 1542 2488 bonorum
1580 2452 1844 2500 meorum,
1887 2437 2129 2501 Domine,
2156 2438 2226 2490 do
2259 2441 2510 2507 pauperi-

961 2529 1085 2591 bus,
1113 2536 1167 2580 et
1200 2529 1243 2580 si
1272 2528 1401 2596 quid
1429 2528 1662 2595 aliquem
1686 2528 2027 2592 defraudavi,
2066 2529 2233 2582 reddo
2271 2531 2511 2599 quadru-

2619 1993 2708 2045 λον
2748 1992 2842 2044 τοῦ
2887 1992 3161 2062 μακαρίου
3202 1992 3500 2060 Ζακχαίου,
3541 1992 3789 2059 λέγοντες
3840 1993 3939 2043 σὺν
3985 1992 4131 2059 αὐτῷ
4156 2007 4167 2019 ·

2623 2104 2642 2135 ι
2698 2084 2827 2137 Ἰδοίρ
2870 2085 2931 2135 τὸ
2964 2086 3134 2153 ἧμιου
3162 2084 3271 2135 τῶν
3307 2085 3662 2153 ὑπαρχόντων
3694 2102 3805 2153 μοι,
3842 2084 4042 2152 Κύριε,
4072 2088 4173 2147 τοῖς

2617 2178 2849 2244 πτωχοῖς
2871 2175 3083 2238 δίδωμι.
3122 2177 3229 2227 Kal
3259 2176 3312 2227 εἴ
3331 2176 3473 2237 τινός
3500 2193 3552 2226 τι
3575 2176 4017 2243 ἐσυκοφάντησα,
4049 2177 4175 2226 ἀπο-

2614 2268 2809 2335 δίδωμι
2864 2267 3217 2336 τετραπλοῦν.
3270 2287 3290 2319 ι
3351 2270 3467 2320 Ἶνα
3518 2270 3611 2320 καὶ
3653 2270 3812 2336 ἡμεῖς
3853 2268 4174 2335 ἀκούσωμεν

2613 2359 2762 2425 παρὰ
2789 2359 2883 2410 τοῦ
2913 2355 2971 2411 εὖ
2998 2360 3193 2420 εἰδότος
3223 2359 3291 2410 τὰ
3317 2361 3535 2427 κρυπτὰ
3561 2360 3717 2427 ἡμῶν
3752 2360 4031 2411 Δεσπότου
4087 2359 4173 2410 καὶ

2613 2447 2882 2516 Σωτῆρος
2926 2467 2943 2499 ι
2992 2450 3235 2517 Σήμερον
3264 2449 3503 2519 σωτηρία
3525 2449 3601 2518 τῷ
3631 2452 3762 2517 οῖκῳ
3790 2449 3968 2518 τούτῳ
4000 2448 4172 2516 ἐγένε-

2613 2555 2692 2591 το.
2738 2558 2756 2589 ι
2789 2540 2945 2608 Αὐτῷ
2974 2541 3008 2609 ἡ
3044 2540 3171 2604 δόξα
3197 2540 3277 2601 εἰς
3302 2543 3429 2602 τοὺς
3453 2540 3675 2600 αἰῶνας.
3715 2542 3908 2610 Ἀμήν.

961 2621 1111 2687 plum
1146 2622 1210 2673 ⁸³.
1253 2641 1269 2670 ι
1306 2622 1469 2688 quue
1503 2633 1560 2672 ut
1590 2622 1659 2673 ab
1710 2638 1775 2673 eo
1808 2638 2212 2688 prinnercamur
2237 2624 2448 2685 audire,
2483 2627 2577 2693 qui
2640 2632 2886 2685 eordinm
2944 2643 3254 2687 nostrorum
3317 2648 3545 2686 arcanos
3600 2649 3850 2686 recessus
3872 2631 4170 2701 perspicue

961 2713 1113 2765 novit
1160 2712 1388 2764 Domino
1454 2720 1639 2764 nostro
1703 2727 1767 2767 ac
1819 2714 2131 2767 Salvatorc:
2162 2731 2179 2760 ι
2219 2713 2391 2768 Ilodie
2441 2719 2587 2773 salus
2625 2722 2812 2777 domui
2846 2723 2976 2777 huic
3016 2723 3155 2779 facta
3196 2733 3283 2781 est
3318 2725 3388 2777 ὃ.
3431 2744 3450 2777 ι
3490 2726 3596 2794 lpsi
3636 2725 3807 2794 gloria
3852 2727 3909 2777 in
3955 2725 4168 2778 Saecula-

960 2810 1155 2861 Amen.

1498 2916 1777 2971 ιιοιιιωΑ
1841 2917 1979 2971 XIII.

964 3031 1172 3103 105,5
1194 3032 1262 3083 De
1284 3032 1625 3084 immoderata
1650 3034 1916 3112 nﬂirrtiOite
1932 3034 2287 3103 conquirendi,
2311 3036 2417 3088 sive
2444 3038 2507 3089 de

1606 3112 1853 3154 avarum.

1030 3216 1122 3270 Ait
1179 3217 1482 3269 Dominus:
1529 3235 1546 3266 ι
1578 3216 1750 3269 Nemo
1802 3225 1983 3285 potest
2021 3217 2239 3271 duobus
2276 3218 2513 3273 dominis

961 3310 1167 3362 servire
1189 3325 1203 3370 ;
1225 3318 1319 3361 aut
1346 3310 1491 3360 enim
1523 3324 1689 3360 unum
1718 3317 2032 3361 contemnet
2059 3319 2113 3362 et
2139 3311 2368 3362 alterum
2395 3327 2515 3364 sns-

963 3402 1176 3461 tinebit,
1211 3409 1307 3453 aut
1354 3416 1522 3452 unum
1550 3399 1731 3452 oderit
1763 3407 1818 3452 et
1872 3400 2105 3452 alterum
2137 3400 2328 3469 diliget
2357 3419 2371 3453 :
2405 3419 2512 3455 non

962 3491 1191 3560 potestis
1258 3491 1367 3543 Deo
1441 3490 1646 3542 servire
1703 3498 1760 3542 et
1824 3504 2144 3542 mammona:
2173 3492 2237 3543 ".
2278 3492 2511 3545 Liberali

962 3583 1108 3636 enim
1147 3598 1175 3633 a
1207 3589 1451 3649 poet-ato.
1482 3581 1625 3633 servi
1659 3580 1783 3634 facti
1822 3581 1953 3634 estis
1983 3581 2207 3650 justitia:
2231 3583 2296 3644 ⁸⁸,
2346 3602 2364 3633 ι
2412 3599 2514 3637 nec

961 3675 1069 3743 jam
1109 3672 1335 3739 potestis
1359 3671 1468 3724 Deo
1500 3671 1707 3724 servire
1744 3678 1801 3723 et
1837 3688 2159 3726 mammona:
2193 3690 2205 3725 :
2242 3675 2399 3741 cujus
2434 3674 2516 3727 in-

966 3765 1292 3833 terpretatio
1339 3773 1424 3817 est
1460 3765 1651 3817 divitiae
1678 3806 1692 3828 ,
1723 3765 1866 3817 sicut
1919 3765 2009 3819 ille
2041 3766 2214 3819 dicit:
2252 3785 2271 3816 ι
2304 3766 2515 3820 Divitize

963 3859 1007 3909 si
1039 3858 1277 3917 allluant,
1302 3857 1581 3910 uoliteeor
1605 3871 1877 3925 apponere
1901 3857 1941 3888 "
1974 3875 1986 3909 :
2022 3878 2038 3904 ο
2071 3857 2514 3926 quamloquidem

960 3948 1113 4013 juxta
1167 3946 1303 4013 legis
1346 3946 1743 4013 pneseriptum,
1779 3964 1904 4015 pars
1934 3964 2041 4000 una
2072 3950 2319 4016 corporis
2365 3949 2515 4017 lepra

964 4037 1009 4088 si
1060 4038 1386 4105 aspergitur,
1445 4038 1615 4090 altera
1679 4049 1859 4091 autem
1925 4040 2139 4091 sincera
2193 4050 2298 4101 est,
2336 4050 2512 4096 totum

967 4128 1185 4179 interim
1209 4134 1464 4180 censetur
1488 4127 1824 4180 immundum
1850 4129 1915 4181 ⁸⁸.
1945 4130 2108 4183 Planc
2133 4129 2323 4183 aliena:
2346 4129 2515 4183 facul-

969 4219 1093 4271 tatis
1139 4218 1513 4286 appetentior,
1550 4218 1889 4286 quantalibet
1936 4220 2183 4287 pecuniae
2248 4220 2515 4274 exuberet

968 4311 1144 4377 Copia,
1176 4324 1454 4377 nunquam
1505 4310 1822 4363 exsatiatur.
1857 4310 1992 4364 Cum
2058 4311 2204 4364 enim
2245 4312 2514 4379 perluulta

970 4400 1351 4468 indipiscetur,
1387 4414 1570 4452 rursus
1632 4399 1735 4453 alia
1785 4408 1933 4453 tanto
1990 4410 2204 4468 expetet
2250 4400 2511 4465 avidius;

969 4505 1205 4558 eumque
1232 4489 1336 4541 sibi
1364 4490 1479 4543 haec
1515 4490 1841 4550 conciliarit,
1868 4492 1989 4544 aliis
2021 4508 2237 4544 rursum
2270 4508 2512 4561 expanso

968 4580 1429 4649 conenpisccntim
1479 4580 1601 4632 sinu
1652 4579 1822 4632 inhiat
1870 4581 2229 4643 cumulandis,
2263 4598 2364 4636 nec
2408 4599 2512 4635 un-

968 4686 1129 4740 quam
1154 4671 1524 4725 vcsanientem
1546 4670 1691 4723 hunc
1721 4671 1873 4724 sedat
1891 4676 2206 4739 appetitum.
2232 4673 2345 4726 Nec
2366 4674 2511 4727 enim

972 4761 1201 4823 isnovit,
1226 4761 1353 4828 quia
1370 4769 1624 4827 quantam
1645 4760 2099 4814 habctmatcriam
2123 4762 2331 4816 vitiosa:
2356 4763 2518 4817 istius

970 4851 1276 4904 alfectionis
1308 4850 1609 4903 secundum
1646 4851 2078 4919 proportionem.
2111 4861 2263 4905 tanto
2308 4854 2516 4907 recedit

971 4960 1001 4995 a
1024 4943 1156 5001 Deo,
1195 4942 1359 5009 litquc
1387 4940 1660 5009 particeps
1690 4942 1992 5008 apostasiae.
2021 4942 2217 5010 Utique
2246 4944 2367 4997 talis
2396 4946 2519 4998 nul-

974 5034 1083 5086 lum
1111 5033 1353 5101 operitur
1383 5033 1505 5085 vita:
1540 5032 1695 5084 istius
1728 5030 1926 5093 linem;
1964 5048 2137 5101 neque
2182 5034 2435 5104 intelligit
2462 5036 2518 5089 in

977 5124 1076 5177 hac
1101 5124 1209 5177 vita
1246 5122 1572 5191 iuquilinmu
1600 5140 1657 5176 se
1688 5137 1809 5176 esse
1844 5130 2005 5189 atque
2040 5123 2292 5186 incolam,
2322 5136 2377 5179 et
2400 5141 2520 5194 qum

976 5216 1206 5283 adeptus
1262 5224 1347 5267 est
1397 5230 1505 5267 non
1545 5229 1666 5266 esse
1724 5229 1841 5266 sua.
1871 5213 2031 5268 Planc
2070 5214 2115 5267 is
2150 5216 2523 5269 aeeenscudus

976 5306 1127 5357 venit
1172 5305 1352 5358 ordini
1403 5307 1715 5358 stultorum.
1744 5304 2023 5371 Particeps
2068 5306 2215 5358 enim
2260 5315 2342 5359 est
2376 5307 2523 5359 illius

978 5396 1166 5448 divitis
1189 5398 1274 5449 cui
1298 5405 1547 5464 suspecta
1578 5404 1695 5449 erat
1731 5395 1832 5447 loci
1865 5396 1948 5447 sui
1975 5398 2243 5465 angustia,
2276 5398 2348 5450 De
2379 5398 2524 5465 ejus-

980 5485 1126 5537 modi
1169 5485 1446 5554 elegantcr
1486 5483 1765 5551 Scriptura
1792 5483 2040 5550 loquitur
2068 5502 2079 5535 :
2112 5502 2131 5534 ι
2161 5484 2523 5548 Quemadmo-

984 5579 1112 5629 dum
1146 5577 1392 5630 infcrnus
1428 5586 1487 5630 et
1519 5575 1753 5647 perditio
1788 5589 1895 5626 nou
1932 5574 2246 5643 implentur,
2278 5576 2349 5628 ita
2377 5575 2519 5627 oeuli

3210 2929 3427 2983 ΛΟΓΟΣ
3474 2929 3575 2982 II".

3112 3040 3251 3108 Περὶ
3303 3040 3677 3106 πλεονεξίας.

2680 3215 2850 3284 Φησὶν
2877 3217 2906 3269 6
2943 3215 3169 3286 Κύριος·
3207 3235 3226 3267 ι
3269 3216 3456 3280 Οὐδεὶς
3500 3216 3721 3271 δύναται
3764 3218 3925 3271 δυσὶν
3966 3220 4171 3291 κυρίοις

2611 3304 2901 3357 δουλεύειν.
2938 3306 3007 3357 "Il
3051 3306 3158 3375 γὰρ
3194 3304 3287 3357 τοῦ
3326 3306 3443 3368 ἐνὸς
3477 3310 3881 3376 καταφρονήσει
3904 3350 3919 3371 ,
3955 3312 4054 3362 καὶ
4086 3310 4170 3362 τοῦ

2613 3395 2796 3463 ἐτέρου
2826 3395 3104 3459 ἀνθέξεται
3131 3413 3142 3423 ·
3169 3396 3201 3465 ἢ
3230 3398 3322 3447 τὸν
3344 3398 3440 3449 ’ἐνα
3468 3399 3710 3465 μισήσει,
3746 3400 3839 3451 καὶ
3867 3401 3962 3451 τὸν
3990 3402 4171 3471 ἕτερον

2611 3487 2909 3553 ἀγαπήσει.
2936 3488 3010 3538 Οὐ
3036 3487 3262 3541 δύνασθε
3287 3488 3404 3557 Θεῷ
3430 3489 3703 3542 δουλεύειν
3727 3492 3822 3543 καὶ
3854 3494 4168 3562 Μαμμωνᾷ.

2625 3578 3109 3647 Ἐλευθερωθέντες
3136 3579 3244 3648 γὰρ
3260 3581 3369 3632 ἀπὸ
3392 3580 3491 3649 τῆς
3512 3582 3807 3650 ἁμαρτίας.
3840 3584 4174 3653 ἐδουλώθητε

2611 3671 2678 3738 τῇ
2714 3670 3048 3740 δικαιοσύνῃ.
3084 3690 3103 3721 ι
3134 3671 3244 3723 Kal
3270 3672 3330 3723 οὐ
3360 3671 3588 3724 δύνασθε
3622 3673 3740 3743 Θεῷ
3765 3674 4045 3727 δουλεύειν
4081 3678 4172 3729 καὶ

2613 3758 2926 3827 Μαμμωνᾷ,
2963 3759 2991 3810 ὃ
3017 3758 3407 3829 ἑρμηνεύεται,
3440 3762 3725 3828 πλοῦτος,
3756 3764 3941 3827 καθὼς
3993 3766 4168 3832 λέγει’

2620 3867 2638 3898 ι
2681 3849 2914 3913 Πλοῦτος
2944 3851 3039 3903 ἐὰν
3064 3851 3181 3922 ῥέῃ,
3219 3852 3293 3920 μὴ
3324 3853 3676 3922 προστίθεσθε
3709 3856 3959 3923 καρδίαν.
3995 3876 4013 3908 ι
4041 3859 4174 3911 Οὐαὶ

2613 3940 2721 4009 γὰρ
2750 3942 3059 4010 ἁμαρτωλῷ
3089 3942 3423 3996 ὲπιϐαίνοντι
3452 3944 3544 3995 ἐπὶ
3566 3945 3659 3997 δύο
3688 3946 3910 4014 τρξῦους
3938 3965 3952 3979 ’
3985 3950 4172 4017 ἐπειδὴ

2614 4034 2708 4085 ἐὰν
2808 4033 2948 4085 κατὰ
3000 4034 3090 4085 τὸν
3148 4034 3315 4101 νόμον
3366 4034 3533 4104 μέρος
3594 4035 3834 4104 λεπρδν,
3866 4040 3965 4090 καὶ
4012 4041 4173 4108 μέρος

2615 4123 2852 4191 καθαρὸν
2878 4166 2893 4185 ,
2928 4123 3047 4175 ὅλον
3078 4124 3386 4193 ἀκάθαρτόν
3426 4127 3595 4178 ἐστιν.
3634 4125 3689 4178 '0
3718 4122 3811 4179 οὖν
3842 4128 4171 4196 πλεονέκτης

2612 4212 2772 4279 κόρον
2802 4213 2900 4264 οὐκ
2927 4212 3038 4280 ἔχει
3062 4213 3162 4281 τῆς
3191 4212 3646 4282 φιλοχρηματίας.
3670 4216 3843 4268 Ὅταν
3869 4218 3982 4287 γὰρ
4004 4219 4172 4271 πολλὰ

2613 4304 2903 4371 κτήσηται,
2929 4305 3093 4357 πάλιν
3121 4304 3297 4357 ἄλλων
3317 4305 3591 4374 ὀρέγεται.
3618 4307 3727 4359 Kal
3758 4308 3886 4360 ὅταν
3919 4310 4013 4360 καὶ
4034 4310 4169 4361 αὐτὰ

2612 4394 2977 4466 οἱκειώσηται,
3016 4395 3169 4457 αὖθις
3219 4396 3379 4465 ἔτερα
3430 4396 3710 4465 ἐπιθυμεῖ.
3749 4399 3858 4451 Kal
3911 4400 4167 4452 οὐδέποτε

2616 4484 2849 4537 παύεται
2881 4485 2979 4553 τῆς
3009 4485 3245 4554 ματαίας
3274 4485 3477 4555 ταύτης
3497 4486 3747 4553 ὀρέξεως.
3769 4488 3877 4541 Kal
3908 4490 4014 4542 οὐκ
4032 4485 4169 4542 οἶδεν

2615 4576 2695 4625 ὅτι
2732 4574 2833 4626 ὅσα
2872 4576 2938 4627 ἂν
2971 4574 3091 4627 κατ’
3126 4573 3412 4637 ἀναλογίαν
3433 4577 3499 4644 ἢν
3528 4576 3640 4644 ἔχει
3667 4577 3695 4629 6
3726 4575 4017 4644 ἄνθρωπος
4049 4580 4169 4647 περὶ

2615 4665 2714 4731 τὴν
2754 4663 2890 4733 ’ὑλην
2920 4664 3295 4733 προσπαθείας
3314 4703 3329 4726 ,
3352 4666 3450 4732 τῆς
3477 4665 3584 4716 ἀπὸ
3616 4665 3711 4718 τοῦ
3745 4664 3879 4717 Θεοῦ
3925 4667 4166 4719 ἀποστα-

2620 4753 2739 4815 σίας
2800 4754 3033 4821 μετέχει.
3069 4754 3176 4806 Καὶ
3230 4756 3259 4806 6
3310 4755 3551 4816 τοιοῦτος
3594 4754 3655 4806 οὐ
3692 4756 3969 4825 προσδοκᾷ
4023 4758 4167 4818 τέλος

2623 4844 2759 4912 βίου,
2787 4844 2907 4896 οὐδὲ
2932 4844 3221 4897 ἐπίσταται
3277 4844 3358 4897 δτι
3393 4848 3648 4915 παροικεῖ
3670 4848 3729 4898 ὲν
3754 4846 3886 4914 τῷδε
3922 4846 4002 4915 τῷ
4032 4848 4128 4917 βίῳ
4148 4863 4162 4876 ·

2619 4938 2713 4988 καὶ
2738 4936 2880 5005 ἆπερ
2906 4936 3187 5002 κέκτηται,
3220 4938 3303 4989 ὃτι
3331 4937 3430 4989 οὐκ
3458 4934 3623 4989 αὐτοῦ
3667 4940 3826 4992 εἰσιν.
3860 4938 3975 4990 Kal
4000 4938 4164 4998 οὕτως

2618 5028 2795 5080 τοίνυν
2820 5029 2876 5079 ὲν
2906 5030 3017 5089 τοῖς
3047 5028 3246 5096 ἄφροσι
3266 5028 3544 5082 τέτακται.
3575 5029 3845 5091 Κοινωνὸς
3881 5031 3993 5099 γάρ
4024 5030 4165 5081 ἐστιν

2618 5118 2713 5171 τοῦ
2768 5118 3019 5171 πλουσίου
3062 5120 3297 5179 ἐκείνου.
3355 5113 3565 5181 οὗτινος
3592 5120 3905 5187 ηὐπόρησεν
3932 5121 3967 5189 ἡ
3999 5120 4161 5188 χώρα.

2621 5209 2730 5260 Καὶ
2764 5208 2941 5269 καλῶς
2986 5208 3133 5275 λέγει
3184 5206 3315 5277 περὶ
3350 5206 3459 5259 τῶν
3496 5206 3756 5259 τοιούτων
3777 5208 3812 5276 ή
3842 5207 4060 5277 Γραφὴ,
4089 5208 4163 5259 ὅτι

2626 5319 2645 5351 ι
2692 5300 2899 5368 Ὠσπερ
2951 5299 3083 5369 ᾇδης
3123 5300 3276 5369 καὶὴ
3323 5298 3570 5351 ἀπώλεια
3613 5299 3712 5350 οὐκ
3760 5298 4160 5367 ὲμπιπλῶνται.

2618 5390 2789 5453 οὕτως
2817 5392 2909 5443 καὶ
2936 5394 2983 5444 οἱ
3012 5390 3282 5458 ὀφθαλμοὶ
3326 5390 3433 5442 τῶν
3480 5388 3784 5457 ἀνθρώπων
3818 5390 4105 5458 ἄπληστοι.
4140 5407 4156 5439 ι

2622 5481 2949 5547 Βουλόμενος
2977 5476 3069 5532 οὖν
3102 5482 3129 5532 ὁ
3161 5478 3427 5548 μακάριος
3469 5478 3725 5539 Ἰάκωϐος
3753 5476 4162 5547 θεραπεῦσαιτὺ

2620 5572 2855 5625 τοιοῦτον
2877 5572 3089 5641 νόσημα
3126 5572 3224 5641 τῆς
3259 5572 3570 5638 πλεονεξίας
3609 5570 3919 5623 ἐπιστέλλει
3944 5570 4115 5638 λέγων
4135 5585 4147 5597 ·

1059 5730 1097 5758 ⁸⁸
1140 5729 1266 5781 Lev.
1295 5746 1416 5783 xxv.
1440 5730 1527 5783 '57.
1598 5732 1662 5761 '"‘
1691 5730 1839 5784 Eeel.
1862 5747 1953 5793 xu,
1990 5731 2071 5782 lfi.
2182 5729 2225 5760 "
2259 5728 2435 5781 ITim.
2472 5744 2541 5781 vi.
2574 5726 2753 5781 17-19.
2835 5726 3028 5781 "Luc.
3058 5743 3163 5787 xIx,
3192 5725 3241 5779 8.
3318 5726 3362 5757 "‘
3402 5724 3530 5779 ibid.
3560 5727 3610 5779 9.
3667 5727 3711 5757 ⁸⁵
3745 5724 3938 5781 Matth.
3965 5741 4045 5790 Vt,
4078 5724 4151 5780 54-

992 5796 1034 5824 "
1059 5798 1208 5852 ilum.
1244 5817 1325 5861 τι,
1360 5801 1434 5854 l8.
1514 5804 1553 5833 ⁵⁷
1587 5802 1725 5854 l‘sal.
1762 5802 1957 5867 L\i,ll.

2033 5801 2075 5830 ”‘
2107 5799 2281 5854 Levit.
2316 5814 2465 5860 χχιιι,
2495 5798 2575 5850 lii.
