4462 6440
141 404 166 464 1
176 405 281 465 469

1073 411 1396 471 I-IOMILIA
1432 410 1584 470 XIV.
1612 437 1676 446 —
1701 411 1797 471 DE
1834 411 2400 472 DISTRACTIONE.

3198 407 3218 468 1
3229 408 3331 470 170

142 529 166 564 ι
207 515 345 577 Ἀγε
371 511 485 575 νῦν,
511 513 560 565 oi
598 513 872 577 πλούσιοι,
913 514 1179 568 κλαύσατε
1208 515 1552 579 ὀλολύζοντες
1599 515 1689 566 ἐπὶ
1720 521 1761 575 Α
1793 515 1904 568 hon

1599 515 1689 566 ἐπὶ
1720 521 1761 575 Α
1793 515 2076 568 hominum
2119 515 2451 568 insatiabiles
2479 513 2543 565 ".
2584 532 2602 563 ι
2632 513 2828 569 Beatus
2875 513 3059 582 itaque
3094 515 3331 568 Iacobus

138 607 261 664 ταῖς
323 605 715 676 ταλαιπωρίαις
775 607 926 676 ὑμῶν
979 609 1096 668 ταῖς
1149 609 1566 678 ἐπερχομέναις.
1629 607 1689 658 '0

137 692 376 756 πλοῦτος
410 697 564 764 ὑμῶν
602 697 858 768 σέσηπεν.
895 699 987 750 καὶ
1009 696 1078 749 τὰ
1100 699 1289 766 ἱμάτια
1324 699 1475 767 ὑμῶν
1533 698 1693 766 σητό-

135 785 330 853 6ρωτα
379 788 618 853 γέγονεν.
677 807 695 838 ι
743 789 801 839 '0
839 788 895 839 δὲ
929 787 1088 840 Δαυῖδ
1138 787 1403 857 περὶτῶν
1440 786 1695 839 τοιούτων

135 873 522 927 ἀποτείνεται*
591 896 610 927 ι
655 876 920 944 Μέντοιγε
988 877 1046 929 ἐν
1090 877 1260 928 είκόνι
1323 876 1698 945 διαπορεύεται

136 962 451 1033 ἄνθρωπος,
515 964 652 1034 πλὴν
707 967 882 1036 μάτην
931 967 1299 1035 ταράσσεται·
1334 966 1654 1036 θησαυρίζει
1679 1006 1694 1031 ,

140 1059 240 1110 καὶ
274 1059 338 1110 ού
361 1059 616 1125 γινώσκει
644 1060 747 1113 τίνι
773 1062 987 1126 συνάξει
1012 1063 1172 1114 αὐτά.
1200 1079 1218 1111 ι
1263 1061 1374 1112 Ἀεὶ
1400 1061 1507 1130 γὰρ
1527 1064 1572 1114 οἱ
1604 1061 1698 1131 θη-

141 1152 465 1218 σαυρισταὶ,
502 1154 882 1219 ματαιοκόποι,
905 1152 1390 1222 ἀλλοτριοκάματοι
1424 1152 1702 1220 εὑρίσκον-

139 1258 253 1294 ται.
290 1262 308 1290 ι
347 1243 414 1294 Οἱ
449 1243 558 1313 γὰρ
592 1243 905 1312 βουλόμενοι
935 1244 1206 1304 πλουτεῖν,
1234 1243 1595 1312 ἐμπίπτουσιν
1621 1243 1699 1303 εἰς

138 1335 454 1404 πειρασμὸν
503 1335 598 1387 καὶ
638 1337 835 1402 παγίδα
875 1336 969 1388 τοῦ
1007 1335 1284 1396 διαϐόλου,
1320 1354 1338 1386 ι
1376 1336 1469 1387 καὶ
1514 1334 1701 1386 ὲπιθυ-

143 1424 274 1491 μίας
309 1425 512 1488 πολλὰς
547 1427 811 1495 ἀνοήτους
867 1426 960 1478 καὶ
991 1426 1280 1496 βλαϐεράς.
1313 1425 1521 1484 Αἰτινες
1553 1423 1700 1491 βυθί-

141 1512 329 1576 ζουσιν
361 1515 488 1576 τοὺς
530 1515 850 1585 ἀνθρώπους
900 1519 981 1578 εἰς
1013 1516 1232 1585 ὄλεθρον
1269 1516 1362 1568 καὶ
1398 1515 1695 1579 ἀπώλειαν,

141 1604 285 1655 κατᾶ
316 1604 412 1655 τὸν
445 1605 787 1660 Ἀπόστολον.
831 1609 939 1660 Καὶ
987 1604 1142 1670 αὖθις
1171 1607 1538 1676 παραγγέλλει
1568 1607 1694 1674 φεύ-

140 1710 261 1759 γειν
285 1695 391 1764 τὴν
430 1696 761 1761 πλεονεξίαν
805 1717 822 1749 ι
862 1700 1019 1761 ’Ἢτις
1074 1700 1219 1751 ἐστὶν
1266 1698 1697 1768 είδωλολατρεία,

142 1785 208 1836 δι’
237 1781 308 1856 ἦς
364 1788 659 1856 ἐπέρχεται
708 1791 740 1860 ή
782 1790 920 1860 ὀργὴ
951 1790 1044 1843 τοῦ
1088 1790 1222 1843 Θεοῦ
1270 1792 1361 1842 ἐπὶ
1391 1791 1516 1852 τοὺς
1550 1790 1701 1850 υἱοὺς

140 1877 239 1938 τῆς
289 1879 568 1941 ἀπιστίας.
607 1898 624 1928 ι
661 1882 838 1934 Καλὸν
879 1881 970 1933 οὖν
1014 1886 1161 1934 ἐστιν
1206 1881 1505 1951 ἀπορρῖψαι
1533 1880 1592 1931 τὸ
1639 1881 1701 1930 ὲκ
1734 1858 1773 1914 Β

143 1969 236 2022 τοῦ
274 1970 512 2022 πλούτου
547 1973 829 2040 ἀλόγιστον
854 1974 1136 2042 καύχημα,
1160 1973 1256 2034 τὰς
1281 1972 1486 2034 οἰκείας
1518 1971 1703 2023 ἐπιθυ-

147 2059 274 2124 μίας
331 2063 646 2131 μισήσαντα
679 2080 693 2094 ’
730 2065 866 2133 ὅπερ
914 2065 1060 2116 ἐστὶν
1108 2068 1333 2132 μισῆσαι
1369 2063 1465 2132 τήν
1507 2059 1702 2114 ἑαυτοῦ

143 2148 344 2218 ψυχὴν,
383 2153 478 2203 καὶ
530 2153 936 2223 ἀποκτήσασθαι
983 2156 1159 2206 πάντα
1203 2154 1387 2205 ἕνεκεν
1414 2154 1512 2221 τῆς
1546 2153 1703 2221 δόξης

143 2239 236 2290 τοῦ
265 2241 602 2308 Εὐαγγελίου
632 2243 722 2294 τοῦ
746 2243 903 2297 Θεοῦ.
947 2244 1006 2296 Ὀ
1037 2242 1144 2311 γὰρ
1168 2243 1335 2312 αἴρων
1365 2243 1462 2311 τὴν
1493 2241 1704 2292 ἔννοιαν

144 2331 308 2382 αὐτοῦ
337 2332 448 2382 ἀπὸ
475 2333 652 2401 πάσης
676 2335 1011 2400 πλεονεξίας,
1039 2334 1257 2387 δύναται
1285 2335 1412 2386 ἰδεῖν
1445 2332 1544 2395 τὰς
1574 2332 1704 2400 μεθ-

146 2423 290 2484 οδίας
338 2423 436 2474 τοῦ
481 2425 747 2478 διαϐόλου.
786 2427 956 2478 Ὀταν
1020 2426 1127 2496 γὰρ
1163 2425 1354 2496 ἐξέλθῃ
1375 2424 1416 2494 ίὸ
1446 2422 1568 2486 νοῦς
1597 2423 1706 2476 τῶν

148 2515 486 2583 σωματικῶν
534 2517 830 2585 φροντίδων
854 2555 869 2579 ,
909 2518 1093 2587 βλέπει
1124 2518 1266 2571 κατὰ
1289 2517 1579 2583 ἀναλογίαν
1609 2516 1705 2576 τὰς

148 2610 490 2679 πανουργίας
535 2611 642 2662 τῶν
674 2609 901 2680 ὲχορῶν.
937 2613 1105 2681 Φησὶν
1135 2610 1190 2662 δὲ
1221 2610 1315 2663 καὶ
1342 2612 1369 2662 ὁ
1399 2612 1705 2678 Παροιμιαε

149 2702 300 2766 στής·
336 2719 354 2751 ι
400 2703 513 2753 Οὐκ
535 2701 904 2770 ὠφελήσουσιν
931 2701 1194 2771 θησαυροὶ⁸
1219 2702 1446 2771 ἀνόμους
1467 2717 1478 2728 ·
1505 2701 1710 2752 δικαιο-

150 2789 282 2855 σύνη
332 2791 394 2843 δὲ
450 2792 514 2843 ὲκ
557 2791 786 2844 θανάτου
835 2790 1085 2862 ῥύεται.»
1120 2791 1247 2843 Καί·
1279 2808 1298 2841 ι
1336 2787 1708 2858 Λίρετώτερον

95 2923 105 2926 -
150 2880 319 2950 δνομα
372 2882 555 2945 καλὸν,
590 2883 623 2950 ἦ
657 2883 885 2945 πλοῦτος
927 2881 1132 2944 πολύς·
1165 2883 1304 2951 ὑπὲρ
1344 2881 1400 2934 δὲ
1445 2879 1707 2948 ἀργύριον

152 2975 244 3025 καὶ
303 2977 554 3043 χρυσίον,
577 2975 736 3044 χάρις
784 2975 984 3045 ἀγαθή.
1027 2995 1047 3027 ι
1083 3003 1153 3017 ~—
1182 2993 1200 3026 ι
1241 2973 1302 3028 ’0
1361 2973 1417 3025 δὲ
1471 2972 1710 3040 συνέχων

155 3068 319 3124 σῖτον.
349 3066 702 3119 ἀπολείποιτο
749 3067 909 3119 αὐτὸν
965 3069 1078 3130 τοῖς
1120 3066 1346 3118 ἔθνεσιν.
1375 3082 1393 3114 ι
1427 3062 1556 3116 Καί·
1590 3082 1607 3112 ι
1652 3063 1708 3114 '0

153 3158 491 3225 τιμιουλκῶν
543 3160 709 3221 σῖτον,
743 3158 1186 3228 δημοκατάρατος
1211 3173 1224 3187 ·
1275 3156 1494 3224 εὐλογία
1530 3156 1586 3209 δὲ
1618 3155 1709 3208 ἐπὶ

155 3249 250 3318 τὴν
281 3249 532 3317 κεφαλὴν
563 3248 657 3301 τοῦ
708 3250 1099 3317 μεταδιδόντος.
1138 3269 1156 3298 ι
1194 3249 1325 3308 Καὶ,
1360 3267 1378 3298 ι
1429 3248 1486 3298 ’0
1516 3264 1709 3300 πεποι-

156 3338 260 3400 θὼς
282 3340 381 3390 ἐπὶ
407 3339 622 3409 πλούτῳ
646 3342 831 3402 αὐτοῦ.
861 3344 1103 3394 πεσεῖται
1124 3359 1138 3372 ·
1169 3343 1198 3394 ὁ
1222 3341 1278 3393 δὲ
1311 3339 1702 3408 ἀντιλαμϐανό-

159 3446 316 3497 μενος
378 3430 620 3496 δικαίων,
674 3426 828 3495 οὗτος
884 3431 1189 3487 ἀνατέλλει,
1230 3451 1250 3484 ι
1291 3431 1348 3484 '0
1395 3432 1453 3484 δὲ
1508 3432 1710 3500 Κύριος

159 3521 291 3588 φησὶ
345 3521 480 3590 περὶ
533 3521 626 3574 τοῦ
680 3522 1003 3591 βουλομένου
1053 3523 1150 3584 τὰς
1198 3519 1390 3574 ἑαυτοῦ
1431 3521 1715 3590 ἀποθήκας

160 3610 430 3675 καθελεῖν,
455 3613 549 3664 καὶ
579 3613 829 3682 μείζονας
854 3612 1206 3681 οἰκοδομῆσαι
1229 3629 1241 3640 ⁸
1277 3630 1295 3662 ι
1327 3613 1571 3680 Ἄφρων,
1594 3611 1718 3662 ταύ-

161 3717 224 3771 τῃ
275 3705 342 3771 τῇ
377 3704 557 3767 νυκτὶ,
579 3706 629 3756 oi
677 3704 893 3770 ἄγγελοι
941 3703 1042 3774 τὴν
1090 3704 1268 3774 ψυχήν
1321 3720 1413 3754 σου
1455 3703 1714 3755 ἀπαιτοῦ-

165 3809 247 3845 σιν
301 3793 412 3846 ἀπὸ
449 3795 543 3847 σοῦ
572 3811 584 3822 ·
617 3794 652 3848 ἃ
693 3795 750 3847 δὲ
790 3795 1122 3864 ἡτοίμασας,
1156 3795 1262 3847 τίνι
1313 3795 1502 3857 ἔσταις
1550 3813 1569 3845 ι
1605 3797 1715 3847 Καὶ

165 3884 378 3952 ἐπάγει·
418 3905 437 3936 ι
475 3885 660 3949 Οὕτως
705 3889 812 3949 πᾶς
855 3889 883 3939 ό
921 3886 1264 3956 θησαυρίζων
1299 3887 1355 3938 ὲν
1384 3884 1587 3954 ἐαυτῷ,
1618 3887 1715 3938 καὶ

169 3976 240 4044 μὴ
269 3979 350 4037 είς
388 3977 523 4030 Θεὸν
552 3977 814 4031 πλουτῶν.
850 3998 870 4028 ι
897 3977 1055 4047 Αὐτῷ
1082 3979 1116 4046 ή
1141 3977 1268 4042 δόξα
1301 3977 1382 4039 είς
1427 3976 1552 4039 τοὺς
1581 3976 1715 4029 αίῶ-

166 4083 260 4130 νας
287 4068 400 4121 τῶν
429 4069 660 4122 αἰώνων.
704 4070 897 4138 Ἀμήν.

1794 607 2022 673 cupiens
2048 605 2237 658 morbo
2264 605 2350 657 isti
2380 605 2697 674 cupiditatis
2730 605 3007 657 immensa:
3043 606 3186 657 ferre
3221 623 3335 658 me-

1793 699 1992 760 delam,
2022 715 2116 766 per
2146 697 2441 767 Epistolam
2475 697 2610 750 dicit
2644 715 2655 747 :
2696 717 2712 746 ι
2744 697 2898 765 Agite
2927 712 3092 755 nunc,
3118 696 3336 760 divites,

1792 789 2002 858 plorate
2063 790 2335 841 ululantes
2391 802 2556 854 super
2605 788 2843 844 miseriis
2873 805 2993 855 qum
3039 787 3341 840 advenient

1795 881 1954 933 vobis
1994 898 2006 933 :
2039 881 2240 934 divitia:
2273 887 2469 932 vestra:
2495 880 2809 947 putrefaclze
2839 890 2985 941 sunt,
3015 880 3340 933 vestimenta

1793 983 1975 1027 vestra
2009 990 2039 1026 a
2091 975 2232 1026 tinea
2264 980 2504 1025 comesta
2559 983 2686 1025 sunt
2710 974 2774 1025 °°.
2816 994 2833 1019 ι
2865 972 3024 1024 Tales
3074 982 3129 1025 et
3175 971 3342 1026 David

1799 1063 2159 1132 perstringit:
2205 1083 2224 1114 ι
2255 1065 2642 1118 Verumtamen
2687 1064 2740 1115 in
2776 1062 3008 1131 imagine
3047 1063 3346 1130 pertransit

1797 1155 1983 1218 homo,
2006 1155 2099 1208 sed
2128 1154 2328 1208 frustra
2361 1153 2740 1215 conturbatur,
2771 1154 3098 1205 thesaurizat
3118 1162 3172 1206 et
3197 1154 3348 1220 igno-

1799 1254 1884 1300 rat
1910 1245 1997 1298 cui
2025 1244 2379 1313 congregabit
2406 1259 2469 1296 ea
2500 1243 2564 1294 ⁶¹.
2605 1261 2622 1292 ι
2660 1241 2752 1294 Isti
2784 1243 2929 1294 enim
2965 1243 3347 1296 thesaurorum

1798 1343 2151 1403 congcstorcs
2172 1334 2373 1386 frustra
2403 1332 2625 1385 sudasse
2657 1332 3090 1399 comperiuntur,
3120 1348 3220 1385 nec
3243 1332 3347 1385 sibi

1801 1441 2061 1493 unquam,
2092 1425 2186 1479 sed
2215 1424 2335 1478 aliis
2365 1424 2664 1477 laborasse.
2694 1440 2710 1470 ι
2738 1422 2840 1488 Qui
2871 1425 3019 1476 enim
3053 1423 3244 1477 volunt
3273 1423 3354 1476 di-

1795 1517 1938 1570 vites
1961 1516 2100 1574 Iieri.
2136 1517 2383 1570 incidunt
2408 1516 2460 1568 in
2487 1514 2838 1569 tentationem
2873 1524 2928 1569 ct
2961 1515 3214 1583 laqueum
3243 1516 3330 1569 dia

1801 1609 1966 1662 boli"
1989 1627 2001 1660 :
2031 1628 2047 1659 ι
2073 1625 2333 1676 suamque
2360 1618 2418 1661 ut
2439 1606 2731 1676 plurimum
2753 1608 3109 1675 experiuntur
3136 1607 3351 1660 tandem

1799 1699 2184 1767 cupiditatem,
2213 1700 2536 1752 inammnam
2564 1718 2683 1756 esse
2705 1711 2865 1768 atque
2894 1699 3297 1768 dispendiosam
3335 1716 3350 1753 :

1802 1807 1922 1858 qu.c
1941 1793 2159 1859 ctjuxta
2183 1790 2501 1858 Apostolutn
2521 1792 2789 1859 demergit
2814 1790 3063 1844 homines
3091 1790 3144 1842 in
3167 1791 3352 1857 perni—

1802 1881 1941 1935 ciem
1992 1896 2055 1934 ac
2116 1880 2505 1948 perditionem.
2558 1880 2721 1934 Jubet
2754 1895 2969 1931 rursum
3003 1880 3067 1940 is,
3100 1881 3266 1930 multa
3294 1888 3353 1932 ut

1801 1973 2292 2040 circumspectione
2317 1972 2556 2024 vitemus
2577 1971 2907 2039 superﬂuam
2933 1970 3074 2022 hanc
3103 1985 3203 2022 nec
3229 1969 3355 2022 ullis

1804 2065 2004 2118 finibus
2029 2064 2499 2132 circumscriptam
2525 2063 2810 2115 avaritiam
2847 2080 2859 2115 :
2898 2082 2914 2110 ι
2957 2061 3087 2124 Qua:
3120 2068 3204 2111 est
3241 2059 3358 2112 ido—

1803 2156 1982 2208 lorum
2044 2156 2244 2217 cultus,
2274 2171 2369 2223 per
2423 2170 2585 2222 quam
2646 2155 2799 2206 venit
2846 2154 2924 2206 ira
2978 2153 3074 2206 Dei
3117 2153 3170 2204 in
3219 2151 3357 2204 ﬁlios

1805 2246 2119 2301 diﬂidcntia:
2151 2247 2215 2297 ⁸³.
2257 2265 2274 2296 ι
2317 2246 2457 2299 Sane
2499 2261 2660 2314 quam
2712 2245 2970 2298 decormn
3020 2244 3111 2305 sit,
3148 2253 3207 2296 ut
3258 2259 3357 2296 ex-

1805 2347 2004 2407 puncta
2035 2337 2216 2390 animo
2244 2338 2502 2405 jactantia
2529 2338 2663 2390 citra
2704 2340 2966 2390 rationem
2994 2336 3159 2388 ullam
3192 2334 3358 2403 proli-

1805 2427 2041 2479 ciscente
2063 2440 2126 2477 ex
2149 2425 2374 2486 divitiis,
2400 2425 2584 2478 oderis
2612 2425 2834 2493 insuper
2859 2424 3127 2477 incentiva
3157 2425 3362 2492 quzevis

1805 2516 2039 2587 propria:
2068 2515 2530 2583 concupiscentia:
2563 2533 2574 2567 :
2610 2515 2662 2568 id
2694 2515 2839 2583 quod
2885 2523 2988 2578 est,
3024 2515 3205 2568 odisse
3238 2515 3358 2567 ani-

1808 2623 1949 2659 mam
1971 2623 2146 2667 suam,
2177 2615 2231 2658 et
2253 2624 2281 2658 a
2304 2622 2361 2659 se
2385 2607 2689 2660 excussisse
2712 2622 2874 2658 onme
2901 2622 3058 2658 suum
3089 2607 3361 2674 peculium

1808 2712 1907 2766 pro
1950 2697 2121 2766 gloria
2178 2695 2456 2762 Evangelii
2506 2694 2622 2746 Dei.
2662 2693 2871 2762 1046
2922 2693 3179 2760 Quisquis
3214 2693 3360 2744 enim

1809 2783 2200 2851 cogitationem
2226 2781 2474 2834 funditus
2509 2781 2769 2834 amolitur
2806 2790 2862 2833 ct
2884 2790 3076 2834 avocat
3106 2781 3173 2834 ab
3215 2781 3363 2833 omni

1811 2885 2214 2938 supervacanea
2267 2870 2588 2937 cupiditate,
2637 2870 2681 2922 is
2728 2885 2836 2921 non
2893 2885 3086 2936 magno
3147 2869 3365 2936 negotio

1811 2962 2171 3031 deprehendit
2208 2962 2503 3014 insidiosas
2533 2961 2733 3014 diaboli
2762 2961 3002 3029 pedicas.
3041 2961 3188 3013 Mens
3218 2962 3365 3014 enim

1811 3070 2137 3134 simulatque
2165 3084 2192 3120 a
2231 3083 2287 3120 se
2315 3066 2528 3135 depulit
2561 3066 2748 3119 anxias
2777 3065 3024 3133 corporis
3056 3082 3236 3129 curas,
3271 3081 3366 3117 ve-

1813 3159 2099 3215 tcratorias
2149 3159 2270 3212 illas
2314 3173 2379 3210 ac
2424 3158 2647 3211 fallaces
2684 3158 2967 3211 machinas
3000 3157 3365 3218 inimicorum,

1813 3269 1911 3322 pro
1951 3251 2159 3304 ratione
2188 3250 2384 3303 virium
2420 3264 2554 3317 quas
2584 3251 2776 3303 sortita
2817 3259 2921 3312 est,
2959 3251 3249 3319 perspicue
3283 3249 3368 3302 vi-

1811 3343 1921 3396 det.
1957 3342 2044 3394 Ait
2085 3340 2332 3408 'proinde
2384 3341 2801 3394 Parmmiastes:
2837 3361 2855 3391 ι
2890 3342 3008 3395 Non
3061 3343 3370 3409 proderunt

1815 3434 2058 3488 thesauri
2079 3433 2284 3501 iniquis
2309 3433 2556 3500 ;justitia
2579 3442 2762 3486 autem
2788 3450 2816 3487 a
2849 3443 3024 3488 morte
3045 3435 3244 3488 liberat
3266 3435 3363 3486 ⁸⁸.»

1817 3526 1886 3579 Et
1919 3543 1931 3579 :
1969 3544 1987 3575 ι
2030 3524 2223 3577 Melius
2278 3533 2363 3577 est
2417 3539 2615 3576 nomen
2678 3523 2880 3577 bonum
2940 3541 3101 3593 quam
3160 3525 3366 3578 divitia:

1816 3617 2020 3677 multaa,
2054 3631 2217 3683 super
2247 3623 2532 3682 argentum
2561 3622 2616 3667 et
2649 3630 2844 3668 aurum
2872 3615 3042 3684 gratia
3076 3616 3217 3668 bona
3249 3616 3316 3667 ⁸⁸.
3345 3633 3363 3664 ι

1815 3707 1974 3761 Ει;«
2015 3705 2314 3760 Continens
2402 3705 2737 3759 frumentum
2818 3706 3164 3774 derelinqnet
3238 3706 3369 3773 ipsis

1816 3798 2067 3864 gentibus
2096 3798 2158 3849 ⁸⁸.
2217 3816 2234 3846 ι
2298 3796 2403 3850 Et:
2441 3816 2458 3844 ι
2498 3796 2600 3861 Qui
2648 3797 2919 3864 apprctiat
2999 3797 3368 3859 frumentum,

1820 3886 2151 3938 maledictus
2177 3884 2231 3937 in
2263 3885 2507 3953 populis;
2554 3885 2870 3938 benedictio
2897 3887 2941 3917 ⁸⁷
2989 3895 3170 3939 autem
3209 3901 3372 3954 super

1817 3975 2373 4044 caputdispertientis
2389 3977 2454 4028 ⁵⁸.
2481 3994 2498 4026 ι
2526 3975 2621 4028 Ει;
2653 3994 2670 4025 ι
2699 3976 2802 4040 Qui
2825 3974 3052 4030 conlidit
3071 3975 3369 4038 indivitiis,

1818 4074 2064 4130 corruet,
2089 4067 2183 4134 qui
2212 4075 2397 4119 autem
2445 4065 2678 4134 benigne
2723 4066 2995 4120 succurrit
3035 4066 3218 4134 justis,
3246 4080 3374 4117 exo-

169 4157 338 4213 rietur
372 4160 439 4213 ⁶³.
484 4177 503 4210 ι
535 4160 797 4213 Dominus
821 4160 974 4223 item,
1013 4159 1080 4212 de
1104 4173 1171 4212 eo
1204 4156 1300 4226 qui
1323 4156 1467 4225 apud
1526 4172 1584 4211 se
1645 4158 2008 4212 constituerat
2053 4173 2179 4211 suas
2220 4156 2475 4210 demoliri
2536 4172 2600 4210 ac
2633 4156 2750 4211 solo
2796 4157 3084 4228 adxequare
3141 4157 3372 4227 apothe-

168 4263 278 4312 cas,
309 4248 458 4316 quod
484 4250 826 4317 angustiores
853 4249 1191 4310 viderentur,
1229 4247 1446 4314 illisque
1509 4247 1843 4304 exaediﬁcare
1893 4249 2248 4317 capaciores:
2286 4267 2303 4297 ι
2341 4246 2516 4301 Stulte
2551 4288 2564 4311 ,
2633 4248 2748 4313 ait,

2820 4249 2921 4302 hac
2975 4257 3135 4302 nocte
3195 4247 3372 4316 angeli

169 4341 265 4392 abs
303 4350 356 4394 te
391 4348 644 4408 repetent
685 4340 923 4394 animam
951 4350 1139 4403 tuam;
1172 4354 1295 4407 qua:
1357 4348 1540 4393 autem
1598 4344 1951 4410 praeparasti,
1980 4343 2136 4410 cujus
2199 4349 2362 4394 erunt
2387 4342 2478 4394 "?
2516 4361 2532 4391 ι
2568 4342 2821 4395 Indueit:
2859 4361 2876 4392 ι
2919 4341 3010 4396 Sic
3057 4342 3234 4396 omnis
3276 4340 3372 4410 qui

175 4429 268 4483 tibi
301 4429 405 4498 ipsi
436 4428 786 4491 thesaurizat,
810 4443 919 4482 non
945 4429 1074 4482 item
1099 4425 1244 4495 apud
1268 4425 1441 4480 Deum
1470 4430 1716 4485 recondit
1752 4432 1973 4486 divitias
2003 4432 2071 4484 '°.
2108 4450 2127 4482 ι
2159 4429 2266 4500 Ipsi
2287 4431 2459 4500 gloria
2481 4430 2538 4483 in
2573 4431 2790 4484 saecula.
2826 4430 3021 4485 Amen.

757 4541 976 4593 ΛΟΓΟΣ
1005 4541 1099 4594 ΙΔ’.

624 4653 763 4720 Περὶ
817 4657 1261 4725 περισπασμοῦ.

239 4765 372 4836 Περὶ
413 4763 507 4817 τοῦ
532 4765 934 4836 περισπασμοῦ,
973 4768 1273 4837 ἀναφανδὸν
1303 4772 1543 4826 διδάσκει
1568 4770 1717 4840 ἡμᾶς

179 4860 206 4910 ὁ
247 4857 679 4927 Ἐκκλησιαστής
733 4857 946 4920 οὕτως’
1002 4877 1020 4909 ι
1062 4862 1279 4916 Ἐδωκα
1339 4865 1436 4933 τὴν
1493 4862 1717 4934 καρδίαν

181 4965 278 5016 μου
321 4947 418 5000 τοῦ
472 4949 771 5017 ἐκζητήσαι
822 4949 916 5004 καὶ
962 4949 1053 5003 τοῦ
1096 4954 1541 5022 κατασκέψασθαι
1570 4956 1627 5006 ἐν
1654 4954 1722 5024 τῇ

181 5041 340 5110 σοφίᾳ
398 5041 528 5109 περὶ
557 5041 770 5094 πάντων
800 5039 909 5093 τῶν
936 5043 1241 5112 γενομένων
1277 5046 1382 5099 ὑπὸ
1418 5046 1509 5099 τὸν
1552 5045 1722 5115 ἥλιον,

179 5127 258 5179 ὅτι
295 5128 677 5198 περισπασμδν
731 5129 965 5198 πονηρὸν
1000 5131 1197 5184 ἔδωκεν
1235 5136 1262 5186 ό
1286 5135 1414 5198 Θεὸς
1445 5138 1555 5197 τοῖς
1589 5136 1725 5198 υίοῖς

182 5217 286 5269 τῶν
345 5218 672 5288 ἀνθρώπων,
705 5220 765 5271 τὸ
799 5221 1168 5288 περισπᾶσθαι
1224 5226 1280 5276 ὲν
1343 5227 1510 5296 αύτῷ.
1556 5248 1572 5275 ι
1608 5226 1722 5278 Καὶ

185 5309 298 5374 μετ’
334 5309 527 5376 ὀλίγα⁶
561 5328 580 5359 ι
620 5310 726 5363 Καὶ
757 5310 1028 5380 ἐπέϐλεψα
1054 5311 1162 5379 ἐγὼ
1192 5313 1250 5368 ἐν
1278 5317 1440 5369 πᾶσιν
1483 5317 1722 5385 ποιήμα-

183 5399 263 5452 σίν
294 5416 414 5469 μου,
443 5396 524 5463 οἷς
567 5401 828 5470 ἐποίησαν
855 5403 912 5452 αί
954 5403 1136 5472 χεῖρές
1166 5422 1289 5472 μου,
1315 5408 1409 5459 καὶ
1446 5409 1502 5458 ὲν
1539 5406 1722 5477 μόχθῳ

183 5480 224 5554 ᾧ
251 5488 532 5560 ἐμόχθησα
558 5487 652 5542 τοῦ
699 5494 894 5556 ποιεῖν,
935 5491 1030 5544 καὶ
1064 5492 1172 5546 ίδοὺ
1197 5495 1264 5547 τὰ
1293 5495 1471 5548 πάντα
1499 5496 1728 5564 ματαιό-

2364 4542 2649 4597 HOMILIA
2690 4543 2829 4598 XIV.

1925 4657 2002 4710 De
2026 4658 2380 4720 distractione,
2407 4655 2563 4716 alias,
2588 4657 2887 4726 importuna
2912 4657 3265 4727 occupatione.

1891 4767 1959 4821 Et
1983 4768 2199 4836 quidem
2233 4767 2299 4820 de
2330 4766 2682 4820 distractione
2727 4767 3033 4820 luculenter
3076 4767 3368 4822 admodum

1821 4858 1980 4912 docet
2042 4875 2142 4912 nos
2197 4858 2553 4912 Ecclesiastes
2590 4896 2604 4920 ,
2657 4857 2806 4910 hisce
2859 4857 3043 4910 verbis
3094 4873 3108 4910 :
3177 4877 3195 4906 ‹
3235 4857 3369 4912 Dedi

1826 4965 1919 5004 cor
1949 4965 2128 5003 meum
2169 4949 2588 5018 utexquirerem
2627 4957 2681 5002 ct
2725 4948 3126 5003 considerarem
3158 4947 3378 5016 sapien-

1827 5051 1910 5095 ter
1961 5041 2028 5095 de
2075 5041 2329 5094 omnibus
2382 5056 2503 5109 qua:
2557 5041 2693 5094 fiunt
2749 5041 2848 5095 sub
2900 5041 3052 5102 sole,
3093 5041 3219 5108 quia
3277 5055 3374 5093 oc-

1827 5132 2169 5200 cupationem
2208 5131 2402 5185 malam
2450 5131 2600 5184 dedit
2655 5133 2798 5186 Deus
2848 5133 2974 5186 ﬁliis
3005 5133 3286 5185 hominum
3315 5141 3373 5184 ut

1827 5231 2226 5291 occuparentur
2261 5223 2315 5276 in
2339 5239 2400 5276 ea
2429 5225 2528 5276 “.i
2564 5225 2689 5277 Post
2723 5240 2894 5293 pauca
2924 5243 2935 5277 :
2969 5244 2986 5274 ι
3019 5223 3085 5276 Ει
3128 5224 3239 5277 vidi
3271 5239 3372 5290 ego

1830 5315 1883 5370 in
1936 5316 2188 5368 omnibus
2236 5314 2494 5383 operibus
2538 5316 2675 5369 meis
2729 5332 2847 5384 qum
2893 5315 3142 5368 fecerunt
3184 5330 3376 5367 manus

1831 5421 1981 5465 mem,
2007 5413 2062 5456 et
2107 5406 2164 5457 in
2211 5405 2396 5457 labore
2433 5419 2541 5472 quo
2566 5404 2756 5457 sudavi
2789 5413 2847 5457 ut
2882 5404 3137 5463 facerem.
3170 5411 3225 5455 et
3246 5417 3374 5456 ecce

1831 5495 2084 5548 universa
2114 5494 2322 5547 vanitas
2359 5493 2426 5544 ".
2461 5513 2478 5542 ι
2521 5493 2769 5546 Rursus:
2803 5511 2820 5542 ι
2860 5494 2998 5546 Ante
3045 5492 3234 5545 faciem
3274 5491 3374 5544 ho-

252 5643 294 5673 ”
321 5643 479 5697 Prov.
519 5661 685 5710 xxvn,
707 5645 792 5698 20.
874 5647 920 5678 “
939 5645 1050 5701 Jac.
1078 5663 1133 5710 v,
1182 5648 1232 5708 I.
1263 5648 1315 5701 2.
1394 5648 1434 5678 ⁶¹
1456 5647 1596 5702 Psal.
1629 5662 1848 5708 xxxviii,
1877 5648 1928 5701 7.
2003 5648 2046 5678 "
2070 5647 2088 5699 I
2115 5646 2250 5700 Tim.
2283 5661 2355 5709 vt,
2380 5645 2436 5699 9.
2503 5646 2548 5677 “
2579 5645 2845 5712 Ephcs.v,
2869 5644 2920 5698 6.
2992 5644 3037 5674 “
3070 5645 3370 5700 I'rov.x.‘.3.

188 5709 231 5780 ξ’
255 5713 409 5766 Prov.
435 5730 568 5778 χιιι,
595 5715 644 5768 I.
672 5709 678 5710 ί
709 5716 755 5749 ⁸⁸
776 5717 936 5772 Prov.
969 5733 1021 5780 ι,
1046 5718 1135 5772 26.
1213 5719 1255 5750 ⁸⁷
1281 5716 1419 5774 Ibid.

189 5779 235 5814 ⁷⁸
272 5783 405 5837 Ibid.
442 5783 525 5837 Η.

1520 5720 1562 5749 ⁸⁸⁸
1592 5717 1730 5771 Ibid.
1765 5717 1853 5771 28.

1965 5717 2008 5748 ⁸³
2044 5717 2175 5770 Luc.
2204 5733 2298 5781 xu,
2326 5717 2414 5769 20.
2489 5716 2534 5747 "°
2560 5711 2696 5770 Ibid.
2728 5715 2817 5769 2|.
2919 5715 2956 5747 "
2993 5713 3247 5778 Ecclc.l,
3283 5711 3368 5767 13.
