4462 6440
327 408 460 472 1ίῖῗῖ

1090 408 1413 467 lIOMILIA
1453 409 1657 467 XV.-
1689 405 1785 465 DE
1823 403 1975 464 NON
2020 404 2433 467 DlLlGEN‘DO
2472 406 2761 467 MUNDO.

3395 406 3531 470 1474

321 527 415 576 καὶ
450 527 615 591 ἡμεῖς
659 523 968 591 ἀφορῶντες
1006 523 1084 585 είς
1133 524 1256 585 τοὺς
1300 522 1634 590 θαυμασίους
1679 520 1876 588 ἄνδρας
1906 524 1947 577 Α
1976 518 2083 570 don

1765 523 1876 588 ἱρας
1906 524 1947 577 Α
1976 517 2252 572 domicilia
2285 523 2766 590 transcripserunt,
2794 521 2886 589 qui
2911 528 2969 574 et
3009 538 3027 571 ι
3058 521 3451 580 circumierunt
3474 528 3527 580 iu

322 620 433 679 τοῖς
478 618 681 684 ἴχνεσιν
723 615 900 667 αὐτῶν
936 614 1481 685 ἐπακολουθήσωμεν,
1522 616 1657 685 πρὸς
1714 614 1878 685 μηδὲν

322 710 513 777 ἕτερον
551 706 859 775 βλέποντες,
901 707 975 779 μὴ
1010 709 1143 780 πρὸς
1172 708 1330 772 δόξαν
1363 707 1730 775 ἀνθρωπίνην,
1758 705 1879 775 μηδ’

322 800 460 860 ὅλως
484 801 555 853 τά
579 798 673 851 τοῦ
707 798 899 859 αἰῶνος
928 798 1138 863 τούτου,
1173 799 1258 851 ἵνα
1308 801 1676 868 ὲξισχύσωμεν
1714 814 1883 849 κατα-

324 889 509 942 λαϐεῖν
536 892 634 943 σὺν
653 891 836 952 αὐτοῖς
863 890 931 942 τά
961 890 1341 960 ἡτοιμασμένη.
1363 895 1473 952 τοίς
1499 908 1517 940 ι
1553 888 1840 956 ἀγαπῶσιν
1861 906 1877 936 ι

324 984 415 1035 τὸν
430 983 569 1035 θεὸν
603 982 801 1050 ἀγαθά.
816 982 1083 1052 Φύγωμεν
1106 980 1221 1043 οὖν,
1244 986 1535 1053 ἀγαπητοὶ,
1570 982 1659 1033 τὸν
1685 982 1885 1048 κόσμον

327 1075 420 1125 καὶ
454 1075 523 1127 τά
577 1077 635 1126 ὲν
668 1073 746 1145 τῷ
776 1075 982 1145 κόσμῳ,
1020 1094 1039 1125 ι
1086 1073 1143 1127 ’0
1176 1076 1283 1143 γὰρ
1331 1074 1533 1142 κόσμος
1563 1074 1682 1134 ὅλος
1721 1072 1778 1124 ἐν
1812 1070 1886 1141 τῷ

328 1165 556 1237 πονηρῷ
616 1169 812 1228 κεῖται,
849 1186 869 1218 ι
903 1166 1088 1228 καθὼς
1108 1168 1136 1219 ό
1161 1165 1300 1227 Oete;
1339 1166 1656 1232 ἀπεφήνατο
1684 1163 1837 1229 λόγος
1869 1179 1883 1192 ⁸

326 1256 473 1328 ψυχὴ
502 1258 615 1328 γάρ
646 1258 724 1328 μὴ
756 1258 864 1310 τῶν
889 1258 1169 1327 κοσμικῶν
1196 1257 1571 1324 ἀπαλλαγεῖσα
1594 1257 1889 1326 φροντίδων

328 1351 451 1403 οὔτε
484 1351 579 1403 τὸν
612 1350 744 1405 Θεὸν
773 1353 1048 1419 ἀγαπήσει
1080 1351 1351 1421 γνησίως,
1376 1349 1497 1402 οὒτε
1531 1350 1619 1403 τὸν
1647 1349 1889 1402 διάϐολον

331 1438 644 1507 βδελύξεται
676 1441 861 1504 ἀξίως
898 1441 1158 1511 κάλυμμα
1181 1441 1289 1510 γάρ
1322 1440 1469 1503 ἅπαξ
1498 1441 1607 1508 ἔχει
1636 1439 1889 1509 φορτικὸν

330 1532 426 1602 τὴν
474 1533 747 1602 μέριμναν
799 1532 893 1584 τοῦ
940 1532 1078 1601 βίου.
1135 1533 1259 1585 Ἐάν
1284 1527 1377 1585 οὖν
1403 1532 1481 1593 εἰς
1510 1531 1623 1596 ἕξιν
1649 1530 1890 1599 ἔλθωμεν

330 1623 423 1675 τοῦ
456 1626 821 1693 καταφρονεῖν
849 1624 957 1676 τῶν
981 1627 1039 1676 ἐν
1063 1624 1140 1692 τῷ
1166 1625 1353 1694 κόσμῳ
1382 1623 1559 1676 καλῶν
1579 1665 1591 1679 .
1618 1621 1890 1691 δυνάμεθα

334 1715 425 1766 καὶ
472 1716 577 1783 τὴν
608 1716 785 1783 γεώδη
831 1716 928 1783 τῆς
959 1716 1133 1783 ψυχῆς
1174 1716 1352 1784 ὄρεξιν
1384 1719 1450 1783 τῇ
1488 1715 1675 1784 λογικῇ
1717 1714 1888 1781 αὐτῆς

336 1807 573 1876 συνάψαι
591 1808 847 1869 διαθέσει,
866 1809 963 1876 τῆς
981 1807 1262 1868 κοινωνίας
1283 1806 1377 1858 τοῦ
1400 1807 1557 1873 ἁγίου
1575 1806 1887 1874 Ilva-inata;

332 1898 488 1952 τοῦτο
534 1899 927 1968 οἱκονομούσης
977 1900 1131 1967 ἡμῖν.
1171 1899 1231 1950 Εἰ
1274 1898 1368 1950 οὖν
1401 1900 1493 1951 ὲπί
1527 1899 1681 1966 ξένης
1707 1916 1886 1949 κατοι-

335 1989 538 2059 κοῦμεν
559 2030 575 2052 ,
602 1992 693 2043 καὶ
723 1992 756 2058 ἡ
792 1990 944 2051 πόλις
977 1989 1134 2058 ἡμῶν
1165 1992 1380 2059 μακράν
1425 1990 1618 2057 ἀπέχει
1648 1992 1754 2042 ἀπὸ
1794 1994 1889 2059 τῆς

336 2082 542 2144 πόλεως
592 2080 795 2150 ταύτης
822 2120 837 2144 ,
867 2083 959 2132 καὶ
990 2081 1208 2149 οἴδαμεν
1246 2083 1343 2146 τὴν
1383 2082 1536 2135 πόλιν
1571 2083 1725 2150 ἡμῶν
1764 2085 1821 2134 ἐν

340 2172 609 2240 μέλλομεν
637 2175 910 2224 κατοικεῖν
927 2187 940 2201 ’
976 2172 1028 2223 τί
1054 2174 1134 2234 εἰς
1160 2173 1257 2241 τὴν
1284 2173 1567 2243 ἀλλοτρίαν
1611 2175 1893 2242 ἑτοιμάζο-

341 2280 437 2331 μεν
471 2264 686 2331 ἀγροὺς
732 2263 825 2315 καὶ
867 2264 1150 2335 οἰκοδομάς
1200 2267 1293 2316 καὶ
1341 2266 1617 2334 οἰκήματα
1666 2268 1891 2334 μάταια,

339 2355 425 2406 καὶ
443 2354 781 2422 παρατάξεις
816 2355 1163 2419 πολυτελεῖς;
1201 2357 1383 2409 Ταῦτα
1418 2353 1512 2410 οὖν
1536 2360 1564 2409 ὁ
1592 2358 1894 2425 ἑτοιμάζιιιν

340 2448 417 2508 εἰς
470 2445 762 2513 ἀλλοτρίαν
808 2446 960 2496 πόλιν
1001 2446 1158 2514 δῆλός
1202 2450 1369 2507 ἐστιν,
1395 2450 1476 2499 ὅτι
1520 2449 1580 2498 οὐ
1627 2449 1894 2518 προσδοκᾷ

341 2535 739 2603 ὲπανακάμψαι
765 2536 843 2595 εἰς
870 2535 969 2604 τὴν
1000 2536 1137 2587 ἰδίαν
1176 2537 1349 2598 πόλιν,
1381 2537 1652 2589 τουτέστιν
1687 2540 1767 2598 εἰς
1796 2538 1895 2605 τὴν

342 2626 450 2678 ἀνω
492 2624 872 2694 Ἰερουσαλήμ.
926 2625 984 2678 '0
1018 2626 1123 2695 γάρ
1151 2626 1405 2695 λογισμὸς
1441 2620 1617 2689 οὗτος,
1648 2628 1896 2697 ἀφρόνων

344 2718 435 2767 καὶ
452 2715 697 2785 διψύχων
715 2716 809 2768 καὶ
824 2714 1181 2783 ταλαιπώρων
1198 2714 1495 2783 ἀνθρώπιον
1521 2717 1686 2769 ἐστίν.
1700 2719 1775 2768 Οὐ
1792 2718 1896 2787 γὰρ

348 2807 516 2860 συνίει
542 2808 626 2859 ὅτι
650 2807 822 2859 ταῦτα
850 2807 1027 2860 πάντα
1050 2809 1306 2876 ἀλλότριά
1341 2810 1464 2871 εἰσι,
1498 2811 1589 2861 καὶ
1622 2811 1727 2861 ὑπὸ
1747 2810 1898 2874 ἐξου-

348 2898 461 2960 σίας
489 2899 683 2965 ἑτέρου
713 2898 820 2949 εἰσὶ
841 2936 855 2959 ,
892 2899 1136 2949 τουτέστι
1163 2898 1258 2951 τοῦ
1296 2898 1550 2967 ἄρχοντος
1576 2900 1671 2952 τοῦ
1704 2899 1898 2964 αἰῶνος

344 2992 553 3044 τούτου.
583 2989 701 3041 υύκ
719 2984 810 3041 οὖν
831 2988 1119 3056 ὀφείλομεν
1135 2989 1208 3050 ὡς
1238 2991 1328 3041 ἐπὶ
1343 2989 1496 3059 ξένης
1519 2989 1899 3053 κατοικοῦντες

349 3082 507 3151 μηδὲν
528 3081 693 3134 πλέον
707 3081 1017 3150 ἑτοιμάζειν
1040 3082 1270 3145 ἑαυτοῖς,
1285 3082 1333 3132 εἰ
1361 3082 1434 3149 μὴ
1452 3083 1549 3149 τὴν
1569 3082 1898 3152 αὐτάρκειαν

1979 612 2215 675 melotis,
2243 613 2297 667 in
2331 614 2565 682 pellibus
2591 613 2860 684 caprinis,
2890 623 3133 685 egentes.
3166 616 3349 670 alllicti
3381 618 3421 649 "
3457 635 3472 672 :
3506 638 3525 670 ι

1981 714 2040 756 ιιι
2069 704 2153 757 vcl
2195 705 2585 759 deliciarentnr
2617 722 2785 775 seque
2813 706 3152 760 oblectarent
3189 711 3532 777 contempla-

1984 796 2130 851 tione
2159 797 2347 851 mundi
2382 797 2542 851 istius
2571 800 2802 866 opilicis,
2831 799 2963 851 nulli
2997 816 3103 853 non
3133 801 3221 869 pio
3258 802 3398 854 votis
3420 818 3534 855 om-

1982 888 2146 941 nibus
2173 890 2485 959 expetendi,
2515 907 2692 960 eoque
2720 900 2775 945 ct
2806 908 2905 946 nos
2938 892 2990 945 in
3017 893 3366 949 admirabiles
3391 897 3535 951 viros

1982 979 2159 1034 oculis
2181 980 2347 1034 animi
2379 981 2592 1043 deﬁxis,
2630 994 2773 1037 recta
2820 984 3034 1039 illormn
3068 987 3308 1052 vestigiis
3354 990 3535 1056 ingre—

1984 1072 2219 1133 diantur,
2246 1073 2299 1126 in
2332 1075 2535 1128 nullam
2565 1093 2789 1145 prorsus
2818 1095 2929 1131 rem
2972 1080 3131 1132 aliam
3161 1080 3351 1132 attenti
3381 1098 3394 1137 :
3427 1097 3532 1133 non

1985 1161 2052 1214 ad
2108 1162 2389 1216 hominum
2429 1164 2497 1218 de
2540 1166 2698 1220 nobis
2744 1167 3191 1226 mstimationem,
3225 1182 3332 1220 non
3388 1166 3534 1219 aliud

1988 1250 2117 1306 item
2172 1254 2393 1323 quidvis
2441 1267 2814 1325 respectantes
2859 1258 3039 1311 saeculi
3079 1258 3283 1311 istius:
3317 1266 3375 1309 ut
3413 1273 3534 1310 cum

1990 1345 2120 1413 ipsis
2177 1347 2447 1415 possimus
2487 1349 2782 1416 aliquando
2832 1349 2989 1403 bonis
3022 1350 3131 1402 illis
3176 1350 3383 1417 perfrui
3419 1366 3539 1418 qua:

1988 1445 2176 1504 parata
2224 1448 2351 1490 sunt
2406 1456 2425 1487 ι
2466 1438 2796 1506 diligentibus
2848 1459 2866 1489 ι
2922 1441 3089 1492 lleum
3119 1440 3186 1491 ⁸¹.
3250 1440 3542 1508 Fugimuus

1992 1523 2171 1591 itaque
2225 1525 2487 1579 mundum
2519 1527 2996 1596 (charissimi)et
3047 1545 3169 1598 qua:
3226 1528 3277 1583 in
3337 1530 3541 1581 nmndo

1989 1622 2152 1667 sunt:
2199 1634 2216 1665 ι
2248 1615 2480 1669 Mundus
2521 1618 2667 1669 enim
2695 1618 2784 1670 hic
2813 1626 2956 1671 totus
2988 1618 3041 1672 in
3072 1619 3309 1687 maligno
3330 1619 3542 1688 positus

1990 1716 2073 1759 est
2095 1707 2161 1767 ³³,
2195 1727 2213 1757 ι
2256 1717 2419 1775 prout
2453 1708 2670 1763 divinus
2706 1710 3094 1778 prmnuutiavit
3120 1727 3319 1764 sermo.
3346 1712 3542 1766 Anima

1990 1796 2137 1848 enim
2168 1811 2288 1864 qum
2314 1796 2555 1850 nondum
2583 1814 2642 1851 se
2672 1800 2961 1852 cxtrieavit
3004 1800 3191 1854 mundi
3223 1802 3380 1857 istius
3417 1818 3543 1871 per-

1992 1886 2162 1954 plexis
2201 1890 2381 1945 curis.
2407 1897 2463 1941 et
2492 1888 2717 1941 liberam
2763 1889 2999 1944 reddidit
3035 1908 3046 1943 :
3076 1892 3245 1944 Deum
3288 1909 3543 1958 germane

1990 1994 2053 2031 ac
2080 1979 2367 2031 sinceriter
2396 1996 2502 2033 non
2537 1990 2716 2049 potest
2746 1981 2998 2050 diligere,
3027 1984 3120 2035 sed
3146 2001 3325 2050 neque
3353 1984 3545 2036 diabo-

1992 2070 2104 2122 lum
2163 2078 2325 2138 prout
2374 2083 2639 2136 meretur,
2694 2074 2877 2126 odisse
2935 2083 2991 2126 et
3041 2076 3335 2129 exsecrari.
3387 2076 3542 2137 Esto,

1992 2161 2233 2215 colorem
2284 2172 2582 2231 praetexere
2617 2165 3053 2234 qualemcunque
3084 2168 3255 2236 possit
3288 2169 3544 2221 tetrieum

1991 2262 2047 2307 et
2099 2271 2338 2321 gravem.
2399 2272 2596 2325 nempe
2648 2257 3075 2312 sollicitudinem
3142 2259 3358 2312 anxiam
3418 2263 3545 2313 vita:

1995 2345 2155 2398 istius
2184 2362 2195 2397 :
2235 2341 2446 2416 1048
2473 2362 2603 2400 sane
2631 2348 2673 2400 si
2702 2348 2960 2415 deinceps
2986 2366 3053 2403 eo
3079 2361 3356 2402 vertamus
3392 2368 3545 2404 men-

1996 2446 2124 2495 tem.
2161 2451 2218 2490 ut
2244 2455 2362 2506 qua:
2394 2440 2445 2491 in
2479 2441 2683 2492 mundo
2707 2440 2963 2493 videntur
2998 2441 3136 2494 bona
3167 2458 3545 2510 aspernemur,

1995 2544 2285 2597 possumus
2335 2529 2623 2583 uobiscum
2667 2530 3018 2600 dispensante
3074 2532 3278 2601 Spiritu
3335 2544 3547 2599 saneto,

1995 2621 2363 2689 appetentiam
2387 2621 2529 2675 hanc
2547 2623 2741 2676 animat
2762 2623 2828 2676 ad
2854 2632 3069 2679 terrena
3092 2626 3547 2694 propendentem,

1996 2712 2321 2764 concordem
2351 2712 2580 2765 reddere
2626 2714 2874 2767 rationali
2916 2714 3091 2783 ipsius
3127 2716 3367 2769 all‘eetui.
3396 2718 3548 2781 Quod

1998 2802 2062 2861 si.
2091 2813 2148 2855 ut
2174 2803 2435 2873 hospites,
2463 2804 2773 2858 habitamus
2794 2806 2900 2867 hic,
2921 2807 2964 2859 si
2989 2807 3184 2861 civitas
3216 2820 3401 2862 nostra
3436 2811 3552 2863 lon-

1996 2891 2145 2957 giore
2192 2892 2599 2961 intercapedine
2638 2895 2909 2960 disjuucta
2942 2906 3026 2949 est
3074 2907 3129 2949 et
3177 2898 3450 2966 disparata
3482 2902 3551 2953 ab

1999 2982 2099 3035 hac
2129 2998 2293 3050 quam
2328 2984 2644 3048 incolimus,
2668 2994 2723 3040 et
2765 2988 2923 3054 plane
2971 2990 3224 3043 novimus
3271 2990 3547 3046 civitatem

2000 3072 2145 3125 illam
2169 3089 2330 3139 quam
2356 3085 2505 3130 certo
2537 3077 2816 3132 credimus
2841 3094 2942 3132 nos
2965 3079 3387 3147 inhabitaturos,
3416 3084 3549 3151 quid

346 3172 438 3242 τὴν
458 3172 727 3243 ἀρκετήν.
746 3172 807 3223 Oi
840 3171 948 3239 γὰρ
973 3170 1295 3237 ἀγαπῶντες
1316 3170 1407 3222 τὸν
1438 3170 1646 3222 ἑαυτῶν
1671 3171 1891 3241 Κύριον,
1921 3188 1963 3243 C
1999 3165 2053 3217 ill
2104 3183 2108 3215 ὲ

1788 3189 1891 3234 κον,
1921 3188 1963 3243 C
1999 3165 2053 3217 in
2104 3165 2281 3218 aliena
2322 3181 2650 3235 apparamus
2680 3183 2861 3237 agros,
2888 3170 3348 3238 substructiones,
3377 3175 3550 3227 aedili-

347 3264 437 3317 καὶ
463 3263 682 3333 ἔχοντες
720 3261 879 3315 αὑτὸν
904 3262 990 3315 ἀεὶ
1021 3263 1078 3314 ὲν
1105 3263 1169 3329 τῆ
1202 3260 1412 3313 ἑαυτῶν
1441 3261 1656 3331 καρδία,
1690 3263 1749 3313 έν
1776 3266 1896 3324 ταῖς

348 3351 701 3421 ἐπαγγελίαις
757 3348 922 3404 αὑτοῦ
968 3349 1283 3401 πιστεύουσι
1344 3349 1439 3401 καλ⁸
1515 3350 1896 3420 καραδοκοῦσι.

348 3442 521 3499 Καλὸν
558 3439 656 3495 οὖν
683 3441 831 3494 ἔστιν
862 3440 982 3493 ἀντὶ
1026 3439 1135 3492 τῶν
1170 3441 1483 3509 κτισμάτων
1507 3449 1535 3488 1·
1562 3441 1655 3494 καὶ
1683 3443 1899 3512 χρημά-

348 3549 450 3585 των
496 3532 608 3585 τῶν
667 3530 909 3600 σήμερον
959 3526 1060 3597 μὲν
1104 3528 1407 3599 ἡμετέρων,
1443 3526 1631 3598 αὔριον
1660 3530 1719 3582 δὲ
1742 3530 1897 3583 ἀλλο.

351 3620 892 3693 τρίων,ὼνήσασθαι
946 3618 1123 3688 ψυχάς
1175 3618 1520 3688 θλιὸομένας,
1585 3621 1763 3685 καθώς
1818 3640 1899 3687 τις

351 3715 591 3781 δύναται,
650 3717 744 3767 καὶ
783 3714 957 3784 χήρας
1002 3712 1098 3764 καὶ
1127 3712 1403 3780 ὀρφανοὺς
1448 3713 1896 3779 ἐπισκέπτεσθαι,

353 3808 439 3861 καὶ
474 3808 549 3877 μὴ
580 3805 952 3877 παραόλέπειν
974 3803 1197 3863 αὐτούς.
1228 3801 1501 3865 Ὡσαύτως
1530 3805 1626 3856 καὶ
1648 3806 1705 3856 ἐν
1738 3822 1900 3874 μονα-

355 3900 614 3969 στηρίοις,
656 3898 751 3951 καὶ
782 3895 924 3950 οὕτω
951 3896 1130 3960 καλῶς
1153 3896 1377 3950 διοικεῖν
1397 3896 1466 3950 τά
1498 3897 1620 3950 καθ’
1650 3898 1894 3962 ἑαυτούς·

354 3991 441 4042 καὶ
468 3990 556 4043 τὸν
584 3988 846 4051 πλοῦτον,
872 3987 932 4040 δν
962 3986 1115 4052 παρά
1142 3986 1276 4039 Θεοῦ
1335 3988 1634 4056 εἰλήφαμεν
1670 3991 1727 4042 ὲν
1764 3990 1898 4061 τῷδε

353 4080 426 4151 τῷ
457 4080 577 4150 βίῳ,
609 4081 691 4143 εἰς
730 4079 929 4140 αὐτοὺς
970 4078 1307 4133 ἀναλίσκειν.
1337 4080 1430 4143 Εἰς
1464 4079 1622 4134 τοῦτο
1657 4081 1765 4151 γὰρ
1805 4082 1899 4135 καὶ

354 4172 618 4243 παρέσχεν
645 4172 778 4240 ἡμῖν
809 4170 949 4224 αὑτά
979 4172 1008 4224 ό
1034 4170 1238 4238 ἀγαθὸς
1283 4172 1439 4242 ἡμῶν
1481 4173 1777 4244 Δεσπότης,
1812 4174 1899 4227 ἵνα

355 4263 430 4326 είς
444 4263 539 4333 τὴν
562 4260 838 4315 διακονίαν
852 4259 1057 4331 ταύτην
1079 4261 1451 4332 δαπανηθῶσι,
1472 4265 1567 4317 καὶ
1581 4265 1693 4318 ἀντ’
1721 4266 1899 4318 αὐτῶν

354 4352 703 4424 κομισώμεθα
754 4352 1028 4422 θησαυρὸν
1074 4354 1446 4409 ἀνέκλειπτον,
1479 4356 1618 4410 Πολὺ
1647 4353 1740 4411 οὖν
1773 4358 1896 4427 βέλ-

356 4446 460 4497 τιόν
487 4446 606 4497 ἔστι
624 4483 641 4505 ,
670 4442 944 4503 τοιούτους
969 4442 1170 4511 ἀγροὺς
1197 4442 1294 4495 καὶ
1322 4445 1558 4513 κτήματ’
1584 4445 1893 4516 ἀγοράζειν,

1999 3259 2125 3311 cia?
2153 3258 2295 3312 addo
2324 3260 2636 3327 magniﬁcas
2680 3276 2744 3315 ac
2788 3263 3104 3330 splendidas
3160 3265 3554 3333 prolatationes

1996 3348 2373 3403 aediﬁciorum.
2428 3349 2623 3418 Utique
2674 3353 2923 3422 quisquis
2978 3354 3033 3408 in
3096 3356 3277 3411 aliena
3329 3358 3552 3413 civitate

1997 3442 2276 3496 studiosus
2306 3453 2531 3511 apparat
2562 3444 2697 3505 ha-e,
2729 3446 2907 3513 reipsa
2934 3447 3110 3502 innuit
3141 3448 3275 3502 nihil
3305 3451 3414 3519 jam
3443 3451 3552 3507 sibi

1997 3534 2111 3603 Spei
2164 3550 2471 3603 superesse,
2516 3546 2574 3589 ut
2603 3536 2895 3605 aliquando
2927 3538 3180 3593 deﬂectat
3215 3540 3318 3594 iter
3350 3541 3405 3595 in
3429 3556 3551 3596 eam

1997 3638 2118 3693 qua:
2145 3624 2363 3693 propria
2397 3633 2502 3687 est,
2531 3627 2831 3691 civitatem,
2868 3643 3062 3697 nempe
3093 3630 3369 3685 cmlcstem
3401 3632 3551 3685 illam

1996 3715 2321 3771 Jerusalem.
2351 3716 2545 3771 Isthzee
2574 3717 2834 3787 cogitatio
2860 3719 3292 3788 imprudentium
3326 3732 3411 3776 est
3450 3724 3551 3776 ho-

1997 3807 2229 3870 minum,
2267 3806 2402 3860 nihil
2449 3808 2603 3876 pensi
2654 3808 2723 3862 de
2767 3809 2942 3864 salute
2969 3811 3166 3866 animae
3204 3812 3549 3878 habentium,

1996 3914 2172 3967 eoque
2221 3898 2639 3955 miserabilium.
2674 3901 2791 3955 Non
2838 3902 2984 3956 enim
3034 3903 3289 3974 intelligit
3338 3905 3552 3960 exotica

1996 3986 2112 4041 htcc
2140 3988 2303 4042 alieni
2331 4004 2451 4043 esse
2474 3990 2638 4059 juris,
2663 4000 2719 4043 et
2747 3992 3001 4058 potestati
3028 3992 3254 4046 subesse
3279 3993 3505 4048 alterius
3532 4009 3549 4048 :

1997 4080 2258 4133 nimirum
2307 4079 2466 4134 istius
2506 4081 2691 4135 szeculi
2740 4082 3025 4151 principis.
3064 4082 3200 4137 Cum
3241 4084 3409 4153 igitur
3461 4086 3553 4142 hic

1998 4169 2309 4225 habitemus
2361 4180 2419 4224 ut
2475 4170 2732 4240 inquilini
2778 4180 2833 4226 et
2857 4172 3045 4238 alieni,
3077 4175 3216 4228 nihil
3273 4184 3357 4229 est
3401 4176 3549 4246 quod

1996 4260 2154 4315 nobis
2200 4261 2334 4329 ipsis
2376 4261 2655 4330 impendio
2674 4277 3018 4331 apparemus,
3047 4273 3243 4332 praeter
3267 4248 3549 4336 frugalita-

2000 4362 2105 4407 tem
2154 4351 2280 4407 vitae
2321 4366 2385 4405 ae
2433 4351 2713 4405 virtutem.
2741 4352 2844 4419 Qui
2888 4369 3015 4423 erga
3054 4369 3211 4407 suum
3254 4356 3547 4412 Dominum

1998 4446 2213 4501 sincera
2249 4442 2517 4496 charilate
2561 4443 2656 4496 toti
2687 4443 3059 4507 inardescunt,
3083 4446 3233 4498 nullo
3270 4462 3378 4500 non
3407 4457 3547 4501 tem-

356 4536 501 4589 ἀτινα
547 4537 646 4589 καὶ
688 4533 979 4605 παράμονά
1044 4534 1172 4596 είσι,
1200 4534 1298 4587 καὶ
1329 4536 1657 4604 προάγουσιν
1688 4539 1765 4600 είς
1800 4538 1897 4607 τὴν
1928 4527 1970 4580 ι)
1998 4551 2118 4605 pore

1800 4538 1897 4607 τὴν
1928 4527 1970 4580 ι)
1998 4551 2129 4605 pore
2173 4534 2567 4589 circumferunt
2608 4533 2760 4587 illum
2802 4533 2857 4587 in
2890 4534 3147 4589 cordibus
3175 4538 3295 4590 suis
3318 4578 3331 4601 ,
3367 4547 3421 4592 et
3448 4555 3546 4608 per

354 4627 501 4697 ἡμῶν
528 4627 879 4699 μητρόπολιν,
934 4628 1062 4681 ὅταν
1105 4625 1546 4696 ἀποδημήσωμεν
1583 4631 1662 4691 είς
1706 4630 1894 4698 αὑτήν.

356 4719 838 4789 Ἀμεριμνήσωμεν
853 4717 973 4780 οὖν,
994 4718 1289 4788 ἀγαπητοὶ,
1303 4717 1412 4771 τῶν
1434 4721 1799 4791 προσκαίρων,
1813 4722 1898 4775 ἵνα

354 4811 455 4863 τῶν
481 4811 667 4864 ἀϊδίων
684 4810 1053 4880 έπιτύχωμεν·
1083 4810 1527 4881 παραδράμωμεν
1549 4811 1641 4864 τὸν
1668 4813 1892 4882 κόσμον,

355 4901 436 4955 ἵνα
458 4902 549 4955 τὸν
574 4905 903 4971 κοσμοποιδν
929 4903 1346 4971 καταλάϐωμεν.
1373 4901 1802 4971 Καταλείπωμεν
1829 4906 1895 4960 τά

359 4990 427 5060 μὴ
476 4993 741 5061 ἡμέτερα,
787 4992 875 5046 ῐνα
914 4991 983 5044 τὰ
1011 4992 1256 5062 ἡμέτερα
1285 4990 1646 5061 ἀπολαύωμεν
1679 4992 1760 5063 (τὸ
1786 4994 1893 5064 γὰρ

358 5082 529 5150 σχῆμα
575 5081 669 5134 τοῦ
723 5081 928 5149 κόσμου
968 5080 1160 5134 τούτου
1216 5081 1454 5151 παράγει
1483 5081 1555 5143 ὼς
1584 5081 1760 5152 ὄναρ),
1799 5086 1894 5137 καὶ

356 5170 451 5223 κάν
483 5188 537 5223 τι
575 5170 835 5241 χρώμεθα
855 5170 934 5241 τῷ
964 5171 1152 5241 κόσμῳ
1183 5172 1376 5241 τούτῳ,
1409 5171 1692 5240 γενώμεθα
1718 5175 1793 5236 ώς
1818 5175 1891 5243 μὴ

357 5263 797 5331 καταχρώμενοι·
838 5263 1019 5324 καθὼς
1081 5264 1175 5315 καὶ
1232 5263 1260 5315 ὁ
1317 5264 1583 5333 μακάριος
1644 5265 1892 5334 Ἰωάννης

356 5350 641 5406 ἐντέλλεται
663 5392 678 5416 ,
708 5350 901 5421 λέγων·
936 5372 955 5403 ι
996 5353 1087 5421 Μὴ
1113 5354 1360 5420 ἀγαπᾶτε
1391 5352 1483 5405 τὸν
1507 5354 1729 5423 κόσμον,
1760 5358 1895 5425 μήτε

361 5444 422 5495 τὰ
461 5446 515 5496 ὲν
547 5443 621 5513 τῷ
645 5445 854 5513 κόσμῳ.
899 5444 1024 5496 Ἐάν
1068 5460 1153 5506 τις
1201 5445 1391 5515 ἀγαπᾷ
1424 5446 1514 5497 τὸν
1542 5447 1766 5515 κόσμον,
1796 5447 1896 5498 οὐκ

420 5594 461 5626 ⁸⁸
492 5596 653 5650 Hebr.
685 5612 761 5660 ιι,
793 5596 883 5649 57.
957 5596 1004 5627 ⁸¹
1040 5595 1205 5652 lCor.
1234 5612 1293 5661 ιι,
1324 5596 1377 5652 9.
1451 5597 1496 5629 ⁸³
1532 5597 1734 5653 lJoan.
1761 5615 1814 5662 v,
1844 5599 1931 5654 16.

1996 4629 2167 4698 ipsius
2215 4628 2465 4681 mandata
2514 4623 2806 4681 inoll‘ense'
2845 4627 3208 4697 gradiuntur,
3264 4632 3547 4699 promissis

1994 4722 2115 4788 ejus
2158 4719 2263 4773 ﬁde
2310 4718 2447 4772 nihil
2499 4717 2666 4771 dubia
2704 4719 3080 4787 acquiescunt.
3107 4734 3173 4774 ae
3200 4735 3422 4789 scopum
3455 4736 3547 4776 ex-

1994 4808 2352 4878 spectationis
2401 4823 2511 4861 sua:
2553 4808 2623 4863 iis
2665 4809 2908 4878 aﬂigunt.
2937 4810 3146 4864 Bonum
3172 4825 3335 4881 ergo,
3359 4820 3419 4866 ut
3444 4828 3547 4883 pro

1995 4899 2115 4953 istis
2168 4897 2538 4959 facultatibus,
2573 4912 2674 4966 pro
2727 4897 2945 4966 peculio
2990 4900 3395 4969 qualicunque,
3425 4917 3547 4971 quae

1997 4990 2160 5043 hodie
2185 4989 2404 5059 quidem
2428 5004 2595 5058 penes
2623 5004 2723 5043 nos
2750 4998 2913 5053 sunt,
2941 4998 2995 5042 at
3023 4991 3267 5044 crastino
3299 5000 3391 5045 aut
3422 5008 3546 5062 per-

1996 5080 2157 5135 endie
2183 5081 2238 5133 in
2282 5080 2509 5134 alterius
2545 5081 2956 5134 constituentur
2994 5080 3265 5145 arbitrio;
3303 5096 3403 5150 pro
3434 5081 3542 5147 hia,

1998 5171 2243 5240 inquam,
2266 5170 2477 5224 animas
2530 5170 2863 5224 redimamus
2918 5172 3116 5226 misere
3171 5170 3415 5237 afﬂictas,
3445 5190 3546 5243 pro

1998 5262 2262 5330 cujusque
2308 5259 2476 5323 virili,
2510 5259 2693 5313 viduis
2745 5260 3133 5329 prospiciendo
3187 5271 3245 5317 et
3299 5264 3541 5333 pupillis,

1996 5368 2104 5405 non
2172 5351 2303 5405 item
2351 5350 2655 5405 aversanda
2702 5351 2842 5404 illos.
2874 5350 3055 5421 thue
3097 5353 3151 5407 in
3198 5355 3545 5410 monasteriis

1995 5444 2408 5512 dispensantur,
2476 5442 2550 5497 ita
2606 5443 2863 5497 convenit
2942 5458 3041 5513 per
3100 5460 3541 5516 unumquemque

1590 5711 1824 5766 VARIAS
1851 5710 2250 5769 LECTIONES.

422 5784 449 5827 1
468 5778 609 5834 Fort.
639 5782 948 5847 κτημάτων.
