4462 6440
968 354 1102 419 M75

2215 358 2573 419 ANTIOCHI
2615 348 2953 419 MONACIII

4045 357 4143 421 Ῑὲῗ

964 481 1265 539 pauperum
1328 467 1432 521 rite
1491 468 1785 549 disponere
1844 483 1909 522 ac
1968 466 2253 538 dispertiri
2295 469 2726 531 divitiasAEar:

2416 471 2517 524 tias
2547 479 2593 531 Α
2621 469 2768 522 ἔστιν
2798 472 2831 538 ἠ
2863 468 3049 539 ἀγάπη
3097 466 3190 522 τοῦ
3233 468 3446 538 Πατρὺς
3478 468 3536 521 ὲν
3565 466 3730 537 αὐτῷ,
3763 469 3845 521 ὅτι
3876 471 3985 520 πᾶν
4013 470 4078 520 τὸ
4124 473 4178 523 ἐν

959 576 1098 626 quas
1150 559 1381 628 quisque
1416 574 1445 612 a
1489 560 1598 613 Deo
1628 561 1840 627 accepit
1870 560 1923 613 in
1959 561 2090 623 vita,
2119 571 2173 615 et
2216 561 2517 616 liberaliter

962 654 1239 706 insumere
1278 654 1332 705 in
1386 652 1620 721 indigns.
1653 655 1709 707 In
1759 654 1903 706 hunc
1938 653 2206 722 siquidem
2238 670 2393 707 nsum
2425 669 2517 708 eas

962 746 1124 797 nobis
1183 744 1489 812 impertivit
1541 746 1828 800 clementia
1881 746 2116 809 Domini,
2153 755 2211 799 ut
2258 748 2309 801 in
2359 749 2518 802 obse—

961 834 1152 901 quium
1208 835 1554 888 insunmntur
1604 836 1855 904 pietatis,
1893 852 1956 889 ac
1986 836 2203 889 demum
2242 854 2339 906 pro
2370 840 2517 906 ejus-

960 926 1104 977 modi
1123 927 1174 979 in
1193 942 1460 994 pauperes
1474 929 1820 990 liberalitate,
1842 929 2155 982 thesaurum
2177 940 2517 997 reportemus

959 1018 1109 1068 nullo
1157 1034 1394 1086 unquam
1445 1036 1559 1072 aevo
1622 1020 2107 1087 intercipiendum.
2148 1020 2289 1073 Sane
2346 1023 2517 1073 multo

957 1109 1271 1175 praestiterit
1300 1110 1474 1170 nobis,
1504 1119 1563 1163 ut
1591 1112 1725 1164 tales
1744 1127 2059 1165 eoemamus
2091 1129 2268 1179 agros,
2298 1114 2402 1166 tale
2425 1130 2518 1181 pe-

958 1201 1161 1253 eniimn
1185 1202 1329 1269 quod
1353 1212 1618 1255 ueternum
1642 1206 1821 1266 duret,
1842 1220 2050 1272 nosque
2074 1215 2219 1257 recta
2248 1206 2514 1273 provehat

957 1294 1022 1344 ad
1058 1296 1199 1345 illam
1228 1295 1390 1349 nobis
1422 1296 1741 1363 promissam
1770 1296 2045 1349 civitatem
2078 1312 2199 1364 qua:
2227 1308 2312 1350 est
2343 1307 2515 1350 mater

959 1398 1166 1449 nostra,
1202 1390 1424 1455 quamlo
1470 1389 1535 1440 ad
1590 1389 1734 1441 illam
1777 1390 2091 1457 quotidiana
2134 1390 2516 1445 contendimus

956 1484 1414 1551 peregrinatione.
1490 1484 1569 1537 Ne
1639 1484 1801 1551 igitur
1839 1485 2225 1554 (dilectissimi)
2257 1500 2354 1538 ceu
2395 1485 2513 1537 dic-

959 1582 1071 1625 tum
1132 1584 1235 1633 est.
1272 1586 1378 1628 tant
1427 1579 1585 1631 anxie
1644 1577 1832 1629 mundi
1877 1577 2015 1630 bona
2064 1579 2386 1645 cogitemus,
2453 1584 2514 1629 ut

954 1668 1038 1716 vel
1075 1668 1290 1719 tandem
1323 1670 1542 1720 :eternis
1582 1669 1744 1721 detur
1791 1667 2020 1736 perfrui.
2060 1668 2320 1721 Mundnm
2366 1668 2513 1721 hunc

957 1760 1104 1809 velut
1135 1775 1298 1809 eursu
1338 1760 1599 1827 prmeipiti
1637 1760 2092 1821 transntittalmts,
2120 1775 2228 1828 quo
2253 1759 2318 1812 ad
2354 1775 2513 1812 mun-

2622 562 2699 631 τῷ
2728 561 2916 631 κόσμῳ
2945 564 2978 630 ὴ
3025 561 3286 630 ἐπιθυμία
3313 560 3411 628 τῆς
3449 560 3667 632 σαρκὸς,
3706 560 3798 612 καὶ¹
3827 563 3859 628 ἡ
3912 560 4179 629 ἐπιθυμία

2624 654 2732 705 τῶν
2776 653 3085 722 ὀφθαλμῶν.
3118 654 3215 705 καὶ
3267 654 3300 722 ἡ
3349 652 3637 715 ἀλαζονεία
3697 652 3789 705 τοῦ
3844 652 3984 721 βίον,
4015 654 4051 705 ἃ.
4083 655 4180 707 οὐκ

2622 744 2768 797 ἔστιν
2820 746 2885 797 ὲκ
2918 744 3012 797 τοῦ
3062 744 3292 813 Πατρὸς,
3331 744 3444 798 ἀλλ’
3481 745 3544 795 ὲκ
3591 742 3686 795 τοῦ
3735 745 3940 812 κόσμου
3982 745 4117 797 ἐστί.
4155 762 4172 793 ι

2626 838 2759 889 Καίο
2799 854 2817 886 ι
2877 836 2934 887 ὐ
2962 837 3163 906 κόσμος
3196 838 3527 906 παράγεται,
3555 836 3647 888 καὶ
3669 837 3701 903 ἡ
3728 836 3999 904 ἐπιθυμία
4025 852 4039 864 ·
4070 838 4099 888 ὁ
4124 836 4177 887 δὲ

2622 927 2789 979 ποιῶν
2836 928 2896 979 τὸ
2925 927 3134 997 θέλημα
3165 928 3258 979 τοῦ
3288 926 3444 992 Θεοῦ,
3478 928 3629 995 μένει
3670 929 3749 988 είς
3787 928 3881 979 τὸν
3914 927 4109 980 αἰῶνα.
4155 947 4173 978 ι

2621 1020 2788 1087 Φησὶν
2834 1019 2891 1071 δὲ
2941 1021 3035 1072 καὶ
3083 1021 3112 1071 ὀ
3157 1020 3433 1082 Ἰάκωϐοςο
3468 1038 3485 1069 ι
3534 1022 3627 1081 Ὃς
3661 1018 3727 1070 ἂν
3759 1018 3995 1086 βουληθῇ
4032 1020 4178 1085 φίλος

2625 1109 2761 1163 εἶναι
2820 1110 2915 1163 τοῦ
2964 1112 3190 1180 κόσμου,
3226 1111 3420 1179 ἐχθρὸς
3460 1109 3555 1163 τοῦ
3591 1111 3737 1163 ’Θεοῦ
3793 1110 4171 1162 καθίσταται.»

2635 1202 2693 1253 ’0
2716 1201 2772 1253 δὲ
2805 1200 3035 1263 Παῦλος,
3065 1219 3084 1251 ι
3120 1201 3577 1269 ’Λπεκδυσάμενοι
3602 1203 3691 1254 τὸν
3714 1201 3942 1254 παλαιὸν
3973 1200 4179 1267 ἄνθρω-

2622 1310 2723 1344 πον
2756 1293 2850 1344 σὺν
2878 1294 2999 1354 ταῖς
3030 1294 3294 1361 πράξεσιν
3339 1290 3523 1356 αὐτοῦ,
3559 1296 3652 1345 καὶ
3694 1293 4049 1360 ἐνδυσάμενοι
4092 1294 4178 1345 τὸν

2621 1385 3100 1453 ἀνακαινούμενον.
3138 1403 3156 1436 ι
3192 1388 3297 1439 Καὶ
3328 1386 3597 1453 ἐπιφέρει·
3626 1406 3642 1435 ι
3662 1387 3826 1437 Οὐδὲν
3856 1388 4177 1452 εἰσηνέγκα-

2626 1494 2726 1543 μεν
2758 1477 2839 1539 εἰς
2881 1477 2971 1528 τὸν
3011 1478 3233 1545 κόσμον,
3282 1476 3522 1545 δηλονότι
3582 1478 3700 1529 οὐδὲ
3753 1477 4066 1543 ἐξενεγκεῖν
4128 1495 4177 1529 τι

2617 1567 2913 1635 δυνάμεθα·
2944 1568 3155 1637 ἔχοντες
3212 1569 3266 1620 δὲ
3323 1570 3615 1637 διατροφὰς
3661 1570 3753 1622 καὶ
3794 1570 4175 1637 σκεπάσματα,

2618 1658 2832 1721 τούτοις
2891 1658 3363 1729 ἀρκεσθησόμεθα.
3399 1679 3417 1710 ι
3458 1660 3642 1713 Ταῦτα
3695 1661 3787 1711 καὶ
3840 1663 3869 1712 δ
3928 1661 4176 1728 Σολομὼν

2620 1751 2782 1813 αἰτεῖ,
2816 1750 3013 1816 λέγων’
3056 1768 3075 1802 ι
3119 1750 3352 1804 Πλοῦτον
3408 1753 3501 1803 καὶ
3554 1752 3744 1804 πενίαν
3796 1754 3868 1821 μή
3910 1771 4001 1818 μοι
4031 1753 4135 1819 δῷς
4161 1769 4172 1781 ·

954 1848 1007 1900 di
1049 1849 1300 1916 opificem
1336 1851 1708 1918 pertingamus
1739 1850 1982 1903 beatiliea
2010 1836 2266 1904 fruitione
2294 1868 2306 1904 :
2343 1853 2514 1920 siqui-
2548 1839 2588 1893 Β
2619 1841 2714 1893 σύν

2414 1853 2514 1920 lui-
2548 1839 2588 1893 Β
2619 1841 2875 1905 σύνταξον
2911 1842 2967 1893 δέ
2995 1859 3083 1911 μοι
3113 1843 3180 1894 τὰ
3204 1842 3390 1894 δέοντα
3420 1844 3514 1895 καὶ
3542 1845 3809 1912 αὐτάρκη.
3840 1862 3859 1893 ι
3895 1845 4005 1895 Καὶ
4030 1840 4176 1905 αὖθις

954 1942 1077 1993 dem
1117 1942 1300 1993 nnlndi
1348 1943 1506 1995 istius
1556 1944 1724 2009 ligura
1777 1944 1842 1995 ad
1878 1942 2169 2008 imaginem
2199 1944 2393 1994 transit
2426 1944 2510 1994 in-

1244 2033 1482 2086 Tametsi
1543 2035 1660 2102 ipso
1730 2036 1938 2087 utimur
2018 2032 2247 2094 mundo,
2305 2049 2373 2086 ne
2432 2032 2513 2087 sic

953 2126 1173 2192 quidem
1210 2142 1277 2177 eo
1301 2128 1796 2194 ahul:nnur,juxta
1838 2126 1982 2179 beati
2027 2125 2253 2179 Joannis
2297 2124 2517 2177 manda-

958 2221 1071 2263 tum
1114 2229 1126 2263 :
1168 2232 1184 2261 ι
1223 2213 1397 2266 Nolite
1425 2215 1652 2280 diligere
1689 2215 1973 2276 mundum,
2005 2230 2180 2282 neque
2211 2230 2273 2268 ca
2309 2230 2428 2281 qua:
2462 2214 2517 2267 in

956 2303 1161 2355 nnmdo
1185 2312 1347 2355 sunt:
1382 2304 1425 2355 si
1455 2305 1580 2373 quis
1608 2306 1789 2373 diligit
1818 2306 2105 2368 rntmdum,
2140 2322 2248 2358 non
2277 2316 2360 2359 est
2390 2307 2518 2359 cha-

956 2394 1095 2445 ritas
1135 2394 1310 2449 l’atris
1361 2397 1415 2446 in
1446 2412 1533 2459 eo,
1559 2398 1687 2465 quia
1718 2412 1879 2449 onme
1903 2396 2047 2464 quod
2091 2405 2174 2449 est
2203 2396 2256 2448 in
2291 2396 2515 2459 Inundo,

954 2485 1401 2551 concupiscentia
1430 2488 1610 2539 carnis
1633 2497 1740 2548 est,
1766 2497 1820 2541 et
1852 2487 2296 2555 concupiscentia
2332 2488 2521 2539 oeulo-

953 2591 1097 2635 ruln,
1137 2586 1193 2627 et
1236 2579 1491 2645 superbia
1541 2579 1685 2641 vitat,
1721 2596 1841 2647 qua!
1888 2594 1994 2632 non
2054 2586 2181 2632 sunt
2239 2592 2307 2631 ex
2339 2579 2519 2642 Patre,

957 2666 1170 2736 1049
1193 2668 1287 2720 sed
1311 2685 1377 2721 ex
1399 2669 1601 2721 mundo
1623 2672 1830 2723 sunt“.
1858 2692 1876 2720 ι
1908 2671 1973 2722 Ει
1997 2686 2010 2721 :
2039 2688 2056 2718 ι
2091 2669 2324 2723 Mundus
2345 2678 2522 2723 trans-

960 2760 1003 2812 it
1036 2767 1091 2810 et
1141 2760 1589 2829 concupiscentia
1652 2761 1772 2828 ejus
1801 2779 1816 2826 ;
1850 2763 1942 2830 qui
1970 2770 2150 2814 autem
2182 2760 2522 2812 voluntatem

954 2853 1048 2907 Dei
1084 2855 1234 2917 facit,
1260 2864 1445 2907 manet
1476 2855 1529 2906 in
1560 2865 1848 2906 aeternum.
1891 2873 1909 2903 ι
1947 2853 2033 2906 Ait
2063 2851 2334 2905 Jacohns:
2366 2870 2382 2900 ι
2419 2850 2521 2915 Qui

954 2945 1192 2997 voluerit
1232 2947 1443 2998 amicus
1476 2944 1663 2996 mumli
1712 2959 1859 3007 esse,
1885 2943 2147 2996 inimicus
2187 2942 2281 2995 Dei
2315 2942 2521 2995 consti-

957 3039 1135 3092 tuitur
1168 3040 1235 3091 ⁸⁸.
1278 3057 1296 3088 ι
1331 3038 1530 3091 l‘aulns
1583 3052 1841 3106 quoque:
1869 3054 1888 3086 ι
1930 3035 2313 3103 Exspoliantes
2363 3043 2518 3087 vetc-

954 2034 1169 2086 somnii.

2613 1936 2641 1987 ὁ
2664 1934 2892 1997 Παῦλος,
2914 1934 3237 2003 βουλόμενος
3258 1936 3404 2003 ἡμᾶς
3429 1938 3881 2004 μετεωροπορεῖν,
3899 1937 3994 1987 καὶ
4021 1936 4177 2004 οὐρα-

2614 2026 2903 2086 νοπολίτας
2965 2026 3336 2092 καταστῆσαι,
3374 2027 3629 2093 παραινεῖ
3684 2025 3856 2091 λέγων
3884 2041 3899 2054 ’
3939 2044 3956 2075 ι
3998 2025 4059 2075 Εἰ
4088 2021 4177 2077 οὖν

2617 2116 2996 2187 συνηγέρθητε
3022 2117 3101 2186 τῷ
3127 2117 3364 2187 Χριστῷ,
3397 2119 3464 2168 τὰ
3501 2118 3612 2168 ἄνω
3647 2116 3861 2184 ζητεῖτε
3896 2112 3956 2170 οὗ
3991 2120 4020 2169 ὁ
4046 2120 4175 2186 Χρι-

2623 2211 2747 2272 στός
2792 2212 2939 2262 ἐστιν
2996 2211 3053 2261 ὲν
3094 2210 3245 2279 δεξιᾷ
3273 2209 3365 2261 τοῦ
3419 2209 3551 2261 Θεοῦ
3598 2208 3939 2277 καθήμενοςθ
3975 2210 4046 2261 τά
4072 2211 4178 2263 ἄνω

2619 2304 2894 2370 φρονεῖτε,
2925 2300 2999 2369 μὴ
3029 2300 3095 2352 τὰ
3125 2300 3219 2352 ἐπὶ
3246 2300 3345 2368 τῆς
3369 2301 3489 2369 γῆς.
3520 2300 3835 2354 ’Λπεθάνετε
3866 2301 3979 2370 γάρ
4015 2303 4072 2352 ἐν
4104 2300 4180 2369 τῷ

2618 2392 2860 2462 Χριστῷ,
2893 2394 2986 2445 καὶ
3015 2394 3048 2460 ἡ
3084 2392 3198 2461 ζωὴ
3232 2393 3386 2461 ὐμῶν
3429 2394 3730 2461 κέκρυπται
3776 2395 3832 2445 ὲν
3861 2393 3940 2461 τῷ
3978 2392 4120 2461 θεῷ.
4156 2412 4173 2442 ι

2618 2484 2797 2536 Θέλων
2845 2484 2903 2537 δὲ
2934 2484 3081 2553 ἡμᾶς
3122 2486 3222 2553 τὴν
3255 2483 3425 2552 καλὴν
3464 2483 3746 2535 ἀλλοίωσιν
3788 2484 4179 2551 ἀλλοιωθῆναι,

2619 2577 2837 2642 ἐπάγει·
2874 2594 2893 2626 ι
2929 2576 3017 2645 Μὴ
3055 2575 3453 2645 σχηματίζεσθε
3502 2576 3579 2645 τῷ
3626 2575 3780 2627 αἰῶνι
3824 2575 4025 2643 τούτῳ,
4049 2574 4181 2628 ἀλλὰ

2627 2667 3074 2737 μεταμορφοῦσθε
3124 2670 3189 2737 τῇ
3224 2666 3583 2720 ἀνακαινώσει
3615 2664 3709 2718 τοῦ
3751 2666 3871 2722 νοὸς
3899 2665 4079 2734 ἡμῶν.
4124 2665 4181 2717 Ὀ

2619 2762 2675 2812 δὲ
2704 2762 2905 2829 ἀγαθὸς
2953 2760 3111 2829 ἡμῶν
3166 2761 3369 2830 Κύριος
3423 2759 3700 2831 ὲπικυρῶν
3745 2758 3837 2811 τὸν
3886 2758 4049 2823 λόγον
4077 2756 4181 2808 τῶν

2618 2849 2817 2901 ἑαυτοῦ
2852 2851 3134 2920 μαθητῶν,
3155 2850 3282 2918 ἔφη·
3314 2869 3332 2900 ι
3373 2851 3438 2902 Τί
3464 2852 3573 2918 γὰρ
3599 2849 3870 2919 ὠφελήσει
3897 2849 4177 2920 ἄνθρωπος

2624 2943 2717 2993 ἐὰν
2757 2942 2848 2994 τὸν
2896 2943 3099 3011 κόσμον
3152 2942 3274 2995 ὅλον
3321 2943 3586 3015 κερδήσῃ,
3622 2942 3719 3015 τὴν
3763 2944 3820 2996 δὲ
3863 2945 4048 3012 ψυχὴν
4091 2943 4182 3011 ζη-

2620 3033 2793 3103 μιωθῇ
2819 3050 2835 3098 ;
2873 3032 2906 3103 ἢ
2935 3032 2988 3086 τί
3019 3033 3181 3087 δώσει
3205 3033 3559 3103 ἀντάλλαγμα
3582 3035 3682 3105 τῆς
3700 3035 3879 3104 ψυχῆς
3905 3034 4077 3088 αὐτοῦ
4106 3051 4119 3096 ς
4157 3051 4175 3082 ι

958 3144 1073 3182 rem
1127 3130 1406 3183 hominem
1459 3143 1584 3180 cum
1635 3127 1873 3189 actibus,
1909 3126 2121 3180 induite
2172 3140 2375 3179 novum
2427 3122 2592 3194 quiC
2623 3126 2720 3177 Afr.

2096 3141 2121 3180 Β
2172 3140 2375 3179 novum
2427 3122 2592 3194 quiC
2623 3124 2781 3194 Λύτῴ
2832 3126 2865 3194 ἠ
2918 3124 3043 3189 δόξα
3085 3127 3167 3188 είς
3223 3126 3349 3188 τοὺς
3403 3125 3625 3187 αἰῶνας.
3667 3128 3858 3194 Ἀμήν.

956 3229 1257 3273 renovatur
1282 3220 1349 3271 ⁸⁸.
1392 3237 1410 3269 ι
1452 3218 1660 3272 Infert:
1703 3236 1721 3269 ι
1752 3218 1900 3271 Nihil
1944 3219 2090 3271 enim
2150 3217 2441 3270 intulimus
2500 3217 2553 3270 in
2596 3218 2884 3281 mnmlum,
2946 3217 3297 3271 manifestum
3360 3227 3445 3271 est
3492 3221 3619 3287 quia
3673 3234 3775 3272 nec
3818 3217 4023 3271 efferre
4058 3213 4181 3284 quid

955 3327 1267 3380 possumus.
1304 3312 1578 3365 llahentcs
1645 3319 1829 3364 autem
1897 3311 2155 3365 alimenta
2195 3326 2261 3365 ac
2306 3320 2637 3381 tegumenta,
2707 3312 2792 3365 his
2846 3313 3090 3367 contenti
3144 3313 3350 3368 erimus
3378 3314 3442 3367 ⁸⁷.
3483 3333 3502 3365 ι
3534 3314 3602 3368 Et
3646 3313 3759 3367 hzec
3810 3312 4057 3381 postulat
4094 3310 4184 3363 Sa-

956 3403 1139 3456 lomon
1172 3418 1202 3457 a
1258 3403 1530 3457 Domino:
1574 3421 1592 3453 ‹
1632 3402 1863 3456 Divitias
1903 3409 1960 3456 et
2005 3411 2385 3471 paupertatem
2436 3418 2505 3455 ne
2545 3403 2767 3458 dederis
2795 3404 2952 3467 mihi,
2987 3403 3082 3459 sed
3115 3405 3378 3459 coordina
3409 3405 3541 3459 mihi
3575 3405 3887 3460 necessaria
3954 3413 4015 3458 et
4069 3418 4183 3472 quae

956 3493 1230 3550 eulliciant
1263 3495 1328 3547 ⁸⁸.
1371 3514 1389 3545 ι
1421 3494 1657 3548 Rursum
1687 3495 1912 3557 Paulus,
1964 3495 2194 3563 cupiens
2256 3510 2585 3564 magnopere
2627 3506 2687 3551 ut
2735 3496 2997 3566 neglectis
3041 3497 3300 3561 terrenis,
3333 3499 3575 3551 cmlestia
3624 3497 4037 3551 inambulemus
4063 3496 4182 3559 ,si-

959 3588 1182 3655 mulque
1241 3588 1431 3642 volens
1495 3603 1597 3642 nos
1648 3588 1985 3641 constituere
2045 3586 2287 3640 cmlestis
2331 3586 2522 3655 patria:
2591 3588 2936 3656 municipes,
3003 3587 3263 3641 admonet
3301 3588 3539 3642 dicens:
3583 3607 3602 3638 ι
3638 3586 3693 3641 Si
3737 3586 3908 3657 igitur
3954 3601 4183 3641 consur-

960 3683 1183 3735 rexistis
1241 3698 1367 3737 cum
1409 3682 1651 3744 Christo,
1686 3697 1809 3750 qua:
1857 3696 2074 3736 sursum
2151 3687 2280 3735 sunt
2344 3682 2595 3750 quaerite,
2635 3682 2727 3736 ubi
2780 3681 3032 3735 Christus
3072 3681 3126 3735 in
3176 3681 3396 3736 dextera
3432 3682 3517 3735 dei
3548 3680 3780 3734 sedens:
3807 3696 3931 3750 qua:
3967 3693 4183 3734 sursum

957 3783 1086 3828 sunt
1125 3774 1319 3844 sapite,
1355 3790 1462 3828 non
1495 3788 1616 3842 quae
1645 3788 1811 3841 super
1874 3783 2076 3827 terram
2108 3788 2122 3824 :
2155 3773 2355 3825 mortui
2400 3772 2548 3827 enim
2586 3774 2718 3828 estis
2773 3788 2897 3828 eum
2944 3770 3183 3836 Christo,
3249 3780 3306 3827 et
3363 3773 3471 3825 vita
3518 3781 3701 3826 vestra
3744 3771 4074 3825 abscondita
4108 3782 4186 3824 est

958 3879 1083 3918 cum
1121 3864 1343 3918 Christo
1409 3864 1475 3916 ⁸⁹.
1507 3882 1525 3913 ι
1594 3862 1756 3931 Optat
1813 3876 1999 3917 autem
2065 3878 2166 3917 nos
2202 3864 2505 3932 permutari
2544 3864 2781 3934 eleganti
2830 3862 3126 3917 admodum
3176 3862 3652 3926 transmutatione,
3692 3876 3869 3930 eoque
3924 3862 4182 3916 inducit:

966 3976 987 4010 ι
1028 3958 1208 4012 Nolite
1234 3955 1569 4010 conformari
1595 3956 1728 4009 huic
1792 3954 2016 4016 saeculo,
2084 3952 2179 4007 sed
2219 3954 2590 4008 reformamini
2629 3956 2683 4008 in
2738 3955 2978 4008 novitate
3047 3954 3249 4008 mentis
3295 3962 3492 4007 vestrm
3520 3953 3586 4005 ’°.
3628 3972 3646 4003 ι
3710 3952 4187 4006 Clementissimus

960 4050 1227 4104 Dominus
1248 4055 1439 4103 noster
1477 4048 1873 4117 discipulorum
1906 4060 2133 4100 suorum
2165 4060 2475 4101 sermonem
2504 4087 2519 4111 ,
2560 4062 2674 4101 suae
2702 4047 2942 4116 pondere
3000 4046 3302 4116 majestatis
3365 4045 3615 4099 sanciens
3638 4054 3693 4099 ct
3723 4043 4030 4098 corrobans
4067 4044 4141 4097 ait
4168 4058 4182 4094 :

965 4159 987 4193 ι
1024 4141 1163 4206 Quid
1187 4138 1334 4192 enim
1359 4140 1606 4207 proderit
1655 4138 1864 4192 homini
1890 4137 1937 4191 si
1963 4138 2210 4192 lucretur
2274 4139 2593 4191 universum
2631 4137 2917 4201 mundum,
2952 4138 3147 4192 anima:
3179 4151 3311 4191 vero
3336 4151 3449 4190 sua:
3471 4136 3861 4190 detrimentum
3904 4131 4186 4206 patiatur?

960 4239 1059 4284 aut
1101 4245 1262 4299 quam
1290 4228 1443 4282 dabit
1476 4229 1643 4282 homo
1672 4226 2162 4282 commutationem
2205 4242 2308 4297 pro
2353 4227 2534 4283 anima
2570 4242 2671 4283 sua
2696 4227 2778 4281 "‘2
2817 4245 2838 4279 ι
2871 4225 2978 4296 Ipsi
3008 4225 3180 4296 gloria
3207 4225 3262 4278 in
3284 4226 3499 4281 saecula.
3530 4226 3725 4280 Amen.

1506 4336 1789 4393 llOMlLlA
1834 4334 1973 4391 XVI.

1095 4456 1171 4511 De
1202 4454 1481 4508 immodica
1510 4461 1558 4505 et
1585 4452 1869 4505 audacior:
1897 4448 2093 4518 ﬁducia
2123 4448 2385 4520 loquendi.

1032 4565 1348 4622 Temeraria
1374 4564 1465 4617 illa
1489 4572 1547 4616 et
1567 4560 1861 4630 impudens
1884 4560 2148 4629 loquendi
2179 4560 2409 4614 libertas
2435 4560 2522 4614 vi-

964 4662 1081 4715 deri
1110 4658 1286 4728 possit
1348 4656 1610 4710 assimilis
1659 4654 1839 4708 titioni
1880 4668 2077 4722 magno
2124 4669 2141 4717 ;
2175 4653 2316 4706 febri
2355 4652 2491 4706 nimi

964 4769 1084 4806 rum
1101 4748 1447 4811 exaestuanti,
1466 4748 1625 4817 cujus
1650 4743 1969 4799 incendium
1992 4743 2177 4797 caateri
2203 4743 2522 4811 neutiquam

963 4845 1208 4897 ferentes
1254 4840 1411 4897 illinc
1457 4854 1516 4893 se
1552 4837 1888 4906 proripiunt,
1939 4849 2218 4902 cursuque
2250 4833 2521 4904 praecipiti

966 4936 1025 4989 in
1056 4935 1238 4987 locum
1282 4930 1595 4985 concedunt
1624 4928 1979 4982 umbratilem
2000 4966 2015 4989 ,
2052 4927 2249 4980 anima:
2286 4926 2522 4996 refrige-

969 5025 1155 5078 randaa
1192 5022 1388 5093 gratia.
1417 5020 1624 5076 Umbra
1682 5019 1798 5072 haec
1836 5015 2213 5085 refrigeratrix
2266 5024 2523 5069 censetur

969 5117 1018 5170 is
1062 5116 1155 5184 qui
1202 5115 1260 5169 in
1292 5112 1568 5181 loquendo
1598 5110 1904 5164 modestior
1928 5119 2013 5162 est
2034 5147 2050 5173 ,
2076 5122 2252 5176 eoque
2278 5108 2518 5161 circum-

967 5207 1229 5277 spectior.
1269 5205 1404 5260 Nam
1426 5204 1493 5257 ab
1526 5204 1622 5256 illo
1660 5199 1887 5271 quidem
1928 5214 2033 5254 nec
2078 5199 2319 5253 salutato
2370 5198 2528 5252 defu-

968 5302 1148 5369 giunt.
1181 5308 1241 5351 ut
1259 5298 1329 5352 ab
1362 5296 1477 5350 acri
1520 5306 1576 5349 et
1615 5307 1777 5348 nares
1810 5290 2106 5345 obturante
2145 5288 2297 5343 fumo
2326 5289 2524 5358 linguae

969 5392 1256 5461 procacis,
1288 5403 1410 5443 sese
1440 5384 1792 5441 commodum
1829 5383 2163 5452 recipientes
2193 5381 2261 5435 ad
2294 5389 2521 5450 captan-

969 5484 1094 5537 dam
1118 5496 1307 5537 auram
1334 5478 1604 5533 amomius
1635 5476 1958 5545 spirantem,
1989 5474 2055 5527 ad
2081 5488 2245 5527 suave
2274 5472 2521 5541 fragran-

974 5572 1045 5626 tis
1072 5571 1285 5626 incensi
1317 5567 1748 5631 cshalationetn,
1774 5580 1896 5636 qua:
1924 5563 2207 5619 silentium
2250 5571 2352 5616 est.
2390 5561 2522 5631 Ejus

1044 5709 1087 5739 ⁸⁸
1120 5710 1272 5763 Joan.
1299 5706 1482 5766 ".15,
1510 5706 1595 5757 Hi.
1669 5705 1714 5736 ⁸⁸
1746 5703 1862 5758 Jac.
1910 5719 1981 5753 Iv.
2013 5702 2065 5755 4.

978 5794 1052 5844 Ill,
1085 5782 1100 5831 l
1140 5780 1192 5831 5.
1266 5781 1308 5809 ⁵⁸⁸⁸
1336 5778 1490 5832 “Olli.
1520 5790 1613 5840 xu,
1636 5774 1690 5827 2.
1766 5775 1809 5805 ’⁸
1842 5772 2029 5830 Matth.
2064 5786 2167 5834 xw,
2201 5770 2289 5822 ‘26.

2141 5700 2185 5731 ⁸⁸
2204 5700 2411 5754 (Ioloss.
2442 5716 2516 5765 Ill,
2559 5702 2610 5757 9.

3200 4337 3422 4390 ΛΟΓΟΣ
3469 4336 3586 4406 ις’.

3127 4452 3268 4521 Περὶ
3297 4454 3654 4521 παρῤηίας.

2697 4564 2915 4618 Ἔοικεν
2939 4564 2974 4633 ἡ
3006 4564 3291 4635 παρρησία
3314 4566 3556 4620 καύσωνι
3592 4569 3831 4641 μεγάλῳ·
3868 4562 4089 4639 οὗτινος·
4112 4579 4184 4645 μὴ

2623 4654 2882 4724 φέροντες
2931 4653 3023 4706 τδν
3064 4655 3307 4723 φλογμὸν
3338 4656 3627 4723 φεύγουσιν
3676 4660 3725 4711 oi
3771 4660 4058 4729 ἄνθρωποι
4092 4667 4183 4719 ἀπ’

2622 4743 2811 4806 αὐτοῦ,
2842 4745 2939 4797 καὶ
2963 4747 3030 4815 τῇ
3052 4746 3182 4815 σκιᾷ
3211 4747 3640 4817 προστρέχουσιν
3656 4749 3743 4803 διὰ
3774 4750 3838 4802 τὸ
3856 4754 4177 4825 ἀναψύχειν

2625 4836 2748 4905 ἣτις
2779 4837 2927 4888 ἐστὶν
2964 4836 3026 4889 τὺ
3054 4838 3500 4909 ἀπαρρησίαστον
3544 4840 3638 4893 καὶ
3690 4842 3937 4906 εὐλαϐές.
3984 4849 4179 4902 Ἀπαν-

2624 4929 2943 4997 τομολοῦσιν
2971 4929 3064 4983 τοῦ
3091 4930 3309 5000 δριμέος
3351 4931 3560 4985 καπνοῦ
3579 4932 3680 5002 τῆς
3708 4937 4050 5006 παρρησίας.
4082 4941 4179 4993 Καὶ

2625 5018 3016 5089 αὐτομολοῦσιν
3062 5021 3200 5091 πρὸς
3233 5021 3331 5090 τὴν
3361 5023 3561 5092 ἀτμίδα
3594 5023 3690 5076 τοῦ
3718 5025 3954 5091 εὐώδους
3984 5029 4178 5099 θυμιάο

2628 5125 2816 5178 ματος·
2847 5110 2967 5178 ἥτις
3030 5110 3179 5164 ἐστὶν
3236 5112 3269 5181 ἡ
3312 5112 3530 5182 ἡσυχία.
3576 5115 3869 5183 Φεύγουσιν
3918 5120 4022 5187 τὴν
4062 5121 4179 5173 δυσ-

2627 5201 2792 5254 ωδίαν
2815 5200 2914 5255 τοῦ
2942 5203 3368 5274 σκοροδοφάγου,
3404 5207 3498 5258 καὶ
3538 5207 3929 5276 πλησιάζουσιν
3957 5213 4041 5279 τῷ
4071 5232 4178 5281 μυ-

2632 5292 2848 5363 ροφόρῳ
2901 5293 2997 5344 καὶ
3029 5294 3414 5366 γλυκορήμονι,
3449 5298 3526 5369 τῷ
3576 5299 3988 5373 ἐξερευγομένῳ
4027 5305 4174 5371 λόγον

2629 5384 2855 5450 ἀγαθὸν,
2889 5386 2983 5438 καὶ
3028 5387 3331 5456 πηγάζοντι
3374 5391 3531 5459 λόγια
3571 5394 3773 5463 Κυρίου
3818 5396 3979 5463 ἁγνά.
4016 5398 4172 5449 Οὐδὲν

2626 5476 2736 5544 γὰρ
2761 5475 2935 5540 οὕτως
2966 5478 3307 5546 ὲξαφανίζειν
3353 5482 3449 5553 τὴν
3494 5484 3693 5555 ἀρετὴν
3742 5487 4011 5555 πέφυκεν,
4042 5489 4113 5549 ὡς
4138 5490 4165 5552 ἠ

2627 5567 2981 5637 εὐτραπελία,
3022 5569 3207 5623 καὶτὸ
3246 5571 3480 5641 παίζειν,
3511 5574 3605 5627 καὶ
3637 5577 3670 5645 ἡ
3712 5576 4024 5647 ἁργολογία.
4068 5575 4163 5630 Καὶ

2722 5704 2764 5736 ⁸⁷
2800 5704 2818 5758 l
2848 5704 2989 5762 Tim.
3015 5722 3086 5773 Iv,
3109 5708 3161 5769 7,
3191 5706 3241 5760 8.
3353 5707 3400 5740 ⁸⁸
3421 5709 3577 5764 Prov.
3612 5726 3736 5777 xxx,
3768 5713 3826 5769 8.
3899 5713 3945 5746 ”
3962 5710 4159 5771 Coloss.
