4462 6440
138 371 271 435 1477

774 384 1095 444 ΙΙΟΜΙΙᾸᾹ
1141 388 1287 445 ΧΠ.
1326 414 1391 423 -
1433 390 1526 447 DE
1570 390 1941 448 IMMODICA
1985 391 2360 459 Lll(lIlENDI
2404 391 2731 450 FlDllClA.

3266 392 3352 417 ..μμ

3266 392 3352 417 ..μμ

3223 391 3355 452 lin“

134 484 321 540 πάλιν.
356 484 510 537 οὐδὲν
538 487 714 551 οὕτως
740 492 838 560 τὴν
867 495 1328 563 πεπαλαιιιιμενην
1370 494 1546 565 ψυχὴν
1575 497 1703 547 ἀνα-
1730 500 1774 556 Α
1804 496 1896 548 \‘it:

1588 497 1703 547 ἱνα-
1730 500 1774 556 Α
1804 496 1979 548 vitant
2008 498 2435 563 graveoleutiam
2462 537 2476 557 ,
2506 498 2598 565 qui
2640 490 2765 552 a’liis
2792 496 3033 547 vescitur
3058 536 3071 551 .
3103 508 3161 548 et
3199 500 3248 548 ci
3294 516 3350 548 2..-

130 578 392 640 καινίζει,
428 578 504 641 ὡς
553 582 583 631 ὸ
621 581 787 649 φόϐος
822 582 917 636 τοῦ
945 584 1101 644 θεοῦ,
1152 587 1304 656 καὶὴ
1349 586 1484 655 καλὴ
1526 604 1695 654 προσ-

130 670 292 737 ευχὴ,
335 671 430 723 καὶ
478 671 539 724 τὸ
582 673 811 744 μελετᾷν
855 676 1151 739 ἀπαύστως
1190 678 1259 729 τὰ
1287 678 1441 745 λόγια
1470 679 1695 749 Κυρίου,

130 762 224 810 καὶ
266 763 333 830 τῇ
371 767 648 833 προσευχῇ
691 766 777 817 ἀεὶ
822 765 1016 818 ἑαυτὸν
1055 767 1421 831 καθοπλίζειν,
1466 772 1561 822 καὶ
1599 771 1695 836 τῆς

129 854 445 921 ἀγρυπνίας
477 856 538 908 τὸ
572 857 760 925 κέρδος
791 859 1115 927 ίχνηλατεῖν.
1162 860 1225 912 ἰι
1259 862 1367 929 γὰρ
1413 861 1693 929 παρρησία

131 948 399 1017 βδελυκτή
444 952 613 1013 ἐστιν,
663 952 845 1015 καθὼς
892 956 1201 1022 γέγραπται
1248 957 1308 1007 ὲν
1344 955 1422 1025 τῷ
1464 957 1693 1024 Ἐκκλη-

130 1044 351 1109 σιαστῇ.
408 1043 490 1093 ὅτι
526 1042 810 1112 Βδέλυγμα
857 1046 1047 1114 Κυρίῳ
1094 1046 1365 1116 στηρίζων
1396 1046 1691 1114 ὁςρθαλμόνσ

128 1136 222 1187 καὶ
259 1136 313 1186 οἱ
353 1136 689 1201 ἀπαίδευτοι,
737 1141 995 1208 ἀκρατεῖς
1028 1140 1298 1211 γλώσσης.
1341 1143 1467 1194 Ἐὰν
1499 1159 1693 1211 μαστε-

129 1227 319 1296 γώσῃς
348 1229 558 1295 ἄφρονα
599 1232 657 1282 ἐν
695 1230 844 1299 μέσῳ
876 1232 1152 1301 συνεδρίου
1179 1232 1460 1300 ἀτιμάζων
1516 1234 1575 1285 οὐ
1617 1234 1693 1303 μὴ

127 1318 408 1386 περιελείς
434 1319 533 1389 τὴν
560 1321 870 1389 ἀφροσύνην
900 1322 1088 1374 αὑτοῦ.
1125 1325 1230 1374 Kal.
1268 1323 1445 1385 αὖθις·
1478 1341 1495 1372 ι
1529 1324 1694 1389 Σοφία

126 1409 424 1479 ἀνθρώπου
453 1414 640 1476 φωτιεὶ
670 1415 959 1481 πρόσωπον
986 1414 1174 1466 αὐτοῦ’
1202 1414 1421 1482 ἀναιδὴς
1444 1414 1499 1465 δὲ
1526 1431 1692 1483 προσ-

125 1499 261 1567 dim?
297 1500 487 1563 αὐτοῦ,
520 1502 902 1572 μισηθήσεται.
933 1523 952 1555 ι
980 1505 1089 1557 Kal
1119 1505 1178 1555 ὲν
1202 1507 1321 1565 ταῖς
1347 1505 1689 1574 ΙΙαροιμίαις·

132 1609 151 1641 ι
188 1592 431 1644 Σπάνιον
464 1593 652 1661 εἴσαγε
682 1595 772 1648 σὸν
801 1596 937 1649 πόδα
970 1596 1101 1666 πρὸς
1130 1596 1221 1648 σδν
1253 1596 1427 1664 φίλον,
1463 1598 1536 1665 μή
1563 1614 1691 1649 ποτε

126 1682 395 1749 πλησθεὶς
427 1686 698 1753 μισήσειε.
730 1704 749 1736 ι
779 1718 848 1726 -
874 1706 891 1737 ι
916 1688 1282 1757 Ἀπόστρεψον
1331 1686 1441 1739 ἀπὸ
1471 1687 1563 1739 σοῦ
1594 1688 1692 1738 ἐπ-

129 1774 461 1837 ονειδίστους
501 1775 711 1842 λόγους.
753 1796 773 1830 ι
818 1779 927 1830 Καὶ
956 1780 1138 1831 πάλιν·
1180 1797 1199 1829 ι
1245 1780 1342 1840 Ὃς
1391 1778 1458 1830 ἂν
1495 1779 1689 1847 εὐλογῇ

1801 587 2387 655 adjunguntpropius,
2425 588 2517 656 qui
2551 590 2807 657 quopiam
2842 590 3014 652 fragat
3046 588 3218 639 nobili
3256 604 3355 640 un-

1800 687 2033 745 guento.
2068 679 2171 731 hoc
2196 688 2282 732 est
2304 718 2318 735 .
2350 680 2704 747 suaviloquo,
2752 681 2844 749 qni
2877 680 3065 732 sedula
3099 680 3355 746 indagine

1800 780 2177 839 perscrutatur
2217 771 2451 823 verbmn
2506 773 2751 834 bomnn,
2807 784 2861 825 et
2916 773 3010 839 qui
3063 784 3209 827 casta
3259 774 3353 826 llci

1797 862 2015 929 eloquia
2048 863 2267 917 almude
2298 863 2556 917 ell'undit.
2581 864 2732 918 Nihil
2764 864 2911 916 enim
2950 867 3029 917 sic
3053 868 3353 918 obscurare

1798 951 2087 1004 consuevit
2115 960 2171 1005 et
2198 953 2421 1005 abolere
2449 954 2794 1020 splendorem
2836 955 3074 1008 virtutis.
3104 963 3164 1006 ut
3200 955 3354 1007 blan-

1798 1044 2019 1111 diloqua
2054 1054 2220 1112 atque
2247 1046 2512 1099 urbanior
2545 1046 2851 1099 scurrilitas
2877 1085 2891 1106 ,
2945 1057 3005 1098 ut
3034 1050 3243 1100 ludicra
3290 1064 3353 1100 ae

1799 1139 2056 1203 petulans
2088 1138 2399 1206 nugacitas,
2451 1150 2514 1192 ιιι
2562 1138 2775 1192 otiosus
2824 1155 3003 1192 sermo
3050 1150 3107 1193 et
3159 1156 3356 1205 expers

1800 1228 1973 1293 frugis
2024 1228 2197 1280 bonaz.
2248 1227 2379 1280 ltem
2428 1228 2565 1281 nihil
2613 1228 2693 1281 sic
2726 1240 2946 1281 renovat
2986 1239 3039 1282 et
3086 1232 3353 1295 qumlam-

1801 1318 1964 1369 modo
2000 1318 2367 1386 repubescere
2396 1320 2526 1373 facit
2554 1322 2791 1375 animam
2825 1323 3030 1379 alioom
3077 1328 3356 1375 invetera-

1799 1415 1930 1469 tam,
1964 1418 2025 1461 ιιι
2052 1410 2215 1462 timor
2240 1409 2333 1462 Dei
2362 1449 2377 1472 ,
2412 1418 2471 1463 ιιι
2500 1412 2679 1463 oratio
2718 1428 2849 1464 sane
2878 1431 3044 1466 mtam
3074 1431 3353 1479 Spt't'ttNII,

1800 1507 1860 1551 ιιι
1897 1515 2098 1568 perpes
2139 1510 2196 1554 et
2240 1502 2512 1556 indefessa
2540 1504 2823 1557 meditatio
2852 1508 3202 1559 elonuiorum
3248 1508 3355 1559 llo-

1798 1589 1931 1643 mini
1962 1632 1977 1653 ,
2007 1601 2067 1646 ιιι
2096 1592 2141 1645 si
2178 1594 2415 1662 teipsum
2443 1594 2701 1648 obarmes
2752 1605 2808 1649 et
2854 1598 3197 1650 comnmnias
3237 1599 3353 1667 jugi

1799 1682 2115 1749 precatione
2140 1726 2155 1746 ,
2193 1685 2240 1739 si
2273 1686 2466 1739 scdulo
2510 1701 2574 1741 ac
2620 1686 2788 1740 veluti
2832 1704 2929 1755 per
2970 1690 3193 1751 vestigia
3241 1693 3355 1744 sci-

1800 1774 2002 1825 soitcre
2061 1785 2325 1843 quantqu
2374 1793 2441 1831 ex
2499 1778 2704 1845 vigiliis
2752 1781 2961 1833 resiliat
3018 1783 3351 1843 compendii.

128 1864 282 1931 φίλον
310 1866 461 1935 πρωῒ
514 1868 725 1937 μεγάλῃ
768 1871 834 1937 τῇ
874 1870 1046 1936 φωνῆ,
1102 1869 1495 1939 καταρωμένου
1542 1870 1695 1921 οὐδὲν
1726 1856 1769 1912 Β
1802 1862 1890 1930 ιο

1591 1870 1695 1920 mo
1726 1856 1769 1912 Β
1802 1861 2013 1930 1050
2040 1864 2133 1915 Illa
2170 1879 2333 1930 porro
2364 1866 2627 1918 audacior
2655 1877 2819 1935 atque
2856 1869 3147 1935 imperiosa
3180 1872 3353 1923 liber-

127 1956 411 2026 διαφέρειν
448 1958 608 2020 δόξει.
648 1978 667 2010 ι
704 1961 812 2011 Kal.
834 1960 1018 2013 πάλιν·
1047 1962 1179 2022 «Ὃς
1202 1961 1467 2027 φυλάσσει
1489 1962 1549 2012 τὸ
1585 1962 1696 2012 στό-

131 2062 204 2112 μα
236 2046 411 2098 αὑτοῦ
468 2048 561 2100 καὶ
593 2048 693 2117 τὴν
737 2049 1009 2115 γλῶσσαν,
1059 2049 1306 2120 διατηρεῖ
1356 2051 1422 2102 ἐκ
1463 2049 1695 2117 θλίψεως

126 2135 221 2204 τὴν
246 2137 435 2206 ψυχὴν
486 2137 673 2193 αὑτοῦ.
724 2158 742 2190 ι
795 2139 1214 2210 ’Λγωνισὼμεθα
1249 2139 1363 2206 οὖν,
1393 2142 1690 2213 ἀγαπητοὶ,

134 2230 282 2299 πάσῃ
333 2231 565 2299 δυνάμει
599 2231 673 2301 μὴ
709 2231 892 2284 δοῦναι
933 2233 1118 2302 χώραν
1157 2232 1252 2285 τοῦ
1280 2235 1694 2303 κατακυριεύειν

128 2320 282 2388 ἡμῶν
312 2321 378 2372 τὸ
398 2321 567 2383 πάθος
594 2322 695 2390 τῆς
726 2324 905 2393 δεινῆς
936 2325 1275 2395 παρρησίας.
1306 2326 1552 2380 Χαλεπὸν
1585 2330 1693 2399 γάρ

129 2411 273 2462 ἐστιν
313 2410 461 2474 λίαν,
494 2413 590 2465 καὶ
627 2415 942 2484 γεννητικὸν
971 2416 1188 2468 πάντων
1216 2417 1325 2469 τῶν
1356 2419 1568 2481 παθῶν,
1599 2421 1695 2473 καὶ

129 2502 442 2573 διαφθεῖρον
478 2505 635 2567 ὅλους
658 2506 785 2565 τοὺς
818 2509 1090 2576 καρποὺς,
1115 2509 1212 2560 καὶ
1238 2510 1337 2573 τὰς
1371 2511 1570 2582 ἀρετὰς
1597 2511 1692 2563 τοῦ

128 2594 437 2664 ἀνθρώπουο
466 2598 841 2666 μεμισημένον
867 2599 924 2651 δέ
943 2601 1091 2652 ἐστιν
1118 2602 1212 2654 καὶ
1239 2602 1390 2672 παρὰ
1414 2602 1509 2655 τοῦ
1531 2602 1688 2657 Θεοῦ.

130 2686 290 2739 Ὅθεν
322 2689 421 2740 καὶ
447 2689 540 2741 τὸν
589 2690 775 2754 Ὠζᾶν,
808 2693 1156 2760 τολμήσαντα
1179 2696 1417 2746 ἐκτεῖναι
1444 2694 1543 2757 τὴν
1576 2696 1691 2763 χεῖ-

130 2797 217 2849 ρα,
249 2780 346 2832 καὶ
379 2780 787 2851 περισώσασθαι
831 2782 931 2853 τὴν
978 2784 1212 2836 κιϐωτὸν
1244 2784 1340 2836 τοῦ
1392 2784 1549 2841 Θεοῦ.
1582 2802 1690 2839 πα-

130 2870 408 2938 ραχρῆμα,
433 2869 508 2932 ὡς
529 2870 696 2939 ὲναγῆ
723 2872 815 2923 καὶ
840 2872 1055 2942 ἀνίερον
1075 2872 1432 2927 ἐθανάτωσεν.
1458 2874 1531 2926 Τὸ
1551 2877 1691 2945 παῤ-

132 2961 485 3030 ῥησιάζεσθαι
524 2956 637 3023 οὖν,
688 2964 783 3015 καὶ
839 2963 1189 3033 ἐπαίρεσθαι,
1233 2966 1562 3036 δυσάρεστον
1612 2964 1691 3036 τῷ

129 3052 241 3122 Θεῷ
275 3054 375 3105 καὶ
408 3052 717 3124 ἀνθρώποις
757 3055 930 3109 ἐστίν.
989 3058 1100 3111 Καὶ
1148 3056 1306 3110 τοῦτο
1357 3057 1544 3125 σαφῶς
1591 3059 1692 3110 ὲπο

134 3146 423 3213 ιστάμενος
475 3149 505 3200 ὁ
534 3145 715 3211 Δαυῒδ,
763 3146 967 3214 ἔλεγεν·
997 3166 1016 3199 ι
1051 3147 1280 3214 Ἀγαθόν
1328 3165 1419 3219 μοι
1462 3149 1543 3202 ὅτι
1571 3151 1691 3202 ἐτα-

132 3239 403 3301 πίνωσάς
440 3257 528 3309 με,
566 3241 714 3303 ὅπως
749 3242 815 3293 av
848 3241 1004 3310 μάθω
1030 3241 1103 3293 τά
1140 3242 1486 3311 δικαιώματά
1514 3260 1626 3295 σου.
1663 3262 1682 3295 ι

132 3330 256 3395 Kal,
302 3350 321 3382 ι
381 3331 710 3402 Καθήλωσον
740 3332 804 3385 ὲκ
840 3331 934 3385 τοῦ
982 3332 1148 3402 φόϐου
1198 3350 1291 3386 σου
1337 3332 1436 3397 τὰς
1485 3335 1694 3403 σάρκας

135 3439 249 3487 μου·
286 3424 393 3476 ἀπὸ
422 3426 531 3495 γὰρ
554 3424 662 3477 τῶν
690 3425 977 3494 χριμάτων
1008 3441 1103 3478 σου
1134 3424 1433 3495 ἐφοϐήθην.
1473 3442 1493 3476 ι
1515 3426 1632 3478 Kal
1662 3428 1691 3477 ό

134 3512 336 3576 ῐιαῦλός
363 3530 548 3584 φησιν·
586 3534 606 3567 ι
642 3514 830 3585 Ἐδόθη
856 3533 945 3585 μοι
968 3516 1202 3585 σκώλωψ
1231 3519 1298 3585 τῇ
1330 3516 1493 3585 σαρκὶ
1520 3516 1689 3584 ἄγγε-

133 3599 217 3663 λος
243 3604 441 3668 Σατᾶν,
477 3607 565 3659 ἵνα
596 3624 663 3676 με
692 3608 981 3679 κολαφίζῃ,
1020 3609 1106 3661 ἵνα
1135 3608 1209 3678 μὴ
1236 3609 1679 3678 ὑπεραίρωμαι.ι

134 3693 235 3745 Kal
260 3693 439 3757 ἄλλος·
481 3714 501 3746 ι
546 3695 642 3758 Τίς
677 3698 1011 3767 καυχήσεται
1050 3698 1221 3767 ἁγνὴν
1253 3695 1398 3765 ἔχειν
1427 3696 1525 3768 τὴν
1552 3714 1687 3767 καρ-

131 3782 271 3848 δίαν;
306 3788 338 3855 ἢ
367 3785 455 3848 τίς
495 3788 927 3858 παρρησιάσεται
963 3786 1193 3839 ινὼπιον
1221 3787 1425 3853 αὐτοῦ;
1464 3806 1484 3839 ι
1520 3788 1684 3839 Ὅθεν

134 3874 221 3927 καὶ
245 3876 274 3926 6
300 3876 504 3946 Κύριος
530 3877 1036 3949 παρῤησιασαμένῳ
1051 3876 1128 3948 τῷ
1155 3877 1367 3948 Πέτρῳ,
1387 3877 1482 3930 καὶ⁵
1501 3877 1684 3929 εἰπόν-

132 3979 200 4016 τιο
237 3983 256 4016 ι
291 3966 481 4030 Ἵλεώς
519 3985 622 4031 σοι,
665 3969 862 4038 Κύριε,
896 3968 957 4021 οὐ
1007 3969 1081 4037 μὴ
1122 3968 1274 4021 ἔσται
1317 3985 1400 4021 σοι
1437 3967 1615 4031 τοῦτο,
1658 3986 1678 4018 ι

136 4056 479 4128 ἐπετίμησεν,
502 4060 694 4113 εἰπών·
724 4080 742 4112 ι
772 4062 993 4129 ’Υπαγε
1016 4060 1193 4112 ὀπίσω
1229 4076 1357 4128 μου,
1393 4060 1624 4113 Σατανᾶ.
1657 4076 1676 4110 ι

145 4145 537 4218 Ἐπερωτηθεὶς
584 4149 640 4202 δὲ
678 4150 816 4219 μετὰ
847 4150 946 4221 τὴν
987 4150 1281 4203 ἀνάστασιν
1311 4150 1417 4203 ὑπὸ
1443 4148 1538 4201 τοῦ
1571 4151 1682 4201 Κυ-

1798 1963 1882 2005 tas
1929 1954 2191 2022 loquendi
2272 1956 2609 2011 abominalio
2648 1970 2774 2021 est,
2826 1972 2993 2026 utqua-
3066 1964 3355 2030 Scriptura

1792 2044 2044 2098 continet
2070 2044 2122 2097 in
2149 2046 2477 2100 Ecclesiaste
2508 2065 2521 2099 :
2559 2049 2885 2109 exsecratio.
2925 2051 3170 2117 inquam.
3204 2052 3348 2120 apud

1792 2129 2110 2195 Doluinum,
2143 2134 2237 2202 qui
2286 2133 2466 2188 ﬁrmat
2494 2138 2745 2202 oculum;
2788 2138 2883 2191 sed
2911 2150 2968 2191 et
3015 2140 3241 2198 indocti.
3274 2159 3356 2193 m-

1790 2226 2157 2293 temperantis
2180 2226 2380 2294 lingua:
2409 2230 2622 2283 sunt”.
2650 2230 2705 2283 Si
2742 2232 3127 2285 verberaveris
3149 2234 3355 2301 impru-

1790 2315 2033 2376 dentem,
2081 2315 2135 2368 in
2188 2317 2370 2370 medio
2424 2318 2640 2372 consilii
2685 2320 2764 2373 illi
2813 2324 3355 2390 (qiprohrans,mia-

1790 2420 1955 2473 quam
2006 2406 2304 2462 abstuleris
2360 2410 2649 2463 stultitiam
2708 2411 3161 2467 illius.llursns:
3218 2417 3357 2467 «Sa-

1790 2498 1992 2569 pientia
2044 2500 2286 2555 hominis
2330 2502 2570 2557 illustrat
2614 2498 2809 2557 faciem
2859 2504 3013 2570 ejus;
3065 2504 3356 2572 impudens

1788 2602 1973 2644 autem
2034 2590 2172 2644 facie
2229 2590 2455 2645 odibilis
2500 2592 2608 2645 erit
2637 2593 2702 2646 ”.
2742 2611 2759 2641 ι
2793 2594 2860 2647 Ει
2894 2594 2949 2646 in
2988 2595 3349 2647 Proverbiis:

1797 2701 1815 2733 ι
1852 2683 2053 2736 Rarius
2088 2683 2230 2737 infer
2258 2685 2453 2752 pedem
2488 2695 2641 2739 tuum
2678 2686 2732 2739 iu
2777 2687 3000 2739 domum
3034 2687 3195 2739 amici
3219 2727 3233 2742 .
3286 2703 3355 2741 ne

1787 2773 1932 2827 forte
1952 2776 2182 2829 satiatus
2203 2777 2386 2831 oderit
2412 2787 2464 2830 te
2491 2780 2691 2828 “.u—c
2723 2779 2923 2832 Averte
2950 2778 3047 2832 abs
3069 2790 3118 2832 Ie
3145 2797 3355 2831 sermo-

1789 2881 1890 2919 nes
1920 2867 2200 2935 opprobrii
2230 2869 2299 2920 ".
2345 2887 2364 2919 ι
2424 2868 2626 2922 lterum
2656 2887 2669 2921 :
2708 2889 2725 2918 ι
2761 2870 2861 2934 Qui
2891 2869 3169 2921 benedicit
3198 2885 3354 2921 manu

1788 2957 2025 3011 amicum
2060 2970 2275 3012 exserta
2303 2976 2461 3022 voce,
2510 2960 2646 3014 nihil
2674 2960 2897 3015 dill‘crrc
2923 2961 3144 3014 videtur
3179 2962 3246 3014 ab
3285 2977 3354 3015 eo

1788 3051 1884 3117 qui
1942 3052 2221 3105 maledicit
2242 3053 2307 3105 ⁸⁵.
2348 3071 2365 3103 ι
2418 3053 2655 3106 Rursum
2711 3070 2724 3106 :
2798 3072 2816 3102 ι
2852 3051 2956 3118 Qui
2995 3053 3239 3107 custodit
3290 3070 3354 3107 os

1788 3156 1948 3195 suum
1971 3151 2028 3194 et
2050 3142 2314 3211 linguam,
2346 3152 2639 3198 conservat
2666 3160 2695 3197 a
2732 3144 3091 3199 tribulatione
3111 3145 3352 3199 animam

1787 3248 1942 3286 suam
1968 3234 2034 3286 ".
2069 3252 2087 3283 ι
2127 3234 2196 3288 Ει
2230 3251 2330 3289 nos
2375 3236 2544 3305 igitur
2578 3252 2679 3305 pro
2723 3237 2865 3291 virili
2895 3278 2910 3301 ,
2940 3237 3143 3292 fratres
3166 3278 3180 3300 ,
3236 3248 3354 3293 toto

1786 3326 1916 3381 nixu
1940 3327 2349 3396 provideamus,
2374 3344 2444 3383 ne
2466 3345 2632 3398 quem
2655 3330 2835 3384 locum
2857 3331 2908 3384 in
2932 3331 3093 3385 nobis
3119 3332 3355 3385 vitiosus

1784 3417 1876 3472 hic
1907 3420 2261 3473 nanciscatur
2274 3420 2510 3474 allectus
2529 3420 2726 3490 lingua:
2756 3422 3026 3490 procacis.
3062 3422 3354 3491 nequando

1788 3509 2079 3564 adversum
2150 3524 2252 3563 nos
2314 3510 2613 3564 invalescat
2672 3511 3039 3579 imperiosius.
3078 3513 3353 3580 Perquam

1788 3598 2018 3651 molesta
2041 3604 2128 3651 est
2169 3597 2286 3652 hac
2316 3598 2513 3652 anima:
2540 3598 2916 3667 intemperies,
2948 3615 2979 3653 e
2999 3615 3104 3667 qua
3124 3614 3223 3653 ceu
3254 3614 3353 3667 pa-

1791 3693 1944 3738 rente
1978 3693 2189 3739 cetera:
2245 3686 2667 3753 progerminant
2695 3693 2752 3739 ct
2800 3694 3125 3755 emergunt:
3176 3700 3354 3753 eoque

1788 3777 2004 3832 fructus
2035 3776 2285 3831 exercitii
2333 3776 2498 3847 hujus
2530 3776 2707 3831 nostri
2765 3793 2965 3831 omnes
3020 3776 3355 3845 putrilagine

1789 3881 1856 3921 ac
1887 3882 2137 3921 marcore
2166 3867 2349 3937 perdit
2377 3907 2392 3931 ,
2426 3866 2664 3922 virtutes
2689 3867 2836 3937 ipsas
2876 3866 3119 3921 hominis
3172 3866 3354 3921 reddit

1790 3956 1985 4012 inanes
2030 3956 2208 4026 frugis
2255 3956 2434 4011 bonae.
2482 3958 2542 4012 ln
2577 3973 2674 4013 eos
2704 3958 3109 4012 caditvitiosus
3145 3956 3235 4011 hic
3268 3956 3353 4010 af-

1788 4049 1989 4112 fectus,
2014 4063 2156 4117 quos
2176 4049 2294 4102 odit
2323 4049 2468 4103 Deus
2501 4048 2894 4103 infensissime.
2919 4049 3071 4102 Unde
3110 4058 3166 4103 et
3203 4048 3352 4102 Ozan

1786 4141 1879 4210 qui
1910 4156 2009 4210 per
2030 4140 2395 4196 temeritatem
2425 4140 2778 4211 exporrigerc
2802 4157 3021 4195 manum
3048 4155 3214 4193 ausus
3240 4147 3346 4201 est,

137 4237 262 4307 Ρίου⁶
296 4259 313 4291 ⁸
356 4242 551 4311 Πέτρε,
577 4242 752 4309 φιλεῖς
791 4259 860 4312 με
888 4260 903 4308 ;
951 4261 970 4294 ι
1004 4243 1102 4296 σὺν
1132 4242 1280 4313 πάσῃ
1314 4241 1568 4311 εὐλαϐείᾳ
1585 4242 1691 4294 ἀπ·
1785 4240 1848 4285 υι
1878 4248 1899 4285 3

1585 4242 1691 4294 ἀπ-
1785 4240 1848 4285 ιιι
1878 4248 2003 4286 arca
2032 4232 2126 4287 Dei
2160 4241 2476 4287 servaretur
2510 4232 2834 4297 incolumis;
2868 4242 2929 4286 ut
2955 4231 3347 4286 exsecrabilem

136 4328 341 4398 εκρίθη,
376 4347 397 4380 ι
429 4330 556 4395 Ναὶ,
590 4330 783 4401 Κύριε,
808 4331 872 4383 σὺ
905 4326 1054 4394 οἶδας
1074 4332 1157 4384 ὅτι
1199 4330 1340 4400 φιλῶ
1365 4346 1445 4383 σε.
1478 4348 1498 4382 ι
1526 4329 1686 4400 Αὐτῷ
1784 4337 1898 4390 θοι

1583 4329 1686 4400 ὺτῷ
1784 4337 1850 4376 ac
1873 4322 2166 4390 profanum
2200 4323 2256 4376 in
2287 4323 2524 4392 vestigio
2546 4331 2721 4375 morte
2756 4322 3007 4375 multavit
3031 4320 3345 4375 ".Temere

134 4418 166 4486 ἡ
192 4418 332 4482 δόξα.
374 4420 569 4490 ’Δμήν.
1780 4430 1896 4485 ergt

1780 4430 1915 4485 ergo
1949 4415 2100 4485 loqui
2132 4430 2198 4469 ac
2227 4430 2348 4469 sese
2384 4414 2583 4469 elIerre
2628 4414 2986 4482 impotentius
3012 4452 3027 4474 ,
3049 4420 3346 4479 utrumque

135 4510 269 4577 apud
304 4512 475 4566 Deum
502 4524 558 4566 et
606 4512 862 4568 homines
890 4522 1042 4569 caret
1094 4513 1289 4583 gratia.
1345 4512 1503 4579 Quod
1553 4526 1678 4566 cum
1714 4510 2003 4579 perspicue
2062 4514 2249 4562 nosset
2314 4506 2522 4572 David,
2565 4506 2833 4561 dicebat:
2896 4523 2915 4555 ι
2950 4504 3159 4557 Βοιιυιιι
3208 4502 3344 4557 mihi

135 4599 274 4665 quod
330 4600 633 4655 humiliasti
687 4618 774 4655 me
802 4641 818 4665 ,
886 4610 946 4656 ιιι
1001 4602 1205 4656 discam
1257 4600 1679 4671 iustificationes
1717 4608 1840 4653 tuas
1862 4600 1932 4650 η.
1961 4615 1980 4647 ι
2052 4596 2121 4650 Ει
2154 4615 2167 4649 :
2231 4615 2249 4646 ι
2288 4594 2511 4665 Conlige
2535 4595 2729 4651 timore
2757 4603 2851 4649 tuo
2871 4609 3067 4648 carnes
3088 4608 3279 4657 meas;
3312 4607 3343 4647 ιι

137 4688 348 4758 iudiciis
394 4691 540 4745 enim
567 4691 680 4746 tuis
715 4692 876 4745 timui
909 4692 949 4745 ¹.
985 4710 1005 4743 ι
1038 4691 1147 4746 Sed
1173 4699 1231 4745 et
1290 4691 1529 4747 Paulus:
1566 4709 1583 4740 ι
1620 4690 1791 4744 Datus
1815 4696 1899 4742 est
1928 4686 2065 4742 mihi
2129 4685 2383 4739 stimulus
2430 4685 2616 4740 carnis
2660 4685 2885 4752 angelus
2941 4682 3153 4737 Satanan
3176 4723 3191 4746 ,
3249 4681 3343 4751 qui

139 4794 217 4833 me
270 4780 613 4849 eolaphizet,
647 4788 711 4834 ut
757 4796 829 4835 ne
887 4780 1119 4835 extollar
1160 4782 1201 4833 ³.
1241 4799 1259 4831 ι
1314 4778 1471 4833 Alius
1512 4778 1686 4832 item:
1735 4794 1754 4829 ι
1792 4776 1926 4841 Quis
1944 4773 2271 4844 gloriabitur
2292 4774 2557 4827 mundum
2614 4788 2672 4827 se
2723 4771 3071 4826 baberecor?
3094 4770 3199 4825 Aut
3220 4771 3346 4840 quis

136 4870 301 4927 libere
349 4874 610 4941 loquetur
657 4887 842 4927 coram
908 4888 976 4927 co
1012 4873 1079 4926 ’2'
1107 4891 1125 4924 ι
1160 4872 1317 4928 Unde
1389 4879 1447 4927 et
1496 4870 1761 4925 Dominus
1796 4869 1959 4925 Petro
2015 4867 2276 4921 audacius
2328 4882 2492 4935 quam
2548 4864 2912 4920 conveniebat
2943 4865 3167 4928 locuto;
3216 4878 3341 4917 cum

136 4965 272 5018 enim
299 4966 346 5020 is
378 4966 651 5021 dixisset:
691 4985 709 5018 ι
742 4965 1024 5035 Propitius
1075 4974 1196 5021 esto
1240 4965 1372 5031 tibi,
1427 4965 1688 5027 Domine,
1728 4977 1837 5017 non
1866 4961 1974 5016 erit
2004 4961 2104 5016 tibi
2132 4960 2258 5023 hoc,
2290 4976 2309 5010 ι
2370 4959 2577 5013 acriter
2640 4973 2765 5012 cum
2827 4956 3117 5025 coarguit:
3157 4954 3344 5007 «Vade

140 5065 302 5124 retro,
332 5057 533 5113 Satana
556 5058 598 5114 ⁵.
636 5078 655 5111 ι
692 5059 856 5129 Atqui
888 5058 1032 5113 idem
1098 5073 1223 5112 mox
1259 5074 1290 5113 a
1327 5058 1730 5113 resurrectione
1767 5054 2051 5110 aDomino
2081 5054 2485 5121 interrogatus:
2519 5069 2535 5101 ι
2568 5050 2746 5111 Petrc,
2772 5048 2953 5116 diligis
2986 5063 3072 5101 me
3094 5047 3116 5100 ?
3140 5065 3159 5098 ι
3195 5045 3341 5099 omni

139 5164 253 5203 cum
285 5151 485 5206 timore
514 5166 578 5206 ac
612 5152 919 5207 reverentia
951 5150 1272 5221 respondit:
1316 5170 1335 5204 ι
1358 5150 1550 5216 Certe,
1581 5150 1832 5215 Domine,
1856 5159 1915 5204 tu
1942 5146 2072 5211 scis,
2102 5144 2230 5214 quia
2285 5158 2410 5199 amo
2466 5154 2519 5199 te
2543 5144 2584 5197 '.
2604 5161 2623 5193 ι
2684 5141 2790 5211 Ipsi
2842 5140 3013 5211 gloria
3039 5139 3095 5193 in
3120 5139 3338 5194 sarcula.

139 5240 319 5295 Amen.

756 5420 802 5451 ”
829 5418 1010 5473 Eccle.
1032 5436 1147 5482 vni,
1182 5421 1233 5473 1.
1308 5419 1353 5450 ⁸⁸
1381 5419 1543 5473 Prov.
1577 5434 1700 5477 xxv,
1742 5416 1827 5468 l7.
1903 5416 1951 5447 "
1984 5414 2151 5470 Eeeli.
2180 5429 2287 5478 xu,
2317 5414 2403 5468 9.8.
2482 5413 2526 5444 "
2549 5414 2712 5467 Prov.
2760 5428 2920 5474 χχιιι,
2960 5412 3045 5465 Η.
3097 5409 3337 5482 Α”ζΡι-ιιν.

202 5418 247 5448 ³¹
276 5419 435 5473 Prov.
459 5435 557 5477 xu.
590 5418 680 5472 29..

2588 5484 2608 5515 ³
2641 5484 2800 5538 Prov.
2835 5498 2921 5538 xx.
2942 5483 2997 5536 9.
3093 5480 3116 5511 ⁸
3142 5479 3334 5534 Matth.

144 5500 246 5547 ιιι,
277 5489 363 5541 9.5.
435 5488 482 5521 "'
517 5490 558 5545 ll
586 5490 715 5557 Heg.
738 5506 813 5551 vi,
846 5490 899 5542 6.
975 5490 1021 5521 ”
1052 5492 1194 5546 l'sal.
1219 5505 1399 5554 cxvm,
1430 5491 1516 5546 17.
1595 5490 1611 5518 ¹
1639 5487 1771 5543 ibid.
1803 5485 1924 5540 120.
1996 5488 2017 5516 ³
2049 5485 2089 5539 Il
2114 5484 2243 5539 Cor.
2273 5501 2364 5547 xu,
2391 5484 2477 5539 ΓΙ.

144 5571 242 5621 xvi,
270 5558 358 5623 2‘2,
390 5560 480 5614 9.5.
557 5561 579 5591 ⁸
602 5560 759 5614 .loan.
794 5575 902 5623 ut,
936 5559 1022 5626 15,
1055 5561 1139 5617 Π.
