4462 6440
947 391 1083 455 H79

1461 501 1741 556 ιιολιῖιιΑ
1815 499 1972 553 XVII.

936 600 1085 664 Quod
1139 598 1502 651 abstinendum
1561 596 1625 717 si;
1678 614 1708 647 (ι
1762 594 2015 661 [(ιηιὶιὶανὶ
2066 592 2320 661 colloquio
2371 606 2486 641 mu-

1630 682 1813 717 reruni.

1630 682 1813 717 ιωίιηι.

1009 761 1372 828 Maximopere
1398 756 1808 811 acconunodum
1840 764 1924 809 est
1954 770 2016 807 ac
2045 753 2239 805 rationi
2268 766 2492 821 prorsus

938 862 1391 912 consentaneum,
1414 859 1471 902 ιιι
1508 850 1541 902 ii
1571 849 1663 917 qui
1692 847 1922 916 cupiunt
1952 848 2117 899 vitam
2144 847 2281 897 hanc
2309 854 2490 897 trans-

943 948 1161 998 mittere
1221 944 1577 1011 inculpatam,
1610 958 1711 994 nec
1740 942 1847 994 ulla
1882 940 1937 993 in
1983 950 2138 1009 parte
2163 939 2490 997 defedatam,

939 1056 967 1090 a
1016 1036 1272 1089 familiari
1337 1036 1630 1088 mulierum
1685 1047 1977 1099 congressu
2028 1032 2131 1085 sibi
2170 1036 2492 1098 telnlmrelll.

940 1132 1083 1186 Nihil
1123 1131 1268 1182 enim
1322 1130 1500 1181 minus
1543 1127 1798 1179 convenit
1826 1164 1840 1183 .
1875 1140 2036 1192 quam
2091 1132 2148 1174 ιιι
2198 1124 2289 1190 qui
2326 1121 2492 1174 semel

942 1222 1204 1275 nnimlum
1229 1221 1372 1272 hunc
1403 1218 1658 1283 fugerunt
1686 1258 1699 1279 ,
1738 1215 2064 1268 mulieribus
2107 1230 2165 1266 se
2214 1214 2496 1265 insinuent

946 1312 1199 1366 l‘aioitiari
1230 1310 1523 1377 colloquio,
1559 1317 1651 1359 aut
1681 1321 1776 1373 per
1799 1321 1987 1357 carum
2028 1318 2379 1368 emigressum
2433 1317 2495 1356 ac

946 1405 1174 1456 delicias
1229 1408 1491 1453 euenent
1534 1408 1588 1450 et
1620 1398 1909 1465 inquinent
1941 1406 2217 1463 arreptum
2252 1395 2497 1462 proposi-

945 1505 1081 1548 tum.
1118 1493 1346 1557 Quidam
1375 1491 1546 1551 enim,
1597 1499 1856 1557 pra-textu
1892 1504 1919 1539 a
1952 1488 2330 1554 eompassione
2379 1488 2497 1538 l'ru-

944 1597 1059 1640 stra
1104 1587 1355 1654 il‘lilfailn,
1414 1584 1726 1645 religiosum
1774 1596 1896 1634 esse
1948 1588 2173 1631 censent
2219 1594 2281 1631 ac
2324 1578 2493 1645 pium,

946 1675 1111 1727 vitam
1137 1672 1352 1739 exigere
1378 1670 1741 1722 communiter
1778 1685 1901 1721 cum
1942 1667 2290 1718 mulieribus.
2324 1668 2496 1729 Quot-

947 1771 1079 1830 qum
1113 1763 1216 1813 hoc
1250 1760 1455 1815 faciunt
1503 1759 1737 1824 aggressi
1789 1774 1854 1809 ex
1903 1758 2147 1826 professo
2197 1756 2493 1809 solitariam

2201 385 2558 443 ANTIOCHI
2603 386 2937 447 MONACIII

4005 390 4152 457 1480

3200 499 3410 550 ΛΟΓΟΣ
3443 501 3534 551 ῐΖ’.

2872 587 3009 655 Περὶ
3049 588 3154 641 τοῦ
3193 590 3518 657 ἀπέχεσθαι
3548 589 3861 659 γυναικῶν.

2664 742 2735 793 Τὸ
2763 741 3065 811 ἀπέχεσθαι
3086 744 3381 809 γυναικῶν,
3415 746 3555 797 πάνυ
3590 746 3894 814 πρόσφορον
3926 744 4018 794 καὶ
4046 743 4151 810 ἁρ-

2600 834 2775 902 μόόιὸν
2810 838 2923 887 ἐστι
2962 839 3070 897 τοῖς
3100 837 3341 889 ἐθέλουσι
3370 838 3483 906 βίον
3508 840 3739 905 ἄμωμον
3765 838 3857 888 καὶ
3882 835 4153 905 άκηλίὸω·

2597 940 2687 974 τον
2718 924 2945 991 διάγειν.
2996 926 3360 996 Ἀνάρμοστον
3417 931 3522 997 γάρ
3577 932 3689 988 τοῖς
3740 929 3885 990 ὰπάξ
3918 927 4152 994 φυγοῦσι

2596 1014 2684 1065 τὸν
2706 1015 2908 1083 κόσμον
2937 1017 3144 1085 ὁμιλεῖν
3176 1020 3439 1086 γυναιξὶν,
3472 1021 3501 1087 ἢ
3544 1020 3823 1087 γλίχεσθαι
3863 1018 4152 1086 συντυχίας

2596 1108 2887 1171 γυναικῶν,
2929 1109 3081 1172 Τινὲς
3118 1110 3226 1179 γὰρ
3266 1113 3533 1180 προφάσει
3570 1112 3732 1179 δῆθεν
3780 1110 4155 1178 ουμταθείαξ,

2596 1194 2820 1256 εὐσεϐὲς
2876 1196 3075 1250 οἴονται
3119 1201 3420 1267 συνδιάγειν
3473 1202 3719 1267 γυναιξί·
3766 1201 4157 1271 ῥιψοκινδύνως

2601 1285 2897 1354 μονώτατοι
2938 1289 3094 1342 τοῦτο
3125 1293 3489 1360 πράττοντες·
3545 1295 3593 1346 οἳ
3648 1294 3741 1345 καὶ
3792 1293 4159 1360 summa“:

2600 1379 2692 1428 καὶ
2725 1380 3036 1434 σκανδάλων
3061 1382 3270 1435 πολλῶν
3309 1384 3471 1436 αἴτιοι
3503 1385 3761 1450 γίνονται,
3800 1385 3908 1436 Καὶ
3938 1400 4159 1451 προφά-

2602 1470 2706 1532 νὼς
2740 1472 2911 1535 οὕτως
2960 1474 3396 1543 ἀσχημονοῦντες
3426 1477 3523 1528 οὐκ
3558 1477 3871 1545 ἐρυθριῶσι.
3917 1476 3981 1526 Τί
4019 1474 4065 1525 δ’
4093 1472 4159 1524 ἂν

2596 1561 2657 1611 οὐ
2692 1566 2953 1630 ποιήσωσι
2986 1566 3095 1618 τῶν
3134 1567 3354 1633 ἀφανῶν
3387 1567 3589 1627 κακῶν,
3620 1568 3669 1618 εἰ
3699 1566 3791 1617 ἐπὶ
3813 1570 3923 1627 τοῖς
3954 1564 4157 1633 προδήο

2598 1651 2709 1715 λοις
2736 1654 2905 1718 οὓτως
2939 1656 3360 1727 ὲναϐρύνονταις
3408 1661 3529 1723 Πῶς
3561 1661 3616 1711 δὲ
3652 1659 4161 1728 σωφρονισθεξησάν

2599 1747 2711 1813 οἵγε
2761 1751 2853 1801 καὶ
2903 1751 3029 1811 τοὺς
3088 1752 3497 1821 σωφρονοῦντας
3550 1754 3849 1819 γελῶντεςς
3912 1754 4037 1813 uo;
4101 1753 4161 1804 δὲ

945 1857 1137 1916 vitam,
1172 1854 1358 1920 utique
1386 1869 1486 1904 suo
1508 1852 1609 1902 hoe.
1630 1851 1835 1903 faciunt
1866 1850 2131 1918 periculo,
2163 1865 2329 1917 seque
2356 1850 2499 1902 ultro
2534 1842 2572 1895 Β
2600 1839 2707 1903 ἐ)ιεῖ

2397 1850 2499 1902 ltro
2534 1842 2572 1895 Β
2600 1839 2943 1908 ἐλεγχόμενοι
2989 1842 3305 1905 παύσονται,
3355 1845 3470 1910 οἵγε
3515 1848 3610 1896 καὶ
3660 1846 3784 1906 τοὺς
3833 1844 4159 1911 ἐλέγχοντας

950 1947 1180 1998 trudunt
1216 1947 1267 1997 in
1302 1944 1693 2012 pneeipitium,
1732 1942 1895 1994 iidem
1933 1941 1996 1993 ad
2040 1941 2334 2007 ingerenda
2367 1956 2498 1992 eon-

948 2040 1089 2091 vicia
1111 2037 1611 2106 propensissimi,et
1628 2035 2007 2087 seandalornm
2025 2049 2125 2086 nec
2144 2034 2499 2087 mediocrium

950 2132 1071 2184 miri
1104 2130 1345 2197 opifices.
1404 2129 1604 2196 1051
1663 2126 1908 2193 Cumque
1952 2126 2005 2178 in
2052 2126 2294 2177 omnimn
2328 2125 2503 2177 oeulis

950 2238 1007 2274 se
1030 2221 1350 2288 usqueadeo
1374 2228 1566 2286 gerant
1586 2217 1865 2276 indecore,
1900 2234 2000 2269 nec
2024 2218 2105 2268 vel
2132 2217 2210 2268 sie
2230 2216 2500 2268 tantillum

949 2308 1381 2375 sumiudeseunt.
1412 2305 1550 2367 Quid
1587 2322 1692 2356 non
1728 2305 1814 2356 isti
1848 2305 2138 2370 designent
2175 2305 2501 2371 ﬂagitiorum

951 2401 1005 2452 in
1025 2401 1261 2453 oeenlto.
1288 2408 1342 2449 et
1365 2414 1484 2465 quae
1508 2396 1786 2447 hominum
1814 2396 1999 2447 fallant
2022 2397 2267 2453 obtutus,
2287 2396 2503 2463 quando

953 2490 1005 2542 in
1038 2497 1324 2557 prospectu
1354 2488 1595 2538 oiuiuum
1635 2487 1713 2537 sic
1739 2486 2085 2554 impudenter
2128 2502 2184 2538 se
2225 2487 2504 2538 venditant

951 2593 1006 2633 et
1038 2580 1374 2646 gloriantur?
1435 2579 1677 2641 Quonam
1726 2586 1883 2643 paeto
1930 2577 1994 2628 ad
2046 2578 2396 2628 sobrietatem
2441 2591 2505 2629 ac

952 2672 1077 2723 vita:
1109 2671 1470 2735 frugalitatem
1499 2686 1556 2721 se
1592 2669 1881 2735 recipient,
1903 2670 1994 2735 qui
2028 2668 2370 2729 deridiculis,
2403 2682 2504 2719 nec

954 2762 1193 2815 ferendis
1222 2760 1407 2813 sannis
1448 2760 1803 2827 proscindunt
1848 2773 1946 2811 eos
1992 2774 2130 2826 quos
2169 2760 2357 2812 vident
2399 2759 2503 2812 sibi

954 2862 1253 2921 temperate
1288 2868 1347 2905 ac
1368 2851 1644 2903 moderate
1662 2850 1883 2903 vivere?
1900 2850 2034 2915 Qua,
2062 2868 2267 2918 qua-so,
2297 2852 2505 2906 ralionc

954 2961 1141 3013 speres
1166 2945 1299 2996 istos
1327 2942 1753 3009 interquieturos
1780 2950 1834 2993 et
1857 2942 1923 2994 ab
1963 2942 2312 3010 improbitate
2362 2943 2507 2997 desi-

956 3047 1129 3099 turos,
1172 3034 1264 3103 qui
1293 3035 1591 3102 quamlibet
1618 3033 1969 3087 evidentibus
2007 3036 2343 3103 argumentis
2376 3052 2506 3089 con-

954 3127 1108 3187 victi,
1130 3126 1331 3179 misere
1364 3133 1705 3191 concerpunt
1731 3141 1793 3176 ac
1816 3125 2092 3178 lancinant
2120 3142 2177 3178 se
2205 3142 2472 3194 coarguen
2496 3154 2508 3168 -

956 3218 1074 3269 tes?
1109 3216 1213 3268 Aut
1238 3232 1347 3283 quo
1384 3216 1601 3269 tandem
1627 3216 1790 3267 modo
1818 3216 2003 3268 divina
2038 3218 2256 3270 oracula
2285 3218 2507 3272 indubia

955 3306 1061 3359 fide
1096 3307 1183 3358 isti
1223 3316 1576 3359 revercantur
1595 3316 1650 3359 et
1679 3307 1883 3359 habere
1902 3308 2109 3375 possint
2141 3308 2507 3371 venerationi,

954 3398 1047 3466 qui
1095 3398 1398 3450 fabularum
1446 3398 1566 3450 loeo
1632 3414 1786 3450 sacra
1824 3399 2026 3452 habent
2091 3398 2353 3468 eloquia?
2404 3400 2507 3466 Qui

953 3487 1252 3539 etiamnum
1305 3487 1572 3556 judicium
1622 3488 1755 3541 illud
1792 3488 2113 3553 formidant,
2165 3490 2258 3557 qui
2309 3490 2391 3543 vel
2426 3499 2508 3544 te-

955 3579 1150 3631 nendis
1201 3579 1457 3631 memoria
1492 3579 1583 3631 Dei
1638 3579 1947 3642 mandatis,
1983 3595 2109 3632 suas
2159 3595 2354 3648 operas
2401 3590 2507 3634 tam

956 3671 1256 3722 oscitanter
1285 3670 1631 3723 conuuodant
1655 3710 1668 3732 ,
1700 3687 1798 3738 pro
1823 3671 2220 3725 consuetudine
2267 3688 2379 3726 sua:
2413 3688 2505 3725 cx-

957 3758 1089 3825 legis
1122 3759 1246 3810 vitm.
1272 3758 1951 3819 interimobambulantes.
1989 3760 2040 3813 id
2088 3761 2234 3828 quod
2279 3777 2380 3815 nec
2423 3762 2504 3816 fas

958 3848 1392 3905 ulliCbristiano
1422 3890 1436 3912 ,
1474 3851 1597 3918 pius
1642 3850 1736 3919 qui
1785 3850 1877 3904 sit.
1934 3850 2225 3919 Egregium
2275 3853 2503 3921 proinde

956 3938 1141 3998 fuerit,
1168 3955 1197 3992 a
1247 3938 1533 3992 mulierum
1562 3954 1856 4008 congressu
1884 3939 1929 3993 si
1974 3954 2075 3992 nos
2097 3939 2243 4007 ipsos
2274 3943 2501 3995 amolie-

2600 1932 2972 2001 ὀιασύροντες;
3004 1935 3124 1997 ΙΙῶς
3148 1936 3205 1987 δὲ
3233 1939 3323 1988 καὶ
3345 1939 3471 1999 τους
3501 1936 3674 1999 θείους
3706 1938 3986 2006 χρησμοὺς
4011 1937 4160 1989 αἰδε-

2603 2022 2820 2075 σθῶσιν.
2842 2024 2889 2074 'ii'
2910 2041 2970 2090 γε
3009 2024 3209 2092 μύθους
3239 2026 3431 2088 αὐτοὺς
3463 2027 3803 2094 νομίζουσινς
3830 2029 3955 2089 Πῶς
3977 2028 4033 2079 δὲ
4057 2030 4160 2096 τὴν

2602 2113 2778 2181 κρίσιν
2810 2114 3238 2184 φοϐηθήσονται,
3277 2118 3390 2185 οἶγε
3440 2118 3573 2185 μηδὲ
3625 2115 3762 2169 εἶναι
3816 2119 4021 2186 ταύτην
4070 2119 4160 2170 διά

2600 2207 2706 2258 τῶν
2751 2206 2925 2277 ἔργων
2955 2209 3343 2277 κηρύττοντες;
3376 2211 3495 2270 ne,-
3547 2210 3602 2260 δὲ
3638 2210 3716 2279 τῷ
3766 2211 3986 2278 Χριστῴ
4036 2228 4161 2262 πει-

2605 2301 2930 2368 οθήσονται,
2986 2304 3033 2353 ol
3086 2302 3159 2369 μὴ
3207 2302 3516 2370 βουλόμενοι
3563 2303 3659 2363 τὰς
3722 2304 3939 2364 ἐντολάς
3992 2302 4161 2355 αὑτοῦ

2604 2397 2877 2462 κατέχειν,
2909 2395 3044 2446 ἀλλὰ
3073 2398 3184 2457 τοῖς
3223 2396 3429 2447 ἑαυτῶν
3460 2397 3730 2463 θελήμασι
3763 2398 4158 2465 πορευόμενοις

2604 2482 2780 2552 ’Ὅπερ
2812 2484 2873 2533 οὑ
2920 2484 3079 2550 θέμις
3121 2486 3233 2544 τοῖς
3286 2484 3535 2536 εὐσεϐέσι
3580 2486 3947 2553 Σίριστιανοίς.
3984 2486 4162 2537 liciti»:

2603 2569 2693 2625 οὖν
2728 2576 2874 2626 ἐστιν
2898 2575 3297 2643 ἀπαυτομολεῖν
3328 2577 3419 2628 ἀπ’
3446 2577 3640 2630 αὐτῶν.
3677 2578 3843 2630 Τοῦτο
3872 2580 3980 2646 γάρ
4012 2582 4163 2631 ἐστιν

2604 2668 2895 2735 εὐάρεστον
2924 2666 3041 2734 Θεῷ
3068 2668 3160 2719 καὶ
3187 2667 3510 2736 ἀνθρώποις.
3545 2670 3607 2721 'll
3631 2670 3737 2735 γάρ
3769 2671 3866 2737 τῆς
3900 2670 4163 2735 γυναικὺς

2604 2758 2724 2824 ὄψις
2758 2758 2907 2826 βέλος
2943 2759 3058 2809 ἐστὶ
3082 2761 3627 2828 πεφαρμακευμένον.
3650 2762 3895 2830 Ἐτρωσε
3923 2764 4024 2831 τὴν
4055 2762 4163 2829 dau-

2603 2849 2724 2917 χὴν,
2749 2849 2847 2900 «αἱ
2886 2850 2973 2898 τὸν
3009 2850 3083 2900 ἰὸν
3115 2849 3429 2912 ἐναπέθετο,
3472 2852 3565 2902 καὶ
3598 2853 3705 2918 ὅσῳ
3746 2850 4005 2919 χρονίζει,
4039 2868 4165 2903 τοσ-

2603 2939 2756 2991 οῦτον
2780 2940 2877 3007 τὴν
2910 2940 3071 3009 σῆψιν
3115 2940 3427 3009 ἐργάζεται·
3470 2942 3498 2993 ὁ
3528 2942 3585 2994 δὲ
3617 2943 4040 3009 φυλασσόμενος.
4061 2945 4162 2995 οὐκ

2605 3033 2819 3102 ἐμπέσῃ
2853 3034 2930 3092 εἰς
2962 3032 3147 3100 αὑτὴψ
3183 3034 3275 3084 καὶ
3301 3034 3361 3084 οὐ
3404 3032 3478 3101 μὴ
3510 3033 3691 3103 τρωθῇ
3720 3036 3823 3087 ὑπὸ
3852 3035 3960 3086 τῶν
3995 3035 4165 3103 βελῶν

2608 3124 2794 3192 αὐτῆς.
2828 3123 3034 3193 Ὠσπερ
3066 3124 3173 3193 γὰρ
3193 3123 3292 3192 τὴν
3323 3122 3420 3176 τοῦ
3460 3124 3650 3192 λύχνου
3683 3126 3944 3191 λαμπάδι
3971 3128 4164 3195 τρέφει

2608 3213 2806 3274 ἔλαιον,
2835 3210 2977 3264 οὕτω
3014 3212 3106 3263 καὶ
3149 3212 3239 3263 τὸν
3268 3211 3366 3279 τῆς
3399 3210 3593 3280 ἡδονῆς
3630 3213 3837 3279 πυρσὸν
3878 3212 4163 3280 ἐξάπτειή

2602 3302 2704 3369 τῆς
2732 3301 2987 3368 γυναικὸς
3015 3299 3293 3367 συντυχίαν
3320 3300 3413 3351 καὶ
3434 3299 3622 3368 ὥσπερ
3651 3299 3883 3368 σπινθὴρ
3905 3301 4166 3368 χρονίσας

2603 3392 2662 3443 ὲν
2689 3390 2908 3460 ἀχύροις
2938 3390 3084 3459 αἴρει
3124 3390 3317 3457 φλόγα,
3366 3389 3509 3441 οὕτω
3550 3392 3732 3458 μνήμη
3765 3392 4029 3457 γυναικὸς
4057 3408 4166 3444 πα-

2606 3482 2914 3551 ραμένουσα
2941 3479 3161 3545 ἐξάπτει
3202 3479 3514 3547 ἐπιθυμίάνθ
3548 3480 3645 3531 καὶ
3683 3479 3874 3551 ὥσπερ
3909 3482 3961 3532 οἱ
3995 3500 4166 3551 πυρο-

2606 3574 2749 3624 ϐόλοι
2780 3571 2916 3624 λίθοι
2948 3574 2996 3623 οἱ
3027 3573 3086 3623 ἐν
3109 3570 3187 3640 τῷ
3216 3570 3519 3638 ἁνατολικῷ
3547 3570 3683 3639 ὄρει,
3720 3572 3749 3623 ὁ
3774 3573 3953 3641 ἄρρην
3984 3574 4080 3625 καὶ
4106 3574 4167 3625 τὸ

2606 3664 2765 3734 θῆλυ,
2791 3666 2848 3717 ἐν
2940 3667 3074 3717 εἰσιν
3105 3663 3325 3735 μακρὰν
3364 3664 3458 3716 ἀπ’
3489 3664 3753 3733 ἀλλήλων,
3782 3664 4021 3733 οὐδαμοῦ
4052 3664 4168 3733 πῦρ

2609 3756 2773 3807 καίει·
2822 3755 2916 3807 ἐὰν
2950 3755 3007 3808 δὲ
3035 3753 3230 3825 ἐγγίσῃ
3260 3754 3339 3822 τῷ
3370 3755 3561 3826 ἄρρενι
3592 3756 3623 3822 ή
3662 3754 3829 3822 θῆλυς
3859 3758 4167 3809 ἁνάπτετιι

2608 3845 2741 3915 πῦρ,
2762 3844 2850 3897 καὶ
2882 3845 3171 3915 ἐμπυρίζει
3201 3845 3397 3898 πάντα·
3428 3844 3570 3898 οὕτω
3598 3845 3693 3899 καὶ
3722 3846 3783 3898 τὸ
3811 3845 4032 3914 λογικὸν
4066 3849 4170 3917 ἁρ-

2608 3936 2886 4008 ῥενόθηλν.

957 4047 1081 4086 mur
1110 4046 1269 4099 quam
1296 4030 1630 4099 longissime.
1680 4030 1793 4084 lloc
1853 4029 2000 4084 enim
2045 4031 2156 4084 Deo
2218 4046 2342 4085 cum
2386 4034 2577 4102 primis
2613 4031 2943 4103 gratiosum,
2996 4037 3053 4082 et
3097 4027 3418 4083 hominibus
3445 4044 3703 4099 perquam
3726 4032 3983 4088 amabile.
4042 4034 4167 4103 Ipso

959 4129 1103 4180 enim
1130 4127 1211 4179 vel
1241 4135 1493 4194 aspectus
1519 4125 1765 4178 mulieris
1785 4124 1955 4178 telum
1996 4134 2079 4178 est
2123 4140 2338 4179 veneno
2364 4128 2552 4181 lethali
2587 4129 2769 4182 litum.
2797 4125 2867 4180 Ut
2887 4125 3123 4193 prlmum
3176 4123 3376 4177 vulnus
3402 4124 3568 4178 atlixit
3599 4125 3812 4187 animae,
3856 4142 3920 4182 ac
3963 4130 4167 4183 misere

960 4220 1223 4273 saueiavit
1252 4220 1608 4288 impressione
1626 4220 1855 4288 sagittze,
1906 4230 2113 4287 quanto
2173 4219 2577 4276 diuturniorem
2615 4221 2836 4277 conﬁcit
2862 4235 3091 4281 moram,
3117 4226 3266 4272 tanto
3296 4219 3744 4286 periculosiorem
3774 4224 4165 4293 putrilaginem

961 4312 1015 4364 in
1038 4327 1101 4363 ea
1124 4319 1399 4378 operatur.
1454 4308 1555 4374 Qui
1587 4318 1769 4361 autem
1805 4309 2135 4363 vitabundus
2166 4325 2224 4363 se
2254 4325 2284 4362 a
2312 4310 2556 4364 mulieris
2582 4310 2871 4363 submovet
2895 4308 3175 4362 consortio
3195 4349 3210 4372 ,
3272 4309 3319 4363 is
3372 4325 3484 4363 non
3549 4310 3709 4364 facile
3738 4311 3792 4364 id
3858 4314 4165 4369 incurrerit

961 4402 1212 4471 periculi,
1246 4416 1425 4469 neque
1459 4402 1566 4453 telo
1593 4400 1834 4453 (audieris
1862 4400 2081 4453 saueius
2107 4400 2399 4469 aliquando
2432 4401 2703 4456 concidet.
2737 4399 3205 4466 Quemadmodum
3235 4400 3382 4452 enim
3426 4400 3773 4469 splendorem
3801 4404 4044 4459 lucernae
4068 4408 4167 4461 alit

961 4498 1162 4557 oleum,
1195 4495 1273 4548 sic
1292 4494 1698 4561 etcolloqnium
1724 4493 1970 4547 mulieris
2000 4494 2177 4561 ignem
2242 4494 2590 4548 redacoendit
2616 4494 2931 4562 voluptatis.
2953 4493 3150 4560 Utique
3192 4494 3463 4556 scintilla,
3498 4493 3710 4547 diutius
3751 4497 3795 4549 si
3836 4496 4166 4554 immoretur

960 4588 1334 4641 adlueresccns
1354 4585 1545 4654 paleis,
1577 4586 1813 4653 erumpit
1844 4586 1898 4638 in
1931 4584 2200 4640 flammam
2237 4604 2251 4639 :
2288 4576 2366 4641 sic
2402 4587 2670 4642 memoria
2701 4588 3009 4657 cujuspiam
3051 4586 3414 4651 mulierculae,
3464 4587 3509 4640 si
3545 4589 3630 4641 vel
3673 4590 3949 4643 tantillum
3975 4592 4160 4657 duret,

962 4682 1274 4735 incendium
1309 4680 1506 4734 excitat
1534 4681 2010 4749 concupiscentia}.
2045 4682 2200 4736 Sicut
2238 4682 2367 4735 item
2398 4682 2609 4752 lapides
2632 4682 2707 4736 illi
2733 4682 2787 4735 in
2811 4690 2998 4735 monte
3038 4681 3208 4735 anm
3233 4681 3446 4751 plagam
3485 4682 3811 4750 respiciente
3833 4724 3848 4747 ,
3884 4701 3916 4738 e
3944 4689 4163 4743 venulis

961 4776 1075 4827 suis
1137 4775 1324 4827 attritu
1359 4781 1455 4826 aut
1484 4774 1838 4843 contiguitate
1867 4776 2210 4842 ejaculantur
2230 4776 2441 4845 ignem:
2469 4776 2542 4832 ita
2568 4793 2682 4831 mas
2709 4786 2765 4830 et
2794 4775 2991 4830 femina
3012 4776 3056 4829 si
3105 4775 3173 4829 ab
3218 4775 3450 4829 invicem
3489 4778 3752 4831 semotius
3780 4778 4158 4849 disparentur,

964 4866 1277 4933 neutiquam
1331 4864 1648 4918 exardescet
1680 4865 1818 4934 ignis
1860 4866 1982 4921 :sin
2020 4868 2158 4921 mari
2194 4883 2253 4922 se
2294 4868 2494 4921 femina
2561 4867 2785 4936 propius
2826 4865 3147 4927 admoverit.
3184 4865 3327 4934 ignis
3388 4866 3773 4935 eontlagrabit,
3825 4880 3993 4938 atque
4036 4874 4161 4926 uni-

962 4973 1115 5013 versa
1165 4958 1416 5025 depascet
1469 4956 1739 5011 incendio.
1796 4956 1876 5011 Ad
1912 4974 2037 5012 eum
2064 4959 2283 5013 modum
2315 4975 2372 5013 se
2410 4960 2573 5014 habet
2604 4958 2800 5012 animal
2847 4957 2978 5009 illud
3008 4958 3300 5018 rationale,
3348 4956 3453 5020 vir,
3494 4956 3587 5011 sed
3611 4957 3977 5015 effeminatus.

1033 5048 1322 5115 Fugiamus
1349 5048 1529 5116 itaque
1568 5047 1920 5115 (charissimi)
1950 5048 2167 5102 illarum
2203 5050 2499 5113 consortia,
2536 5054 2576 5105 υ
2675 5046 2795 5111 drin

2395 5050 2499 5113 'tia,
2536 5054 2576 5105 υ
2675 5046 2936 5114 Φύγωμεν
2990 5040 3083 5097 οὖν
3130 5046 3223 5097 ἀπ’
3261 5044 3459 5106 αὐτῶν,
3489 5045 3781 5113 ἀγαπητοὶ,
3811 5046 3895 5097 ὅτι
3924 5047 4157 5121 δηλητή.

964 5146 1090 5190 sunt
1139 5135 1283 5188 enim
1332 5136 1475 5189 aliud
1506 5136 1643 5188 nihil
1673 5136 1792 5189 viro
1827 5152 1987 5204 quam
2021 5138 2174 5190 virus
2216 5148 2504 5205 prasenta-

966 5239 1147 5285 neum,
1172 5232 1231 5275 ut
1252 5239 1371 5291 qua:
1398 5227 1603 5278 animas
1628 5234 1840 5278 nostras
1874 5226 2188 5293 procliviter
2211 5226 2501 5279 admodum

963 5314 1079 5366 suis
1105 5313 1353 5367 irretiant
1373 5312 1580 5382 pcdicis
1601 5355 1616 5377 ,
1640 5330 1739 5369 ceu
1778 5315 1952 5384 plagis
1979 5315 2261 5369 venaticis.
2311 5316 2502 5369 Audia-

966 5419 1087 5457 mus
1117 5403 1331 5455 interim
1367 5403 1496 5472 quid
1529 5403 1596 5456 dc
1642 5404 1845 5458 eisdem
1883 5403 2065 5457 divina
2115 5404 2304 5472 jubeat
2352 5404 2502 5457 Seri-

964 5505 1144 5562 ptura.
1205 5493 1415 5547 Primus
1467 5494 1519 5547 in
1582 5510 1761 5548 arcam
1801 5495 2027 5563 prodeat
2082 5495 2505 5549 Parozmiastcs:

973 5602 990 5632 c
1022 5584 1056 5635 Α
1089 5583 1315 5636 muliere
1352 5584 1677 5653 principium
1704 5587 1911 5654 peccati
1943 5627 1958 5644 .
1995 5595 2051 5639 ct
2097 5602 2193 5655 per
2226 5601 2343 5639 eam
2391 5600 2508 5638 mo-

968 5673 1137 5724 rinmr
1169 5689 1361 5726 omnes
1393 5674 1431 5727 ‘.
1464 5694 1480 5723 ι
1519 5676 1730 5731 lnducit
1762 5696 1773 5729 ι
1813 5700 1829 5726 ι
1862 5677 1937 5731 Ne.
1972 5677 2070 5731 (les
2097 5693 2249 5745 aqum
2275 5677 2503 5740 exitum,

1032 5767 1054 5800 ⁸
1080 5768 1244 5826 Eceli.
1272 5786 1389 5833 xxv,
1415 5771 1502 5825 55.

2609 5155 2725 5207 ριον
2755 5137 3091 5205 ὑπάρχουσιν
3122 5137 3179 5188 αἱ
3209 5135 3387 5188 αὐτῶν
3435 5136 3746 5205 συντυχίαι,
3775 5138 3870 5191 καὶ
3916 5141 4158 5210 εὐχερῶς

2605 5228 2900 5297 ἀγρεύουσι
2928 5228 3023 5289 τὰς
3045 5227 3223 5297 ψυχὰς
3249 5228 3422 5295 ἡμῶν.
3468 5227 3810 5297 Ἀκούσωμεν
3830 5225 3923 5281 οὖν
3956 5232 4009 5283 τί
4032 5237 4160 5303 περὶ

2606 5317 2785 5369 αὐξῶν
2816 5320 2903 5369 και
2944 5319 2977 5386 ὴ
3005 5317 3123 5370 θεία.
3159 5316 3347 5387 Γραφῇ
3386 5317 3709 5388 διαγορεύει.
3746 5319 3968 5388 Πρῶτος
3995 5323 4025 5374 ὁ
4049 5326 4159 5375 Πα-

2607 5408 2931 5477 ροιμιαστής
2961 5422 3143 5476 φησιν·
3178 5424 3196 5457 ι
3240 5407 3372 5459 Ἀπὸ
3410 5407 3663 5475 γυναικὸς
3689 5409 3829 5478 ἁρχὴ
3858 5411 4155 5481 ἁμαρτίας,

2606 5500 2698 5551 καὶ
2728 5498 2797 5549 δι’
2826 5497 2993 5565 αὐτῆς
3031 5499 3447 5567 ἀποθνήσκομεν
3474 5499 3689 5560 πάντες.
3729 5518 3749 5551 ι
3782 5502 3891 5552 Καὶ
3925 5502 4154 5570 ἐπάγει·

2612 5605 2631 5637 ι
2673 5588 2763 5657 Μὴ
2790 5586 2896 5655 δῷς
2926 5587 3074 5640 nam
3104 5586 3300 5651 ἔξοδον,
3331 5588 3425 5639 καὶ
3456 5590 3673 5654 γυναικὶ
3703 5593 3915 5661 πονηρᾷ
3944 5598 4158 5665 mpm-

2607 5678 2746 5732 σίάν.
2780 5698 2795 5727 ι
2833 5678 2961 5730 Καί’
2992 5697 3011 5730 ι
3043 5677 3133 5747 Μὴ
3172 5679 3485 5748 προσπέσῃς
3510 5680 3602 5732 ἐπὶ
3618 5679 3811 5743 κάλλος
3842 5687 4152 5749 γυναικός.»
