4462 6440
171 488 304 553 1481

596 496 926 555 llOMlLlA
968 497 1230 557 XVII.—
1279 497 1375 554 DE
1411 492 1706 552 ABSTIN.
1747 496 1792 548 Α
1831 492 2257 565 COLLOQUIU
2297 500 2454 559 CUM
2495 501 2995 564 MULIERIBUS.

3289 505 3424 575 1482

170 611 279 664 Καί
305 629 317 639 ·
363 629 379 661 ι
418 612 653 676 γυναῖκα
703 612 778 683 μὴ
803 613 1180 683 ἐπιθυμήσῃς.
1219 631 1237 663 ι
1274 612 1383 664 Καὶ
1409 609 1608 663 πάλιν·
1652 628 1668 658 ι
1700 607 1748 659 οἷ
1780 609 1820 664 Α
1851 616 1906 661 et

1656 628 1668 658 ι
1700 607 1748 659 οἱ
1780 609 1820 664 Α
1851 616 1906 661 et
1945 609 2164 663 mulieri
2196 612 2350 665 malae
2379 612 2638 666 fiduciam
2670 614 2930 683 loquendi
2958 615 3250 671 adversum
3278 623 3362 674 te"
3388 644 3418 668 .ι

164 702 440 771 ὀφθαλμοί
485 720 579 755 σου
636 705 772 773 ὀρθά
823 705 1194 775 βλεπέτωσαν,
1240 706 1322 757 ὃτι
1371 703 1601 756 ἐνώπιόν
1641 701 1749 752 εἰσι

164 790 278 841 τῶν
324 791 420 842 τοῦ
478 791 614 844 Θεοῦ
659 793 959 862 ὀφθαλμῶν
989 794 1101 848 ὁδοὶ
1147 792 1360 862 ἀνδρός.
1409 791 1603 859 ὐρθὰς
1634 807 1750 861 τροο

165 886 296 949 χιάς
321 884 548 952 ποίησον
570 887 682 947 σοῖς
709 885 855 937 ποσί’
884 884 959 955 μὴ
983 884 1235 956 ἐκκλίνῃς
1264 887 1343 947 είς
1361 885 1429 935 τά
1449 882 1616 946 δεξιὰ,
1643 900 1748 949 μη-

162 974 219 1026 δὲ
263 977 344 1038 εἰς
374 976 441 1027 τὰ
478 978 767 1046 ἀριστερά.
810 978 1178 1047 Ἀπόστρεψον
1203 977 1294 1029 τὸν
1325 976 1461 1028 πόδα
1492 976 1600 1028 ἀπὸ
1627 974 1744 1026 ὀδοῦ

163 1069 367 1136 κακῆς.
409 1089 426 1122 ι
464 1071 574 1122 Καὶ
623 1072 823 1124 πάλιν·
863 1090 879 1120 ι
913 1072 1005 1124 Υἱὲ
1059 1071 1133 1139 μή
1183 1087 1240 1121 σε
1279 1071 1477 1137 νικήσῃ
1518 1065 1746 1128 κάλλους

160 1161 456 1229 ἐπιθυμία’
490 1163 626 1232 μηδέ
661 1163 942 1234 ἀγρευθῇς
973 1166 1085 1225 σοῖς
1109 1164 1430 1230 ὀφθαλμοῖς,
1469 1161 1600 1230 μηδὲ
1633 1177 1746 1211 συν.

159 1257 425 1323 αρπαγῇς
480 1257 595 1314 σοῖς
651 1255 966 1324 βλεφάροις,
989 1256 1070 1308 ὅτι
1110 1256 1268 1321 γυνὴ,
1301 1254 1509 1323 ἀνδρῶν
1546 1252 1747 1322 τιμίων

157 1344 341 1413 ψυχάς
365 1346 609 1414 άγρεύει.
645 1347 830 1418 Πλανᾷ
864 1349 970 1416 γάρ
994 1349 1086 1400 τὸν
1112 1348 1398 1416 ἄνθρωπον
1427 1348 1596 1416 πολλὴ
1627 1349 1746 1416 ὁμι-

157 1437 276 1496 λία,
319 1438 532 1507 βρόχοις
571 1457 628 1491 τε
664 1443 780 1502 τοῖς
811 1441 919 1494 ἀπὸ
956 1441 1176 1510 χειλέων
1220 1440 1510 1507 ἐξώκειλεν
1558 1441 1740 1494 αὑτὸν.

170 1529 234 1580 ’0
268 1530 326 1581 δὲ
371 1532 819 1600 ἐπηκολούθησεν
851 1536 1014 1602 αὐτῇ,
1051 1535 1363 1602 κεπφωθεὶς
1390 1533 1580 1602 ὥσπερ
1619 1534 1744 1602 βοῦς

155 1623 257 1674 ἐπὶ
298 1630 512 1691 σφαγὴν
555 1625 770 1688 ἄγεται,
821 1626 912 1676 καὶ
960 1624 1147 1694 ῶσπερ
1181 1624 1325 1676 κύων
1357 1625 1448 1676 ἐπὶ
1483 1624 1740 1692 δεσμοὺς,

153 1714 261 1765 οὐκ
295 1713 452 1769 εἰδὼς
482 1715 562 1765 ὅτι
590 1715 718 1783 περὶ
760 1714 938 1783 ψυχῆς
964 1716 1170 1784 τρέχει.
1203 1715 1293 1783 Μὴ
1324 1711 1417 1767 οὖν
1440 1714 1741 1767 ἐκκλινάτω

153 1803 239 1864 είς
272 1802 371 1864 τὰς
398 1803 550 1864 ὁδοὺς
573 1803 743 1870 αὐτῆς
772 1805 804 1872 ἡ
835 1803 1034 1873 καρδία
1063 1821 1177 1856 σου’
1217 1804 1441 1866 πολλοὺς
1469 1804 1577 1876 γάρ
1608 1803 1742 1874 τρώ·

155 1909 306 1944 σασα
336 1892 620 1945 κατέϐαλε.
667 1894 776 1946 Καὶ
821 1893 1190 1963 ἀναρίθμητοί
1232 1897 1392 1958 εἰσιν,
1425 1895 1518 1957 οὓς
1564 1896 1738 1960 πεφό-

154 2000 374 2037 νευκεν·
398 1985 507 2037 ὁδοὶ
538 1985 646 2052 γάρ
677 1984 804 2054 ᾅδου
838 1986 866 2037 ὁ
895 1979 1042 2046 οἶκος
1070 1983 1264 2051 αὐτῆς.
1296 1985 1632 2053 κατάγουσαι
1662 1987 1740 2048 είς

147 2079 385 2145 ταμιεῖα
415 2075 671 2128 Θανάτου.
717 2095 735 2128 ι
775 2075 963 2128 Ταῦτα
1016 2076 1115 2145 μὲν
1155 2078 1183 2128 6
1214 2076 1483 2144 Σολομῶν.
1516 2076 1642 2139 Πῶς
1681 2078 1740 2129 δέ

151 2169 252 2220 καὶ
281 2169 317 2236 ἡ
343 2169 614 2234 Αἰγυπτία
644 2185 658 2230 ;
709 2167 742 2235 ἡ
785 2168 886 2233 τὴν
917 2168 1132 2237 μορφὴν
1174 2167 1269 2220 τοῦ
1311 2169 1510 2238 Ἰωσὴφ
1536 2169 1740 2221 ἐπεπό-

149 2260 293 2328 θησε
323 2260 526 2328 σαρκὸς
563 2259 737 2327 πόθῳ,
769 2258 865 2311 τοῦ
896 2259 1051 2322 ὄντος
1093 2261 1427 2329 σεμνοτάτου
1450 2277 1464 2291 ο
1497 2262 1588 2313 καὶ
1618 2262 1739 2314 τού-

147 2366 251 2401 του
287 2349 362 2418 μὴ
392 2349 804 2411 ἐπινεύσαντος,
859 2350 940 2411 εἰς
984 2348 1193 2416 θλίψεις
1240 2351 1336 2402 καὶ
1379 2352 1736 2420 στενοχωρίας

147 2442 244 2493 διὰ
295 2442 394 2508 τῆς
430 2441 799 2509 ψευδηγορίας
849 2440 942 2492 τὸν
988 2441 1192 2509 εὐσεϐῆ
1238 2443 1586 2513 περιέπειρεν
1633 2443 1737 2504 ἓως

149 2533 417 2584 Θανάτου.
468 2531 650 2603 Ὁρᾷς,
693 2534 773 2584 ὅτι
804 2535 835 2589 6
869 2533 1254 2602 ἐντελεχισμὸς
1288 2535 1488 2603 σαρκὸς
1517 2536 1613 2603 τῆς
1647 2536 1739 2587 Λί-

148 2626 396 2691 γυπτίας
432 2627 606 2693 πόσην
656 2626 1066 2696 κατειργάσατο
1115 2626 1209 2678 τοῦ
1263 2627 1471 2678 δικαίου
1527 2626 1734 2694 Diu/iv;

144 2719 255 2769 Διά
304 2717 462 2769 τοῦτο
517 2714 612 2769 οὖν
671 2719 806 2769 πᾶσι
860 2719 1083 2787 τρόποις
1113 2719 1390 2787 συμφέρον
1421 2720 1551 2787 ἡμῖν
1590 2719 1737 2770 ἐστιν

145 2809 464 2877 ἀπέχεσθαι
497 2809 591 2860 ἀπ’
620 2809 821 2862 αὐτῶν.
849 2810 922 2860 Οὐ
964 2811 1072 2879 γὰρ
1106 2809 1284 2878 ἔχουσι
1319 2810 1653 2863 λυσιτέλειαν
1680 2812 1736 2863 αἱ

143 2902 340 2954 αὐτῶν
375 2902 652 2971 συντυχίαι
679 2906 788 2962 τοῖς
826 2902 1071 2955 θέλουσιν
1106 2905 1162 2954 ἐν
1191 2901 1418 2971 ἀληθείᾳ
1441 2902 1536 2970 τὴν
1567 2904 1736 2970 ὀσφὺν

145 2992 596 3062 περιξώσασθαι.
630 2994 743 3045 Οὐκ
770 2994 1008 3062 ἤκουσας
1048 2994 1176 3062 περὶ
1218 2993 1305 3044 τοῦ
1341 2993 1581 3060 Σαμψὼν
1625 2995 1736 3045 Να-

145 3089 425 3160 ζωραίου,
456 3089 576 3157 μεθ’
611 3083 671 3143 οὗ
703 3089 763 3140 τὸ
799 3089 1023 3159 Πνεῦμα
1052 3088 1144 3141 τού
1177 3089 1386 3158 Κυρίου
1411 3090 1731 3160 ἐπορεύετος

145 3182 248 3231 καὶ
289 3180 382 3231 τὸν
425 3179 668 3231 τοιοῦτον
719 3180 874 3246 ἆγιον
931 3182 963 3247 ἡ
1012 3179 1146 3247 γυνὴ
1208 3179 1455 3230 ἀπώλεσε
1505 3181 1590 3233 διὰ
1635 3182 1735 3247 τῆς

148 3270 444 3339 μοχθηρᾶς
500 3268 740 3336 σαρκὸς,
795 3269 888 3319 καὶ
939 3268 1202 3336 ἀθεμίτου
1261 3268 1576 3338 ἐπιθυμίας.
1636 3271 1731 3322 Διὰ

144 3360 315 3410 τοῦτο
347 3358 454 3409 οὐδ’
487 3358 620 3420 ὅλως
654 3358 1085 3427 ἐπιτρεπόμεθα,
1119 3357 1258 3425 μετὰ
1314 3360 1569 3423 γυναικὸς
1603 3361 1734 3412 καθ-

152 3453 301 3513 ίσαι,
341 3453 372 3519 ἦ
418 3451 562 3519 ἔχειν
617 3450 926 3518 συντυχίας,
979 3450 1041 3502 τὸ
1078 3449 1315 3502 σύνολον.
1365 3450 1597 3520 Ὀμοίως
1641 3455 1734 3504 καὶ

142 3543 285 3611 περὶ
316 3541 411 3593 τοῦ
439 3540 600 3592 Δαυῖδ
633 3542 692 3592 οὐ
729 3541 1114 3602 πεπαίδευσαι,
1142 3541 1201 3592 ὃν
1227 3541 1321 3594 καὶ
1349 3538 1507 3612 εὗρεν
1530 3542 1558 3591 ὁ
1602 3543 1733 3605 Θεὸς

143 3635 324 3701 ἄνδρα
360 3632 502 3683 κατὰ
529 3633 628 3698 τὴν
669 3631 900 3699 καρδίαν
929 3630 1094 3682 αὑτοῦ
1124 3647 1138 3693 ;
1177 3630 1300 3692 Πῶς
1331 3635 1510 3701 μορφῇ
1547 3649 1734 3698 γυναι-

145 3729 270 3790 κὸς,
307 3727 451 3792 λέγω
479 3726 534 3776 δὲ
562 3724 658 3792 τῆς
693 3722 988 3792 Βερσαὸεέ,
1025 3722 1393 3792 ἐπιθυμήσας,
1420 3723 1606 3784 πόσοις
1637 3741 1732 3775 κα·

145 3823 273 3881 κοῖς
328 3817 664 3885 περιέπεσες
712 3816 921 3884 ταύτην
966 3814 1075 3883 γὰρ
1109 3812 1231 3866 ἰδὼν
1267 3817 1294 3866 6
1323 3815 1474 3880 ᾰγιος
1519 3816 1734 3884 ἀληθῶς

142 3911 456 3979 λουομένην
477 3947 492 3969 ,
532 3908 590 3958 ἐν
621 3905 887 3974 ἐπιθυμίᾳ
924 3904 1025 3971 τῆς
1065 3903 1279 3972 μορφῆς
1306 3903 1475 3972 αὐτῆς
1505 3905 1732 3974 γενόμε-

141 4020 266 4066 νος,
318 4001 494 4069 πόσην
545 3997 746 4050 κακίαν
773 3997 801 4047 6
831 3995 1220 4064 παμμέγιστος
1271 3995 1410 4063 ἀνὴρ
1443 3996 1732 4064 κατειργά-

142 4107 326 4154 σατος
389 4091 497 4143 Καὶ
548 4090 797 4158 ἥμαρτεν
847 4088 927 4148 είς
961 4086 1094 4138 Θεὸν
1133 4085 1194 4136 ού
1232 4084 1394 4153 μόνον
1432 4087 1496 4153 τῇ
1545 4087 1734 4155 μοιχίᾳ

142 4179 498 4253 περιπεσὼν,
530 4179 667 4232 ἀλλὰ
703 4179 794 4230 καὶ
836 4177 928 4228 τὸν
964 4175 1130 4245 ἄνδρα
1161 4175 1336 4244 αὐτῆς
1379 4176 1732 4244 ἀναιρεθῆναι

141 4274 438 4334 κελεύσας·
468 4272 599 4341 ὁρᾷς
637 4270 813 4338 πόσην
840 4267 1292 4337 δραματουργίαν
1329 4267 1528 4330 κακίας
1555 4268 1734 4319 ἐτελε-

144 4365 454 4434 σιούργησε
518 4363 606 4413 διά
661 4361 762 4428 τὴν
820 4357 1116 4426 ἐπιθυμίαν
1172 4359 1200 4410 6
1250 4359 1465 4427 χριστὸς
1527 4358 1731 4426 Κυρίου

141 4452 354 4516 Auum;
388 4449 768 4516 παιδευθῶμεν
808 4447 902 4498 τοῦ
949 4447 1022 4515 μὴ
1065 4447 1374 4515 ἐπιθυμεῖν.
1411 4449 1473 4499 Εἰ
1506 4447 1614 4518 γὰρ
1637 4465 1734 4518 τη-

141 4543 392 4594 λικοῦτοι
419 4542 611 4609 ἄνδρες
640 4540 730 4592 διὰ
759 4537 1030 4606 γυναικῶν
1055 4537 1322 4599 ἑάλωσαν,
1359 4542 1474 4598 πῶς
1506 4541 1663 4607 ἡμεῖς
1683 4539 1733 4590 οἱ

1851 700 1965 754 Et:
2003 721 2020 752 ι
2051 702 2131 756 Ne
2179 703 2471 773 impegeris
2516 706 2568 759 in
2609 707 3084 774 pulchritudinem
3133 711 3419 766 mulieris.

1848 801 1905 846 et
1931 794 2215 850 mulierem
2252 811 2322 848 nc
2364 798 2785 867 concupiscas“.
2830 818 2846 849 ι
2902 800 3156 854 Rursus:
3211 821 3228 853 ι
3265 802 3419 861 Oculi

1852 887 1930 939 tui
1957 897 2106 941 recta
2137 889 2383 954 videant,
2414 894 2542 959 quia
2575 907 2761 944 coram
2794 893 2972 947 oculis
3000 894 3095 946 Dei
3120 893 3221 947 via:
3245 895 3418 949 homi-

1847 978 1936 1032 nis
1967 989 2127 1044 sunt;
2176 993 2354 1036 rectas
2393 983 2603 1037 orbitas
2643 983 2810 1037 facito
2836 985 3072 1053 pedibus
3117 985 3262 1050 tuis;
3313 1003 3418 1039 non

1849 1069 2157 1124 deelinabis
2208 1074 2274 1127 ad
2332 1073 2637 1138 dexteram,
2698 1091 2881 1144 neque
2959 1076 3026 1130 ad
3095 1078 3416 1131 sinistram:

1846 1172 2035 1217 averte
2088 1164 2284 1231 pedem
2333 1173 2488 1218 tuum
2549 1181 2579 1218 a
2635 1167 2720 1218 via
2777 1167 2985 1218 mala’.
3036 1184 3054 1216 ι
3118 1167 3354 1221 Rursum
3404 1185 3417 1219 :

1848 1253 1970 1315 Fili,
2026 1271 2094 1309 ne
2152 1263 2204 1308 te
2243 1267 2472 1325 superet
2514 1256 2871 1325 pulchritudo
2931 1258 3416 1326 concupiscentize,

1847 1359 1986 1398 neve
2034 1345 2275 1414 capiaris
2320 1348 2545 1415 pupillis
2604 1347 2751 1411 tuis,
2795 1348 2924 1416 quia
2966 1349 3172 1403 mulier
3209 1350 3420 1402 animas

1845 1443 2081 1487 venatur
2104 1436 2348 1488 virorum
2383 1438 2810 1493 honorabilium.
2853 1440 3117 1506 lmplanat
3140 1440 3417 1493 hominem

1845 1527 2015 1581 nmlta
2071 1528 2486 1592 collocutiouc,
2527 1541 2583 1584 et
2640 1532 2852 1601 laqueis
2905 1532 3180 1585 labiorum
3238 1534 3417 1587 illexit

1843 1632 1968 1671 eum
2027 1628 2084 1671 et
2145 1619 2403 1672 irrctivit.
2452 1621 2662 1689 1052
2718 1623 2813 1675 llle
2852 1630 3036 1676 autem
3070 1631 3294 1676 secutus
3331 1631 3417 1676 est

1841 1723 1984 1773 eam,
2007 1709 2296 1778 deceptus,
2326 1711 2482 1778 quasi
2519 1710 2620 1764 bos
2649 1710 2742 1780 qui
2774 1713 2995 1765 ducitur
3021 1713 3086 1766 ad
3112 1712 3413 1774 victimam,

1841 1813 1896 1856 et
1919 1804 2075 1872 quasi
2106 1804 2260 1857 canis
2286 1804 2354 1858 ad
2381 1805 2626 1867 vincula,
2653 1805 2909 1858 nesciens
2937 1807 3067 1873 quia
3101 1822 3202 1874 pro
3234 1806 3416 1858 anima

1844 1894 2044 1947 currit.
2103 1895 2180 1948 Ne
2215 1895 2384 1963 igitur
2416 1895 2660 1948 declinet
2694 1896 2748 1948 in
2780 1897 2897 1949 vias
2924 1897 3073 1949 illius
3101 1913 3197 1949 cor
3237 1906 3414 1950 tuum.

1843 1983 2043 2036 Multos
2075 1983 2223 2037 enim
2276 1993 2565 2052 postquam
2605 1985 2938 2050 vulneravit,
2969 1988 3173 2058 dejecit
3201 2006 3216 2042 :
3250 1999 3305 2043 et
3335 1989 3419 2040 in-

1840 2076 2214 2129 numerabiles
2244 2087 2371 2129 sunt
2396 2093 2538 2144 quos
2569 2077 2864 2132 interfecit.
2917 2080 3023 2133 Via:
3050 2081 3196 2134 enim
3229 2082 3414 2144 inferi,

1839 2167 2037 2221 domus
2071 2169 2191 2237 ejus
2216 2168 2555 2222 deducentes
2581 2168 2636 2222 in
2663 2170 3042 2238 promptuaria
3065 2173 3259 2226 mortis
3283 2175 3346 2226 ’°.
3391 2193 3408 2224 ι

1838 2258 1907 2312 Et
1934 2259 2049 2310 hate
2080 2259 2302 2326 quidem
2343 2258 2623 2312 Salomon.
2677 2259 2784 2312 Sed
2812 2262 2942 2330 quid
2965 2263 2989 2314 ?
3012 2262 3273 2330 Nunquid
3304 2279 3414 2316 non

1838 2347 2090 2417 A‘Igyptia
2124 2347 2236 2406 illa,
2268 2347 2471 2415 Joseph
2514 2349 2833 2416 concupivit
2863 2350 3072 2417 perfrui
3100 2350 3415 2418 pulchritu-

1839 2440 1990 2502 dine,
2021 2440 2228 2493 caruali
2269 2439 2549 2493 desiderio
2580 2440 2983 2505 exardescens,
3023 2459 3148 2496 cum
3197 2444 3287 2497 ille
3322 2461 3415 2498 ea-

1839 2533 2113 2585 stissimus
2157 2532 2346 2584 esset?
2389 2531 2527 2583 Cum
2581 2530 2870 2584 abnuisset
2899 2532 3168 2585 adultera:
3195 2534 3416 2602 explere

1838 2623 2368 2691 concupiscentiam,
2406 2623 2758 2676 tribulatione
2787 2638 2850 2676 ac
2883 2624 3171 2693 multijuga
3220 2641 3416 2679 neces-

1837 2715 2001 2767 sitate
2025 2729 2122 2780 per
2147 2713 2483 2766 delationem
2510 2713 2800 2766 mendacio
2826 2713 3232 2776 adumbratam,
3264 2718 3414 2784 pium

1839 2803 1992 2855 illum
2015 2818 2077 2855 ea
2105 2803 2376 2856 transfixit
2398 2810 2453 2855 et
2485 2805 2638 2856 velut
2671 2805 3030 2868 insubulavit,
3056 2807 3217 2874 plane
3243 2820 3415 2876 usque:

1838 2897 1905 2947 ad
1933 2903 2164 2948 mortem
2199 2937 2212 2947 .
2245 2895 2386 2949 Num
2416 2895 2609 2949 vides:
2637 2912 2766 2964 vaga
2799 2897 2888 2950 illa
2920 2914 3021 2952 nec
3061 2913 3247 2952 secum
3284 2914 3418 2953 con-

1839 2989 2042 3043 sistens
2084 2991 2258 3043 motio
2313 2991 2498 3043 earnis
2549 2991 2814 3061 A'lgyptim
2871 3001 3134 3060 quantam
3203 2994 3414 3063 peperi:

1832 3083 1984 3151 justo
2019 3082 2475 3136 tribulationem?
2504 3084 2597 3135 Vel
2628 3083 2698 3135 ob
2731 3084 2834 3137 hoe
2865 3100 2996 3138 sane
3025 3086 3201 3138 Inodis
3233 3086 3382 3139 omni
3408 3112 3418 3124 -

1838 3173 1942 3226 hus
1971 3174 2242 3242 profuerit
2285 3174 2355 3228 ab
2397 3175 2672 3244 ejusmodi
2724 3185 2782 3229 ut
2815 3177 3212 3232 abstineamus.
3266 3178 3410 3231 Nihi:

1837 3266 1984 3318 enim
2017 3266 2257 3319 aﬂ'erunt
2290 3267 2570 3319 commodi
2602 3267 2800 3320 harum
2842 3277 3049 3322 mutua:
3091 3268 3381 3323 confabula

1838 3358 2019 3411 tiones
2051 3359 2215 3412 nobis
2249 3357 2602 3426 cupientibus
2637 3361 2884 3413 lumbum
2910 3362 3264 3430 praecingere.
3302 3363 3382 3416 An

1836 3465 1946 3503 non
1982 3451 2186 3504 audisti
2221 3451 2289 3503 de
2323 3450 2589 3505 Samsone
2617 3451 2874 3506 Nazarzeo
2904 3493 2918 3516 ,
2956 3468 3195 3521 quocum
3232 3454 3395 3508 inam-

1837 3543 2063 3596 bulabat
2087 3543 2330 3611 Spiritus
2357 3542 2614 3595 Domini?
2639 3543 2709 3595 Et
2733 3558 2882 3595 nunc
2913 3543 2994 3598 sic
3010 3553 3261 3599 sanctum
3293 3561 3404 3597 ιιιιιο

1835 3637 1936 3689 lier
1969 3636 2035 3687 ad
2071 3643 2372 3688 extremam
2415 3649 2586 3703 usque
2617 3635 2738 3689 vita:
2789 3635 2998 3689 cladem
3033 3637 3289 3704 perduxit
3313 3652 3413 3704 per

1834 3727 2117 3779 molestam
2154 3727 2294 3778 hanc
2318 3740 2540 3778 carnem
2588 3741 2652 3778 ac
2703 3725 2963 3780 nefariam
3017 3727 3411 3796 concupiscen-

1835 3818 1987 3871 tiam.
2014 3817 2097 3871 Ob
2122 3817 2228 3869 hoc
2259 3817 2412 3870 nullo
2437 3826 2597 3885 pacto
2623 3816 2782 3870 nobis
2826 3818 2961 3886 ipsis
3001 3820 3405 3886 permittamus,

1837 3919 1895 3964 ut
1931 3925 2054 3964 cum
2103 3909 2338 3962 muliere
2364 3909 2448 3961 vel
2497 3907 2707 3961 sedisse
2757 3909 3182 3976 eomperiamur,
3217 3922 3304 3976 et,
3349 3923 3409 3966 ut

1834 4000 2162 4070 compendio
2219 3999 2531 4060 absolvam,
2581 4000 2786 4052 nullam
2829 4015 2953 4053 cum
3005 4000 3112 4054 illis
3163 4002 3411 4057 ineamus

1832 4089 2311 4144 consuetudinem.
2343 4089 2455 4142 Nec
2475 4103 2634 4142 secus
2659 4088 2725 4142 de
2752 4087 2974 4153 Dav-ide,
3004 4105 3167 4158 quem
3201 4100 3257 4144 et
3278 4107 3408 4145 eru-

1833 4181 1973 4233 divit
2001 4189 2058 4232 et
2083 4179 2295 4232 invenit
2322 4180 2464 4233 Deus
2494 4178 2671 4231 virum
2719 4181 3024 4233 secundum
3068 4195 3165 4234 cor
3210 4196 3407 4247 suum,

1833 4273 2112 4342 quomodo
2138 4270 2484 4339 concupierit
2515 4269 2721 4338 perfrui
2755 4270 3002 4322 mulieris
3036 4269 3211 4334 illius,
3241 4272 3408 4325 Beth-

1833 4363 2011 4416 sabeze
2037 4361 2182 4424 dico,
2207 4359 2409 4412 decore
2448 4357 2778 4411 incredibili.
2817 4357 2916 4410 llic
2961 4356 3152 4410 beatus
3193 4358 3246 4410 in
3278 4367 3409 4426 quot

1835 4453 2054 4507 tandem
2102 4449 2396 4503 devolutus
2441 4458 2527 4503 est
2567 4448 2749 4501 mala?
2798 4446 2948 4500 llanc
3005 4463 3131 4500 cum
3179 4448 3410 4502 vidisset

1834 4553 2058 4597 sanctus
2112 4541 2315 4610 alioqui
2365 4555 2426 4594 se
2484 4540 2794 4600 lavantem,
2851 4548 2907 4591 et
2960 4540 3407 4608 concupiscentia

141 4633 411 4703 ἀνεσχυες
454 4632 593 4700 μετὰ
631 4631 731 4700 τῆς
792 4631 999 4683 ἑαυτῶν
1045 4629 1305 4692 πτώσεως
1343 4630 1730 4699 διαπορευόμε-
1764 4643 1805 4697 ι)
1835 4648 1895 4685 ea

1645 4647 1730 4699 με·
1764 4643 1805 4697 ι)
1835 4633 2017 4686 carnis
2049 4632 2196 4684 illius
2222 4631 2537 4691 exarsisset,
2559 4637 2823 4696 quantam
2847 4628 3176 4697 ﬂagitiorum
3199 4629 3407 4682 lernam

138 4741 254 4787 νοι,
282 4725 379 4775 καὶ
402 4724 459 4772 ἐν
487 4721 638 4788 μέσῳ
667 4720 892 4786 παγίδος
915 4720 1284 4779 διαϐαίνοντες
1304 4720 1726 4789 ἐκφευξώμεθα;

153 4813 402 4881 Ὁμοίως
433 4813 528 4863 καὶ
573 4810 799 4880 ’Λμμὼν
852 4811 946 4864 καὶ
1002 4811 1092 4863 διὰ
1133 4813 1233 4880 τῆς
1280 4811 1512 4880 ἀδελφῆς
1565 4811 1729 4863 αὑτοῦ

138 4909 354 4976 Θάμαρ
408 4905 646 4974 ἀνῃρέθη
680 4903 882 4965 καλῶς.
929 4905 1207 4967 Ὡσαύτως
1263 4905 1356 4957 καὶ
1408 4907 1437 4956 6
1482 4904 1731 4973 Σολομὼν

140 5001 293 5070 ἔχων
326 4999 518 5066 σοφίαν
558 4999 650 5050 καὶ
685 4997 968 5066 φρόνησιν,
1019 4997 1112 5048 καὶ
1160 4995 1308 5066 χύμα
1354 4996 1603 5066 καρδίας,
1639 4997 1733 5049 καὶ

140 5089 410 5152 πλοῦτον,
453 5089 546 5140 καὶ
579 5088 736 5151 δόξαν
783 5087 979 5156 πολλὴν
1014 5087 1152 5156 ὑπὲρ
1183 5088 1410 5150 πάντας,
1459 5089 1550 5139 καὶ
1576 5081 1732 5149 οὗτος

141 5181 238 5234 διὰ
285 5179 546 5246 γυναικὸς
597 5176 865 5234 ἀπώλετο,
914 5176 1008 5228 καὶ
1039 5177 1351 5244 ἀποστάτης
1381 5176 1600 5242 ἐγένετο
1643 5177 1732 5229 διὰ

140 5270 444 5338 γυναῖκας.
474 5266 581 5318 Καὶ
605 5267 653 5317 oi
682 5265 1045 5333 πρεσϐύτεροι
1069 5265 1118 5314 οἱ
1137 5264 1279 5316 κατὰ
1295 5265 1578 5316 Σωσάνναν
1608 5282 1730 5333 κρι·

141 5363 247 5416 ταὶ
272 5360 365 5412 διὰ
395 5359 456 5410 τὸ
499 5356 851 5425 ἐνδελεχίζειν
904 5358 998 5408 καὶ
1051 5355 1492 5425 καταμανθάνειν
1534 5356 1730 5417 κάλλος

142 5454 472 5521 ἀλλότριον,
517 5453 596 5511 είς
635 5450 696 5501 τὸ
725 5449 958 5513 πέλαγος
995 5450 1092 5517 τῆς
1132 5449 1427 5517 ἐπιθυμίας
1461 5448 1729 5515 ἐμπεσόν-

141 5563 265 5609 τες,
297 5543 680 5611 ἐπανέστησαν
709 5545 774 5610 τῇ
812 5542 1058 5611 μακαρίᾳ
1104 5541 1382 5612 Σωσάννῃ.
1420 5539 1602 5593 Ταῦτα
1633 5543 1731 5609 μὲν

143 5637 287 5706 περὶ
324 5634 428 5702 τῆς
477 5634 796 5702 ἐπιθυμίας·
833 5634 1160 5704 θριαμϐεύει
1202 5633 1259 5686 δὲ
1315 5634 1408 5686 καὶ
1466 5633 1670 5703 Ἰησοῦς
1707 5637 1734 5686 6

142 5729 253 5782 τοῦ
276 5727 484 5797 Σειρὰχ
500 5725 601 5797 τὴν
634 5725 900 5795 πονηρίαν
922 5726 1122 5778 αὐτῶν·
1151 5725 1368 5788 ιΜικρὰ
1389 5727 1539 5778 πᾶσα
1571 5726 1737 5777 κακία

227 5887 254 5920 ⁷
289 5885 464 5943 Eccli.
496 5883 728 5946 xxv,5l.
806 5883 986 5936 “ibid.
1036 5882 1126 5936 28.

415 5978 686 6038 Ριτιιοι..
721 5981 836 6039 Cu.
874 5976 1204 6038 LXXXIX.

1205 5883 1225 5913 ⁹
1279 5883 1439 5936 Prov.
1476 5897 1544 5944 IV,
1576 5880 1769 5933 25-27.

1839 4726 1929 4778 hic
1956 4732 2216 4792 operatus
2252 4729 2359 4785 est,
2394 4721 2573 4774 modis
2605 4720 2733 4774 licet
2785 4720 3042 4774 omnibus
3096 4721 3410 4774 maximus?

1837 4816 2082 4886 peccavit
2114 4815 2167 4867 in
2202 4815 2394 4876 Deum,
2429 4828 2537 4866 non
2564 4828 2629 4865 eo
2655 4813 2830 4866 solum
2864 4811 3008 4879 quod
3042 4812 3095 4865 in
3120 4813 3408 4866 moechiam

1837 4908 1908 4961 sit
1933 4906 2240 4973 prolapsus,
2280 4903 2370 4956 sed
2402 4903 2547 4970 quod
2587 4903 2762 4955 virum
2793 4902 3192 4970 illiusjusserit
3235 4902 3411 4954 inter-

1840 4993 1947 5045 fici.
1985 4992 2172 5054 Vides,
2203 4999 2464 5059 quantam
2495 4991 2587 5043 hic
2625 4999 2827 5044 unctus
2859 4989 3072 5043 Domini
3102 5005 3194 5043 rex
3239 4990 3408 5043 David

1839 5083 2145 5137 confecerit
2187 5081 2530 5150 tragmdiam,
2585 5091 2647 5135 ut
2680 5083 2763 5136 vel
2797 5092 3117 5150 conceptam
3166 5083 3408 5151 expleret

1839 5173 2387 5243 concupiscentiam?
2438 5173 2744 5226 Doceamur
2791 5179 2846 5225 et
2890 5187 2991 5225 nos
3024 5172 3128 5225 hoc
3157 5174 3410 5240 exemplo

1839 5281 1949 5318 non
2014 5265 2430 5332 concupiscere.
2487 5265 2541 5318 Si
2587 5264 2732 5316 enim
2789 5264 2897 5316 viri
2961 5265 3036 5317 illi
3085 5266 3219 5317 tales
3282 5281 3406 5317 cum

1835 5367 2022 5411 essent
2042 5399 2055 5420 ,
2097 5357 2374 5410 illecebris
2404 5364 2586 5409 tamen
2613 5355 2977 5409 etlenociniis
2998 5353 3290 5408 mulierum
3318 5355 3412 5409 de-

1837 5449 2027 5503 mulcti
2050 5448 2308 5518 captique
2329 5457 2478 5510 sunt,
2504 5455 2560 5501 ct
2585 5461 2687 5499 nos
2709 5446 2854 5499 inter
2883 5445 3125 5514 pericula
3151 5447 3411 5500 inceden-

1838 5551 1939 5604 tes,
1972 5551 2028 5594 et
2062 5542 2115 5595 in
2146 5542 2329 5594 medio
2349 5542 2669 5608 laqueorum
2697 5539 2858 5608 positi
2883 5538 3065 5592 adhuc
3087 5538 3412 5607 effugiamus

1838 5647 2070 5701 expassa
2102 5632 2264 5685 retia.
2293 5632 2404 5685 Nec
2427 5631 2532 5684 alia
2559 5631 2772 5686 ratione
2794 5629 3025 5683 Ammon
3054 5629 3264 5682 sororis
3298 5645 3410 5682 sua:

1837 5724 2076 5777 Thamar
2112 5724 2389 5777 inescatus
2419 5723 2603 5792 specie
2624 5763 2638 5784 ,
2670 5722 2776 5774 vita
2814 5722 3015 5778 misere
3034 5720 3279 5790 privatus
3301 5729 3406 5774 est.

1852 5882 1891 5911 "’
1931 5882 2088 5935 l’rov.
2122 5899 2192 5946 γι,
2229 5881 2296 5934 25
2327 5897 2340 5946 ;
2376 5897 2469 5945 vu,
2495 5880 2689 5933 2l-‘27.

3024 5967 3092 6030 47
