4462 6440
958 448 1092 510 1483

2224 448 2261 502 Α
2276 444 2584 504 NTIOCIII
2625 446 2958 507 MONACIH

4066 445 4205 505 1484

961 554 1209 618 similem
1229 552 1283 605 in
1313 550 1536 606 modum
1559 549 1842 613 Salomon,
1870 564 1994 602 eum
2022 548 2068 601 is
2089 549 2295 620 alioqui
2318 555 2532 623 sapieu-
2562 561 2605 616 Λ
2636 556 2723 622 np?

2450 571 2532 606 ηι-
2562 561 2605 616 Λ
2636 556 2773 622 πρὸς
2826 558 3027 608 κακίαν
3072 556 3346 621 γυναικός.
3396 575 3412 604 ι
3449 555 3557 608 Καὶ
3589 551 3745 616 αὖθις
3774 571 3789 586 ’
3826 574 3844 605 ι
3884 555 4212 624 Συνοικῇσαι

950 647 1083 698 tiam
1142 644 1391 707 haberet,
1440 642 1814 711 prudentiam,
1870 640 2308 710 profusissimam
2345 645 2529 698 cordis

948 738 1319 799 latitudinem,
1375 736 1596 789 divitias
1650 735 1872 803 insuper
1915 742 1971 787 et
2033 734 2259 802 gloriam
2298 745 2524 797 tantam,

947 839 1208 899 quantam
1242 844 1403 882 nemo
1428 828 1712 880 hominum
1741 826 1900 879 alius.
1954 826 2019 879 Et
2051 826 2141 879 hic
2193 835 2377 882 tantus
2426 844 2527 898 per

950 919 1216 971 mulieres
1250 917 1599 985 periclitatus
1631 926 1714 970 est
1742 956 1756 979 ,
1796 931 2001 985 perque
2031 930 2220 970 earum
2249 919 2524 972 malesua-

950 1011 1081 1063 dqu
1116 1026 1359 1062 amorem
1394 1018 1641 1078 apostata
1673 1024 1703 1060 a
1727 1008 1962 1061 Domino
1993 1007 2171 1061 factus
2197 1018 2301 1063 est.
2328 1009 2526 1062 Senio-

953 1120 1042 1153 res
1083 1102 1157 1154 illi
1196 1102 1288 1170 qui
1318 1101 1588 1169 judicium
1625 1106 1995 1153 exercuerunt
2025 1099 2295 1153 adversus
2316 1100 2525 1155 Susan-

952 1211 1100 1253 nam,
1144 1194 1179 1247 ii
1209 1210 1306 1262 per
1329 1192 1608 1245 assiduam
1644 1191 2090 1259 congressionem
2136 1207 2261 1243 cum
2290 1192 2525 1247 alienam

951 1283 1420 1353 puletnitudiuem
1448 1292 1634 1335 essent
1673 1280 1875 1341 cdocti,
1915 1296 1979 1334 ac
2016 1280 2235 1334 demum
2261 1282 2531 1337 abiissent

948 1376 1260 1444 prweipites
1305 1376 1356 1426 in
1404 1374 1733 1426 innuensum
1773 1371 1998 1439 pelagus
2032 1373 2518 1442 concupiscentiis,

2636 646 2807 699 λέοντι
2840 647 2932 697 καὶ
2954 646 3229 715 δράκοντι,
3260 648 3501 716 ἄμεινον,
3544 649 3576 717 ἢ
3604 648 3742 717 μετὰ
3762 648 4023 715 γυναικὸς
4046 664 4212 717 πονη-

2636 738 2755 808 ρᾶς.
2799 755 2818 787 ι
2853 737 2959 789 Καὶ
2984 738 3013 788 ό
3041 738 3488 806 Παροιμιαστήςο
3532 756 3550 788 ι
3588 738 3819 806 Μακρὰν
3851 737 4083 805 ποίησον
4124 738 4215 788 ἀπ’

2633 828 2803 895 αὐτῆς
2834 828 2931 897 τὴν
2960 827 3100 880 ὁδόν.
3136 826 3225 897 Μὴ
3255 828 3485 897 ὲγγίσῃς
3517 829 3652 896 πρὸς
3687 827 3877 898 θύραις
3908 830 4075 880 οἴκων
4118 829 4211 880 αὖ·

2631 920 2755 989 τῆς,
2805 921 2892 972 ἵνα
2947 919 3020 990 μὴ
3076 920 3390 988 πλησῡῶσιν
3426 920 3698 989 ἀλλότριοι
3735 924 3828 978 cf:
3877 920 4085 988 ἰσχύος,
4127 923 4213 973 ἀἱ

2636 1011 3023 1081 μεταμεληῢῇς
3060 1014 3147 1064 ἐπ’
3170 1013 3435 1081 ἐσχάτων.
3474 1031 3491 1061 ι
3531 1012 3714 1065 Καλὸν
3758 1010 3849 1065 οὖν
3882 1012 4117 1064 ἓπεσῡαι
4142 1013 4211 1078 τῷ

2629 1101 2864 1169 λέγοντι,
2914 1104 3137 1170 φεύγειν
3196 1106 3289 1158 τὸν
3340 1106 3546 1171 κόσμον
3607 1107 3701 1157 καὶ
3752 1106 3851 1168 τὰς
3895 1104 4090 1173 δψεις·
4134 1106 4209 1157 δτι

2641 1213 2659 1245 ι
2700 1194 2814 1257 Πᾶς
2840 1196 2869 1246 ὁ
2891 1194 3103 1262 βλέπων
3126 1200 3359 1264 γυναῖκα
3386 1198 3522 1267 πρὸς
3557 1199 3618 1250 τὸ
3653 1196 4003 1265 ἐπιθυμῆσαι
4020 1196 4207 1263 αὐτὴν.

2634 1285 2735 1353 ἤδη
2769 1285 3090 1354 ἐμοίχευσεν
3140 1287 3313 1356 αὐτὴν
3347 1288 3405 1338 ἐν
3438 1291 3503 1357 τῇ
3558 1288 3760 1358 καρδίᾳ
3788 1286 3979 1340 αὐτοῦ.
4017 1305 4035 1336 ι
4059 1286 4210 1354 Αὑτῷ

2633 1378 2667 1445 ἡ
2694 1376 2821 1438 δόξα
2852 1378 2932 1439 εἰς
2960 1378 3087 1440 τοὺς
3114 1379 3334 1441 αἰῶνας.
3367 1380 3560 1449 ⁹Λμήν.

950 1468 1374 1519 insurrexerunt
1428 1466 1480 1518 in
1538 1465 1753 1518 beatam
1815 1464 1960 1516 illam
2017 1464 2347 1521 Susannam.
2401 1468 2528 1523 "me
2564 1468 2787 1537 quidem
2826 1468 2894 1522 de
2939 1470 3389 1539 concupiscentia
3451 1481 3537 1525 sat
3579 1471 3710 1525 sint.
3747 1469 3957 1540 1053
4004 1468 4114 1523 Sed
4158 1479 4208 1523 et

949 1562 1167 1615 illarum
1215 1559 1515 1627 nequitiam
1566 1558 1726 1614 Jcsus
1781 1557 1973 1612 Sirach
2049 1558 2194 1614 illius
2232 1561 2585 1629 conspicuam
2641 1562 2865 1624 reddit,
2930 1572 2985 1616 et
3061 1562 3320 1615 omnibus
3386 1563 3892 1632 perspectissimum
3962 1564 4203 1613 dicens:

956 1672 974 1702 ι
1012 1654 1241 1706 Omnem
1293 1651 1597 1721 nequitiam
1656 1661 1861 1705 etnon
1914 1652 2218 1719 nequitiam
2291 1654 2560 1707 mulieris.
2597 1654 2931 1709 Cuhabitare
2983 1656 3127 1709 leoni
3175 1667 3232 1711 et
3281 1656 3507 1709 draconi
3570 1656 3769 1708 melius
3824 1670 3991 1723 quam
4054 1655 4205 1707 habi-

951 1756 1068 1799 tare
1108 1761 1231 1797 etnn
1265 1744 1496 1796 ntulicre
1525 1757 1761 1809 nequam
1787 1744 1850 1795 ".
1891 1761 1909 1793 ι
1945 1743 2156 1796 Rursus
2186 1760 2199 1794 :
2244 1761 2261 1792 ι
2298 1743 2467 1796 Parva
2489 1745 2670 1796 omnis
2700 1744 2907 1797 malitia
2938 1743 3004 1796 ad
3031 1745 3293 1799 malitiam
3328 1744 3577 1798 mulieris
3608 1748 3668 1798 ".
3716 1766 3733 1797 ι
3770 1746 4202 1801 l’armmiastcs:

957 1858 975 1887 ι
1018 1838 1211 1891 l’rocul
1237 1837 1304 1888 ab
1330 1854 1392 1888 ea
1440 1834 1607 1887 facito
1646 1834 1813 1886 viam.
1842 1832 1919 1886 Ne
1960 1835 2253 1903 appropies
2286 1833 2498 1888 foribus
2536 1834 2734 1888 doums
2762 1836 2903 1902 ejus,
2950 1850 3019 1887 ne
3051 1835 3385 1903 impleantur
3411 1835 3573 1889 alieni
3610 1836 3813 1890 robore
3849 1848 3967 1899 tuo,
3997 1846 4055 1889 et
4094 1851 4203 1904 pa!-

948 1930 1124 1982 niteat
1168 1936 1218 1981 te
1269 1929 1320 1980 iu
1364 1925 1683 1979 novissimis
1718 1924 1829 1977 tuis
1858 1925 1921 1976 ”.
1956 1944 1973 1975 ι
2013 1926 2196 1978 Satius
2217 1926 2385 1994 igitur
2408 1927 2528 1995 ejus
2551 1927 2705 1994 sequi
2739 1926 3077 1989 consilium,
3112 1926 3205 1994 qui
3234 1926 3369 1979 dicit
3411 1942 3425 1978 :
3480 1945 3498 1976 ι
3535 1926 3638 1991 Qui
3676 1928 3793 1981 sine
3858 1943 4035 1980 uxore
4105 1939 4201 1985 est,

950 2022 1155 2090 cogitat
1180 2037 1300 2089 qu:e
1330 2019 1548 2072 Domini
1576 2025 1726 2080 sunt,
1758 2015 2035 2084 quomodo
2057 2017 2271 2084 placeat
2305 2016 2571 2079 Domino;
2603 2014 2697 2082 qui
2732 2030 2864 2067 vero
2894 2031 3121 2067 uxorem
3150 2015 3355 2079 habet,
3381 2018 3585 2083 cogitat
3632 2031 3752 2083 qua:
3804 2024 3936 2068 sunt
3990 2016 4201 2074 ιιιιιιιόί.

949 2113 1229 2182 quomodo
1262 2113 1474 2180 placeat
1537 2109 1736 2173 uxori,
1771 2116 1827 2161 et
1854 2105 2066 2160 divisus
2123 2116 2209 2161 est
2242 2106 2306 2160 “.
2352 2126 2369 2157 ι
2409 2106 2885 2160 Clementissimus
2923 2122 3145 2175 quoque
3176 2088 3461 2160 hominum
3500 2117 3714 2160 amator
3754 2108 4045 2169 Dominus,
4088 2123 4205 2161 cum

951 2211 998 2264 is
1051 2209 1361 2263 clarissime
1415 2214 1638 2266 nosset,
1676 2212 1935 2272 quantam
1968 2204 2306 2272 perniciem,
2336 2219 2611 2272 quamque
2671 2202 3077 2256 ineluctabilem
3127 2203 3499 2270 corruptelam
3548 2202 3778 2256 vitiosus
3823 2202 3916 2254 hic
3978 2201 4207 2255 allectus

950 2297 1419 2369 concupiscentize
1454 2295 1743 2347 inveheret
1772 2294 2064 2347 animabus
2102 2295 2326 2356 nostris,
2358 2295 2448 2348 tali
2482 2293 2908 2355 seivitdecreto,
2942 2293 3315 2363 adversusque
3339 2295 3489 2348 hunc
3516 2293 3939 2364 pronuntiavit:
3973 2312 3994 2343 ι
4021 2292 4205 2347 Omnis

949 2394 1043 2460 qui
1082 2390 1286 2444 viderit
1328 2389 1615 2441 mulierem
1641 2384 1707 2437 ad
1734 2384 2237 2455 concupiscendum
2275 2402 2425 2450 eam,
2461 2386 2570 2455 jam
2600 2383 2907 2438 mwchatus
2942 2391 3025 2436 est
3051 2398 3171 2436 eam
3197 2384 3250 2437 in
3275 2383 3441 2438 corde
3466 2397 3571 2437 suo
3597 2384 3659 2435 ⁸⁸.
3688 2400 3705 2432 ι
3749 2382 3922 2436 Deum
3954 2391 4202 2435 nostrqu

950 2488 1182 2541 addecet
1212 2483 1387 2554 gloria
1418 2482 1473 2535 in
1502 2481 1719 2534 sarcula.
1748 2480 1946 2533 Amen.

1480 2593 1765 2648 IitlfdllJA
1806 2591 1992 2646 .\'\"lll.

952 2712 1099 2777 Quod
1126 2712 1339 2765 minime
1365 2708 1639 2761 conveniat
1665 2708 1846 2758 crebro
1875 2704 2107 2758 assidere
2137 2700 2522 2756 cantatriculis.

1019 2826 1233 2881 Crebro
1281 2822 1527 2875 assidere
1576 2818 1999 2874 eantillantibus
2047 2813 2396 2869 mulierculis
2437 2812 2526 2865 vix

950 2933 1107 2987 :eque
1153 2915 1313 2969 nobis
1357 2911 1768 2966 inconunodmn
1814 2908 1963 2962 aliud
2003 2907 2268 2961 occurrit.
2302 2905 2385 2958 Oh
2422 2904 2527 2955 hoc

951 3014 1149 3065 domus
1192 3010 1275 3061 lue
1316 3006 1478 3060 dictae
1526 3003 1858 3057 utonasteria
1903 3001 2125 3054 nomine
2173 3000 2294 3067 ipso
2338 3005 2528 3051 arcent

949 3120 1055 3159 nos
1088 3104 1158 3155 ab
1192 3116 1383 3155 earum
1418 3096 1735 3165 colloquiis,
1760 3097 1885 3165 jure
1914 3092 2161 3162 quidem.
2194 3090 2320 3145 Sola
2351 3088 2529 3157 siqui-

951 3199 1077 3251 dem
1104 3192 1469 3263 apprehensio
1488 3190 1676 3242 vultus
1698 3187 1919 3240 feminei
1946 3185 2104 3238 initio
2127 3183 2314 3238 statim
2339 3182 2527 3234 nescio

951 3304 1116 3358 quam
1153 3286 1353 3354 ingerit
1383 3282 1537 3337 cordi
1576 3281 1817 3334 hominis
1849 3279 2222 3332 turbulentam
2257 3276 2527 3343 intempe~

953 3384 1114 3439 rium,
1144 3396 1171 3432 a
1209 3376 1609 3445 tranquillitate
1644 3373 1698 3425 in
1733 3372 2012 3425 diversum
2043 3376 2235 3423 avocat
2262 3377 2525 3429 mentem,

952 3489 1017 3526 ac
1049 3471 1306 3524 transfert
1329 3468 1438 3520 alio
1465 3484 1478 3518 :
1505 3481 1628 3517 eum
1658 3465 1775 3533 ipsa
1807 3462 1951 3515 inter
1974 3460 2242 3515 oramlum
2266 3459 2528 3524 deinceps

955 3564 1139 3617 hiulca
1184 3562 1341 3614 fauce
1387 3558 1654 3619 oblatret,
1688 3571 1789 3608 nec
1830 3555 2079 3623 requiete
2125 3560 2285 3605 vacet
2325 3549 2530 3603 divinis

952 3653 1245 3715 laudibus,
1290 3648 1425 3717 quin
1477 3646 1661 3715 potius
1712 3644 1841 3696 lmie
1892 3643 1986 3697 uni
2033 3640 2301 3695 incumbit
2344 3654 2525 3700 curze,

953 3760 1151 3814 nempe
1182 3742 1249 3796 de
1280 3741 1401 3794 istis
1428 3738 1694 3807 cogitans.
1721 3736 1825 3801 Qui
1859 3750 2052 3788 earum
2087 3731 2378 3801 colloquiis
2405 3746 2527 3784 cre-

955 3839 1055 3889 ber
1089 3832 1342 3888 incubuit
1376 3829 1681 3884 monachus
1718 3826 1995 3879 simillima
2030 3824 2085 3876 in
2120 3822 2289 3876 corde
2330 3822 2529 3874 tacitus

950 3925 1414 3985 cmumiuiseitur,
1438 3931 1498 3975 ut
1528 3922 1580 3973 in
1608 3920 1756 3989 ligno
1778 3917 2005 3978 vermis,
2027 3925 2087 3969 ut
2112 3915 2259 3968 tinea
2286 3913 2339 3967 in
2366 3913 2528 3967 vcsti-
2554 3912 2596 3968 C
2629 3904 2712 3955 αὐτ

1929 3917 2005 3978 is,
2027 3925 2087 3969 ut
2112 3915 2259 3968 tinea
2286 3913 2339 3967 in
2366 3913 2528 3967 vcsti-
2554 3912 2596 3968 C
2629 3904 2821 3964 αὑταῖς
2877 3902 3191 3973 παρῤησίαν
3251 3902 3526 3974 οαρῤῆσαί
3587 3921 3691 3959 σοι.

953 4027 1162 4073 mento.
1198 4018 1343 4085 Fuge
1381 4014 1547 4084 igitur
1573 4012 1791 4065 illarum
1832 4009 2131 4062 familiares
2166 4021 2526 4074 congressus,

952 4126 1091 4163 neve
1139 4109 1258 4161 illas
1294 4104 1616 4177 permiseris
1654 4101 1940 4156 audaciam
1983 4112 2202 4153 sumere
2238 4096 2527 4150 adversum

954 4211 1027 4255 te.
1062 4200 1342 4268 Principio
1389 4196 1636 4266 quidem,
1666 4191 1993 4246 reverentia:
2036 4186 2287 4241 nonnihil
2333 4185 2527 4253 praefe-

954 4300 1103 4355 runt,
1131 4302 1296 4359 atque
1330 4290 1403 4342 ita
1431 4304 1584 4341 suam
1616 4293 1804 4353 tegunt
1829 4281 2130 4350 nequitiam
2161 4277 2327 4348 pallio
2357 4277 2528 4345 hypo-

953 4384 1191 4443 criseos;
1229 4381 1492 4448 deinceps
1528 4374 1778 4429 nonnihil
1814 4372 2022 4426 audent
2056 4367 2403 4437 impudenter
2429 4366 2529 4417 im-

952 4475 1206 4542 periosa‘.
1232 4471 1287 4523 lu
1317 4471 1436 4539 ipso
1462 4468 1609 4522 enim
1636 4465 1827 4519 auditu
1854 4464 2042 4533 prima:
2064 4459 2528 4514 contabulationis

953 4568 1124 4617 tunlta
1163 4578 1287 4616 cum
1324 4562 1550 4614 lenitate
1583 4559 1907 4627 loquuntur,
1940 4563 1995 4609 et
2029 4567 2201 4623 prono
2235 4552 2289 4605 in
2326 4558 2523 4604 terram

951 4660 1106 4710 vultu
1137 4656 1487 4709 continenter
1516 4650 1931 4719 illacrymantur
1956 4663 1971 4699 :
1999 4651 2316 4698 reverenter
2341 4640 2528 4693 admo-

953 4749 1085 4801 dum
1143 4745 1391 4798 habitum
1446 4750 1766 4807 motumque
1821 4736 2074 4805 corporis
2124 4732 2524 4793 ementiuntur,

952 4836 1192 4905 suspiria
1224 4834 1483 4888 attollunt
1510 4827 1890 4883 amarulcntite
1923 4827 2105 4895 plena,
2132 4824 2201 4878 de
2236 4822 2526 4877 sanctimo-

952 4932 1043 4984 nia
1071 4937 1165 4981 aut
1187 4925 1440 4979 castitate
1468 4922 1765 4975 etiamnum
1796 4921 2155 4987 interrogant,
2181 4931 2373 4985 magna
2399 4930 2523 4967 eum

950 5021 1238 5086 voluptate
1290 5013 1603 5067 auscultant
1649 5009 2035 5064 disserentem.
2079 5006 2230 5059 Alter
2273 5022 2303 5058 a
2350 5004 2526 5074 primo

952 5124 1253 5180 congressu
1274 5148 1288 5169 ,
1322 5105 1607 5173 superiora
1646 5102 1737 5156 illa
1771 5101 1973 5155 sensim
2008 5097 2226 5167 repellit
2258 5111 2321 5150 ac
2356 5111 2525 5166 repu-

953 5203 1090 5254 diat.
1122 5201 1179 5252 In
1219 5196 1417 5256 tertio,
1447 5193 1578 5261 quid
1617 5192 1692 5246 ita
1730 5190 2054 5244 ardentibus
2080 5186 2255 5241 oculis
2282 5201 2345 5241 ac
2372 5188 2522 5241 reni-

3236 2589 3452 2640 ΛΟΓΟΣ
3489 2589 3590 2640 iil'.

2630 2702 2726 2765 Ile;
2751 2698 2767 2748 ἱ.
2795 2698 2900 2751 τοῦ
2933 2699 3017 2765 μὴ
3048 2697 3447 2766 ἐνδελεχίξεη·
3484 2703 3873 2769 ψαλλούσαις
3904 2706 4199 2773 γυναιξίν.

2701 2813 2809 2863 Καὶ
2849 2811 2910 2861 τὸ
2942 2811 3301 2880 ἐνδελεχίζειν
3347 2812 3680 2880 ςκαλλούσαις
3716 2814 4047 2887 ἀσύμφορον
4078 2822 4202 2889 ἡμῖν

2628 2903 2799 2965 ἐστιν,
2848 2901 3242 2970 βλαπτομένων
3287 2904 3444 2973 ἡμῶν
3493 2908 3614 2967 ταῖς
3663 2906 3844 2957 αὐτῶν
3897 2914 4199 2978 συντυχίαι,

2627 2992 2737 3043 τῶν
2784 2991 3095 3060 λεγομένων
3156 2994 3516 3063 μοναστριῶν.
3571 2997 3642 3046 Τὸ
3672 2996 3780 3065 γὰρ
3827 2999 4063 3067 ῖνδαλμα
4111 3002 4201 3069 τῆς

2627 3084 2802 3152 ὅψεως
2830 3084 2938 3136 τῶν
2964 3086 3261 3151 γυναικῶν,
3297 3088 3525 3154 ἄρχεται
3554 3087 3821 3150 κλονίζειν
3850 3092 3952 3157 τὴν
3980 3093 4201 3161 καρδίαν

2626 3173 2720 3226 τοῦ
2748 3173 3061 3241 ἀνθρώπου,
3094 3176 3186 3225 καὶ
3219 3176 3473 3242 ἀποσπᾷν
3511 3174 3601 3226 τὸν
3644 3173 3770 3229 νοῦν
3798 3178 3909 3231 ἀπὸ
3945 3179 4050 3248 τῆς
4076 3184 4201 3249 ἠπ-

2627 3265 2773 3333 χίας,
2811 3264 2904 3317 καὶ
2933 3265 3160 3317 κατόπιν
3189 3265 3350 3316 αὑτὸν
3393 3266 3613 3333 φέρειν·
3650 3269 3739 3318 καὶ
3772 3266 3989 3329 λοιπὸν,
4041 3273 4098 3323 ἐν
4140 3273 4201 3339 τῇ

2629 3359 2762 3425 εὐχῇ
2795 3360 3064 3425 κεχηνότα
3092 3357 3186 3408 καὶ
3229 3356 3645 3426 ἁπασχολοῦντα
3676 3361 3764 3410 τὸν
3809 3359 3938 3411 νοῦν
3970 3363 4079 3413 ἀπὺ
4114 3362 4205 3427 τῆς

2628 3448 2937 3514 δοξολογίας
2967 3448 3059 3500 τοῦ
3095 3448 3253 3511 Θεοῦ,
3286 3450 3380 3501 καὶ
3411 3450 3741 3518 σχολάζοντα
3769 3455 3837 3522 τῇ
3868 3471 3935 3505 πε
3946 3456 4003 3524 pi
4032 3456 4205 3506 αὐτῶν

2631 3540 2892 3610 μερίμνῃ.
2951 3540 3023 3591 Τὸ
3077 3540 3185 3608 γὰρ
3244 3540 3438 3603 είωοὸς
3492 3542 3594 3609 τῆς
3647 3544 3828 3595 αὐτῶν
3885 3547 4203 3615 συντυχίας,

2628 3631 2806 3683 ἔοικεν
2842 3634 2898 3683 ὲν
2932 3634 2997 3702 τῇ
3054 3631 3249 3701 καρδία
3297 3631 3389 3683 τοῦ
3440 3633 3703 3702 μοναχοῦ,
3752 3634 3946 3705 ὥσπερ
3997 3637 4210 3705 σκώληξ

2628 3723 2685 3774 ὲν
2718 3721 2857 3789 ξύλῳ
2888 3723 2983 3774 καὶ
3016 3722 3115 3789 σὴς
3149 3725 3207 3774 ἐν
3240 3723 3441 3791 ίματίῳ
3467 3724 3734 3790 γίνεσθαι.
3772 3727 3901 3779 Ἐὰν
3928 3723 4027 3781 οὖν
4052 3729 4209 3800 θέλῃς

2632 3814 2951 3881 σωφρονεῖν,
2984 3811 3151 3879 φεῦγε
3188 3812 3286 3881 τὴν
3321 3812 3501 3866 αὐτῶν
3531 3815 3839 3885 συντυχίαν,
3872 3818 3968 3871 καὶ
3993 3821 4073 3888 μὴ
4106 3820 4208 3888 Et};

2741 3908 2821 4005 αἷς
2877 3908 3191 3973 παρρησίαν
3251 3908 3526 3974 θαρρῆσαί
3587 3921 3692 3959 σοι.
3762 3908 3851 3960 Ἐν
3904 3910 4055 3979 ἀρχῇ
4105 3912 4210 3977 γὰρ

2628 3993 2917 4047 εὐλάϐειαν
2951 3994 3185 4062 ἔχουσιν,
3222 3995 3315 4046 καὶ
3340 3994 3513 4055 οὕτως
3544 3997 3949 4067 ὑποκρίνονται,
3984 4000 4210 4070 ὕστερον

2627 4084 2683 4136 δὲ
2732 4084 2966 4145 ἀναιδῶς
3016 4085 3196 4137 πάντα
3241 4085 3546 4155 τολμῶσιν·
3610 4089 3715 4157 πρὸ
3765 4088 3867 4158 τῆς
3918 4092 4211 4160 συντυχίας

2627 4173 2881 4227 λαλοῦσιν
2905 4174 3146 4242 πραέως,
3176 4175 3271 4227 καὶ
3302 4175 3363 4227 τὸ
3393 4175 3612 4245 βλέμμα
3640 4177 3811 4241 κάτω,
3846 4180 3941 4232 καὶ
3969 4181 4208 4251 συνεχῶς

2625 4264 2982 4334 δακρύουσαι,
3022 4263 3453 4332 σχηματίζονται
3486 4266 3722 4336 σεμνῶς,
3756 4268 3849 4319 καὶ
3881 4272 4060 4340 πικρὰ
4096 4289 4211 4326 σεε-

2627 4355 2900 4418 νάζουσιν.
2972 4354 3283 4423 Ἑρωτῶσιν
3353 4357 3483 4426 περὶ
3546 4359 3812 4422 ἁγνείας,
3880 4362 3983 4413 καὶ
4039 4365 4210 4432 ἡδέως

2627 4448 2940 4500 ἁκούουσιν.
2974 4447 3215 4516 Δευτέρα
3245 4447 3506 4516 συντυχίᾳ
3533 4448 3627 4499 καὶ
3674 4448 3871 4518 μικρὸν
3913 4451 4210 4506 ἀνένευσαν

2626 4540 2773 4593 ἄνω’
2826 4539 3022 4607 τρίτῃ,
3078 4538 3140 4591 σὺ
3196 4539 3555 4607 ἐμειδίασας,
3606 4539 3840 4608 κάκείνη
3891 4545 4209 4611 κεχυμένως

2627 4630 2908 4698 ἐγέλασεν.
2934 4630 3132 4682 Λοιπὸν
3162 4631 3257 4682 καὶ
3302 4630 3494 4696 λόγους
3524 4628 3776 4682 λαλοῦσιν
3830 4631 4209 4699 μαλάσσοντας

2627 4721 2688 4774 τὸ
2717 4720 2942 4790 αἰσχρὸν
2972 4721 3167 4781 πάθος.
3202 4720 3393 4773 Ταῦτα
3435 4721 3489 4772 δὲ
3519 4721 3764 4787 γίνονταί
3800 4737 3887 4774 σοι
3938 4724 4207 4791 ἄγκιστρα

2624 4811 2949 4875 δελεάζοντα
2974 4815 3052 4874 είς
3092 4811 3340 4864 Θάνατον.
3396 4812 3665 4879 Κρεῖττον
3707 4811 3800 4865 οὖν
3846 4817 4205 4883 προσεγγίσαι

2626 4907 2762 4976 πυρὶ
2803 4906 3099 4975 καιομένῳ,
3138 4906 3170 4975 ἦ
3205 4906 3425 4971 γυναικὶ
3453 4906 3571 4975 νέα,
3621 4905 3740 4969 νέος
3772 4904 3849 4959 ὣν
3880 4908 3981 4960 καὶ
4027 4911 4201 4969 αὐτός.

2628 4997 2806 5068 Πυρὸς
2835 4998 2937 5068 μὲν
2979 4998 3285 5067 ἁπτόμενος
3316 4997 3410 5049 καὶ
3448 4996 3750 5067 ὀδυνηθεὶς,
3792 4998 4087 5070 ἀποπηδᾷς
4113 5017 4206 5053 ταο

2626 5089 2766 5159 χὲως
2796 5104 2812 5120 ο
2849 5090 3109 5157 γυναικὸς
3163 5089 3218 5141 δὲ
3272 5091 3482 5158 ῥήμασι
3531 5088 3873 5159 χαυνωθεὶς,
3927 5091 4201 5161 δυσχερῶς

2626 5181 3027 5249 ἀναχωρήσεις.
3046 5181 3223 5233 Καλὸν
3246 5175 3337 5233 οὖν
3363 5183 3509 5232 ἐστιν
3538 5181 3633 5232 καὶ
3654 5180 3955 5251 εὐάρεστον
3984 5183 4062 5252 τῷ
4088 5183 4203 5252 Θεῷ

952 5292 1118 5343 dente
1145 5289 1298 5341 vultu
1328 5284 1595 5340 arrisisti?
1621 5282 1823 5336 Adhme
1853 5281 2030 5334 illain
2065 5281 2236 5333 risum
2268 5280 2520 5335 solvitur.
2557 5272 2599 5323 Ι)
2632 5273 2714 5325 και

2440 5295 2520 5333 ur,
2557 5272 2599 5323 Ι)
2632 5273 2724 5325 καὶ
2775 5270 3084 5339 ἀνθρώποις
3126 5270 3547 5339 παραιτεῖσθαι,
3593 5271 3687 5323 καὶ
3725 5272 3803 5341 μὴ
3851 5273 4202 5341 ὲνδελεχίξειν

953 5381 1093 5434 Tum
1122 5379 1380 5445 deinceps
1404 5389 1686 5429 sermones
1710 5381 1925 5436 tevunt,
1949 5388 2072 5440 quae
2095 5372 2358 5441 prmmolli
2388 5386 2523 5439 quo-

952 5471 1078 5523 dam
1114 5466 1389 5521 lenocinio
1423 5464 1775 5517 denmlceant
1807 5471 1971 5530 atque
2009 5461 2241 5515 invitent
2273 5460 2519 5514 atl‘ectio-

955 5575 1078 5614 nem
1128 5554 1510 5626 turpitudinis.
1543 5555 1609 5608 Et
1655 5554 1769 5607 lucc
1812 5554 1975 5622 plane
2014 5551 2165 5605 aliud
2208 5552 2345 5605 nihil
2393 5560 2519 5605 sunt

953 5665 1116 5719 quam
1153 5648 1491 5701 irriuunenta
1523 5658 1643 5712 qua:
1679 5651 1732 5697 te
1769 5642 2016 5696 inescent
2041 5656 2103 5695 ac.
2136 5639 2425 5709 proliciant
2450 5638 2518 5691 ad

1033 5861 1068 5887 ¹¹
1109 5855 1277 5910 Ῐῖι“ι’1ί.
1303 5869 1424 5913 xxv,
1472 5852 1551 5913 l9,
1588 5851 1669 5902 επ,
1758 5852 1796 5878 ¹¹²
1831 5850 1961 5901 ibid.
1990 5850 2076 5902 alii.

2157 5850 2195 5873 ’Ἰ
2229 5848 2384 5900 I’t'nv.
2419 5865 2446 5898 \'
2472 5890 2482 5909 ,
2514 5850 2663 5900 5.3-“).

2628 5364 2843 5426 αὑταῖς,
2879 5363 2965 5415 ἵνα
3002 5361 3076 5431 μὴ
3121 5363 3499 5431 ἐμπλακέντες
3541 5364 3621 5424 είς
3652 5361 3723 5413 τὰ
3770 5361 3957 5414 αὐτῶν
3993 5364 4201 5423 δίκτυα,

2628 5454 3066 5524 κινδυνεύσωμεν
3108 5454 3394 5523 ῥυσοῆναι,
3429 5454 3505 5516 ὡς
3541 5455 3610 5506 τὰ
3649 5454 3969 5522 ἐμπεσόντα
3997 5456 4202 5522 (inflet:

2626 5546 2790 5617 ἐντῷ
2838 5546 2969 5616 ἱστῷ
3013 5547 3114 5614 τῆς
3161 5547 3441 5617 ἀράχνης·
3501 5546 3738 5615 μάλιστα
3787 5546 3953 5615 ἡμεῖς
4004 5548 4051 5598 οξ
4097 5546 4200 5598 τῶν

2624 5638 2842 5691 οἰκείων
2870 5637 3298 5706 ἁποταξάμενοι,
3341 5637 3434 5690 καὶ
3479 5636 3708 5699 ἑαυτοὺς
3742 5636 3821 5706 τῷ
3866 5636 3988 5707 Θεῷ
4016 5635 4200 5692 ἁναθέν

2780 5846 2816 5874 "‘
2854 5844 3027 5899 lCer.
3061 5862 3151 5911 vn,
3184 5845 3272 5909 32,
3311 5846 3399 5901 35.
3501 5848 3542 5877 "
3564 5847 3757 5901 Matth.
3784 5863 3837 5909 ν,
3864 5846 3991 5913 ΞΒ..
