4462 6440
142 477 257 538 1485

742 484 1068 542 ιιυλιιιιΑ
1109 483 1414 543 Χνῐίῐκ-
1443 481 2052 542 CANTATRICULIS
2094 482 2240 539 NON
2284 478 2799 539 ASSIDENDUM.

3237 477 3372 542 1486

137 608 291 661 μενοι,
342 593 403 643 οὐ
458 593 650 661 χρείαν
692 593 891 663 ἔχομεν
945 594 1045 664 τῆς
1087 594 1329 661 ματαίας
1371 592 1550 645 αὐτῶν
1601 594 1696 646 καὶ
1723 602 1770 657 Α
1799 607 1899 645 ιιιοι

1610 594 1696 646 καὶ
1723 602 1770 657 Α
1799 600 2031 646 mortem
2064 607 2081 644 :
2111 606 2281 659 quare
2310 588 2629 658 pncstiterit
2656 585 2873 642 ardenti
2908 587 3019 657 igni
3050 588 3281 659 propius
3313 607 3372 646 se

131 682 488 752 ψυχοϐλαϐοὖς
514 685 825 752 συντυχίας,
860 685 945 737 ἵνα
977 686 1051 754 μὴ
1087 685 1313 753 γένηται
1343 684 1508 751 ἄλγος
1540 685 1598 735 ἐν
1624 687 1690 754 τῇ

133 776 262 843 ψυχῇ
288 775 466 843 ἡμῶν.
507 776 565 825 'U
592 777 702 844 γάρ
748 775 1090 845 φιλάμαρτος
1129 777 1344 843 δαίμων
1384 776 1557 828 πολλὰ
1591 792 1695 844 μη-

135 868 346 935 χανᾶται
397 866 733 935 καθ’ἡμῶν·
777 866 1073 919 ὑποϐάλλει
1122 867 1315 929 αὐταῖς
1355 866 1696 937 παρακαλεῖν

140 958 263 1026 μετά
293 958 631 1026 ποτνιασμοῦ
659 958 753 1009 καὶ
784 958 1060 1028 δακρύων,
1099 960 1339 1027 συνεχῶς
1369 959 1697 1012 ἐπισκέπτε-

139 1050 249 1102 σθαι
277 1052 466 1113 αὑτὰς,
493 1052 587 1102 καὶ
614 1054 865 1120 προνοεῖν
892 1051 979 1104 διὰ
1002 1051 1093 1103 τὸν
1120 1051 1215 1103 τοῦ
1244 1052 1454 1122 Κυρίου
1482 1051 1693 1121 μισθόν.

141 1141 439 1207 Ιιειθόμενοι
472 1142 526 1192 δὲ
555 1142 768 1205 αὐταῖς,
805 1142 1040 1211 αίρομεν
1072 1143 1442 1213 ἀντιμισθίαν,
1469 1143 1698 1198 δυσίατα

138 1234 260 1302 ἕλκη
299 1235 357 1284 ἐν
384 1236 450 1300 τῇ
483 1233 653 1302 ψυχῇ,
700 1234 793 1285 καὶ
846 1233 1144 1304 λογισμοὺς
1194 1235 1506 1303 αἰσχίστους
1532 1251 1547 1264 ο
1602 1236 1700 1288 καὶ

139 1324 335 1384 λοιπὸν,
363 1326 395 1393 ή
422 1326 618 1393 καρδία
646 1329 1029 1397 ταρασσομένη
1068 1327 1353 1391 κολάζεται
1386 1330 1458 1389 ἁις
1489 1327 1699 1397 δημίων

138 1416 506 1468 ἐπιτεινόντων
551 1416 721 1486 αὐτὴν
762 1416 890 1470 ἔνθα
934 1419 1028 1470 καὶ
1072 1417 1233 1481 ἔνθα,
1277 1419 1370 1471 τοῦ
1430 1419 1549 1482 νοὸς
1605 1418 1700 1472 καὶ

137 1507 224 1560 τοῦ
274 1507 500 1569 πάθους.
561 1510 911 1580 Ματαιοσύνη
962 1511 1057 1563 οὖν
1107 1513 1238 1580 ἡμῖν
1293 1515 1462 1578 ἐστιν,
1516 1513 1701 1576 καθὼς

141 1601 473 1671 προείρηται,
507 1602 745 1667 ἀφέντας
784 1606 985 1671 γονεῖς,
1020 1605 1115 1656 καὶ
1151 1604 1438 1668 ἀδελφοὺς,
1469 1604 1699 1658 κτᾶσθαι

141 1692 421 1759 συντυχίας
464 1691 544 1753 εἰς
580 1690 757 1761 ψυχῆς
809 1692 1111 1747 ἀπώλειαν.
1145 1693 1322 1757 Ὀλως
1369 1694 1477 1762 γὰρ
1532 1695 1701 1764 ἀναρ-

142 1785 313 1851 μόὸιόν
352 1784 501 1836 ἐστιν
552 1785 826 1854 ἀνθρώπῳ
879 1786 1122 1854 ἀσκῆσαι
1175 1787 1505 1857 βουλομένῳ,
1563 1786 1703 1856 μετά

140 1872 389 1939 γυναικὸς
421 1873 623 1925 ἐσθίειν
672 1875 768 1926 καὶ
801 1873 1050 1945 πίνειν,ἢ
1082 1875 1187 1927 ὑπὸ
1209 1876 1464 1941 γυναικὸς
1495 1877 1704 1946 ὑπηρε-

1796 682 2115 746 admoverc,
2145 696 2309 750 quam
2341 680 2557 734 mulieri
2590 700 2603 734 :
2638 679 2941 748 pnesertim
2968 678 3192 746 juvenis
3222 690 3374 735 nter-

1797 790 1906 843 que
1935 774 1980 827 si
2006 782 2111 828 est.
2136 772 2353 827 Etenim
2380 788 2612 825 excusso
2643 772 2786 840 igne,
2817 769 3035 824 tametsi
3060 770 3373 826 vehementi

1798 865 1989 919 dolore
2021 865 2283 927 allectus,
2321 863 2478 917 ocius
2516 863 2569 915 in
2602 871 2804 915 terram
2836 861 3050 916 desilis.
3080 861 3151 916 At
3178 864 3374 917 mulie-

1800 959 1885 1012 bri
1931 957 2400 1026 blandiloquentia
2450 955 2843 1023 praemollitus,
2890 973 2999 1010 non
3044 956 3156 1026 jam
3200 972 3372 1026 parvo

1802 1050 2022 1119 negotio
2064 1058 2115 1104 te
2155 1049 2225 1102 ab
2267 1050 2359 1103 illa
2404 1057 2661 1102 excutere
2703 1048 2947 1116 potueris
2982 1063 3046 1103 ac
3080 1049 3372 1113 secedere,

1806 1141 2019 1212 1054
2050 1140 2255 1193 bonum
2288 1141 2478 1210 igitur,
2506 1138 2602 1193 sed
2636 1146 2692 1192 et
2718 1139 2832 1193 Deo
2864 1149 3029 1208 atque
3058 1138 3377 1196 hominibus

1803 1250 1928 1287 cum
1961 1233 2156 1301 primis
2184 1243 2491 1301 acceptum,
2519 1238 2579 1284 ut
2604 1245 2705 1283 nos
2732 1230 2801 1283 ab
2832 1231 3046 1284 illarum
3077 1242 3377 1287 consuetu-

1805 1324 1933 1379 dine
1978 1325 2313 1378 extricemus
2365 1321 2694 1385 vitabundi,
2740 1336 2842 1375 nec
2896 1322 2979 1375 eis
3030 1323 3380 1378 continenter

1805 1414 2180 1475 assideamus,
2228 1427 2297 1465 ne
2348 1412 2570 1482 quando
2617 1425 2810 1465 earum
2865 1410 3077 1464 retibus
3124 1413 3379 1481 impliciti

1805 1506 2205 1576 periclitemur,
2230 1504 2365 1573 quin
2401 1505 2711 1559 libertatein
2738 1518 2901 1572 quam
2931 1504 3189 1557 ocissime
3224 1506 3382 1559 nobis

1805 1597 2173 1659 vindicemus,
2204 1611 2304 1650 ceu
2337 1596 2582 1649 assolent
2613 1594 2943 1648 animaleula
2971 1595 3180 1664 quaevis
3212 1597 3381 1651 semel

1807 1690 1929 1743 telzr
1979 1688 2273 1743 aracltnece
2307 1688 2520 1757 illapsa.
2562 1686 2676 1742 Nos
2701 1684 2948 1739 omnium
2994 1689 3249 1754 maxime,
3288 1689 3385 1758 qui

1810 1782 2004 1835 relicto
2078 1781 2298 1850 peculio
2342 1789 2491 1834 totos
2550 1795 2651 1834 nos
2719 1780 2833 1835 Deo
2901 1781 3385 1846 eonsecravimus,

1809 1875 1949 1930 nihil
1993 1877 2048 1931 in
2092 1886 2375 1946 posterum
2417 1890 2644 1929 necesse
2689 1878 2761 1929 sit
2803 1892 2927 1930 cum
2974 1877 3083 1932 illis
3123 1878 3386 1949 congredi

140 1965 361 2028 τεῖσθαι,
400 1966 433 2035 ἦ
484 1967 735 2035 προνοεῖν
775 1966 1069 2033 γυναικῶν,
1119 1968 1152 2038 ἢ
1202 1968 1340 2030 ὅλως
1377 1970 1497 2037 μετ’
1526 1969 1706 2021 αὐτῶν
1737 1962 1780 2019 Β
1814 1968 1902 2021 fan

1622 1969 1706 2021 :Gw
1737 1962 1780 2019 B
1814 1967 2163 2031 familiarius,
2190 1982 2429 2037 quarum
2459 1966 2683 2036 quidem
2715 1966 3113 2032 confabulatio,
3145 1980 3201 2023 et
3226 1972 3384 2039 plena

142 2057 274 2123 ἔχειν
295 2058 520 2123 γνῶσιν.
560 2054 790 2125 Ὁμοίως
817 2058 872 2109 δέ
902 2059 997 2109 καὶ
1021 2063 1336 2120 κανονικαῖς
1362 2060 1706 2129 ἀνάρμοστόν

142 2150 251 2200 ἐστι
285 2148 603 2211 συνδυάζειν
635 2150 773 2219 μετὰ
799 2150 1029 2219 ἀνδρῶν,
1060 2152 1199 2220 πρὸς
1224 2152 1285 2204 τὸ
1305 2154 1506 2223 μηδένα
1538 2169 1708 2206 σκαν-

141 2240 447 2303 δαλίζεσθαι
496 2242 562 2294 δι’
595 2242 787 2311 ἡμῶν,
819 2241 932 2293 ἀλλ’
966 2242 1051 2295 ἵνα
1094 2238 1245 2313 ὦμεν
1294 2246 1459 2297 πᾶσιν
1499 2246 1708 2315 ἀπρόσ-

142 2349 311 2385 κοποι.
350 2354 367 2385 ι
406 2334 619 2396 Είδότες
652 2336 781 2404 γάρ,
830 2335 1017 2403 φησὶν,
1048 2335 1139 2387 τὸν
1174 2335 1338 2403 φόϐον
1366 2334 1453 2388 τοῦ
1481 2337 1706 2406 Κυρίου,

141 2425 458 2493 ἀνθρώπους
493 2425 775 2494 πείθομεν,
806 2426 929 2495 Θεῷ
957 2427 1013 2479 δὲ
1045 2426 1451 2496 φανερούμεθα.
1488 2448 1506 2478 ι
1534 2428 1709 2499 Φοϐη-

143 2512 317 2581 Θῶμεν
356 2516 564 2577 τοίνυν,
601 2516 677 2577 ὡς
711 2516 956 2586 εἴρηται,
996 2515 1093 2568 τοῦ
1143 2516 1495 2570 σκανδαλίσαι
1531 2518 1710 2583 τινας,

144 2606 428 2669 ἀκούοντες
468 2607 562 2659 τοῦ
614 2608 845 2676 Κυρίου,
888 2607 1159 2673 λέγοντος,
1190 2609 1273 2661 ὅτι
1328 2610 1599 2679 συμφέρει
1625 2610 1713 2663 ἵνα

144 2696 283 2757 λίθος
318 2697 547 2765 μυλικὸς
574 2697 866 2766 κρεμασθῇ
913 2698 1043 2767 περὶ
1078 2697 1171 2749 τὸν
1208 2697 1481 2767 τράχηλον
1520 2698 1711 2761 αὑτοῦ,

145 2787 232 2837 καί
263 2788 433 2855 ριφθῇ
470 2789 551 2849 εἰς
587 2788 688 2855 τὴν
732 2786 1030 2851 θάλασσαν,
1058 2787 1092 2856 ἢ
1129 2787 1215 2840 ἵνα
1263 2787 1593 2859 σκανδαλίσῃ
1620 2789 1716 2842 ἕνα

144 2877 245 2929 τῶν
290 2878 509 2947 μικρῶν
559 2878 785 2931 τούτων.
833 2878 953 2948 Χρὴ
994 2875 1088 2931 οὖν
1125 2880 1201 2940 ὡς
1265 2879 1373 2931 ἀπὸ
1424 2882 1716 2949 προσώπου

143 2967 310 3034 δφεως
361 2969 459 3020 καὶ
498 2968 774 3037 ἁμαρτίας
830 2968 1080 3037 μεγάλης
1111 2969 1338 3036 φεύγειν
1383 2970 1478 3022 ἀπ’
1508 2970 1715 3033 αὐτῶν,

144 3059 226 3111 διὰ
256 3061 316 3112 τὺ
356 3061 742 3129 θανατηφόρον
781 3055 1065 3123 εἶναιτοῖς
1112 3060 1456 3130 βουλομένοις
1504 3063 1715 3125 ἀσκεῖν,

144 3152 201 3203 οὐ
234 3152 397 3220 μόνον
434 3151 537 3221 τὴν
565 3150 746 3203 αὐτῶν
787 3149 1025 3219 ὁμιλίαν,
1057 3151 1193 3203 ἀλλὰ
1222 3152 1313 3203 καὶ
1348 3152 1449 3221 την
1478 3152 1719 3222 ἐνθύμη-

148 3257 243 3293 σιν.
273 3242 527 3294 Διδάσκει
556 3241 611 3292 δὲ
639 3241 787 3309 ἡμᾶς
816 3238 975 3292 τοῦτο
1008 3242 1037 3292 ὁ
1070 3241 1482 3311 Παροιμιαστὴς
1518 3242 1714 3309 λέγων·

152 3350 169 3381 ι
198 3333 286 3402 Μὴ
316 3331 425 3401 δῷς
457 3332 550 3383 σὸν
583 3330 816 3383 πλοῦτον
849 3332 1105 3398 γυναικί·
1146 3350 1166 3382 ι
1199 3333 1296 3384 καὶ
1322 3332 1412 3384 τὸν
1444 3332 1539 3385 σὺν
1571 3332 1718 3398 νοῦν,

148 3424 221 3486 εἰς
250 3421 696 3491 ὑπεροὸουλίαν.
714 3422 826 3474 Ka‘t
849 3421 1009 3483 ἄλλος
1034 3436 1048 3449 °
1078 3439 1096 3471 ι
1122 3421 1278 3474 Μετὰ
1303 3420 1613 3490 ψαλλούσης
1646 3424 1721 3494 μὴ

147 3514 467 3583 ἐνδελέχιζε,
505 3514 580 3582 μή
612 3529 745 3565 ποτε
768 3512 910 3581 ἁλῷς
942 3514 999 3564 ἐν
1029 3515 1142 3575 τοῖς
1171 3514 1594 3584 ἐπιχειρήμασιν
1625 3514 1724 3567 αὑ-

147 3607 258 3673 τῆς.
286 3625 303 3654 ι
333 3601 508 3673 Οἶμαι
534 3604 591 3655 δέ
626 3604 722 3656 καὶ
752 3604 845 3656 τὸν
880 3604 1125 3667 Ἡσαΐαν,
1158 3605 1288 3674 περὶ
1314 3605 1495 3658 αὐτῶν
1521 3605 1724 3673 λέγειν,

154 3712 173 3743 ι
207 3695 347 3748 ’Λνθ’
385 3689 466 3750 ὧν
495 3695 792 3764 ὑψώθησαν
828 3696 886 3747 αἱ
932 3696 1229 3767 θυγατέρες
1262 3695 1420 3759 Σιὼν,
1471 3699 1565 3749 καὶ
1597 3700 1729 3750 ἐπο-

151 3787 422 3858 ρεύθησαν
464 3786 655 3857 ὑψηλῷ
686 3788 945 3857 τραχήλῳ
990 3788 1088 3841 καὶ
1128 3791 1187 3842 ἐν
1222 3788 1492 3856 νεύμασιν
1530 3789 1730 3857 ὀφθαλο

152 3879 285 3946 μῶν,
317 3900 336 3931 ι
377 3881 478 3933 καὶ
529 3879 599 3931 τά
645 3879 795 3948 ἐξῆς.
843 3881 952 3933 Kal
998 3880 1198 3947 ἐπάγει
1223 3895 1238 3909 ⁸
1275 3881 1425 3933 «Kal.
1463 3883 1492 3934 ὁ
1524 3881 1731 3951 Κύριος

151 3970 492 4041 ἀποκαλύψει
526 3972 589 4023 τὸ
616 3972 803 4041 σχῆμα
835 3970 1016 4025 αὐτῶν
1046 3973 1106 4024 ἐν
1150 3975 1217 4042 τῇ
1247 3974 1431 4044 ἡμέρᾳ
1460 3973 1666 4045 ἐκείνῃ.
1703 3994 1722 4027 ι

152 4062 329 4132 Ὅπερ
392 4063 605 4131 ἁπὲὄη,
643 4062 719 4124 ὡς
781 4062 1174 4131 ὑπολαμϐάνω,
1209 4065 1303 4116 ἐπὶ
1367 4065 1467 4132 τῆς
1522 4082 1731 4134 παρου-

152 4152 263 4215 σίας
293 4154 405 4205 τῶν
434 4154 744 4207 Χαλδαίων.
780 4153 945 4221 Λέγει
974 4154 1030 4206 δὲ
1053 4157 1149 4206 καὶ
1172 4155 1410 4225 ἀλλαχοῦ
1431 4172 1444 4186 ο
1471 4175 1489 4207 ι
1518 4156 1732 4223 Παρθέ-

151 4261 237 4297 νον
262 4245 339 4315 μὴ
365 4244 781 4314 καταμάνθανε,
821 4246 895 4315 μή
938 4262 1070 4298 ποτε
1108 4247 1507 4319 σκανδαλισθῇς
1534 4251 1593 4304 ἐν
1619 4253 1733 4315 τοῖς

152 4334 447 4402 ἐπιτιμίοις
471 4333 660 4400 αὐτῆς.
687 4351 706 4383 ι
741 4333 849 4385 Kal.
874 4329 1031 4397 αὖθις
1050 4350 1096 4385 οι
1123 4329 1302 4396 υῐνος,
1333 4336 1427 4388 καὶ
1448 4339 1727 4402 γυναῖκες,

151 4425 551 4494 ἀποστήσουσιν
580 4424 811 4492 καρδίας
841 4425 1100 4478 συνετῶν.
1148 4444 1167 4476 ι
1206 4426 1315 4479 Kal.
1352 4427 1382 4477 ὁ
1403 4427 1730 4496 Ἐκκλησια-

152 4516 280 4584 στής
300 4531 313 4542 ·
346 4535 363 4563 ι
391 4515 731 4585 Πικρότερον
757 4515 897 4585 ὑπὲρ
923 4515 1154 4570 θάνατον
1186 4518 1440 4585 συζητεῖν
1470 4522 1730 4585 γυναῖκα,

1807 2066 1892 2110 est
1931 2058 2192 2111 vanitatis
2229 2065 2285 2110 et
2322 2056 2615 2109 animabus
2659 2055 2798 2109 mire
2834 2055 3253 2112 detrimentosa.
3286 2058 3393 2114 Fas

1810 2150 1975 2219 igitur
2010 2149 2375 2219 dcfugiamus,
2404 2164 2473 2201 ne
2506 2147 2697 2217 ﬂagitii
2734 2148 3015 2217 quidpiam
3047 2150 3390 2206 adluerescat

1809 2243 2101 2295 animabus
2124 2240 2332 2295 nostris
2362 2257 2376 2292 :
2411 2240 2527 2309 ipse
2554 2239 2703 2293 enim
2731 2240 2944 2294 dasmon
2970 2242 3179 2311 peccati
3204 2258 3393 2297 aman-

1811 2335 2079 2397 tissimus,
2098 2340 2407 2385 commenta
2436 2332 2727 2385 adversum
2758 2347 2859 2384 nos
2888 2348 2999 2385 non
3028 2349 3202 2401 pauca
3228 2349 3392 2388 exco-

1810 2424 1947 2494 gitat
1968 2440 2033 2478 ac
2055 2424 2281 2479 molitur
2305 2422 2590 2477 insidiose.
2616 2423 2741 2476 lstis
2764 2424 3105 2478 mulierculis
3127 2428 3393 2495 suggerit,

1813 2526 1975 2569 orent
2019 2531 2118 2569 nos
2162 2531 2288 2568 cum
2338 2514 2598 2584 lacrymis
2646 2523 2703 2566 et
2746 2513 3149 2579 obtestatione,
3190 2532 3285 2570 cas
3334 2526 3394 2571 ut

1813 2609 2032 2661 assidue
2074 2608 2393 2669 visitctnus,
2428 2606 2648 2659 illarum
2691 2606 2853 2660 saluti
2905 2614 2965 2659 ut
3005 2609 3391 2670 consulamus.

1814 2715 1909 2768 Spe
1936 2699 2208 2753 mercedis
2237 2714 2266 2750 a
2293 2697 2525 2751 Domino
2550 2697 2887 2751 obtinendze.
2912 2697 2995 2751 Ab
3023 2699 3142 2753 istis
3173 2700 3394 2754 interim

1816 2788 2069 2859 persuasi
2101 2786 2405 2841 auferimus
2438 2786 2943 2840 remunerationem
2963 2828 2976 2852 ,
3008 2787 3195 2842 ulcera
3230 2789 3397 2843 nimi-

1817 2896 1940 2935 rum
1971 2881 2169 2933 animm
2192 2879 2283 2932 vix
2312 2878 2439 2931 ullis
2466 2877 2712 2931 curanda
2742 2877 3027 2943 antidotis,
3055 2880 3264 2934 salaces
3293 2881 3400 2936 sci-

1818 2972 1950 3026 licet
1973 2980 2029 3024 et
2050 2970 2318 3024 obscenas
2341 2968 2726 3038 cogitationes.
2744 2967 2898 3022 Adeo
2918 2968 3181 3041 deinceps
3203 2986 3299 3025 cor
3322 2979 3402 3026 tot

1818 3062 2080 3130 agitatum
2108 3058 2452 3128 intemperiis
2480 3073 2675 3127 pmnas
2702 3058 2809 3112 luit
2833 3059 3033 3113 merito
3059 3076 3160 3115 suo
3185 3060 3398 3132 dignas,

1819 3152 1950 3205 dum
1983 3166 2142 3205 mens
2170 3158 2335 3219 atque
2360 3150 2580 3203 alfcctio
2608 3150 2865 3217 concepti
2891 3149 3154 3206 facinoris
3178 3166 3275 3206 eor
3302 3154 3403 3206 nii-

1823 3258 2008 3297 serum
2048 3242 2392 3306 distrahunt,
2425 3241 2593 3311 inque
2637 3241 2962 3297 carniﬁcum
3004 3258 3215 3298 morem
3255 3260 3406 3300 nunc

1822 3336 1933 3389 line
1955 3334 2070 3396 ille,
2097 3349 2245 3387 nunc
2268 3333 2398 3387 illuc
2426 3334 2567 3388 alter
2593 3334 2720 3402 plus
2740 3350 2907 3404 quam
2940 3335 3148 3405 tragice
3178 3350 3409 3390 concer-

1824 3434 1984 3496 puut.
2021 3425 2251 3479 Omnem
2296 3426 2463 3495 igitur
2504 3433 2731 3495 supcrat
2766 3428 3101 3492 vanitatem,
3137 3442 3241 3482 nos
3279 3444 3405 3482 cum

1825 3528 2081 3587 parentes
2123 3518 2516 3587 reliquerimus
2557 3527 2615 3572 et
2657 3519 2890 3584 fratres,
2926 3520 3225 3575 conciliare
3265 3521 3407 3575 velle

1822 3610 2096 3680 ejusmodi
2150 3611 2449 3664 mulierum
2505 3610 3006 3678 consuetudinem,
3051 3612 3107 3665 in
3158 3622 3406 3681 apertam

1826 3704 2194 3772 perditionem
2232 3703 2448 3756 animm.
2482 3703 2716 3756 Prorsus
2754 3704 2955 3757 rationi
2996 3704 3406 3758 dissentaneutn

1827 3792 2067 3854 videtur,
2090 3800 2151 3846 ut
2174 3793 2340 3846 homo
2363 3792 2551 3862 cupiat
2572 3794 3023 3849 exercitationem
3048 3794 3407 3849 monasticam
3437 3808 3439 3811 ·

1828 3881 2110 3951 proﬁteri,
2163 3890 2220 3935 et
2262 3881 2408 3935 idem
2447 3896 2571 3935 cum
2616 3882 2849 3936 muliere
2894 3882 2979 3936 vel
3027 3884 3283 3937 comedat
3321 3885 3408 3937 vel

1828 3975 2002 4035 bibat,
2037 3983 2132 4027 aut
2160 3981 2311 4026 certe
2347 3988 2378 4026 a
2416 3973 2649 4027 muliere
2686 3981 2909 4042 expetat
2939 3974 3045 4028 sibi
3082 3974 3408 4037 ministrari,

1828 4064 1943 4118 sive
1970 4064 2212 4132 ipsarum
2239 4076 2432 4132 gerere
2460 4078 2675 4127 curam,
2701 4072 2870 4132 utque
2897 4064 3180 4119 absolvam
3211 4078 3410 4120 cuncta

1829 4152 2189 4223 compendio,
2211 4153 2279 4207 ad
2304 4169 2496 4207 carum
2523 4154 2836 4224 pertingere
2862 4155 3259 4224 cognitionem.
3285 4156 3409 4210 Pari

1824 4243 1949 4311 jure
1978 4256 2281 4311 congruum
2311 4242 2413 4303 sit,
2441 4256 2536 4296 eas
2564 4257 2686 4310 quae
2719 4258 2777 4295 se
2812 4244 3109 4297 canonieas
3141 4243 3409 4314 profiteri-

1831 4339 1941 4395 tur,
1974 4347 2322 4385 communem
2372 4346 2497 4384 cum
2545 4332 2682 4386 viris
2725 4333 2962 4387 tolerare
3005 4335 3209 4399 vitam,
3240 4345 3301 4389 ut
3345 4352 3413 4389 ne

1831 4424 1964 4493 quid
1999 4422 2239 4477 scandali
2274 4423 2559 4476 exoriatur
2591 4425 2766 4477 nostri
2800 4439 2996 4488 causa;
3026 4425 3162 4493 quin
3191 4426 3413 4480 studea-

1832 4530 1955 4568 mus
1990 4514 2174 4583 potius
2207 4514 2475 4569 exhibere
2507 4529 2608 4567 nos
2640 4515 2855 4569 caeteris
2886 4515 3145 4571 omnibus
3176 4517 3414 4586 ἧττοντί·-

149 4606 263 4675 ἣτις
312 4609 466 4659 ἐστὶν
522 4605 796 4676 θήρευμα,
850 4609 947 4660 καὶ
1003 4610 1217 4679 σαγήνη
1269 4610 1467 4679 καρδία
1521 4612 1727 4680 αὐτῆς·
1762 4607 1911 4673 Dite:

1646 4613 1727 4680 γς·
1762 4605 2153 4673 Dliensibiles.
2208 4623 2227 4655 ι
2293 4606 2579 4667 Scientes,
2629 4606 2708 4659 ait
2767 4605 3104 4675 Apostolus,
3154 4608 3408 4662 timorem

149 4696 342 4767 δεσμὸς
395 4699 480 4760 εἰς
514 4701 705 4767 χεῖρας
754 4700 960 4768 αὐτῆς·
999 4700 1223 4768 ,ἀγαθὸς
1277 4700 1385 4773 πρὸ
1434 4702 1732 4772 προσώπου

150 4787 241 4839 τοῦ
274 4788 415 4841 Θεοῦ
449 4789 887 4857 ἀφαιρεθήσεται
915 4790 1010 4842 ἀπ’
1040 4792 1231 4861 αὐτῆς,
1268 4794 1363 4844 καὶ
1402 4794 1733 4863 ἁμαρτάνων

152 4878 593 4950 συλληφθήσεται
625 4884 684 4932 ἐν
714 4881 873 4951 αὐτῇ.
909 4901 927 4933 ι
964 4883 1075 4936 Kal.
1117 4885 1405 4954 ἐπιφέρει·
1441 4903 1458 4936 ι
1492 4885 1734 4955 Εὐφραί-

151 4984 261 5030 νου,
292 4970 579 5033 νεανίσκε,
600 4972 659 5024 ἐν
675 4972 892 5040 νεότητί
920 4989 1039 5038 σου,
1060 4975 1157 5026 καὶ
1187 4976 1482 5044 περιπάτει
1512 4977 1571 5028 ἐν
1598 4978 1735 5040 ὁδοῖς

151 5059 418 5129 ἀμώμως;
446 5061 545 5114 καὶ
576 5061 650 5132 μὴ
676 5066 732 5115 ἐν
756 5065 948 5133 ὁράσει
975 5065 1268 5134 ὀφθαλμῶν
1293 5083 1407 5126 σου,
1440 5069 1533 5120 καὶ
1562 5067 1733 5135 γνῶθι

153 5152 242 5203 ἐπὶ
272 5154 446 5206 πᾶσιν
475 5152 710 5219 τούτοις,
748 5155 829 5207 ὃτι
863 5155 980 5219 ἄξει
1016 5172 1075 5208 σε
1107 5158 1135 5209 ὀ
1162 5156 1294 5221 Θεὸς
1349 5159 1430 5221 είς
1466 5158 1668 5229 κρίσιν.
1706 5178 1725 5209 ι

166 5241 442 5305 Ὡσαύτως
496 5244 591 5295 καὶ
632 5246 662 5296 ό
721 5246 1043 5310 ’Δπόστολος
1065 5264 1077 5277 ·
1134 5266 1154 5300 ι
1185 5249 1323 5311 Τοὺς
1370 5250 1477 5320 γὰρ
1525 5251 1732 5314 πάντας

150 5335 295 5402 ἡμᾶς
337 5335 727 5406 φανερωθῆναι
770 5336 851 5389 δεῖ
884 5337 1196 5410 ἔμπροσθεν
1237 5340 1332 5394 τοῦ
1366 5342 1609 5412 βήματος
1636 5342 1732 5396 τοῦ

152 5425 429 5497 Χριστοῦ·
474 5426 564 5479 ῖνα
605 5428 903 5498 κομίσηται
941 5428 1173 5494 ἕκαστος
1227 5432 1294 5484 τὰ
1341 5432 1435 5483 τοῦ
1482 5432 1734 5500 σώματος

153 5520 287 5590 πρὸς
331 5521 369 5574 ἃ
409 5520 673 5589 ῑπραξεν,
715 5523 825 5576 εἴτε
858 5522 1058 5591 ἀγαθά,
1108 5524 1220 5578 εἴτε
1267 5527 1434 5579 κακά.
1478 5545 1497 5578 ι
1538 5526 1733 5596 ⁹ίίμεῖς

154 5606 243 5665 οὖν
272 5615 318 5665 oi
345 5611 641 5675 δοκοῦντες
666 5612 866 5668 εἰδέναι
895 5614 993 5679 τὰς
1016 5616 1261 5685 Γραφάς,
1295 5618 1391 5670 καὶ
1422 5616 1496 5687 μὴ
1527 5617 1733 5685 φυλάσ-

156 5720 360 5767 σοντες,
391 5704 805 5776 περισσοτέρως
836 5705 1036 5776 ἔχομεν
1073 5707 1408 5778 ἐγκληθῆναι
1442 5708 1579 5779 ὑπὲρ
1607 5708 1735 5773 τοὺς

230 5880 340 5935 “il
377 5879 512 5935 Cor.
558 5896 607 5947 v,
663 5881 747 5934 Η.
843 5882 882 5912 ¹⁷
932 5880 1124 5937 Matth.
1157 5898 1310 5945 xvm,
1350 5881 1405 5937 6.

1834 4696 2074 4759 Domini,
2105 4696 2401 4750 suademus
2437 4696 2779 4761 hominibus,
2812 4698 2924 4752 Deo
2957 4708 3143 4753 autem
3184 4700 3415 4754 manife-

1835 4789 1904 4843 sti
1934 4804 2126 4842 sumus
2151 4789 2214 4843 ⁸⁸.
2252 4807 2270 4837 ι
2304 4787 2658 4842 Μειιιοιιάυηι
2693 4802 2825 4841 sane
2853 4788 3035 4853 nobis,
3068 4804 3169 4843 ceu
3204 4790 3413 4844 dictum

1834 4889 1940 4943 cst,
1972 4896 2040 4935 ne
2078 4880 2172 4949 qui
2215 4896 2316 4949 per
2354 4895 2452 4933 nos
2490 4880 2545 4932 in
2585 4880 2905 4934 scandalum
2937 4882 3110 4935 ullum
3143 4881 3412 4945 incidant,

1834 4986 1961 5025 cum
1989 4970 2133 5024 dicat
2164 4970 2451 5033 Dominus,
2480 4969 2610 5038 quia
2643 4970 2845 5023 melius
2872 4978 2957 5024 est
2989 4978 3050 5023 ut
3077 4970 3217 5040 lapis
3248 4970 3418 5024 mola-

1836 5063 1913 5119 ris
1939 5061 2177 5131 pendeat
2205 5076 2235 5114 a
2266 5061 2431 5122 collo,
2456 5069 2513 5114 et
2539 5061 2587 5115 is
2615 5061 2936 5130 projiciatur
2966 5059 3020 5114 in
3054 5076 3224 5124 mare,
3250 5076 3416 5130 quam

1834 5163 1897 5208 ut
1928 5153 2262 5208 scandalizet
2292 5169 2465 5206 unum
2502 5168 2570 5208 ex
2603 5154 2691 5207 his
2725 5154 2944 5222 pusillis
2966 5153 3030 5208 ³⁷.
3062 5154 3252 5222 Itaque
3293 5165 3351 5209 ut
3386 5172 3416 5208 ιι

1839 5249 1979 5303 facie
2011 5248 2309 5318 serpentis,
2338 5257 2396 5301 et
2424 5262 2454 5301 a
2483 5248 2745 5316 perplexo
2774 5247 3032 5317 quopiam
3064 5257 3311 5317 peccato,
3342 5249 3416 5301 ita

1835 5352 1893 5396 et
1920 5342 1990 5395 ab
2022 5342 2143 5395 istis
2176 5355 2342 5409 porro
2376 5339 2772 5403 secedendum,
2795 5339 2943 5408 quod
2981 5348 3415 5408 prassentaneam

1837 5434 2033 5489 aderat
2075 5441 2309 5487 mortem
2358 5432 2575 5485 illarum
2617 5432 2960 5486 consuetudo
3004 5433 3073 5486 iis
3109 5432 3203 5500 qui
3244 5432 3415 5487 vitam

1838 5531 2097 5580 exercent
2116 5522 2494 5578 monasticam.
2514 5523 2628 5577 Nec
2650 5523 2869 5577 illarum
2892 5524 3215 5578 declinanda
3237 5524 3418 5579 solum

1840 5615 2148 5687 colloquia,
2188 5616 2286 5671 sed
2335 5623 2390 5670 et
2434 5614 2503 5669 de
2549 5615 2633 5670 eis
2678 5617 3071 5685 cogitationem
3117 5616 3187 5670 ab
3235 5616 3418 5670 radice

1842 5707 2075 5763 convelli
2120 5718 2382 5780 oportere
2421 5707 2589 5763 docet
2628 5708 3019 5764 Parmmiastes
3065 5726 3078 5763 :
3133 5728 3151 5760 ι
3198 5708 3275 5764 Ne
3320 5707 3421 5763 des
