4462 6440
932 408 952 468 ι
966 407 1064 468 487

2162 393 2527 455 ANTIOCHI
2567 391 2911 454 MONACIII

4064 383 4090 445 Ῑ
4102 382 4207 444 $88

927 515 1149 569 divitias
1183 511 1399 565 mulieri
1425 510 1466 540 "
1500 529 1516 558 ι
1559 524 1571 558 :
1604 513 1843 559 mentem
1879 512 2050 566 tuam,
2074 502 2241 555 vitam
2273 503 2512 570 denique
2544 520 2587 573 Α
2618 501 2694 573 μὴ
2725 500 2834 551 είδό

2544 520 2587 573 Α
2618 501 2694 573 μὴ
2725 500 2954 561 είδότας,
2987 496 3128 547 κατὰ
3156 495 3247 547 τὸν
3278 494 3432 561 λόγον
3456 490 3549 545 τοῦ
3581 493 3809 559 Κυρίου,
3842 492 3921 542 ὅτι
3954 510 3969 542 ι
4024 492 4209 544 Ἐκεῖ-

928 617 985 661 et
1010 604 1324 659 consilium.
1354 601 1508 654 Alius
1546 616 1556 649 :
1599 616 1618 648 ι
1652 596 1789 651 Cum
1824 593 2120 649 cantatriee
2153 593 2412 647 assiduus
2442 610 2508 647 ne.

926 706 1071 757 esto,
1087 694 1379 765 nequando
1398 688 1636 759 capiaris
1655 688 1708 741 in
1728 686 1938 753 argutis
1952 683 2217 754 operibus
2237 683 2387 737 illius
2402 686 2464 736 ".
2486 702 2501 733 ι

927 789 1070 853 Quin
1109 794 1164 839 et
1204 785 1396 838 Isaiam
1435 781 1505 834 de
1547 780 1669 833 istis
1705 777 1942 830 arbitror
1982 773 2128 843 loqui
2172 791 2187 827 ε
2239 794 2255 823 ι
2302 774 2409 827 Pro
2444 788 2511 825 eo

928 879 1077 949 quod
1107 877 1357 933 exaltatae
1385 882 1512 928 sunt
1541 872 1664 926 lilia:
1689 879 1815 933 tute,
1837 869 1990 929 Sion,
2009 876 2065 921 et
2089 866 2512 919 ambulaverunt

927 980 1156 1024 extenso
1201 968 1372 1028 collo,
1411 974 1468 1019 et
1513 962 1755 1017 nictihus
1798 960 2083 1013 oculorum
2109 958 2176 1021 ὀ,
2218 976 2236 1006 ι
2289 966 2344 1009 et
2391 971 2511 1024 qua:

2614 610 2705 655 νος
2737 592 2767 644 ὁ
2788 589 2973 651 δοῦλος
3011 588 3040 639 ὁ
3066 587 3225 654 γνοὺς
3254 586 3316 639 τὸ
3348 584 3562 653 θέλημα
3597 582 3689 635 τοῦ
3747 586 3957 654 κυρίου,
3983 585 4094 634 καὶ
4135 583 4208 650 μὴ

2612 685 2847 753 ποιήσας
2877 682 3014 750 πρὸς
3048 680 3109 731 τὸ
3136 677 3351 746 θέλημα
3381 675 3571 740 αὐτοῦ,
3600 674 3895 746 δαρήσεται
3938 674 4145 729 πολλὰ,
4184 696 4202 723 ι

2613 774 2724 827 Καὶ
2753 772 2949 839 ἐπάγει
2978 785 2994 800 ·
3026 790 3043 821 ι
3081 770 3250 822 Παντὶ
3292 762 3337 835 ᾧ
3377 767 3531 836 ἐδόθη
3568 766 3756 827 πολλὰ,
3796 767 4208 834 περισσότερον

2614 867 3015 935 ἀπαντήσουσιν
3047 862 3233 919 αὐτόν.
3278 880 3296 913 ι
3328 860 3488 931 Αὐτῷ
3521 861 3555 929 ἡ
3581 859 3705 924 δόξα
3738 862 3820 923 είς
3843 861 3965 922 τοὺς
3988 860 4204 921 αἰῶνας

2614 957 2724 1007 τῶν
2759 954 2992 1007 αἰώνων.
3049 953 3242 1023 Ἀμήν.

928 1069 1255 1133 sequuntur.
1280 1060 1347 1114 Et
1374 1056 1582 1112 inducit
1608 1073 1621 1108 :
1663 1074 1680 1105 ι
1713 1055 1777 1108 Et
1802 1052 2066 1106 Dominus
2092 1049 2360 1104 revelabit
2386 1048 2635 1101 habiturn
2664 1048 2716 1101 in
2747 1047 2835 1101 die
2869 1047 2957 1100 illa
2982 1046 3050 1100 ".
3084 1064 3103 1097 ι
3134 1046 3190 1100 Id
3218 1045 3363 1113 quod
3392 1058 3540 1099 nunc
3600 1043 3865 1112 temporis
3892 1043 4202 1111 contigisse

928 1156 1185 1217 arbitror,
1218 1167 1315 1220 per
1350 1147 1646 1201 adventum
1679 1143 2083 1200 Chaldaeorum.
2116 1139 2328 1208 1055
2364 1140 2507 1193 Dicit
2545 1148 2725 1193 autem
2749 1138 2932 1193 etalio
2955 1138 3075 1191 loco
3119 1155 3130 1190 :

932 1249 1069 1299 forte
1123 1240 1513 1298 seandalizcris
1565 1239 1619 1292 in
1668 1234 2140 1305 increpationibus
2192 1233 2338 1287 illius
2397 1234 2465 1285 ”.
2508 1252 2525 1284 ι
2574 1233 2784 1286 ltursus
2829 1248 2843 1284 :

2524 1341 2537 1377 :
2587 1342 2604 1373 ι
2635 1321 2890 1377 Amarius
2915 1330 3090 1375 morte
3116 1330 3221 1383 est,
3279 1320 3596 1374 conversari
3621 1334 3743 1373 cum
3773 1319 4032 1379 muliere;
4082 1318 4199 1385 ipsa

928 1338 1095 1389 corda
1146 1332 1566 1403 intelligentium
1631 1328 1697 1381 ”.
1745 1346 1762 1379 ι
1820 1325 2057 1381 Proinde
2109 1323 2471 1378 Ecclesiastes

3176 1155 3193 1187 ι
3233 1137 3511 1205 Virginem
3552 1150 3622 1189 ne
3660 1136 4097 1203 eomtempleris.
4135 1152 4201 1185 ne

2897 1249 2917 1281 ι
2962 1230 3159 1285 Vinum
3204 1238 3262 1283 et
3301 1230 3564 1282 mulieres
3602 1237 3907 1296 apostatare
3980 1226 4201 1279 faciunt

929 1431 1079 1483 enim
1124 1429 1350 1496 laqueus
1390 1422 1665 1478 venatoris
1739 1427 1858 1483 est,
1928 1426 1984 1472 et
2022 1432 2147 1487 sage
2172 1433 2221 1469 ra
2266 1432 2361 1469 cor
2404 1416 2579 1479 illius,
2619 1415 2901 1469 vinculum
2943 1414 2997 1468 in
3041 1428 3235 1468 manus
3271 1414 3410 1483 ejus.
3444 1411 3631 1466 Bonus
3670 1420 3795 1465 ante
3836 1410 4030 1463 faciem
4075 1409 4198 1467 Dei.

932 1519 1349 1574 submovcbitur
1381 1517 1449 1570 ab
1484 1531 1585 1579 ea;
1619 1514 1713 1583 qui
1750 1522 1973 1581 peccat,
2007 1511 2509 1580 comprehendetur
2549 1511 2604 1564 in
2633 1526 2695 1563 ea
2718 1512 2785 1563 “.
2822 1528 2841 1560 ι
2878 1509 3047 1563 Infert
3086 1527 3099 1561 :
3138 1528 3156 1559 ι
3190 1508 3421 1570 Lmtare,
3450 1508 3689 1577 juvenis,
3725 1507 3778 1559 in
3818 1504 4199 1559 adolescentia

934 1619 1045 1672 tua,
1074 1616 1131 1661 et
1162 1596 1387 1661 ambula
1416 1606 1469 1659 in
1496 1604 1601 1657 viis
1635 1602 1903 1655 innocens
1960 1611 2017 1654 et
2048 1601 2453 1664 immaculatus,
2520 1610 2575 1653 et
2616 1600 2669 1652 in
2699 1598 2946 1652 contuitu
2976 1598 3263 1651 oculorum
3296 1607 3537 1660 tuorum,
3563 1605 3621 1651 et
3649 1599 3785 1651 scito
3812 1598 3939 1666 quia
3972 1612 4083 1666 pro
4114 1597 4199 1649 his

930 1702 1189 1755 omnibus
1234 1699 1469 1751 adducet
1514 1704 1565 1749 te
1615 1696 1759 1749 Deus
1811 1695 1868 1749 in
1909 1694 2179 1765 judicium
2208 1695 2276 1747 ".
2327 1715 2345 1745 ι
2398 1694 2508 1749 Nec
2545 1693 2704 1747 aliter
2741 1692 3035 1762 Apostolus
3074 1709 3088 1745 :
3142 1711 3161 1743 ι
3210 1695 3409 1747 Omnes
3484 1692 3631 1747 enim
3704 1707 3804 1746 nos
3846 1693 4195 1745 manifestari

934 1800 1151 1861 oportet
1183 1798 1311 1843 ante
1347 1788 1581 1842 tribunal
1617 1787 1845 1852 Christi,
1914 1796 1973 1841 ut
2008 1787 2211 1842 referat
2281 1788 2657 1857 unusquisque
2692 1788 2911 1857 propria
2945 1787 3214 1857 corporis,
3243 1802 3365 1856 qure
3429 1787 3617 1857 gessit,
3648 1787 3763 1840 sive
3830 1786 4039 1840 bonum
4079 1790 4199 1841 sive

935 1885 1137 1937 malum
1159 1885 1224 1935 ".
1265 1901 1283 1933 ι
1336 1884 1446 1936 Nos
1489 1883 1655 1951 igitur
1702 1882 1797 1950 qui
1837 1882 2050 1936 eteteris
2089 1882 2497 1952 Scripturarum
2537 1883 2908 1951 cognitionem
2979 1881 3450 1943 administramus,
3517 1897 3620 1935 nec
3656 1891 3837 1935 tamen
3870 1896 3965 1935 eas
3996 1883 4195 1950 exple-

939 1990 1060 2027 mus
1090 1989 1276 2043 opere,
1309 1974 1481 2026 multo
1515 1989 1624 2042 pra:
1661 1972 1863 2041 ignaris
1899 1972 2019 2026 istis
2085 1973 2329 2027 atrocius
2394 1980 2579 2027 manet
2611 1972 2916 2042 judicium,
2940 1973 3091 2041 juxta
3125 1971 3352 2025 verbum
3386 1969 3603 2023 Domini
3638 1970 3873 2024 dicentis
3918 1989 3932 2023 :
3985 1990 4001 2019 ι
4051 1971 4199 2036 Qui:

936 2084 1129 2123 servus
1161 2066 1253 2134 qui
1297 2066 1449 2117 novit
1483 2066 1818 2118 voluntatem
1857 2065 2064 2119 domini
2103 2065 2210 2126 sui,
2246 2080 2347 2118 nec
2379 2064 2508 2118 fecit
2546 2061 2853 2119 secundum
2908 2064 3087 2126 illam,
3122 2064 3405 2132 vapulabit
3489 2061 3675 2116 multis
3732 2065 3798 2115 ".
3843 2085 3860 2113 ι
3912 2066 4136 2120 Inducit
4183 2087 4197 2120 ;

942 2179 958 2209 ι
998 2157 1078 2211 Ab
1110 2157 1258 2211 omni
1290 2157 1379 2211 cui
1413 2158 1644 2210 multum
1679 2157 1942 2209 donatum
1975 2165 2080 2218 est,
2110 2157 2232 2225 plus
2259 2163 2511 2225 repetent
2547 2153 2615 2208 ab
2642 2170 2709 2209 eo
2731 2156 2794 2207 "'.
2832 2172 2851 2205 ι
2887 2153 2991 2223 Ipsi
3020 2155 3194 2224 gloria
3228 2154 3284 2206 in
3316 2152 3510 2206 secula
3542 2153 3888 2206 seculorum.
3920 2155 4126 2210 Amen.

1494 2269 1775 2322 nostum
1815 2268 1953 2322 XIX.
2540 2255 2583 2309 Β
3217 2266 3437 2318 ΛΟΓΟΣ
3475 2263 3575 2319 te'.

1485 2359 1560 2411 De
1594 2360 1962 2427 fornicatione.

1010 2448 1414 2505 Fornicationis
1439 2449 1669 2503 atii-etus
1691 2450 1995 2503 multiﬁdus
2017 2450 2239 2520 quidem
2266 2466 2331 2505 ex
2355 2450 2509 2505 fami-

939 2540 1061 2595 liari
1117 2540 1366 2594 cooritur
1416 2550 1472 2592 et
1522 2541 1698 2609 surgit
1749 2540 2041 2593 mulierum
2088 2543 2505 2596 consuetudine.

936 2633 1097 2686 Nullo
1123 2632 1270 2685 enim
1296 2630 1517 2699 negotio
1544 2632 1873 2684 assentatrix
1904 2632 1993 2685 illa
2021 2642 2078 2685 et
2104 2632 2229 2684 illex
2255 2648 2511 2701 congres-

936 2728 1019 2780 sio
1062 2726 1377 2795 procacium
1413 2725 1727 2786 mulierum,
1758 2741 1815 2779 se
1856 2726 2097 2779 hominis
2134 2726 2326 2780 inserit
2356 2728 2508 2780 cordi

940 2818 1228 2880 illecebra,
1257 2817 1600 2871 veteratorize
1634 2818 1770 2870 artis
1805 2833 2070 2886 perquam
2112 2823 2291 2887 plena.
2322 2819 2510 2888 Neque

938 2909 994 2961 id
1048 2909 1280 2977 simplex
1328 2907 1566 2968 malum,
1610 2922 1734 2959 ‹·ιιιιι
1782 2906 2164 2960 fornicationis
2206 2907 2509 2961 dmrnonem

937 3000 1211 3067 duplicem
1243 3012 1363 3051 esse
1402 3006 1634 3050 constet.
1666 2996 1760 3050 Est
1790 2999 1936 3051 enim
1967 2998 2060 3067 qui
2091 2998 2357 3053 adversus
2385 3001 2508 3054 ani-

940 3106 1104 3152 mam,
1134 3098 1218 3142 est
1242 3098 1296 3142 et
1324 3088 1418 3156 qui
1452 3087 1743 3140 adversum
1780 3104 1984 3157 corpus
2017 3091 2315 3159 conspiret.
2348 3091 2511 3144 Istius

939 3180 1018 3232 rei
1056 3180 1226 3249 gratia
1260 3195 1398 3247 agon
1432 3179 1632 3248 duplex
1668 3180 1828 3234 nobis
1862 3182 2220 3250 excipiendus
2248 3182 2512 3238 adversus

941 3272 1214 3340 impurum
1250 3270 1414 3324 hunc.
1444 3270 1633 3340 Neque
1670 3272 1819 3324 enim
1862 3273 2184 3326 sustinendo
2218 3274 2347 3327 huic
2377 3289 2510 3327 con-

938 3362 1109 3413 ﬂictui
1165 3360 1298 3413 satis
1344 3360 1509 3413 fuerit
1555 3363 1840 3429 corporale
1891 3362 2195 3432 jejunium,
2238 3363 2416 3416 solum
2465 3362 2509 3417 si

938 3452 1115 3514 adsit,
1161 3459 1221 3503 ut
1273 3451 1431 3504 hoste
1491 3451 1826 3520 triumphato
1884 3453 2209 3521 palmarium
2264 3462 2513 3522 reportes

940 3544 1193 3612 perfecta:
1221 3542 1536 3596 sobrietatis
1570 3552 1627 3596 et
1655 3543 2009 3596 eastitnonim.
2042 3544 2258 3597 Etenim
2290 3560 2511 3597 necesse

940 3635 1032 3696 sit,
1061 3634 1243 3689 adsint
1274 3633 1355 3686 Ine
1384 3634 1635 3695 comites,
1666 3634 1848 3687 cordis
1886 3635 2169 3698 contritio,
2194 3636 2511 3704 deprecatio

934 3726 1085 3795 jugis
1114 3725 1182 3779 ad
1212 3726 1403 3787 Deum,
1426 3725 1619 3778 crebra
1647 3725 1933 3781 meditatio
1965 3725 2391 3795 Scripturarum.
2418 3729 2512 3781 llis

939 3816 1112 3877 addc,
1158 3816 1433 3877 laborem,
1478 3825 1533 3868 et
1584 3816 1923 3869 manuariam
1977 3816 2323 3871 industriam.
2368 3818 2511 3872 Sane

942 3915 1172 3977 possunt
1197 3906 1310 3959 base
1342 3906 1735 3961 insolescentes
1759 3916 1922 3976 atque
1950 3908 2295 3976 iinportunos
2316 3909 2512 3962 anima:

942 4007 1123 4051 motus
1174 3998 1542 4066 supprimere.
1588 3998 1705 4052 l‘rze
1758 3998 1845 4052 his
1900 3999 2157 4054 omnibus
2213 4000 2510 4069 plurimum

940 4088 1105 4143 aliert
1131 4089 1490 4144 emolumenti
1522 4090 1718 4142 anima).
1756 4104 1876 4143 sese
1913 4090 2226 4159 dejicientis
2255 4092 2511 4145 humilia-

944 4183 1021 4236 tio
1055 4199 1070 4235 :
1103 4198 1210 4251 qua
1246 4182 1385 4242 sine,
1418 4196 1526 4233 non
1562 4179 2001 4243 fornicationem,
2033 4197 2140 4234 non
2176 4182 2340 4235 ullam
2376 4183 2512 4235 alia-

946 4290 1065 4325 rum
1099 4272 1412 4341 passionum
1448 4271 1773 4339 pervincere
1809 4270 1933 4338 quis
1967 4272 2229 4339 potuerit.
2255 4272 2511 4341 l‘crvigili

945 4366 1128 4432 itaque
1172 4362 1421 4416 custodia
1466 4361 1855 4415 asservandum
1905 4378 2021 4424 cor,
2056 4378 2123 4416 ne
2165 4363 2295 4430 quid
2338 4364 2511 4417 insin-

942 4470 1085 4508 cera:
1142 4452 1494 4521 cogitationis
1559 4453 1767 4520 irrepat
1820 4452 2096 4506 alicunde.
2149 4452 2309 4507 Juxta
2365 4454 2512 4507 enim

943 4547 1281 4601 Domiuieam
1310 4560 1499 4597 vocem
1537 4561 1549 4595 :
1588 4564 1604 4592 ι
1638 4544 1717 4597 Ex
1742 4544 1906 4597 corde
1928 4554 2131 4598 exeunt
2154 4546 2514 4615 cogitationes

943 4638 1099 4691 mala:
1122 4637 1188 4689 ".
1232 4654 1248 4687 ι
1296 4635 1536 4689 Tametsi
1580 4633 1634 4687 in
1682 4644 1864 4687 nostra
1909 4636 2206 4704 repositum
2247 4646 2514 4705 potestate

889 4739 892 4741 λ
943 4738 1058 4793 est,
1088 4729 1248 4798 juxta
1288 4726 1536 4795 Apostoli
1586 4725 1946 4787 sententiam,
1979 4735 2041 4780 ut
2087 4743 2317 4797 agonem
2366 4729 2516 4783 hunc

944 4821 1314 4875 sustineamus
1350 4818 1594 4887 legitime
1627 4827 1685 4871 et
1718 4833 2048 4872 coronemur
2070 4818 2114 4849 ³⁰
2151 4836 2165 4871 :
2208 4819 2253 4872 si
2296 4820 2517 4888 quando

3158 2359 3299 2427 Περὶ
3324 2359 3625 2427 πορνείας.

2679 2450 2754 2504 Τὸ
2774 2450 2949 2513 πάθος
2971 2450 3072 2520 τῆς
3106 2452 3366 2521 πορνείας
3394 2453 3458 2503 τὸ
3492 2449 3812 2519 πολυσχιδὲς
3846 2450 3909 2501 ἐκ
3938 2448 4037 2517 τῆς
4070 2466 4197 2502 συν-

2608 2545 2800 2615 τυχίας
2852 2542 2963 2595 τῶν
3021 2542 3302 2609 γυναικῶν
3364 2542 3743 2595 ἐπανίσταται.
3798 2540 4024 2611 Ῥαδίως
4082 2541 4197 2609 γὰρ

2610 2635 2987 2691 ἐναποτίθεται
3026 2634 3085 2686 ὲν
3113 2636 3179 2703 τῇ
3208 2632 3405 2703 καρδίᾳ
3447 2632 3541 2685 τοῦ
3584 2632 3872 2701 ἀνθρώπου
3902 2631 4000 2694 τάς
4023 2633 4195 2685 κολα-

2610 2729 2870 2789 κευτικὰς
2895 2727 3110 2796 ὁμιλίας
3138 2726 3247 2779 τῶν
3291 2725 3532 2779 σοόάδων
3575 2724 3853 2793 γυναικῶν
3905 2725 3967 2776 τὸ
4015 2725 4196 2777 δεινὴν

2607 2822 2824 2892 δέλεαρ
2854 2822 2916 2873 οὐ
2957 2822 3119 2890 μόνον
3150 2820 3207 2872 δὲ
3239 2819 3421 2883 τοῦτο,
3475 2819 3612 2870 ἀλλὰ
3660 2819 3753 2871 καὶ
3791 2816 4014 2881 διπλοῦς
4052 2819 4196 2871 καθ⁸

2612 2915 2844 2980 ἔστηκεν
2870 2914 2898 2964 ὁ
2930 2911 3030 2980 τῆς
3077 2912 3336 2975 πορνείας
3362 2910 3597 2980 δαίμων,
3629 2910 3686 2961 ἐν
3715 2912 3781 2979 τῇ
3808 2909 3955 2979 ψυχῇ
3989 2912 4086 2962 καὶ
4115 2910 4193 2979 τῷ

2612 3002 2829 3071 σώματι
2879 3003 3289 3069 συνιστάμενος.
3344 3001 3454 3053 Καὶ
3510 3000 3707 3052 τούτου
3761 3003 3941 3070 χάριν,
3994 3001 4193 3069 διπλῆν

2611 3093 2734 3146 κατ’
2781 3091 2948 3145 αὑτοῦ
2998 3093 3105 3162 χρὴ
3151 3091 3251 3161 τὴν
3303 3090 3480 3160 πάλην
3528 3091 3913 3156 ἀναδέξασθαι.
3963 3094 4039 3144 Οὐ
4084 3094 4193 3161 γὰρ

2613 3182 2775 3253 ἱκανὴ
2822 3182 3058 3252 ὑπάρχει
3110 3183 3247 3252 μόνη
3305 3184 3399 3234 καὶ
3455 3184 3742 3251 σωματικὴ
3799 3183 4053 3251 νηστεία,
4107 3186 4193 3236 ἴνα

2613 3275 2883 3345 κτήσηται
2913 3293 2997 3337 τις
3043 3274 3258 3327 τελείαν
3309 3273 3685 3343 σωφροσύνην,
3727 3276 3820 3327 καὶ
3864 3278 4112 3342 ἁγνείαν,
4146 3280 4194 3329 εἰ

2615 3366 2692 3437 μὴ
2716 3367 2949 3437 καρδίας
2994 3365 3221 3435 γένηται
3262 3365 3621 3435 συντριμμὺς,
3656 3366 3750 3417 καὶ
3786 3367 3920 3436 εὐχὴ
3967 3369 4194 3437 ὲκτενὴς

2613 3457 2750 3525 πρὸς
2785 3455 2941 3518 Θεὸν,
2985 3454 3082 3507 καὶ
3133 3453 3242 3506 τῶν
3299 3455 3531 3524 Γραφῶν
3586 3455 3767 3526 πυκνὴ
3821 3456 4045 3526 μελέτη,
4101 3460 4197 3509 καὶ

2614 3546 2859 3615 κάματος
2902 3544 2998 3596 καὶ
3044 3544 3383 3614 ἐργόχειρον,
3437 3544 3582 3615 ἅπερ
3624 3546 3879 3599 δύνανται
3928 3548 4028 3609 τὰς
4061 3549 4197 3599 ἀτά-

2618 3654 2779 3699 κτους
2835 3636 2933 3705 τῆς
2989 3634 3170 3705 ψυχῆς
3227 3636 3406 3705 ὁρμάς
3456 3636 3784 3688 συστέλλειν.
3815 3637 3930 3705 ΙΙρὸ
3967 3653 4025 3704 γε
4054 3640 4195 3690 πᾶν·

2617 3744 2725 3780 των
2798 3725 3166 3795 συμϐάλλεται
3233 3726 3564 3788 ταπείνωσις
3631 3728 3810 3795 ψυχῆς
3840 3767 3855 3789 ,
3905 3723 3974 3798 ἦς
4024 3732 4199 3799 χωρὶς

2616 3818 2741 3872 οὔτε
2780 3819 3060 3889 πορνείας,
3102 3815 3225 3870 οὔτε
3259 3816 3369 3869 τῶν
3404 3817 3579 3870 ἄλλων
3617 3818 3809 3871 παθῶν
3852 3819 4083 3873 δύναταί
4113 3837 4199 3883 τις

2618 3910 3028 3982 περιγενέσθαι.
3059 3910 3178 3979 Χρὴ
3215 3910 3273 3962 δὲ
3302 3909 3362 3961 τὸ
3393 3909 3493 3979 τὴν
3522 3910 3751 3981 καρδίαν
3780 3912 3930 3982 πάσῃ
3979 3912 4197 3981 φυλακῇ

2616 4006 2808 4074 τηρεῖν
2847 4004 2957 4055 ἀπὸ
2991 4000 3254 4071 ῥυπαρῶν
3303 3999 3598 4070 λογισμῶν.
3630 4019 3649 4051 ι
3693 4002 3787 4054 Ἕκ
3834 4005 3944 4071 γάρ
3990 4002 4200 4072 ταύτης

2617 4095 2953 4164 ἐξέρχονται,
2986 4091 3128 4144 κατὰ
3149 4091 3247 4160 τὴν
3265 4090 3361 4143 τοῦ
3385 4090 3591 4161 Κυρίου
3618 4093 3823 4160 φωνὴν,
3851 4093 4202 4163 διαλογισμοὶ

2619 4186 2864 4257 πονηροί.
2900 4202 2919 4236 ι
2953 4185 3016 4237 Et
3044 4180 3137 4237 οὖν
3182 4182 3330 4236 ἔστιν
3378 4184 3512 4253 ἡμῖν
3554 4186 3695 4235 κατὰ
3738 4186 3829 4236 τὸν
3869 4186 4201 4239 ’Δπόστολον

2618 4276 2865 4344 νομίμως
2896 4272 3127 4341 ἀθλῆσαι
3171 4272 3267 4325 καὶ
3302 4272 3735 4341 στεφανωθῆναι,
3778 4276 4114 4343 νικήσαντας
4140 4279 4201 4327 τὸ

2617 4364 2931 4435 ἀκάθαρτον
2973 4362 3191 4432 πνεῦμα
3236 4361 3337 4430 τῆς
3382 4363 3659 4432 πορνείας,
3710 4364 3785 4434 μὴ
3831 4367 3897 4435 τῇ
3948 4366 4198 4436 ἡμετέρᾳ

2617 4455 2893 4525 δυνάμειῆ
2921 4455 3153 4523 ἀσκήσει
3185 4453 3570 4524 θαρρήσωμεν,
3598 4455 3735 4508 ἀλλὰ
3777 4459 3844 4525 τῇ
3873 4456 3973 4508 τοῦ
3995 4461 4200 4509 Δεσπο-

2619 4562 2712 4598 του
2748 4544 2886 4596 Θεοῦ
2916 4544 3159 4614 βοηθείᾳ.
3195 4544 3271 4596 Οὐ
3301 4544 3533 4598 παύεται
3565 4546 3675 4615 γὰρ
3701 4545 3994 4615 ἄνθρωπος
4037 4548 4192 4599 πολε-

2623 4636 2894 4704 μούμενος
2947 4634 3088 4704 ὑπὲρ
3142 4633 3239 4687 τοῦ
3292 4634 3601 4705 πνεύματος
3634 4636 3848 4701 τούτου,
3894 4638 4001 4700 ἕως
4032 4632 4095 4691 οὗ
4143 4640 4199 4691 ὲν

2619 4725 2850 4795 ἀληθεία
2870 4724 3162 4796 πιστεύσῃ,
3187 4725 3272 4778 ὅτι
3294 4726 3414 4795 οὐχὶ
3439 4726 3544 4795 ibi;
3562 4727 3790 4797 σπουδῇ,
3813 4728 3912 4780 καὶ
3942 4731 4196 4799 καμάτῳ,

2621 4816 2756 4870 ἀλλὰ
2784 4819 2850 4886 τῇ
2880 4816 2976 4869 τοῦ
3019 4816 3157 4869 Θεοῦ
3199 4817 3375 4887 σκέπῃ
3410 4815 3506 4869 κα)⁵
3541 4816 3763 4887 βοηθείᾳ
3789 4819 4196 4873 ἀπαλλάττεται

945 4922 1129 4965 tamen
1162 4910 1384 4965 dabitur
1414 4909 1681 4963 adversus
1713 4908 1859 4963 hunc
1895 4909 2309 4978 spurcissimum
2342 4910 2515 4965 l‘orni-
2548 4936 2598 4996 υ
2623 4908 2721 4974 τῆς
2747 4907 2835 4960 νόσ

2548 4936 2598 4996 D
2623 4908 2721 4974 τῆς
2747 4907 2902 4960 νόσου
2934 4909 3158 4978 ταύτης.
3207 4908 3386 4961 Καλὸν
3433 4907 3530 4961 οὖν
3572 4912 3720 4962 ιστιν
3760 4911 3844 4972 εἰς
3881 4911 4197 4981 ἀποτροπὴν

944 5002 1178 5055 eationis
1210 5000 1487 5069 spiritum,
1513 4999 1795 5051 victricem
1827 4999 2062 5067 palmam
2091 4998 2368 5065 obtinere;
2402 5017 2512 5055 non

944 5108 1014 5145 eo
1058 5092 1371 5161 pertingere
1415 5106 1517 5144 nos
1560 5090 1801 5159 potuisse
1846 5090 2231 5145 conﬁdendum
2277 5094 2515 5162 propriis

2619 5001 2717 5055 τοῦ
2749 5000 3017 5067 ἐναντίου,
3048 5001 3145 5054 καὶ
3183 4999 3408 5069 ἁγνείαν
3438 4998 3711 5069 σώματος,
3746 5001 3856 5072 πρὸ
3890 5001 4065 5055 ὕπνου
4108 5007 4197 5056 ἐπὶ

2621 5092 2808 5162 κοίτης
2834 5091 2914 5152 τὸ,

947 5185 1157 5239 viribus
1206 5191 1302 5237 aut
1344 5182 1645 5235 monastiea
1726 5182 2154 5245 exercitatione,
2198 5184 2292 5238 sed
2344 5185 2559 5240 Domini
2600 5184 2823 5241 auxilio.
2894 5181 3082 5250 Neque
3126 5181 3275 5235 enim
3318 5180 3526 5235 homini
3574 5181 3845 5253 contingit
3889 5186 4196 5254 requietum

946 5294 1071 5336 csse
1100 5278 1168 5332 ab
1199 5275 1609 5346 impugnatione
1644 5275 1805 5329 istius
1836 5274 2037 5344 impuri
2070 5276 2319 5345 spiritus,
2348 5277 2525 5333 ilouec
2560 5277 2843 5334 verissime
2911 5273 3212 5330 crediderit
3278 5289 3337 5328 se
3368 5273 3521 5327 nullo
3552 5282 3734 5343 pacto,
3758 5284 3856 5328 aut
3889 5277 4077 5331 studio
4108 5289 4197 5331 aut

948 5368 1231 5427 laboribus
1283 5366 1524 5438 propriis
1611 5367 1825 5437 1056
1918 5369 2254 5437 cmaneipari
2309 5386 2470 5438 posse
2526 5371 2595 5424 ab
2632 5369 2901 5441 ejusmodi
2953 5367 3185 5433 morbo,
3224 5367 3321 5422 sed
3373 5367 3468 5422 Dei
3519 5367 3695 5423 solum
3747 5371 4097 5435 protectione
4138 5389 4197 5424 ae

952 5462 1229 5532 praesidio.
1262 5460 1381 5515 Non
1416 5460 1583 5530 igitur
1613 5460 1813 5513 malum
1845 5460 2009 5514 fuerit
2038 5461 2105 5514 ad
2138 5461 2516 5531 depulsionem
2552 5462 2873 5524 adversarii,
2900 5460 3257 5530 corporisque
3292 5458 3551 5514 tuendam
3620 5460 3957 5526 castitatem,
4021 5463 4195 5532 prius-

950 5571 1112 5624 quam
1137 5570 1233 5607 vos
1262 5569 1428 5622 sopor
1454 5561 1683 5621 premat,
1714 5551 1854 5606 hanc
1883 5561 1941 5604 ut
1966 5552 2030 5606 ad
2064 5554 2235 5607 Deum
2264 5555 2563 5609 etl‘uudatis
2593 5556 2645 5608 in
2679 5555 2847 5609 cubili
2879 5554 3186 5607 orationem
3216 5569 3230 5605 :

1024 5668 1067 5696 "'
1091 5667 1248 5719 l‘rov.
1276 5683 1419 5725 seu,
1442 5667 1494 5717 π.
1574 5667 1615 5698 "
1642 5665 1809 5719 Eecli.
1836 5682 1907 5720 Ix.
1934 5667 1986 5719 ί.
2062 5666 2108 5695 ’⁸
2132 5666 2236 5721 lsa.
2262 5684 2339 5723 ιιι.
2370 5668 2451 5720 16.
2530 5668 2571 5697 "
2598 5667 2730 5722 ibid.
2751 5668 2835 5720 i7.

952 5736 1153 5817 vn,27.
1232 5741 1273 5767 “
1303 5738 1478 5790 I‘leelv.
1505 5752 1575 5795 ς’,
1599 5737 1648 5788 li.
1729 5738 1773 5768 ¹⁶
1798 5737 1836 5790 ll
1868 5737 2061 5790 (2or.v.
2094 5735 2171 5786 l0.
2251 5740 2291 5767 ’⁷
2323 5738 2450 5790 Ι.ιι‹·.
2478 5754 2571 5797 xu,
2603 5738 2685 5790 l7.
2762 5738 2807 5767 "

2524 5754 2571 5797 ιι,
2603 5738 2685 5790 l7.
2762 5738 2807 5767 "
2855 5735 2991 5791 ibid.
3035 5736 3102 5789 48

952 5824 1011 5870 ιι,
1035 5828 1084 5858 .›.

3401 5663 3449 5695 ’³
3468 5661 3636 5717 Eccii.
3675 5677 3787 5725 xu,
3820 5661 3877 5716 2.
3955 5663 4003 5693 “
4025 5660 4192 5715 Eccle.

3401 5732 3454 5786 Ιι.
3482 5749 3582 5786 xv.
3628 5732 3716 5785 18.
3796 5732 3842 5764 ³⁸
3871 5728 3913 5785 ll
3956 5731 4192 5786 Timotb.

2914 5667 2959 5697 ”
2983 5665 3150 5719 Eceli.
3177 5680 3251 5719 Ix.
3274 5662 3327 5717 5.

3200 5704 3251 5766 ῖέ
3267 5704 3716 5797 Sthlinii-"fis.
