4462 6440
390 472 528 540 1489

461 606 477 636 ι
505 587 602 648 Δὸς
637 589 786 654 ἡμῖν,
811 591 1077 652 Δέσποτα,
1109 589 1187 651 είς
1217 587 1383 640 ὕπνον
1412 587 1688 650 ἀπιοῦσιν,
1719 587 1962 640 ἀνάπαυ-
1992 600 2035 653 Α

383 695 468 728 σιν
499 678 772 747 σώματος,
806 681 900 732 καὶ
926 680 1251 746 διαφύλαξον
1281 682 1431 750 ἡμᾶς
1461 681 1570 732 ἀπὸ
1599 680 1693 732 τοῦ
1725 679 1957 748 ζοφεροῦ

381 766 555 820 ὕπνου
586 773 684 838 τῆς
725 771 1032 840 ἁμαρτίας⁶
1083 771 1243 840 ῥύσαι
1279 774 1428 839 ἡμᾶς
1475 772 1584 824 ἀπὸ
1624 770 1825 832 παντὸς
1861 789 1958 838 μο-

379 859 593 929 λυσμοῦ
626 863 825 926 σαρκὸς
850 865 944 916 καὶ
979 864 1312 934 πνεύματος.
1343 865 1441 923 Δὸς
1487 867 1618 933 ἡμῖν
1648 864 1960 931 ἁγιωσύνην

376 952 438 1001 ἐν
472 953 626 1021 φόὁῳ
656 970 745 1005 σου
772 970 783 981 ’
820 956 912 1006 καὶ
945 954 1104 1024 ρύσαι
1145 957 1291 1025 ήμᾶς
1319 956 1428 1007 ἀπὸ
1459 957 1639 1024 πάσης
1677 953 1959 1022 σκοτεινῆς

379 1045 476 1093 καὶ
511 1045 832 1113 νυκτερινῆς
862 1047 1220 1114 ἡδυπαθείας.
1269 1046 1485 1099 Παῦσον
1514 1047 1610 1108 τάς
1640 1045 1815 1115 ὁρμὰς
1850 1044 1960 1096 τῶν

377 1133 576 1185 παθῶν
600 1152 612 1164 ·
647 1136 839 1188 σϐέσον
863 1138 962 1208 τὴν
987 1137 1081 1190 τοῦ
1127 1139 1377 1207 σώματος
1422 1137 1695 1208 πύρωσιν·
1730 1139 1831 1199 τάς
1857 1139 1958 1205 τῆς

377 1227 586 1294 σαρκδς
642 1227 1042 1292 ἐπαναστάσεις
1107 1231 1483 1298 κατάργησονο
1542 1230 1612 1281 τὰ
1669 1229 1959 1297 σωματικά

375 1317 556 1386 πάθη,
606 1319 705 1386 τῆς
734 1337 791 1372 τε
824 1321 1028 1388 σαρκὸς
1071 1321 1140 1373 τὰ
1171 1324 1494 1390 φρονήματα
1544 1322 1794 1387 κοίμ·σον
1816 1339 1827 1350 ⁸
1859 1319 1960 1372 δώ-

379 1425 550 1477 ρησαι
601 1411 752 1479 ἡμῖν,
782 1413 811 1463 6
853 1412 1007 1475 Θεὸς,
1038 1415 1310 1482 γρήγορον
1352 1414 1494 1475 νοῦν,
1530 1412 1781 1481 σώφρονα
1814 1413 1960 1479 λογιο

376 1497 544 1564 σμδν,
582 1499 808 1566 καρδίαν
843 1503 1133 1569 νήφουσαν,
1173 1501 1337 1554 ὕπνον
1367 1503 1622 1570 ἐλαφρὸν,
1659 1504 1750 1555 καὶ
1779 1503 1960 1570 πάσης

375 1587 686 1655 σιτανικῆς
713 1592 1015 1656 φαντασίας
1056 1592 1511 1660 ἀπηλλαγμένον·
1547 1595 1638 1646 καὶ
1682 1594 1958 1662 ὲξὲγειρον

372 1680 525 1746 ἡμᾶς
561 1680 696 1750 πρὸς
720 1682 819 1744 τάς
848 1683 1167 1750 νυκτερινὰς
1204 1685 1295 1736 καὶ
1342 1683 1568 1746 ἑωθινὰς
1595 1684 1954 1753 λειτουργίας.

372 1771 682 1840 ΙΙαννύχιον
731 1776 864 1842 ἡμῖν
916 1776 1014 1844 τὴν
1063 1777 1165 1844 σὴν
1217 1775 1523 1842 δοξολογίαν
1577 1776 1826 1844 χάρισαι,
1863 1775 1956 1828 τοῦ

371 1861 572 1928 ὑμνεῖν
601 1862 660 1914 τὸ
695 1865 1112 1934 μεγαλοπρεπὲς
1141 1867 1311 1935 ὄνομά
1339 1867 1567 1927 σου,τοῦ
1597 1868 1829 1936 Πατρδς,
1860 1867 1953 1920 τοῦ

1337 479 1660 538 llOMlLIA
1701 479 1859 536 XIX.
1885 501 1954 511 -
1984 477 2080 536 DE
2123 477 2706 537 FORNTCATIONE.

3500 476 3636 540 1490

2143 609 2159 637 ι
2206 588 2283 640 Ad
2321 589 2562 656 quietem
2606 589 2841 657 soporis,
2870 589 3030 642 nobis
3067 586 3518 648 concedentibus.
3549 603 3634 639 m-

2063 679 2246 748 dulge,
2285 680 2358 732 mi
2403 679 2657 744 Domine,
2688 679 3267 749 requiem'corporis;
3314 687 3466 731 tuere
3510 693 3636 741 nos,

2064 793 2131 830 ne
2168 777 2512 831 tenebricosa
2548 778 2756 846 peccati
2795 777 2954 830 istius
2989 776 3334 830 involvamur
3369 772 3635 840 caligine;

2061 866 2214 935 eripe
2247 882 2345 920 nos
2372 867 2444 920 ob
2474 866 2624 919 onmi
2655 865 3068 935 inquinamento
3093 864 3276 918 carnis
3302 871 3360 918 et
3385 861 3633 931 spiritus,

2062 958 2325 1022 concede,
2355 959 2408 1010 in
2442 959 2638 1010 timore
2671 966 2764 1010 tuo
2791 959 2895 1010 rite
2924 966 2985 1010 ut
3009 957 3258 1024 corporis
3285 953 3638 1024 perficiame

2062 1048 2571 1102 sanctificationcm.
2616 1047 2890 1100 Submove
2942 1062 3044 1100 nos
3095 1046 3162 1098 ab
3215 1045 3362 1097 omni
3417 1039 3634 1095 demul-

2062 1151 2218 1194 ccnte
2249 1139 2525 1193 lenocinio
2554 1139 2888 1193 illecebrosze
2912 1136 3229 1207 voluptatis,
3257 1150 3355 1204 per
3381 1132 3636 1187 tenebras

2063 1231 2241 1284 noctis
2271 1231 2433 1297 hujus
2462 1232 2696 1298 impetus
2725 1230 3041 1299 passionum
3068 1228 3218 1290 seda,
3247 1240 3312 1279 ac
3337 1223 3470 1294 jube
3500 1237 3628 1275 con-

2060 1320 2365 1388 quiescere.
2403 1320 2628 1389 Ignitam
2672 1320 2958 1387 cxstingue
2995 1317 3352 1369 tentationem
3388 1309 3638 1380 corporis

2062 1412 2243 1466 istius.
2300 1411 2676 1465 ltebellionem
2736 1411 2917 1463 carnis
2972 1408 3159 1462 acrius
3213 1406 3634 1458 insolescentem

2060 1503 2272 1572 disjice.
2316 1502 2582 1556 Vitiosam
2631 1501 2979 1554 all‘ectionem
3027 1498 3310 1568 corporis,
3353 1505 3410 1550 et
3455 1493 3641 1548 carnis

2061 1594 2411 1664 prudentiam
2445 1593 2695 1661 consopi,
2723 1599 2778 1645 et
2808 1591 2892 1644 fac
2922 1592 2978 1643 in
3011 1590 3171 1643 nobis
3201 1588 3636 1642 obdormiscere.

2060 1689 2137 1741 Da
2178 1686 2336 1739 nobis
2375 1685 2658 1754 tranquilli
2699 1684 2915 1753 soporis
2935 1682 3139 1737 cubile.
3165 1680 3464 1749 Pervigiles
3501 1691 3634 1731 con-

2061 1778 2194 1832 cede
2219 1778 2579 1847 cogitationes
2605 1793 2668 1830 ac
2696 1783 2934 1830 mentem
2959 1775 3220 1835 sobriam,
3245 1787 3313 1826 nc
3336 1785 3436 1824 nos
3459 1769 3638 1840 gravis

2060 1871 2336 1939 opprimat
2365 1885 2550 1937 sopor,
2579 1869 2673 1922 sed
2708 1869 2802 1936 qui
2837 1884 2936 1921 nos
2967 1866 3160 1920 reddat
3188 1862 3540 1918 excitatiores
3570 1860 3636 1913 ad

370 1952 649 2012 Υίοῦ,καὶ
695 1955 790 2007 τοῦ
847 1957 1001 2024 ἁγίου
1055 1933 1395 2027 Πνεύματος,
1428 1959 1506 2020 είς
1552 1959 1679 2020 τοὺς
1721 1933 1950 2018 αἰῶνας.
1987 1933 2031 1992 Β
2059 1933 2122 2015 ινα

1874 1933 2433 2018 1;-Boxhibcndum
2492 1961 2590 2014 tibi
2649 1976 2847 2014 munus
2901 1968 3184 2012 nocturna:
3240 1972 3304 2009 ac
3358 1954 3636 2008 matutina:

380 2045 586 2113 ’Λμήν.
624 2065 641 2096 ι

2061 2052 2318 2120 liturgizc.
2347 2049 2700 2118 Pervigilium
2734 2048 2911 2101 noctis
2947 2045 3106 2100 nobis
3137 2042 3391 2097 clementi
3431 2042 3637 2109 imper-

369 2135 474 2188 tire
520 2138 700 2204 gratia
750 2147 872 2201 tua,
909 2139 975 2193 ad
1025 2141 1403 2194 illustrandam
1454 2133 1671 2211 hymnis
1720 2140 1948 2209 gloriam
1987 2141 2511 2213 niagnilicentissimi
2547 2141 2625 2194 tui
2690 2139 2948 2204 nominis,
2975 2137 3175 2203 Patris,
3200 2133 3323 2191 Filii
3351 2143 3407 2189 et
3469 2133 3642 2202 Spiri-

371 2235 460 2278 tus
491 2229 693 2289 sancti,
723 2229 776 2281 in
804 2232 1022 2284 saecula.
1055 2232 1246 2284 Amen.
1285 2251 1302 2281 ι

443 2319 630 2371 Καλὸν
657 2316 749 2372 οὖν
775 2322 942 2384 ἐστιν,
983 2321 1057 2382 ὡς
1088 2323 1431 2391 προείρηται,
1462 2323 1560 2384 τάς
1591 2325 1834 2392 σαγήνας
1865 2324 1961 2374 καὶ

369 2409 438 2461 τὰ
471 2412 751 2482 ἄγκιστρα
799 2412 908 2464 τῶν
955 2413 1231 2480 γυναικῶν
1272 2413 1628 2482 ἀποφεύγειν,
1676 2416 1770 2466 καὶ
1806 2413 1958 2466 στέλε-

370 2503 568 2555 λεσθαι
595 2506 688 2558 ἀπ’
717 2504 914 2557 αὐτῶν.
952 2506 1012 2556 '0
1037 2505 1146 2573 γὰρ
1180 2504 1488 2570 σοφώτατος
1524 2505 1774 2569 Σολομὼν
1803 2504 1961 2557 τοῦτο

374 2596 543 2665 πείρα
581 2597 937 2666 παρειληψὼς
967 2599 1098 2650 πᾶσι
1121 2601 1375 2667 παραινεῖ
1403 2597 1602 2665 λέγων,
1623 2618 1639 2648 ι
1668 2598 1758 2667 Μή
1788 2599 1959 2668 πρόσ-

371 2700 460 2750 εχε
519 2685 704 2754 φαύλῃ
752 2685 998 2751 γυναικί·
1044 2686 1165 2753 μέλι
1209 2687 1318 2755 γὰρ
1353 2687 1658 2750 ἀποστάζει
1708 2689 1815 2739 ἀπὸ
1841 2705 1958 2756 χεια-

372 2775 512 2826 ὶέων
551 2775 810 2840 γυναικὸς
841 2777 1066 2846 πόρνης,
1101 2777 1134 2846 ἢ
1167 2777 1302 2847 πρδς
1352 2779 1545 2848 καιρὸν
1587 2779 1828 2831 λιπαίνει
1871 2779 1962 2831 τὸν

375 2866 677 2932 φάρυγγα·
713 2865 940 2934 ὕστερον
982 2868 1166 2936 μέντοι
1212 2868 1537 2937 πικρότερον
1587 2868 1749 2937 χολῆς
1795 2869 1961 2938 εὑρή-

376 2972 527 3017 σειςο
592 2957 667 3025 μὴ
704 2958 1008 3027 ἐπιστήσῃς
1060 2957 1156 3009 οὖν
1209 2957 1299 3008 σὺν
1356 2958 1512 3026 ὄμμα
1563 2958 1651 3008 ἐπ’
1691 2959 1885 3028 αὒτήν.
1936 2976 1955 3009 ι

373 3050 459 3099 K1
511 3050 678 3100 πάλιν
711 3066 724 3077 ·
759 3068 776 3100 ι
808 3049 896 3117 Μὴ
931 3050 1167 3118 πρόσεχε
1219 3050 1398 3118 φαύλῃ
1425 3067 1645 3117 γυναικι
1668 3066 1679 3077 ·
1725 3051 1824 3118 τῆς
1849 3049 1957 3119 γὰρ

371 3142 697 3211 ἀψροσύνης
759 3143 807 3193 οἱ
877 3142 1038 3204 πόδες
1099 3142 1399 3207 κατάγουσι
1459 3143 1586 3204 τοὺς
1639 3142 1957 3211 χρωμένους

372 3237 516 3304 αὐτῇ
568 3235 705 3303 μετὰ
737 3233 970 3287 θάνατον
1009 3235 1091 3295 είς
1135 3234 1225 3286 τὸν
1257 3233 1410 3304 ᾅδην.
1461 3235 1697 3305 Μακρὰν
1731 3234 1961 3301 ποίησον

2130 2324 2421 2394 Egregium
2473 2324 2632 2392 plane
2677 2321 2755 2375 uti
2799 2321 2954 2391 prius
3004 2319 3214 2374 dictum
3262 2328 3375 2382 est,
3413 2333 3642 2385 sagenas

2059 2414 2180 2467 illas
2213 2422 2379 2482 atque
2420 2412 2759 2466 irritamenta
2794 2410 3092 2464 mulierum
3131 2424 3233 2462 nos
3267 2407 3336 2462 ad
3373 2423 3432 2462 se
3469 2407 3641 2476 proli-

2059 2505 2322 2558 cientium
2352 2505 2616 2565 aversari,
2641 2512 2698 2556 et
2723 2503 2791 2556 ab
2820 2517 3010 2555 earum
3039 2517 3098 2554 se
3126 2501 3451 2555 submovere
3477 2499 3645 2553 collo-

2059 2598 2227 2665 quiis.
2278 2596 2391 2650 lloc
2442 2597 2590 2649 enim
2642 2594 3082 2664 sapientissimus
3128 2591 3335 2661 alioqui
3389 2592 3644 2645 Salomon

2060 2689 2326 2742 doctrina:
2355 2689 2696 2756 experientia
2731 2702 2856 2740 cum
2888 2686 3199 2748 didicisset,
3226 2699 3420 2738 omnes
3455 2698 3554 2737 nos
3589 2684 3645 2736 in

2058 2795 2351 2834 commune
2381 2780 2661 2842 admonet,
2684 2778 2876 2832 dicens
2908 2796 2920 2828 :
2956 2795 2974 2826 ι
3008 2777 3084 2830 Nc
3109 2776 3332 2829 attende
3360 2774 3425 2828 ad
3452 2774 3647 2828 mulie-

2059 2884 2174 2923 rem
2224 2870 2455 2929 malam,
2496 2869 2601 2921 mel
2649 2868 2797 2920 enim
2843 2865 3072 2920 distillat
3114 2881 3145 2919 a
3191 2865 3354 2918 labiis
3397 2864 3646 2917 mulieris

2060 2961 2399 3023 fornicarim,
2433 2969 2488 3014 et
2525 2960 2594 3013 ad
2632 2969 2850 3029 tempus
2884 2959 3190 3029 impinguat
3223 2965 3413 3026 guttur
3445 2972 3642 3020 suum;

2063 3052 2118 3106 in
2159 3052 2461 3105 novissimo
2503 3059 2686 3104 autem
2723 3050 2847 3103 felle
2889 3049 3130 3102 amarius
3168 3048 3302 3116 quid
3346 3047 3592 3100 invenies
3630 3062 3642 3098 :

2065 3159 2133 3196 ne
2169 3143 2334 3210 igitur
2364 3143 2584 3194 oculum
2621 3149 2774 3194 tuum
2813 3140 3066 3194 intendas
3104 3141 3154 3192 in
3191 3154 3311 3193 eam
3333 3138 3400 3192 ".
3441 3157 3457 3188 ι
3501 3138 3646 3191 Rur-

2066 3249 2162 3289 sus
2200 3251 2210 3286 :
2257 3253 2274 3284 ι
2315 3234 2392 3287 Nc
2428 3233 2647 3286 obviam
2682 3232 2947 3305 procedas
2981 3232 3198 3286 mulieri
3236 3230 3544 3292 meretrici,
3579 3246 3648 3284 ne

369 3327 467 3379 ἀπ’
500 3326 680 3394 αὐτῆς
705 3325 802 3394 σὴν
835 3326 972 3378 666v.
1009 3344 1028 3376 ι
1068 3325 1176 3377 Καὶ
1205 3325 1366 3377 πάλιν
1395 3342 1411 3357 ·
1436 3343 1455 3374 ι
1502 3325 1593 3392 Μὴ
1626 3324 1839 3377 ὑπάντα
1867 3339 1963 3390 γυ-
1989 3320 2032 3377 C
2065 3326 2131 3380 [οι

1885 3339 1963 3390 γυ-
1989 3320 2032 3377 C
2065 3326 2206 3380 forte
2242 3323 2452 3377 incidas
2481 3324 2535 3376 in
2568 3323 2795 3391 laqueos
2825 3322 2974 3376 illius
2994 3322 3059 3374 ".
3095 3341 3113 3371 ι
3153 3320 3370 3374 lnducit
3401 3337 3414 3374 :
3459 3338 3477 3370 ι
3513 3319 3647 3384 Quis

370 3417 524 3467 ναικὶ
558 3413 967 3484 ὲταιριζομένῃ,
999 3414 1071 3482 μή
1106 3430 1237 3466 ποτε
1261 3413 1511 3485 ἐμπέσῃς
1540 3415 1621 3476 είς
1662 3413 1760 3474 τὰς
1793 3412 1959 3479 παγί-

370 3506 468 3562 δας
516 3504 761 3573 αὐτῆς.)
820 3504 929 3555 Kal.
974 3503 1190 3568 ἐπάγει,
1236 3519 1255 3551 ι
1304 3502 1573 3570 Ἀποδήσῃ
1619 3517 1702 3561 τις
1744 3498 1853 3568 πῦρ
1902 3499 1961 3550 ἐν

373 3598 589 3665 κόλπῳ,
618 3596 686 3646 τὰ
714 3595 771 3646 δὲ
801 3594 993 3662 ἱμάτια
1018 3593 1080 3645 οὗ
1120 3593 1462 3645 κατακαύσει
1487 3610 1500 3657 ;
1526 3591 1557 3660 ἦ
1585 3590 1958 3661 περιπατήσει

371 3708 458 3754 τις
485 3691 576 3742 ἐπ’
601 3688 890 3756 ἀνθράκων
925 3688 1117 3757 πυρὸς,
1151 3688 1276 3748 τοὺς
1303 3687 1358 3738 δὲ
1391 3686 1552 3748 πόδας
1579 3686 1641 3738 οὺ
1678 3681 1961 3736 κατακαύ-

373 3800 457 3834 σει
489 3799 504 3845 ;
542 3780 804 3842 ὡσαύτως
831 3780 934 3832 οὐκ
965 3778 1354 3846 ἀθωωθήσεται
1397 3780 1502 3839 πᾶς
1527 3776 1831 3844 ἁπτόμενος
1859 3774 1962 3827 αὐ-

371 3872 490 3942 τῆς.
533 3891 552 3922 ι
603 3871 711 3924 Ka't
757 3872 786 3922 6
836 3869 999 3937 νόμος
1052 3868 1258 3936 φησίν·
1313 3887 1331 3919 ι
1367 3867 1442 3920 Οὐ
1491 3864 1848 3934 πορνεύσεις,
1898 3863 1958 3916 οὐ

378 3962 696 4033 μοιχεύσεις
722 3977 735 3990 ·
785 3961 842 4022 ὃς
876 3961 942 4011 ἂν
981 3958 1245 4028 μοιχεύσῃ
1281 3957 1380 4026 τὴν
1408 3959 1645 4024 γυναῖκα
1689 3954 1782 4007 τοῦ
1819 3953 1960 4023 πλη-

377 4059 496 4109 σίου
520 4052 710 4115 αὐτοῦ,
748 4052 963 4120 θανάτῳ
989 4050 1311 4103 τελευτάτω.
1351 4068 1368 4099 ι
1414 4047 1523 4102 Kal
1551 4048 1579 4099 6
1602 4047 1786 4100 Δαυΐδ’
1822 4066 1840 4098 ι
1870 4045 1964 4116 Μὴ

375 4147 596 4217 γίνεσθε
626 4146 702 4207 ὡς
731 4145 916 4205 ἵππος,
966 4142 1064 4194 καὶ
1103 4142 1343 4210 ήμίονος,
1381 4134 1460 4202 οἷς
1503 4139 1606 4192 οὐκ
1654 4137 1770 4191 εστι
1835 4137 1962 4190 σύν-

377 4256 517 4300 εσις.
553 4258 571 4289 ι
623 4237 733 4290 Kal
775 4236 804 4287 6
831 4234 1116 4302 προφήτης
1159 4232 1335 4301 Ὠσηὲ.
1375 4231 1676 4300 ἀχθόμενος
1707 4229 1837 4298 περὶ
1867 4225 1962 4281 τοῦ

377 4331 510 4386 λαοῦ
542 4331 696 4395 ἔλεγε
721 4344 737 4359 ·
771 4345 788 4378 ι
821 4325 1094 4394 Πνεύματι
1140 4323 1399 4394 πορνείας
1431 4320 1838 4390 ἐπλανήθησαν,
1868 4319 1966 4373 καὶ

379 4428 407 4478 6
433 4423 569 4486 λαὸς
615 4422 647 4473 6
674 4418 870 4472 συνιὼν
919 4414 1281 4469 συνεπλέκετο
1343 4413 1481 4483 μετὰ
1531 4411 1753 4482 πόρνης.
1797 4430 1817 4464 ι
1853 4412 1965 4466 Kal.

380 4513 560 4574 αὖθις,
605 4529 623 4562 ι
665 4508 1026 4578 Πορνεύοντες
1069 4503 1495 4574 ὲξεπόρνευσαν·
1533 4502 1828 4571 ἠγάπησαν
1856 4502 1968 4554 ἀτι-

385 4605 542 4673 μίαν.
576 4620 594 4652 ι
649 4601 758 4655 Kal
824 4599 1026 4653 ’πάλιν⁸
1077 4616 1096 4649 ι
1131 4595 1353 4664 Πνεῦμα
1399 4592 1656 4662 πορνείας
1701 4592 1849 4644 ἐστὶν
1907 4591 1966 4644 ὲν

382 4697 594 4756 αὐτοῖς,
626 4693 716 4745 τὸν
743 4692 798 4744 δὲ
827 4690 1030 4761 Κύριον
1057 4689 1157 4742 οὐκ
1182 4687 1446 4753 ἔγνωσαν.
1477 4703 1494 4734 ι
1533 4684 1590 4736 Ὀ
1615 4683 1671 4736 δὲ
1713 4684 1966 4736 Ἀπόστο-

384 4790 474 4850 λος
497 4784 809 4840 ἐπιστέλλει
836 4784 1009 4850 λέγων
1028 4797 1044 4813 ’
1075 4800 1092 4831 ι
1125 4779 1359 4846 Φεύγετε
1404 4777 1503 4848 τὴν
1534 4776 1814 4846 πορνείαν,
1853 4777 1965 4829 πᾶν

385 4879 719 4948 ἁμάρτημα,
758 4875 787 4927 ὃ
825 4873 918 4926 ἐὰν
953 4871 1155 4942 ποιήσῃ
1199 4870 1502 4939 ἄνθρωπος,
1535 4866 1694 4926 ὲκτδς
1723 4866 1819 4919 τοῦ
1857 4867 1965 4919 σώ-

387 4969 559 5038 ματός
588 4971 758 5020 ἐστιν’
785 4968 814 5020 6
841 4965 897 5018 δὲ
924 4963 1227 5034 πορνεύων,
1259 4964 1338 5025 είς
1362 4960 1424 5013 τὸ
1455 4962 1588 5015 ἴδιον
1615 4960 1775 5029 σῶμα
1799 4960 1969 5030 ἀμαρ-

383 5063 561 5116 τάνει.
598 5079 616 5112 ι
658 5059 766 5112 Kal.
793 5056 1081 5127 ἐπιφέρει·
1131 5073 1150 5106 ι
1182 5053 1295 5107 Οὐκ
1323 5053 1501 5106 οἴδατε
1533 5054 1616 5107 ὅτι
1646 5051 1717 5105 τὰ
1740 5050 1970 5120 σώματα

386 5154 545 5224 ὑμῶν
573 5154 703 5214 ναὸς
753 5149 849 5203 τοῦ
891 5151 946 5201 ὲν
980 5149 1109 5217 ὑμῖν
1153 5147 1308 5212 ἁγίου
1361 5144 1680 5214 Πνεύματός
1728 5145 1897 5208 ἐστιν,
1940 5143 1968 5194 ὃ

386 5249 544 5316 ἔχετε
582 5245 692 5297 ἀπὸ
721 5240 816 5294 τοῦ
851 5238 987 5293 Θεοῦ
1009 5277 1024 5299 ,
1058 5239 1151 5290 καὶ
1187 5237 1286 5291 οὐκ
1328 5237 1451 5289 ἐστὲ
1483 5235 1732 5300 ἑαυτῶν;
1759 5233 1967 5306 ἠγορά-

388 5340 559 5408 σθητε
586 5337 693 5403 γάρ
723 5333 908 5402 τιμῆς.
943 5351 962 5383 r
997 5331 1104 5383 Kal
1141 5332 1198 5382 ὲν
1239 5330 1353 5392 τοῖς
1385 5328 1556 5390 ὄντως
1590 5329 1823 5392 πιστοῖς,
1855 5329 1968 5390 τοῖς

391 5429 621 5498 Πνεῦμα
649 5427 782 5480 Θεοῦ
810 5424 1046 5492 ἔχουσιν.
1081 5421 1234 5474 οὐδὲν
1258 5421 1517 5491 σαρκικὺν
1544 5421 1769 5475 δύναται
1792 5416 1934 5474 εἶναι
1957 5435 1969 5448 ’

391 5521 551 5577 ἆτινά
589 5522 722 5580 ἐστι,
756 5515 999 5586 πορνεία,
1029 5511 1366 5583 ἀκαθαρσία,
1408 5513 1666 5580 ἀσέλγεια
1695 5552 1711 5576 ,
1767 5513 1864 5565 καὶ
1898 5509 1966 5563 τά

392 5614 540 5682 ἐξῆς-
592 5610 655 5664 ΟΞ
686 5610 794 5680 γὰρ
844 5605 1195 5677 σαρκοφόροι,
1236 5603 1515 5674 βασιλείαν
1561 5603 1698 5659 Θεοῦ
1730 5605 1792 5657 οὐ
1835 5602 1965 5671 κλη-

469 5808 505 5834 ²¹
537 5807 694 5860 l'rov.
723 5823 772 5862 ι’.
799 5807 921 5859 2-4.
999 5806 1040 5835 ³’
1067 5806 1234 5861 Eoi-li.
1297 5823 1368 5862 Ix.
1395 5805 1446 5854 τί.

398 5880 430 5904 ³ῖ
466 5881 606 5931 Uscc
638 5894 710 5940 ιγ,
740 5877 820 5931 li.

1526 5803 1568 5833 ³³
1593 5804 1750 5856 Prov.
1779 5820 1850 5860 \‘l,
1877 5801 2054 5855 97-29.

898 5877 940 5907 ³³
967 5875 1100 5932 ibid.
1134 5877 1212 5930 18.
1294 5876 1335 5906 "~’
1358 5880 1495 5930 Uscc
1526 5890 1577 5937 ι’,
1605 5875 1654 5927 4.
1733 5873 1776 5902 ⁸⁸⁵
1805 5873 1821 5927 Ι
1855 5872 1981 5926 Cor.
2007 5887 2079 5936 γι,
2109 5871 2186 5926 l8.

2061 3416 2309 3486 alligabit
2337 3416 2516 3484 ignem
2555 3415 2606 3467 in
2644 3415 2793 3477 sinu,
2822 3414 3152 3468 vestimenta
3179 3426 3313 3466 vero
3347 3427 3458 3465 non
3491 3424 3645 3465 com-

2063 3506 2259 3561 buret?
2293 3514 2388 3558 aut
2418 3503 2726 3558 ambulabit
2754 3503 2955 3571 aliquis
2987 3518 3154 3570 super
3180 3501 3451 3555 carbones
3483 3500 3646 3570 ignis,

2060 3608 2118 3653 ct
2157 3597 2328 3667 pedes
2366 3596 2446 3650 illi
2488 3611 2597 3649 non
2639 3594 2949 3648 ardebunt?
2982 3594 3063 3648 sic
3098 3610 3208 3647 non
3244 3594 3507 3647 innocens
3539 3593 3648 3646 erit

2062 3690 2242 3744 omnis
2272 3689 2366 3757 qui
2405 3688 2576 3758 tangit
2605 3703 2727 3741 eam
2752 3687 2818 3739 ³³.
2851 3707 2869 3738 ι
2908 3687 3014 3741 Sed
3045 3695 3101 3740 et
3133 3687 3218 3739 lex
3251 3685 3390 3739 dicit
3420 3703 3432 3737 :
3475 3702 3493 3735 ι
3527 3681 3647 3738 Non

2061 3782 2494 3840 fornicaberis“
2536 3798 2549 3834 :
2600 3780 2696 3851 qui
2745 3781 3051 3835 fornicatus
3096 3780 3264 3834 fuerit
3304 3795 3430 3834 cum
3477 3795 3650 3834 uxore

2062 3875 2293 3947 proximi
2343 3874 2449 3938 sui,
2481 3882 2658 3928 morte
2705 3873 2974 3926 moriatur
2999 3873 3065 3925 ³⁸.
3107 3892 3124 3923 ι
3175 3871 3345 3925 David
3391 3879 3574 3924 autem
3625 3888 3638 3923 :

2070 3986 2086 4019 ι
2123 3967 2302 4022 Nolite
2333 3966 2454 4020 fieri
2484 3967 2628 4020 sicut
2658 3981 2838 4035 equus
2871 3975 2927 4019 et
2954 3967 3160 4029 mulus,
3189 3964 3391 4032 quibus
3420 3979 3530 4017 non
3565 3971 3651 4017 est

2066 4058 2383 4112 intellectus
2401 4057 2468 4110 ³⁸.
2499 4075 2515 4107 ι
2549 4056 2824 4126 Propheta
2851 4055 2990 4111 Osee
3020 4056 3287 4110 adversus
3312 4055 3498 4124 p0puli
3525 4069 3652 4123 pec-

2061 4158 2184 4204 cata
2225 4164 2285 4202 se
2318 4147 2684 4212 discrucians,
2712 4148 2975 4202 dicebat:
3016 4166 3034 4199 ι
3075 4147 3290 4216 Spiritu
3327 4147 3649 4201 fornicatio-

2065 4241 2155 4297 nis
2200 4240 2416 4295 seducti
2461 4248 2625 4302 sunt,
2665 4247 2723 4293 et
2767 4239 3004 4309 populus
3058 4237 3372 4308 intelligens
3419 4238 3650 4292 adhesit

2065 4331 2343 4387 meretrici
2366 4332 2432 4383 ".
2466 4349 2485 4381 ι
2534 4329 2745 4384 Rursus
2789 4347 2804 4384 :
2853 4349 2872 4381 ι
2918 4330 3274 4385 Fornicantes
3320 4313 3688 4384 exfornicati'

2066 4433 2219 4490 sunt,
2247 4424 2561 4478 dilexerunt
2587 4422 2944 4492 ignominiam
2968 4424 3033 4477 ³⁸.
3069 4442 3088 4475 ›
3123 4423 3328 4477 lterum
3365 4439 3378 4477 :
3419 4441 3436 4473 ι
3476 4422 3651 4492 Spiri-

2069 4523 2159 4569 tus
2199 4513 2584 4569 fornicationis
2621 4520 2706 4567 est
2743 4513 2798 4566 in
2835 4512 2949 4576 eis,
2983 4513 3273 4567 Dominum
3312 4522 3496 4567 autem
3538 4527 3650 4568 non

2071 4603 2536 4675 cognoverunt".
2572 4621 2591 4653 ι
2637 4602 2935 4671 Apostolus
2972 4618 3071 4672 per
3112 4602 3410 4671 Epistolam
3452 4601 3590 4658 dicit
3632 4617 3646 4654 :

2071 4696 2265 4765 Fugite
2304 4693 2747 4749 fornicationem.
2780 4693 2953 4748 Omne
2997 4704 3282 4764 peccatum
3329 4695 3477 4764 quod
3520 4695 3650 4749 facit

2072 4786 2238 4840 homo
2273 4794 2431 4839 extra
2470 4799 2674 4855 corpus
2709 4793 2821 4847 est;
2862 4784 2959 4853 qui
2998 4792 3180 4838 autem
3226 4784 3556 4845 fornicatur.
3591 4785 3649 4841 in

2069 4892 2268 4946 corpus
2335 4877 2624 4946 proprium
2693 4885 2884 4945 peccat
2912 4877 2978 4929 ⁸ο,
3042 4895 3061 4927 ι
3131 4876 3339 4945 1057
3399 4876 3570 4932 Infert
3632 4895 3646 4930 :

2077 4991 2094 5021 ι
2129 4969 2364 5024 Nescitis
2391 4970 2520 5038 quia
2548 4983 2778 5036 corpora
2806 4975 2989 5022 vestra
3021 4967 3283 5035 templum
3316 4975 3445 5021 sunt
3470 4966 3649 5036 Spiri-

2069 5070 2158 5114 tus
2188 5059 2361 5114 sancti
2381 5059 2475 5128 qui
2498 5058 2711 5111 habitat
2739 5057 2795 5112 in
2821 5057 2978 5111 vobis
3005 5073 3018 5108 :
3055 5057 3201 5125 quod
3225 5057 3440 5112 habetis
3458 5075 3488 5111 a
3510 5059 3647 5125 Deo,

2069 5167 2178 5204 non
2209 5151 2344 5206 estis
2373 5151 2577 5205 vestri?
2607 5150 2790 5219 Empti
2823 5149 2971 5205 enim
3009 5149 3144 5204 estis
3180 5150 3356 5218 pretio
3378 5150 3446 5202 “.
3483 5169 3501 5200 ι
3540 5150 3647 5216 Qui

2067 5241 2214 5295 enim
2255 5240 2415 5294 fidem
2450 5239 2518 5294 de
2552 5240 2666 5294 Deo
2699 5240 2993 5310 genuinam
3027 5240 3232 5294 habent
3256 5255 3321 5292 ac
3347 5239 3644 5302 sinceram,

2071 5333 2263 5402 utique
2288 5341 2344 5386 et
2368 5332 2636 5401 Spiritum
2667 5332 2871 5386 habent
2898 5332 3026 5398 Dei;
3057 5341 3114 5387 et
3143 5331 3278 5386 nihil
3310 5347 3434 5386 esse
3459 5334 3512 5384 in
3540 5330 3649 5385 illis

2076 5432 2258 5491 potest
2283 5424 2527 5488 carnale;
2560 5423 2866 5494 eujusmodi
2899 5433 3046 5486 sunt,
3072 5423 3384 5487 fornicatio,
3411 5423 3650 5475 immun-

2072 5515 2236 5577 ditia,
2266 5515 2638 5584 impudicitia,
2667 5525 2724 5570 et
2749 5524 2967 5570 ca:tcra.
2997 5516 3184 5584 Neque
3215 5515 3361 5568 enim
3389 5513 3482 5582 qui
3516 5526 3648 5582 pro-

2071 5609 2245 5678 priam
2291 5608 2518 5664 domum
2558 5617 2945 5679 corrumpunt,
2974 5607 3381 5663 haereditabunt
3419 5618 3646 5676 regnum

2155 5803 2196 5831 ³³
2219 5800 2358 5854 Osee
2389 5818 2465 5860 ιιι,
2493 5803 2545 5853 ὖ.
2623 5801 2666 5831 ³⁵
2695 5800 2868 5858 ιρι-ξι.
2899 5819 2986 5864 x.\,
3017 5802 3096 5855 lO.

2271 5874 2307 5902 δ’
2337 5872 2471 5927 ibid.
2511 5871 2702 5935 19,20.

3177 5801 3219 5831 ³⁸
3246 5803 3388 5858 Psal.
3420 5817 3566 5862 xm,
3589 5800 3641 5855 9.
