4462 6440
900 412 1025 477 2491

2157 424 2522 484 ANTIOCHI
2562 427 2899 485 MUNACIII

4021 425 4042 485 i
4062 425 4154 486 ili?

895 530 991 583 Dei
1026 550 1035 582 :
1066 531 1158 598 qui
1186 532 1334 585 enim
1368 532 1491 587 talia
1517 544 1708 603 agunt,
1739 534 1937 587 mortui
1962 516 2079 604 jam
2098 543 2245 587 sunt.
2276 533 2381 589 Sed
2412 543 2465 586 et
2495 539 2536 592 Α
2571 551 2657 603 ρον

2412 543 2465 586 et
2495 539 2536 592 Α
2571 538 2993 605 ρονομήσουσιν.
3035 537 3174 608 Ἤδη
3211 538 3319 608 γὰρ
3357 538 3407 590 ol
3451 538 3523 591 τὰ
3552 536 3781 592 τοιαῦτα
3818 539 4158 607 πράσσοντες

894 622 1282 677 l’arazluiastes
1310 642 1323 677 :
1363 644 1380 675 ι
1408 627 1606 679 Averte
1634 628 1852 681 oculum
1879 644 1909 680 a
1940 630 2170 681 muliere
2191 626 2461 690 formosa;

894 710 949 763 in
980 713 1161 781 specie
1193 715 1340 768 enim
1378 716 1672 770 mulierum
1712 719 1869 771 multi
1908 717 2396 781 exerraverunt“;
2443 738 2459 767 ι

894 811 950 856 et
979 820 991 855 :
1026 822 1044 854 ι
1076 804 1153 858 Nc
1178 806 1315 859 velis
1341 821 1467 859 cum
1495 807 1584 859 illa
1616 808 1938 860 accumbere
1972 807 2024 859 iu
2050 807 2201 868 vino,
2230 823 2299 859 ne
2329 806 2468 859 forte

896 895 1135 951 declinet
1158 899 1338 952 anima
1369 907 1460 953 tua
1488 902 1555 953 ad
1584 902 1751 965 illam,
1773 913 1830 955 ct
1852 902 2079 970 spiritus
2104 913 2231 955 tuus
2255 902 2469 954 labatur

898 988 953 1042 in
993 990 1358 1057 perditionem
1382 992 1447 1044 ".
1485 1012 1503 1043 ι
1542 993 1699 1046 Alius
1736 994 1862 1046 item
1895 1010 1907 1045 :
1950 1011 1969 1043 ι
2006 994 2317 1047 Fornicatio
2346 1010 2469 1046 mu-

898 1079 1049 1133 lieris
1079 1080 1132 1134 in
1157 1083 1475 1136 extollentia
1504 1085 1788 1138 oculorum
1811 1086 1874 1135 “.
1911 1104 1928 1134 ι
1963 1085 2028 1138 Et
2062 1103 2073 1137 :
2116 1107 2132 1135 ι
2171 1086 2319 1139 Scito
2342 1086 2470 1155 quia

900 1173 955 1225 in
993 1173 1175 1227 medio
1208 1175 1531 1242 laqueorum
1572 1176 1786 1229 habitas
1810 1178 1873 1229 ".
1918 1198 1933 1225 ι
1978 1177 2177 1229 Iterum
2218 1177 2419 1230 Paulus
2456 1197 2467 1229 :

906 1280 925 1307 ο
964 1263 1200 1317 Nescitis
1234 1265 1363 1332 quia
1398 1281 1627 1334 corpora
1661 1276 1836 1319 vestra
1874 1267 2115 1320 membra
2150 1276 2278 1319 sunt
2308 1267 2471 1319 Chri~

898 1353 1004 1405 sti?
1028 1354 1239 1408 Tollam
1278 1371 1411 1425 ergo
1447 1358 1688 1410 membra
1725 1358 1952 1420 Christi,
1980 1368 2034 1411 et
2067 1358 2261 1412 faciam
2300 1375 2472 1411 me-uu

901 1444 999 1497 bra
1038 1447 1377 1499 meretricis?
1407 1448 1655 1517 nunquid
1688 1465 1795 1501 non
1830 1450 1983 1503 scitis
2010 1450 2136 1517 quia
2178 1450 2262 1518 'pti
2289 1450 2471 1503 adlue-

903 1548 987 1589 ret
1035 1539 1348 1601 meretrici,
1393 1554 1563 1592 unum
1618 1556 1817 1609 corpus
1863 1541 2052 1593 est“?
2117 1561 2134 1592 ι
2196 1542 2406 1593 ltursus
2459 1558 2474 1593 :

909 1645 926 1677 ι
961 1627 1223 1693 Nescitis,
1252 1631 1381 1697 quia
1417 1632 1678 1698 templum
1712 1632 1807 1685 Dei
1839 1632 1995 1693 estis,
2025 1641 2081 1685 et
2112 1632 2348 1699 Spiritus
2379 1631 2475 1685 Dei

904 1718 1119 1772 habitat
1154 1719 1209 1772 in
1246 1721 1401 1774 vobis
1425 1722 1507 1773 "1'
1547 1741 1565 1772 ι
1610 1722 1715 1775 Sed
1752 1732 1807 1775 et
1845 1724 2151 1776 acrimonia
2192 1722 2476 1790 asperiore

906 1823 1058 1871 usus,
1091 1808 1307 1863 inducit
1341 1826 1354 1863 :
1397 1830 1413 1859 ι
1457 1809 1512 1863 Si
1549 1812 1676 1879 quis
1712 1816 1977 1883 templum
2014 1815 2107 1867 Dei
2146 1814 2475 1883 corruperit,

901 1910 1222 1969 corrumpet
1246 1902 1400 1955 illum
1426 1903 1602 1967 Deus;
1637 1906 1899 1973 templum
1930 1906 2077 1958 enim
2106 1907 2200 1959 Dei
2226 1916 2473 1959 sanctum
2510 1885 2552 1939 Β

901 1993 1172 2060 est,quod
1196 1994 1331 2047 estis
1353 2010 1452 2046 vos
1469 1993 1535 2045 “.
1568 2016 1583 2043 ι
1619 1998 1820 2048 lterum
1850 2014 1863 2049 :
1901 2015 1919 2045 ι
1954 1998 2267 2050 Foruicatio
2290 2007 2474 2051 autem

902 2089 961 2133 et
1003 2082 1353 2136 immunditia
1397 2099 1465 2136 ne
1507 2084 1827 2138 nominetur
1866 2087 2090 2154 quidem
2134 2087 2186 2140 in
2230 2086 2386 2141 vobis
2409 2088 2474 2141 δ’.

907 2170 1029 2224 Ιιιυο
1072 2173 1223 2225 enim
1263 2175 1524 2228 voluntas
1572 2176 1666 2229 Dei
1712 2186 1827 2240 est,
1862 2179 2226 2233 sanctiﬁcatio
2272 2190 2475 2234 vestra.

903 2262 1190 2316 Abstiucte
1220 2279 1319 2318 vos
1352 2281 1382 2317 a
1411 2265 1804 2328 fornicatione,
1836 2277 1896 2321 ut
1927 2270 2065 2324 sciat
2097 2272 2477 2340 unusquisque

905 2361 1147 2405 vestrum
1200 2370 1359 2408 suum
1400 2372 1496 2409 vas
1531 2358 1816 2425 possidere
1858 2360 1911 2413 iu
1954 2361 2386 2417 sanctiﬁcatione
2423 2374 2480 2418 ct

906 2444 1113 2499 honore
1135 2446 1203 2500 ”.
1236 2466 1255 2497 ι
1293 2448 1529 2503 Rursum
1559 2467 1572 2501 :
1608 2469 1625 2500 ι
1661 2451 1730 2505 Et
1756 2452 2171 2506 sanctimoniam
2206 2454 2475 2523 corporis,

903 2535 1023 2589 sine
1073 2553 1181 2605 qua
1236 2554 1398 2594 nemo
1445 2542 1655 2596 videbit
1710 2543 2096 2599 Dominum“.
2136 2566 2158 2596 ι
2218 2547 2480 2600 Dominus

907 2628 1035 2681 item
1074 2646 1087 2680 :
1132 2649 1150 2679 ι
1185 2629 1289 2695 Qui
1324 2633 1609 2702 reliquerit
1667 2650 1893 2688 uxorem
1929 2654 2080 2690 suam
2140 2639 2244 2692 nisi
2314 2654 2479 2691 causa

906 2717 1308 2784 fornicationis,
1356 2732 1411 2775 ct
1464 2722 1685 2777 duxerit
1746 2725 1931 2790 aliam,
2001 2728 2311 2781 mmchatur
2352 2729 2421 2780 ".
2456 2747 2474 2778 ι

905 2808 1004 2861 Et:
1030 2828 1047 2859 ι
1072 2809 1175 2875 Qui
1209 2812 1550 2880 repudiatam
1581 2813 1822 2881 duxerit,
1850 2818 2156 2870 mcechatur
2178 2819 2277 2871 ³³.)
2311 2818 2481 2875 Deum

907 2909 1155 2955 nostrum
1186 2901 1420 2958 addecet
1441 2904 1613 2975 gloria
1641 2905 1696 2959 in
1728 2908 1946 2961 saecula.
1975 2907 2169 2962 Amen.

1477 3039 1760 3096 llOMlLlA
1797 3040 1917 3095 XX.

1506 3154 1583 3209 De
1622 3158 1883 3210 castitate.

977 3272 1234 3336 Castitas,
1272 3272 1503 3326 honoris
1549 3281 1635 3326 est
1672 3272 1958 3341 pnccipui,
1996 3289 2059 3324 ac
2096 3272 2259 3325 laude
2295 3272 2482 3339 digna,

908 3372 966 3417 et
996 3380 1120 3432 qua:
1149 3365 1294 3433 apud
1331 3365 1501 3419 Deum
1546 3373 1602 3418 et
1651 3364 1904 3417 homines
1945 3364 2241 3431 plurimum
2272 3363 2489 3417 obtinet

911 3456 1163 3522 ingenua!
1198 3455 1474 3509 libertatis
1508 3470 1571 3508 ac
1602 3453 1836 3515 litlucim,
1868 3462 2021 3505 extra
2068 3468 2288 3504 onmem
2343 3452 2486 3506 iuvi-

910 3546 1016 3599 dia:
1041 3547 1216 3599 aleam
1248 3546 1559 3600 consistens
1591 3563 1603 3599 :
1645 3545 1860 3598 tametsi
1898 3544 2315 3612 comperiantur
2344 3560 2486 3597 non-

914 3639 1048 3691 nulli
1092 3639 1188 3705 qui
1228 3639 1620 3692 consueverint
1659 3636 1889 3690 infensis
1940 3636 2147 3704 linguis
2197 3636 2488 3688 traducere

913 3745 978 3783 ac
1012 3730 1274 3798 sugillare
1298 3746 1396 3783 eos
1423 3730 1518 3798 qui
1546 3730 1647 3782 hac
1677 3728 1880 3782 comite
1911 3727 2255 3780 contendunt
2288 3728 2490 3781 divina:

914 3822 1102 3889 gratia“:
1132 3821 1236 3875 sibi
1271 3821 1565 3875 conciliare
1611 3820 1872 3874 favorem.
1906 3819 2118 3873 Veritas
2148 3819 2281 3872 dicti
2332 3820 2490 3872 lucu-

914 3916 1093 3968 lenter
1123 3914 1438 3968 declaratur
1486 3912 1737 3980 exemplo
1765 3911 1965 3979 .loseph
2017 3928 2080 3964 ac
2124 3911 2294 3964 beata:
2342 3912 2492 3966 illius

916 4005 1182 4060 Susanna:
1211 4005 1354 4072 apud
1387 4003 1689 4059 Danielcm.
1722 4002 1911 4055 Maluit
1942 4004 2090 4055 enim
2125 4003 2239 4056 lucc
2278 4011 2490 4071 tempo-

920 4097 1078 4151 raria:
1107 4095 1302 4149 mortis
1325 4094 1622 4148 discrimen
1653 4094 1825 4156 adire,
1849 4110 2011 4161 quam
2048 4102 2109 4147 ut
2137 4108 2356 4147 corona:
2380 4110 2492 4148 sua:

917 4187 1188 4242 castitatis
1221 4186 1329 4240 ulla
1356 4201 1423 4239 ex
1447 4194 1601 4254 parte
1629 4185 1856 4241 inferret
1891 4186 2278 4239 contumeliam
2308 4194 2364 4239 ct
2393 4185 2492 4239 de-

920 4279 1243 4332 trimentum
1272 4293 1287 4327 :
1313 4284 1371 4329 et
1389 4274 1659 4342 judicium
1697 4275 1791 4328 Dei
1821 4274 1947 4341 (hoc
1980 4285 2065 4327 cst
2124 4276 2339 4337 Daniel,
2379 4276 2494 4331 lucc

920 4368 1068 4421 enim
1098 4365 1336 4421 nominis
1362 4365 1524 4419 istius
1546 4373 1632 4419 est
1659 4364 2069 4433 interpretatio)
2094 4365 2311 4432 iudices
2336 4366 2492 4420 dam-

924 4459 1074 4514 navit
1114 4457 1333 4513 invidia:
1362 4475 1375 4511 :
1405 4456 1788 4512 castimoniam
1821 4472 1954 4509 vero
1997 4456 2211 4524 pudica:
2244 4458 2497 4513 mulieris

2509 3229 2558 3291 C

2568 628 2859 683 ἀπέθανον.
2881 629 2939 680 Ὀ
2967 629 3023 681 δὲ
3055 631 3474 701 Παροιμιαστής
3504 649 3672 699 φησιν
3694 648 3706 661 ·
3738 651 3755 681 ι
3789 632 4161 701 ’Λπὸστρεᾴον

2568 719 2849 789 ὀφθαλμὸν
2897 722 3005 773 ἀπὸ
3060 723 3316 788 γυναικὸς
3363 722 3677 792 εὐμόρφου·
3725 724 3784 775 ἐν
3830 723 3939 792 γὰρ
3976 723 4162 775 κάλλει

2568 812 2845 878 γυναικῶν
2894 814 3079 866 πολλοὶ
3128 814 3548 883 ἐπλανήθησαν,
3592 833 3609 865 ι
3658 816 3797 866 Καί·
3842 815 3977 883 «Μὴ
4030 832 4165 881 συμ-

2571 904 2984 975 ϐουλοκοπήσῃς
3018 907 3137 975 μετ’
3172 906 3343 974 αὐτῆς
3374 909 3430 958 ἐν
3460 908 3607 975 οἴνῳ,
3645 908 3719 975 μή
3772 925 3901 957 ποτε
3936 906 4165 977 ὲκκλίνῃ

2569 999 2603 1067 ἡ
2636 998 2779 1068 ψυχή
2815 1016 2907 1051 σου
2947 1001 3034 1051 ἐπ’
3065 1002 3223 1068 αὐτῇ,
3264 1000 3446 1051 καὶτὸ
3490 999 3709 1069 πνεῦμὰ
3754 1017 3847 1051 σου
3891 998 4165 1069 ὀλισθήσῃ

2572 1091 2652 1152 είς
2685 1091 2984 1144 ἀπώλειαν.
3016 1093 3261 1155 ›,’Λλλος
3297 1092 3352 1146 δέ
3388 1109 3403 1123 ο
3438 1111 3456 1142 ι
3512 1092 3744 1160 Πορνεία
3795 1090 4062 1155 γυναικδς
4107 1090 4164 1140 ἐν

2576 1182 2977 1249 μετεωρισμοῖς
2995 1182 3308 1250 ὀφθαλμῶν.
3327 1200 3344 1231 ι
3367 1212 3434 1222 —
3463 1181 3783 1246 «Ἑπίγνωθι
3806 1184 3886 1231 οτι
3925 1182 3984 1230 ἐν
4015 1179 4165 1246 μέσιιι

2575 1271 2821 1337 παγίδων
2848 1272 3167 1333 διαϐαίνεις.
3192 1291 3209 1321 ι
3240 1273 3347 1324 Καὶ
3382 1267 3538 1333 αὖθις
3566 1270 3594 1321 ὁ
3629 1271 3839 1332 Παῦλος
3858 1287 3871 1299 ·
3905 1289 3924 1320 ι
3951 1271 4068 1322 Οὐκ
4099 1269 4167 1331 οῗ,

2574 1363 2700 1415 εατε
2749 1363 2832 1417 ὅτι
2881 1364 2951 1417 τὰ
3006 1364 3236 1433 σώματα
3294 1363 3449 1431 ὑμῶν
3503 1363 3639 1433 μέλη
3689 1361 3932 1433 Χριστοῦ
3972 1365 4161 1424 ἐστινς

2581 1455 2753 1524 ’Λρας
2774 1454 2867 1507 οῦν
2893 1456 2962 1507 τὰ
3003 1456 3141 1522 μέλη
3172 1454 3267 1506 τοῦ
3300 1454 3561 1522 Χριστοῦ,
3609 1456 3821 1523 ποιήσω
3853 1454 3993 1522 μέλη
4038 1455 4165 1521 πόρ-

2576 1546 2765 1616 νηςζῆ
2809 1546 2909 1598 οὐκ
2955 1547 3134 1598 οἴδατε
3182 1547 3265 1599 ὅτι
3302 1546 3331 1597 ὁ
3376 1544 3721 1610 κολλώμενος
3770 1547 3837 1614 τῇ
3882 1545 4065 1615 πόρνῃ
4108 1543 4164 1594 ’ἐν

2579 1638 2739 1707 σῶμα
2785 1638 2940 1702 tam;
2985 1656 3002 1686 ι
3040 1638 3149 1689 Kal.
3196 1637 3391 1689 πάλιν·
3429 1657 3446 1687 ι
3485 1637 3598 1688 Οὐκ
3648 1636 3849 1697 οἴδατε,
3901 1637 3985 1686 ὅτι
4039 1633 4163 1693 ναὸς

2577 1730 2714 1781 Θεοῦ
2770 1731 2930 1794 tate;
2984 1728 3078 1780 καὶ
3128 1728 3191 1779 τὸ
3240 1727 3465 1797 Πνεῦμα
3514 1725 3611 1779 τοῦ
3662 1725 3797 1777 Θεοῦ
3851 1726 4061 1777 ἐνοικεῖ
4108 1726 4165 1775 ἐν

2581 1821 2739 1887 ύμίν;
2766 1838 2784 1868 ι
2822 1820 2929 1871 Kal.
2958 1819 3382 1888 ἐμϐριθέστερον
3412 1817 3629 1885 ἐπάγει·
3663 1836 3681 1866 ι
3714 1816 3781 1868 Et
3806 1833 3891 1879 τις
3920 1817 4014 1867 τὸν
4040 1816 4165 1867 ναὸν

2580 1910 2673 1963 τοῦ
2726 1910 2863 1962 Θεοῦ
2903 1910 3138 1979 φθείρει,
3191 1908 3384 1979 φθερεῖ
3437 1910 3627 1961 τοῦτον
3671 1910 3699 1961 ὁ
3735 1908 3888 1970 Θεός.
3953 1908 4013 1959 Ὀ
4058 1909 4165 1976 γὰρ

2578 2002 2703 2065 ναὸς
2747 2001 2844 2053 τοῦ
2898 2001 3031 2053 Θεοῦ
3065 2000 3216 2068 ἅγιός
3274 2002 3445 2062 ἐστιν,
3495 2000 3692 2061 οἵτινές
3742 2001 3865 2052 ἐστε
3920 2000 4102 2066 ὑμεῖς.
4140 2015 4159 2047 ι

2578 2093 2689 2146 Καὶ
2729 2092 2925 2145 πάλιν·
2968 2112 2985 2143 ι
3020 2091 3255 2161 Πορνεία
3297 2092 3353 2143 δὲ
3384 2091 3479 2144 καὶ
3518 2091 3833 2161 ἀκαθαρσία
3882 2090 4022 2158 μηδὲ
4053 2088 4164 2139 ὀνο-

2580 2181 2837 2250 μαζέσθω
2886 2182 2943 2233 ὲν
2980 2182 3129 2250 ύμῖν.
3177 2181 3349 2233 Τοῦτο
3398 2181 3506 2250 γάρ
3556 2183 3671 2233 ἐστι
3710 2180 3772 2232 τὺ
3815 2180 4033 2248 θέλημα
4071 2178 4161 2231 τοῦ

2576 2267 2737 2332 Θεοῦ,
2772 2272 2800 2321 ὁ
2846 2271 3116 2337 ἁγιασμὸς
3163 2269 3340 2339 ὑμῶν,
3384 2270 3688 2338 ἀπέχεσθαι
3734 2270 3880 2339 ὑμᾶς
3924 2269 4036 2322 ἀπὸ
4065 2270 4161 2335 τῆς

2579 2361 2858 2431 πορνείας,
2905 2362 3103 2414 εἰδέναι
3150 2362 3382 2414 ἕκαστον
3427 2362 3585 2432 ὑμῶν
3620 2364 3683 2415 τὸ
3723 2361 3920 2414 ἑαυτοῦ
3971 2361 4163 2421 σκεῦος

2580 2454 2814 2507 κτᾶσθαι
2844 2456 2903 2506 ὲν
2936 2454 3194 2523 ἁγιασμῷ
3224 2454 3323 2506 καὶ
3348 2456 3508 2523 τιμῇ.
3540 2472 3558 2504 ι
3611 2455 3720 2507 Καὶ
3756 2453 3942 2513 πάλιν,
3999 2473 4017 2501 ε
4063 2453 4162 2502 Καὶ

2579 2549 2671 2598 τὸν
2703 2545 2978 2615 ἀγιασμὸν
3004 2544 3099 2598 τοῦ
3132 2543 3402 2615 σώματος,
3450 2540 3512 2600 οὗ
3555 2546 3722 2615 χωρὶς
3756 2546 3933 2607 οὐδεὶς
3975 2545 4162 2610 ὄψεται

2580 2639 2672 2690 τὸν
2724 2637 2945 2707 Κύριον.
2984 2656 3003 2689 ι
3050 2637 3107 2689 '0
3154 2637 3211 2689 δὲ
3261 2637 3497 2704 Κύριος·
3542 2657 3560 2687 ι
3600 2638 3757 2701 Λέγω
3798 2637 3953 2704 ὑμῖν,
4003 2634 4063 2695 ὃς
4101 2633 4163 2685 ἂν

2581 2729 2847 2782 ἀπολύσει
2877 2727 2976 2796 τὴν
3015 2730 3249 2795 γυναῖκα
3283 2726 3473 2790 αὑτοῦ,
3504 2728 3579 2795 μὴ
3619 2727 3712 2779 ἐπὶ
3760 2727 4049 2795 πορνείας,
4076 2724 4161 2775 καὶ

2584 2822 2827 2891 γαμήσει
2855 2820 3044 2888 ἄλλην,
3071 2820 3347 2889 μοιχᾶται.
3380 2837 3399 2868 ι
3426 2818 3517 2889 Τῷ
3546 2818 3666 2888 Θεῷ
3696 2816 3901 2888 πρέπει
3926 2816 4061 2880 δόξα
4088 2816 4163 2878 είς

2582 2913 2710 2976 τοὺς
2742 2911 2967 2973 αἰῶνας.
3012 2912 3068 2963 ’Λ
3076 2912 3203 2979 μήν.

3217 3048 3435 3101 ΛΟΓΟΣ
3463 3051 3545 3103 K'.

3083 3158 3219 3227 "api
3246 3160 3672 3229 σωφροσύνης.

2670 3273 2731 3324 ’Π
2766 3272 3112 3339 σωφροσύνη,
3135 3272 3288 3340 τιμία
3322 3273 3413 3324 καὶ
3442 3273 3723 3340 ἐπαινετὴ,
3756 3274 3851 3323 καὶ
3881 3271 4162 3341 εύπαρῤη-

2587 3364 2805 3424 σίαστος
2847 3363 2999 3430 παρὰ
3046 3361 3166 3430 Θεῷ
3208 3363 3303 3414 καὶ
3350 3361 3680 3429 ἀνθρώποις,
3728 3362 3827 3413 καὶ
3856 3363 4037 3423 ἑκτὰ
4076 3362 4162 3429 βα-

2588 3454 2814 3515 σκανίας
2846 3453 3113 3522 ὑπάρχει·
3146 3452 3196 3504 εἱ
3222 3452 3279 3503 δὲ
3308 3452 3401 3504 καί
3435 3469 3578 3513 τινες
3600 3452 3889 3519 δυσμενεῖς
3920 3452 4163 3513 εἰωθότες

2590 3546 2947 3612 συκοφαντεῖν
3000 3544 3129 3605 τοὺς
3177 3543 3245 3595 δι’
3287 3543 3455 3611 αὐτῆς
3508 3542 3867 3611 βουλομένους
3922 3543 4004 3611 τῷ
4056 3542 4163 3608 Θεῷ

2588 3633 3089 3703 προσοικειοῦσθαι,
3220 3632 3451 3701 ἀλήθεια
3522 3633 3823 3703 διαρρήδην
3855 3634 4159 3686 δείκνυται’

2588 3725 2771 3789 καθὼς
2794 3726 2887 3779 ἐπὶ
2916 3725 2994 3793 τῷ
3018 3724 3239 3793 Ἰωσὴφ,
3276 3725 3371 3777 καὶ
3406 3728 3471 3795 τῇ
3511 3725 3761 3794 μακαρία
3793 3725 4075 3798 Σουσάννῃ
4103 3728 4160 3793 τῇ

2590 3818 2733 3872 κατὰ
2757 3818 2848 3871 τὸν
2877 3818 3096 3887 Δανιὴλ.
3135 3816 3281 3886 Αὕτη
3307 3816 3415 3885 γὰρ
3445 3818 3619 3869 εἵλετο
3654 3816 3858 3886 μᾶλλον
3875 3817 3973 3869 τὸν
4004 3818 4159 3887 πρόσ-

2590 3924 2782 3977 καιρον
2828 3907 3085 3967 θάνατον,
3118 3907 3262 3975 ἤπερ
3308 3905 3402 3958 τὸν
3433 3906 3533 3984 τῆς
3564 3906 3923 3975 σωφροσύνης
3961 3907 4161 3975 ζημιω-

2592 4000 2749 4069 θῆναι
2786 4000 3068 4066 στέφανον.
3102 3998 3211 4050 Καὶ
3243 4001 3275 4068 ἡ
3309 3998 3493 4068 κρίσις
3556 3998 3651 4050 τοῦ
3681 3998 3819 4051 Θεοῦ
3870 4000 4163 4068 (τουτέστιν

2590 4093 2684 4143 τοῦ
2708 4091 2925 4160 Δανιήλ’
2959 4090 3135 4151 οὕτως
3165 4089 3272 4159 γὰρ
3297 4089 3681 4159 ἑρμηνεύεται)
3708 4090 3834 4151 τοὺς
3858 4091 4055 4159 κριτὰς
4076 4093 4163 4158 τῆς

2594 4183 2893 4252 βασκανίας
2935 4181 3279 4251 κατέκρινεν.
3313 4181 3408 4233 καὶ
3437 4181 3539 4250 τὴν
3580 4180 3833 4251 σώφρονα
3880 4182 4163 4252 ἐλευθέραν

2592 4274 2899 4339 ἀπέδειξεν,
2931 4274 3030 4324 καὶ
3078 4275 3142 4325 ἐκ
3197 4272 3430 4326 θανάτου
3464 4272 3755 4343 ἐρρύσατο.
3792 4272 3987 4337 Οὕτως
4028 4274 4164 4326 καὶὸ

2607 4365 2805 4436 Ἰωσὴφ
2844 4364 3350 4434 συκοφαντούμενος
3384 4364 3536 4435 παρὰ
3577 4364 3678 4435 τῆς
3724 4364 4054 4431 Αἰγυπτίας,
4079 4365 4164 4417 καὶ

2596 4459 2655 4509 ὲν
2682 4460 2750 4527 τῇ
2779 4457 2969 4526 εἱρκτῇ
2998 4455 3427 4519 κατακλεισθεὶς,
3449 4454 3557 4527 [οὐ]
3578 4456 3696 4525 μετ’
3713 4456 3773 4508 ού
3804 4456 3943 4509 πολὺ
3969 4456 4163 4508 διέπειν

923 4570 983 4606 re
1026 4552 1141 4621 ipsa
1169 4550 1363 4604 docuit
1385 4566 1507 4603 esse
1538 4550 1791 4603 intentati
1828 4548 2016 4617 ﬂagitii
2053 4549 2305 4611 liberam,
2339 4565 2491 4603 eam-
2528 4579 2570 4633 υ
2596 4550 2685 4618 τὴι

2399 4566 2491 4603 ιιιι-
2528 4579 2570 4633 υ
2596 4550 2696 4618 τὴν
2723 4547 2994 4615 Αἴγυπτον
3029 4548 3240 4617 ἔλαχεν.
3292 4547 3403 4601 Καὶ
3432 4549 3465 4616 ἡ
3505 4548 3631 4613 νίκη
3660 4550 3761 4617 τῆς
3814 4549 4161 4618 σωφροσύνης

922 4659 1031 4713 que
1062 4643 1325 4698 subduxit
1356 4643 1542 4696 morti.
1574 4643 1686 4697 Nec
1730 4656 1889 4695 secus
1923 4641 2154 4709 contigit
2196 4641 2357 4695 beato
2399 4642 2495 4696 Jo-

925 4734 1082 4801 seph,
1108 4733 1204 4802 qui
1236 4733 1584 4787 intoleranda
1610 4733 1885 4787 calumnia
1911 4732 2191 4801 appetitus
2211 4748 2309 4801 per
2330 4731 2497 4803 Egy-

925 4827 1117 4897 ptiam,
1150 4840 1330 4894 eoque
1374 4824 1429 4878 in
1479 4824 1717 4878 carceris
1763 4826 2042 4894 ergastulo
2087 4824 2381 4879 conclusus
2428 4826 2494 4889 ",

2598 4638 2763 4691 αὑτοῦ
2789 4639 2849 4689 οὐ
2886 4638 3045 4705 μόνον
3089 4638 3394 4706 κατάδηλος
3436 4640 3552 4699 τοῖς
3588 4638 3709 4690 τότε
3746 4638 3997 4705 γέγονεν,
4040 4640 4163 4692 am

2596 4730 2689 4782 καὶ
2728 4729 2930 4789 πάσαις
2959 4731 3081 4789 ταῖς
3132 4726 3429 4797 μετέπειτα
3473 4730 3720 4796 γενεαῖς,
3765 4727 3962 4799 ὥσπερ
4005 4732 4161 4799 στήλη

2594 4817 2689 4871 καὶ
2726 4815 3090 4887 ύπογραμμὸς
3141 4818 3202 4868 ὲν
3242 4817 3363 4878 ταῖς
3402 4816 3573 4886 ἱεραῖς
3607 4816 3823 4880 Βίϐλοις
3854 4819 4162 4888 ἀναγέγρα-

925 4930 1035 4968 ιιοιι
1069 4913 1207 4966 adeo
1242 4921 1363 4982 post
1410 4913 1644 4967 multum
1677 4914 1939 4981 temporis
1969 4913 2123 4966 velut
2168 4914 2366 4968 sortito
2403 4930 2499 4968 ac-
2596 4927 2687 4963 πτε

2403 4930 2499 4968 ac-
2596 4926 2747 4963 πται.
2779 4908 2885 4960 Καὶ
2916 4912 2949 4978 ὴ
2985 4906 3270 4976 Σαραφθία
3313 4909 3481 4977 χήρα,
3526 4907 3616 4960 διὰ
3654 4909 3756 4978 τὴν
3788 4913 4158 4981 σωφροσύνην,

924 5007 1072 5076 cepit
1110 5004 1325 5075 {Egypti
1366 5004 1736 5073 gubernacula
1768 5005 1835 5057 ".
1874 5004 1989 5058 Nec
2030 5003 2152 5057 istis
2190 5005 2366 5058 solum
2400 5005 2495 5073 qui

924 5114 989 5151 ea
1017 5105 1175 5151 :etate
1207 5104 1553 5165 supererant,
1588 5096 1766 5149 virtus
1806 5104 1970 5148 tanta:
2011 5094 2283 5148 castitatis
2326 5095 2496 5148 incla-

928 5185 1061 5247 ruit,
1095 5185 1188 5238 sed
1235 5194 1292 5239 et
1341 5200 1404 5238 ea
1435 5184 1653 5253 prodita
1688 5185 1967 5238 memorim
2003 5192 2110 5247 est,
2156 5192 2211 5239 et
2261 5185 2496 5255 ascripta

927 5275 1101 5343 sacris
1131 5274 1323 5328 Bibliis
1366 5282 1622 5343 tanquam
1666 5275 1924 5329 cohunua
1972 5290 2036 5329 ac
2083 5285 2499 5329 monumentum

926 5364 993 5419 ad
1029 5365 1352 5419 memoriam
1390 5366 1731 5435 posteritatis
1774 5367 1829 5419 in
1860 5382 2053 5419 omnes
2080 5366 2297 5421 futuras
2333 5382 2499 5435 gene-

932 5455 1191 5509 rationes.
1228 5454 1526 5523 Sareptana
1576 5455 1665 5508 illa
1697 5456 1882 5518 vidua,
1931 5457 2127 5510 merito
2159 5456 2495 5510 castimoniae

930 5557 1093 5617 atque
1137 5547 1547 5616 hospitalitatis,
1585 5548 1783 5617 pudica
1818 5564 1943 5602 cum
1993 5558 2141 5603 esset
2188 5565 2253 5603 ac
2287 5558 2493 5613 sancta,

1001 5685 1045 5714 δ’
1071 5686 1233 5738 I‘ii‘eli.
1258 5703 1331 5743 Ix,
1355 5686 1406 5743 8.
1432 5687 1483 5739 9.
1562 5688 1605 5719 ⁸³
1631 5686 1766 5740 ihid.
1799 5686 1876 5740 i3.

931 5755 977 5782 ⁵⁸
1001 5754 1130 5807 ibid.
1159 5757 1239 5808 l7.
1317 5757 1359 5786 "
1383 5756 1577 5823 Ephcs.
1605 5776 1655 5813 ν.
1682 5758 1731 5810 5.

936 5825 1019 5876 2".
1101 5826 1291 5879 "Gen.
1335 5842 1435 5880 Mi.
1469 5827 1554 5881 il.

1954 5686 1998 5716 “
2022 5687 2187 5740 Eecli.
2216 5703 2359 5748 “vi,
2391 5687 2474 5741 1‘2.

1811 5757 1892 5811 ⁸⁸1
1920 5756 2111 5812 Thess.
2140 5771 2209 5816 ιγ,
2232 5758 2284 5817 5,
2310 5758 2356 5809 ιι.

2555 5686 2597 5715 ιε
2620 5685 2787 5737 Ευριί.
2818 5700 2891 5750 ιχ,
2916 5683 3004 5737 9.0.
3081 5683 3167 5737 ιιι
3197 5682 3324 5738 Cor.
3348 5699 3420 5749 \‘l,
3446 5683 3532 5744 ιδ,
3563 5682 3647 5735 ιδ.

2438 5757 2480 5786 ⁸¹
2506 5753 2670 5809 llehr.
2696 5771 2786 5811 xu.
2820 5756 2864 5807 l.

2596 5002 2689 5055 καὶ
2736 4997 3063 5067 φιλοξενίαν,
3115 4997 3258 5064 ἁγνὴ
3312 4994 3446 5051 οὖσα
3490 4997 3583 5051 καὶ
3628 4999 3774 5063 ὁσία,
3818 5002 4028 5071 ἠξιώθη
4080 5004 4162 5055 τὸν

2600 5094 2772 5164 μέγαν
2798 5091 2987 5145 ’Πλίαν
3016 5089 3403 5154 ὑποδέξασθαιυ
3433 5092 3525 5143 καὶ
3549 5092 3578 5142 ὁ
3608 5093 3724 5154 υἱὸς
3756 5094 3931 5162 αὐτῆς
3960 5097 4051 5148 ὑπ’
4072 5097 4159 5149 αὖ.

2594 5186 2689 5239 τοῦ
2712 5182 3135 5252 ζωοποιηθῆναι.
3162 5182 3441 5244 Ὡσαύτως
3498 5182 3592 5235 καὶ
3616 5184 3644 5235 ὁ
3673 5183 3850 5251 μέγας
3876 5186 4161 5257 Γρηγόριος

2597 5279 2626 5329 ὁ
2655 5274 3087 5344 Νεοκαισαρείας
3127 5273 3449 5335 ἐπίσκοπος,
3498 5271 3771 5341 Ἑλλήνων
3809 5279 4039 5342 γονέων,
4078 5280 4162 5331 καὶ

2600 5368 2758 5431 αὐτὸς
2789 5367 2870 5419 ἔτι
2892 5366 3093 5433 Ἕλλην
3117 5365 3397 5434 ὑπάρχων,
3420 5365 3484 5416 ἐκ
3505 5367 3706 5435 νεαρᾶς
3729 5365 3950 5434 ἡλικίας
3978 5371 4161 5437 ἐπιμε-

2600 5458 2706 5519 λῶς
2746 5457 2988 5526 τηρήσας
3037 5455 3137 5525 τὴν
3195 5454 3570 5524 σωφροσύνην,
3612 5454 3821 5526 ἠξιώθη
3875 5459 4030 5529 παρὰ
4076 5459 4162 5527 τῆς

2602 5548 2825 5618 Μητρὸς
2852 5547 2946 5600 τοῦ
2986 5547 3215 5619 Κυρίου,
3243 5545 3453 5600 καὶτοῦ
3482 5546 3877 5615 εὐαγγελιστοῦ
3900 5551 4158 5613 Ἰωάννου,

3723 5683 3767 5716 ⁸⁷
3795 5684 4063 5745 1(’.‹π.ιιι,
4090 5688 4157 5743 16.

2942 5755 2986 5787 ⁵*
3008 5753 3196 5808 Matth.
3222 5770 3273 5817 ν,
3300 5754 3386 5808 32.
3463 5753 3510 5786 ⁸³
3531 5752 3671 5808 ibid.
3751 5754 3798 5785 "'
3822 5754 3962 5811 Gen.
3996 5775 4157 5817 nm.
