4462 6440
390 401 410 462 1
430 401 527 462 193

1416 407 1745 466 HOMILIA
1787 406 1912 465 XX.
1937 428 2007 440 ·-
2045 404 2141 465 DE
2180 408 2611 476 CASTITATE.

3509 413 3647 479 ΗΜ

388 511 581 577 μαθεῖν
608 513 670 563 τδ
694 516 791 582 τῆς
822 514 1057 575 πίστεως
1082 512 1405 582 μυστήριον,
1436 515 1529 566 καὶ
1550 510 1964 582 θαυματουργδς
1992 514 2040 569 Α
2067 529 2150 567 tua

1884 510 1964 579 γδς
1992 514 2040 569 Δ
2067 529 2325 583 magnum
2362 517 2516 572 illum
2560 519 2736 573 Etiam
2784 519 2999 591 1058
3039 519 3342 589 promeruit
3386 518 3646 587 excipere

387 607 565 669 μέγας
605 605 1015 674 ἀναδειχθῆναι.
1055 608 1119 657 Οί
1162 605 1273 675 γάρ
1313 606 1412 675 τῆς
1450 604 1806 674 σωφροσύνης
1838 606 1964 673 ἐρα-

385 694 535 756 σταὶ,
573 697 634 747 ού
674 700 838 764 μόνον
864 698 955 749 τὶιν
988 698 1208 750 ἔπαινον
1236 699 1294 749 ἐν
1318 697 1454 767 τῷδε
1480 696 1558 765 τῷ
1590 696 1687 766 βίῳ
1725 695 1961 765 ἔχουσιν,

382 785 522 838 ἀλλὰ
557 788 769 840 καὶτὸν
800 789 1062 856 στέφανον
1094 789 1188 842 τοῦ
1220 789 1472 852 κάλλους,
1506 788 1600 841 καὶ
1635 787 1725 840 τὸν
1763 786 1965 857 χιτῶνα

381 880 481 944 τῆς
517 878 873 948 σωφροσύνης
900 883 962 933 ἐκ
1004 882 1185 949 χειρὸς
1230 880 1435 947 Κυρίου
1483 878 1838 949 κομίσονται⁶
1872 878 1966 929 και¹

381 965 607 1033 ἐροῦσιν
631 982 644 995 ·
681 987 698 1018 ί
728 967 1105 1035 ’Δγαλλιάσθω
1142 971 1174 1039 ή
1212 969 1357 1038 ψυχὴ
1388 968 1566 1038 ἡμῶν,
1609 969 1700 1020 ἐπὶ
1745 965 1825 1036 τῷ
1852 967 1964 1018 Κυ-

385 1058 528 1125 ρῖῳ⁸
567 1059 816 1112 ἐνέδυσεν
848 1061 959 1130 γάρ
1007 1078 1073 1130 με
1121 1062 1338 1131 ἱμάτιον
1391 1061 1686 1129 σωτηρίου,
1732 1059 1827 1113 καὶ
1878 1076 1965 1128 χι-

381 1148 529 1201 τῶνα
558 1151 898 1220 εὐφροσύνης
932 1152 1007 1215 ὠς
1031 1153 1248 1222 νυμφίῳ
1276 1153 1604 1222 περιέθηκέν
1632 1170 1719 1221 μοι
1745 1153 1963 1222 μίτραν,

381 1243 476 1292 καὶ
497 1242 579 1303 ὡς
603 1242 821 1312 νύμφην
842 1246 1253 1313 κατεκόσμησεν
1276 1246 1483 1313 κόσμῳ.
1513 1264 1531 1293 ι
1564 1239 1721 1298 Οὗτοι
1756 1245 1963 1315 ἐκλάμ-

379 1334 586 1402 ψουσιν
616 1336 675 1386 ἐν
722 1338 786 1405 τῇ
820 1336 1071 1407 βασιλείᾳ
1108 1336 1201 1390 τοῦ
1242 1338 1474 1418 Πατρὸς,
1516 1340 1564 1390 εἰ
1610 1336 1828 1405 ἀληθῶς
1870 1337 1965 1389 καὶ

378 1429 480 1491 τὰς
516 1429 710 1491 λοιπὰς
750 1430 950 1499 ἀρετὰς
992 1432 1321 1501 κέκτηνται.
1367 1430 1466 1494 τὰς
1505 1430 1853 1501 ἁρμοζούσας
1897 1432 1964 1499 τῇ

380 1524 738 1595 σωφροσύνῃ.
772 1524 925 1576 Ἐκεῖ
961 1524 1147 1587 αὐτοῖς
1192 1523 1491 1594 ὀφθήσεται
1542 1525 1574 1592 ἡ
1623 1521 1757 1591 ζωὴ.
1798 1522 1891 1575 καὶ
1930 1523 1965 1591 ἡ

383 1613 673 1680 μακρότης
702 1613 812 1665 τῶν
856 1615 1100 1684 ἡμερῶν,
1133 1616 1166 1685 ἡ
1199 1614 1516 1684 γαληνιῶσα
1545 1614 1641 1666 καὶ
1667 1613 1963 1685 ἀτάραχος,

379 1697 493 1775 ἐν
518 1704 731 1773 ἀπέδρα
761 1704 945 1775 ὀδύνη,
978 1705 1147 1777 λύπη.
1184 1706 1279 1759 καὶ
1318 1705 1645 1776 στεναγμός.
1682 1705 1740 1757 'U
1761 1706 1966 1769 τέλειος

380 1794 622 1865 σώφρων
652 1796 989 1866 πανταχόθεν
1022 1798 1215 1849 ἑαυτὸν
1257 1796 1536 1863 φυλάττει.
1579 1798 1826 1850 Ἤκουσα
1856 1796 1964 1868 γάρ

380 1889 510 1958 περί
542 1906 688 1950 τινος
728 1890 993 1959 βασιλέως
1034 1890 1143 1942 τῶν
1188 1888 1313 1955 ἔξω,
1345 1891 1427 1943 ὃτι
1465 1890 1721 1957 Ἐφεσίαν
1762 1890 1964 1959 ἱέρειαν

384 1979 509 2033 ἰδὼν
538 1981 813 2051 ὑπερϐολῇ
850 1982 1022 2052 καλὴν
1060 1986 1342 2050 φανεῖσαν,
1386 1982 1672 2047 ἀνέζευξεν
1710 1982 1870 2044 εὐθὺς
1904 1981 1965 2045 ἐξ

378 2070 641 2137 Ἐφέσου,
669 2074 1002 2143 φοϐούμενος
1022 2077 1095 2141 μὴ
1133 2076 1284 2143 παρά
1312 2074 1537 2141 γνώμην
1561 2074 1846 2143 ἐκϐιασθῇ.
1872 2074 1965 2126 καὶ

381 2161 573 2231 πράξῃ
602 2176 655 2212 τι
689 2161 797 2214 τῶν
825 2163 1061 2215 ἀτόπων.
1088 2163 1195 2214 Καὶ
1225 2161 1408 2229 Κῦρος
1442 2162 1497 2214 δέ
1521 2162 1550 2213 ὁ
1577 2161 1816 2231 Πέρσης,
1844 2161 1964 2213 οὐδέ

385 2253 517 2305 ἰδεῖν
574 2256 676 2322 τὴν
721 2255 954 2306 σπανίαν
1004 2254 1350 2318 κατεδέξατο,
1403 2254 1717 2324 θαυμαστόν
1771 2272 1825 2306 τι
1872 2255 1967 2307 καὶ

381 2343 671 2412 ἀμήχανον
717 2345 913 2407 κάλλος
965 2344 1109 2415 ἔχειν
1156 2344 1634 2415 μαρτυρουμένην.
1680 2345 1743 2397 El
1786 2346 1967 2398 τοίνυν

383 2435 476 2486 καὶ
498 2436 567 2485 τὰ
598 2435 997 2504 προστάγματα
1018 2436 1236 2501 ἔξωθεν,
1260 2440 1352 2489 καὶ
1377 2437 1545 2507 χωρὶς
1574 2435 1667 2489 τοῦ
1697 2438 1966 2507 σωτηρίου

382 2524 640 2594 χρησμοῦ
679 2526 1049 2595 μαρτυροῦσιν
1081 2526 1276 2589 ταῦτα,
1308 2528 1473 2578 πόσον
1509 2527 1706 2595 μᾶλλον
1732 2528 1892 2597 ἡμεῖς
1917 2530 1966 2579 οί

382 2615 476 2668 τοῦ
513 2617 760 2687 Χριστοῦ
795 2618 1078 2685 φοιτηταίὲ
1105 2620 1430 2687 ’Δναγκαῖον
1461 2618 1554 2671 οὖν
1582 2619 1731 2673 ἐστιν
1761 2623 1966 2687 ἐγκρα-

382 2706 670 2771 τεύεσθαι,
705 2710 799 2760 καὶ
846 2712 1102 2779 κρατεῖν,
1137 2709 1196 2761 ού
1250 2710 1411 2779 μόνον
1446 2709 1664 2774 λαλιᾶς,
1695 2709 1831 2762 ἀλλά
1874 2712 1969 2763 καὶ

382 2800 657 2867 ὁράσεως.
705 2801 768 2853 'li
814 2802 921 2871 γὰρ
952 2802 1182 2871 συνεχής
1224 2819 1284 2854 τε
1316 2801 1436 2865 θέα,
1465 2802 1583 2866 ὁδός
1622 2803 1769 2855 ἐστιν
1801 2805 1835 2873 ἡ
1876 2804 1970 2855 ἐπιΙ

382 2891 482 2958 τὴν
522 2891 729 2961 πρᾶξιν
775 2893 1006 2960 ἄγουσα.
1042 2894 1106 2945 Ei
1135 2893 1192 2946 δὲ
1241 2895 1336 2947 καὶ
1377 2896 1457 2957 εἰς
1502 2893 1664 2965 ἔργον
1712 2894 1786 2964 μὴ
1836 2912 1972 2965 προ-

384 2982 588 3046 ϐαίνει,
614 2983 754 3045 τέως
786 2985 879 3036 τὸν
904 2984 1165 3054 λογισμὸν
1207 2984 1450 3054 μολύνει,
1492 2986 1586 3038 καὶ
1625 2985 1811 3054 μοιχὸν
1833 2987 1970 3038 ἀπο-

382 3074 531 3127 τελεῖ
563 3076 659 3127 τὸν
685 3077 899 3129 ἁλόντα.
940 3077 1037 3137 Τίς
1091 3077 1346 3129 τοσοῦτόν
1390 3079 1536 3129 ἐστιν
1582 3077 1871 3148 τολμηρὸς,
1911 3076 1970 3138 ὃς

383 3170 496 3228 τοῖς
518 3166 821 3236 ἀλλοτρίοις
846 3166 1083 3236 συνεχῶς
1108 3166 1462 3218 κατοπτεύων
1490 3166 1766 3229 κάλλεσιν,
1795 3165 1965 3233 λέγει,
1997 3200 2040 3260 C

387 3254 526 3324 μηδὲ
585 3255 649 3307 τὸ
709 3255 970 3324 παράπαν
1022 3254 1542 3325 παραῦλάπτεσθαις
1596 3255 1657 3307 Εἰ
1706 3255 1762 3306 δὲ
1809 3254 1968 3306 τοῦτο

382 3345 671 3409 δύσκολον,
715 3345 821 3415 χρὴ
869 3346 1106 3412 μάλιστα
1164 3344 1388 3413 φεύγειν
1438 3346 1536 3408 τὰς
1589 3346 1829 3415 συνεχεῖς
1861 3344 1969 3397 τῶν

384 3437 670 3504 γυναικῶν
724 3436 1013 3500 ἐντεύξεις.
1065 3438 1125 3488 Ei
1172 3436 1228 3488 δέ
1272 3436 1485 3506 ἀνάγκη
1548 3435 1800 3505 χαλινοῦν
1841 3436 1971 3498 τοὺς

383 3527 723 3595 ὀφθαλμοὺς.
753 3529 781 3579 ὁ
807 3528 1094 3595 ἄμεμπτος
1115 3527 1209 3579 καὶ
1240 3526 1469 3595 σώφρων
1498 3526 1618 3578 Ἰὼϐ
1642 3528 1754 3588 τοῖς
1777 3525 1968 3578 ἐαυτοῦ

385 3615 563 3681 φίλοις
594 3614 995 3684 διαλεγόμενος,
1028 3616 1192 3685 φησίν
1220 3633 1234 3647 ο
1279 3635 1297 3666 ι
1338 3616 1399 3668 Ei
1442 3615 1497 3667 δέ
1541 3616 1636 3668 καὶ
1674 3615 1973 3685 ἐπηκολού-

386 3706 553 3774 θησεν
584 3707 617 3776 ἡ
651 3706 848 3777 καρδία
900 3724 1003 3775 μου
1050 3709 1271 3775 γυναικὶ
1316 3708 1507 3776 ἀνδρὸς
1547 3707 1760 3776 ἐτέρου,
1800 3708 1848 3758 εί
1879 3707 1973 3759 καὶ

386 3797 689 3865 ἐγκάθετος
726 3799 995 3868 ἐγενόμην
1029 3800 1121 3852 ἐπὶ
1168 3799 1358 3869 θύραις
1391 3798 1585 3867 αὐτῆς,
1631 3796 1826 3868 ἀρέσαι
1865 3797 1973 3868 ἄρα

387 3890 481 3943 καὶ
510 3892 545 3961 ἠ
570 3890 709 3959 γυνή
742 3908 844 3959 μου
860 3892 944 3942 ἐτέ
955 3908 1052 3961 ρῳ.
1080 3890 1261 3960 Θυμδς
1281 3890 1389 3961 γὰρ
1409 3889 1582 3960 ὀργῆς
1604 3889 1974 3959 ἀκατάσχετος

385 3980 479 4032 τοῦ
514 3984 707 4050 μιᾶναι
738 3983 971 4048 γυναῖκα
1001 3982 1192 4052 ἀνδρός
1218 3999 1233 4013 ⁸
1262 3982 1372 4051 πῦρ
1401 3982 1509 4050 γάρ
1541 3981 1657 4034 ἐστι
1684 3980 1974 4050 καιόμενον

388 4071 482 4124 ἐπὶ
516 4073 743 4124 πάντων
768 4072 878 4125 τῶν
926 4072 1106 4142 μερῶν
1135 4091 1148 4104 ο
1185 4066 1229 4141 ᾧ
1270 4072 1314 4125 δ’
1346 4073 1413 4126 ἂν
1458 4072 1680 4145 ἐπέλθῃ,
1710 4074 1777 4126 ἐκ
1810 4073 1974 4143 ῥιζῶν

388 4160 698 4214 ἀπώλεσεν.
734 4163 843 4215 Καὶ
873 4165 901 4215 ὁ
933 4165 1205 4234 μακάριος
1251 4163 1463 4226 Παῦλος
1496 4165 1828 4218 ἐπιστέλλων
1853 4184 1976 4218 νου-

390 4252 579 4305 θετεῖο
615 4271 633 4303 ι
669 4253 978 4322 Παρακαλῶ
1033 4254 1127 4307 οὖν
1185 4256 1351 4323 ὑμᾶς,
1410 4254 1663 4325 ἀδελφοὶ,
1719 4256 1809 4309 διὰ
1868 4257 1975 4310 τῶν

390 4344 693 4414 οἰκτιρμῶν
726 4343 826 4396 τοῦ
853 4346 1012 4412 Θεοῦ,
1056 4346 1412 4417 παραστῆσαι
1448 4349 1514 4400 τὰ
1557 4346 1787 4418 σώματα
1820 4349 1975 4417 ὑμῶν

391 4433 584 4490 θυσίαν
609 4435 817 4500 ζῶσαν,
849 4438 1031 4505 ἁγίαν,
1066 4438 1362 4506 εὐάρεστον
1391 4438 1469 4508 τῷ
1495 4438 1635 4509 Θεῷ.
1668 4458 1689 4489 ι
1723 4440 1893 4509 ψησὶν
1919 4441 1975 4494 δέ

2068 604 2332 677 hospitio,
2387 618 2556 678 utque
2604 610 2751 667 ﬁlius
2795 629 2927 668 suus
2974 611 3041 666 ad
3097 612 3266 666 vitam
3305 610 3648 679 postliminio

2065 710 2422 755 revocaretur
2452 701 2713 771 precibus
2743 704 3022 772 propheta:
3050 702 3120 757 ⁸⁸.
3153 701 3401 758 Similem
3434 702 3487 754 in
3526 716 3648 755 mo-

2066 792 2197 847 dqu
2226 809 2455 863 magnus
2476 794 2775 864 Gregorius
2796 794 3163 850 Neocwsarea:
3184 794 3481 863 episcopus
3510 807 3646 861 [ἔθη-ν
3730 805 3735 810 ’

2065 886 2191 939 tiles
2222 885 2428 955 alioqui
2457 895 2715 955 parentes
2735 901 2860 939 cum
2896 886 3142 949 haberet,
3176 887 3293 955 ipse
3313 886 3480 941 etiam
3511 883 3641 937 dum

2064 976 2303 1046 gentilis,
2338 977 2407 1030 al)
2449 975 2568 1045 ipso
2592 976 2767 1030 aetatis
2812 975 2964 1038 ﬂore,
2999 975 3347 1029 intemeratae
3374 971 3645 1027 castitatis

2066 1068 2333 1136 pudorem
2381 1067 2680 1122 custodivit
2710 1085 2723 1120 :
2758 1069 2913 1136 cujus
2962 1069 3137 1138 gratia
3187 1066 3387 1136 dignus
3418 1065 3645 1119 habitus

2064 1169 2150 1213 est
2197 1160 2292 1229 qui
2336 1160 2581 1215 doetrice
2626 1161 2798 1214 Matre
2846 1160 3059 1213 Domini
3108 1168 3273 1227 atque
3305 1156 3645 1225 evangelista

2065 1251 2273 1307 Joanne
2326 1253 2648 1323 mysterium
2698 1251 3047 1305 condisceret
3082 1250 3229 1313 ﬁdei,
3262 1248 3505 1318 denique
3551 1245 3645 1300 hic

2065 1342 2188 1397 orbi
2224 1344 2485 1398 inclaruit
2504 1342 2839 1396 mirabiliqu
2869 1340 3051 1411 opifex
3078 1355 3331 1409 operum.
3354 1341 3646 1393 Amatores

2066 1435 2343 1504 siquidem
2419 1433 2704 1503 pudicitia:
2747 1441 2802 1485 et
2848 1431 3217 1501 integritatis,
3267 1444 3377 1484 non
3430 1429 3485 1481 in
3539 1427 3644 1481 hac

2067 1527 2230 1579 modo
2259 1526 2369 1580 vita
2413 1525 2630 1579 lamlem
2666 1523 2935 1585 referunt,
2962 1523 3056 1575 sed
3091 1532 3147 1575 et
3178 1536 3438 1575 coronam
3475 1519 3645 1572 deco-

2067 1619 2142 1671 ris
2171 1626 2227 1671 et
2260 1617 2483 1686 pallium
2512 1615 2783 1669 castitatis
2816 1613 3178 1683 reportabunt
3221 1613 3287 1666 de
3324 1627 3487 1665 manu
3532 1610 3643 1664 Do-

2068 1707 2235 1771 mini;
2282 1720 2581 1774 secumque
2627 1705 2813 1758 dieeut
2858 1722 2871 1758 :
2929 1722 2949 1756 ι
3001 1704 3224 1758 Exsulta
3261 1719 3428 1765 nunc,
3461 1702 3642 1755 anima

2071 1814 2211 1861 mea,
2249 1800 2303 1851 in
2337 1798 2570 1851 Domino
2598 1814 2611 1849 :
2641 1796 2819 1851 induit
2840 1797 2988 1850 enim
3016 1812 3101 1849 me
3130 1794 3293 1864 pallio
3320 1793 3566 1856 salutari,
3588 1804 3646 1848 et

2067 1889 2389 1942 indumento
2410 1888 2632 1952 laetitiae,
2663 1888 2818 1957 quasi
2845 1904 3048 1956 sponso
3076 1886 3478 1955 circumposuit
3507 1885 3644 1939 mihi

2068 1982 2310 2042 mitram,
2335 1989 2391 2035 ct
2409 1981 2565 2049 quasi
2588 1996 2843 2049 sponsam
2866 1980 3159 2034 adornavit
3183 1995 3265 2033 me
3290 1978 3499 2032 mundo
3521 1979 3588 2029 ⁵⁷.
3620 1995 3637 2027 ι

2069 2073 2133 2126 ΙΙί
2181 2073 2468 2141 fulgebunt
2511 2072 2566 2125 iu
2601 2089 2769 2141 regno
2802 2073 3003 2135 Patris,
3052 2073 3094 2125 si
3129 2070 3294 2125 modo
3328 2070 3464 2123 nihil
3521 2067 3647 2123 ﬁcte

2069 2165 2309 2234 reliquas
2342 2164 2448 2218 sibi
2482 2164 2834 2218 conciliarint
2870 2164 3131 2226 virtutes,
3180 2162 3386 2231 quibus
3418 2161 3646 2230 pulchre

2068 2257 2362 2311 conveniat
2397 2271 2521 2309 cum
2557 2272 2664 2309 una
2716 2256 2817 2310 hac
2845 2254 3121 2309 castitate.
3170 2254 3289 2308 lllic
3324 2252 3445 2306 istis
3488 2250 3645 2306 vide-

2069 2348 2220 2402 bitur
2256 2349 2364 2401 vita
2395 2358 2450 2402 et
2474 2348 2864 2417 longiturnitas
2905 2347 3119 2401 dierum
3169 2344 3462 2415 tranquilla
3490 2359 3650 2414 pror-

2070 2456 2163 2494 sus
2189 2440 2338 2493 etab
2375 2442 2524 2494 omni
2553 2440 2808 2494 submota
2842 2440 3107 2508 temperie
3141 2457 3154 2491 :
3187 2438 3256 2492 ab
3286 2453 3353 2492 eo
3382 2437 3531 2491 enim
3563 2452 3649 2490 re-

2068 2547 2175 2602 gno
2201 2533 2390 2600 procul
2428 2532 2565 2601 fugit
2602 2531 2791 2597 dolor;
2826 2548 3029 2585 nunror
3060 2547 3125 2586 ac
3178 2532 3416 2601 gemitus
3444 2528 3649 2598 longis-

2069 2625 2205 2679 sime
2252 2626 2502 2693 seiuncta
2535 2634 2683 2679 sunt.
2718 2624 2964 2678 Pcrfectc
2992 2634 3177 2678 castus
3206 2623 3356 2677 omni
3385 2638 3452 2678 ex
3496 2629 3650 2690 parte

2070 2717 2457 2772 conununitac
2486 2715 2729 2770 custodit
2749 2730 2828 2769 se.
2854 2715 3050 2769 Audivi
3080 2715 3229 2769 enim
3256 2714 3325 2768 de
3355 2729 3481 2784 rege
3511 2728 3651 2782 quo-

2071 2809 2217 2879 piam
2253 2824 2283 2862 a
2318 2807 2425 2861 ﬁde
2456 2807 2637 2860 alieno
2667 2823 2680 2858 :
2719 2805 2768 2859 ls
2812 2805 3015 2874 Ephesi
3050 2820 3176 2859 cum
3214 2804 3447 2858 vidisset
3478 2801 3649 2856 sacri-

2072 2894 2292 2947 liculam
2320 2893 2615 2961 quamdam
2643 2892 2844 2947 decore
2872 2892 3185 2946 admirabili
3218 2892 3649 2961 praecellentem,

2070 2990 2137 3039 ex
2166 2984 2384 3052 Epheso
2428 3000 2547 3037 eam
2594 2983 2886 3038 confestim
2919 2983 3129 3047 emisit,
3162 2983 3376 3037 veritus
3424 2999 3491 3037 ne
3526 2982 3653 3052 quis

2074 3077 2221 3130 illam
2271 3077 2512 3130 violenta
2566 3076 2927 3145 impressione
2969 3077 3271 3146 subigeret,
3306 3085 3362 3129 et
3401 3074 3650 3129 indceori

2075 3167 2129 3220 in
2184 3167 2329 3220 illam
2388 3168 2671 3236 quidpiam
2729 3167 3137 3221 admitteretur.
3195 3167 3371 3238 Cyrus
3420 3166 3652 3235 proinde

2072 3259 2367 3313 Persarum
2419 3273 2511 3311 rex
2558 3260 2999 3328 tympanistriam
3031 3259 3165 3327 (cui,
3211 3259 3457 3313 omnium
3495 3259 3652 3313 testi-

2071 3351 2281 3412 monio,
2332 3350 2676 3404 admirabilis
2720 3359 2776 3402 et
2824 3366 2990 3418 supra
3038 3366 3203 3419 quam
3246 3351 3397 3404 credi
3442 3359 3652 3420 posset,

2073 3443 2425 3497 tribuebatur
2463 3444 2736 3513 elegantia
2782 3444 3054 3513 corporis)
3091 3459 3160 3499 nc
3202 3442 3392 3498 videre
3426 3443 3650 3513 quidem

2072 3536 2358 3589 sustinuit.
2392 3535 2551 3600 Quod
2587 3535 2634 3588 si
2682 3535 2810 3589 talia
2844 3550 2945 3589 suo
2979 3544 3296 3589 asseverant
3332 3534 3653 3589 testimonio

2074 3643 2103 3680 a
2138 3628 2243 3679 lide
2270 3626 2494 3691 exotici,
2539 3634 2595 3679 et
2640 3642 2670 3679 a
2706 3626 2934 3679 salutari
2986 3626 3245 3679 unctione
3296 3624 3485 3687 alieni,
3519 3624 3652 3692 quid

2075 3735 2176 3772 nos
2206 3733 2314 3771 non
2347 3718 2641 3771 conveniat
2661 3733 2773 3787 pra:
2800 3718 2911 3771 illis
2934 3725 3084 3771 tanto
3104 3716 3343 3780 efficere,
3369 3717 3464 3785 qui
3488 3715 3655 3770 Chri-

2075 3809 2146 3865 sti
2180 3824 2246 3862 ολ
2284 3807 2530 3877 professo
2610 3807 2867 3876 discipuli
2925 3808 3151 3861 sumus?
3199 3807 3436 3861 Necesse
3487 3805 3656 3875 igitur

2075 3902 2167 3964 sit,
2198 3909 2577 3968 temperemus
2605 3899 2767 3965 nobis
2808 3914 2920 3952 non
2966 3915 2998 3953 a
3048 3898 3419 3953 collocutione
3466 3897 3653 3956 modo,

2076 3993 2170 4047 scd
2207 4002 2262 4046 et
2295 3992 2364 4045 ab
2394 4000 2645 4060 aspectu,
2684 3990 2776 4059 qui
2810 3989 3034 4059 quidem
3070 3990 3156 4042 via
3189 3998 3275 4043 est
3302 3998 3449 4043 recta
3479 3987 3653 4040 dedu-

2076 4096 2209 4135 cens
2240 4080 2305 4134 ad
2337 4080 2716 4148 operationem
2748 4078 2959 4149 ﬂagitii.
2995 4079 3148 4142 Esto,
3190 4078 3261 4131 ad
3305 4094 3447 4147 opus
3478 4092 3654 4146 usque

2076 4184 2189 4223 mn
2221 4167 2622 4238 progrediatur,
2654 4167 3024 4236 aliquousque
3074 4176 3255 4220 tamen
3285 4165 3527 4222 defmdat
3556 4180 3652 4220 co-

2078 4262 2397 4331 gitationem
2419 4275 2483 4314 ac
2508 4260 2784 4314 moechum
2804 4260 2978 4313 eﬁicit'
2993 4259 3156 4313 talem
3178 4258 3482 4327 captivum.
3497 4257 3654 4323 Quis,

2081 4365 2289 4419 qumso,
2332 4363 2577 4417 cousque
2606 4347 2932 4401 temeritatis
2954 4356 3251 4417 provectus
3274 4355 3381 4409 est,
3405 4346 3501 4415 qui
3527 4361 3654 4399 cum

2080 4440 2135 4494 in
2170 4440 2402 4494 alienam
2442 4438 2912 4508 pulchritudinem
2947 4438 3300 4491 continenter
3325 4444 3384 4491 et
3412 4435 3658 4505 pressius

390 4524 558 4594 Τίτῳ·
589 4545 607 4577 ι
633 4526 1046 4597 Πρεσόυτέρους
1070 4530 1374 4598 νηφαλέους
1404 4525 1561 4593 εἶναι,
1587 4533 1841 4601 σεμνοὺς,
1866 4532 1974 4586 σὼ-
2006 4526 2051 4581 Ι)
2081 4530 2147 4584 de

1895 4532 1974 4586 ’ὡ-
2006 4526 2051 4581 D
2081 4530 2282 4601 deﬁgat
2305 4530 2515 4594 oculos,
2553 4530 2741 4584 dicere
2784 4530 2930 4584 ausit
2962 4529 3113 4583 nulla
3146 4528 3276 4582 hinc
3310 4543 3368 4582 se
3398 4543 3465 4582 ex
3502 4537 3657 4596 parte

394 4635 634 4687 φροναςο
671 4618 1036 4688 πρεσϐύτιδας
1086 4621 1368 4686 ὡσαύτως,
1415 4625 1782 4694 ἱεροπρεπεῖς,
1814 4625 1977 4678 καλου

391 4710 770 4775 διδασκάλους,
803 4711 891 4765 ῖνα
921 4713 1331 4783 σωφρονίζωσιν
1372 4716 1469 4779 τὰς
1497 4717 1625 4778 νέας
1658 4716 1981 4787 φιλάνδρους

393 4795 552 4865 εἶναι,
585 4801 957 4870 φιλοτέκνους,
1012 4803 1319 4872 σώφρονας,
1369 4807 1558 4874 ἀγνάς.
1602 4825 1627 4857 »ι
1653 4808 1764 4861 Καὶ
1801 4807 1978 4871 αὖθις,

399 4908 420 4942 ι
451 4893 572 4945 ἰνα
603 4893 977 4964 ἀρνησάμενοι
1008 4896 1108 4964 τὴν
1136 4895 1418 4958 ἀσέϐειαν,
1446 4898 1541 4950 καὶ
1571 4897 1671 4961 τὰς
1704 4900 1977 4969 κοσμικὰς

393 4985 718 5057 ἐπιθυμίας,
767 4987 1084 5057 σωφρόνως,
1133 4990 1228 5041 καὶ
1274 4990 1533 5053 δικαίως,
1589 4992 1682 5044 καὶ
1736 4993 1981 5057 εὐσεϐῶς

397 5077 654 5149 ζήσωμεν
682 5080 739 5130 ἐν
767 5078 844 5148 τῷ
884 5078 978 5132 νῦν
1010 5079 1185 5133 αἰῶνι.
1226 5100 1243 5131 ι
1296 5082 1405 5134 Καὶ
1437 5082 1685 5153 Τιμοθέῳ
1708 5100 1722 5112 δ
1753 5103 1771 5135 ι
1791 5086 1982 5154 Χήρας

396 5170 550 5239 τίμα,
582 5170 683 5234 τάς
712 5171 882 5234 ὅντως
911 5174 1110 5244 χήρας.
1141 5194 1159 5223 ι
1192 5174 1301 5226 Καὶ
1326 5173 1544 5241 ἐπάγει·
1578 5193 1594 5225 ι
1644 5176 1706 5227 'H
1730 5175 1783 5227 δὲ
1813 5176 1980 5240 ὅντως

399 5264 565 5333 χήρα,
602 5264 698 5317 καὶ
741 5265 1127 5335 μεμονωμένη,
1166 5265 1395 5336 ἤλπισεν
1430 5267 1521 5318 ἐπί
1567 5265 1659 5317 τὸν
1699 5266 1853 5333 Θεὸν,
1886 5266 1982 5320 καὶ

399 5354 843 5424 προσμένειταῖς
867 5355 1086 5426 δεήσεσι
1111 5360 1206 5409 καὶ
1251 5359 1372 5419 ταῖς
1418 5360 1747 5427 προσευχαῖς
1788 5357 1978 5421 νυκτὸς

401 5441 495 5494 καὶ
521 5442 737 5511 ἡμέρας
761 5458 777 5473 ·
820 5461 839 5494 ι
874 5442 1059 5507 καθὼς
1090 5445 1186 5497 xal.
1220 5447 1250 5514 ἡ
1282 5445 1400 5497 ὁσία
1440 5446 1629 5510 Ἂννα,
1670 5448 1703 5516 ἡ
1732 5446 1979 5517 θυγάτηρ

399 5533 665 5603 Φανουὴλ,
694 5532 909 5605 ζήσασα
954 5537 1092 5606 μετά
1124 5536 1220 5589 τοῦ
1260 5535 1450 5607 ἀνδρὸς
1483 5537 1653 5606 αὐτῆς
1688 5537 1981 5605 σωφρόνως

404 5624 496 5695 ετη
569 5625 710 5679 ἐπτά
766 5626 875 5680 ἀπὸ
952 5628 1053 5699 τῆς
1126 5629 1423 5699 παρθενίας
1482 5629 1684 5696 αὐτῆς,
1736 5630 1877 5683 κατά
1920 5631 1980 5682 τὸ

2080 4622 2244 4678 hedi?
2287 4622 2400 4677 Hoc
2449 4635 2715 4691 perquam
2761 4619 2983 4675 diﬁieile
3032 4620 3123 4674 sit.
3169 4619 3400 4672 Maxime
3430 4620 3656 4689 quidem

2082 4715 2350 4778 omnium,
2374 4713 2585 4768 vitandi
2608 4720 2736 4767 sunt
2762 4711 3054 4765 mulierum
3076 4725 3405 4781 congressus
3424 4710 3656 4765 assidui.

2081 4806 2238 4873 Quod
2270 4805 2314 4859 si
2347 4820 2573 4859 necesse
2596 4803 2785 4869 fuerit,
2814 4803 2960 4858 oculi
2990 4817 3209 4871 quoque
3234 4801 3574 4870 dispalantes
3596 4818 3661 4855 ac

2083 4897 2227 4967 vagi,
2273 4895 2429 4948 velut
2473 4894 2675 4964 injecto
2719 4893 2876 4948 freno
2919 4892 3212 4947 coercendi
3253 4899 3403 4944 sunt.
3436 4891 3548 4945 lloe
3601 4906 3659 4946 se

2081 4988 2277 5042 fecisse
2305 4985 2409 5041 Job
2441 4984 2945 5055 irreprehensibilis
2975 4993 3032 5038 et
3061 4983 3315 5052 pudicus,
3352 4998 3479 5036 cum
3520 4983 3630 5036 ami
3650 5012 3662 5022 -

2082 5079 2163 5133 eis
2187 5077 2301 5132 suis
2333 5075 2615 5132 disserens
2646 5077 2725 5129 ait
2753 5093 2767 5129 :
2804 5095 2822 5126 ι
2855 5074 2909 5129 Si
2937 5085 3187 5129 secutum
3222 5082 3307 5127 est
3338 5088 3435 5127 cor
3472 5088 3657 5126 meum

2086 5166 2372 5221 mulierem
2396 5166 2502 5220 viri
2525 5166 2777 5232 alterius,
2801 5173 2856 5219 et
2878 5165 2922 5219 si
2952 5165 3242 5219 insidiator
3266 5164 3341 5217 fui
3368 5164 3432 5217 ad
3458 5166 3662 5233 januas

2080 5260 2220 5329 eius,
2251 5258 2470 5327 placeat
2512 5258 2706 5327 utique
2751 5274 2886 5311 uxor
2933 5272 3052 5310 mea
3086 5255 3278 5321 alteri;
3326 5255 3478 5307 furor
3507 5254 3659 5309 enim

2085 5352 2181 5404 iras
2230 5350 2616 5406 irretentibilis
2665 5358 2749 5405 est
2805 5349 3182 5403 contaminare
3229 5362 3454 5400 uxorem
3514 5346 3658 5410 viri;

2086 5442 2226 5511 ignis
2260 5442 2408 5495 enim
2455 5452 2541 5497 est
2572 5458 2766 5497 omnes
2804 5456 3136 5495 consumens
3183 5447 3368 5509 partes
3411 5455 3424 5490 :
3466 5453 3659 5507 quem-

2087 5550 2306 5603 cunque
2334 5534 2633 5599 adorietur,
2666 5533 2736 5587 ab
2771 5532 2959 5587 radice
2990 5531 3106 5599 ipsa
3142 5530 3291 5583 hunc
3318 5527 3511 5596 perdet
3536 5525 3600 5577 ⁵⁸.
3635 5546 3653 5574 ι

2089 5628 2289 5683 Beatus
2325 5630 2548 5699 insuper
2582 5628 2784 5684 Paulus
2819 5641 2918 5696 per
2949 5622 3247 5693 Epistulam
3286 5620 3545 5675 admonet
3578 5619 3661 5671 dis

477 5810 515 5839 ³⁸
554 5810 617 5863 ιιΙ
654 5811 786 5879 lleg.
823 5826 947 5880 mi,
979 5810 1071 5864 ‘23.
1147 5811 1188 5839 ⁸⁷
1230 5810 1329 5864 lsa.
1364 5825 1467 5875 LXI,
1505 5810 1583 5865 l0.
1663 5813 1704 5841 "
1747 5811 1845 5867 Job
1880 5828 2020 5877 xw,
2052 5812 2203 5867 94:3.
