4462 6440
154 438 271 502 H97

1098 452 1421 512 llOftllLH
1464 455 1622 512 XXI.
1659 478 1724 487 -
1761 450 1859 513 DE
1896 449 2423 511 VIRGINITATE.

3260 440 3398 503 1498

149 550 421 613 ίξανύεται
452 554 613 607 παντὶ
655 555 735 623 τῷ
769 556 1113 628 βουλομένῳο
1166 562 1386 631 τοιαύτη
1422 563 1520 629 τῆς
1568 578 1707 631 παρ·
1742 571 1780 620 Α
1814 557 1911 628 ερίι

1640 579 1707 631 ,ρ-
1742 571 1780 620 Α
1814 557 2053 628 spiciant
2086 568 2201 612 toto
2237 566 2509 609 terrarqu
2552 556 2689 609 orbe
2731 569 2852 608 eam
2896 568 3062 606 suave
3097 554 3402 622 fragrantes

149 642 314 705 θενίας
347 644 380 713 ἡ
408 645 598 716 ἀρετή.
646 646 783 699 Ἀλλ’
809 650 888 702 ὅτι
928 649 1029 718 μὲν
1063 651 1206 720 μέγα
1250 653 1311 704 τὸ
1357 652 1709 721 κατόρθωμα,

149 734 232 784 καὶ
265 736 484 802 μείζονα
514 738 583 789 τὰ
615 738 671 789 ἐν
720 740 1075 807 ἐπαγγελίαις
1121 745 1460 813 ἀποκείμενα
1510 744 1710 811 ἀγαθὰ,

145 829 249 889 τοῖς
278 828 538 895 ἀγαπῶσι
584 830 677 882 τὸν
708 831 841 883 Θεὸν
882 834 1048 885 πᾶσιν
1081 835 1370 903 πρόδηλον.
1405 837 1714 904 Ἀμήχανον

145 921 194 971 δὲ
222 922 389 991 χωρὶς
415 924 637 994 ἀγάπης
675 925 809 978 θεοῦ
837 929 928 979 καὶ
954 930 1484 998 ταπεινοφροσύνης,
1514 930 1715 998 φθάσαι

146 1010 257 1061 τινὰ
290 1013 372 1073 εἰς
401 1012 461 1064 τὸ
488 1012 621 1082 ὕψος
655 1016 754 1083 τῆς
784 1016 1042 1087 τοιαύτης
1081 1019 1301 1087 ἀρετῆς,
1338 1019 1414 1081 ὼς
1450 1023 1719 1090 μαρτυρεῖ

146 1102 273 1172 αῦτη
296 1105 329 1172 ἡ
356 1106 719 1176 πανάμωμος,
752 1109 846 1160 καὶ
876 1109 1246 1178 πανύμνητος,
1282 1112 1374 1164 καὶ
1401 1112 1718 1178 πανένδοξος

146 1190 398 1255 Θεοτὸκος
430 1195 631 1264 ᾅδουσα
659 1216 670 1227 ·
703 1216 721 1248 ι
758 1199 1067 1266 Μεγαλύνει
1096 1203 1128 1269 ἠ
1169 1201 1311 1271 ψυχή
1345 1221 1444 1271 μου
1472 1204 1561 1255 τὸν
1604 1205 1720 1257 Κύ-

149 1299 276 1349 ριον,
316 1285 415 1336 καὶ
446 1286 742 1352 ἡγαλλίασε
773 1289 833 1340 τὸ
866 1288 1083 1359 τινεῦμὰ
1117 1309 1219 1359 μου
1264 1293 1354 1343 ἐπὶ
1398 1293 1474 1357 τῷ
1499 1293 1617 1363 Θεῷ
1645 1294 1721 1361 τῷ

147 1375 355 1444 Σωτῆρὲ
404 1395 505 1446 μου
528 1394 542 1407 ⁸
586 1398 605 1430 ι
640 1380 735 1449 τὴν
766 1380 913 1433 θείαν
957 1383 1179 1452 ἀγάπην
1228 1385 1587 1453 ἐμφαίνουσα.
1616 1386 1723 1438 Καὶ

145 1466 340 1530 εύῡέως
369 1482 382 1495 ·
428 1488 446 1520 ι
470 1469 589 1521 Ὀτι
643 1472 943 1541 ἐπέϐλεψεν
982 1475 1077 1527 ἐπὶ
1106 1476 1205 1543 τὴν
1258 1476 1589 1530 ταπείνωσιν
1625 1478 1723 1546 τῆς

144 1559 329 1629 δούλης
362 1562 551 1617 αὑτοῦ.
586 1582 603 1613 ι
635 1566 743 1618 Καὶ
775 1565 929 1629 αὖθις
951 1584 964 1597 ο
991 1589 1007 1619 ι
1036 1568 1302 1621 Καθείλεν
1322 1569 1591 1631 δυνάστας
1618 1569 1725 1623 ἀπὸ

144 1650 368 1720 θρόνων,
402 1656 495 1704 καὶ
541 1653 755 1728 ὕψωσεν
781 1658 1093 1721 ταπεινοὺς,
1132 1676 1149 1708 ι
1200 1658 1293 1709 καὶ
1325 1660 1394 1711 τὰ
1434 1659 1578 1727 ἑξῆς.
1616 1659 1724 1713 Καὶ

143 1744 274 1814 πρὸς
301 1747 396 1797 τὸν
422 1734 663 1816 Γαϐριὴλ
695 1748 959 1818 πρότερον
981 1765 994 1779 ο
1026 1767 1043 1799 ι
1070 1749 1200 1803 ’1δοῦ
1234 1752 1266 1820 ὴ
1300 1750 1460 1821 δούλη
1496 1751 1723 1821 Κυρίου,

144 1835 355 1900 γένοιτό
388 1854 480 1902 μοι
514 1839 654 1891 κατὰ
684 1840 745 1892 τὸ
777 1841 928 1909 ῥῆμά
961 1858 1076 1893 σου.
1111 1859 1129 1890 ι

1814 663 1870 705 et
1904 665 2249 718 peramoums
2298 649 2459 700 flores
2488 663 2736 709 exerere,
2784 662 2849 699 ac
2885 662 2982 715 per
3013 660 3232 697 omnem
3268 653 3400 697 atta-

1819 754 1926 797 tem
1964 743 2192 810 pulchre
2226 741 2339 810 regi
2370 749 2425 793 ct
2458 738 2637 792 ollicio
2666 738 2841 807 fungi,
2878 737 2966 791 isti
3010 752 3109 806 per
3141 735 3401 788 invidiam

1816 835 2134 903 eliquantnr
2171 834 2371 887 misere
2412 842 2469 886 ct
2497 831 3092 899 eontabescunt,juxta
3120 827 3405 896 Propheta:

1817 927 2151 981 sententiam
2182 943 2195 978 :
2235 946 2252 975 ι
2296 927 2558 980 Peccator
2589 924 2803 977 videbit
2841 932 2897 975 et
2941 924 3233 983 irascetur,
3266 920 3406 973 deu-

1820 1020 1966 1073 tibus
2001 1020 2115 1072 suis
2148 1017 2356 1088 fremet
2387 1028 2444 1071 et
2478 1018 2723 1071 tabescet
2755 1019 2820 1069 “.
2857 1035 2873 1066 ι
2905 1016 2982 1068 Ex
3013 1030 3123 1083 quo
3159 1023 3407 1082 tempore

1822 1111 2087 1165 Dominus
2122 1120 2314 1165 noster
2338 1108 2501 1164 Jesus
2540 1107 2794 1162 Christus
2831 1106 2926 1160 Dei
2966 1104 3135 1158 Filius
3170 1119 3266 1157 sua
3313 1117 3407 1156 so-

1822 1202 1927 1256 lius
1962 1218 2085 1270 erga
2120 1218 2220 1255 nos
2248 1200 2588 1270 benignitate
2620 1214 2685 1251 ex
2726 1208 2885 1251 utero
2916 1196 3093 1249 voluit
3122 1202 3327 1247 sancta:
3352 1200 3410 1246 et

1825 1295 2161 1348 intemerata:
2192 1294 2440 1361 Deiparze
2466 1306 2687 1360 semper
2717 1289 2950 1358 virginis
2980 1287 3182 1351 Mariae,
3209 1301 3311 1339 suo
3339 1284 3408 1337 ad

1824 1402 1925 1443 nos
1971 1387 2211 1440 adventu
2248 1385 2617 1439 inclarescere
2669 1381 2898 1443 mundo,
2947 1380 3221 1447 simulque
3260 1378 3410 1432 vires

1806 1479 2095 1548 suggessit
2126 1477 2330 1546 quibus
2375 1476 2724 1529 obluctemur
2763 1473 2984 1528 diabolo
3014 1491 3026 1524 :
3058 1470 3216 1525 facile
3249 1468 3409 1524 dein-

1826 1586 1955 1639 ceps
1985 1572 2057 1624 sit
2086 1571 2349 1625 virtutem
2383 1566 2653 1638 perlicere
2680 1566 3033 1635 virginitatis,
3072 1563 3237 1617 modo
3267 1563 3313 1615 is
3342 1576 3411 1616 ex

1824 1663 2008 1715 animo
2056 1662 2209 1722 velit,
2261 1671 2319 1714 ut
2363 1661 2537 1715 ardua
2587 1659 2660 1713 sit
2708 1658 2919 1712 functio
2956 1657 3179 1709 virtutis
3213 1655 3410 1709 istius..

1826 1754 1920 1807 sed
1966 1763 2170 1823 etquae
2217 1754 2378 1807 bonis
2427 1763 2541 1806 toto
2589 1763 2814 1822 pectore
2845 1752 3018 1804 Deum
3053 1745 3430 1817 diligentibus

1828 1862 1927 1913 per
1961 1846 2452 1914 repromissionem
2489 1845 2727 1913 reposita
2753 1852 2905 1906 sunt,
2938 1842 3073 1895 nulli
3107 1841 3408 1894 obscurum

142 1929 293 2000 longe
331 1945 455 1986 csse
507 1934 910 2001 praestantiora.
960 1934 1107 1988 Nulli
1145 1944 1322 1988 tamen
1356 1936 1617 2004 possibile.
1689 1937 1755 1989 ad
1800 1948 1963 1993 tautre
2005 1939 2229 1993 virtutis
2301 1941 2613 2008 pertingere
2664 1938 2964 2007 fastigium,
3009 1937 3113 1989 nisi
3154 1933 3411 2004 praesidio

136 2023 359 2085 iuvetur
402 2036 458 2079 et
492 2042 621 2096 erga
694 2027 866 2081 Deum
912 2028 1234 2089 eharitatis,
1305 2039 1361 2082 ct
1410 2030 1579 2082 animi
1618 2031 1686 2083 de
1732 2047 1789 2084 se
1829 2048 1991 2100 quant
2042 2032 2445 2086 modestissime
2496 2030 2820 2090 sentientis,
2870 2029 3027 2098 juxta
3078 2025 3409 2079 tesmonium

140 2113 386 2182 Dcipara:
433 2118 583 2170 omni
620 2118 843 2171 laudum
892 2134 1095 2187 genere
1140 2120 1540 2185 celeberrimae,
1586 2122 1720 2174 nulli
1765 2123 2014 2177 obnoxia:
2044 2123 2202 2183 vitio,
2264 2123 2360 2175 sed
2425 2122 2599 2191 gloria
2623 2122 2772 2174 omni
2795 2121 3149 2190 dignissimre,
3181 2118 3234 2171 in
3262 2117 3411 2171 hunc

138 2208 360 2261 modum
391 2210 761 2265 emodulantis
794 2230 807 2264 :
848 2232 865 2264 ι
905 2213 1213 2282 Magnificat
1271 2215 1452 2269 anima
1496 2230 1614 2268 mea
1676 2217 1989 2278 Dominum,
2019 2226 2074 2270 et
2108 2216 2405 2271 exsultavit
2472 2216 2702 2286 spiritus
2740 2232 2894 2269 nteus
2929 2216 2980 2269 in
3039 2215 3150 2269 Deo
3182 2212 3409 2267 salutari

141 2314 255 2351 meo
289 2299 375 2364 ‘7;
415 2321 433 2353 ι
468 2319 595 2356 cum
649 2304 794 2357 enim
847 2319 945 2374 per
995 2304 1138 2358 hanc
1191 2304 1505 2360 subindicct
1557 2321 1710 2359 suam
1752 2321 1880 2375 erga
1941 2307 2111 2360 Deunt
2178 2307 2528 2368 charitatem,
2557 2323 2683 2360 Inox
2714 2307 2910 2360 addit:
2946 2326 2962 2356 ι
2995 2306 3134 2372 Quia
3165 2304 3411 2374 respexit

139 2396 506 2452 humilitatem
551 2402 764 2455 ancilla:
805 2417 917 2456 sua:
952 2400 1019 2455 “.
1055 2419 1073 2450 ι
1141 2401 1395 2456 Rursus:

1466 2421 1483 2450 ι
1520 2402 1781 2469 Deposuit
1820 2411 2075 2470 potentes
2109 2402 2177 2456 de
2203 2404 2357 2463 sedc.
2389 2413 2445 2456 et
2483 2402 2747 2455 exaltavit
2780 2402 3020 2456 Immites
3050 2403 3117 2465 ",
3154 2420 3171 2451 ι
3201 2410 3258 2455 et
3286 2417 3410 2469 qua:

136 2489 325 2544 ordine
360 2502 690 2560 sequuntur.
727 2492 832 2546 Sed
868 2502 923 2547 ct
968 2492 1247 2563 aliquanto
1276 2494 1430 2563 prius
1461 2493 1700 2547 Gabrieli
1743 2493 2106 2563 responderat
2138 2513 2151 2549 :
2186 2514 2203 2545 ι
2248 2495 2391 2549 Ecce
2430 2494 2630 2548 ancilla
2695 2494 2932 2555 Domini,
2994 2494 3088 2547 fiat
3135 2494 3270 2547 mihi
3317 2508 3407 2549 se-

139 2584 386 2636 cundum
418 2586 649 2638 verbum
685 2596 840 2639 tuum
872 2586 940 2638 ⁷⁸.
980 2605 997 2636 ι

205 2678 404 2745 Σαφῶς
432 2674 525 2730 οὖν
557 2676 646 2731 διὰ
675 2678 882 2731 τούτων
910 2676 1312 2739 ἀποδέδεικται,
1342 2677 1423 2729 ὅτι
1539 2676 1715 2745 ἄκρας
1756 2684 1796 2738 n

139 2770 529 2833 ταπεινώσεως
559 2772 652 2822 καὶ
686 2772 785 2839 τῆς
827 2771 966 2840 πρὸς
1017 2770 1151 2821 Θεὸν
1203 2768 1446 2835 ἀγάπης,
1490 2768 1583 2819 τὸν
1630 2768 1727 2837 τῆς

140 2861 448 2930 παρθενίας
480 2860 714 2928 ἄμωμον
761 2860 969 2929 χιτῶνα
1014 2860 1184 2929 ἑαυτῇ
1229 2862 1261 2929 ἡ
1313 2859 1725 2928 κεχαριτιιιμένη

140 2951 423 3019 ὲξύφανεν.
456 2951 598 3003 Ἀλλ’
634 2952 714 3003 ὅτι
756 2951 856 3018 μὲν
905 2950 1113 3019 μεγάλη
1145 2953 1179 3019 ἡ
1233 2951 1402 3019 ἁρετὴ
1447 2952 1546 3018 τῆς
1581 2965 1727 3016 παρ-

140 3042 340 3105 θενίας,
384 3041 789 3095 ἀποδέδεικται.
822 3041 945 3112 Χρὴ
985 3041 1042 3093 δὲ
1083 3040 1174 3092 τὸν
1210 3041 1286 3101 εἰς
1315 3038 1473 3091 τοῦτο
1500 3038 1561 3089 τὸ
1597 3038 1725 3091 στά-

137 3129 245 3183 διον
278 3130 653 3200 ἀποδυόμενον
697 3131 944 3200 νομίμως
978 3130 1232 3198 ἀθλῆσαι,
1271 3129 1411 3182 κατὰ
1442 3128 1531 3181 τὸν
1563 3128 1725 3179 ’Λπό-

139 3223 351 3276 στολον.
410 3224 485 3275 Ού
525 3224 635 3292 γάρ
669 3224 818 3276 ἐστιν
851 3223 1032 3276 αὐτῶν
1066 3225 1099 3290 ὴ
1137 3223 1281 3291 πάλη
1312 3240 1329 3273 ι
1365 3222 1503 3292 πρὸς
1531 3217 1669 3289 αἷμα
1701 3239 1717 3271 ι

139 3317 231 3369 καὶ
261 3336 281 3368 ι
315 3318 500 3385 σάρκα
533 3315 713 3383 μόνον,
751 3333 768 3366 ι
801 3315 938 3368 ἀλλὰ
975 3334 992 3367 ι
1025 3315 1161 3384 πρὸς
1210 3315 1309 3377 τὰς
1347 3314 1611 3383 ἀοράτους
1634 3314 1724 3367 δυ-

138 3405 355 3473 νάμεις.
396 3424 415 3456 ι
458 3403 519 3457 Ὀ
558 3404 841 3467 νεανίσκος
891 3405 1101 3469 τοίνυν,
1152 3405 1431 3459 τουτέστιν
1469 3406 1498 3456 ὁ
1534 3405 1724 3458 ἑαυτὸν

139 3496 465 3566 εὐνουχίσας
495 3495 581 3548 διὰ
608 3496 710 3565 τὴν
742 3495 1047 3565 βασιλείαν,
1092 3496 1187 3549 καὶ
1224 3498 1258 3563 ὴ
1310 3494 1597 3565 παρθένος.
1627 3495 1723 3548 ἐὰν

142 3588 216 3657 μὴ
244 3590 392 3641 κατά
441 3587 620 3641 πάντα
649 3588 881 3641 τοιοῦτοι
932 3582 1088 3648 ὦσιν,
1144 3587 1331 3655 ὥσπερ
1379 3588 1428 3639 οἱ
1478 3586 1723 3653 ἀληθινοὶ

144 3681 382 3749 μιμηταὶ
415 3680 510 3733 τοῦ
536 3679 797 3750 Χριστοῦ,
832 3682 893 3733 οὐ
938 3679 1193 3734 δύνανται
1230 3679 1488 3748 σωθῆναι.
1521 3679 1594 3731 Τὸ
1618 3678 1724 3748 γὰρ

139 3770 397 3837 λέγεσθαι
429 3772 719 3841 παρθένον,
745 3773 962 3835 καὶτὰς
989 3773 1194 3840 ἀρετὰς
1230 3772 1304 3841 μὴ
1346 3771 1490 3840 ἔχειν
1528 3770 1723 3823 ἀναλό-

140 3877 289 3926 γους,
323 3863 420 3915 καὶ
449 3862 680 3924 οἰκείους
709 3864 803 3915 καὶ
830 3862 1174 3932 ἁρμοζούσας
1205 3866 1270 3933 τῇ
1310 3862 1583 3934 παρθένῳ,
1612 3878 1723 3929 μω-

142 3953 240 4021 ράν
259 3954 364 4023 τὴν
386 3953 644 4022 τοιαύτην
665 3953 935 4025 παρθένον
959 3954 1125 4023 φησὶν
1148 3954 1177 4006 ὀ
1200 3953 1425 4023 Κύριος.
1450 3951 1724 4021 ’Δφεγγὴς

140 4043 246 4113 γὰρ
271 4039 412 4097 οὖσα
440 4044 539 4096 καὶ
561 4023 832 4106 ἀνέλαιος,
862 4042 969 4108 ἔξω
989 4043 1085 4110 τῆς
1117 4041 1397 4111 βασιλείας
1414 4040 1527 4094 τῶν
1554 4041 1613 4092 οὒ
1624 4057 1719 4109 ρα-
1745 4023 1787 4080 C

138 4132 245 4185 νῶν
298 4133 633 4200 ὲγκλείεται,
686 4133 921 4203 νυμφίου
970 4134 1145 4204 χαρᾶς
1203 4133 1564 4203 στερηθεῖσα,
1627 4131 1721 4185 καὶ

143 4224 280 4292 μετὰ
338 4223 451 4276 τῶν
510 4224 814 4293 μισούντων
868 4224 960 4276 τὸν
1018 4222 1252 4292 νυμφίον
1312 4223 1716 4293 λογισθήσεται.

138 4315 298 4367 Δοκεῖ
321 4314 431 4385 γὰρ
459 4310 597 4368 εἷναὶ
618 4331 668 4368 τι
686 4317 718 4384 ἡ
738 4316 1025 4384 ἄπρακτος
1059 4316 1228 4384 μηδὲν
1252 4315 1407 4377 οὖσα,
1436 4316 1531 4368 καὶ
1556 4331 1719 4385 φρεν-

140 4406 329 4474 απατᾷ
405 4405 624 4473 ἑαυτήν.
678 4404 1033 4472 Δοκιμαζέτω
1065 4403 1123 4457 δὲ
1171 4404 1406 4466 ἕκαστος
1455 4404 1515 4456 τὸ
1561 4402 1719 4473 ἔργον

138 4492 332 4558 αὐτοῦ,
366 4493 461 4546 καὶ
485 4494 677 4546 ἑαυτὸν
710 4495 1141 4561 ἐπιγινωσκέτω,
1168 4495 1249 4547 ὅτι
1280 4494 1548 4565 θρησκεία
1574 4494 1722 4547 ἐστὶν

143 4584 397 4653 μάταιος,
455 4584 752 4655 παρθενίαν
797 4586 891 4637 καὶ
939 4587 1271 4656 ἐγκράτειαν
1327 4585 1722 4654 ὁμολογοῦντες

138 4676 307 4745 ἔχειν,
340 4676 445 4747 τὴν
472 4676 530 4728 δὲ
568 4675 800 4744 δύναμιν
844 4677 1014 4745 αὐτῆς
1047 4677 1367 4747 ἠρνημένοι.
1408 4676 1473 4731 Ἡ
1506 4678 1611 4747 γὰρ
1639 4678 1725 4730 ὅν-

138 4784 247 4831 τως
276 4768 560 4836 εύνουχία,
591 4769 685 4821 καὶ
717 4770 751 4839 ἡ
779 4767 948 4833 ὅντως
972 4769 1240 4838 παρθενία
1266 4772 1323 4822 ἰν
1354 4770 1562 4840 Κυρίῳ,
1590 4769 1724 4836 ἁγία

140 4860 289 4913 ἐστὶν
316 4859 397 4930 τῷ
438 4858 648 4929 σώματι
692 4862 789 4915 καὶ
829 4860 908 4930 τῷ
956 4862 1253 4929 πνεύματι,
1294 4863 1724 4932 ἀπερισπάστως

140 4954 233 5007 καὶ
274 4953 632 5023 εὐπαρέδρως
659 4953 738 5022 τῷ
772 4955 963 5024 Κυρίῳ
992 4954 1329 5025 λατρεύουσα
1361 4956 1418 5007 ὲν
1450 4955 1724 5023 Πνεύματι

140 5043 296 5107 Θεοῦ,
338 5044 597 5114 καθαρῶς
620 5045 715 5097 καὶ
754 5044 1036 5112 ἁμιάντως
1078 5045 1391 5116 ἀρέσκουσα
1413 5046 1491 5114 τῷ
1514 5045 1725 5115 Κυρίῳ,

140 5138 236 5190 καὶ
265 5136 357 5190 ἀεὶ
390 5135 713 5207 μεριμνῶσα
740 5135 856 5197 πῶς
877 5138 1063 5207 ἁρέσει
1094 5137 1264 5205 αὐτῷ,
1295 5138 1388 5191 καὶ
1415 5138 1473 5190 ἓν
1505 5136 1729 5207 Πνεῦμα

140 5232 291 5283 ἐστιν
318 5229 459 5300 πρὸς
478 5227 899 5299 Κύριον,καθὼς
920 5229 1250 5299 γέγραπται³
1276 5250 1293 5281 ι
1316 5231 1493 5297 ’Ἅγιοι
1518 5229 1725 5296 ἔσεσθε,

1896 2677 1994 2731 llis
2040 2676 2207 2745 igitur
2240 2676 2543 2731 clarissime
2589 2677 2921 2744 explicatum
2959 2694 3104 2742 reor,
3136 2679 3265 2749 quia
3297 2696 3397 2749 per

1828 2784 2095 2824 summam
2141 2768 2507 2821 humilitatem
2552 2776 2607 2822 et
2658 2783 2786 2835 erga
2834 2768 3003 2821 Deum
3053 2769 3400 2833 charitateln,

1829 2861 1987 2929 plena
2015 2877 2141 2915 cum
2169 2869 2313 2913 esset
2339 2860 2548 2926 gratiae,
2574 2861 2883 2927 promeruit
2908 2859 3015 2913 sibi
3047 2871 3252 2914 vestem
3283 2878 3410 2931 per-

1833 2960 2016 3004 texere
2070 2949 2429 3017 virginitatis,
2486 2949 2634 3002 nulla
2686 2966 2819 3018 ruga
2870 2949 3218 3015 decolorent,
3271 2954 3411 3008 nulli

1826 3040 2120 3094 obnoxiam
2154 3040 2351 3094 reatui.
2380 3039 2484 3105 Qui
2519 3049 2704 3093 autem
2749 3041 2815 3093 ad
2846 3043 3256 3097 excurrendum
3299 3052 3413 3098 sta-

1825 3132 1978 3185 dium
2006 3133 2301 3201 ejusmodi.
2337 3133 2596 3186 omnibus
2628 3148 2689 3186 se
2723 3133 3016 3187 cxtricavit
3045 3136 3296 3198 remoris,
3327 3151 3415 3191 se-

1826 3223 2071 3277 cundum
2102 3224 2462 3292 apostolicam
2503 3224 2857 3289 sententiam,
2896 3241 3123 3279 necesse
3155 3234 3240 3280 est
3272 3227 3412 3297 legi-

1827 3315 1958 3369 time
1989 3323 2049 3368 ut
2090 3324 2265 3370 certet
2311 3326 2367 3369 et
2399 3315 2466 3368 ad
2498 3316 2736 3383 palmam
2770 3331 2945 3385 usque
2976 3332 3136 3370 suum
3188 3334 3414 3387 promo—

1824 3414 1946 3460 veat
1981 3421 2234 3475 agonem.
2263 3406 2454 3474 Neque
2489 3405 2637 3459 enim
2677 3406 2764 3459 isti
2816 3423 2834 3455 ι
2890 3405 3157 3461 adversus
3188 3409 3414 3477 sangui-

1824 3511 1948 3550 nem
1981 3515 1999 3547 ι
2033 3496 2197 3550 modo
2228 3514 2246 3546 ι
2283 3505 2340 3550 et
2370 3511 2593 3550 carnem
2632 3514 2650 3547 ι
2683 3496 2986 3550 adornatur
3016 3517 3033 3548 ι
3068 3498 3411 3563 colluctatio,

1823 3587 1919 3640 sed
1961 3605 1980 3635 ι
2017 3595 2075 3641 et
2109 3605 2127 3636 ι
2169 3587 2435 3640 adversus
2478 3606 2495 3638 ι
2533 3586 2847 3640 invisibiles
2892 3606 2908 3636 ι
2954 3597 3259 3656 potestates
3282 3588 3350 3642 ".
3388 3608 3408 3642 ι

1825 3679 2045 3748 Itaque,
2096 3678 2545 3732 adolescentulus
2608 3679 2698 3747 qui
2757 3694 2815 3732 se
2869 3690 3095 3749 propter
3143 3683 3412 3736 caelorum

1828 3785 2053 3839 regnum
2092 3770 2374 3832 castravit,
2404 3769 2663 3823 similiter
2684 3777 2741 3823 ct
2771 3770 2926 3839 virgo
2955 3771 3229 3839 quaepiam
3264 3789 3276 3825 :
3306 3772 3413 3827 nisi

1824 3876 1924 3930 per
1951 3861 2133 3915 omnia
2164 3877 2285 3915 sese
2318 3861 2679 3929 praestiterint
2705 3878 2805 3914 ceu
2840 3862 3074 3916 addecet
3102 3879 3263 3917 veros
3291 3863 3417 3918 imi-

1827 3960 2034 4006 tatores
2060 3952 2291 4015 Christi,
2328 3952 2656 4022 neutiquam
2688 3954 2754 4007 ad
2788 3962 3008 4022 portum
3037 3955 3416 4022 provehentur

1821 4045 2035 4101 salutis.
2070 4044 2141 4100 Ut
2173 4045 2319 4098 enim
2350 4044 2507 4115 virgo
2543 4062 2649 4099 una
2684 4046 2868 4115 aliqua
2918 4045 3154 4110 dicatur,
3199 4063 3302 4102 nec
3332 4047 3416 4101 in-

1822 4136 1983 4189 terim
2037 4144 2265 4189 ctctcras
2327 4145 2484 4190 curet
2527 4136 2785 4204 indipisci
2835 4136 3067 4190 virtutes
3134 4152 3257 4205 qua).
3299 4136 3415 4190 vir-

1820 4224 2037 4293 ginitati
2073 4225 2319 4293 proxime
2356 4225 2747 4292 respondeant,
2783 4239 2904 4292 qua:
2939 4222 3157 4276 tuenda:
3180 4222 3416 4293 virgini-

1822 4316 1921 4369 tati
1963 4316 2166 4370 faciant
2196 4316 2498 4385 plurimum
2544 4325 2601 4370 et
2641 4314 2921 4384 quadrent
2955 4313 3267 4383 :cjusmodi
3298 4314 3414 4367 vir-

1820 4406 1999 4475 ginem
2034 4405 2257 4459 stultam
2294 4404 2436 4457 dixit
2467 4404 2757 4467 Dominus,
2794 4403 3000 4472 quippe
3044 4418 3167 4472 qua:
3197 4402 3413 4456 nullum

1821 4510 1934 4565 prae
1981 4510 2039 4548 se
2096 4494 2238 4547 ferat
2277 4494 2493 4547 illustre
2541 4492 2753 4553 lumen,
2807 4492 2943 4544 nihil
2997 4505 3184 4544 secum
3235 4497 3414 4559 gestet

1822 4587 1927 4641 olei
1961 4587 2028 4639 ".
2057 4584 2208 4640 Talis
2231 4601 2353 4654 qua:
2380 4593 2485 4647 est,
2525 4584 2677 4637 aditu
2716 4583 3034 4637 excluditur
3063 4582 3213 4651 regni
3238 4583 3413 4637 coelo-

1824 4695 1982 4740 rum,
2032 4677 2352 4745 neutiquam
2403 4676 2681 4737 admissa,
2732 4674 2935 4743 gaudio
2989 4682 3048 4726 ut
3094 4672 3415 4741 perfruatur

1824 4770 2033 4840 SpOlISi,
2067 4768 2163 4823 sed
2212 4769 2268 4821 in
2304 4783 2495 4821 earum
2543 4766 2903 4835 deputabitur
2952 4764 3246 4834 collegium
3290 4778 3413 4833 quae

1825 4877 2087 4931 sponsum
2118 4861 2361 4915 oderint.
2397 4858 2531 4923 Quae
2572 4858 2723 4912 enim
2754 4864 2841 4911 est
2886 4854 3029 4917 talis,
3066 4869 3320 4924 peraeque
3352 4868 3412 4908 se

1827 4955 1994 5009 habet
2036 4970 2101 5007 ac
2144 4953 2189 5007 si
2222 4950 2359 5006 nihil
2412 4950 2542 5004 boni
2595 4949 2897 5004 confecerit
2930 4946 3135 5016 operis,
3179 4945 3275 5000 sed
3310 4945 3410 4999 im-

1828 5045 2130 5116 prudenter
2158 5046 2391 5112 seipsam
2421 5042 2662 5096 seduxit.
2698 5040 2850 5110 Opus
2880 5040 3067 5099 itaque
3097 5054 3258 5092 suum
3287 5053 3415 5107 pro—

1830 5138 1921 5191 bet
1948 5137 2323 5205 uuusquisque
2350 5143 2407 5188 et
2430 5135 2703 5203 exploret,
2736 5147 2905 5201 seque
2934 5140 3231 5201 agnoscat;
3270 5128 3413 5183 alio-

1829 5230 1922 5298 qui
1953 5228 2265 5283 observatio
2305 5227 2488 5280 omnis
2515 5227 2641 5280 vita:
2674 5224 2984 5294 quamlibet
3014 5222 3303 5292 religiosae,
3331 5220 3416 5274 in-

139 5323 220 5375 ὃτι
246 5320 363 5390 ἐγὼ
391 5320 548 5387 ἅγιός
576 5322 714 5388 εἰμι,
755 5338 774 5370 ι
810 5319 959 5387 λέγει
991 5320 1215 5389 Κύριος.
1244 5319 1319 5375 Οὐ
1355 5322 1462 5392 γὰρ
1502 5320 1726 5391 ὀνόματι
1760 5357 1803 5410 D
1832 5322 1898 5375 frt

1653 5338 1726 5373 ιτι
1760 5357 1803 5410 η
1832 5321 1972 5391 frugi
2006 5321 2189 5375 futura
2217 5328 2381 5374 estet
2418 5320 2598 5373 inanis
2628 5336 2640 5370 :
2672 5333 2865 5372 eorum
2893 5331 3089 5385 nempe
3115 5313 3209 5383 qui
3243 5327 3415 5410 penes

142 5413 309 5484 μόνον
337 5411 481 5483 ψιλῷ
530 5412 559 5466 ὁ
593 5411 771 5480 ἅγιος,
815 5412 969 5478 ἅγιός
1020 5414 1188 5475 ἐστιν,
1237 5413 1353 5465 ἀλλ’
1389 5417 1446 5468 ὲν
1501 5415 1725 5466 παντὶό

141 5504 323 5571 ἅγιος,
355 5501 435 5573 τῷ
486 5502 697 5571 σώματι
750 5503 846 5557 καὶ
886 5502 964 5571 τῷ
1012 5503 1303 5572 πνεύματι.
1360 5505 1424 5557 Εἰ
1469 5504 1724 5570 ἁπετὰξω

136 5590 233 5646 οὖν
284 5596 405 5657 τοῖς
448 5593 549 5663 τῆς
583 5594 789 5664 σαρκὸς
835 5592 1087 5657 πάθεσιν,
1128 5594 1364 5665 πρόσςχε
1409 5595 1500 5648 τὸν
1534 5596 1723 5662 ἀγῶνα

250 5774 466 5856 ⁸⁸]’διιι
493 5790 598 5837 cxi,
632 5775 708 5827 ill.
791 5776 829 5803 ’τ
860 5774 990 5830 Luc.
1021 5791 1058 5838 t,
1091 5774 1176 5841 46,
1211 5775 1294 5829 Π.
1372 5776 1415 5805 ⁸⁸
1442 5775 1574 5829 ibid.
1621 5774 1693 5829 13.

146 5860 267 5900 Ἀλλ’.
309 5866 364 5897 ο).

791 5776 829 5803 ’⁷
860 5774 990 5830 Luc.
1021 5791 1058 5838 t,
1091 5774 1176 5841 46,
1211 5775 1294 5829 Π.

1799 5778 1816 5796 ’³
1844 5775 1977 5829 ibid.
2015 5776 2099 5828 5:3.

1829 5429 1887 5467 se
1916 5428 2037 5467 esse
2069 5410 2396 5481 proﬁtentur
2432 5410 2832 5479 virginitatem,
2864 5426 2928 5462 ac
2964 5416 3274 5475 temperare
3306 5403 3414 5459 sibi

1830 5523 1859 5557 a
1894 5505 2077 5559 carnis
2108 5504 2406 5569 illecebris,
2443 5519 2567 5558 cum
2601 5518 2658 5555 re
2702 5504 2819 5571 ipsa
2855 5501 3118 5554 virtutem
3163 5498 3284 5567 ejus
3316 5510 3411 5550 ne-

1828 5604 1979 5665 gent.
2006 5595 2141 5649 Nam
2170 5611 2293 5664 qua:
2325 5604 2609 5663 tantopere
2643 5592 3062 5648 commendatur
3089 5588 3351 5644 castratio
3377 5602 3410 5643 a

2179 5776 2223 5806 "‘
2258 5775 2387 5828 ibid.
2418 5772 2503 5826 58.
2584 5774 2621 5802 τί
2657 5772 2856 5841 Ephes.
2881 5786 2949 5833 ιι,
2992 5769 3070 5821 l2.
3145 5769 3191 5799 ⁷³
3219 5766 3410 5821 Matth.
