4462 6440
946 344 1081 407 H99

2204 372 2559 434 ANTIOCHI
2608 374 2946 436 MONACIII

4058 363 4079 424 1
4092 364 4181 421 500

940 452 1229 513 lenociniis
1258 465 1459 525 carnis.
1492 482 1553 520 ac
1602 484 1726 524 vera
1779 473 1939 540 plane
1984 474 2036 527 iu
2072 477 2303 533 Domino
2350 481 2515 549 virgi-
2542 490 2587 541 Α
2614 486 2702 554 τῆς

2415 482 2515 549 rgi-
2542 490 2587 541 Α
2614 486 2712 554 τῆς
2743 486 2979 553 ἀληθοῦς
3015 485 3329 554 παρθενίας.
3366 484 3427 536 El
3480 480 3787 550 εὐνουχίσαι
3819 475 4025 530 ιέαντδν
4059 474 4177 539 ﬂii“

942 547 1103 609 nitas,
1139 563 1325 608 sancta
1371 566 1455 609 est
1498 567 1554 611 et
1597 576 1828 630 corpore
1873 574 1929 619 et
1974 568 2197 636 spiritu,
2244 547 2515 626 indivulisc

943 639 1150 733 1061
1180 655 1235 699 et
1263 650 1475 716 perpeti
1511 659 1700 707 tenore
1731 655 1966 712 Domino
2010 662 2259 715 serviens
2295 664 2349 717 in
2390 666 2511 733 Spi-

939 732 1051 786 ritu
1106 736 1222 800 Dei,
1269 741 1568 799 sinceriter
1615 762 1678 799 ac
1714 752 1905 816 procul
1960 753 2108 805 oumi
2159 756 2422 821 spurcitia
2458 776 2514 809 se

937 826 1179 892 probans
1208 831 1461 898 Domino,
1507 852 1691 890 secum
1739 856 2040 897 conserens
2069 845 2273 911 iugiter
2312 848 2513 915 quibus

936 920 1134 973 studiis
1183 925 1355 991 possit
1390 927 1439 980 ei
1470 930 1706 995 gratiosa
1752 949 1872 986 esse
1915 944 1971 989 et
2017 938 2269 991 amabilis
2297 956 2308 990 :
2336 954 2514 1008 coque

935 1027 1078 1064 unus
1103 1030 1227 1069 cum
1256 1019 1485 1073 Domino
1514 1023 1749 1077 eilicitnr
1784 1027 2034 1094 spiritus,
2068 1030 2211 1082 sicut
2246 1033 2511 1101 scriptqu

930 1114 1016 1155 est
1043 1121 1055 1156 :
1097 1124 1115 1155 ι
1144 1106 1325 1162 Sancti
1356 1112 1511 1165 eritis
1534 1116 1664 1183 quia
1688 1132 1788 1183 ego
1818 1128 2042 1173 sanctus
2073 1138 2215 1186 sum,
2247 1124 2382 1178 dicit
2412 1128 2513 1178 Do-

930 1196 1132 1251 minus.
1170 1219 1187 1249 ι
1223 1202 1409 1271 Neque
1457 1208 1604 1259 enim
1656 1209 1701 1262 is
1745 1211 1969 1265 nomine
2022 1225 2200 1275 tenus,
2254 1226 2509 1286 tanquam

930 1293 1287 1354 praerogativa
1324 1297 1654 1366 insigniatnr
1687 1303 2032 1358 sublimioris
2057 1311 2509 1374 nomenclattmu,

926 1392 1153 1436 sanctus
1181 1384 1414 1452 dicitur;
1442 1390 1533 1441 sed
1576 1408 1671 1459 per
1700 1395 1885 1448 omnia
1916 1408 2141 1450 sanctus
2165 1426 2179 1449 ι
2200 1409 2271 1463 st,
2307 1412 2361 1454 ct
2387 1420 2513 1455 eor-

925 1486 1058 1538 pore
1089 1484 1144 1526 et
1177 1477 1399 1544 spiritu.
1448 1480 1502 1533 Si
1553 1482 1722 1550 igitur
1754 1486 2145 1541 aﬂ‘celiouibus
2182 1492 2507 1544 renuntiasti

923 1567 1127 1628 carttis,
1167 1571 1363 1625 sedulo
1406 1584 1583 1627 tecum
1623 1589 1839 1645 reputa,
1871 1598 2037 1648 quem
2086 1585 2324 1637 subieris
2370 1603 2511 1639 vene

923 1658 1261 1726 virginitatis
1302 1682 1555 1728 agonem.
1589 1670 1727 1723 Cum
1778 1683 1830 1725 te
1871 1673 1941 1725 ab
1988 1674 2109 1728 istis
2162 1678 2350 1729 mutuli
2398 1679 2511 1731 ille-

922 1747 1105 1802 cebris
1149 1754 1422 1817 castrasti,
1460 1756 1504 1809 si
1549 1758 1773 1826 quidem
1812 1760 1864 1812 id
1919 1762 2115 1815 feceris
2151 1772 2377 1831 propter
2422 1780 2507 1817 re-

920 1854 1085 1906 gnum
1120 1843 1410 1908 ctelorum,
1445 1863 1636 1916 magna
1668 1866 1791 1902 cum
1833 1854 2085 1905 cautione
2136 1854 2219 1907 fac
2267 1857 2504 1908 retineas

922 1944 986 1981 ac
1012 1932 1218 1985 tuearis
1250 1947 1571 2003 susceptum
1601 1943 1768 1995 semel
1797 1960 2027 2011 agonem
2058 1945 2203 1998 hunc
2236 1947 2501 2014 propositi

925 2021 1233 2075 tuonastici.
1279 2023 1479 2079 Animo
1524 2030 1777 2095 prmsenti
1824 2042 1880 2085 et
1929 2044 2146 2086 arrecto
2180 2035 2266 2088 fac
2315 2036 2507 2103 vigiles

923 2110 1186 2165 adversus
1209 2130 1402 2168 omnes
1438 2119 1817 2174 colluctatoris
1845 2124 1920 2176 tui
1945 2125 2216 2179 violentos
2239 2129 2502 2189 assultus,

924 2200 1169 2257 imitatus
1205 2206 1494 2272 prudentis
1539 2212 1785 2265 naucleri
1833 2214 2136 2277 solertiam,
2185 2217 2280 2284 qui
2313 2230 2504 2273 eontra

924 2295 1275 2357 ﬂuctivomos
1303 2302 1571 2356 undarqu
1609 2307 1847 2361 vortices
1876 2311 2100 2376 perdius
2140 2320 2247 2365 stat
2290 2322 2345 2365 et
2388 2330 2505 2381 per-

925 2404 1051 2442 nox.
1092 2390 1351 2446 Przeduee
1382 2394 1473 2448 Dei
1504 2399 1699 2465 gratia,
1727 2400 1895 2452 animi
1932 2401 2007 2452 lui
2042 2401 2279 2469 impetus
2304 2406 2508 2471 auriga:

926 2480 981 2532 in
1031 2497 1237 2535 morem
1278 2484 1427 2539 frena
1464 2504 1527 2542 ac
1580 2490 1887 2555 moderare,
1940 2494 2233 2561 nequando
2280 2512 2308 2547 a
2357 2507 2507 2549 recto

924 2575 1061 2628 calle
1102 2593 1325 2633 exerres
1364 2580 1580 2635 devius.
1620 2583 1953 2638 lndivnlsam
2004 2586 2072 2639 da
2106 2603 2354 2655 operam,
2398 2590 2509 2642 Deo

926 2678 987 2720 ut
1016 2670 1223 2723 servias
1253 2680 1310 2725 et
1348 2672 1576 2740 proinde
1606 2676 1880 2743 gratiosus
1911 2678 1990 2730 illi
2025 2678 2347 2743 inveniaris,
2377 2681 2507 2734 dum

928 2771 980 2812 te
1012 2762 1086 2814 illi
1116 2768 1315 2832 probas
1338 2765 1392 2819 in
1421 2767 1789 2821 sanctimonia
1820 2771 2070 2837 corporis
2092 2778 2148 2822 et
2174 2771 2422 2838 spiritus.
2451 2784 2511 2827 ut

927 2863 1165 2907 strenua:
1212 2859 1654 2911 conversationis
1699 2875 1763 2913 ac
1808 2860 1933 2913 vita:
1971 2862 2309 2914 ornamentis
2338 2863 2515 2915 virtu-

931 2953 1045 2998 tnm
1081 2948 1363 3016 perpolita:
1398 2952 1710 3018 assequaris
1736 2952 1988 3020 gloriam.
2026 2954 2280 3008 Eluctare
2306 2971 2405 3022 pro
2434 2957 2512 3008 vi-

932 3039 1018 3093 rili
1062 3041 1336 3095 adversus
1389 3045 1602 3097 hostem
1654 3060 1828 3113 agone
1880 3045 2157 3113 legitimo,
2212 3054 2271 3098 ut
2310 3064 2511 3101 corona

929 3144 1093 3196 quam
1133 3131 1461 3185 ardentibus
1506 3135 1647 3187 votis
1688 3134 1945 3202 expetiin
1995 3144 2050 3187 et
2093 3135 2382 3199 adamasti,
2410 3137 2513 3189 ali-

929 3220 1151 3286 quando
1186 3222 1435 3290 potiaris,
1470 3239 1533 3277 ac
1578 3225 1805 3291 palmari
1844 3225 2135 3279 redimitus
2179 3241 2408 3291 corona,
2453 3227 2505 3280 in

932 3311 1079 3364 illam
1112 3314 1389 3368 cwlestem
1415 3316 1716 3369 Jerusalem
1770 3316 1976 3370 celebri
1998 3332 2123 3369 cum
2151 3333 2347 3386 pompa
2380 3318 2511 3372 sub-

932 3402 1151 3459 veharis
1200 3406 1396 3468 victor,
1416 3407 1574 3476 cujus
1608 3408 1922 3462 obtinenda:
1942 3410 2137 3476 gratia,
2157 3409 2509 3477 prudentiam

934 3496 1073 3549 hanc
1114 3499 1300 3551 carnis
1347 3516 1378 3553 τι
1428 3510 1478 3553 te
1525 3501 1843 3553 excussisti.
1876 3501 2041 3569 Atqui
2086 3502 2233 3565 vide,
2276 3505 2509 3570 gratiam

932 3595 1039 3640 tua:
1075 3588 1237 3641 istius
1266 3592 1640 3645 sanetimonim
1682 3601 1741 3645 ut
1784 3592 1849 3645 ad
1885 3593 1977 3645 Dei
2014 3594 2243 3661 gloriam
2286 3595 2513 3656 referas,

928 3679 1021 3745 qui
1056 3680 1279 3733 minime
1321 3682 1449 3735 sivit
1491 3692 1544 3734 te
1588 3683 1641 3755 in
1678 3698 1867 3734 eorum
1919 3682 2136 3734 devolvi
2172 3692 2227 3735 et
2260 3685 2515 3737 concludi

930 3786 1148 3833 manus,
1174 3773 1267 3840 qui
1300 3774 1641 3827 voluntatem
1669 3775 1896 3842 explent
1924 3775 2108 3827 carnis
2130 3785 2187 3829 et
2210 3776 2512 3845 sanguinis,

927 3874 985 3917 et
1030 3865 1096 3917 ad
1146 3865 1261 3919 hzec
1300 3866 1629 3934 corruptela:
1660 3874 1826 3933 atque
1867 3865 2121 3919 obscena:
2155 3867 2516 3936 turpitudinis

928 3971 1097 4023 opera
1125 3958 1223 4010 toti
1259 3958 1634 4026 propendent;
1668 3957 1764 4012 sed
1807 3967 1859 4011 te
1895 3973 1994 4011 sua
2024 3958 2247 4013 dextera
2280 3975 2517 4028 prmum-

930 4041 1086 4094 uivit.
1123 4043 1372 4112 Magnum
1406 4046 1567 4113 plane
1599 4045 1786 4123 fuerit,
1820 4047 1863 4099 si
1893 4047 2031 4101 citra
2070 4049 2415 4118 iactantiam,
2444 4048 2511 4102 ad

932 4132 1196 4187 honorem
1227 4135 1403 4188 solum
1438 4136 1737 4191 Dominicae
1766 4140 1972 4204 carnis,
1997 4148 2265 4210 perpetuo
2297 4148 2347 4193 te
2380 4155 2514 4193 con-

931 4226 1161 4279 tinueris
1192 4227 1245 4279 in
1290 4229 1656 4282 sanctimonia
1688 4246 1750 4283 ac
1782 4231 2041 4299 puritate.
2072 4231 2336 4298 Quisquis
2372 4232 2514 4284 inte-

930 4316 1034 4369 rim
1081 4317 1153 4370 ob
1196 4334 1315 4372 eam
1357 4320 1621 4389 gloriatus
1650 4322 1740 4376 hic
1772 4322 1960 4385 fuerit,
2000 4323 2088 4378 isti
2128 4322 2515 4391 iutcrcipietur

932 4408 1145 4463 fructus
1173 4412 1353 4464 omnis
1385 4427 1449 4465 ac
1478 4412 1745 4481 deperiet.
1776 4414 2033 4475 Proinde.
2068 4423 2127 4467 ut
2149 4414 2261 4482 jam
2308 4413 2514 4466 dictum
2548 4394 2596 4451 ί)

2615 577 2785 647 λησας
2813 577 2901 629 διὰ
2928 577 3025 647 τὴν
3056 578 3272 631 αἰώνιον
3304 576 3577 645 βασιλείαν
3607 584 3652 637 ι,
3685 568 3966 639 ἐπιμελῶς
3992 567 4179 629 κατεχε

2613 670 2702 720 τὸν
2732 670 2828 738 τῆς
2873 670 3163 738 ἀσκήσεως
3208 669 3417 735 ἀγῶνα,
3449 668 3542 719 καὶ
3600 664 3833 734 πρόσεχε
3872 660 3970 720 τὰς
4019 672 4179 725 πίθητ’

2615 758 2774 820 ϐολὰς
2817 759 2911 810 τοῦ
2980 758 3296 819 ἀντιπάλου,
3347 759 3535 826 ῶσπερ
3599 755 3938 823 κυϐερνήτης
3978 749 4048 800 τὰ
4089 744 4177 797 κύ-

2616 868 2760 917 ματα
2797 851 3120 903 διαϐαίνων·
3167 849 3328 917 γενοῦ
3374 847 3759 918 ἡνισιχούμενος
3797 842 3903 894 ὑπὸ
3946 840 4049 904 τῆς
4090 839 4179 907 χά-

2616 957 2781 1009 ριτος.
2813 943 2887 1010 μὴ
2922 942 3302 1011 παρατραπεὶς
3342 940 3439 1009 τῆς
3481 937 3691 998 εὐθείας
3722 933 3839 985 ὁδοῦ
3863 950 3876 963 σ
3922 930 4178 997 ἀγώνισαι

2612 1036 3061 1102 ἀπερισπάστως,
3112 1034 3204 1086 καὶ
3242 1034 3339 1103 ὅλῃ
3380 1031 3577 1100 καρδία
3614 1025 3887 1081 δουλεύειν
3916 1020 4061 1089 Θεῷν
4096 1020 4179 1071 καὶ

2614 1124 2761 1193 αὐτῷ
2805 1127 3063 1194 ἀρέσκειν
3118 1127 3176 1177 ἐν
3214 1124 3354 1193 ἁγίῳ
3388 1122 3598 1191 σώματι
3640 1119 3736 1171 καὶ
3772 1117 4075 1183 πνεύματι,
4103 1114 4183 1163 ἴνα

2614 1216 2925 1284 καταλάϐῃς
2947 1216 3049 1283 τῆς
3077 1214 3332 1284 ἐναρέτου
3373 1210 3644 1269 πολιτείας
3673 1209 3772 1277 τὴν
3802 1205 3988 1269 δόξαν.
4023 1200 4181 1267 Ἀγώ.

2612 1326 2754 1362 νισαι
2784 1308 3031 1377 νομίμως
3071 1306 3325 1374 ἀθλῆσαι,
3373 1305 3459 1355 ἵνα
3502 1305 3595 1354 τὸν
3643 1301 3928 1366 στέφανον,
3962 1296 4024 1348 ὃν
4066 1296 4181 1363 ᾑρε-

2609 1402 2766 1459 τίσω,
2799 1399 3097 1467 ἀπολαὺῃς,
3127 1397 3220 1449 καὶ
3254 1395 3663 1463 στεςανηφόρος
3706 1390 3951 1457 ἀπέλθῃς
3984 1401 4012 1427 ι
4058 1386 4185 1453 προς

2610 1492 2706 1559 τὴν
2733 1492 2845 1543 ἄνω
2894 1490 3275 1557 Ἰεροθσαλήμ.
3325 1488 3404 1539 Δι’
3455 1486 3521 1555 ἣν
3553 1486 3645 1538 καὶ
3674 1479 3938 1543 ἀπετάξω
3976 1478 4058 1546 τῷ
4093 1477 4184 1541 τῆς

2613 1581 2815 1651 σαρκὸς
2860 1580 3166 1647 φρονήματι
3197 1618 3211 1642 ,
3240 1579 3437 1640 ἀνάθες
3468 1578 3567 1647 τὴν
3612 1576 3771 1647 χάριν
3820 1576 3924 1640 τῆς
3971 1569 4185 1635 ἁγνείας

2614 1685 2706 1721 σου
2736 1667 2812 1737 τῷ
2846 1666 2985 1735 Θεῷ,
3015 1669 3095 1720 ὅτι
3139 1668 3199 1719 οὐ
3240 1666 3586 1719 συνέκλεισεν
3632 1681 3690 1716 σε
3732 1664 3811 1724 εἰς
3846 1663 3947 1723 τὰς
4003 1662 4185 1728 χεῖρας

2612 1762 2717 1813 τῶν
2746 1760 3066 1829 θελημάτων
3120 1759 3217 1827 τῆς
3267 1761 3469 1827 σαρκὸς
3506 1758 3602 1809 καὶ
3647 1754 3740 1808 τοῦ
3785 1755 4048 1822 αἵματος,
4101 1754 4187 1803 καί

2607 1853 2715 1904 τῶν
2787 1850 3349 1920 προσασχολουμένων
3404 1850 3613 1911 τούτοις
3675 1846 4029 1916 φθοροποιῶν
4100 1847 4186 1895 καὶ

2606 1945 2937 2013 ἀκαθάρτων
3009 1944 3355 2013 ἀνθρώπων·
3419 1942 3556 1995 ἀλλὰ
3615 1939 4067 2007 κατησφαλίσατο
4124 1940 4183 2005 τῇ

2608 2037 2803 2091 ἑαυτοῦ
2831 2036 2997 2104 δεξιᾷ.
3039 2034 3197 2101 Μέγα
3228 2031 3324 2087 οὖν
3361 2036 3509 2085 ἐστιν
3551 2035 3609 2085 ὲν
3651 2031 3847 2101 ἁγνεία
3888 2030 4077 2098 μένειν
4113 2029 4184 2089 είς

2606 2130 2705 2197 τὴν
2745 2128 2911 2196 τιμὴν
2959 2126 3061 2194 τῆς
3117 2124 3322 2195 σαρκὸς
3367 2124 3460 2176 τοῦ
3504 2123 3708 2191 Κυρίου
3747 2122 3805 2172 ὲν
3848 2119 4184 2187 ἁκαυχησία.

2620 2219 2749 2270 Ἐὰν
2791 2220 2898 2287 γὰρ
2958 2218 3322 2285 καυχήσηται,
3372 2213 3642 2266 ἀπώλετο.
3698 2212 3817 2281 Χρὴ
3855 2212 3915 2263 δὲ
3961 2212 4059 2263 καὶ
4093 2211 4186 2270 τὰς

2607 2310 2798 2371 λοιπὰς
2841 2309 3065 2377 ἀρετὰς,
3109 2305 3290 2368 καθὼς
3336 2306 3574 2373 εἴρηται,
3618 2304 3900 2369 ἀναλόγως
3944 2303 4093 2370 ἔχειν
4126 2304 4185 2369 τῇ

2610 2400 2896 2472 παρθενίᾳ.
2930 2400 3054 2451 ’Ὁτι
3098 2402 3132 2468 ἡ
3174 2398 3443 2469 παρθενία
3479 2397 3727 2464 ἀνωτέρα
3762 2398 3989 2448 πάντων
4023 2394 4185 2445 ἐστίν.

2612 2495 2885 2563 Παρθένος
2927 2494 3036 2564 γὰρ
3092 2493 3274 2562 μήτρα
3317 2491 3517 2558 ἐκύησε
3553 2491 3646 2542 τὸν
3690 2488 3822 2541 Θεὸν
3856 2487 4056 2555 Λόγον.
4100 2486 4189 2537 Ἐκ

2609 2586 2799 2638 τούτου
2829 2584 2995 2651 γνῶθι
3031 2584 3127 2653 τὴν
3179 2582 3336 2647 δόξαν
3368 2583 3394 2622 ι’
3444 2582 3541 2650 τῆς
3586 2580 3913 2650 παρθενίας.
3965 2577 4033 2632 ΟΞ
4089 2578 4188 2645 γὰρ

2611 2674 3001 2745 ἀφιεροὺμενοι
3031 2674 3108 2741 τῷ
3127 2673 3264 2743 Θεῷ,
3287 2674 3523 2742 μιμηταὶ
3546 2671 3639 2723 τοῦ
3659 2670 3899 2740 Χριστοῦ
3924 2670 4183 2735 γίνονται·

2613 2767 2779 2835 φησὶν
2829 2768 2973 2834 γάρ*
3012 2784 3029 2815 ι
3069 2766 3322 2833 Μιμηταί
3373 2782 3474 2832 μου
3513 2764 3759 2831 γίνεσθε,
3804 2761 3996 2823 καθὼς
4044 2759 4189 2825 κάγὼ

2613 2857 2871 2925 Χριστοῦ.
2898 2876 2915 2908 ι
2946 2858 3037 2909 Ἐν
3072 2856 3180 2923 γὰρ
3206 2858 3319 2918 τοῖς
3359 2855 3621 2917 τοιούτοις
3660 2854 4035 2921 φωνήμασιν,
4070 2850 4186 2918 φρό-

2614 2968 2763 3019 νημα
2796 2952 2996 3019 σαρκὸς
3042 2951 3139 3018 οὐχ
3191 2949 3447 3017 ὑπάρχει.
3487 2948 3607 3017 Χρὴ
3652 2946 3743 2997 οὖν
3777 2947 3930 3015 πάσῃ
3978 2944 4185 3010 φυλακῇ

2613 3044 2802 3111 τηρεῖν
2831 3041 2930 3108 τὴν
2946 3040 3142 3092 ἑαυτοῦ
3162 3039 3409 3109 καρδίαν,
3436 3039 3530 3091 καὶ
3556 3038 3678 3107 μηδ’
3700 3038 3838 3099 ὅλως
3871 3035 4189 3097 συειδυάζειν

2618 3134 2885 3203 παρθένον
2930 3134 3068 3202 μετά
3116 3133 3401 3184 νεανίσκου
3456 3132 3516 3183 τὸ
3568 3130 3830 3197 παράπαν
3859 3144 3874 3159 ’
3919 3132 3969 3181 εἰ
4014 3130 4073 3180 δὲ
4110 3129 4191 3180 καὶ

2618 3226 2916 3294 εὑρεθῶσιν
2952 3224 3306 3294 πρεσϐύτιδες
3347 3225 3714 3293 ἱεροπρεπεῖς,
3764 3223 3857 3273 καὶ
3893 3220 4061 3289 χρεία
4097 3236 4190 3270 πα-

2620 3319 2917 3389 ραθέσεως,
2970 3318 3184 3385 είλῆσαι
3230 3317 3329 3377 τας
3382 3316 3589 3367 ἑαυτῶν
3632 3318 3821 3383 χεῖρας
3858 3313 3941 3380 τῷ
3994 3311 4192 3363 ἑαυτῶν

2622 3411 2841 3480 ίματίῳ.
2873 3410 3106 3479 Ὁμοίως
3132 3409 3190 3461 δὲ
3224 3409 3318 3461 καλ⁵
3341 3409 3389 3459 οί
3418 3408 3629 3475 ἄνδρες,
3652 3406 3786 3473 μετά
3815 3403 4003 3465 αἰδοῦς
4029 3402 4193 3473 ὀρθῶς

2623 3500 2910 3569 βλέποντες
2942 3499 3236 3567 σωφρόνως
3264 3514 3323 3549 τε
3368 3500 3461 3548 καὶ
3506 3496 3719 3565 σεμνῶς
3759 3496 3819 3545 ὲν
3854 3494 4071 3562 Κυρίῳ,
4106 3493 4195 3553 τὰς

2615 3594 2823 3645 ἑαυτῶν
2844 3590 3024 3653 δεξιὰς
3056 3590 3616 3659 περικεκαλυμμένας
3644 3588 3855 3654 ἔχοντες
3879 3585 3962 3653 τῷ
3994 3583 4195 3636 ἑαυτῶν

2618 3684 2838 3753 ίματίῳ,
2885 3682 3360 3752 ἁποχωρισθῶσιν.
3419 3681 3528 3750 ΙΙρδ
3576 3680 3631 3731 δὲ
3688 3679 3912 3731 πάντων
3957 3676 4068 3745 χρὴ
4109 3676 4196 3743 τὴν

2616 3774 2888 3844 παρθένον
2920 3772 2998 3842 τῷ
3027 3772 3191 3841 ἐλαίῳ
3225 3771 3321 3840 τῆς
3355 3770 3602 3831 εὐποιίας
3647 3769 4075 3836 κατακοσμῆσαι
4106 3766 4196 3831 τὴν

2616 3866 2819 3933 ἑαυτῆς
2848 3862 3127 3932 λαμπάδα,
3184 3862 3270 3914 ἵνα
3328 3862 3401 3930 μὴ
3444 3860 3680 3929 στερηθῇ
3733 3860 3913 3928 χαρᾶς
3947 3856 4194 3925 νυμφίου,

2613 3957 2708 4009 καὶ
2749 3955 3113 4025 εὐφροσύνης.
3157 3952 3301 4006 κατά
3339 3952 3439 4023 τὴν
3482 3952 3800 4021 παραδολὴν
3835 3950 3935 4003 τοῦ
3977 3949 4193 4018 Κυρίου,

2618 4068 2637 4099 ι
2676 4049 2800 4099 Ὀτι
2831 4048 2888 4098 αί
2932 4046 3187 4115 φρόνιμοι
3235 4044 3426 4097 ἔλαϐον
3469 4043 3646 4095 ἔλαιον
3691 4046 3747 4093 ἐν
3795 4044 3909 4103 τοῖς
3960 4040 4196 4108 ἀγγείοις

2612 4137 2816 4197 αὐτῶν,
2849 4156 2865 4186 ι
2908 4137 3003 4188 καὶ
3040 4136 3391 4205 συνεισῆλθον
3424 4134 3500 4203 τῷ
3541 4133 3911 4200 πολυποθήτῳ
3946 4133 4193 4202 νυμφίῳ·

2619 4250 2637 4281 ι
2677 4230 2785 4282 Καὶ
2814 4229 3181 4298 ἐκλείσθησαν
3212 4229 3269 4281 αἱ
3323 4227 3507 4298 θύραι.
3541 4246 3558 4276 ι
3603 4228 3713 4280 Καὶ
3742 4227 4081 4296 ἀπήλαυσαν
4104 4225 4198 4293 τῆς

2612 4323 2786 4391 χαρᾶς
2819 4320 2985 4374 αὐτοῦ
3017 4320 3277 4383 αἱωνίως.
3310 4320 3483 4390 ’Δυτῷ
3505 4321 3538 4390 ἡ
3560 4320 3689 4386 δόξα
3711 4321 3790 4382 εἰς
3817 4321 3948 4382 τοὺς
3980 4319 4194 4380 αἰῶνας.

2636 4410 2691 4463 Ἀ
2701 4412 2807 4480 μήν

931 4511 1037 4562 est,
1085 4517 1309 4557 necesse
1337 4506 1427 4567 sit,
1462 4507 1558 4559 tibi
1606 4515 1666 4559 nt
1694 4508 1956 4562 concilies
1990 4508 2226 4561 virtutes
2266 4508 2507 4576 reliquas
2545 4522 2668 4576 qua:
2731 4521 2830 4558 sua
2896 4507 3255 4575 proportione
3293 4506 3525 4560 comites
3567 4505 3813 4558 assident
3854 4505 3953 4557 uni
3982 4504 4198 4575 virgini-

934 4596 1062 4657 tati;
1096 4597 1210 4664 ipsa
1240 4599 1387 4651 enim
1428 4600 1751 4655 sublimiore
1818 4603 1989 4671 gradu
2054 4611 2283 4657 carteras
2325 4602 2728 4671 antegreditur.
2764 4602 2822 4655 ιιι
2877 4610 3038 4655 utero
3080 4602 3356 4671 siquidem
3399 4603 3642 4672 Virginis
3688 4601 3783 4654 Dei
3813 4601 4060 4656 Verbum
4105 4602 4195 4655 sibi

933 4689 1271 4744 domicilittm
1295 4692 1516 4761 delegit,
1550 4710 1613 4747 ac
1656 4696 1968 4748 Inansitavit
1997 4713 2010 4747 ι
2044 4712 2150 4764 qua
2189 4712 2297 4750 una
2324 4712 2391 4750 ex
2456 4711 2513 4749 rc
2575 4709 2811 4765 agnosce
2881 4704 3087 4764 quanta
3135 4696 3456 4765 praepolleat
3484 4696 3653 4766 gloria
3698 4696 4013 4767 virginitas.
4042 4696 4197 4763 Quot-

932 4796 1070 4850 quot
1110 4795 1290 4839 antcm
1334 4803 1393 4840 se
1428 4804 1751 4843 consecrant
1821 4790 1953 4853 Deo,
1998 4790 2281 4844 Christum
2348 4806 2576 4845 necesse
2612 4797 2700 4844 est
2746 4788 3053 4843 imitentur.
3080 4790 3168 4843 Ait
3207 4791 3354 4844 enim
3399 4791 3643 4845 Paulus:
3682 4810 3699 4841 ι
3742 4791 4063 4846 imitatores
4104 4788 4196 4844 mei

933 4886 1130 4941 estote,
1162 4877 1303 4931 sicut
1330 4888 1385 4932 et
1414 4896 1518 4949 ego
1544 4880 1747 4935 Christi
1775 4883 1840 4935 ⁷³.
1886 4902 1903 4933 ι
1929 4883 1985 4936 lu
2019 4884 2219 4936 talilms
2250 4883 2501 4952 proinde,
2546 4898 2614 4937 ne
2637 4881 2929 4951 vestigium
2954 4881 3180 4951 quidem
3212 4882 3463 4937 invenire
3508 4884 3581 4938 sit
3645 4882 3963 4952 prudentiae
4003 4882 4194 4937 carnis.

936 4972 1079 5027 Sane
1108 4973 1255 5024 oimii
1286 4974 1782 5043 circumspectione
1820 4978 2227 5045 providemlmn
2256 4987 2341 5031 est
2364 4978 2571 5047 proprii
2626 4976 2813 5032 cordis
2860 4977 3145 5039 custodite,
3209 4993 3311 5032 nec
3381 4976 3486 5032 sibi
3532 4979 3642 5032 ulla
3702 4993 3933 5047 prorsus
3998 4980 4197 5033 ratione

937 5065 1217 5132 permittat
1254 5066 1424 5134 virgo,
1455 5082 1579 5119 cum
1610 5068 2020 5123 adolescentulo
2085 5072 2301 5140 quovis,
2375 5078 2437 5123 ut
2474 5070 2682 5139 aliquid
2710 5069 3083 5124 communicet
3110 5077 3165 5124 et
3190 5072 3473 5139 conspiret
3530 5071 3740 5125 arcani.
3764 5070 4025 5139 Virgines
4082 5086 4197 5124 vero

938 5165 1352 5217 consecratione
1382 5166 1474 5220 Dei
1506 5167 1869 5229 venerabiles,
1930 5168 2023 5220 sed
2058 5176 2112 5220 et
2175 5176 2333 5221 mtate
2378 5157 2777 5236 provectiores,
2860 5165 2913 5217 in
2957 5181 3127 5218 unum
3171 5165 3215 5218 si
3279 5164 3693 5233 comperientur
3726 5166 4081 5225 convenisse.
4114 5180 4198 5219 ne-

938 5255 1416 5327 eessitasinsuper
1437 5270 1657 5329 appetat
1696 5261 2119 5316 administrandi
2189 5262 2412 5325 ferculi;
2483 5276 2581 5314 vos
2615 5260 2972 5329 virgunculzc.
3024 5276 3218 5313 manus
3266 5268 3473 5313 vestras
3517 5274 3619 5311 suo
3650 5274 3884 5328 qumque
3932 5260 4197 5315 obvolvite

941 5349 1181 5413 palliolo.
1212 5350 1366 5402 Haud
1413 5366 1571 5405 secus
1617 5354 1752 5405 viris
1794 5354 2034 5407 arbitror
2082 5355 2413 5417 faciendum,
2455 5362 2513 5406 ut
2551 5369 2677 5407 cum
2737 5353 2946 5422 pudore
3015 5362 3162 5407 recta
3200 5362 3547 5415 contuentes,
3580 5364 3732 5406 caste
3777 5360 3835 5406 et
3877 5354 4121 5408 modeste
4149 5354 4197 5407 in

942 5439 1174 5493 Domino
1192 5456 1319 5495 snas
1343 5443 1587 5511 ipsorum
1614 5462 1806 5500 manus
1826 5448 2211 5500 circumiectas
2270 5454 2391 5514 toga
2434 5460 2559 5499 cum
2601 5444 2922 5508 habuerint,
2949 5444 3063 5500 illic
3091 5444 3373 5499 secedant.
3408 5443 3619 5515 1062
3644 5442 3753 5499 Sed
3782 5453 3840 5499 et
3866 5454 3999 5501 ante
4028 5446 4195 5501 omnia

1016 5594 1059 5621 ⁷³
1093 5595 1106 5647 Ι
1143 5597 1267 5648 (lor.
1306 5613 1376 5660 XI,
1421 5599 1465 5649 Ι.

2230 5690 2461 5745 \‘AllIJ-L
2506 5688 2911 5745 LECTIONES.

1024 5790 1041 5812 δ
1078 5777 1288 5833 ἐλπίδα.
1368 5798 1387 5818 ελ
1430 5780 1764 5850 roum-3715;.
1840 5784 1862 5821 ι·
1889 5783 2127 5849 ἀντίαν.
