4462 6440
186 394 302 456 ιεοι

884 407 1209 471 IIOMILH
1249 410 1442 473 XXII.
1478 439 1547 450 ·-
1597 415 1693 474 DE
1736 413 2336 477 INCONTINENTIA
2379 420 2713 482 l.lNGU.E.

3277 424 3412 490 1502

180 508 723 606 virginemqaddecet,
757 532 825 571 ne
858 521 1104 588 privetur
1142 527 1328 593 sponsi
1367 527 1569 596 gaudio
1618 542 1683 581 ac
1735 529 1945 592 laetitia,
1976 545 2134 584 suam
2178 539 2241 583 ut
2298 534 2595 589 concinnet
2651 537 2980 606 lampadem,
3016 554 3080 594 ac
3117 540 3297 594 oleum
3332 541 3411 593 in-

179 600 385 700 fundat,
415 604 596 659 oleum
643 608 802 676 plane
848 614 1130 685 morigerae
1172 620 1501 674 obedientia:
1529 638 1542 673 :
1574 620 1738 691 idque
1770 624 1924 692 juxta
1990 624 2329 679 Dominicam
2397 630 2711 695 parabolam
2743 600 2850 700 qua
2893 631 3100 685 dicitur

3141 650 3153 685 :
3207 652 3224 683 ι
3278 634 3412 689 Pru-

178 695 367 798 de'l‘ttes-
390 718 721 772 acceperunt
752 710 934 764 oleum
964 712 1021 767 in
1046 718 1190 769 vasis
1227 717 1344 771 suis
1376 717 1443 781 ",
1476 736 1493 768 ι
1542 718 1817 789 simulque
1854 735 2237 779 convenerunt
2262 739 2387 779 cum
2435 741 2659 794 sponso,
2700 743 2962 797 saneque,
3005 729 3353 783 desiderabili
3392 744 3409 784 :

183 805 205 894 ι
230 786 294 839 Ει
320 792 506 849 clausa
530 805 616 852 est
637 800 825 870 janua.
860 821 879 854 ι
912 804 984 859 At
1043 806 1128 861 ba:
1189 809 1410 865 interim
1445 812 1658 881 perpeti
1723 786 1924 882 gaudio
1952 816 2322 885 perfruuntur
2363 786 2707 890 sui-sponsi.
2759 786 2866 891 Ipsi
2893 786 3062 894 gloria
3104 824 3158 878 in
3193 825 3409 880 saecula.

177 878 365 934 Amen.

768 1032 986 1085 ΛΟΓΟΣ
1020 1033 1149 1088 KB’.

688 1147 827 1214 Περὶ
853 1155 1230 1221 προπετείας.

242 1252 410 1322 Φησὶν
455 1259 485 1310 6
536 1259 737 1331 νόμοςο
773 1284 791 1314 ι
834 1265 960 1320 Ἐὰν
1009 1262 1142 1323 ὦσιν
1170 1273 1745 1345 διαμεμαρτυρημένοι

176 1343 343 1414 αὐτῷ,
386 1349 482 1402 καὶ
509 1352 583 1421 μὴ
628 1355 870 1430 ἀφανίσῃ
922 1360 1108 1425 αὑτὸν,
1166 1343 1437 1418 ἀποτίσειξ
1478 1386 1496 1416 ι
1523 1343 1531 1345 ἡ
1557 1368 1747 1420 Ἔστιν

182 1436 268 1529 δτε
311 1443 369 1490 ἐν
414 1445 705 1516 συμποσίῳ
756 1453 1049 1522 προσπηδᾷ
1084 1456 1113 1506 6
1165 1457 1444 1520 κενόδοξος
1486 1457 1747 1529 λογισμὸς

180 1528 406 1601 λαλῆσαι
437 1535 766 1607 βουλόμενος
796 1544 946 1613 παρὰ
975 1545 1067 1599 τὸν
1098 1548 1310 1618 καιρόν.
1337 1551 1747 1622 Διαμαρτύρον-

176 1623 261 1674 ταί
286 1641 344 1676 σε
375 1627 428 1678 οί
460 1628 655 1695 ἁγαθοὶ
686 1633 961 1703 λογισμοὶ,
987 1639 1250 1706 ἀφανίσαι
1273 1639 1363 1692 τὸν
1385 1641 1748 1712 φιλοφλύαρον

176 1713 455 1805 λογισμόν.
495 1721 623 1775 Ἐὰν
643 1726 825 1778 τοίνυν
854 1729 930 1797 μὴ
955 1729 1239 1796 ἀφανίσεις
1265 1732 1429 1785 αὑτὸν
1449 1736 1515 1801 τῇ
1543 1738 1743 1805 σιωπῇ,

175 1803 307 1857 ἀλλὰ
336 1817 694 1881 παραχωρεῖς
720 1816 884 1867 αὑτὸν
913 1818 1216 1886 προελθεῖν,
1254 1823 1372 1873 τότε
1395 1822 1579 1874 λοιπὸν
1609 1803 1747 1877 ἀπο-

174 1895 343 1961 τίσεις
364 1901 429 1953 τὸ
462 1901 708 1972 ὄφλημα,
744 1906 777 1975 ἧ
804 1908 1050 1980 ἁμαρτίᾳ
1082 1914 1294 1982 μεγάλῃ
1331 1915 1435 1966 ὑπὸ
1457 1916 1561 1982 τῆς
1593 1917 1746 1986 δίκης

172 1992 516 2061 παραδοθείς.
535 1995 595 2049 ’0
605 1998 716 2065 γὰρ
733 2002 1010 2072 προπετὴς
1027 2005 1085 2055 ἐν
1102 2004 1245 2073 λόγῳ
1264 2007 1297 2074 ἢ
1317 2007 1376 2058 ὲν
1400 2007 1743 2077 πράγμασιν,

171 2083 278 2153 ἔχει
310 2086 407 2138 καὶ
433 2088 495 2139 τὸ
510 2085 751 2158 θολερὸν,
781 2091 976 2160 ἥδιστα
994 2094 1051 2145 δὲ
1081 2096 1174 2147 καὶ
1198 2094 1546 2162 θεσμοθετεῖν
1577 2096 1740 2150 θέλει·

172 2172 324 2243 ζητεῖ
374 2176 487 2247 γὰρ
544 2178 634 2232 ἀεὶ
680 2182 1175 2249 καταγωνίζεσθαι,
1216 2188 1429 2240 καὶτὸν
1456 2188 1613 2255 λόγον
1646 2191 1746 2243 αὖ·

171 2265 261 2318 τοῦ
292 2268 570 2336 κυρῶσαι.
614 2271 672 2323 '0
706 2271 763 2324 δὲ
793 2274 1032 2336 τοιοῦτος
1062 2277 1280 2345 ἰσχυρὸς
1306 2279 1517 2348 ἄφρων,
1555 2282 1742 2334 ἀκούει

171 2356 275 2427 γὰρ
332 2360 489 2428 παρὰ
514 2361 611 2413 τοῦ
646 2363 1080 2436 Παροιμιαστοῦ,
1120 2387 1139 2420 ι
1183 2371 1281 2431 “0;
1329 2372 1591 2426 πέποιθεν
1648 2374 1743 2428 ἐπὶ

173 2449 361 2521 Θράσει
420 2456 671 2524 καρδίας,
707 2459 942 2528 ἄφρων·
980 2461 1137 2529 σοφοὶ
1191 2462 1249 2516 δὲ
1303 2464 1602 2535 κρύψουσιν
1656 2466 1745 2519 αἴ-

174 2542 384 2611 σθησιν.
443 2564 465 2598 ι
507 2547 654 2600 Καίο
712 2551 942 2620 «ζΣτόμα
994 2554 1304 2622 προπετοῦς
1354 2557 1562 2624 ἐγγίζει
1615 2575 1743 2611 συν-

172 2634 328 2704 τριϐῇ
350 2651 366 2665 ·
391 2637 714 2706 φειδόμενος
750 2640 807 2693 δὲ
834 2642 1081 2708 χειλέων,
1113 2647 1333 2715 νοήμων
1375 2648 1545 2701 ἔσται.
1584 2668 1602 2701 ι
1641 2652 1746 2705 Kal

177 2724 335 2777 πάλιν
361 2743 376 2756 ο
421 2745 440 2778 ι
478 2729 574 2791 ὐς
626 2730 893 2797 φυλάσσει
923 2734 984 2785 τὸ
1024 2736 1199 2802 στόμα
1232 2738 1421 2801 αὐτοῦ,
1456 2742 1614 2810 τηρεῖ
1648 2742 1746 2810 τὴν

177 2816 366 2871 ἑαυτοῦ
392 2819 592 2891 ψυχήν·
624 2823 654 2874 6
676 2822 734 2875 δὲ
761 2825 1043 2895 προπετὴς
1068 2826 1324 2895 χείλεσιν,
1364 2831 1589 2898 πτοήσει
1619 2832 1747 2884 ἑαυο

177 2907 282 2961 τόν.
320 2927 339 2959 ι
382 2911 499 2962 Kal
528 2912 691 2964 πάλιν
724 2930 740 2946 ο
794 2934 813 2966 ι
862 2916 959 2978 ’ος
995 2917 1353 2989 ἀποκρίνεται
1412 2920 1570 2989 λόγον
1618 2924 1748 2992 πρὶν

176 2999 425 3067 ἀκοῦσαι,
467 3002 751 3075 ἀφροσύνη
795 3006 945 3077 αὐτῷ
982 3010 1133 3061 ἐστιν
1170 3011 1263 3062 καὶ
1318 3010 1540 3073 ὄνειδος.
1582 3031 1600 3064 ι
1638 3013 1749 3066 Καὶ

177 3085 327 3153 αὖθις
356 3108 371 3121 ·
409 3110 430 3144 ι
484 3093 612 3146 Ἐὰν
648 3096 767 3165 ἴδῃς
794 3097 963 3167 ἄνδρα
991 3099 1158 3168 ταχὺν
1188 3101 1246 3152 ὲν
1273 3099 1476 3168 λόγοις,
1512 3104 1748 3168 γίνωσκε

177 3180 255 3234 ὃτι
278 3182 475 3236 ἐλπίδα
500 3184 613 3255 ἔχει
633 3186 833 3255 μᾶλλον
858 3190 885 3240 6
912 3188 1120 3258 ἄφρων,
1154 3190 1344 3244 αὑτοῦ.
1382 3210 1400 3242 ι
1431 3194 1538 3246 Καί
1566 3211 1580 3225 °
1618 3214 1636 3245 ι
1690 3196 1749 3247 '0

178 3276 457 3347 προπετὴς
487 3279 544 3330 ἐν
581 3278 743 3348 λόγῳ,
790 3281 1173 3349 μισηθήσεται.
1218 3301 1235 3333 ι
1286 3282 1343 3334 '0
1373 3282 1430 3334 δὲ
1474 3282 1746 3346 Ἰάκωϐος

180 3384 199 3415 ι
232 3367 295 3419 Εἴ
320 3386 405 3431 τις
460 3371 517 3420 ἐν
567 3370 710 3440 λόγῳ
759 3372 819 3423 οὐ
875 3373 1082 3435 πταίει,
1142 3367 1299 3436 οὗτος
1358 3374 1563 3439 τέλειος
1613 3376 1750 3446 ἀνὴρ

176 3455 393 3522 δυνατὸς
444 3460 892 3529 χαλιναγωγῆσαι
926 3463 1022 3514 καὶ
1071 3464 1192 3515 ὅλον
1242 3466 1304 3516 τὸ
1352 3466 1533 3535 σῶμα.
1567 3487 1585 3518 ι
1644 3470 1752 3520 Kal

180 3550 336 3604 πάλιν
361 3567 375 3579 ·
425 3570 445 3602 ι
489 3552 670 3604 Ἔστω
696 3555 801 3616 πᾶς
843 3553 1153 3619 ἄνθρωποις
1184 3558 1353 3625 ταχὺς
1394 3560 1473 3621 εἰς
1498 3559 1560 3611 τὸ
1588 3560 1751 3613 ἀκοῦ-

1772 998 1820 1054 Α

2384 1045 2665 1102 IIOMILIA
2716 1048 2884 1104 XXII.

2159 1157 2237 1211 Dc
2267 1160 2443 1228 cﬂ'reui
2485 1161 2857 1213 iucontiuentia
2888 1161 3095 1231 (iugum.

1921 1269 2032 1323 Lex
2053 1270 2226 1325 dicit:
2265 1291 2281 1322 ι
2320 1273 2375 1325 Si
2438 1273 2810 1326 testimonium
2871 1274 3098 1328 tulerint
3146 1274 3416 1330 adversus

1849 1359 2026 1423 illum,
2064 1369 2119 1412 et
2159 1360 2274 1428 ipse
2308 1376 2417 1413 non
2440 1361 2708 1415 occiderit
2734 1378 2881 1422 eum,
2920 1375 3136 1430 plenam
3172 1362 3285 1415 luet
3310 1362 3409 1415 ⁷⁸.»

1846 1451 2127 1522 Coutingit
2172 1468 2564 1522 nonnunquam
2622 1463 2682 1507 ut
2721 1455 2865 1508 inter
2910 1453 3243 1522 epulandqu
3274 1453 3415 1507 hila-

1848 1544 2003 1607 riter,
2058 1545 2317 1613 cogitatio
2368 1545 2617 1612 quzcdam
2678 1546 2959 1598 exoriatur
3022 1562 3086 1599 ac
3146 1546 3416 1599 subsultet

1846 1636 2031 1706 gloria:
2078 1637 2275 1698 inanis,
2310 1638 2499 1690 volens
2525 1636 2983 1705 intempestiviter
3013 1638 3067 1689 in
3105 1652 3413 1690 sermonem

1846 1743 2155 1796 erumpere.
2184 1730 2465 1782 Adversus
2502 1729 2644 1782 hanc
2692 1730 2849 1783 bona:
2882 1729 3023 1783 -ali:e
3074 1743 3175 1782 suo
3231 1744 3289 1782 se
3317 1728 3418 1783 ob—

1842 1819 2045 1888 jiciunt
2078 1821 2391 1874 testimonio
2442 1820 2820 1888 cogitationes,
2852 1836 2975 1888 qua:
3008 1820 3307 1874 reclamant
3353 1835 3418 1873 ac

1847 1921 2223 1981 protestantur
2259 1929 2368 1968 non
2399 1912 2602 1967 debere
2640 1921 2689 1966 te
2713 1913 3096 1981 cogitationem
3138 1913 3284 1965 illam
3329 1911 3416 1965 ni-

1847 2002 1951 2056 mis
1982 2019 2144 2071 quam
2180 2018 2442 2071 nugacem
2486 2003 2539 2057 in
2567 2003 2845 2072 publicum
2889 2002 3232 2071 depromere.
3266 2002 3418 2055 Hauc

1848 2092 2015 2162 igitur
2055 2093 2159 2147 nisi
2184 2093 2340 2147 freno
2367 2095 2570 2148 silentii
2601 2094 2656 2147 in
2690 2110 2753 2146 os
2778 2094 2979 2163 injecto
3017 2094 3413 2163 suppresseris,

1845 2188 1940 2242 sed
1970 2188 2257 2241 etfrenitcr
2286 2195 2343 2240 et
2373 2186 2760 2254 intempestive
2794 2186 2992 2239 siveris
3020 2186 3167 2239 illam
3194 2184 3416 2255 prodire

1848 2279 1903 2332 in
1930 2278 2177 2346 apricum
2200 2295 2212 2330 :
2238 2277 2498 2345 deinceps
2517 2278 2633 2330 lues
2650 2292 2811 2347 quam
2832 2276 3159 2345 promereris
3178 2292 3414 2346 pmnam,

1845 2379 1940 2425 aut
1970 2380 2119 2424 certe
2155 2370 2406 2439 exigente
2426 2369 2639 2439 justitia
2666 2370 2718 2421 in
2742 2377 2899 2421 atrox
2928 2368 3147 2436 aliquod
3175 2376 3231 2421 et
3254 2382 3417 2437 grave

1844 2473 2126 2534 peccatum
2154 2462 2462 2530 prolabere.
2492 2460 2758 2513 Sermone
2790 2461 2937 2514 enim
2968 2469 3065 2514 aut
3087 2461 3252 2513 rebus
3287 2458 3418 2528 ipsis

1847 2559 2168 2613 temerarius
2209 2558 2302 2619 qui
2356 2564 2478 2618 est,
2517 2555 2654 2607 mire
2707 2553 2754 2607 is
2800 2562 2886 2606 est
2936 2552 3304 2615 turbulentus,
3364 2562 3422 2606 et

1845 2649 2082 2718 agitatur
2123 2646 2484 2714 intemperiis.
2534 2645 2697 2712 Atqui
2735 2644 2877 2697 idem
2903 2660 3095 2712 magna
3116 2659 3240 2697 cum
3267 2646 3421 2697 volu-

1847 2751 1995 2811 ptate
2034 2740 2221 2793 studet
2250 2738 2464 2792 caeteris
2502 2738 2717 2790 sancire
2745 2737 2913 2805 leges,
2958 2752 3021 2789 ac
3063 2737 3185 2804 jura
3220 2734 3421 2803 euiquc

1848 2830 2253 2902 prmscrihere;
2309 2830 2433 2882 aliis
2477 2827 2880 2881 eoutentiosius
2914 2826 3182 2879 adnititur
3219 2826 3423 2894 palma-

1849 2925 1990 2978 rium
2033 2922 2331 2992 pra:riperc
2375 2929 2431 2973 et
2462 2920 2761 2974 evincere:
2797 2933 3073 2987 quemque
3114 2932 3420 2970 sermonem

1850 3014 2015 3068 semel
2052 3030 2147 3066 ore
2172 3010 2481 3081 protulerit,
2521 3018 2699 3062 ratum
2730 3009 2861 3062 facit
2886 3010 3038 3077 priva
3073 3007 3420 3071 auctoritate,

1851 3108 2031 3159 firmat
2060 3114 2116 3159 et
2148 3105 2343 3178 sancit.
2376 3103 2481 3168 Qui
2509 3102 2781 3172 ejusmodi
2826 3110 2928 3163 est,
2974 3100 3331 3153 vehementer
3364 3115 3424 3153 se

1849 3197 2170 3266 comprobat
2204 3196 2629 3264 imprudentem.
2664 3193 2803 3246 Audi
2842 3193 2990 3245 enim
3032 3201 3110 3254 tu,
3144 3190 3237 3246 sed
3266 3207 3296 3245 ιι
3328 3192 3428 3246 Pa-

1852 3291 2129 3345 rmmiaste
2158 3307 2171 3341 :
2205 3309 2222 3338 ι
2249 3289 2352 3353 Qui
2376 3288 2603 3341 conlidit
2644 3286 2697 3339 in
2724 3285 2950 3339 audacia
2978 3284 3183 3349 cordis,
3214 3284 3391 3355 impru
3411 3312 3424 3325 -

1852 3381 1988 3435 deus
2018 3390 2102 3435 est
2130 3399 2144 3447 ;
2184 3382 2460 3450 sapientes
2482 3390 2664 3433 autem
2696 3378 3035 3433 abscondent
3063 3392 3283 3430 sensum
3322 3377 3419 3430 ⁷⁸.»

1853 3474 1950 3527 Et:
1990 3494 2007 3524 ι
2045 3474 2119 3527 0s
2153 3473 2405 3542 procacis
2426 3474 2758 3542 propinquat
2787 3470 3103 3525 contritioni
3136 3471 3270 3539 ;qui
3297 3484 3425 3522 vero

1853 3564 2027 3634 parcit
2053 3564 2232 3627 labiis,
2267 3564 2578 3632 intelligens
2625 3565 2734 3616 erit
2767 3564 2834 3615 ⁷⁷.
2882 3582 2898 3612 ι
2965 3563 3175 3615 Ilursus
3205 3580 3217 3615 :
3277 3578 3294 3611 ι
3319 3558 3422 3626 Qui

180 3657 284 3707 σαι,
311 3644 407 3696 καὶ
439 3643 641 3713 βραδὺς
669 3648 747 3708 είς
784 3646 846 3697 τὸ
873 3647 1124 3717 λαλῆσαι.
1163 3669 1181 3700 ι
1217 3651 1326 3702 Kal
1356 3651 1549 3717 ἐπάγει
1583 3668 1597 3682 ·
1631 3671 1649 3703 ι
1688 3654 1747 3705 Εἰ
1777 3654 1819 3711 C
1851 3672 1942 3708 cus

1688 3654 1747 3705 Ei
1777 3654 1819 3711 C
1851 3655 2092 3708 custodit
2125 3671 2187 3708 os
2216 3671 2398 3715 suum,
2429 3666 2611 3708 servat
2635 3655 2871 3707 animam
2904 3669 3056 3705 suam
3083 3654 3128 3684 τυ
3160 3670 3174 3715 ;
3208 3652 3301 3720 qui
3333 3667 3424 3704 au-

177 3732 230 3787 δέ
250 3753 332 3797 τις
354 3737 505 3790 δοκεῖ
531 3736 768 3806 θρῆσκος
819 3734 982 3802 εἶναι,
1022 3742 1096 3810 μὴ
1127 3742 1518 3810 χαλιναγωγῶν
1567 3743 1748 3811 γλῶσ-

181 3841 274 3878 σαν
318 3829 514 3891 αὐτοῦ,
568 3830 705 3882 ἀλλὰ
758 3831 984 3883 ἀπατῶν
1036 3832 1263 3901 καρδίαν
1310 3834 1497 3899 αὑτοῦ,
1558 3837 1749 3889 τούτου

187 3919 410 3984 μάταιος
438 3921 472 3990 ἡ
502 3920 787 3989 θρησκεία.
825 3940 842 3970 ι
874 3923 983 3975 Kal
1014 3924 1177 3976 πάλιν
1205 3941 1218 3954 ·
1253 3942 1271 3975 ι
1310 3926 1400 3995 Μὴ
1429 3926 1616 3980 πολλοὶ
1673 3928 1751 3979 δι-

180 4009 429 4065 δάσκαλοι
460 4013 695 4080 γίνεσθε,
718 4014 940 4080 ἀδελφοί
973 4032 1098 4084 μου,
1138 4016 1340 4079 εἰδότες
1363 4019 1446 4070 ὅτι
1473 4018 1533 4069 τὸ
1565 4020 1751 4087 μεῖζον

180 4104 346 4171 κρῖμα
392 4101 695 4172 ληψόμεθα.
751 4104 927 4156 Πολλά
974 4104 1083 4174 γὰρ
1128 4106 1394 4176 πταίομεν
1428 4108 1687 4170 ἅπαντες.
1726 4127 1745 4160 ι

182 4192 284 4245 Καὶ
305 4195 333 4246 6
358 4193 564 4257 Παῦλος
598 4209 612 4223 ⁸
653 4214 671 4245 ι
703 4195 824 4248 Ἵνα
847 4198 903 4247 ὲν
930 4197 1061 4267 ἡμῖν
1089 4197 1298 4267 μάθητε
1326 4199 1411 4262 τὸ,
1447 4199 1522 4269 μὴ
1556 4200 1695 4270 ὑπὲρ
1722 4200 1751 4252 6

180 4286 507 4354 γέγραπται,
566 4290 804 4357 φρονεῖν,
857 4288 942 4341 ἵνα
994 4289 1069 4360 μὴ
1107 4284 1189 4352 εἷς
1216 4290 1355 4360 ὑπὲρ
1378 4292 1471 4344 τοῦ
1499 4294 1617 4356 ἐνὸς
1652 4311 1751 4363 φυ-

184 4377 394 4431 σιοῦσθε
440 4380 583 4431 κατὰ
621 4379 715 4432 τοῦ
759 4380 972 4450 ἑτέρου.
1010 4401 1028 4432 ι
1073 4382 1183 4434 Kal
1215 4382 1279 4434 τό
1304 4400 1317 4413 υ
1376 4401 1394 4434 ι
1436 4383 1501 4436 Ἥ
1559 4385 1751 4455 ἀγάπη

181 4469 239 4521 οὐ
266 4471 689 4541 περπερεύεται,
732 4473 791 4524 οὐ
846 4472 1156 4540 φυσιοῦται,
1217 4474 1318 4526 οὐκ
1369 4474 1691 4544 ἀσχημονεῖ.
1727 4496 1746 4527 ι

184 4562 286 4615 Kal
316 4563 570 4633 ἐπιφέρει
599 4580 612 4593 ·
655 4581 673 4614 ι
708 4564 861 4617 Δοκῶ
890 4566 999 4632 γὰρ
1031 4565 1112 4618 ὅτι
1169 4566 1199 4618 6
1243 4565 1375 4628 Θεὸς
1432 4568 1579 4635 ἡμᾶς
1625 4567 1751 4629 τοὺς

183 4653 509 4716 ἀποστόλους
538 4658 800 4724 ἐσχάτους
833 4657 1115 4722 ἀπέδειξεν
1154 4657 1230 4719 ὡς
1279 4657 1685 4720 ἐπιθανατίους.
1727 4679 1745 4710 ι

186 4747 287 4799 Kal
313 4746 405 4800 τό·
444 4765 463 4798 ι
504 4746 695 4817 Ἡμεῖς
720 4748 895 4817 μωροὶ
926 4749 1013 4801 διὰ
1042 4750 1297 4820 Χριστόν.
1328 4767 1346 4800 ι
1371 4750 1627 4817 ’Ἄμεινον
1658 4745 1751 4802 οὖν

184 4836 325 4889 ἐστιν
359 4840 591 4907 σιωπᾷν,
634 4837 730 4889 xal
760 4833 923 4900 εἶναι,
950 4839 983 4910 ἦ
1015 4838 1313 4901 λαλοῦντας
1345 4838 1418 4907 μὴ
1440 4834 1600 4892 εἶναι.
1634 4840 1749 4891 Κα-
1781 4856 1801 4871 ι

1854 3746 2320 3801 tcmlemerarius
2352 3756 2440 3799 est
2492 3746 2673 3809 labiis,
2734 3743 2930 3813 perdet
2990 3744 3232 3811 seipsum
3286 3744 3353 3795 τ’.
3402 3762 3419 3792 ι

1853 3840 2095 3906 Itemque
2127 3856 2139 3889 :
2199 3856 2216 3886 ι
2244 3838 2345 3902 Qui
2399 3837 2693 3904 resliontlet
2739 3850 3072 3896 sermonem,
3106 3833 3423 3902 priusquam

1851 3932 2054 3995 audiat,
2099 3931 2468 3998 imprudentia
2499 3930 2603 3983 erit
2651 3929 2729 3981 illi
2782 3936 2837 3981 ct
2890 3927 3248 3995 opprobrium
3293 3925 3359 3979 ⁸⁵.
3402 3945 3414 3973 ι

1852 4020 2053 4074 lterum
2083 4037 2096 4071 :
2131 4039 2148 4069 ι
2178 4020 2233 4073 Si
2270 4018 2473 4071 videris
2502 4020 2681 4069 virum
2714 4018 2953 4069 velocem
2982 4015 3047 4067 ad
3067 4013 3422 4083 loquendum,

1852 4114 1989 4167 scito
2022 4112 2150 4181 quia
2199 4129 2309 4181 pra:
2359 4111 2451 4164 illo
2480 4125 2633 4179 spem
2676 4110 2841 4161 habet
2891 4109 3093 4161 stultus
3139 4107 3206 4159 ⁸¹.
3239 4124 3257 4156 ι
3317 4105 3420 4159 Et:

1859 4223 1877 4255 ι
1904 4203 2168 4258 Sermone
2196 4217 2399 4271 procax
2426 4209 2483 4255 et
2518 4199 2867 4261 temerarius,
2904 4198 3125 4250 odibilis
3157 4196 3265 4250 erit
3293 4194 3361 4246 ⁸³.
3400 4214 3418 4246 ι

1851 4294 2085 4349 Jacobus
2117 4311 2131 4346 :
2170 4311 2189 4343 ι
2222 4293 2277 4346 Si
2312 4292 2437 4361 quis
2474 4292 2644 4345 verbo
2679 4307 2787 4344 non
2825 4288 3075 4351 olfcudit,
3111 4287 3201 4341 hic
3248 4290 3427 4356 perfe-

1852 4397 1974 4439 ctus
2001 4394 2086 4439 est
2114 4385 2217 4449 vir,
2247 4393 2440 4452 potens
2464 4383 2680 4435 frenare
2704 4383 2868 4435 etiam
2903 4390 3074 4434 totum
3094 4394 3294 4447 corpus
3319 4377 3384 4431 ⁸³.
3402 4397 3421 4428 ι

1855 4478 2065 4531 llursus
2095 4493 2107 4528 :
2151 4494 2168 4525 ι
2207 4475 2291 4527 Sit
2336 4474 2519 4526 omnis
2556 4474 2724 4525 homo
2767 4472 2923 4525 velox
2958 4471 3027 4524 ad
3062 4470 3423 4532 audiendum,

1853 4568 2043 4620 tardus
2076 4566 2144 4620 ad
2187 4565 2522 4632 loquendum
2562 4565 2629 4615 ⁸⁵.
2667 4583 2684 4615 ι
2726 4562 2944 4616 lnducit
2978 4580 2991 4615 :
3042 4580 3059 4611 ι
3094 4560 3148 4615 Si
3179 4559 3303 4629 quis
3331 4577 3431 4614 au-

1854 4668 1962 4713 tem
2008 4658 2227 4711 videtur
2253 4656 2541 4724 religiosus
2568 4670 2710 4718 esse,
2737 4669 2845 4706 non
2876 4652 3161 4706 refrenans
3185 4653 3426 4721 linguam

1852 4748 2214 4817 suam,hujns
2242 4763 2379 4801 vana
2403 4756 2489 4800 est
2515 4746 2709 4815 religio
2738 4746 2810 4799 ".
2852 4765 2871 4795 ι
2908 4744 3110 4798 lterum
3145 4761 3160 4797 :
3195 4762 3213 4795 ι
3248 4743 3427 4798 Nolite

1852 4841 2008 4895 multi
2044 4855 2167 4893 esse
2198 4837 2462 4906 magistri,
2488 4836 2684 4890 fratres
2705 4835 3085 4899 mei,scientes
3104 4836 3230 4904 quia
3253 4835 3429 4904 majus

186 4927 269 4979 λὸν
303 4929 367 4981 τὸ
385 4928 681 4990 διδάσκειν,
715 4930 813 4982 ἐὰν
844 4933 873 4982 ὁ
896 4931 1071 4997 λέγων
1103 4934 1253 5001 ποιῇ.
1283 4925 1375 4993 Εἷς
1395 4926 1488 4984 οῦν
1526 4936 1554 4985 ὁ
1609 4933 1749 4985 διδᾶ-
1782 4979 1825 5033 D
1847 4933 1944 5005 jud

1675 4933 1749 4985 ἰά-
1782 4979 1825 5033 D
1847 4932 2115 5005 judicium
2137 4945 2437 4983 sumemus.
2463 4928 2522 4981 In
2552 4929 2738 4982 multis
2766 4929 2914 4982 enim
2949 4928 3284 4982 offendimus
3311 4944 3437 4982 om--

187 5020 375 5083 σκαλος
402 5037 417 5050 ·
470 5021 546 5083 ὡς
599 5017 773 5087 εἶπεν,
833 5023 927 5074 καὶ
990 5023 1226 5089 ἐγένετο.
1280 5024 1389 5075 Kal
1415 5023 1451 5076 ὂ.
1492 5024 1656 5092 σιγῶν
1693 5025 1749 5077 δὲ

185 5115 501 5183 πεποίηκεν,
539 5116 666 5180 ἄξια
710 5116 805 5169 τοῦ
834 5118 1045 5187 Πατρός
1078 5119 1243 5170 ἐστιν.
1291 5118 1351 5171 '0
1379 5118 1536 5186 λόγον
1577 5118 1751 5188 Ἰησοῦ

185 5204 413 5276 Χριστοῦ
445 5206 817 5277 ζκεκτημένος,
867 5209 1085 5279 ἀληθῶς
1110 5209 1333 5262 δύναται
1362 5210 1458 5261 xal
1491 5213 1588 5281 τῆς
1618 5213 1752 5279 ἡσυ-

187 5297 301 5365 χίας
333 5297 501 5351 αὐτοῦ
526 5298 770 5361 ἀκούειν,
806 5296 945 5371 ἵναῇ
976 5300 1181 5363 τέλειος
1217 5316 1231 5330 ⁸
1264 5301 1350 5353 ἵνα
1374 5301 1442 5353 δι’
1477 5293 1552 5353 ὧν
1582 5301 1751 5363 λαλεῖ,

190 5390 423 5460 πράσσῃ.
454 5390 548 5442 καὶ
580 5390 649 5442 δι’
694 5383 769 5443 ὧν
819 5393 966 5460 σιγᾷ,
1012 5393 1369 5463 γινώσκηται.
1424 5392 1589 5445 Οὐδὲν
1646 5393 1751 5462 γὰρ

188 5475 430 5532 λανθάνει
451 5479 544 5531 τὸν
582 5479 808 5548 Κύριον,
868 5481 1004 5535 ἀλλὰ
1066 5482 1160 5536 καὶ
1202 5485 1272 5537 τὰ
1325 5483 1544 5555 κρυπτὰ
1573 5484 1750 5555 ἡμῶν,

256 5658 299 5688 ⁷⁸
331 5658 519 5713 Matth.
556 5676 680 5717 xxv.
710 5662 762 5713 4.
838 5661 882 5692 ⁷⁸
911 5661 1069 5715 Deut.
1103 5678 1212 5726 vix,
1247 5664 1333 5717 ll.
1400 5665 1447 5696 ⁷⁸
1478 5665 1637 5717 Prov.
1672 5680 1851 5726 xxviii,
1882 5662 1971 5718 26.

1035 5731 1079 5761 "
1117 5734 1277 5787 Prov.
1310 5735 1566 5795 “131,20.
1641 5734 1687 5763 "
1705 5735 1874 5788 Eccli.
1903 5750 1974 5797 Ix,
2015 5733 2104 5787 9.3.
2173 5734 2217 5764 ⁸³
2254 5732 2365 5786 Jac.
2403 5746 2477 5792 Ill,
2510 5731 2565 5783 '2.
2642 5731 2686 5763 ⁸³
2717 5730 2829 5783 Jac.
2870 5747 2905 5796 ι,
2950 5731 3026 5783 I9.
3104 5727 3300 5782 lu‘lhid.
3332 5728 3421 5781 26.

199 5797 238 5827 "
272 5798 382 5853 Jac.
419 5815 495 5863 tu,
535 5799 585 5864 1,
618 5800 670 5853 ‘3.
747 5802 789 5829 '"
823 5801 840 5854 Ι
869 5802 996 5857 Cor.
1038 5818 1109 5867 iv,
1140 5804 1191 5857 6.
1265 5805 1308 5835 ⁸⁸
1346 5804 1515 5859 lCor.
1548 5820 1663 5867 λιιι,
1714 5806 1761 5857 l.

194 5743 260 5785 l\'.
284 5729 372 5783 25.
438 5730 485 5759 ⁸⁸
506 5732 667 5784 Prov.
700 5746 846 5793 mu,
879 5732 961 5784 15.

1855 5041 1955 5080 nes
1974 5026 2042 5078 ".
2074 5044 2093 5075 ι
2128 5024 2327 5077 Paulus
2362 5022 2491 5075 item
2526 5039 2539 5074 :
2584 5040 2602 5071 ι
2632 5022 2701 5076 Ut
2751 5022 2804 5073 in
2848 5021 3007 5073 nobis
3044 5020 3270 5075 discatis
3317 5035 3425 5073 non

1851 5134 2018 5188 supra
2045 5131 2110 5170 ea
2137 5129 2259 5184 qua:
2284 5112 2489 5181 scripta
2522 5120 2652 5165 sunt
2672 5126 2886 5180 sapere,
2920 5120 2980 5163 ιιι
3029 5126 3096 5164 ne
3137 5124 3279 5163 unus
3327 5124 3428 5178 pro

1818 5222 1823 5228 ‘
1851 5228 1962 5266 uno
1994 5209 2215 5265 inﬂetur
2240 5206 2505 5259 adversus
2538 5206 2770 5258 alterum
2796 5204 2863 5255 ⁸⁷.
2899 5224 2916 5254 ι
2946 5204 3011 5258 Et
3032 5202 3163 5256 illud
3191 5220 3205 5254 :
3236 5221 3255 5251 ι
3281 5200 3427 5256 Cha-

1852 5305 1989 5357 ritas
2031 5317 2142 5354 uon
2177 5298 2291 5368 agit
2318 5313 2628 5367 perperam,
2659 5312 2768 5349 non
2797 5296 3033 5359 inflatur,
3060 5312 3169 5348 non
3199 5303 3284 5348 est
3308 5311 3427 5348 ant--

1849 5393 2050 5447 biliosa
2078 5391 2145 5443 "".
2188 5410 2205 5441 ι
2246 5392 2313 5444 Et
2363 5390 2567 5443 infert:
2628 5407 2646 5439 ι
2686 5388 2824 5443 Puto
2880 5389 3027 5441 enim
3082 5387 3228 5455 quod
3281 5386 3427 5437 Dens

1851 5502 1952 5541 nos
1992 5483 2270 5554 apostolos
2304 5482 2633 5537 novissimos
2666 5480 2933 5545 ostendit,
2971 5489 3225 5546 tanquam
3257 5478 3420 5531 morti

2049 5664 2092 5694 ⁷⁷
2126 5663 2286 5717 Prov.
2307 5677 2434 5723 xvii,
2466 5662 2557 5713 9.8.
2632 5660 2678 5690 ⁷³
2705 5660 2860 5712 Prov.
2886 5675 2992 5713 xxi.
3023 5658 3113 5713 25.
3192 5659 3234 5688 ⁷³
3254 5656 3423 5710 Eceli.
