4462 6440
922 398 940 459 l
953 399 1056 459 503

2186 396 2547 454 ANTIOCHI
2592 397 2928 455 MUNMZIII

4033 399 4178 461 ιδυι

916 505 1219 560 destinatos
1251 506 1296 537 ⁸⁵
1330 545 1344 557 .
1381 524 1399 557 ι
1467 506 1534 559 Et
1587 506 1762 559 illud:
1816 521 1835 555 ι
1872 503 1984 558 Nos
2042 505 2195 558 stulti
2260 514 2485 573 propter
2515 510 2557 562 Δ
2586 507 2678 571 ἐγγ

2417 521 2485 557 ,er
2515 510 2557 562 Α
2586 507 2752 571 ἐγγὺς
2776 505 2941 558 αὑτοῦ
2973 507 3133 559 εἰσιν.
3186 504 3518 575 Φοδηθῶμεν
3568 500 3661 557 οὖν
3719 506 3781 557 τὸ
3830 509 4001 574 κρῖμα
4066 525 4179 557 τίη-δ

913 594 1193 646 (Zhristum
1224 595 1292 646 '°.
1338 613 1357 644 ι
1396 593 1581 645 Satius
1615 592 1802 661 igitur,
1826 598 1885 643 ut
1906 590 2068 644 sileas
2098 598 2156 641 et
2183 590 2296 653 sis;
2324 605 2487 657 quam

916 694 975 737 ut
1003 684 1267 753 loquaris,
1294 700 1394 737 nec
1428 683 1648 737 interim
1679 682 1774 735 sis.
1813 682 2129 749 Egregium.
2172 681 2364 743 fateor,
2406 690 2490 733 est

914 775 1133 838 docere,
1168 774 1329 828 modo
1357 790 1479 843 qua!
1503 775 1627 843 quis
1658 774 1814 836 dicit,
1848 772 2027 825 faciat.
2083 772 2292 841 1063
2346 773 2487 825 Sane

919 882 1059 919 unus
1092 866 1195 919 fuit
1238 868 1516 935 magister,
1555 866 1671 934 qui,
1698 882 1819 933 quze
1853 865 2012 924 dixit.
2046 864 2175 917 fecit
2207 883 2218 916 :
2254 881 2376 916 nam
2404 866 2487 917 vel

918 968 1121 1015 tacens.
1154 958 1315 1027 digna
1338 960 1507 1026 gessit
1538 959 1696 1011 l'atrc
1748 973 1866 1010 suo.
1921 956 2024 1021 Qui
2082 956 2312 1009 verbum
2359 956 2487 1009 Jesu

912 1049 1116 1103 Christi
1156 1067 1323 1118 penes
1351 1066 1407 1102 se
1440 1058 1594 1103 tenet
1617 1065 1681 1102 ac
1706 1048 1955 1101 recondit
1983 1048 2274 1115 (siquidem
2308 1049 2489 1115 perfe-

915 1150 1040 1192 ctus
1065 1141 1175 1207 jam
1204 1141 1335 1206 est),
1358 1154 1486 1192 vere
1516 1140 1561 1192 is
1597 1146 1775 1207 potest
1825 1140 1907 1190 vel
1963 1138 2245 1191 silentium
2283 1137 2488 1189 (Jbristi

918 1230 1244 1295 intelligere,
1279 1248 1449 1299 usque
1476 1232 1614 1285 adeo
1646 1240 1705 1285 ut
1741 1246 1838 1298 per
1866 1247 1931 1284 ea
1964 1248 2082 1298 qua:
2111 1230 2333 1283 silentio
2362 1246 2488 1297 pre-

920 1323 1015 1374 mit
1053 1323 1327 1385 (Zhristus,
1360 1339 1417 1376 se.
1453 1332 1633 1375 tamen
1666 1322 1861 1391 prodat
1883 1331 1938 1374 et
1964 1330 2312 1389 agnoscatur.
2341 1321 2487 1374 Nihil

919 1414 1130 1480 uspiam
1155 1414 1405 1481 estquod
1447 1413 1660 1466 Domini
1705 1414 1878 1482 fugiat
1913 1413 2305 1482 cognitionem,
2354 1413 2489 1480 quin

918 1519 1117 1559 arcana
1178 1507 1417 1573 pectoris
1461 1508 1629 1561 vestri
1676 1508 1730 1560 in
1759 1508 2060 1575 conspicuo
2097 1507 2174 1559 illi
2204 1515 2332 1559 sunt
2367 1523 2493 1574 pro-

920 1594 1082 1647 xime.
1150 1596 1425 1650 Judicium
1467 1598 1651 1666 itaque
1674 1598 1820 1667 quod
1849 1607 2033 1651 manet
2056 1599 2311 1651 doctores
2341 1600 2491 1666 ejus-

919 1686 1090 1748 modi,
1121 1696 1387 1741 terrorem
1408 1689 1567 1742 nobis
1594 1689 1845 1743 incutiat.
1873 1689 2257 1743 Abundantius
2286 1689 2489 1743 etenim

914 1774 1182 1843 judicium
1233 1777 1300 1830 iis
1326 1778 1578 1832 imminet
1599 1779 1692 1847 qui
1728 1779 2082 1848 quaedieunt,
2119 1797 2225 1832 nou
2260 1781 2488 1841 faciunt,

2588 595 2941 650 διδασκάλων.
2967 596 3362 668 Περισσότερον
3391 597 3499 663 γάρ
3540 597 3659 648 ἐστι
3715 596 3823 649 τῶν
3877 597 4178 662 λεγόντων,

2591 688 2683 738 καὶ
2738 688 2815 757 μὴ
2869 686 3188 748 ποιούντων,
3221 687 3282 739 τδ
3317 688 3492 757 κρῖμα
3524 703 3539 718 ⁸
3576 685 3929 756 ψευδώνυμον
3962 687 4180 754 γνῶσιν

2588 779 2966 842 διδασκόντων,
3000 780 3096 832 καὶ
3132 780 3547 849 ὲμϐατευόντων
3567 780 3712 848 εικῆ,
3743 780 3834 831 καὶ
3866 780 4179 847 φυσιουμέ-

2590 885 2697 919 νων
2724 870 2831 921 ἀπὸ
2868 869 2963 922 τοῦ
3004 870 3124 932 νοὸς
3150 871 3249 937 τῆς
3294 870 3530 939 σαρκὸς,
3576 870 3792 937 τυφλῶν
3818 871 4055 937 τυφλοὺς
4091 871 4179 922 ὁδ-

2588 960 2887 1025 η·;ὀύντων,
2924 963 3019 1014 καὶ
3072 964 3398 1031 ἀμφοτέρων
3457 965 3535 1024 εἰς
3584 963 3806 1031 βόθυνον
3839 964 4174 1015 πιπτόντων.

2604 1052 2697 1104 Ἐκ
2727 1054 2835 1123 γὰρ
2864 1055 3046 1117 ἐξόδου
3068 1055 3226 1121 λόγου
3258 1055 3406 1122 αύτῷ
3436 1056 3809 1124 γνωσθήσεται
3842 1059 3999 1126 ἀνήρ.
4037 1057 4178 1126 Περὶ

2591 1135 2666 1195 ὧν
2699 1144 2792 1195 καὶ
2814 1147 2841 1196 6
2876 1144 3193 1206 Ἀπόστολός
3225 1162 3389 1213 φησιν
3417 1162 3430 1175 ’
3474 1164 3491 1195 ι
3526 1140 3682 1197 Οὗτοί
3727 1149 3862 1197 eum
3887 1149 4173 1214 ἀκρατεῖς,

2591 1236 2881 1304 ἀνήμεροι,
2917 1235 3268 1303 ἀφιλάγαθοι,
3321 1238 3596 1306 προδόται,
3652 1241 3963 1306 προπετεῖς,
4012 1254 4173 1289 τετυ-

2593 1326 2852 1392 φωμένοι,
2881 1327 3154 1396 φιλήδονοι
3190 1328 3392 1396 μᾶλλον
3440 1329 3471 1396 ἧ
3514 1329 3771 1395 φιλόθεοι.
3809 1350 3827 1379 ι
3862 1331 4017 1382 Καὶδ
4044 1347 4174 1396 προ·

2593 1418 2760 1486 πετὴς
2802 1417 2999 1482 Ἰούδας
3038 1422 3066 1472 6
3106 1420 3462 1489 Ἰσκαριώτης
3500 1422 3685 1488 ἔλεγεν
3710 1440 3725 1453 ·
3762 1442 3779 1473 ι
3804 1423 3903 1474 Διά
3931 1423 3985 1474 τί
4015 1422 4177 1474 τοῦτο

2592 1510 2652 1560 τὸ
2706 1510 2875 1578 μύρον
2921 1513 3020 1562 ούκ
3078 1512 3295 1581 ἐπράθη
3353 1513 3681 1581 τριακοσίων
3728 1515 4024 1583 δηναρίων,
4082 1513 4177 1565 καὶ

2593 1597 2749 1667 ἐδόθη
2783 1602 3060 1667 πτωχοῖςς
3104 1596 3238 1651 Eine
3299 1600 3355 1651 δὲ
3400 1602 3558 1652 τοῦτο
3608 1602 3706 1670 ούχ
3761 1603 3843 1654 ὃτι
3890 1602 4022 1671 περὶ
4068 1603 4177 1654 τῶν

2593 1688 2824 1757 πτωχῶν
2857 1691 3058 1758 ἦμελεν
3093 1690 3261 1758 αὐτῷ,
3287 1689 3401 1742 ἀλλ’
3438 1692 3522 1744 ὅτι
3553 1692 3790 1761 κλέπτης
3819 1687 3889 1761 ἦν
3916 1710 3932 1725 -
3967 1690 4089 1763 [καὶ
4116 1693 4178 1744 τὸ

2593 1783 2978 1851 γλωσσόκομον
2994 1779 3155 1851 εἶχεν,
3172 1786 3266 1836 καὶ
3282 1785 3347 1837 τὰ
3369 1785 3749 1854 ἑμϐαλλόμενα
3768 1784 4123 1856 tamam]
4154 1803 4172 1835 ι

918 1864 1181 1920 docentes
1208 1868 1326 1923 falsi
1363 1871 1600 1924 nominis
1624 1872 1932 1934 scientiam,
1962 1874 2111 1924 nullo
2140 1872 2317 1925 fructu
2340 1888 2493 1925 suam
2526 1861 2567 1913 Β
2596 1877 2680 1928 Mi

2412 1888 2493 1924 am
2526 1861 2567 1913 Β
2596 1874 2811 1928 Μᾶλλον
2834 1874 2889 1927 δὲ
2918 1874 3184 1939 ἄστωνδος
3208 1876 3306 1941 ὢν,
3328 1876 3561 1945 ἀθέμιτα
3588 1878 3766 1930 ὲλάλει
3798 1878 4085 1946 πρέποντα
4112 1880 4174 1945 τῇ

918 1958 1224 2013 doctrinam
1247 1962 1503 2025 ferentes,
1527 1972 1584 2016 at
1618 1965 1834 2018 interim
1866 1981 2027 2018 sensu
2056 1964 2238 2017 carnis
2285 1964 2493 2017 exube—

922 2062 1105 2103 rantes
1134 2067 1197 2105 ac
1222 2054 1557 2123 pneturgidi.
1614 2054 1754 2107 Caci
1812 2070 1937 2108 eum
1988 2054 2118 2117 sint,
2172 2055 2313 2107 viam
2359 2069 2495 2122 pra:-

920 2149 1141 2195 struunt
1164 2144 1344 2203 emt-is,
1383 2155 1441 2197 ut
1469 2146 1686 2213 utrique
1734 2146 1786 2198 in
1839 2145 2049 2199 foveam
2111 2146 2307 2199 abeant
2360 2161 2496 2212 prte-

919 2233 1114 2300 cipites
1142 2236 1185 2266 ⁰¹
1218 2253 1232 2300 ;
1258 2236 1326 2288 ab
1357 2236 1505 2289 exitu
1536 2237 1681 2288 enim
1710 2239 1984 2290 sermonis
2007 2237 2091 2289 sui
2131 2245 2494 2303 eognoSeetur

2596 1964 2758 2016 αὑτοῦ
2806 1964 3019 2035 γνώμῃ.
3085 1964 3146 2017 '0
3208 1966 3265 2018 δὲ
3311 1966 3665 2036 μακρόθυμος
3699 1966 3900 2035 Κύριος
3939 1968 3969 2018 6
4001 1970 4177 2020 πάντα

2596 2052 2799 2121 φέρων,
2833 2054 3045 2119 ἔλεγεν·
3077 2072 3097 2105 ι
3138 2055 3340 2120 Ἅφετε
3372 2056 3562 2125 αὐτὴν,
3598 2058 3679 2117 εἰς
3707 2055 3803 2123 τὴν
3834 2057 4056 2124 ἡμέραν
4086 2056 4177 2109 τοῦ

2596 2144 2967 2213 ἐνταφιασμοῦ
3002 2161 3104 2213 μου
3150 2146 3452 2214 τετήρηκεν
3495 2145 3647 2199 αὑτό.
3694 2164 3711 2197 ι
3752 2146 3914 2215 Αύτῴ
3968 2148 4003 2216 ἡ
4054 2147 4178 2212 δόξα

2595 2238 2674 2298 εἰς
2702 2237 2828 2297 τοὺς
2858 2236 3083 2297 αἰῶνας.
3130 2236 3322 2304 Ἀμήν.

921 2325 1026 2378 vir.
1088 2328 1194 2381 Eos
1248 2330 1342 2399 qui
1395 2330 1529 2383 tales
1578 2339 1726 2391 sunt,
1783 2331 2099 2398 perstringit
2148 2328 2484 2397 Apostolus:
2531 2347 2549 2379 ι
2586 2330 2648 2382 1ιὶ
2681 2336 2811 2382 sunt
2878 2330 3302 2389 incontinentes,
3366 2327 3623 2389 immites,
3657 2327 3777 2380 sine
3817 2326 4175 2395 benignitate,

920 2417 1246 2484 proditores,
1306 2420 1571 2486 protervi,
1636 2419 1829 2481 inﬂati,
1884 2422 2227 2487 voluptatum
2282 2430 2555 2473 amatores
2593 2420 2768 2485 magis
2793 2434 2957 2488 quam
2983 2419 3076 2471 Dei
3102 2420 3169 2469 ".
3208 2437 3226 2466 ι
3259 2417 3364 2472 Sed
3397 2429 3453 2472 et
3482 2418 3708 2472 ell'renis
3742 2420 3833 2472 ille
3878 2419 4069 2487 lingua
4116 2432 4177 2471 ac

920 2508 1893 2575 praeproperusludas.cognomento
1940 2509 2250 2570 lscariotes,
2275 2510 2493 2561 dicebat
2536 2527 2546 2560 :
2594 2527 2611 2557 ι
2652 2508 2854 2577 ὶῗιιιιιίιι
2918 2519 3255 2577 unguentum
3287 2510 3391 2564 hoc
3427 2526 3534 2563 non
3562 2510 3736 2562 veniit
3784 2510 4051 2561 trecentis
4092 2508 4179 2561 de-

918 2597 1111 2658 nariis,
1164 2606 1220 2649 ct
1265 2597 1451 2650 datum
1475 2609 1559 2653 est
1593 2601 1969 2669 pauperibus?
1999 2600 2137 2654 dixit
2202 2612 2383 2653 autem
2453 2600 2557 2651 hoe.
2597 2614 2704 2651 non
2739 2601 2885 2667 quod
2939 2615 3209 2668 pauperes
3258 2601 3491 2655 haberet
3536 2618 3704 2662 cur-.e.
3762 2602 3856 2654 sed
3907 2603 4041 2669 quia
4095 2599 4180 2651 fur

918 2696 1038 2741 erat
1067 2690 1150 2742 ”:
1192 2708 1209 2740 ι
1252 2691 1434 2757 potius
1487 2708 1641 2756 vero,
1681 2695 2042 2762 implacabilis
2079 2710 2204 2745 emn
2257 2701 2424 2756 esset,
2465 2710 2577 2745 sua:
2619 2693 2863 2759 tegenda:
2927 2694 3221 2755 voluntati,
3262 2694 3511 2763 qua-dam
3575 2696 3629 2748 in
3685 2697 3929 2763 speciem
3986 2695 4180 2747 decen-

922 2784 996 2835 tia
1043 2786 1375 2850 przetexebat
1421 2786 1586 2840 homo
1633 2789 1897 2842 nefarius.
1926 2790 1993 2842 At
2058 2789 2322 2842 Dominus
2387 2787 2774 2855 longanimiter
2837 2796 3032 2839 cuncta
3087 2788 3203 2841 luec
3270 2788 3573 2857 perferens,
3621 2788 3910 2856 respondit
3960 2784 4182 2840 mitissi-

921 2891 1043 2931 mus
1070 2894 1085 2931 :
1114 2896 1132 2929 ι
1172 2878 1346 2934 Sinite
1375 2896 1517 2946 eam,
1544 2882 1758 2935 iudiem
1778 2884 2076 2949 sepultura'
2096 2898 2227 2935 mete
2247 2883 2487 2934 servavit
2526 2882 2629 2934 sibi
2661 2881 2729 2933 ’³.
2769 2900 2785 2930 ι
2828 2880 2931 2949 Ipsi
2968 2880 3142 2949 gloria
3165 2881 3219 2933 in
3243 2882 3462 2934 szecula.
3491 2882 3689 2935 Amen.

1448 2993 1728 3045 IlIl.‘dlIJ.-\
1772 2994 1967 3047 XXIII.

1589 3104 1664 3156 lle
1720 3107 1823 3159 ira.

990 3216 1223 3269 Necesse
1276 3219 1345 3270 sit
1417 3235 1522 3269 non
1577 3219 1909 3271 medioerem
1969 3220 2076 3271 vim
2130 3218 2233 3271 sibi
2300 3219 2498 3273 inferat

924 3308 1087 3360 homo
1142 3320 1198 3362 et
1250 3310 1544 3369 eluetetur,
1576 3310 1976 3363 —turbu|entam
2034 3311 2173 3363 bane
2215 3320 2273 3364 ut
2322 3311 2498 3366 frenet

922 3403 1265 3455 alii-ctionem
1322 3404 1434 3463 irze,
1490 3402 1708 3470 vimque
1759 3404 1953 3457 auium:
1992 3404 2057 3456 ad
2088 3405 2220 3457 iram
2259 3421 2495 3473 propen-

923 3492 1145 3547 dentem
1200 3502 1259 3546 ut
1307 3494 1589 3546 contineat
1641 3494 1695 3546 in
1742 3494 1921 3547 ollieio
1991 3511 2088 3562 per
2130 3494 2495 3563 louganimcm

926 3586 1288 3648 tolerantiam,
1309 3602 1405 3653 per
1424 3586 1748 3647 orationem,
1769 3603 1831 3638 ae.
1850 3588 1930 3639 sui
1947 3603 2109 3655 quam
2135 3587 2495 3640 humillimam

923 3676 1309 3745 dejectionem,
1364 3678 1501 3729 adeo
1553 3687 1609 3729 ut
1640 3694 1697 3731 se
1736 3695 1837 3731 nee
1861 3679 2040 3731 fueate
2063 3678 2293 3746 jmlieet,
2319 3680 2409 3746 qui
2444 3680 2497 3732 in

923 3768 1353 3821 aliorumeensu
1408 3779 1751 3831 numeretur,
1806 3786 1927 3821 csse
1978 3769 2279 3837 indignum.
2335 3771 2499 3822 Imm-

927 3859 1090 3913 tueris
1121 3859 1390 3927 siquidem
1425 3859 1604 3914 modis
1638 3862 1731 3914 ira:
1772 3861 2021 3913 incentor
2051 3860 2140 3913 hic
2168 3860 2402 3921 d:emou,
2436 3877 2499 3913 ac

926 3946 1249 4001 multiformi
1276 3947 1531 3999 eonﬂietu
1563 3947 1839 4000 hominem
1865 3945 2114 3999 adoritur
2129 3954 2495 4013 etoppuguat,

923 4055 1021 4093 eos
1063 4039 1402 4108 potissimum
1442 4040 1534 4107 qui
1577 4039 1645 4093 ad
1677 4040 2057 4095 sustinendqu
2094 4054 2323 4107 agonem
2353 4037 2499 4092 bunc

926 4128 983 4184 in
1022 4129 1305 4199 procinctu
1334 4130 1443 4198 jam
1469 4139 1596 4183 sunt
1628 4147 1641 4182 :
1676 4138 1737 4182 ut
1789 4146 1928 4199 quos
1984 4128 2190 4197 ingenti
2245 4142 2370 4180 cum
2424 4127 2499 4180 la-

926 4220 1057 4274 bore
1092 4221 1343 4289 congeris
1373 4220 1604 4283 fruetus,
1642 4222 1758 4273 sive
1785 4221 2016 4289 jeinnio,
2048 4220 2163 4273 sive
2210 4218 2498 4288 pervigilio

925 4314 1125 4374 noctis,
1155 4314 1400 4367 oratione.
1446 4324 1501 4367 et
1549 4314 1931 4367 deeantatione
1988 4312 2342 4381 psalmorum,
2405 4320 2499 4363 aut

924 4413 1074 4460 certe
1136 4404 1553 4458 administramli
1604 4404 1823 4468 ollieio,
1876 4404 1942 4456 ad
1998 4419 2166 4455 unum
2218 4401 2497 4469 dispergat

3197 2995 3415 3047 ΛΟΓΟΣ
3448 2996 3575 3049 Kl".

3193 3104 3333 3170 Περὶ
3382 3105 3589 3173 ὀργῆς.

2670 3216 2941 3283 Μεγάλως
2973 3217 3115 3271 θέλει
3147 3217 3438 3285 βιάσασθαι
3466 3217 3754 3286 ἄνθρωπος
3790 3218 3882 3271 τοῦ
3912 3222 4183 3290 κρατῆσαι

2597 3307 2692 3358 τοῦ
2730 3308 2939 3369 πάθους
2968 3308 3067 3375 τῆς
3097 3308 3291 3377 ὀργῆς,
3328 3309 3421 3360 καὶ
3470 3310 3826 3361 καταστεῖλαι
3869 3310 3966 3361 τὸν
4020 3310 4186 3376 θυμὸν

2596 3395 2698 3464 τῆς
2727 3397 2903 3465 ψυχῆς
2925 3398 3012 3450 διὰ
3046 3396 3447 3465 μακροθυμίας,
3468 3397 3533 3447 δι’
3554 3398 3883 3459 ἐπιεικείας,
3902 3397 3993 3449 διὰ
4018 3412 4184 3465 προσ-

2597 3487 2763 3556 ευχῆς
2809 3489 2903 3539 καὶ
2952 3486 3337 3549 ταπεινώσεως
3363 3504 3377 3518 ο
3431 3489 3525 3539 καὶ
3558 3489 3615 3540 ἐν
3672 3489 3836 3541 παντὶ
3868 3488 4018 3555 ἔχειν
4047 3488 4181 3539 ἑαυ-

2597 3577 2688 3628 τὸν
2722 3576 3048 3646 ἀψήφιστον.
3085 3577 3227 3630 Πολὺ
3261 3580 3369 3649 γὰρ
3426 3578 3654 3646 πολεμεί
3700 3582 3728 3632 6
3771 3578 3987 3646 δαίμων
4033 3572 4184 3639 οὗτος

2598 3672 2695 3739 τῆς
2719 3671 2889 3740 ὀργῆς
2912 3671 3004 3723 τὸν
3028 3670 3335 3742 ἄνθρωπον,
3363 3670 3503 3724 κατὰ
3525 3670 3753 3732 πολλοὺς
3773 3672 3899 3732 τοὺς
3922 3671 4182 3737 τρόπους,

2602 3762 2837 3830 μάλιστα
2892 3764 3018 3823 τοὺς
3062 3762 3421 3831 βουλομένους
3477 3760 3864 3828 ἀγωνίζεσθαι.
3925 3761 4044 3813 ἰνα
4093 3756 4187 3812 οὖν

2602 3854 2806 3923 συνάγῃ
2837 3854 3084 3924 καρποὺς
3112 3853 3249 3921 μετὰ
3280 3852 3475 3905 πολλοῦ
3512 3853 3780 3919 καμάτου,
3807 3850 3920 3903 εἴτε
3963 3850 4054 3903 διὰ
4102 3868 4188 3920 νη·

2602 3942 2791 3995 στειῶν
2824 3945 2915 3995 καὶ
2962 3941 3299 4013 ἀγρυπνιῶν,
3333 3942 3365 4011 ἢ
3397 3942 3484 3994 διὰ
3515 3940 3832 4010 προσευχῶν
3875 3942 3971 3992 καὶ
4001 3940 4188 4008 ψαλμ-

2597 4031 2790 4101 ῳδιῶν,
2843 4032 2990 4101 ἤδιά
3031 4031 3341 4092 διακονιῶν,
3380 4031 3469 4097 ὑφ’
3518 4029 3576 4081 ἒν
3628 4029 3915 4097 σκορπέσει
3967 4030 4186 4091 αὐτοὺς,

2603 4123 2839 4191 μάλιστα
2895 4122 2989 4175 ὲάν
3019 4122 3103 4190 ἴδῃ
3137 4121 3259 4173 τινὰ
3296 4120 3493 4190 μικρὸν
3519 4119 3951 4187 παρατραπέντα
3971 4121 4073 4189 τῆς
4096 4121 4188 4173 εὖ·

2599 4212 2720 4281 χῆς.
2788 4211 3140 4284 Ἐπιρρίπτει
3194 4212 3300 4281 γάρ
3348 4212 3377 4263 6
3411 4212 3772 4281 παμπόνηρος
3799 4210 4011 4279 δαίμων
4034 4204 4190 4271 οὗτος

2597 4302 2675 4372 τῷ
2703 4302 2994 4373 ἀνθρώπῳ,
3038 4302 3132 4353 καὶ
3165 4300 3259 4363 οὓς
3294 4302 3603 4371 συνήγαγεν
3642 4301 3700 4352 ὲν
3766 4300 3954 4369 πολλῷ
4012 4303 4190 4370 χρόνῳ

2600 4393 2862 4461 καρποὺς,
2897 4394 2954 4444 ὲν
2988 4393 3084 4461 μιᾷ
3116 4393 3255 4460 ῥοπῇ
3288 4390 3435 4461 ὧρας
3472 4391 3775 4461 σκορπίζει.
3833 4391 3945 4443 Καὶ
4003 4390 4191 4443 λοιπὸν

924 4512 1116 4549 omnes
1144 4512 1207 4549 ac
1231 4496 1476 4564 dissipet,
1499 4495 1743 4547 oumium
1770 4496 2024 4557 maxime,
2050 4494 2092 4545 si
2116 4491 2495 4561 quemviderit
2530 4473 2570 4526 θ
2600 4483 2686 4551 εὕρ

2427 4491 2495 4543 ri;
2530 4473 2570 4526 Ῐ)
2600 4483 2915 4551 εὑρίσκεται
2944 4485 2971 4534 6
3002 4481 3289 4552 ἄνθρωπος
3319 4481 3536 4551 μεθύων
3564 4482 3734 4552 χωρὶς
3764 4476 3933 4542 οἴνου,
3963 4481 4059 4544 οὓς
4096 4482 4189 4534 καὶ

926 4602 1116 4656 parum
1173 4585 1407 4639 orationi
1463 4593 1729 4639 attentum
1762 4592 1925 4652 atque
1956 4591 2324 4635 exerrantem.
2352 4580 2496 4648 Sug-

926 4679 1066 4748 gerit
1089 4678 1234 4731 enim
1256 4676 1495 4731 hominis
1521 4677 1688 4730 menti
1717 4676 1929 4729 dmnmn
1964 4676 2051 4727 hie
2108 4674 2274 4726 totius
2336 4672 2497 4725 mali-

926 4767 1149 4835 gnitatis
1201 4766 1417 4822 artifex.
1477 4773 1613 4834 quot
1659 4764 1866 4817 fruetus
1929 4771 2157 4815 eatenus
2214 4760 2497 4829 coegerit;

928 4868 1077 4911 tanto
1116 4857 1379 4910 nimirum
1408 4867 1672 4925 tempore.
1697 4871 1792 4909 eos
1834 4863 1892 4906 ut
1916 4854 1996 4906 vel
2024 4860 2302 4905 momento
2326 4851 2498 4903 inter-

926 4948 1091 5017 cipiat
1136 4959 1191 5002 et
1224 4947 1524 5017 disperdat.
1558 4947 1721 5014 Atqui
1756 4946 1920 4998 homo
1956 4944 2077 4997 talis
2108 4943 2372 5011 deinceps
2414 4941 2498 4993 in-

930 5039 1149 5092 venitur
1183 5039 1391 5101 ebrius,
1420 5054 1527 5091 non
1564 5038 1690 5090 item
1748 5053 1777 5090 a
1834 5037 1981 5088 vino.
2034 5034 2169 5087 lluic
2231 5032 2501 5086 assimiles

929 5128 1176 5195 deplorat
1208 5128 1406 5180 misere
1436 5127 1701 5195 propheta
1730 5143 1741 5177 :
1781 5145 1796 5175 ι
1839 5126 1929 5181 Vw
1952 5124 2043 5193 qui
2070 5122 2208 5177 ebrii
2231 5123 2364 5176 estis
2383 5122 2501 5175 sine

930 5218 1059 5270 vino
1098 5220 1162 5270 ".
1210 5238 1227 5267 ι
1266 5216 1479 5271 Ilomini
1505 5218 1669 5288 igitur
1696 5216 1863 5271 semel
1893 5216 2101 5270 insesso
2122 5215 2373 5284 passione
2400 5213 2501 5266 hae

932 5308 1047 5369 ine,
1099 5324 1235 5375 opus
1273 5308 1565 5361 admodum
1601 5308 1680 5369 lit,
1717 5308 1947 5360 multum
1999 5305 2273 5358 elueletur
2315 5303 2499 5372 praesi-

931 5399 1023 5451 dio
1044 5409 1279 5451 extensae
1308 5400 1593 5461 orationis,
1618 5416 1737 5453 eam
1765 5416 1794 5452 ιι
1827 5415 1884 5451 se
1921 5408 1981 5451 ut
2013 5398 2223 5465 ableget
2271 5406 2325 5449 et
2375 5404 2498 5464 agat

934 5490 985 5541 in
1019 5490 1293 5543 exsilium.
1319 5491 1461 5545 Sane
1484 5491 1571 5544 eui
1600 5502 1683 5543 est
1712 5490 1861 5543 cordi
1894 5488 2244 5558 perfectionis
2278 5502 2496 5554 seopus,

932 5579 1019 5629 eui
1058 5595 1384 5649 magnopere
1414 5582 1587 5648 placet
1629 5597 1767 5649 agon
1817 5579 2163 5650 spiritualis;
2220 5578 2289 5630 ab
2344 5576 2495 5628 ιιιιιιιί

1556 5717 1602 5746 ’°
1643 5717 1772 5768 ibid.
1810 5718 1889 5769 l0.

1352 5790 1395 5817 νδ
1428 5786 1529 5839 lsa.
1565 5803 1703 5849 χχιχ,
1738 5790 1783 5840 ,³.

1000 5715 1042 5738 ⁸⁸
1079 5715 1092 5764 Ι
1126 5720 1249 5766 Lor.
1282 5732 1393 5771 xm.
1424 5716 1476 5767 9.

934 5786 980 5811 ν’
1046 5782 1177 5836 Ibid.
1216 5786 1264 5837 7.

1968 5716 2218 5769 ".‘lattlt.
2256 5732 2339 5776 λι,
2380 5715 2457 5767 ll.

2571 5715 2612 5747 "'
2643 5715 2688 5769 ll
2716 5715 2954 5769 Timolh.
2991 5732 3070 5775 ιιι,
3126 5716 3180 5767 2.

2595 4572 2873 4635 ταλανὶζει
2900 4576 2927 4625 6
2959 4574 3264 4645 προφήτης,
3300 4573 3478 4640 λέγων
3507 4590 3521 4604 ο
3558 4591 3577 4623 ι
3612 4573 3750 4625 Οὐαὶ
3782 4573 3833 4625 οἱ
3896 4573 4190 4643 μεθύοντες

2600 4664 2727 4715 ἄνευ
2752 4664 2920 4717 οἴνου.
2953 4681 2972 4712 ι
3002 4662 3203 4715 Πολλοῦ
3237 4658 3330 4715 οὖν
3356 4662 3570 4730 ἀγῶνος
3608 4661 3780 4713 δεῖται
3822 4664 3853 4714 6
3899 4662 4189 4732 ἄνθρωπος

2598 4759 2691 4812 τοῦ
2714 4758 2957 4827 ἐξορίσαι
2981 4758 3043 4810 τὸ
3072 4758 3244 4820 πάθος
3270 4758 3369 4826 τῆς
3400 4757 3571 4827 ὀργῆς
3609 4759 3667 4809 ὲν
3718 4759 3975 4829 ἐκτενείᾳ
4020 4776 4188 4829 προσ-

2600 4853 2786 4921 ευχῆς.
2832 4850 2891 4902 '0
2918 4850 3098 4903 τοίνυν
3121 4849 3444 4918 βουλόμενος
3476 4850 3611 4920 πρὸς
3656 4849 3937 4903 τελείωσιν
3991 4852 4185 4915 ἐλθεῖν,

2600 4940 2695 4991 καὶ
2740 4936 3023 5007 ἐπιθυμῶν
3051 4937 3142 4989 τὸν
3176 4939 3547 5007 πνευματικὸν
3574 4938 3761 5005 ἀγῶνα
3786 4939 4184 5006 ἀγωνίσασθαι,

2600 5031 2705 5083 ἀπὸ
2758 5030 2961 5094 παντὸς
3012 5030 3402 5100 ἐλαττώματος
3456 5031 3626 5100 ὀργῆς
3684 5031 3968 5101 ἀλλότριος
4024 5034 4185 5087 ἔστω.

2598 5120 2673 5171 Τὸ
2700 5119 2807 5189 γάρ
2839 5118 3059 5189 πνεῦμα
3080 5121 3181 5188 τῆς
3225 5119 3416 5189 ὀργῆς,
3472 5121 3530 5172 ἐν
3572 5124 3638 5190 τῇ
3692 5122 3940 5193 ἡμετέρα
3991 5122 4189 5193 καρδίᾳ

2600 5210 2933 5281 καθήμενον,
2986 5211 3081 5263 τὸν
3123 5212 3225 5280 μὲν
3278 5210 3556 5280 ὀφθαλμὸν
3584 5213 3684 5279 τῆς
3709 5211 3953 5271 διανοίας
3983 5228 4187 5265 σκοτει-

2601 5304 2720 5364 ναῖς
2778 5305 3048 5371 ταραχαῖς
3116 5302 3417 5371 ὲκτυφλοῐ’
3471 5302 3676 5361 λοιπὸν,
3734 5302 3860 5355 οὗτε
3912 5302 4186 5371 διάκρισιν

2598 5394 2708 5446 τῶν
2736 5395 3125 5463 συμφερόντων
3148 5394 3425 5463 δυνάμεθα
3470 5392 3799 5463 κτήσασθαι,
3852 5392 3979 5445 οὕτε
4022 5409 4186 5445 πνευ-

2604 5485 2845 5553 ματικῆς
2865 5484 3121 5551 γνώσεως
3151 5485 3333 5554 εὑρεῖν
3366 5483 3692 5554 κατάληψιν,
3732 5482 3859 5536 οὔτε
3888 5484 4187 5553 βουλεύμα·

2600 5593 2693 5639 τος
2734 5577 2941 5643 ἀγαθοῦ
2996 5577 3255 5646 κατέχειν
3312 5577 3647 5646 τελειότητα,
3695 5575 3821 5628 οὔτε
3881 5576 3981 5645 τῆς
4022 5574 4183 5633 ὅντα-ς

3260 5718 3303 5743 ’³
3336 5715 3465 5769 Luc.
3505 5731 3612 5775 xlv,
3643 5714 3674 5763 .‘i
3699 5732 3711 5777 ς
3736 5712 3893 5767 Joan.
3937 5727 4029 5774 λιι,
4050 5710 4103 5773 5,
4130 5705 4178 5761 C-
