4462 6440
180 480 314 543 1505

1170 482 1494 542 ΠΟΜΙΙᾸΛ
1538 482 1746 543 XXIV.
1783 507 1849 518 —
1882 482 1979 543 DE
2022 484 2468 545 IVRACUNDIA.

3226 564 3229 567 ν
3288 485 3428 551 1505

176 593 321 661 ζωῆς
341 590 596 658 γενέσθαι
626 593 860 663 μέτοχοι.
891 592 1025 646 Οῧτε
1062 594 1158 664 τῆς
1188 594 1421 661 θεωρίας
1455 594 1549 647 τοῦ
1598 593 1746 646 θείου
1778 602 1821 658 Α
1853 603 1938 648 tur

1664 593 1746 644 ίου
1778 602 1821 658 Α
1853 594 2171 648 turbulento
2204 594 2421 648 defectu
2452 594 2547 648 ira:
2573 608 2631 649 se
2674 592 2870 650 reddat
2898 594 3111 667 106‘.
3127 603 3425 654 extorrem.

175 685 351 752 φωτὸς
400 682 648 747 δεκτικὸς
708 686 737 737 ό
790 686 1064 756 ἡμέτερος
1111 684 1235 747 νοῦς
1263 685 1552 755 γενήσεται
1584 683 1749 736 ὀὔτε

173 776 366 839 σοφίας
391 777 629 846 μέτοχοι,
661 777 776 832 ἀλλ’
799 778 918 831 οὐδὲ
955 777 1055 841 τὰς
1085 776 1451 849 σωτηριώδεις
1497 777 1600 845 τῆς
1640 777 1752 829 διαο

172 868 408 937 κρίσεως
441 870 637 939 βουλὰς
665 870 969 940 κτήσασθαι
1022 870 1320 941 δυνάμεθα,
1360 869 1483 922 οὔτε
1522 870 1622 932 τὰς
1654 873 1751 940 τῆς

170 959 523 1029 δικαιοσύνης
568 961 927 1032 κυϐερνήσεις
981 962 1223 1033 νηφαλέᾳ
1284 961 1479 1033 καρδίᾳ
1535 961 1752 1029 ἐπέχειν

174 1051 489 1121 ίσχύσομεν.
533 1054 607 1105 Οὐ
635 1055 738 1125 χρὴ
779 1050 873 1108 οὖν
927 1055 986 1118 ἐξ
1030 1054 1349 1125 οἱασδήποτε
1399 1054 1578 1115 αἰτίας
1632 1052 1749 1121 μετ’

170 1144 344 1212 ὀργῆς
369 1145 636 1199 κινεῖσθαι
669 1146 810 1199 κατά
843 1147 935 1199 τοῦ
959 1147 1279 1217 ὁμοπίστου,
1336 1145 1453 1199 ἀλλ’
1509 1146 1542 1213 ἢ
1591 1145 1750 1214 μόνον

171 1235 314 1287 κατά
334 1236 442 1287 τῶν
472 1236 615 1288 ἰδίων
638 1236 843 1302 παθῶν,
873 1240 965 1291 καὶ
997 1238 1109 1290 τῶν
1158 1237 1413 1307 πονηρῶν
1450 1234 1746 1305 λογισμῶν,

168 1328 367 1390 οἵτινες
440 1329 760 1381 σπεύδουσιν
809 1331 1091 1398 ἀπατῆσαι
1145 1331 1293 1399 ἡμᾶς
1333 1328 1433 1396 τῆς
1494 1326 1749 1397 ἀληθινῆς

168 1420 313 1473 ὁδοῦ.
339 1422 441 1473 Διὰ
465 1419 624 1472 τοῦτο
654 1419 763 1491 γὰρ
796 1423 890 1473 καὶ
917 1422 945 1473 ό
991 1419 1405 1492 Παροιμιαστὴς
1445 1418 1748 1471 ἐντέλλεται

168 1512 347 1579 λέγων
375 1529 388 1542 ·
423 1531 441 1563 ι
496 1512 830 1577 Ἀπόστησον
855 1512 1232 1581 παροργισμδν
1257 1510 1367 1563 ἀπὸ
1422 1509 1535 1570 σοῦ,
1587 1508 1668 1560 ὅτι
1714 1508 1747 1577 ἡ

168 1604 358 1673 νεότης
388 1607 530 1673 καὶὴ
558 1604 713 1659 ἄνοια
748 1604 1102 1675 ματαιότης.‹
1141 1602 1269 1656 Καί·
1301 1620 1318 1652 ε
1348 1602 1630 1672 Μνήσθητι
1653 1598 1746 1653 τοῦ

167 1694 461 1757 κτίσαντος
496 1711 576 1757 σε.
607 1698 664 1747 ἐν
693 1698 880 1766 ἡμέρᾳ.
913 1695 1165 1764 νεότητός
1188 1710 1303 1747 σου.
1340 1712 1358 1744 ι
1396 1692 1506 1746 Καὶ
1532 1690 1694 1744 πάλιν
1730 1707 1744 1721 ·

172 1806 190 1838 ι
236 1787 410 1858 Ὀργὴ
448 1789 742 1841 ἀπόλλυσιν
779 1788 874 1842 καὶ
898 1787 1219 1857 φρονίμους,
1245 1786 1405 1853 λόγος
1432 1784 1489 1837 δὲ
1515 1784 1746 1855 σκληρὸς

164 1880 372 1949 ἐγείρει
411 1881 597 1949 ὀργάς.
642 1900 660 1929 ι
700 1880 806 1932 Καί
830 1897 845 1910 ’
893 1899 911 1930 ι
952 1878 1121 1948 Ὀργὴ
1144 1876 1507 1945 πατρὸς,υίδς
1533 1877 1741 1943 ἄφρων*

1853 684 2132 739 Interdum
2165 685 2315 739 enim
2339 685 2569 754 spiritus
2594 686 2686 740 hic
2724 688 2820 741 ira:
2847 686 3000 741 cordi
3043 687 3309 752 assidens,
3347 700 3429 745 te-

1852 776 2159 831 nebricosis
2195 776 2313 831 suis
2339 776 2684 846 intemperiis
2704 779 2927 833 oculum
2960 780 3163 834 mentis
3191 792 3426 836 excaecat

1851 867 2011 935 adeo,
2039 878 2097 922 ut
2116 869 2169 922 in
2196 870 2470 938 reliquum
2492 884 2613 938 qua:
2630 869 2790 923 saluti
2807 871 3063 939 parandae
3076 871 3426 926 commodent

1850 970 1907 1016 et
1944 961 2252 1026 conferant,
2301 978 2643 1032 nequeamus
2694 963 3055 1019 discernere:
3089 981 3197 1019 non
3259 966 3425 1020 ullam

1851 1053 2269 1124 deprehendere
2317 1056 2734 1126 intelligentiam
2785 1056 3032 1111 scientia:
3078 1057 3423 1126 spiritualis:

1850 1162 1961 1200 non
2000 1147 2167 1201 ullius
2197 1148 2450 1203 obtinere
2484 1148 2742 1203 salutaris
2765 1149 2981 1203 consilii
3010 1150 3424 1219 perfectionem:

1850 1246 2100 1291 extorres
2129 1255 2354 1308 prorsus
2381 1240 2649 1294 cllicimur
2681 1243 2804 1296 vita:
2827 1242 3087 1296 felicioris
3120 1259 3135 1306 ;
3166 1257 3275 1296 non
3314 1243 3426 1313 jam

1851 1342 2019 1396 capax
2058 1339 2152 1382 aut
2185 1330 2379 1383 idonea
2412 1330 2581 1385 fuerit
2604 1347 2759 1385 mens
2780 1331 2979 1385 divina:
3003 1333 3142 1386 lucis
3176 1343 3428 1387 content-

1850 1416 2131 1486 plationis,
2170 1433 2282 1472 non
2320 1418 2557 1487 denique
2582 1420 2864 1489 sapientia:
2892 1419 3177 1474 reddimur
3205 1421 3428 1490 partici-

1850 1522 1965 1576 pes,
1995 1508 2091 1562 sed
2122 1523 2226 1562 nec
2257 1524 2429 1562 unum
2464 1509 2816 1566 admittimus
2860 1511 3098 1565 salutare
3133 1511 3423 1566 consilium

1848 1597 2115 1652 adversus
2140 1598 2460 1668 perplexam
2507 1598 2675 1653 animi
2724 1601 3144 1667 bmsitationem,
3183 1616 3292 1654 non
3330 1602 3424 1673 ju-

1848 1690 1995 1745 stitia
2030 1691 2400 1747 moderatricc
2425 1692 2535 1762 jam
2565 1692 2842 1761 possimus
2867 1692 2921 1746 in
2962 1692 3261 1747 sobrietate
3295 1708 3423 1761 pre--

1847 1798 1998 1838 mere
2034 1784 2221 1839 cordis
2259 1784 2664 1854 intemperiem.
2717 1785 2877 1839 Nulla
2932 1785 3102 1855 igitur
3145 1800 3211 1839 ex
3258 1799 3424 1839 causa

1846 1890 1945 1944 par
1974 1883 2059 1929 est
2083 1875 2291 1929 conciri
2322 1890 2425 1929 nos
2449 1890 2548 1945 per
2572 1875 2707 1930 iram
2744 1875 3010 1931 adversus
3040 1876 3166 1930 fidei
3198 1891 3423 1946 compa-

162 1970 338 2039 θυμὸν
373 1971 428 2023 δὲ
461 1972 654 2039 ἀνδρὸς
695 1971 928 2040 πραΰνει
963 1970 1217 2040 θεράπων
1256 1971 1537 2038 φρόνιμος.
1579 1987 1594 2016 ι
1637 1966 1746 2019 Καὶ
1778 1953 1818 2006 Β
1848 1966 1923 2020 ris

1660 1966 1746 2018 {al
1778 1953 1818 2006 Β
1848 1966 1923 2020 ris
1941 1965 2141 2030 virum,
2170 1976 2535 2035 praterquam
2567 1966 2831 2022 adversus
2861 1969 3113 2037 proprias
3172 1968 3422 2022 affectio-

160 2062 325 2114 πάλιν
360 2079 375 2092 ο
422 2080 440 2112 ι
480 2062 659 2131 Bap-In;
697 2061 865 2124 λίθος,
909 2062 1004 2114 καὶ
1056 2059 1467 2121 δυσδάστακτος
1508 2058 1693 2127 ἄμμος
1726 2072 1740 2085 ’

159 2153 300 2223 ἑργὴ
338 2153 397 2205 δὲ
429 2152 663 2221 ἄφρονος
711 2153 986 2223 βαρυτέρα
1016 2151 1364 2221 ἀμφοτέρων.
1396 2169 1415 2203 ι
1474 2150 1586 2202 Kal
1637 2148 1743 2201 πά-

158 2244 241 2296 λιν
273 2260 287 2275 ·
328 2263 347 2295 ε
393 2243 484 2313 Μὴ
514 2246 813 2313 ἀποκρίνου
841 2245 1039 2313 ἄφρονι
1088 2243 1227 2295 κατὰ
1275 2243 1373 2310 τὴν
1430 2239 1742 2311 ἀφροσύνην

158 2332 355 2398 αὑτοῦ,
390 2335 478 2386 ἴνα
513 2334 588 2403 μὴ
632 2333 817 2402 ὅμοιος
851 2334 984 2405 γένῃ
1013 2333 1178 2386 αὐτοῦ
1215 2348 1229 2362 ο
1274 2352 1294 2384 ι
1328 2331 1484 2396 ἀλλὰ,
1526 2351 1543 2383 ι
1584 2332 1743 2384 Ἀπο-

157 2429 351 2496 κρίνου
400 2427 597 2496 ἄφρονι
652 2427 793 2480 κατά
844 2427 943 2496 τὴν
989 2427 1304 2496 ἀφροσύνην
1335 2425 1630 2489 αὑτοῦ,ῖνα
1664 2425 1740 2495 μὴ

155 2516 283 2587 δόξῃ
308 2518 446 2586 παρ’
476 2514 655 2585 ἑαυτῷ
680 2515 943 2585 φρόνιμος
972 2511 1131 2568 εἶναι.
1160 2535 1178 2566 ι
1218 2516 1324 2568 Kal
1348 2514 1514 2567 πάλιν
1544 2530 1559 2545 ο
1591 2534 1611 2565 ‹
1641 2515 1741 2565 Ἀ-

157 2625 312 2677 φρων
344 2609 657 2677 αύθήμερον
685 2606 1000 2675 ἐξαγγέλλει
1023 2606 1193 2677 ὀργήν
1216 2622 1231 2637 ⁸
1266 2609 1294 2659 ό
1321 2606 1376 2659 δὲ
1413 2605 1739 2676 πανοῦργος,

156 2698 505 2765 ταμιεύεται.
548 2717 566 2748 ι
608 2698 717 2751 Kai
751 2713 764 2725 ·
801 2716 818 2747 ι
857 2696 1092 2765 ⁶Ινοίῖερὸς
1134 2696 1290 2764 λόγος
1312 2697 1578 2765 ταράσσει
1601 2713 1739 2767 καρ-

156 2785 276 2837 δίαν
313 2787 530 2855 ἀνδρός.
564 2805 582 2835 ι
615 2786 721 2838 Καί
748 2802 763 2816 ο
810 2804 829 2836 ε
872 2786 1085 2856 Ὠσπερ
1112 2786 1175 2837 τὸ
1200 2785 1342 2855 ὓδωρ
1373 2788 1606 2838 κινεῖται
1637 2786 1741 2838 ὑπὸ

160 2877 278 2945 βίας
309 2876 553 2945 ἀνέμων,
585 2875 758 2939 οὕτως
782 2876 1035 2947 θυμώδης
1067 2879 1401 2946 ταράσσεται
1430 2877 1536 2931 ὑπὸ
1591 2878 1739 2946 λογι-

157 2967 312 3035 σμῶν
339 2968 595 3035 ὀργίλων.
612 2986 629 3017 ι
659 2968 910 3038 Μοναχὺς
934 2968 1172 3038 ὀργίλος,
1204 2967 1437 3038 σύαγρος
1454 2970 1737 3040 ὲρημικός.

160 3060 297 3112 Ἰδεν
320 3062 498 3123 τινας,
526 3060 623 3113 καὶ
653 3061 780 3122 τοὺς
804 3060 1027 3122 ὀδόντας
1063 3059 1412 3130 παρέτρισεν.
1456 3061 1515 3113 '0
1542 3062 1598 3113 δὲ
1639 3062 1741 3115 Ἰά-

156 3150 336 3210 κωεος
366 3151 608 3203 διδάσκει
628 3152 796 3220 ἡμᾶς,
836 3150 1010 3218 λέγων
1036 3168 1049 3182 ⁸
1074 3153 1287 3203 «Ἔστω
1310 3153 1417 3212 πᾶς
1450 3152 1740 3220 ἄνθρωπος

1845 2073 1963 2121 nes,
1989 2066 2183 2113 contra
2220 2058 2584 2127 cogitationes
2623 2058 2923 2128 improbas,
2969 2073 3090 2127 quze
3119 2073 3188 2113 eo
3228 2057 3424 2112 dever-

1845 2157 1979 2218 gunt
2004 2162 2182 2217 prono
2213 2162 2403 2207 cursu.
2434 2154 2496 2201 ut
2551 2162 2652 2201 nos
2702 2163 2732 2202 a
2793 2147 3124 2202 rectitudine
3189 2155 3422 2202 avocent

1844 2257 1988 2295 vera:
2017 2241 2140 2295 vim.
2163 2239 2245 2295 0b
2277 2240 2379 2294 hoc
2404 2240 2565 2310 jubet
2593 2240 2986 2294 Ecclesiastes:
3038 2257 3056 2289 ι
3087 2241 3287 2293 Averte
3337 2240 3422 2294 in-

1843 2332 2213 2401 dignationem
2259 2347 2288 2385 a
2345 2341 2421 2395 te,
2478 2330 2610 2399 quia
2665 2331 2926 2399 juventus
2978 2336 3036 2381 et
3088 2328 3417 2397 ignorantia,

1844 2424 2053 2477 vanitas
2080 2425 2146 2475 ".
2188 2442 2207 2473 ι
2245 2423 2311 2476 Et
2338 2438 2353 2474 :
2397 2440 2414 2472 ι
2447 2421 2653 2474 Memor
2676 2430 2799 2474 esto
2822 2418 3101 2474 Creatoris
3123 2418 3224 2481 tui,
3252 2418 3305 2472 in
3328 2418 3420 2473 die

1835 2515 2144 2586 juventutis
2169 2521 2277 2567 tute
2307 2513 2452 2565 ⁹⁷·⁹⁶.
2491 2531 2510 2563 ›
2540 2513 2752 2566 Rursus
2784 2527 2798 2563 :
2859 2530 2878 2561 ε
2908 2511 2990 2564 Ira
3030 2510 3210 2578 perdit
3250 2512 3418 2564 etiam

1840 2604 2161 2674 prudentes,
2187 2618 2372 2658 sermo
2394 2602 2570 2656 durus
2595 2601 2827 2655 suscitat
2852 2600 2962 2653 iras
2984 2602 3051 2653 ".
3088 2617 3107 2649 ›
3141 2600 3210 2654 Ει
3237 2618 3250 2652 :
3292 2619 3310 2649 ε
3335 2600 3418 2654 Ira

1839 2698 2013 2766 patris
2076 2696 2223 2749 filius
2279 2695 2635 2765 imprudens,
2687 2692 3028 2747 iracundiam
3077 2700 3259 2746 autem
3313 2693 3417 2747 viri

1840 2787 2315 2857 mitigatfamulus
2374 2787 2593 2855 sapiens
2632 2788 2672 2837 ⁸.
2708 2804 2727 2836 ι
2791 2785 3073 2838 Rursum:
3142 2802 3161 2835 ‹
3224 2783 3420 2838 Gravis

1837 2878 2061 2947 quidem
2089 2878 2246 2946 lapis,
2275 2876 2457 2946 gravis
2512 2876 2642 2928 item
2688 2882 2905 2944 portatu
2956 2890 3144 2937 arena,
3196 2875 3293 2928 sed
3337 2875 3419 2928 ira

1839 2967 1995 3023 stulti
2030 2976 2268 3037 utroque
2298 2966 2519 3037 gravior
2549 2968 2591 3023 ¹.
2632 2985 2649 3016 ι
2685 2966 2817 3020 Item
2856 2984 2869 3018 :
2904 2985 2923 3017 ι
2969 2966 3048 3020 Ne
3082 2966 3420 3034 respondeas

1838 3061 2010 3113 stulto
2029 3061 2185 3128 juxta
2221 3057 2514 3111 stultitiam
2553 3057 2696 3126 ejus,
2725 3072 2794 3109 ne
2836 3056 2941 3109 sibi
2998 3056 3252 3110 videatur
3295 3071 3418 3111 esse

1836 3152 2081 3221 prudens
2112 3152 2184 3205 ⁸.»
2235 3150 2437 3203 Iterum
2469 3166 2483 3203 :
2526 3167 2544 3199 ι
2580 3148 2795 3203 Stultus
2822 3149 3008 3202 statim
3042 3148 3228 3218 prodit
3256 3149 3417 3211 iram,

153 3243 328 3310 ταχὺς
357 3243 436 3304 είς
457 3243 518 3294 τὸ
539 3242 793 3305 ἀκοῦσαι,
842 3244 938 3295 καὶ
969 3244 1169 3312 βραδὺς
1215 3245 1294 3305 εἰς
1347 3243 1407 3295 τὸ
1456 3243 1689 3312 λαλῆσαι
1719 3260 1733 3273 ·
1775 3304 1811 3312 __
1840 3258 1913 3312 qu

1652 3260 1733 3294 ιι·
1775 3304 1811 3312 __
1840 3243 1937 3312 qui
1962 3249 2146 3297 autem
2199 3250 2414 3295 astutus
2472 3249 2578 3305 cst,
2633 3249 2927 3294 conservat
2984 3256 3105 3295 eam
3162 3241 3202 3294 δ.
3237 3259 3255 3290 ι
3309 3241 3414 3295 Et:

156 3304 365 3400 βραδὺς
406 3330 463 3383 δὲ
487 3333 566 3393 είς
588 3331 779 3400 ὀργήν.
824 3304 1121 3400 Ὀργηῖγὰρ
1151 3330 1361 3400 ἀνδρὸς,
1392 3304 1739 3401 δικαιοσύνην
1766 3304 1811 3365 c
1846 3304 1918 3387 ζ’]

1650 3349 1739 3401 νην
1766 3304 1811 3365 c
1846 3304 2167 3387 c-Terribile
2212 3333 2442 3386 verbum
2476 3304 2773 3387 conturbat
2824 3347 2920 3386 cor
2980 3332 3084 3386 viri
3142 3333 3185 3385 ⁵.
3226 3353 3243 3384 ι
3296 3333 3412 3387 Et:

155 3418 288 3474 Hec-'3
314 3423 375 3474 οὺ
398 3421 827 3490 κατεργάζεται.
864 3440 882 3471 ι
904 3422 1012 3473 Kal
1038 3417 1195 3482 αὖθις
1215 3437 1230 3451 ο
1255 3439 1273 3471 ε
1300 3421 1472 3474 Πόθεν
1490 3422 1734 3489 πόλεμοι,

154 3516 249 3566 καὶ
269 3515 441 3567 πόθεν
471 3513 638 3583 μάχαι
667 3515 725 3564 ἐν
755 3514 884 3582 ὑμῖν
909 3530 924 3577 ς
953 3514 1055 3566 οὐκ
1086 3512 1357 3574 ἐντεῦθεν,
1386 3514 1451 3565 ἐκ
1480 3514 1588 3565 τῶν
1618 3514 1736 3582 ἠδο-

154 3609 263 3659 νῶν
313 3608 512 3677 ὑμῶν;
555 3628 573 3659 ι
618 3608 729 3660 Kal
793 3609 822 3659 ό
885 3608 1098 3669 Παῦλος
1131 3624 1143 3636 ·
1190 3627 1208 3657 ι
1246 3607 1337 3678 Μὴ
1375 3608 1599 3669 ἑαυτοὺς
1646 3609 1737 3659 ἐκ·

152 3699 458 3763 δικοῦντες,
494 3701 791 3769 ἀγαπητοὶ,
841 3699 978 3752 ἀλλὰ
1035 3700 1153 3751 δότε
1196 3699 1365 3750 τόπον
1401 3701 1468 3767 τῇ
1520 3698 1678 3767 ὀργῇ.
1710 3716 1728 3748 ι

154 3791 264 3844 Καὶ
287 3790 493 3845 πάλιν·
525 3808 544 3842 ε
585 3792 644 3843 ’0
681 3790 833 3858 ἥλιος
864 3791 938 3860 μὴ
970 3788 1236 3842 ἐπιδυέτω
1269 3790 1363 3841 ἐπὶ
1417 3788 1496 3859 τῷ
1524 3804 1733 3858 παρορ-

152 3881 338 3952 γισμῷ
364 3882 521 3951 ὑμῶν
549 3897 561 3910 ·
595 3882 745 3951 Μηδὲ
773 3882 941 3935 δίδοτε
967 3882 1132 3934 τόπον
1162 3880 1239 3950 τῷ
1268 3879 1516 3948 διαϐόλῳ.
1562 3900 1580 3931 ι
1626 3881 1734 3933 Καὶ

152 3973 319 4025 πάλιν
350 3990 365 4004 ⁸
402 3991 423 4024 ε
462 3974 621 4027 Πᾶσα
647 3975 862 4043 πικρία,
895 3974 1066 4043 θυμὸς
1086 3975 1180 4027 καὶ
1203 3974 1418 4043 κραυγὴ
1448 3973 1542 4025 καὶ
1570 3972 1733 4041 βλασ-

150 4066 356 4134 φημία,
374 4064 600 4134 ἀρθήτω
625 4065 717 4131 ἀφ’
742 4065 896 4134 ὑμῶν
924 4066 1021 4117 σὺν
1048 4065 1191 4135 πάσῃ
1220 4063 1406 4134 κακίᾳ.
1444 4082 1462 4112 ι
1499 4061 1732 4132 Ὁμοίως

149 4164 245 4214 καὶ
271 4164 300 4214 ό
334 4158 502 4213 Δαδίδ
532 4177 545 4190 ·
586 4178 605 4210 ι
641 4158 853 4213 Παῦσαι
892 4160 1000 4212 ἀπὸ
1036 4160 1226 4230 όργῆς,
1272 4158 1365 4211 καὶ
1398 4158 1730 4225 ἐγκατάλιπε

150 4254 347 4322 θυμόν.
390 4273 409 4305 ι
450 4253 588 4305 Καί·
628 4273 646 4304 1
690 4254 1025 4325 Ὀργίζεαθε,
1061 4253 1158 4305 καὶ
1193 4252 1267 4321 μὴ
1297 4251 1662 4323 ἁμαρτάνετε.
1706 4271 1724 4302 ι

163 4343 221 4397 Ὀ
246 4344 306 4397 δὲ
337 4343 591 4413 κηδεμὼν
617 4344 727 4397 τῶν
757 4344 944 4413 ψυχῶν
964 4344 1121 4413 ἡμῶν
1155 4344 1359 4414 Κύριος
1389 4343 1727 4412 ἀπεφήνατο,

148 4435 364 4504 λέγων·
400 4454 420 4486 ι
472 4436 530 4488 Ὀ
571 4435 926 4506 ὀργιζόμενος
976 4436 1055 4499 τῷ
1103 4436 1316 4505 ἀδελφῷ
1369 4434 1535 4488 αὑτοῦ
1585 4435 1728 4504 είκῆ,

148 4526 333 4596 ἔνοχος
359 4526 513 4579 ἔσται
551 4529 617 4595 τῇ
653 4526 833 4597 κρίσει
865 4542 881 4558 ⁶
918 4527 976 4590 ὃς
997 4527 1042 4580 δ’
1079 4529 1146 4581 ἂν
1183 4526 1335 4599 εἴπῃ,
1389 4524 1572 4595 Μωρὲ,
1617 4524 1731 4576 ἐνο-

1844 3442 1861 3473 σ
1900 3424 2054 3478 Sicut
2083 3438 2224 3492 aqua
2247 3433 2499 3477 movetur
2522 3423 2574 3477 vi
2602 3432 2915 3487 ventorum,
2947 3424 3018 3477 ita
3070 3423 3156 3477 vir
3197 3424 3416 3479 iracun-

1837 3515 1943 3568 dus
1972 3514 2225 3568 turbatur
2257 3514 2684 3583 cogitationibus
2734 3515 2827 3567 ine
2861 3513 3040 3582 plenis
3085 3513 3125 3567 ‘.
3165 3533 3184 3565 ι
3232 3514 3418 3569 Mona-

1839 3605 1978 3659 chus
2030 3604 2329 3658 iracundus
2382 3619 2514 3673 aper
2573 3614 2659 3659 est
2704 3605 3074 3659 eremiticus:
3125 3606 3413 3674 quosdam,

1837 3713 1963 3752 mox
2001 3707 2063 3752 ut
2090 3698 2314 3762 viderit,
2346 3695 2687 3761 infrendens,
2710 3697 2971 3753 dentibus
3014 3701 3249 3754 exsertis
3291 3701 3417 3755 vuh

1837 3805 1945 3842 nus
1971 3788 2161 3858 alligit.
2187 3788 2428 3843 Jacobus
2453 3789 2583 3841 item
2608 3788 2841 3856 pu‘lchre
2872 3805 2973 3844 nos
3026 3791 3187 3845 docet
3215 3811 3227 3845 :
3282 3811 3300 3842 ε
3333 3792 3416 3846 Sit

1836 3881 2017 3933 omnis
2041 3880 2205 3932 homo
2230 3879 2389 3932 velox
2412 3878 2476 3932 ad
2505 3879 2863 3944 audiendum,
2895 3881 3085 3935 tardus
3100 3883 3167 3935 ad
3186 3884 3417 3953 loquen-

1835 3970 2001 4033 dum,
2034 3980 2091 4025 et
2127 3970 2315 4024 tardus
2339 3970 2406 4023 ad
2445 3970 2622 4035 iram;
2670 3970 2751 4024 ira
2794 3974 2942 4026 enim
2988 3973 3094 4026 viri
3142 3975 3412 4044 justitiam

1834 4062 1929 4117 Dei
1976 4077 2085 4116 non
2116 4071 2379 4131 operatur
2424 4064 2466 4115 ⁷.
2503 4082 2520 4114 ι
2567 4064 2750 4117 Item:
2796 4083 2814 4114 ι
2855 4065 3009 4120 Unde
3055 4066 3217 4126 bella.
3270 4069 3415 4122 unde

1834 4166 2030 4220 pugna:
2060 4152 2204 4205 inter
2230 4152 2367 4204 vos?
2396 4167 2580 4206 nonne
2623 4152 2772 4218 hinc,
2806 4168 2874 4206 ex
2909 4155 3283 4224 voluptatibus
3314 4172 3412 4211 ve-

1833 4242 1965 4295 stris
1987 4241 2049 4293 '?
2083 4261 2101 4293 ι
2135 4242 2336 4295 Paulus
2365 4243 2494 4295 item
2523 4261 2565 4295 ει
2598 4242 2717 4297 Non
2746 4258 2844 4297 vos
2867 4245 3014 4312 ipsos
3038 4246 3409 4313 vindicantes,

1832 4333 2165 4394 charissimi,
2214 4332 2311 4386 sed
2364 4332 2490 4386 date
2523 4333 2705 4387 locum
2757 4334 2851 4387 irm
2878 4338 2919 4386 ’.
2953 4354 2971 4386 ι
3040 4336 3110 4390 ΕΙ.
3172 4354 3409 4393 rursus:

1838 4444 1857 4475 ε
1889 4425 1979 4479 Sol
2012 4441 2122 4479 non
2146 4426 2362 4479 occidat
2388 4441 2556 4494 super
2588 4427 2931 4480 iracundiam
2976 4438 3212 4484 vestram
3242 4420 3257 4494 ς
3305 4445 3409 4484 no-

1831 4518 1927 4572 lite
1956 4517 2087 4571 dare
2144 4516 2324 4570 locum
2378 4515 2600 4571 diabolo
2648 4519 2709 4571 ".
2751 4538 2769 4569 ι
2832 4518 3110 4573 Rursum:
3161 4539 3179 4572 ι
3219 4520 3410 4575 Omnis

148 4636 241 4687 χος
266 4620 423 4673 ἔσται
446 4621 523 4682 είς
546 4622 645 4689 τὴν
668 4621 894 4687 γέενναν
925 4619 1019 4672 τοῦ
1054 4619 1245 4690 πυρός.
1280 4637 1299 4669 ι
1346 4617 1507 4688 Δύτῷ
1533 4619 1567 4688 ἡ
1604 4616 1730 4681 δόξα
1761 4629 1809 4687 ο
1833 4625 1910 4665 am

1644 4616 1730 4681 ίξα
1761 4629 1809 4687 ο
1833 4608 2166 4674 amaritudo,
2210 4616 2266 4662 et
2309 4608 2615 4669 iracundia.
2639 4618 2697 4663 et
2727 4612 2953 4677 clamor,
2981 4621 3038 4666 et
3071 4612 3406 4683 blasphemia

147 4708 225 4767 είς
248 4706 378 4770 τοὺς
407 4705 631 4768 αἰῶνας.
670 4707 860 4777 Ἀμήν.

1837 4704 2061 4756 tollatur
2091 4700 2303 4754 avobis
2350 4716 2477 4755 cum
2525 4702 2674 4757 omni
2724 4702 2928 4757 malitia
2975 4706 3039 4761 ".
3077 4723 3097 4755 ι
3153 4703 3407 4761 Concinit

149 4792 319 4846 David
350 4814 363 4848 ;
394 4813 412 4845 ε
442 4795 639 4849 Desine
664 4795 734 4849 ab
771 4796 872 4861 ira,
902 4804 958 4850 ct
984 4795 1305 4865 derclinquc
1369 4794 1613 4849 furorem
1676 4795 1738 4848 ".
1774 4813 1792 4845 ι
1837 4793 1904 4847 Et
1938 4808 1951 4845 :
1993 4810 2010 4841 ι
2047 4790 2356 4845 lrascimini
2381 4801 2437 4846 et
2463 4793 2633 4847 nolite
2658 4797 2969 4862 peccare".
3000 4814 3020 4847 ι
3068 4794 3175 4851 Sed
3211 4805 3267 4851 et
3297 4797 3406 4851 Do-

146 4886 354 4949 minus,
422 4896 737 4942 nostrarum
801 4886 1066 4958 providus
1126 4898 1352 4942 curator
1394 4888 1725 4950 animarum,
1765 4883 2092 4940 sententiam
2160 4882 2305 4937 hanc
2372 4885 2535 4939 tulit:
2576 4903 2593 4934 ι
2622 4884 2813 4939 Omnis
2841 4887 2935 4955 qui
2964 4888 3219 4943 irascitur
3247 4887 3404 4942 fratri

147 4990 249 5029 suo
275 4976 397 5030 sine
424 4992 607 5043 causa,
636 4992 762 5033 reus
784 4978 892 5033 erit
933 4976 1145 5048 judicio
1175 4995 1190 5041 ;
1225 4979 1320 5049 qui
1354 4987 1537 5033 autem
1592 4977 1815 5043 dixerit,
1856 4976 2026 5040 fatue,
2069 4988 2199 5028 reus
2226 4976 2333 5030 erit
2368 4976 2634 5044 gehennae
2674 4976 2817 5047 ignis
2846 4978 2908 5032 ".
2946 4997 2963 5027 ι
2986 4977 3094 5048 Ipsi
3150 4978 3319 5050 gloria
3346 4979 3403 5035 in

146 5067 370 5122 tacula.
404 5068 598 5122 Amen.

742 5182 961 5235 ΛΟΓΟΣ
1012 5184 1137 5237 KA'.

712 5292 852 5359 Περί
906 5292 1124 5360 θυμοῦ.

2242 5178 2452 5248 1065
2486 5178 2769 5234 IIOMIIJA
2806 5179 2995 5235 XXIV.

1899 5289 1974 5345 De
2007 5291 2312 5354 iracundia,
2349 5292 2457 5343 sive
2489 5292 2852 5360 indignatione
2884 5299 2934 5345 et
2980 5293 3337 5346 animositate.

1894 5403 2013 5457 .Iam
2044 5403 2113 5457 de
2144 5403 2359 5457 acriore
2381 5402 2475 5458 illo
2505 5403 2711 5473 impetu
2738 5403 2906 5458 animi
2935 5404 3399 5470 incandescentis,

1826 5494 1871 5548 si
1916 5492 2140 5564 quando
2188 5504 2241 5547 Ie
2298 5492 2584 5547 adorietur
2635 5494 2867 5548 tentatio
2915 5496 3214 5564 quaapiam,
3272 5505 3401 5564 puta

1825 5584 2195 5640 contradictio
2220 5592 2316 5638 aut
2358 5584 2616 5649 irritatio,
2654 5601 2777 5655 qua:
2806 5587 2903 5640 tibi
2940 5585 3202 5641 adversus
3232 5600 3402 5637 unum

216 5404 330 5456 Kal
355 5402 595 5473 περὶτοῦ
628 5403 801 5472 θυμοῦ
832 5403 996 5474 ἡνίκα
1027 5404 1246 5477 εἰσέλθῃ
1284 5422 1365 5458 σοι
1401 5405 1727 5474 πειρασμὸς,

145 5492 179 5562 ἢ
214 5494 517 5560 ἀντιλογία,
555 5493 588 5563 ἢ
622 5494 916 5564 ἔρεθισμὸς
946 5495 1083 5565 πρός
1125 5513 1248 5549 τινα
1288 5494 1507 5565 κινῆσαι
1537 5496 1726 5563 θυμὸν,

150 5584 423 5654 μνήσθητι
461 5583 560 5653 τῆς
594 5583 924 5654 προσευχῆς,
962 5586 1057 5636 καὶ
1081 5584 1174 5638 τοῦ
1207 5584 1411 5656 ταύτης
1440 5588 1726 5657 κρίματος,

2950 5740 2970 5770 ³
2986 5740 3146 5794 Prov.
3178 5757 3267 5795 xv.
3305 5741 3396 5793 9|.

2891 5810 3094 5863 ’Ilom.
3154 5826 3248 5874 xu,
3309 5812 3396 5865 l9.

1937 5742 1952 5770 ¹
1980 5740 2138 5793 Prov.
2186 5755 2351 5801 xxvu,
2381 5737 2470 5790 33.
2574 5740 2595 5770 ¹
2621 5738 2757 5791 Ibid.
2789 5738 2843 5793 5.

1863 5812 1881 5840 ⁷
1912 5811 2026 5862 .Iae.
2060 5824 2096 5871 ι,
2126 5809 2212 5870 l9,
2242 5810 2329 5861 ‘30.
2444 5810 2464 5835 "
2494 5808 2608 5861 Jac.
2639 5825 2707 5868 Iv,
2744 5810 2793 5862 l.

1878 5879 2111 5940 1)›;ιιΙ,ιγ,
2150 5878 2199 5930 ii.
2281 5877 2530 5930 "Matth.
2565 5895 2614 5940 v,
2648 5878 2735 5930 2‘2.

1380 5740 1424 5771 ”
1452 5740 1612 5793 Prov.
1647 5757 1733 5800 xv,
1773 5741 1823 5793 1.

1299 5812 1318 5842 ο
1348 5809 1514 5863 Eccli.
1541 5826 1671 5871 vxu,
1698 5810 1790 5865 ‘23.

1226 5883 1262 5912 ”
1295 5880 1435 5932 Psal.
1464 5895 1643 5943 xxxvi,
1682 5884 1733 5932 8.
1815 5879 2019 5936 "I’sul.
2044 5895 2111 5943 tv,

216 5744 264 5775 "
289 5742 455 5794 Prov.
483 5756 572 5801 xv,
602 5741 655 5793 4.
768 5740 887 5772 ’⁷⁸⁸⁸
915 5739 1060 5793 Eccl.
1098 5755 1190 5796 xu.
1232 5742 1275 5793 I.

149 5812 170 5841 ⁸
204 5813 367 5866 Prov.
405 5827 522 5864 xm.
578 5811 663 5863 Ili.
741 5811 761 5839 ⁵
798 5810 955 5863 Prov.
1004 5825 1097 5865 xu.
1134 5811 1223 5862 23$.

149 5883 185 5910 "
213 5881 417 5952 pres.
451 5879 623 5944 “3‘26,
655 5879 742 5932 ΞΤ.
814 5881 853 5909 ³⁸³
886 5879 1021 5932 Ibid.
1055 5881 1139 5931 ει.
