4462 6440
885 398 1021 461 1507

2145 386 2511 448 ANTIOCHI
2549 385 2898 446 MONAClH

4017 386 4036 447 l
4050 389 4151 449 503

882 518 1121 585 aliquem
1167 510 1354 565 concit
1386 509 1600 563 animos
1644 524 1656 559 :
1697 506 1783 559 fac
1831 502 2151 557 memineris
2198 502 2466 556 orationis
2493 507 2539 562 Α
2568 503 2644 554 κα

2389 502 2466 555 nis
2493 507 2539 562 Α
2568 503 2663 554 καὶ
2697 502 2898 564 εὐθέως
2941 502 2975 570 ἡ
3028 502 3263 561 ἄτακτος
3298 499 3355 551 ἐν
3395 498 3478 551 σοὶ
3504 500 3719 569 κίνησις
3754 501 4048 571 ἠρεμήσει.
4097 503 4151 552 'tl

884 604 1183 661 llominica:
1215 612 1382 672 atque
1409 601 1583 670 ipsius
1604 598 1826 667 judicii,
1854 607 1911 651 et
1935 596 2224 651 confestim
2257 595 2465 649 inordi-

882 706 1046 751 natus
1076 693 1491 749 effervescentis
1522 691 1691 743 animi
1741 699 1922 742 niotus
1958 687 2222 741 residebit
2246 696 2302 739 et
2330 702 2464 740 con-

882 790 1149 858 quiescet.
1192 786 1381 839 lsthazc
1419 784 1566 837 enim
1606 781 1926 852 pnefervida
1959 780 2315 847 intemperies
2345 778 2466 831 ani-

883 884 981 945 mi,
1008 891 1205 952 praeter
1240 888 1471 932 cazteras
1505 878 1732 930 vitiosas
1761 875 2101 937 affectiones,
2136 874 2258 942 plus
2286 871 2468 925 concit

887 968 1195 1021 turbarum.
1256 967 1367 1020 Nec
1428 966 1534 1019 hoc
1580 964 1781 1027 solum,
1833 964 1925 1016 sed
1983 962 2221 1015 animam
2271 962 2471 1031 premit

884 1061 1087 1114 misere
1133 1068 1190 1112 et
1222 1061 1447 1112 allliclat
1492 1056 1863 1110 continenter.
1918 1056 2037 1109 Duo
2069 1055 2158 1108 isti
2213 1054 2467 1116 allectus,

886 1168 1085 1219 nempe
1117 1151 1195 1203 ira
1221 1159 1277 1203 et
1302 1149 1636 1218 indignatio,
1663 1158 1891 1216 nepotes
1915 1148 2105 1216 utique
2129 1155 2256 1199 sunt
2278 1146 2472 1200 matris

889 1246 1072 1306 unius,
1102 1246 1221 1311 ejus
1246 1259 1369 1312 qua:
1395 1242 1632 1296 stultitia
1666 1248 1897 1293 vocatur
1928 1240 2043 1292 sive
2076 1239 2469 1308 imprudentia.

887 1338 979 1391 Ait
1012 1339 1160 1389 enim
1202 1354 1213 1388 :
1256 1354 1272 1385 ι
1314 1335 1513 1388 Tutum
1557 1333 1804 1385 animum
1859 1347 2021 1385 suum
2068 1334 2277 1401 profert
2332 1331 2473 1384 stul-

892 1439 982 1484 tus
1013 1431 1075 1483 ".
1115 1448 1133 1480 ι
1182 1429 1247 1483 lit
1283 1447 1295 1481 :
1331 1447 1349 1476 ι
1402 1426 1616 1479 Stultus
1648 1425 1767 1494 ipso
1812 1424 1902 1477 die
1940 1425 2124 1493 prodit
2168 1426 2303 1477 iram
2344 1425 2407 1476 “.
2448 1443 2469 1477 ›

889 1522 993 1587 Qui
1040 1522 1207 1589 igitur
1251 1519 1319 1572 ab
1366 1520 1467 1571 hac
1513 1518 1688 1571 invisa
1734 1526 1791 1569 et
1838 1517 2022 1570 hostili
2066 1525 2312 1586 parente,
2353 1532 2475 1584 qua:

893 1615 1031 1668 istos
1083 1612 1382 1683 progenuit
1441 1612 1606 1671 fetus,
1641 1609 1913 1678 disparari
1964 1610 2084 1661 vult
2126 1626 2190 1661 ac
2235 1608 2470 1678 scjungi,

889 1705 1134 1773 seipsum
1185 1714 1243 1756 ut
1277 1704 1457 1753 vincat
1505 1714 1733 1753 necesse
1766 1708 1874 1762 est,
1913 1697 1966 1751 in
2000 1699 2169 1751 multa
2212 1698 2474 1768 patientia

890 1805 947 1849 ct
976 1794 1161 1847 cordis
1194 1793 1445 1854 lenitate,
1476 1790 1712 1861 supplici
1748 1806 1911 1859 prece
1947 1789 2015 1842 ad
2042 1790 2236 1854 Deum,
2276 1789 2474 1858 suique

2571 592 2679 660 γὰρ
2704 591 2874 660 θυμὸς
2905 592 3090 643 πλεῖον
3111 590 3218 641 τῶν
3237 590 3413 643 ἄλλων
3439 589 3627 642 παθῶν
3648 593 3941 661 ταράττειν
3995 594 4151 646 εἴωθε

2571 686 2667 738 καὶ
2694 685 2917 753 συγχεῖν
2951 684 3048 753 τὴν
3078 682 3278 752 ψυχήν.
3317 683 3375 735 ’0
3409 683 3579 753 θυμὸς
3613 693 3707 736 καὶ
3730 689 3763 754 ἡ
3792 686 3950 754 ὀργὴ,
3990 688 4040 738 οἱ
4062 686 4153 738 δύο

2567 769 2716 828 οῦτοι
2742 777 2871 845 μιᾶς
2897 776 3102 844 μητρὸς
3121 775 3323 843 ἥττονα
3344 777 3673 845 τυγχάνουσι
3695 779 3791 843 τῆς
3815 779 4153 848 καλουμένης

2569 868 2909 938 ἀφροσύνης.
2973 870 3112 938 Φησὶ
3174 868 3315 938 γάρ’
3355 889 3372 920 ι
3426 869 3590 920 ὐὶον
3648 871 3739 923 τὸν
3780 871 3952 940 θυμὸν
3990 871 4153 923 αὐτοῦ

2571 963 2797 1031 ἐκφέρει
2844 960 3057 1028 ἄφρων.
3091 980 3108 1009 ι
3146 960 3251 1013 Καί
3280 976 3292 988 ·
3326 980 3345 1009 ι
3386 963 3611 1032 ’Λφρων
3650 963 3964 1033 σὺθήμερον
3998 964 4154 1030 ἐξαγ-

2570 1051 2757 1118 γέλλει
2795 1050 2989 1120 ὀργήν.
3031 1068 3049 1100 ι
3100 1051 3157 1103 ΓΟ
3198 1047 3291 1103 οῦν
3320 1050 3490 1104 θέλων
3536 1053 3876 1123 χωρισθῆναι
3921 1056 4034 1107 ἀπὸ
4061 1056 4153 1123 τῆς

2571 1144 2872 1213 δυσμενοῦς
2901 1146 3170 1213 τεκούσης
3228 1145 3454 1207 αὐτοὺς,
3498 1149 3831 1214 κρατησατω
3870 1148 4065 1200 ἑαυτὸν
4098 1150 4153 1199 ἐν

2574 1238 2826 1307 ὑπομονῇ
2880 1238 3073 1305 πολλῇ,
3127 1239 3222 1289 καὶ
3273 1238 3476 1308 ιιιτρειείᾳ⁵
3538 1240 3733 1309 καρδίᾳ
3775 1240 3869 1291 καὶ
3918 1244 3984 1309 τῇ
4025 1242 4156 1309 πρὸς

2574 1333 2705 1386 Θεὸν
2761 1334 2962 1403 ἱκεσία,
3003 1333 3096 1386 καὶ
3141 1332 3230 1384 διὰ
3268 1332 3360 1384 τοῦ
3411 1334 3752 1402 ἀρνήσασθαι
3804 1334 4032 1385 ἑαυτόν⁸
4065 1337 4155 1387 καὶ

2575 1426 2785 1494 ταχέως
2840 1424 3220 1494 ἐλευθεροῦται
3256 1426 3316 1492 ἐξ
3360 1426 3553 1494 αὐτῆς.
3594 1428 3705 1479 Καὶ
3738 1428 3950 1495 γίνεται
3988 1430 4017 1480 ὁ
4049 1429 4155 1490 υίὸς

2574 1517 2674 1584 τῆς
2707 1514 2899 1583 σοφίας
2924 1516 3186 1584 θεῦφοὸος
3211 1518 3306 1570 καὶ
3338 1517 3603 1586 θεόφιλος.
3645 1538 3662 1569 ι
3716 1520 3887 1588 ’Λρχὴ
3934 1522 4045 1591 γάρ
4072 1538 4153 1573 ao-

2578 1610 2729 1677 φίας,
2768 1607 2929 1677 φόϐος
2957 1609 3186 1678 Κυρίου.
3218 1629 3236 1661 ι
3272 1610 3413 1663 Καί·
3447 1629 3465 1660 ι
3501 1614 3562 1662 Οἱ
3589 1612 3915 1677 ἀγαπῶντες
3934 1616 4029 1665 τὸν
4055 1613 4159 1665 Kni-

2581 1716 2717 1768 ριον,
2763 1701 2975 1769 μισεῖτε
3007 1702 3241 1770 πονηρά.
3274 1719 3293 1751 ι
3339 1702 3431 1753 Ἐκ
3463 1701 3556 1754 τοῦ
3594 1704 3702 1773 γὰρ
3736 1704 3906 1770 φὸὁου
3954 1706 4035 1766 είς
4062 1706 4157 1773 τὴν

2576 1790 2799 1860 ἀγάπην
2838 1791 3125 1860 προϐαίνει
3158 1791 3253 1844 τοῦ
3294 1792 3452 1847 Θεοῦ.
3486 1795 3592 1847 Καὶ
3644 1796 3671 1845 ὁ
3721 1796 4157 1866 Ἐκκλησιαστής

894 1887 1069 1956 ipsius
1099 1884 1500 1953 abnegationc;
1534 1894 1591 1937 et
1637 1882 1682 1936 is
1720 1883 1853 1951 jugo
1880 1882 1971 1935 illo
2009 1898 2136 1935 mox
2161 1881 2477 1950 cmancipa-
2509 1876 2551 1931 Β
2581 1898 2655 1950 φη

2392 1897 2477 1949 pa-
2509 1876 2551 1931 Β
2581 1898 2747 1950 φησιν
2776 1898 2787 1909 ·
2832 1902 2850 1933 ι
2895 1884 3233 1954 Ἀπόστησον
3268 1885 3442 1955 θυμόν
3484 1904 3579 1939 σου
3612 1888 3721 1940 ἀπὸ
3770 1891 3999 1959 καρδίας
4045 1906 4154 1943 σου·

893 1988 1006 2041 tur,
1046 1979 1215 2045 litquc
1242 1976 1387 2028 filius
1412 1973 1716 2042 sapientiae.
1752 1972 1894 2037 Quid
1918 1972 2109 2027 enim?
2142 1972 2237 2026 Dei
2262 1973 2474 2027 consti-

895 2072 1069 2124 tuitur
1128 2068 1378 2131 amicus,
1444 2067 1615 2119 Deum
1676 2066 1935 2118 observat
1987 2065 2290 2118 venerabili
2347 2081 2472 2119 cum

895 2163 1091 2214 timore
1127 2178 1137 2211 :
1177 2178 1195 2209 ι
1244 2158 1467 2211 Initium
1511 2156 1784 2225 siquidem
1821 2157 2124 2224 sapientim,
2166 2156 2327 2208 timor
2367 2157 2476 2208 llo-

894 2253 1116 2306 mini”.
1175 2270 1196 2304 ι
1247 2252 1313 2303 Ισὶι
1362 2268 1375 2301 :
1429 2269 1445 2298 ι
1499 2250 1601 2313 Qui
1649 2249 1879 2317 diligitis
1932 2249 2263 2312 Dominum,
2326 2248 2479 2302 oditc

896 2343 1039 2395 mala
1073 2342 1135 2393 ”.
1175 2360 1191 2389 ι
1228 2344 1271 2394 Λ
1306 2340 1502 2391 timore
1529 2337 1675 2389 cnim
1720 2338 1814 2390 Dei
1851 2337 1916 2388 ad
1949 2338 2070 2405 ejus
2098 2337 2475 2401 dilectionem,

894 2437 1033 2491 ordo
1067 2446 1152 2489 est
1197 2448 1539 2503 progressus.
1579 2430 1687 2484 Sed
1727 2440 1781 2482 ct
1814 2430 2213 2483 licrlesiastes:
2250 2447 2267 2478 ι
2306 2428 2478 2481 Aufer

897 2528 1234 2583 iracundiam
1259 2543 1285 2578 ιι
1310 2525 1475 2578 corde
1498 2536 1614 2585 tuo,
1640 2531 1696 2576 et
1720 2538 1940 2575 remove
1964 2522 2237 2575 malitiam
2260 2537 2292 2575 a
2314 2537 2480 2575 carne

898 2628 989 2672 tua
1026 2619 1088 2669 ".
1130 2637 1148 2667 ι
1189 2617 1245 2669 1η
1277 2616 1560 2669 Parabolis
1606 2630 1825 2683 quoque
1859 2632 1870 2666 :
1904 2613 2171 2667 Mansueti
2221 2614 2391 2667 animi
2425 2624 2482 2668 et

896 2709 1187 2779 placabilis
1222 2708 1306 2759 vir
1340 2705 1525 2759 cordis
1564 2716 1650 2757 est
1681 2705 1949 2766 medicus,
1990 2705 2138 2757 tinea
2167 2715 2350 2758 autem
2388 2721 2481 2759 os-

898 2805 1064 2863 sium,
1090 2818 1186 2855 cor
1218 2799 1569 2853 sensitivinn.
1592 2798 1831 2850 Rursum
1864 2813 1877 2848 :
1912 2814 1930 2845 ι
1964 2796 2270 2863 llesponsio
2301 2796 2484 2849 mollis

899 2890 1097 2945 avertit
1124 2890 1257 2942 iratn
1289 2889 1363 2953 '9;
1393 2886 1488 2955 qui
1524 2902 1771 2955 prmceps
1809 2894 1893 2939 est
1925 2886 1991 2937 ad
2024 2884 2186 2950 iram,
2223 2895 2484 2953 operatur

901 2984 1021 3036 sine
1052 2980 1285 3034 consilio
1315 2980 1381 3031 ".
1433 2998 1450 3029 ι
1501 2979 1739 3032 llursum
1780 2994 1792 3028 :
1836 2995 1854 3027 ι
1904 2977 1995 3030 Vir
2024 2977 2267 3044 prudens
2308 2977 2483 3030 multa

900 3076 1096 3130 :utl‘ert
1124 3077 1190 3126 “.
1228 3093 1246 3123 ι
1280 3074 1347 3126 Ει
1380 3090 1391 3124 :
1435 3091 1451 3121 ι
1494 3069 1849 3140 Longanimis
1894 3070 1979 3121 vir
2008 3069 2193 3122 multa:
2229 3078 2315 3123 est
2345 3084 2480 3137 pru-

906 3167 1128 3228 dentia‘,
1154 3163 1525 3234 pusillanimis
1548 3173 1754 3223 autem,
1790 3160 1948 3213 fortis
1976 3167 2061 3213 est
2090 3159 2326 3213 stultitia
2350 3160 2419 3214 “.
2453 3179 2472 3210 ι

904 3257 1008 3310 Et:
1052 3276 1069 3306 ι
1109 3256 1201 3308 Vir
1247 3255 1547 3308 iracundus
1581 3253 1903 3319 neutiquam
1938 3251 2167 3319 pulcher
2200 3251 2265 3304 ”.
2311 3270 2330 3301 ο
2364 3250 2432 3304 Ει
2465 3268 2479 3303 :

904 3349 1104 3401 Totum
1148 3347 1393 3399 animum
1429 3359 1590 3397 suum
1623 3343 1837 3411 profert
1875 3340 2102 3404 stultus,
2135 3341 2357 3410 sapiens
2380 3355 2484 3393 au-

907 3447 1014 3492 tem
1073 3446 1316 3491 reservat
1367 3452 1463 3505 per
1518 3443 1731 3503 partem
1774 3434 1841 3485 ".
1888 3451 1905 3482 ι
1942 3432 2149 3485 lterum
2183 3448 2197 3484 :
2228 3452 2246 3484 ι
2283 3431 2362 3485 Nc
2408 3432 2485 3486 sis

904 3531 1063 3584 velox
1098 3528 1294 3597 Spiritu
1324 3527 1391 3580 ad
1422 3524 1797 3585 irascendum,
1827 3523 1955 3591 quia
1992 3523 2068 3577 ira
2096 3524 2152 3576 in
2189 3524 2312 3576 sinu
2344 3523 2485 3576 stul-

908 3630 1087 3674 torum
1128 3615 1427 3685 requiescit
1451 3616 1515 3666 ".
1550 3634 1568 3665 ι
1593 3644 1660 3652 —-
1682 3632 1699 3664 ι
1733 3614 1907 3667 Ιιυιιιο
1946 3612 2252 3665 iracundus
2291 3612 2484 3665 incen-

906 3712 988 3767 dit
1028 3726 1289 3778 pngnam,
1328 3723 1439 3761 non
1486 3708 1635 3760 enim
1688 3706 1894 3775 poterit
1938 3704 2239 3758 iracundus
2280 3704 2485 3773 justiﬁ-

907 3802 1044 3856 cari.
1076 3800 1173 3853 Vir
1201 3808 1456 3868 peccator
1490 3795 1739 3850 turbabit
1772 3795 2001 3860 amicos,
2035 3804 2091 3849 ct
2138 3794 2192 3848 in
2238 3794 2485 3848 medium

908 3907 1099 3961 pacem
1149 3888 1471 3942 habentium
1514 3887 1775 3940 immittet
1809 3885 2140 3939 calumniam
2164 3886 2229 3938 “.
2268 3904 2286 3936 ι
2318 3886 2486 3938 Indu-

909 3984 987 4037 cit
1019 4001 1032 4035 :
1073 4003 1089 4033 ι
1118 3982 1196 4037 Ne
1222 3982 1392 4034 fueris
1411 3980 1597 4034 socius
1613 3979 1734 4032 viro
1756 3978 2041 4041 iracundo,
2064 3977 2241 4030 amico
2263 3992 2486 4046 quoque

910 4076 1121 4129 furioso
1148 4090 1215 4128 ne
1236 4073 1543 4133 cohabites,
1569 4086 1638 4124 ne
1673 4070 1819 4124 forte
1843 4070 2025 4124 discas
2053 4070 2197 4122 viam
2226 4070 2349 4138 ejus
2371 4070 2437 4121 ".
2461 4088 2480 4120 ι

911 4169 988 4223 De
1024 4166 1293 4232 ejusmodi
1331 4165 1497 4219 etiam
1530 4163 1699 4217 David
1729 4180 1745 4216 :
1775 4180 1794 4213 ι
1828 4162 2003 4215 Furor
2044 4161 2155 4213 illis
2182 4160 2486 4213 secundum

911 4256 1332 4311 similitudinem
1382 4253 1696 4323 serpentis,
1754 4253 1900 4306 sicut
1948 4251 2155 4319 aspidis
2203 4250 2384 4304 surda:
2431 4260 2490 4305 et

911 4347 1226 4402 obturantis
1266 4360 1430 4399 aures
1478 4360 1608 4398 suas
1639 4343 1706 4397 “.
1752 4363 1771 4394 ι
1813 4342 2287 4408 Quemadmodum
2338 4342 2486 4394 enim

914 4442 1115 4510 vipera:
1147 4440 1294 4493 fetus
1324 4446 1553 4491 matrem
1586 4434 1857 4488 arrodunt
1895 4451 2074 4494 suam,
2106 4434 2189 4488 sic
2233 4433 2487 4487 iracundi

2580 1974 2673 2024 καὶ
2707 1974 2999 2041 παράγαγε
3051 1976 3320 2045 πονηρίαν
3348 1979 3456 2030 ἀπὸ
3497 1981 3699 2050 σαρκός
3737 1999 3851 2034 σου.
3901 2004 3919 2034 ι
3965 1986 4077 2037 Καὶ
4104 1988 4159 2036 ἐν

2578 2068 2696 2127 ταῖς
2731 2067 3082 2135 Παροιμίαις,
3140 2069 3461 2137 πραΰθυμος
3495 2072 3636 2141 ἀνὴρ
3669 2075 3900 2143 καρδίας
3942 2077 4156 2146 ἰατρός·

2580 2154 2678 2225 σὴς
2707 2155 2763 2208 δὲ
2794 2156 2997 2208 ὀστέων
3020 2158 3218 2226 καρδία
3249 2160 3564 2229 αἰσθητικὴ.
3595 2163 3702 2213 Καὶ
3730 2165 3913 2216 πάλιν·
3948 2186 3964 2216 ι
4007 2168 4161 2219 ’Λπό-

2580 2263 2761 2315 κρισις
2792 2248 3177 2301 ὑποπίπτουσα
3219 2252 3555 2321 ἀποστρέφει
3592 2254 3781 2319 θυμόν·
3819 2256 3846 2306 ὁ
3881 2256 3937 2308 δὲ
3970 2258 4163 2320 63,509-

2583 2357 2681 2409 μος
2728 2341 2966 2409 πράσσει
3004 2342 3143 2410 μετὰ
3179 2342 3490 2402 ἀϐουλίας.»
3531 2345 3637 2395 Καὶ
3670 2345 3832 2397 πάλιν
3873 2363 3889 2378 ³
3930 2367 3947 2398 ι
4004 2349 4163 2418 ’Λνὴρ

2581 2431 2849 2499 φρόνιμος
2880 2431 3051 2483 πολλὰ
3082 2434 3365 2502 ὑποφέρει.
3412 2452 3430 2484 ›
3491 2436 3620 2496 Καὶ,
3657 2456 3673 2485 ι
3718 2438 3773 2486 't)
3812 2440 4163 2508 μακρίθνμος

2579 2522 2719 2591 ἀνὴρ
2750 2522 2916 2584 πολὺς
2950 2523 3008 2574 ἐν
3056 2524 3337 2592 φρονήσει.
3378 2523 3434 2575 Ὀ
3464 2524 3518 2576 δὲ
3564 2524 3896 2595 ολιγὸᾲυχος
3944 2531 4162 2598 ίτχυῴς

2584 2613 2791 2682 ἄφρων.
2834 2633 2853 2665 ι
2894 2613 3036 2666 Καί·
3071 2632 3087 2664 ι
3131 2615 3294 2683 Ἀνὴρ
3344 2614 3597 2686 θυμώδης
3642 2620 3740 2670 οὐκ
3789 2620 4105 2689 εὐσχήμων.
4143 2641 4160 2669 υ

2583 2700 2863 2767 Καὶαῦθις
2891 2721 2905 2735 ⁸
2937 2723 2955 2755 ι
2986 2706 3148 2757 "(Dav
3174 2707 3268 2757 τὸν
3304 2706 3471 2776 θυμὸν
3509 2708 3674 2760 αὐτοῦ
3697 2710 3925 2779 ἐκφέρει
3959 2713 4162 2779 ἄφρων,

2585 2796 2745 2862 σοςςὸς
2772 2797 2823 2847 δὲ
2861 2798 3184 2865 ταμιεύεται
3217 2799 3360 2851 κατά
3391 2800 3578 2870 μέρος.
3611 2818 3629 2850 ι
3664 2802 3775 2854 Καὶ
3808 2803 3994 2865 πάλιν,
4039 2825 4056 2850 ι
4082 2806 4166 2873 Μὴ

2586 2887 2830 2957 σπεύσῃς
2887 2891 2945 2940 ἐν
3000 2890 3271 2960 πνεύματί
3342 2908 3438 2944 σου
3494 2892 3829 2963 θυμοῦσθαι.
3887 2897 3971 2948 ὅτι
4005 2898 4168 2965 θυμὸς

2586 2982 2643 3031 ἐν
2674 2980 2859 3051 κόλπῳ
2912 2982 3166 3050 ἀφρόνων
3188 2983 3581 3036 ἀναπαύεται.»
3621 2986 3729 3039 Καὶ
3765 2986 3951 3050 πάλιν,
3992 3008 4011 3039 ι
4054 2992 4169 3041 Ἀν-

2585 3072 2804 3141 θρωπος
2862 3072 3117 3144 θυμώδης
3176 3077 3392 3129 ἐκκαίει
3452 3078 3653 3147 μάχην.
3713 3079 3788 3131 Οῦ
3840 3080 3953 3148 γὰρ
4012 3080 4167 3149 δυνή-

2588 3182 2745 3218 σεται
2783 3165 3070 3236 ἄνθρωπος
3100 3168 3359 3237 θυμώδης
3382 3169 3764 3239 δικαιωθῆναι.
3799 3190 3817 3221 ι
3847 3172 3960 3224 Καὶ
3994 3169 4168 3236 αὖθις,

2593 3273 2611 3305 ι
2663 3257 2827 3326 ’Λνὴρ
2860 3259 3185 3327 ἁμαρτωλὸς
3232 3261 3461 3327 ταράξει
3501 3264 3710 3329 φίλους,
3744 3264 3836 3314 καὶ
3865 3264 3977 3315 ἀνά
4013 3266 4169 3329 μέσον

2587 3346 2978 3414 εἱρηνευὸντων
3012 3350 3241 3418 ἐμϐαλεῖ
3268 3350 3577 3421 διαδολήν.»
3614 3355 3725 3406 Καὶ
3754 3356 3960 3421 ἐπάγει
3995 3372 4009 3383 ·
4041 3375 4060 3405 ι
4085 3356 4168 3424 Μὴ

2589 3435 2696 3488 ἴσθι
2730 3438 2944 3505 ἑταῖρος
2994 3448 3017 3474 ε
3062 3440 3216 3509 ἀνδρὶ¹
3249 3439 3510 3510 θυμὼδει.
3558 3442 3701 3511 Φίλῳ
3746 3442 3805 3495 δὲ
3848 3444 4060 3515 ὀργίλῳ
4100 3445 4167 3513 μὴ

2588 3526 2932 3591 συναυλίζου,
2969 3529 3043 3598 μή
3087 3546 3216 3581 ποτε
3254 3530 3434 3601 μάθῃς
3466 3532 3564 3600 τὴν
3591 3532 3716 3585 ὁδὸν
3761 3533 3955 3589 αὑτοῦ.
4002 3553 4023 3586 ι
4072 3536 4171 3586 Καὶ

2586 3622 2615 3671 ὀ
2640 3619 2806 3673 Δαϐὶδ
2836 3622 3196 3690 περὶτούτων
3224 3623 3381 3691 φησὶ,
3424 3643 3441 3675 ι
3466 3625 3650 3694 Θυμδς
3690 3628 3872 3689 αὐτοῖς
3906 3629 4052 3681 κατά
4079 3630 4172 3696 τὴν

2586 3710 2849 3778 ὁμοίωσιν
2873 3710 2968 3763 τοῦ
3003 3711 3200 3779 ὄφεως,
3233 3713 3369 3767 ὡσεὶ
3397 3716 3624 3780 ἀσπίδος
3663 3718 3857 3785 κωφῆς
3890 3722 3987 3772 καὶ
4021 3720 4169 3789 βυού·

2590 3817 2689 3870 σης
2722 3801 2791 3853 τὰ
2838 3795 2954 3856 ὦτα
2997 3804 3187 3873 αὐτῆς.
3229 3825 3249 3858 ι
3284 3806 3496 3876 Ὥσπερ
3538 3810 3651 3878 γὰρ
3706 3810 3774 3863 τὰ
3821 3810 3925 3880 τῆς
3961 3812 4172 3882 ἐχίδνης

2587 3893 2907 3963 γεννήματα
2954 3896 3303 3949 κατεσθίουσι
3341 3898 3608 3951 τεκοῦσαν
3643 3902 3877 3971 μητέρα,
3909 3903 4059 3956 οὕτω
4089 3904 4171 3956 λο-

2587 3985 2787 4054 γισμὸς
2829 3986 3104 4057 θυμώδης.
3150 3989 3212 4041 'll
3260 3991 3542 4060 προσευχὴ
3599 3992 3695 4045 τοῦ
3745 3994 4055 4063 θυμὼδους,
4101 3996 4173 4058 ὡς

2592 4077 2846 4146 θυμίαμα
2898 4078 3318 4147 ἐϐδελυγμένον,
3355 4082 3448 4134 καὶ
3499 4084 3533 4151 ὴ
3581 4082 3879 4153 ψαλμῳδξα
3912 4085 4173 4148 αὐτοῦώς

2591 4164 2725 4239 ἦχος
2754 4170 2945 4241 ἀηδής.
2981 4172 3088 4222 Καὶ
3123 4170 3314 4241 ὥσπερ
3348 4171 3486 4225 λέων
3514 4175 3572 4224 ἐν
3608 4172 3808 4245 ζώγρῳ
3858 4180 4007 4229 κινεῖ
4052 4179 4173 4239 τοὺς

2594 4262 2931 4330 στρόφιγγας
2962 4263 3225 4333 συνεχῶς,
3250 4263 3396 4316 οῦτω
3424 4265 3518 4317 καὶ
3551 4264 3808 4335 θυμώδης
3833 4270 4056 4322 ἐκκαίει
4088 4271 4173 4322 λο-

2592 4354 2823 4421 γισμοὺς
2854 4354 3045 4423 ὀργῆς.
3078 4356 3184 4407 Καὶ
3218 4353 3409 4426 ὥσπερ
3449 4357 3651 4425 ἄνεμος
3684 4360 3919 4429 σφοδρὸς
3940 4361 4005 4412 οὐ
4043 4364 4176 4413 κινεῖ

2594 4446 2807 4515 πῦργον
2839 4446 3035 4516 ὀχυρὸν
3056 4487 3072 4509 ,
3103 4446 3247 4499 οὓτω
3273 4447 3454 4517 ψυχὴν
3492 4450 3766 4520 ἀόργητον
3796 4453 3857 4504 οὗ
3898 4454 4173 4523 συναρπά-

912 4531 1155 4585 hominis
1203 4528 1565 4598 cogitationes
1611 4542 1711 4581 cor
1752 4526 2018 4580 exedunt.
2070 4525 2141 4581 Ut
2193 4526 2488 4595 thymiama
2524 4542 2566 4596 ί)
2594 4536 2674 4600 ζει

2411 4543 2488 4579 Illa
2524 4542 2566 4596 Ι)
2594 4536 2679 4600 ζει
2707 4538 2900 4607 θυμός.
2931 4536 2989 4590 ’0
3014 4538 3069 4590 δὲ
3117 4539 3437 4604 Ἀπόστολος
3459 4540 3731 4595 νουθετῶν
3754 4560 3927 4612 φησιν
3953 4562 3999 4596 ἰ
4022 4545 4173 4597 Ἀπό·

915 4622 1250 4676 inamoenum
1272 4629 1327 4673 et
1346 4617 1710 4681 exsecrabile,
1735 4618 1808 4671 ita
1835 4617 1997 4670 istius
2021 4626 2323 4670 concentus
2342 4620 2489 4686 psal-

914 4752 1163 4797 morum,
1217 4748 1388 4787 sonus
1439 4730 1706 4786 insuavis.
1758 4727 2232 4794 Quemadmodum
2289 4728 2375 4782 leo
2433 4727 2489 4782 in

915 4829 1127 4885 vivario
1179 4826 1440 4879 continue
1498 4832 1752 4876 movetur
1786 4821 2027 4888 obliquis
2085 4820 2354 4883 flexibus,
2410 4820 2489 4874 ita

915 4922 1216 4977 iracumlus
1266 4934 1453 4974 secum
1510 4926 1698 4972 versat
1749 4916 2113 4986 cogitationes
2166 4915 2280 4969 irze.
2334 4915 2491 4968 Sicut

914 5028 1113 5067 currus
1174 5013 1369 5065 turrim
1415 5010 1685 5065 munitam
1719 5024 1830 5061 non
1865 5016 2050 5061 movet
2088 5006 2230 5067 loco.
2263 5008 2341 5059 sie
2372 5006 2496 5059 ani-

914 5122 1067 5161 mum
1100 5104 1492 5159 inirascibilem
1537 5118 1649 5156 non
1680 5099 1883 5169 abripit
1926 5098 2235 5152 iracundia.
2268 5099 2503 5166 Aposto-

915 5200 1003 5253 lus
1033 5198 1338 5252 admonens
1367 5196 1445 5252 ait
1476 5213 1489 5248 :
1523 5214 1542 5246 ι
1574 5195 1843 5265 Deponitc
1872 5201 1928 5245 et
1957 5207 2054 5244 vos
2083 5190 2291 5253 omnia,
2334 5190 2497 5253 iram,

923 5290 1136 5361 1066
1181 5288 1651 5358 indignationem,
1714 5283 2009 5345 malitiam,
2061 5280 2497 5349 blasphemiam,

920 5392 1135 5452 turpem
1152 5397 1461 5435 sermonem
1477 5380 1543 5433 de
1561 5394 1657 5432 ore
1677 5375 1944 5431 vestro".
1967 5393 1985 5424 ι
2007 5373 2177 5427 Infert
2193 5388 2206 5425 :
2220 5392 2236 5423 ι
2257 5372 2318 5425 ιιι
2338 5386 2499 5440 prece

991 5522 1037 5551 "
1079 5521 1239 5573 Prov.
1269 5534 1413 5581 χιιι,
1451 5517 1559 5584 ll,
1612 5517 1653 5547 ¹⁸
1686 5516 1849 5570 Prov.
1879 5529 1974 5574 xu.
2016 5512 2099 5566 16.

919 5607 1007 5649 xv,
1048 5593 1097 5643 l.
1170 5594 1215 5621 “
1258 5590 1415 5643 Prov.
1448 5604 1554 5646 xw.
1590 5587 1677 5639 l7.

920 5663 963 5692 "
999 5661 1178 5713 Ecclc.
1213 5675 1284 5713 vtl
1311 5699 1326 5724 ,
1366 5660 1449 5715 lC.

1753 5587 1793 5617 "
1827 5584 1987 5637 Prov.
2022 5599 2091 5637 si.
2128 5582 2210 5634 1‘2.

1526 5659 1570 5690 ’°
1605 5655 1774 5712 Eccli.
1812 5669 1996 5717 xxvnt,
2034 5655 2118 5706 ll.

2180 5511 2223 5542 “‘
2263 5511 2406 5566 l’sal.
2448 5526 2501 5573 ο,
2539 5509 2629 5563 10.
2744 5509 2787 5538 ¹⁷
2830 5509 2880 5560 P:

2180 5583 2210 5633 Ξ.
2326 5582 2371 5611 ¹¹
2410 5581 2572 5633 Prov.
2625 5595 2742 5639 λιιι,
2796 5578 2880 5631 16.

2197 5654 2239 5683 ³⁷
2271 5651 2441 5706 Eccli.
2473 5665 2582 5713 xu,
2617 5650 2708 5702 9.5.

2598 4627 2756 4680 θεσθε
2811 4630 2904 4681 καὶ
2945 4628 3105 4698 ὑμεῖς
3141 4628 3211 4681 τά
3240 4630 3440 4695 πάντα,
3486 4632 3681 4702 ὀργὴν,
3720 4632 3915 4702 θυμὸν,
3953 4636 4170 4698 κακίαν,

2598 4719 2971 4789 βλασφημίαν,
3005 4722 3413 4791 αἰσχρολογίαν,
3436 4724 3500 4776 ἐκ
3528 4723 3625 4776 τοῦ
3662 4725 3933 4794 στόματος
3967 4726 4168 4797 ὑμῶν..

2598 4815 2707 4867 Καὶ
2746 4814 2999 4883 ἐπιφέρει
3034 4831 3050 4844 ·
3086 4833 3105 4863 ι
3161 4814 3247 4866 Ἐν
3284 4814 3395 4886 γὰρ
3428 4817 3623 4888 εἰρήνῃ
3648 4816 3922 4885 κέκληκεν
3967 4819 4114 4887 ἡμᾶς
4148 4820 4174 4870 ὀ

2596 4904 2750 4965 Θεός.
2790 4923 2808 4954 ι
2842 4905 2907 4957 Οἱ
2937 4905 3049 4974 γὰρ
3078 4904 3347 4973 θυμὼδεις
3377 4906 3457 4969 εἰς
3499 4907 3627 4969 τοὺς
3661 4907 3896 4977 ἐχθροὺς
3919 4908 4018 4962 τοῦ
4050 4911 4174 4979 Χρι-

2599 4994 2725 5048 στοῦ
2754 4995 3078 5061 λογίζονταιο
3120 4996 3196 5058 ὡς
3222 4999 3318 5049 καὶ
3342 4996 3485 5066 ἄλλῳ
3508 4997 3744 5068 εἴρηται,
3778 5017 3797 5049 ι
3830 4995 4052 5071 Ἧρξαν
4088 5002 4174 5054 θυ-

2601 5085 2835 5156 μοῦσθαι
2895 5087 3178 5156 ἄρχοντες.
3218 5107 3237 5137 ι
3275 5089 3386 5142 Καὶ
3417 5088 3447 5139 ὁ
3491 5088 3739 5160 Ἡρώδης
3777 5090 3928 5152 ἰδὼν,
3967 5093 4051 5145 ὅτι
4097 5094 4175 5144 tv-

2596 5178 2838 5249 επαίχθη
2868 5180 2974 5232 ὑπὸ
3004 5179 3112 5231 τῶν
3138 5180 3349 5248 μάγων,
3371 5179 3630 5250 ἐθυμώθη
3660 5180 3803 5235 λίαν.
3822 5183 3934 5236 Καὶ
3960 5183 4177 5253 πέμψας

2598 5272 2811 5325 ἀνεῖλεν
2839 5272 3048 5334 πάντας
3077 5274 3205 5334 τοὺς
3239 5273 3436 5335 παῖδας
3457 5272 3585 5335 τοῦς
3608 5276 3668 5325 ἐν
3698 5273 3978 5345 Βηθλεέμ,
4010 5278 4104 5329 καὶ
4127 5278 4177 5327 ἐν

2600 5366 2735 5417 πᾶσι
2787 5366 2902 5421 τοῖς
2946 5365 3115 5434 ὁρίοις
3155 5363 3350 5430 αὐτῆς.
3389 5363 3479 5415 διὰ
3528 5365 3621 5417 τὸν
3676 5364 4049 5437 φθονούμενον
4092 5366 4178 5417 καὶ

2744 5509 2787 5538 ¹⁷
2830 5506 2972 5561 Psal.
3003 5522 3145 5566 xcvi,
3180 5505 3262 5558 l0.
3376 5506 3417 5536 "'
3450 5506 3635 5567 Ercle.
3666 5524 3739 5567 xl.
3766 5506 3854 5561 10.
3936 5508 3978 5537 ’⁸
4020 5506 4171 5560 Prov.

2983 5578 3026 5608 ¹³
3060 5577 3217 5629 l’rov.
3272 5592 3360 5635 xv,
3415 5576 3498 5629 l8.
3598 5579 3642 5607 ²’
3672 5578 3838 5632 Prov.
3900 5593 4042 5637 uti.
4094 5575 4171 5627 U-

2785 5650 2831 5678 ¹¹⁸
2856 5646 2976 5701 l‘sal
3026 5662 3152 5711 un,
3185 5647 3237 5700 5.
3315 5650 3360 5676 ”
3390 5647 3605 5702 Coloss.
3647 5664 3725 5710 nt,
3756 5648 3808 5701 8.

2251 5744 2485 5802 VARUE
2518 5742 2927 5801 LECTIONES.

994 5837 1014 5862 '-'
1049 5825 1220 5889 φίλος.
