4462 6440
191 461 339 521 1500
1244 463 1567 522 NOMINA
1614 462 1788 521 XXV.
1820 485 1885 494 -·
1910 460 1953 519 Ι]

1698 462 1788 520 IV.
1820 485 1885 494 -·
1910 460 2008 519 DE
2050 459 2462 519 TRISTITIA.
3323 456 3460 520 1510

187 577 507 645 πολύτιμον
562 576 906 649 μαργαρίτην
957 575 1049 626 τὸν
1122 576 1325 644 Κύριον
1368 577 1523 645 ἡμῶν
1578 574 1784 643 Ἰησοῦν
1818 580 1856 634 Α
1886 587 1949 625 en

1706 574 1784 626 ὤν
1818 580 1856 634 Α
1886 572 2034 625 enim
2081 572 2297 624 vocavit
2353 588 2454 626 nos
2507 571 2652 626 Deus
2684 573 2750 624 ³⁸.
2788 590 2807 622 ι
2846 570 3099 626 Iracundi
3138 570 3284 625 enim
3308 615 3321 633 ,
3365 589 3468 638 pro

190 665 445 731 XpL3:?.-a
483 667 572 716 τὸν
606 667 738 717 θεὸν
768 665 945 734 ἡμῶν.
981 660 1138 730 Λύτῴ
1164 664 1196 730 ἡ
1230 662 1355 725 δόξα
1386 664 1464 723 εἰς
1490 663 1619 724 τοὺς
1654 662 1784 715 αἰῶ·
1891 664 1951 716 (ιι

1702 662 1784 712 ἰῶ·
1891 662 2097 717 (Ihristi
2126 663 2367 716 inimicis
2391 664 2684 729 habentur,
2716 680 2816 719 ceu
2853 664 2906 718 in
2942 665 3051 718 alio
3081 664 3286 718 dictum
3309 665 3464 719 loco:

185 774 313 818 νας.
374 759 571 827 ’Λμήν.
1901 774 1917 806 ι

1901 774 1917 806 ι
1957 755 2261 825 Cmpcrunt
2300 756 2487 809 animo
2520 759 2728 811 moveri
2767 758 3048 828 principes
3079 757 3145 810 ".
3204 776 3221 806 ι
3269 755 3375 809 Sed
3412 767 3467 808 et

185 852 476 913 llerodes,
499 852 691 904 videns
733 850 879 920 quod
929 849 1125 904 illusus
1173 857 1320 902 esset
1386 864 1415 901 a
1451 846 1651 915 Magis,
1704 846 1878 901 iratus
1916 859 2000 902 est
2042 850 2223 913 valde,
2265 858 2321 902 et
2362 849 2546 902 missis
2616 851 2946 904 satellitibus
3012 848 3213 904 occidit
3277 862 3469 900 onuies

184 958 413 1011 pueros
472 944 564 1011 qui
626 953 787 996 erant
843 944 897 996 in
961 942 1241 996 Bethleem
1300 949 1355 993 ct
1418 940 1471 992 in
1530 938 1790 992 Ollltllblls
1829 940 2029 993 tinitms
2107 942 2257 1010 ejus,
2302 949 2529 1010 propter
2605 941 2767 1012 longe
2810 942 3270 1012 pretiosissinnuu
3320 954 3468 991 mar-

183 1039 443 1106 garitum
480 1038 568 1091 cui
605 1038 770 1091 vitam
816 1037 1099 1090 invidebat
1141 1053 1154 1089 :
1213 1049 1412 1104 nempe
1457 1034 1748 1087 Dmninum
1792 1048 1856 1087 ac
1894 1033 2065 1087 Deum
2104 1042 2354 1088 nostrum
2389 1034 2575 1088 .lesum
2614 1032 2917 1098 Christum,
2947 1033 3036 1088 cui
3071 1035 3244 1103 gloria
3274 1034 3329 1087 in
3365 1048 3468 1087 sae-

184 1132 341 1184 cula.
381 1132 581 1185 Amen.

819 1264 1038 1315 ΛυΓυΣ
1069 1264 1111 1314 li
1122 1263 1195 1315 ις’.

806 1375 941 1440 Περὶ
972 1376 1194 1441 λύπης.

261 1488 345 1538 Τὸ
390 1486 640 1556 ἀκαίρως
678 1485 989 1546 λυπεῖσθαι,
1022 1486 1086 1537 ἐκ
1111 1483 1206 1537 τοῦ
1238 1482 1503 1554 φθονεροῦ
1531 1480 1786 1551 δαίμονός

184 1584 376 1632 ἐστιν.
419 1581 533 1629 ἰνα
579 1584 688 1648 γαρ
722 1594 838 1639 πως
882 1576 1178 1645 ἀποσπάσῃ
1231 1578 1295 1628 ἐκ
1326 1576 1423 1643 τῆς
1474 1573 1785 1644 προθέσεως

182 1674 291 1741 τῆς
325 1674 503 1739 εὐχῆς
527 1669 617 1722 τὸν
645 1669 790 1731 νοῦν,
820 1670 911 1722 καὶ
953 1670 1202 1738 ἄκαρπον
1228 1670 1431 1739 ποιήσῃ
1453 1667 1543 1719 τὸν
1571 1666 1783 1735 ἄνθρω-

184 1784 314 1825 πον,
351 1764 448 1815 διὰ
482 1762 640 1814 τοῦτο
672 1761 978 1829 ἐπιπέμπει
1011 1759 1161 1829 αὐτῷ
1191 1760 1290 1829 τὴν
1317 1760 1549 1829 ἄκαιρον
1581 1758 1781 1825 λύπην.

2438 1261 2723 1317 HOMIIJA
2761 1260 2925 1315 XXV.

2504 1374 2583 1427 De
2616 1376 2858 1428 tristitia.

1963 1487 2120 1553 Quod
2169 1489 2296 1557 quis
2344 1488 2731 1557 intempestivo
2767 1490 3062 1543 conﬁcitur
3103 1504 3365 1552 maerore,
3401 1491 3469 1544 ab

1890 1578 2009 1648 ipso
2044 1590 2245 1633 nostra:
2293 1580 2488 1633 salutis
2518 1582 2718 1633 aemulo
2769 1580 3019 1635 dzemone
3069 1581 3465 1650 proficiscitur.

1890 1669 1948 1723 In
1984 1669 2089 1723 hoc
2119 1670 2266 1723 enim
2315 1671 2547 1723 instillat
2583 1671 2736 1725 cordi
2762 1672 3130 1740 importunam
3160 1674 3465 1734 tristitiam,

1889 1770 1951 1815 ut
1980 1772 2217 1815 mentem
2242 1779 2268 1815 a
2296 1763 2581 1831 proposito
2607 1772 2803 1817 avocet
2827 1774 2880 1818 ct
2897 1764 3212 1828 amoliatur,
3238 1765 3465 1829 orandi;

185 1856 264 1907 Ού
304 1856 422 1925 χρὴ
452 1855 629 1908 τοίνυν
687 1854 1090 1924 παραδέχεσθαι
1137 1852 1328 1922 αὐτὴν,
1384 1853 1477 1905 καὶ
1526 1851 1786 1920 ἄχθεσθαι
1820 1862 1859 1916 [ι
1890 1868 1947 1906 ac

1705 1851 1786 1902 θαι
1820 1862 1859 1916 [ι
1890 1868 1953 1906 ac
1989 1854 2223 1922 proinde
2260 1856 2537 1907 hominem
2590 1856 2769 1923 ipsmn
2815 1856 3017 1925 infrugi
3070 1856 3264 1909 reddat
3302 1868 3467 1924 atque

186 1948 475 2016 ἀκαίρως,
504 1947 597 1999 καὶ
637 1944 879 2015 πληροῦν
912 1945 1009 2014 τὴν
1039 1944 1216 2013 χαρὰν
1244 1944 1337 1996 τοῦ
1365 1943 1613 2012 Ἐχθροῦ,
1644 1942 1784 1994 ἀλλὰ

190 2036 409 2104 μᾶλλον
436 2034 745 2103 ἀνασφῆλαι
783 2036 847 2086 ἐκ
888 2036 987 2104 τῆς
1030 2033 1322 2101 ἐπιϐουλῆς
1360 2032 1452 2085 τοῦ
1486 2032 1785 2100 ἀλάστορος

185 2125 283 2178 τοῦ
309 2127 418 2193 τῆς
440 2126 618 2195 λύπης
648 2125 923 2195 δαίμονος.
947 2124 1119 2175 Ὅταν
1148 2124 1258 2193 γὰρ
1277 2126 1339 2177 τὸ
1368 2124 1604 2193 πονηρὸν
1627 2122 1787 2174 τοῦτο

190 2218 428 2287 πνεῦμα
459 2218 857 2288 περιδράξηται
887 2217 987 2285 τῆς
1034 2217 1236 2286 ψυχῆς,
1284 2218 1377 2269 καὶ
1441 2217 1572 2287 ὅλην
1617 2215 1785 2285 αὐτὴν

192 2311 459 2381 σκοτίση,
496 2311 597 2362 οὐκ
642 2310 807 2378 εὐχὰς
865 2309 1106 2361 ἐκτελεῖν
1154 2309 1296 2376 μετά
1348 2307 1656 2378 προθυμίας
1687 2325 1781 2359 συ-

190 2407 430 2473 γχωρεῖ,
450 2403 573 2455 οὔτε
610 2403 770 2473 ἱερῶν
790 2402 1233 2471 ἀναγνωσμάτων
1249 2404 1315 2472 τῇ
1336 2402 1571 2471 ὠφελείᾳ
1589 2404 1787 2470 ἐγκαρ-

191 2499 404 2565 τερεῖν.
463 2494 602 2547 υΰτε
656 2496 831 2564 πρᾶον
890 2494 982 2545 καὶ
1028 2492 1435 2562 εύκατάμικτον
1479 2493 1615 2562 πρὸς
1658 2494 1786 2553 τοὺς

194 2588 471 2653 ἀδελφοὺς
505 2587 750 2655 ἀεξίησιν·
775 2586 869 2637 καὶ
897 2585 1033 2654 πρὸς
1049 2586 1218 2655 αὐτὴν
1236 2585 1330 2638 τοῦ
1354 2585 1469 2654 βίου
1490 2586 1589 2655 τὴν
1616 2586 1788 2651 ἐπαγ-

194 2679 395 2744 γελίαν
437 2679 592 2746 μῖσος
629 2680 869 2746 ἐμποιεῖ,
901 2677 993 2729 καὶ
1042 2677 1219 2730 πάντα
1271 2676 1456 2738 ἁπλῶς
1492 2677 1559 2727 τὰ
1611 2691 1787 2743 σωτη-

200 2768 375 2838 ριώδη
407 2768 751 2837 βουλεύματα
791 2767 891 2834 τῆς
922 2768 1101 2839 ψυχῆς
1142 2771 1175 2838 ἠ
1200 2768 1347 2836 λύπη
1380 2767 1681 2833 συγχέασα,
1712 2764 1788 2826 ὼς

196 2862 417 2929 ἄφρονα
462 2860 671 2929 ταύτην
727 2862 819 2914 καὶ
861 2862 1200 2932 παραπλῆγα
1248 2859 1643 2928 ἀπεργάζεται,
1675 2873 1786 2907 κω-

198 2952 407 3003 λύουσα
459 2953 643 3003 πᾶσαν
694 2954 907 3023 ἀγαθὴν
958 2951 1269 3021 συντυχίαν.
1316 2952 1423 3001 Καὶ
1468 2948 1589 3000 οἱδὲ
1634 2946 1788 3015 παρὰ

199 3042 308 3095 τῶν
339 3042 588 3111 γνησίων
608 3044 777 3110 φίλων
802 3043 1163 3113 συγχωροῦσα
1183 3040 1435 3111 δέχεσθαι
1460 3040 1617 3105 λόγον
1652 3054 1789 3105 συμ-

204 3135 452 3195 ϐουλίας,
486 3134 606 3186 οὐδὲ
651 3136 935 3205 εἰρηνικὴν
983 3136 1279 3202 ἀπόκρισιν
1320 3135 1542 3199 ἀφιεῖσα
1579 3128 1787 3189 τούτοις

1885 1946 2158 2000 inutilem.
2192 1946 2521 2015 Neutiquam
2545 1947 2712 2017 igitur
2742 1947 3083 2002 admittenda
3107 1957 3192 2003 est
3217 1949 3465 2009 tristitia,

1885 2052 1988 2090 nec
2009 2037 2279 2107 ejusmodi
2306 2038 2655 2107 suscipienda
2700 2038 3015 2108 importuna
3044 2040 3312 2109 :egritudo
3346 2033 3469 2094 ani-

1886 2127 1993 2191 mi,
2026 2138 2085 2182 ut
2118 2146 2185 2182 nc
2218 2130 2503 2183 inimicum
2556 2130 2785 2198 impleas
2831 2130 3032 2197 μιιάἰο
3061 2148 3074 2183 :
3105 2130 3238 2198 quin
3287 2131 3471 2198 potius

1885 2222 2064 2274 calces
2087 2222 2411 2290 objiciendi,
2434 2231 2489 2275 et
2527 2222 2908 2274 reluctamlum
2937 2222 3207 2275 adversus
3238 2222 3468 2276 insidias

1885 2311 2041 2365 furia:
2070 2312 2232 2365 istius
2258 2312 2561 2365 inecntoris
2587 2312 2826 2367 tristitiae
2855 2314 3139 2367 dwmonis.
3165 2313 3220 2366 Si
3246 2314 3469 2383 quando

1886 2406 2033 2458 enim
2084 2406 2357 2473 malignus
2410 2404 2501 2458 hic
2561 2405 2791 2474 spiritus
2842 2406 3181 2460 clanculario
3229 2406 3467 2475 quodam

1887 2497 2097 2551 ambitu
2128 2498 2297 2550 menti
2330 2508 2436 2551 tua:
2456 2513 2514 2551 se
2548 2497 2933 2559 insinuaverit,
2971 2507 3139 2551 totam
3175 2515 3297 2551 eam
3327 2508 3467 2551 tetra

1888 2589 2123 2657 caligine
2152 2589 2494 2651 ohseurabit,
2521 2604 2623 2642 nec
2645 2589 2755 2657 jam
2783 2589 2926 2642 sinet
2954 2605 3147 2658 preces
3179 2590 3467 2643 absolvere

1890 2688 1944 2736 te
1976 2697 2099 2734 cum
2126 2681 2409 2734 alacritate
2449 2681 2676 2749 spiritus
2702 2700 2714 2733 :
2742 2698 2851 2735 non
2880 2698 3049 2736 sacra:
3081 2682 3306 2735 lectioni
3340 2697 3469 2751 per-

1888 2773 2073 2825 mittet
2105 2771 2265 2824 fixius
2300 2780 2360 2823 ut
2395 2772 2658 2834 assideas,
2689 2772 2854 2841 idque
2896 2788 3091 2843 magno
3131 2780 3225 2827 tuo
3257 2774 3472 2826 incom-

1889 2863 2073 2915 modo.
2110 2860 2201 2915 Sic
2233 2877 2649 2931 :egrcscentem,
2688 2880 2795 2915 non
2828 2864 2960 2915 sinit
2994 2879 3118 2916 cum
3154 2875 3474 2917 mansuetu-

1890 2954 2018 3007 dine
2066 2953 2311 3008 inserere
2367 2970 2425 3008 sc
2472 2955 2704 3008 fratrum
2752 2955 3045 3020 sodalitio;
3098 2956 3233 3024 quin
3280 2954 3470 3010 odium

1889 3047 2078 3100 verius
2100 3048 2270 3100 menti
2305 3046 2385 3100 sic
2410 3047 2617 3100 vitiatze
2651 3047 2906 3110 instillat,
2932 3055 2988 3101 et
3019 3048 3255 3117 ingignit
3276 3047 3475 3101 adver-

1889 3154 1983 3191 sus
2026 3139 2293 3209 propositi
2338 3139 2505 3193 semel
2553 3139 2756 3208 arrepti
2808 3138 3231 3208 professionem.
3275 3138 3471 3194 Omnia

205 3225 577 3295 μεταδιδόναιο
603 3225 737 3277 ἀλλὰ
759 3225 1127 3295 περιλαϐοῦσα
1151 3226 1331 3277 πᾶσαν
1352 3224 1451 3293 τὴν
1472 3221 1671 3290 ψυχὴν,
1700 3235 1791 3269 πι-
1818 3213 1860 3269 C
1892 3231 1961 3283 de

1709 3213 1860 3269 ττι-(ἶ
1892 3230 2134 3297 denique
2182 3230 2435 3291 consilia,
2473 3228 2779 3297 quamlibet
2829 3245 2892 3282 ea
2945 3229 3056 3283 sint
3104 3238 3471 3283 consentanea

204 3317 370 3385 κρῖας
414 3316 510 3368 καὶ
540 3318 733 3385 ἀηδίας
773 3319 945 3387 αὐτὴν
988 3319 1207 3386 πληροῖ,
1264 3317 1354 3369 καὶ
1400 3313 1579 3366 πείθει
1617 3310 1788 3378 αὐτὴν

203 3407 430 3474 φεύγειν
461 3408 589 3469 τοὺς
617 3406 961 3477 ἀνθρώπους,
990 3407 1065 3470 ὡς
1098 3408 1307 3468 αἰτίους
1329 3408 1464 3475 αὐτῇ
1490 3405 1588 3472 τῆς
1617 3418 1789 3471 ταρα-

204 3499 308 3567 χῆς
341 3500 698 3567 γενομένους.
730 3501 802 3551 Ού
836 3500 943 3569 γὰρ
978 3500 1256 3569 συγχωρεῖ
1295 3498 1432 3567 αὑτὴ
1464 3496 1785 3563 ἐπιγνῶναι,

203 3589 284 3641 ὅτι
315 3592 420 3643 οὐκ
452 3590 673 3653 ἔξωθεν,
702 3591 820 3643 ἀλλ’
847 3590 1060 3643 ἔνδοθεν
1091 3590 1206 3657 ἔχει
1250 3588 1348 3658 τὴν
1382 3589 1535 3640 νόσον
1562 3588 1789 3639 ἀποκει-

210 3680 402 3750 μένην.
436 3682 571 3734 Τότε
594 3682 649 3734 δὲ
681 3680 1033 3751 φανεροῦται,
1062 3682 1190 3733 ὅταν
1220 3681 1271 3733 οἱ
1298 3680 1600 3747 πειρασμυὶ
1631 3678 1790 3730 ἐπελ-

206 3771 415 3836 θόντες,
462 3772 553 3825 διὰ
607 3772 710 3841 τῆς
750 3772 1058 3843 γυμνασίας
1089 3772 1170 3834 είς
1210 3770 1273 3822 τὸ
1318 3770 1557 3839 ἐμφανὲς
1586 3768 1789 3838 ταύτην

209 3863 840 3932 προσαγάγωσιν.ιΛύπη
876 3860 968 3916 οὖν
992 3864 1140 3916 ἐστιν
1166 3865 1439 3932 κατήφεια
1465 3861 1565 3931 μὲν
1587 3861 1786 3931 ψυχῆς,

209 3953 386 4022 στόμα
420 3954 478 4005 δὲ
514 3953 728 4016 λέοντος
776 3953 1077 4007 κατα-πίνον
1114 3952 1357 4023 εὐχερῶς
1388 3954 1481 4006 τον
1514 3952 1789 4021 λυπούμε-

207 4059 315 4097 νον.
370 4044 536 4114 Δύπη
595 4046 746 4098 ἐστὶν
795 4045 1015 4115 σκώληξ
1063 4046 1314 4116 καρδίας,
1357 4045 1661 4098 κατεσθίων
1688 4045 1790 4114 τὴν

208 4140 480 4195 τεκοῦσαν
532 4137 766 4207 μητέρα.
806 4138 921 4190 Οὐκ
953 4133 1096 4189 οἶδεν
1141 4136 1355 4205 μέλιτος
1393 4137 1582 4202 γεῦσιν
1624 4135 1655 4188 ὁ
1698 4134 1789 4187 λυ-

211 4232 483 4302 πούμενος
510 4228 761 4300 μοναχὸς,
794 4227 870 4289 ὡς
899 4229 927 4279 ὁ
965 4226 1254 4294 πυρέσσων
1283 4226 1548 4295 σφοδρῶς,
1572 4223 1788 4278 Amm}-

214 4340 369 4393 μενος
414 4321 671 4393 μοναχδς,
724 4321 785 4370 οὐ
841 4322 981 4371 κινεῖ
1031 4318 1122 4370 τὸν
1172 4318 1296 4370 νοῦν
1340 4318 1478 4386 πρὸς
1528 4316 1788 4385 θεωρίαν,

210 4415 325 4468 οὐδὲ
362 4412 681 4485 προσευχὴν
718 4409 969 4482 καθαρὰν
1020 4410 1336 4479 ἀναπέμπει
1372 4408 1502 4480 ποτέ
1534 4407 1610 4477 τῷ
1646 4406 1787 4476 Θεῷ.

223 4508 279 4560 '0
298 4508 577 4577 κρατήσας
602 4504 811 4565 παθῶν,
847 4503 1163 4570 ἐκράτησεν·
1180 4502 1279 4570 τῆς
1311 4501 1507 4569 λύπης·
1543 4497 1785 4569 ἡττημέ-

210 4614 295 4661 νος
328 4599 383 4650 δὲ
415 4594 630 4665 ἡδονῆς,
662 4596 761 4647 οὐκ
803 4593 1123 4660 ἐκφεύξεται
1156 4593 1282 4654 τοὺς
1328 4592 1559 4660 δεσμοὺς
1590 4590 1781 4659 αὐτῆς.

226 4689 282 4741 '0
318 4686 659 4755 λυπούμενος
707 4686 968 4753 συνεχῶς,
1006 4684 1104 4736 καὶ
1135 4681 1602 4753 προσποιούμενος
1643 4678 1786 4731 ἀπά-

213 4779 382 4840 θειαν,
414 4778 600 4847 ὅμοιός
646 4779 796 4829 ἐστιν
834 4775 1098 4837 νοσοῦντι,
1136 4774 1229 4825 καὶ
1272 4772 1462 4840 ὑγείαν
1494 4773 1784 4839 ὑποκρινο-

217 4875 376 4945 μένῳ.
409 4875 624 4942 Ὠσπερ
654 4873 762 4940 γὰρ
792 4872 820 4923 ὁ
845 4869 1017 4922 νοσῶν
1046 4866 1304 4935 δηλοῦται
1335 4866 1439 4918 ὑπὸ
1471 4864 1569 4932 τῆς
1596 4862 1783 4932 χρόας,

214 4961 383 5025 οὕτως
418 4961 671 5031 ἐμπαθὴς
702 4961 982 5028 ἐλέγχεται
1021 4958 1127 5009 ὑπὸ
1174 4957 1273 5025 τῆς
1314 4954 1516 5022 λύπης.
1560 4954 1616 5004 ’0
1648 4953 1784 5019 ἀγα-

215 5053 327 5105 πῶν
360 5052 454 5106 τδν
480 5051 706 5121 κόσμον,
737 5048 1115 5118 λυπηθήσεται
1144 5045 1335 5099 πολλάο
1362 5045 1390 5096 ὁ
1422 5040 1786 5110 καταφρονῶν

214 5143 316 5196 τῶν
344 5146 405 5197 ἐν
440 5142 611 5213 αὐτῷ,
633 5142 1066 5213 εὐφρανθήσεται
1095 5139 1179 5192 διὰ
1212 5137 1431 5199 παντὸς.
1460 5135 1569 5187 Καὶ
1597 5133 1787 5204 ὥσπερ

218 5236 577 5305 χωνευτήριον
614 5232 871 5302 καθαίρει
919 5230 1181 5299 ἀδόκιμον
1235 5226 1520 5296 ἀργύριον,
1547 5223 1721 5285 οὕτως
1750 5225 1785 5293 ἡ

216 5328 349 5379 κατά
369 5324 508 5377 Θεὸν
538 5323 683 5395 λύπη
711 5323 938 5394 καρδίαν
965 5322 1273 5391 ἐνὰμαρτον
1303 5319 1581 5387 καθαίρει.
1612 5317 1793 5369 Καλὸν

216 5415 297 5470 οὖν
333 5419 477 5485 ἄγαν
508 5418 604 5470 καὶ
635 5417 914 5487 συμφέρον
960 5417 1026 5484 τῇ
1067 5415 1237 5482 ψυχῇ,
1267 5412 1328 5465 τὸ
1377 5411 1651 5481 στιϐαρῶς
1696 5409 1793 5477 βα-

219 5506 428 5569 στάζειν
468 5507 651 5559 πᾶσαν
692 5505 895 5574 θλίψιν,
948 5506 1059 5557 εἴτε
1117 5502 1269 5572 παρά
1307 5501 1635 5572 ἀνθρώπιον,
1676 5501 1788 5553 εἴτε

222 5598 361 5665 παρὰ
394 5597 667 5666 δαιμόνων
698 5597 1051 5665 ἐπαγομένην
1075 5637 1089 5657 ,
1144 5594 1242 5646 καὶ
1287 5593 1487 5644 εἰδέναι
1522 5590 1787 5661 ἀκριϐῶς,

221 5690 405 5757 ὅτιπερ
427 5689 700 5759 χρεῶσται
725 5688 1046 5758 ύπάρχομεν
1071 5688 1169 5754 τῆς
1194 5687 1638 5754 καταπονήσεωε.
1666 5683 1787 5756 Χρὴ

290 5844 330 5873 ⁸⁸
362 5841 379 5895 l
415 5841 559 5895 Pctr.
592 5854 645 5897 γ.
686 5837 769 5892 ιο.
854 5838 893 5867 ³³
922 5837 1109 5890 Matth.
1142 5851 1199 5899 II,
1234 5836 1278 5888 ι.

1892 3320 2151 3388 paranda:
2186 3320 2348 3374 saluti
2376 3328 2431 3372 et
2469 3319 2902 3381 accommodata,
2932 3320 3103 3373 semel
3141 3318 3234 3373 ubi
3268 3319 3472 3386 permi-

1892 3412 2102 3465 scucrit
2132 3426 2189 3464 se
2219 3411 2529 3465 mmrorhic
2553 3410 3474 3472 animamcireumfundens,homi-

1896 3519 2020 3556 nem
2064 3503 2247 3557 reddit
2278 3503 2508 3572 perinde
2541 3518 2603 3555 ac
2637 3503 3038 3563 vesanientem,
3073 3513 3370 3571 menteque
3409 3516 3474 3556 ac

1892 3602 2117 3661 stupore
2145 3603 2390 3662 captum,
2419 3593 2497 3645 illi
2532 3591 2872 3647 interdiccns
2897 3592 3038 3645 bona
3070 3592 3219 3645 omni
3248 3606 3475 3644 consuc-

1892 3685 2084 3738 tudine
2121 3701 2186 3739 ac
2218 3686 2448 3738 fratrum
2480 3700 2819 3753 congressu;
2862 3683 3003 3736 adeo
3035 3691 3095 3735 ut
3128 3698 3231 3736 nec
3272 3698 3303 3737 a
3344 3699 3472 3752 ger-

1891 3790 2050 3828 inane
2089 3775 2282 3828 amicis
2311 3775 2541 3828 exhibiti
2578 3774 2796 3828 consilii
2842 3773 3100 3827 salutaris
3139 3773 3283 3827 sinat
3318 3774 3469 3828 caci-

1889 3882 2022 3935 pere
2048 3882 2332 3920 sermones
2361 3867 2505 3929 illos,
2528 3866 2623 3921 scd
2645 3881 2714 3921 ne
2745 3865 2912 3921 etiam
2951 3879 3217 3935 responso
3242 3866 3472 3934 pacitieo

1890 3974 1954 4012 ac
1986 3958 2235 4012 modesto
2273 3956 2559 4025 dignatur;
2601 3956 2735 4026 quin
2762 3956 2842 4009 sic
2874 3970 3066 4009 omnes
3104 3957 3300 4009 anima:
3324 3956 3472 4012 vires

1890 4048 2262 4117 circumplexa
2324 4047 2493 4100 semel
2555 4046 2817 4109 tristitia,
2878 4054 3047 4098 totam
3107 4044 3469 4098 amarulentia

1890 4140 2129 4207 complet
2146 4148 2310 4206 atque
2328 4137 2536 4191 insuavi
2557 4138 2907 4205 intemperie.
2924 4135 3223 4191 Pcrsuadet
3241 4135 3472 4204 proinde

1890 4231 2146 4285 homines
2178 4238 2237 4283 ut
2257 4229 2595 4282 vitabundus
2621 4228 2867 4297 defugiat
2896 4228 3052 4296 quasi
3082 4236 3336 4281 auctores
3358 4242 3473 4281 suas

1891 4323 2053 4378 istius
2078 4322 2449 4376 turbulentius.
2492 4320 2683 4388 Neque
2711 4322 2857 4374 enim
2886 4318 3156 4388 permittit
3199 4326 3259 4372 ut
3296 4334 3470 4388 agno-

1892 4425 2012 4468 scat
2032 4413 2415 4484 :egritudincm
2445 4428 2567 4481 qua:
2591 4427 2648 4466 se
2679 4420 2857 4480 urget,
2893 4411 2962 4471 ab
2990 4410 3186 4463 intimo
3212 4409 3468 4478 prosilire

1892 4505 2059 4558 animi
2091 4519 2331 4565 recessu,
2355 4502 2450 4556 sed
2476 4510 2727 4556 externo.
2759 4501 2914 4554 Tunc
2940 4499 3205 4554 elucescit
3227 4500 3465 4568 primmn

1891 4595 2115 4658 veritas,
2146 4611 2269 4648 cum
2318 4594 2651 4648 tentationcs
2681 4608 2803 4662 qua:
2837 4592 3097 4646 miserum
3132 4593 3467 4655 invaserant,

1893 4687 1949 4741 in
1972 4695 2215 4756 apertam
2245 4702 2303 4741 se
2336 4687 2624 4756 proferunt
2652 4686 2827 4739 lucem
2854 4703 2867 4738 :
2893 4686 3038 4755 quod
3068 4686 3182 4739 sola
3201 4685 3470 4753 contingit

1892 4762 2312 4832 exercitatione.
2349 4778 2600 4832 Tristitia
2644 4778 2813 4846 igitur
2847 4778 3043 4830 anima:
3070 4788 3152 4832 est
3182 4778 3472 4832 mmrentis

1893 4868 2163 4938 dejectio;
2221 4885 2284 4924 os
2338 4880 2523 4924 autem
2590 4869 2798 4933 leonis,
2848 4868 3127 4921 helluonis
3182 4867 3314 4931 ritu,
3357 4884 3468 4921 nou

1891 4973 2091 5027 magno
2138 4957 2363 5027 negotio
2411 4956 2669 5011 absorbet
2716 4970 2953 5010 mmrore
2994 4955 3084 5008 tali
3132 4954 3467 5009 confectum.

1895 5048 2144 5104 Tristitia
2204 5050 2413 5104 vermis
2470 5056 2556 5102 est
2614 5048 2834 5111 cordis,
2906 5055 3180 5101 suarnmet
3231 5047 3472 5102 exedens

1895 5152 2149 5197 matrem.
2185 5142 2516 5211 Neutiquam
2546 5141 2664 5195 hate
2693 5139 3074 5207 experimento
3098 5138 3314 5202 didicit,
3337 5155 3469 5192 sna-

1895 5233 1981 5286 vis
1999 5248 2164 5301 quam
2198 5234 2271 5287 sit
2296 5239 2490 5300 gustus
2516 5231 2717 5285 mellis.
2740 5229 3036 5285 Monachus
3060 5242 3296 5282 maerore
3331 5227 3472 5281 inta-

1890 5323 2144 5385 bescens,
2168 5322 2430 5377 assimilis
2463 5331 2548 5376 est
2576 5324 2628 5379 ei
2661 5321 2754 5391 qui
2785 5319 3110 5375 exaestuanti
3143 5318 3297 5374 febre
3320 5318 3472 5372 Iaho-

1891 5419 1997 5463 rat.
2025 5409 2129 5474 Qui
2149 5409 2455 5463 continenti
2483 5409 2706 5462 tristitia
2730 5408 2946 5461 laborat
2977 5406 3299 5468 monachus,
3319 5405 3472 5458 nullo

1890 5501 1980 5555 hic
2036 5510 2198 5570 pacto
2251 5509 2495 5554 mentem
2555 5501 2621 5554 ad
2677 5499 3169 5569 contemplationis
3221 5496 3473 5566 subriget

1887 5590 2165 5655 studium,
2221 5591 2432 5661 1067
2481 5607 2659 5661 neque
2712 5590 2780 5644 ad
2841 5591 3146 5644 orationem
3197 5588 3469 5643 sinceram

1886 5697 2007 5752 qua:
2038 5680 2105 5735 ad
2137 5681 2305 5735 Deum
2328 5680 2661 5745 destinetur,
2694 5689 2934 5735 mentem
2984 5678 3252 5734 rctlectet.
3284 5675 3473 5731 Victor
