  <div class='ocr_page' id='page_1' title='image "/cluster/home/n/w/nwhite01/storage/ocr_20150623/89/nnc1.0046980172/781.png"; bbox 0 0 4178 6436; ppageno 0'>
   <div class='ocr_carea' id='block_1_1' title="bbox 722 388 853 453">
    <p class='ocr_par' dir='ltr' id='par_1_1' title="bbox 722 388 853 453">
     <span class='ocr_line' id='line_1_1' title="bbox 722 388 853 453; baseline -0.015 -2"><span class='ocrx_word' id='word_1_1' title='bbox 722 388 853 453; x_wconf 80' lang='grc'><strong>1511</strong></span> 
     </span>
    </p>
   </div>
   <div class='ocr_carea' id='block_1_2' title="bbox 1983 378 2731 439">
    <p class='ocr_par' dir='ltr' id='par_1_2' title="bbox 1983 378 2731 439">
     <span class='ocr_line' id='line_1_2' title="bbox 1983 378 2731 439; baseline -0.001 -1"><span class='ocrx_word' id='word_1_2' title='bbox 1983 378 2346 439; x_wconf 73' lang='lat' dir='ltr'><strong>ANTIOCHI</strong></span> <span class='ocrx_word' id='word_1_3' title='bbox 2388 379 2731 439; x_wconf 74' lang='lat' dir='ltr'><strong>MONACIII</strong></span> 
     </span>
    </p>
   </div>
   <div class='ocr_carea' id='block_1_3' title="bbox 3848 379 3990 442">
    <p class='ocr_par' dir='ltr' id='par_1_3' title="bbox 3848 379 3990 442">
     <span class='ocr_line' id='line_1_3' title="bbox 3848 379 3990 442; baseline -0.021 0"><span class='ocrx_word' id='word_1_4' title='bbox 3848 379 3990 442; x_wconf 70' lang='grc'><strong>1512</strong></span> 
     </span>
    </p>
   </div>
   <div class='ocr_carea' id='block_1_4' title="bbox 718 486 2317 567">
    <p class='ocr_par' dir='ltr' id='par_1_4' title="bbox 718 486 2305 567">
     <span class='ocr_line' id='line_1_4' title="bbox 718 486 2305 567; baseline -0.008 -18"><span class='ocrx_word' id='word_1_5' title='bbox 718 496 1035 567; x_wconf 73' lang='lat' dir='ltr'><strong>passionum</strong></span> <span class='ocrx_word' id='word_1_6' title='bbox 1074 494 1262 561; x_wconf 89' lang='lat' dir='ltr'><strong>utique</strong></span> <span class='ocrx_word' id='word_1_7' title='bbox 1312 493 1489 545; x_wconf 89' lang='lat' dir='ltr'><strong>victor</strong></span> <span class='ocrx_word' id='word_1_8' title='bbox 1538 489 1775 544; x_wconf 77' lang='lat' dir='ltr'><strong>tristitia:</strong></span> <span class='ocrx_word' id='word_1_9' title='bbox 1812 498 1915 542; x_wconf 81' lang='lat' dir='ltr'><strong>est.</strong></span> <span class='ocrx_word' id='word_1_10' title='bbox 1968 487 2140 552; x_wconf 86' lang='lat' dir='ltr'><strong>Quem</strong></span> <span class='ocrx_word' id='word_1_11' title='bbox 2172 486 2305 540; x_wconf 92' lang='lat' dir='ltr'><strong>vicit</strong></span> 
     </span>
    </p>
   </div>
   <div class='ocr_carea' id='block_1_5' title="bbox 2416 486 3989 567">
    <p class='ocr_par' dir='ltr' id='par_1_5' title="bbox 2416 488 3989 558">
     <span class='ocr_line' id='line_1_5' title="bbox 2416 488 3989 558; baseline 0 -19"><span class='ocrx_word' id='word_1_12' title='bbox 2416 488 2500 540; x_wconf 65' lang='grc' dir='ltr'><strong>οῦν</strong></span> <span class='ocrx_word' id='word_1_13' title='bbox 2545 490 2603 541; x_wconf 76' lang='grc' dir='ltr'>ἐν</span> <span class='ocrx_word' id='word_1_14' title='bbox 2634 490 2905 557; x_wconf 79' lang='grc' dir='ltr'>προσευχῇ</span> <span class='ocrx_word' id='word_1_15' title='bbox 2946 490 3038 540; x_wconf 88' lang='grc' dir='ltr'><strong>καί</strong></span> <span class='ocrx_word' id='word_1_16' title='bbox 3081 489 3327 558; x_wconf 82' lang='grc' dir='ltr'>ὑπομονῇ</span> <span class='ocrx_word' id='word_1_17' title='bbox 3383 489 3698 557; x_wconf 77' lang='grc' dir='ltr'>ἀντιστῆναι</span> <span class='ocrx_word' id='word_1_18' title='bbox 3751 488 3831 558; x_wconf 81' lang='grc' dir='ltr'>τῷ</span> <span class='ocrx_word' id='word_1_19' title='bbox 3869 490 3989 541; x_wconf 80' lang='grc' dir='ltr'>δαί-</span> 
     </span>
    </p>
   </div>
   <div class='ocr_carea' id='block_1_6' title="bbox 719 578 2297 655">
    <p class='ocr_par' dir='ltr' id='par_1_6' title="bbox 719 578 2297 655">
     <span class='ocr_line' id='line_1_6' title="bbox 719 578 2297 655; baseline -0.007 -14"><span class='ocrx_word' id='word_1_20' title='bbox 719 590 995 655; x_wconf 82' lang='lat' dir='ltr'><strong>voluptas.</strong></span> <span class='ocrx_word' id='word_1_21' title='bbox 1047 586 1094 640; x_wconf 86' lang='lat' dir='ltr'><strong>is</strong></span> <span class='ocrx_word' id='word_1_22' title='bbox 1142 600 1250 637; x_wconf 86' lang='lat' dir='ltr'><strong>non</strong></span> <span class='ocrx_word' id='word_1_23' title='bbox 1300 582 1460 637; x_wconf 79' lang='lat' dir='ltr'><strong>facile</strong></span> <span class='ocrx_word' id='word_1_24' title='bbox 1501 582 1758 650; x_wconf 81' lang='lat' dir='ltr'><strong>cﬂ‘ugerit</strong></span> <span class='ocrx_word' id='word_1_25' title='bbox 1793 579 2029 632; x_wconf 78' lang='lat' dir='ltr'><strong>tristitia:</strong></span> <span class='ocrx_word' id='word_1_26' title='bbox 2060 578 2297 631; x_wconf 90' lang='lat' dir='ltr'><strong>vincula.</strong></span> 
     </span>
    </p>
   </div>
   <div class='ocr_carea' id='block_1_7' title="bbox 716 669 2302 743">
    <p class='ocr_par' dir='ltr' id='par_1_7' title="bbox 716 669 2302 743">
     <span class='ocr_line' id='line_1_7' title="bbox 716 669 2302 743; baseline -0.006 -13"><span class='ocrx_word' id='word_1_27' title='bbox 716 678 820 743; x_wconf 92' lang='lat' dir='ltr'><strong>Qui</strong></span> <span class='ocrx_word' id='word_1_28' title='bbox 879 674 1190 730; x_wconf 79' lang='lat' dir='ltr'><strong>continenti</strong></span> <span class='ocrx_word' id='word_1_29' title='bbox 1260 673 1484 727; x_wconf 83' lang='lat' dir='ltr'><strong>tristitia</strong></span> <span class='ocrx_word' id='word_1_30' title='bbox 1537 672 1853 733; x_wconf 73' lang='lat' dir='ltr'><strong>coniicitur,</strong></span> <span class='ocrx_word' id='word_1_31' title='bbox 1908 684 2144 736; x_wconf 75' lang='lat' dir='ltr'><strong>Cttltnltte</strong></span> <span class='ocrx_word' id='word_1_32' title='bbox 2200 669 2302 721; x_wconf 90' lang='lat' dir='ltr'><strong>hac</strong></span> 
     </span>
    </p>
   </div>
   <div class='ocr_carea' id='block_1_8' title="bbox 719 762 2298 838">
    <p class='ocr_par' dir='ltr' id='par_1_8' title="bbox 719 762 2298 838">
     <span class='ocr_line' id='line_1_8' title="bbox 719 762 2298 838; baseline -0.006 -16"><span class='ocrx_word' id='word_1_33' title='bbox 719 768 963 838; x_wconf 82' lang='lat' dir='ltr'><strong>perfecta</strong></span> <span class='ocrx_word' id='word_1_34' title='bbox 1000 768 1197 821; x_wconf 68' lang='lat' dir='ltr'><strong>animte</strong></span> <span class='ocrx_word' id='word_1_35' title='bbox 1232 763 1689 834; x_wconf 87' lang='lat' dir='ltr'><strong>tr:mquillitatem</strong></span> <span class='ocrx_word' id='word_1_36' title='bbox 1730 762 1835 815; x_wconf 82' lang='lat' dir='ltr'><strong>sibi</strong></span> <span class='ocrx_word' id='word_1_37' title='bbox 1888 772 1949 815; x_wconf 93' lang='lat' dir='ltr'><strong>ut</strong></span> <span class='ocrx_word' id='word_1_38' title='bbox 1996 770 2298 828; x_wconf 84' lang='lat' dir='ltr'><strong>comparet,</strong></span> 
     </span>
    </p>
   </div>
   <div class='ocr_carea' id='block_1_9' title="bbox 720 852 2298 923">
    <p class='ocr_par' dir='ltr' id='par_1_9' title="bbox 720 852 2298 923">
     <span class='ocr_line' id='line_1_9' title="bbox 720 852 2298 923; baseline -0.007 -10"><span class='ocrx_word' id='word_1_39' title='bbox 720 860 1016 921; x_wconf 83' lang='lat' dir='ltr'><strong>adnititur,</strong></span> <span class='ocrx_word' id='word_1_40' title='bbox 1056 859 1318 911; x_wconf 79' lang='lat' dir='ltr'><strong>assimilis</strong></span> <span class='ocrx_word' id='word_1_41' title='bbox 1371 866 1456 910; x_wconf 90' lang='lat' dir='ltr'><strong>est</strong></span> <span class='ocrx_word' id='word_1_42' title='bbox 1509 856 1561 909; x_wconf 90' lang='lat' dir='ltr'><strong>ei</strong></span> <span class='ocrx_word' id='word_1_43' title='bbox 1617 856 1711 923; x_wconf 86' lang='lat' dir='ltr'><strong>qui</strong></span> <span class='ocrx_word' id='word_1_44' title='bbox 1755 853 2006 923; x_wconf 71' lang='lat' dir='ltr'><strong>regrescit</strong></span> <span class='ocrx_word' id='word_1_45' title='bbox 2054 852 2298 919; x_wconf 87' lang='lat' dir='ltr'><strong>quidem,</strong></span> 
     </span>
    </p>
   </div>
   <div class='ocr_carea' id='block_1_10' title="bbox 722 943 2298 1003">
    <p class='ocr_par' dir='ltr' id='par_1_10' title="bbox 722 943 2298 1003">
     <span class='ocr_line' id='line_1_10' title="bbox 722 943 2298 1003; baseline -0.005 -1"><span class='ocrx_word' id='word_1_46' title='bbox 722 949 821 1003; x_wconf 92' lang='lat' dir='ltr'><strong>scd</strong></span> <span class='ocrx_word' id='word_1_47' title='bbox 875 949 1232 1002; x_wconf 89' lang='lat' dir='ltr'><strong>simulatione</strong></span> <span class='ocrx_word' id='word_1_48' title='bbox 1285 947 1589 1000; x_wconf 84' lang='lat' dir='ltr'><strong>ementitur</strong></span> <span class='ocrx_word' id='word_1_49' title='bbox 1640 945 1843 997; x_wconf 90' lang='lat' dir='ltr'><strong>habere</strong></span> <span class='ocrx_word' id='word_1_50' title='bbox 1891 960 1950 997; x_wconf 89' lang='lat' dir='ltr'><strong>se</strong></span> <span class='ocrx_word' id='word_1_51' title='bbox 1984 943 2298 996; x_wconf 89' lang='lat' dir='ltr'><strong>sanitatem.</strong></span> 
     </span>
    </p>
   </div>
   <div class='ocr_carea' id='block_1_11' title="bbox 720 1034 2303 1105">
    <p class='ocr_par' dir='ltr' id='par_1_11' title="bbox 720 1034 2303 1105">
     <span class='ocr_line' id='line_1_11' title="bbox 720 1034 2303 1105; baseline -0.003 -14"><span class='ocrx_word' id='word_1_52' title='bbox 720 1039 1198 1105; x_wconf 90' lang='lat' dir='ltr'><strong>Quemadmodum</strong></span> <span class='ocrx_word' id='word_1_53' title='bbox 1246 1039 1329 1090; x_wconf 88' lang='lat' dir='ltr'><strong>vel</strong></span> <span class='ocrx_word' id='word_1_54' title='bbox 1368 1038 1554 1089; x_wconf 89' lang='lat' dir='ltr'><strong>colore</strong></span> <span class='ocrx_word' id='word_1_55' title='bbox 1600 1036 1725 1104; x_wconf 89' lang='lat' dir='ltr'><strong>quis</strong></span> <span class='ocrx_word' id='word_1_56' title='bbox 1770 1052 1828 1088; x_wconf 88' lang='lat' dir='ltr'><strong>se</strong></span> <span class='ocrx_word' id='word_1_57' title='bbox 1875 1034 2078 1103; x_wconf 84' lang='lat' dir='ltr'><strong>prodit,</strong></span> <span class='ocrx_word' id='word_1_58' title='bbox 2108 1034 2303 1087; x_wconf 88' lang='lat' dir='ltr'><strong>morbo</strong></span> 
     </span>
    </p>
   </div>
   <div class='ocr_carea' id='block_1_12' title="bbox 720 1126 2301 1198">
    <p class='ocr_par' dir='ltr' id='par_1_12' title="bbox 720 1126 2301 1198">
     <span class='ocr_line' id='line_1_12' title="bbox 720 1126 2301 1198; baseline -0.004 -15"><span class='ocrx_word' id='word_1_59' title='bbox 720 1132 765 1183; x_wconf 87' lang='lat' dir='ltr'><strong>si</strong></span> <span class='ocrx_word' id='word_1_60' title='bbox 802 1132 1096 1198; x_wconf 92' lang='lat' dir='ltr'><strong>premitur,</strong></span> <span class='ocrx_word' id='word_1_61' title='bbox 1141 1130 1215 1182; x_wconf 90' lang='lat' dir='ltr'><strong>ita</strong></span> <span class='ocrx_word' id='word_1_62' title='bbox 1250 1128 1344 1197; x_wconf 88' lang='lat' dir='ltr'><strong>qui</strong></span> <span class='ocrx_word' id='word_1_63' title='bbox 1384 1127 1803 1197; x_wconf 87' lang='lat' dir='ltr'><strong>perturbatione</strong></span> <span class='ocrx_word' id='word_1_64' title='bbox 1836 1126 2002 1178; x_wconf 92' lang='lat' dir='ltr'><strong>animi</strong></span> <span class='ocrx_word' id='word_1_65' title='bbox 2043 1126 2301 1193; x_wconf 91' lang='lat' dir='ltr'><strong>quapiam</strong></span> 
     </span>
    </p>
   </div>
   <div class='ocr_carea' id='block_1_13' title="bbox 722 1214 2303 1286">
    <p class='ocr_par' dir='ltr' id='par_1_13' title="bbox 722 1214 2303 1286">
     <span class='ocr_line' id='line_1_13' title="bbox 722 1214 2303 1286; baseline -0.003 -16"><span class='ocrx_word' id='word_1_66' title='bbox 722 1219 997 1286; x_wconf 79' lang='lat' dir='ltr'><strong>agitatur,</strong></span> <span class='ocrx_word' id='word_1_67' title='bbox 1063 1218 1302 1270; x_wconf 80' lang='lat' dir='ltr'><strong>tristitia:</strong></span> <span class='ocrx_word' id='word_1_68' title='bbox 1362 1214 1713 1269; x_wconf 73' lang='lat' dir='ltr'><strong>convincitur</strong></span> <span class='ocrx_word' id='word_1_69' title='bbox 1782 1222 2124 1281; x_wconf 90' lang='lat' dir='ltr'><strong>argumento.</strong></span> <span class='ocrx_word' id='word_1_70' title='bbox 2199 1214 2303 1279; x_wconf 91' lang='lat' dir='ltr'><strong>Qui</strong></span> 
     </span>
    </p>
   </div>
   <div class='ocr_carea' id='block_1_14' title="bbox 723 1307 2306 1377">
    <p class='ocr_par' dir='ltr' id='par_1_14' title="bbox 723 1307 2306 1377">
     <span class='ocr_line' id='line_1_14' title="bbox 723 1307 2306 1377; baseline -0.003 -14"><span class='ocrx_word' id='word_1_71' title='bbox 723 1310 995 1364; x_wconf 88' lang='lat' dir='ltr'><strong>mundum</strong></span> <span class='ocrx_word' id='word_1_72' title='bbox 1040 1309 1243 1377; x_wconf 78' lang='lat' dir='ltr'><strong>diligit,</strong></span> <span class='ocrx_word' id='word_1_73' title='bbox 1287 1311 1332 1361; x_wconf 87' lang='lat' dir='ltr'><strong>is</strong></span> <span class='ocrx_word' id='word_1_74' title='bbox 1362 1323 1589 1362; x_wconf 86' lang='lat' dir='ltr'><strong>necesse</strong></span> <span class='ocrx_word' id='word_1_75' title='bbox 1624 1308 1699 1361; x_wconf 88' lang='lat' dir='ltr'><strong>sit</strong></span> <span class='ocrx_word' id='word_1_76' title='bbox 1732 1316 1792 1360; x_wconf 92' lang='lat' dir='ltr'><strong>ut</strong></span> <span class='ocrx_word' id='word_1_77' title='bbox 1830 1307 2066 1360; x_wconf 89' lang='lat' dir='ltr'><strong>subinde</strong></span> <span class='ocrx_word' id='word_1_78' title='bbox 2100 1308 2306 1360; x_wconf 81' lang='lat' dir='ltr'><strong>contri-</strong></span> 
     </span>
    </p>
   </div>
   <div class='ocr_carea' id='block_1_15' title="bbox 724 1393 2308 1465">
    <p class='ocr_par' dir='ltr' id='par_1_15' title="bbox 724 1393 2308 1465">
     <span class='ocr_line' id='line_1_15' title="bbox 724 1393 2308 1465; baseline -0.005 -12"><span class='ocrx_word' id='word_1_79' title='bbox 724 1408 905 1453; x_wconf 80' lang='lat' dir='ltr'><strong>stetur</strong></span> <span class='ocrx_word' id='word_1_80' title='bbox 931 1408 990 1451; x_wconf 92' lang='lat' dir='ltr'><strong>et</strong></span> <span class='ocrx_word' id='word_1_81' title='bbox 1015 1407 1282 1460; x_wconf 78' lang='lat' dir='ltr'><strong>mwreat;</strong></span> <span class='ocrx_word' id='word_1_82' title='bbox 1315 1397 1411 1465; x_wconf 92' lang='lat' dir='ltr'><strong>qui</strong></span> <span class='ocrx_word' id='word_1_83' title='bbox 1452 1406 1636 1448; x_wconf 91' lang='lat' dir='ltr'><strong>autem</strong></span> <span class='ocrx_word' id='word_1_84' title='bbox 1669 1412 1791 1462; x_wconf 84' lang='lat' dir='ltr'><strong>qua:</strong></span> <span class='ocrx_word' id='word_1_85' title='bbox 1822 1394 1877 1446; x_wconf 89' lang='lat' dir='ltr'><strong>in</strong></span> <span class='ocrx_word' id='word_1_86' title='bbox 1919 1393 2127 1446; x_wconf 78' lang='lat' dir='ltr'><strong>m&#39;Indo</strong></span> <span class='ocrx_word' id='word_1_87' title='bbox 2177 1401 2308 1446; x_wconf 89' lang='lat' dir='ltr'><strong>sunt</strong></span> 
     </span>
    </p>
   </div>
   <div class='ocr_carea' id='block_1_16' title="bbox 725 1487 2309 1557">
    <p class='ocr_par' dir='ltr' id='par_1_16' title="bbox 725 1487 2309 1557">
     <span class='ocr_line' id='line_1_16' title="bbox 725 1487 2309 1557; baseline -0.004 -12"><span class='ocrx_word' id='word_1_88' title='bbox 725 1492 901 1555; x_wconf 87' lang='lat' dir='ltr'><strong>bona,</strong></span> <span class='ocrx_word' id='word_1_89' title='bbox 946 1507 1015 1543; x_wconf 90' lang='lat' dir='ltr'><strong>ne</strong></span> <span class='ocrx_word' id='word_1_90' title='bbox 1066 1490 1262 1542; x_wconf 84' lang='lat' dir='ltr'><strong>tantilli</strong></span> <span class='ocrx_word' id='word_1_91' title='bbox 1316 1488 1540 1557; x_wconf 90' lang='lat' dir='ltr'><strong>quidem</strong></span> <span class='ocrx_word' id='word_1_92' title='bbox 1578 1488 1751 1551; x_wconf 86' lang='lat' dir='ltr'><strong>ducit,</strong></span> <span class='ocrx_word' id='word_1_93' title='bbox 1798 1487 1913 1555; x_wconf 81' lang='lat' dir='ltr'><strong>jugi</strong></span> <span class='ocrx_word' id='word_1_94' title='bbox 1966 1487 2150 1539; x_wconf 77' lang='lat' dir='ltr'><strong>hctitia</strong></span> <span class='ocrx_word' id='word_1_95' title='bbox 2186 1502 2309 1553; x_wconf 92' lang='lat' dir='ltr'><strong>per-</strong></span> 
     </span>
    </p>
   </div>
   <div class='ocr_carea' id='block_1_17' title="bbox 724 1576 2309 1646">
    <p class='ocr_par' dir='ltr' id='par_1_17' title="bbox 724 1576 2309 1646">
     <span class='ocr_line' id='line_1_17' title="bbox 724 1576 2309 1646; baseline -0.003 -12"><span class='ocrx_word' id='word_1_96' title='bbox 724 1581 961 1635; x_wconf 78' lang='lat' dir='ltr'><strong>fruetur.</strong></span> <span class='ocrx_word' id='word_1_97' title='bbox 1000 1580 1484 1646; x_wconf 80' lang='lat' dir='ltr'><strong>Quemadmodum</strong></span> <span class='ocrx_word' id='word_1_98' title='bbox 1516 1578 1834 1631; x_wconf 83' lang='lat' dir='ltr'><strong>conliatoria</strong></span> <span class='ocrx_word' id='word_1_99' title='bbox 1871 1594 1961 1630; x_wconf 87' lang='lat' dir='ltr'><strong>ars</strong></span> <span class='ocrx_word' id='word_1_100' title='bbox 1997 1594 2063 1631; x_wconf 77' lang='lat' dir='ltr'><strong>ex</strong></span> <span class='ocrx_word' id='word_1_101' title='bbox 2100 1576 2309 1645; x_wconf 83' lang='lat' dir='ltr'><strong>plumbi</strong></span> 
     </span>
    </p>
   </div>
   <div class='ocr_carea' id='block_1_18' title="bbox 724 1668 2310 1739">
    <p class='ocr_par' dir='ltr' id='par_1_18' title="bbox 724 1668 2310 1739">
     <span class='ocr_line' id='line_1_18' title="bbox 724 1668 2310 1739; baseline -0.002 -15"><span class='ocrx_word' id='word_1_102' title='bbox 724 1673 960 1725; x_wconf 87' lang='lat' dir='ltr'><strong>materia</strong></span> <span class='ocrx_word' id='word_1_103' title='bbox 1011 1670 1390 1739; x_wconf 86' lang='lat' dir='ltr'><strong>detrahitjugi</strong></span> <span class='ocrx_word' id='word_1_104' title='bbox 1430 1669 1759 1723; x_wconf 81' lang='lat' dir='ltr'><strong>conﬂatione</strong></span> <span class='ocrx_word' id='word_1_105' title='bbox 1805 1678 1863 1722; x_wconf 88' lang='lat' dir='ltr'><strong>ct</strong></span> <span class='ocrx_word' id='word_1_106' title='bbox 1907 1669 2205 1731; x_wconf 86' lang='lat' dir='ltr'><strong>imminuit,</strong></span> <span class='ocrx_word' id='word_1_107' title='bbox 2235 1668 2310 1721; x_wconf 83' lang='lat' dir='ltr'><strong>ita</strong></span> 
     </span>
    </p>
   </div>
   <div class='ocr_carea' id='block_1_19' title="bbox 723 1760 2309 1829">
    <p class='ocr_par' dir='ltr' id='par_1_19' title="bbox 723 1760 2309 1829">
     <span class='ocr_line' id='line_1_19' title="bbox 723 1760 2309 1829; baseline -0.003 -12"><span class='ocrx_word' id='word_1_108' title='bbox 723 1773 782 1817; x_wconf 89' lang='lat' dir='ltr'><strong>ct</strong></span> <span class='ocrx_word' id='word_1_109' title='bbox 811 1764 1036 1816; x_wconf 89' lang='lat' dir='ltr'><strong>tristitia</strong></span> <span class='ocrx_word' id='word_1_110' title='bbox 1067 1762 1259 1814; x_wconf 91' lang='lat' dir='ltr'><strong>mundi</strong></span> <span class='ocrx_word' id='word_1_111' title='bbox 1290 1762 1452 1815; x_wconf 87' lang='lat' dir='ltr'><strong>istius</strong></span> <span class='ocrx_word' id='word_1_112' title='bbox 1487 1770 1726 1814; x_wconf 87' lang='lat' dir='ltr'><strong>mentem</strong></span> <span class='ocrx_word' id='word_1_113' title='bbox 1764 1760 1971 1814; x_wconf 89' lang='lat' dir='ltr'><strong>atterit.</strong></span> <span class='ocrx_word' id='word_1_114' title='bbox 2004 1761 2070 1814; x_wconf 82' lang='lat' dir='ltr'><strong>Ut</strong></span> <span class='ocrx_word' id='word_1_115' title='bbox 2110 1776 2309 1829; x_wconf 87' lang='lat' dir='ltr'><strong>argen-</strong></span> 
     </span>
    </p>
   </div>
   <div class='ocr_carea' id='block_1_20' title="bbox 728 1846 2381 1923">
    <p class='ocr_par' dir='ltr' id='par_1_20' title="bbox 728 1846 2381 1923">
     <span class='ocr_line' id='line_1_20' title="bbox 728 1846 2381 1923; baseline -0.005 -14"><span class='ocrx_word' id='word_1_116' title='bbox 728 1866 843 1909; x_wconf 87' lang='lat' dir='ltr'><strong>tum</strong></span> <span class='ocrx_word' id='word_1_117' title='bbox 885 1854 1093 1923; x_wconf 85' lang='lat' dir='ltr'><strong>alioqui</strong></span> <span class='ocrx_word' id='word_1_118' title='bbox 1146 1856 1448 1922; x_wconf 87' lang='lat' dir='ltr'><strong>reprobum</strong></span> <span class='ocrx_word' id='word_1_119' title='bbox 1498 1854 1785 1908; x_wconf 87' lang='lat' dir='ltr'><strong>collustrat</strong></span> <span class='ocrx_word' id='word_1_120' title='bbox 1828 1852 2209 1906; x_wconf 90' lang='lat' dir='ltr'><strong>conllatorium</strong></span> <span class='ocrx_word' id='word_1_121' title='bbox 2253 1861 2309 1904; x_wconf 91' lang='lat' dir='ltr'><strong>ct</strong></span> <span class='ocrx_word' id='word_1_122' title='bbox 2339 1846 2381 1900; x_wconf 82' lang='grc' dir='ltr'><strong>Β</strong></span> 
     </span>
    </p>
   </div>
   <div class='ocr_carea' id='block_1_21' title="bbox 724 1943 2305 2015">
    <p class='ocr_par' dir='ltr' id='par_1_21' title="bbox 724 1943 2305 2015">
     <span class='ocr_line' id='line_1_21' title="bbox 724 1943 2305 2015; baseline -0.003 -17"><span class='ocrx_word' id='word_1_123' title='bbox 724 1946 921 2015; x_wconf 88' lang='lat' dir='ltr'><strong>purius</strong></span> <span class='ocrx_word' id='word_1_124' title='bbox 946 1946 1152 2008; x_wconf 90' lang='lat' dir='ltr'><strong>reddit,</strong></span> <span class='ocrx_word' id='word_1_125' title='bbox 1173 1946 1253 1998; x_wconf 89' lang='lat' dir='ltr'><strong>sic</strong></span> <span class='ocrx_word' id='word_1_126' title='bbox 1274 1946 1497 1999; x_wconf 85' lang='lat' dir='ltr'><strong>tristitia</strong></span> <span class='ocrx_word' id='word_1_127' title='bbox 1518 1961 1641 2013; x_wconf 71' lang='lat' dir='ltr'><strong>qum</strong></span> <span class='ocrx_word' id='word_1_128' title='bbox 1665 1944 1969 1999; x_wconf 88' lang='lat' dir='ltr'><strong>secundmn</strong></span> <span class='ocrx_word' id='word_1_129' title='bbox 2001 1943 2173 1995; x_wconf 86' lang='lat' dir='ltr'><strong>Deum</strong></span> <span class='ocrx_word' id='word_1_130' title='bbox 2199 1950 2305 2005; x_wconf 89' lang='lat' dir='ltr'><strong>est,</strong></span> 
     </span>
    </p>
   </div>
   <div class='ocr_carea' id='block_1_22' title="bbox 724 2033 2310 2106">
    <p class='ocr_par' dir='ltr' id='par_1_22' title="bbox 724 2033 2310 2106">
     <span class='ocr_line' id='line_1_22' title="bbox 724 2033 2310 2106; baseline -0.004 -15"><span class='ocrx_word' id='word_1_131' title='bbox 724 2053 820 2091; x_wconf 84' lang='lat' dir='ltr'><strong>cor</strong></span> <span class='ocrx_word' id='word_1_132' title='bbox 857 2038 1068 2106; x_wconf 81' lang='lat' dir='ltr'><strong>expiat,</strong></span> <span class='ocrx_word' id='word_1_133' title='bbox 1107 2038 1238 2091; x_wconf 87' lang='lat' dir='ltr'><strong>licet</strong></span> <span class='ocrx_word' id='word_1_134' title='bbox 1285 2037 1607 2090; x_wconf 85' lang='lat' dir='ltr'><strong>occallucrit</strong></span> <span class='ocrx_word' id='word_1_135' title='bbox 1655 2037 1864 2106; x_wconf 79' lang='lat' dir='ltr'><strong>peccati</strong></span> <span class='ocrx_word' id='word_1_136' title='bbox 1913 2035 2115 2089; x_wconf 88' lang='lat' dir='ltr'><strong>scoria.</strong></span> <span class='ocrx_word' id='word_1_137' title='bbox 2166 2033 2310 2086; x_wconf 91' lang='lat' dir='ltr'><strong>Sane</strong></span> 
     </span>
    </p>
   </div>
   <div class='ocr_carea' id='block_1_23' title="bbox 725 2125 2307 2200">
    <p class='ocr_par' dir='ltr' id='par_1_23' title="bbox 725 2125 2307 2200">
     <span class='ocr_line' id='line_1_23' title="bbox 725 2125 2307 2200; baseline -0.004 -16"><span class='ocrx_word' id='word_1_138' title='bbox 725 2132 1010 2200; x_wconf 78' lang='lat' dir='ltr'><strong>egregium</strong></span> <span class='ocrx_word' id='word_1_139' title='bbox 1040 2140 1127 2182; x_wconf 85' lang='lat' dir='ltr'><strong>est</strong></span> <span class='ocrx_word' id='word_1_140' title='bbox 1160 2140 1216 2182; x_wconf 89' lang='lat' dir='ltr'><strong>et</strong></span> <span class='ocrx_word' id='word_1_141' title='bbox 1260 2130 1458 2182; x_wconf 80' lang='lat' dir='ltr'><strong>anian</strong></span> <span class='ocrx_word' id='word_1_142' title='bbox 1496 2129 1758 2182; x_wconf 87' lang='lat' dir='ltr'><strong>conducit</strong></span> <span class='ocrx_word' id='word_1_143' title='bbox 1792 2144 1899 2180; x_wconf 91' lang='lat' dir='ltr'><strong>non</strong></span> <span class='ocrx_word' id='word_1_144' title='bbox 1929 2125 2307 2190; x_wconf 88' lang='lat' dir='ltr'><strong>mediocriter,</strong></span> 
     </span>
    </p>
   </div>
   <div class='ocr_carea' id='block_1_24' title="bbox 729 2216 2308 2287">
    <p class='ocr_par' dir='ltr' id='par_1_24' title="bbox 729 2216 2308 2287">
     <span class='ocr_line' id='line_1_24' title="bbox 729 2216 2308 2287; baseline -0.004 -12"><span class='ocrx_word' id='word_1_145' title='bbox 729 2236 952 2275; x_wconf 87' lang='lat' dir='ltr'><strong>omnem</strong></span> <span class='ocrx_word' id='word_1_146' title='bbox 984 2221 1260 2273; x_wconf 89' lang='lat' dir='ltr'><strong>invectam</strong></span> <span class='ocrx_word' id='word_1_147' title='bbox 1284 2220 1635 2272; x_wconf 86' lang='lat' dir='ltr'><strong>alllictionem</strong></span> <span class='ocrx_word' id='word_1_148' title='bbox 1672 2219 1796 2271; x_wconf 75' lang='lat' dir='ltr'><strong>[orti</strong></span> <span class='ocrx_word' id='word_1_149' title='bbox 1822 2217 2068 2287; x_wconf 84' lang='lat' dir='ltr'><strong>perferre</strong></span> <span class='ocrx_word' id='word_1_150' title='bbox 2104 2216 2308 2279; x_wconf 89' lang='lat' dir='ltr'><strong>animo,</strong></span> 
     </span>
    </p>
   </div>
   <div class='ocr_carea' id='block_1_25' title="bbox 730 2308 2311 2379">
    <p class='ocr_par' dir='ltr' id='par_1_25' title="bbox 730 2308 2311 2379">
     <span class='ocr_line' id='line_1_25' title="bbox 730 2308 2311 2379; baseline -0.003 -15"><span class='ocrx_word' id='word_1_151' title='bbox 730 2309 846 2364; x_wconf 84' lang='lat' dir='ltr'><strong>sive</strong></span> <span class='ocrx_word' id='word_1_152' title='bbox 883 2310 1238 2379; x_wconf 79' lang='lat' dir='ltr'><strong>improbitate</strong></span> <span class='ocrx_word' id='word_1_153' title='bbox 1278 2310 1561 2362; x_wconf 85' lang='lat' dir='ltr'><strong>hominum</strong></span> <span class='ocrx_word' id='word_1_154' title='bbox 1593 2324 1656 2362; x_wconf 91' lang='lat' dir='ltr'><strong>ea</strong></span> <span class='ocrx_word' id='word_1_155' title='bbox 1687 2309 1962 2377; x_wconf 86' lang='lat' dir='ltr'><strong>inlligatur</strong></span> <span class='ocrx_word' id='word_1_156' title='bbox 1997 2308 2311 2377; x_wconf 90' lang='lat' dir='ltr'><strong>impressio,</strong></span> 
     </span>
    </p>
   </div>
   <div class='ocr_carea' id='block_1_26' title="bbox 731 2400 2308 2468">
    <p class='ocr_par' dir='ltr' id='par_1_26' title="bbox 731 2400 2308 2468">
     <span class='ocr_line' id='line_1_26' title="bbox 731 2400 2308 2468; baseline -0.003 -15"><span class='ocrx_word' id='word_1_157' title='bbox 731 2400 848 2454; x_wconf 81' lang='lat' dir='ltr'><strong>sive</strong></span> <span class='ocrx_word' id='word_1_158' title='bbox 902 2402 1144 2454; x_wconf 86' lang='lat' dir='ltr'><strong>assultus</strong></span> <span class='ocrx_word' id='word_1_159' title='bbox 1206 2400 1295 2452; x_wconf 90' lang='lat' dir='ltr'><strong>hic</strong></span> <span class='ocrx_word' id='word_1_160' title='bbox 1360 2401 1647 2453; x_wconf 91' lang='lat' dir='ltr'><strong>inccntore</strong></span> <span class='ocrx_word' id='word_1_161' title='bbox 1710 2400 1955 2453; x_wconf 59' lang='lat' dir='ltr'><strong>daemone</strong></span> <span class='ocrx_word' id='word_1_162' title='bbox 2014 2400 2308 2468; x_wconf 85' lang='lat' dir='ltr'><strong>irrogctur,</strong></span> 
     </span>
    </p>
   </div>
   <div class='ocr_carea' id='block_1_27' title="bbox 733 2490 2311 2545">
    <p class='ocr_par' dir='ltr' id='par_1_27' title="bbox 733 2490 2311 2545">
     <span class='ocr_line' id='line_1_27' title="bbox 733 2490 2311 2545; baseline -0.002 0"><span class='ocrx_word' id='word_1_163' title='bbox 733 2491 830 2545; x_wconf 83' lang='lat' dir='ltr'><strong>sed</strong></span> <span class='ocrx_word' id='word_1_164' title='bbox 868 2499 925 2543; x_wconf 92' lang='lat' dir='ltr'><strong>et</strong></span> <span class='ocrx_word' id='word_1_165' title='bbox 978 2507 1138 2545; x_wconf 90' lang='lat' dir='ltr'><strong>nosse</strong></span> <span class='ocrx_word' id='word_1_166' title='bbox 1177 2501 1227 2545; x_wconf 87' lang='lat' dir='ltr'><strong>te</strong></span> <span class='ocrx_word' id='word_1_167' title='bbox 1258 2492 1509 2544; x_wconf 89' lang='lat' dir='ltr'><strong>exactius</strong></span> <span class='ocrx_word' id='word_1_168' title='bbox 1536 2492 1796 2545; x_wconf 85' lang='lat' dir='ltr'><strong>convenit</strong></span> <span class='ocrx_word' id='word_1_169' title='bbox 1828 2492 2125 2544; x_wconf 86' lang='lat' dir='ltr'><strong>nos&#39;istius</strong></span> <span class='ocrx_word' id='word_1_170' title='bbox 2154 2490 2311 2543; x_wconf 87' lang='lat' dir='ltr'><strong>debi-</strong></span> 
     </span>
    </p>
   </div>
   <div class='ocr_carea' id='block_1_28' title="bbox 734 2582 2313 2651">
    <p class='ocr_par' dir='ltr' id='par_1_28' title="bbox 734 2582 2313 2651">
     <span class='ocr_line' id='line_1_28' title="bbox 734 2582 2313 2651; baseline -0.001 -15"><span class='ocrx_word' id='word_1_171' title='bbox 734 2592 885 2637; x_wconf 89' lang='lat' dir='ltr'><strong>tores</strong></span> <span class='ocrx_word' id='word_1_172' title='bbox 911 2596 1034 2635; x_wconf 89' lang='lat' dir='ltr'><strong>esse</strong></span> <span class='ocrx_word' id='word_1_173' title='bbox 1073 2598 1333 2635; x_wconf 64' lang='lat' dir='ltr'><strong>aerumnae</strong></span> <span class='ocrx_word' id='word_1_174' title='bbox 1362 2591 1419 2636; x_wconf 90' lang='lat' dir='ltr'><strong>et</strong></span> <span class='ocrx_word' id='word_1_175' title='bbox 1447 2584 1776 2635; x_wconf 84' lang='lat' dir='ltr'><strong>atllietionis.</strong></span> <span class='ocrx_word' id='word_1_176' title='bbox 1806 2584 1956 2650; x_wconf 76' lang='lat' dir='ltr'><strong>Opus</strong></span> <span class='ocrx_word' id='word_1_177' title='bbox 1987 2582 2152 2651; x_wconf 87' lang='lat' dir='ltr'><strong>igitur</strong></span> <span class='ocrx_word' id='word_1_178' title='bbox 2183 2582 2313 2635; x_wconf 84' lang='lat' dir='ltr'><strong>huic</strong></span> 
     </span>
    </p>
   </div>
   <div class='ocr_carea' id='block_1_29' title="bbox 735 2675 2315 2745">
    <p class='ocr_par' dir='ltr' id='par_1_29' title="bbox 735 2675 2315 2745">
     <span class='ocr_line' id='line_1_29' title="bbox 735 2675 2315 2745; baseline -0.002 -15"><span class='ocrx_word' id='word_1_179' title='bbox 735 2686 798 2730; x_wconf 85' lang='lat' dir='ltr'><strong>ut</strong></span> <span class='ocrx_word' id='word_1_180' title='bbox 834 2678 1184 2731; x_wconf 89' lang='lat' dir='ltr'><strong>obluctcmur</strong></span> <span class='ocrx_word' id='word_1_181' title='bbox 1220 2694 1364 2731; x_wconf 70' lang='lat' dir='ltr'><strong>sazvo</strong></span> <span class='ocrx_word' id='word_1_182' title='bbox 1394 2678 1651 2739; x_wconf 74' lang='lat' dir='ltr'><strong>daemoni,</strong></span> <span class='ocrx_word' id='word_1_183' title='bbox 1707 2676 1960 2745; x_wconf 70' lang='lat' dir='ltr'><strong>przcsidio</strong></span> <span class='ocrx_word' id='word_1_184' title='bbox 2006 2675 2226 2727; x_wconf 76' lang='lat' dir='ltr'><strong>subnixi</strong></span> <span class='ocrx_word' id='word_1_185' title='bbox 2260 2683 2315 2727; x_wconf 91' lang='lat' dir='ltr'><strong>ct</strong></span> 
     </span>
    </p>
   </div>
   <div class='ocr_carea' id='block_1_30' title="bbox 733 2765 2314 2836">
    <p class='ocr_par' dir='ltr' id='par_1_30' title="bbox 733 2765 2314 2836">
     <span class='ocr_line' id='line_1_30' title="bbox 733 2765 2314 2836; baseline -0.003 -14"><span class='ocrx_word' id='word_1_186' title='bbox 733 2767 1003 2822; x_wconf 86' lang='lat' dir='ltr'><strong>orationis</strong></span> <span class='ocrx_word' id='word_1_187' title='bbox 1028 2776 1084 2820; x_wconf 85' lang='lat' dir='ltr'><strong>et</strong></span> <span class='ocrx_word' id='word_1_188' title='bbox 1112 2768 1389 2836; x_wconf 67' lang='lat' dir='ltr'><strong>patientim</strong></span> <span class='ocrx_word' id='word_1_189' title='bbox 1416 2785 1430 2821; x_wconf 90' lang='lat'><strong>:</strong></span> <span class='ocrx_word' id='word_1_190' title='bbox 1466 2785 1590 2820; x_wconf 89' lang='lat' dir='ltr'><strong>nam</strong></span> <span class='ocrx_word' id='word_1_191' title='bbox 1620 2768 1713 2836; x_wconf 91' lang='lat' dir='ltr'><strong>qui</strong></span> <span class='ocrx_word' id='word_1_192' title='bbox 1749 2768 2110 2820; x_wconf 91' lang='lat' dir='ltr'><strong>tentationum</strong></span> <span class='ocrx_word' id='word_1_193' title='bbox 2132 2765 2314 2835; x_wconf 82' lang='lat' dir='ltr'><strong>jacula</strong></span> 
     </span>
    </p>
   </div>
   <div class='ocr_carea' id='block_1_31' title="bbox 736 2859 2314 2929">
    <p class='ocr_par' dir='ltr' id='par_1_31' title="bbox 736 2859 2314 2929">
     <span class='ocr_line' id='line_1_31' title="bbox 736 2859 2314 2929; baseline -0.001 -16"><span class='ocrx_word' id='word_1_194' title='bbox 736 2876 769 2913; x_wconf 75' lang='grc' dir='ltr'>ιι</span> <span class='ocrx_word' id='word_1_195' title='bbox 816 2876 875 2913; x_wconf 85' lang='lat' dir='ltr'><strong>se</strong></span> <span class='ocrx_word' id='word_1_196' title='bbox 929 2859 1211 2929; x_wconf 87' lang='lat' dir='ltr'><strong>depellere</strong></span> <span class='ocrx_word' id='word_1_197' title='bbox 1245 2862 1470 2929; x_wconf 80' lang='lat' dir='ltr'><strong>quidem</strong></span> <span class='ocrx_word' id='word_1_198' title='bbox 1505 2863 1651 2924; x_wconf 90' lang='lat' dir='ltr'><strong>vult,</strong></span> <span class='ocrx_word' id='word_1_199' title='bbox 1688 2877 1789 2913; x_wconf 87' lang='lat' dir='ltr'><strong>nec</strong></span> <span class='ocrx_word' id='word_1_200' title='bbox 1839 2862 1992 2913; x_wconf 81' lang='lat' dir='ltr'><strong>fulcit</strong></span> <span class='ocrx_word' id='word_1_201' title='bbox 2043 2875 2101 2913; x_wconf 88' lang='lat' dir='ltr'><strong>se</strong></span> <span class='ocrx_word' id='word_1_202' title='bbox 2144 2859 2314 2912; x_wconf 88' lang='lat' dir='ltr'><strong>armis</strong></span> 
     </span>
    </p>
   </div>
   <div class='ocr_carea' id='block_1_32' title="bbox 738 2951 2313 3019">
    <p class='ocr_par' dir='ltr' id='par_1_32' title="bbox 738 2951 2313 3019">
     <span class='ocr_line' id='line_1_32' title="bbox 738 2951 2313 3019; baseline -0.001 -17"><span class='ocrx_word' id='word_1_203' title='bbox 738 2951 1008 3005; x_wconf 85' lang='lat' dir='ltr'><strong>orationis</strong></span> <span class='ocrx_word' id='word_1_204' title='bbox 1032 2960 1088 3003; x_wconf 89' lang='lat' dir='ltr'><strong>et</strong></span> <span class='ocrx_word' id='word_1_205' title='bbox 1130 2951 1429 3019; x_wconf 70' lang='lat' dir='ltr'><strong>patientim,</strong></span> <span class='ocrx_word' id='word_1_206' title='bbox 1471 2952 1611 3005; x_wconf 90' lang='lat' dir='ltr'><strong>adeo</strong></span> <span class='ocrx_word' id='word_1_207' title='bbox 1638 2969 1665 3005; x_wconf 70' lang='grc' dir='ltr'>ιι</span> <span class='ocrx_word' id='word_1_208' title='bbox 1696 2969 1754 3005; x_wconf 88' lang='lat' dir='ltr'><strong>se</strong></span> <span class='ocrx_word' id='word_1_209' title='bbox 1785 2968 1891 3004; x_wconf 87' lang='lat' dir='ltr'><strong>non</strong></span> <span class='ocrx_word' id='word_1_210' title='bbox 1922 2951 2171 3019; x_wconf 87' lang='lat' dir='ltr'><strong>prolligat</strong></span> <span class='ocrx_word' id='word_1_211' title='bbox 2199 2965 2313 3012; x_wconf 86' lang='lat' dir='ltr'><strong>eas,</strong></span> 
     </span>
    </p>
   </div>
   <div class='ocr_carea' id='block_1_33' title="bbox 738 3042 2314 3111">
    <p class='ocr_par' dir='ltr' id='par_1_33' title="bbox 738 3042 2314 3111">
     <span class='ocr_line' id='line_1_33' title="bbox 738 3042 2314 3111; baseline -0.003 -16"><span class='ocrx_word' id='word_1_212' title='bbox 738 3044 988 3095; x_wconf 89' lang='lat' dir='ltr'><strong>utetiam</strong></span> <span class='ocrx_word' id='word_1_213' title='bbox 1024 3043 1133 3094; x_wconf 88' lang='lat' dir='ltr'><strong>illis</strong></span> <span class='ocrx_word' id='word_1_214' title='bbox 1160 3043 1477 3111; x_wconf 76' lang='lat' dir='ltr'><strong>perplexius</strong></span> <span class='ocrx_word' id='word_1_215' title='bbox 1507 3043 1833 3095; x_wconf 86' lang='lat' dir='ltr'><strong>involvatur.</strong></span> <span class='ocrx_word' id='word_1_216' title='bbox 1864 3042 1974 3095; x_wconf 86' lang='lat' dir='ltr'><strong>Nos</strong></span> <span class='ocrx_word' id='word_1_217' title='bbox 2000 3042 2165 3110; x_wconf 78' lang='lat' dir='ltr'><strong>igitur</strong></span> <span class='ocrx_word' id='word_1_218' title='bbox 2189 3056 2314 3093; x_wconf 90' lang='lat' dir='ltr'><strong>cum</strong></span> 
     </span>
    </p>
   </div>
   <div class='ocr_carea' id='block_1_34' title="bbox 737 3133 2311 3202">
    <p class='ocr_par' dir='ltr' id='par_1_34' title="bbox 737 3133 2311 3202">
     <span class='ocr_line' id='line_1_34' title="bbox 737 3133 2311 3202; baseline -0.003 -15"><span class='ocrx_word' id='word_1_219' title='bbox 737 3135 899 3187; x_wconf 81' lang='lat' dir='ltr'><strong>beato</strong></span> <span class='ocrx_word' id='word_1_220' title='bbox 953 3133 1124 3185; x_wconf 80' lang='lat' dir='ltr'><strong>David</strong></span> <span class='ocrx_word' id='word_1_221' title='bbox 1189 3135 1488 3187; x_wconf 86' lang='lat' dir='ltr'><strong>tolerantes</strong></span> <span class='ocrx_word' id='word_1_222' title='bbox 1543 3134 1917 3195; x_wconf 85' lang='lat' dir='ltr'><strong>alllictionetn,</strong></span> <span class='ocrx_word' id='word_1_223' title='bbox 1954 3134 2252 3202; x_wconf 83' lang='lat' dir='ltr'><strong>psallamus</strong></span> <span class='ocrx_word' id='word_1_224' title='bbox 2299 3147 2311 3182; x_wconf 93' lang='lat'><strong>:</strong></span> 
     </span>
    </p>
   </div>
   <div class='ocr_carea' id='block_1_35' title="bbox 738 3312 2313 3380">
    <p class='ocr_par' dir='ltr' id='par_1_35' title="bbox 738 3312 2313 3380">
     <span class='ocr_line' id='line_1_35' title="bbox 738 3312 2313 3380; baseline -0.001 -15"><span class='ocrx_word' id='word_1_225' title='bbox 738 3313 867 3365; x_wconf 85' lang='lat' dir='ltr'><strong>me?</strong></span> <span class='ocrx_word' id='word_1_226' title='bbox 890 3314 1061 3379; x_wconf 87' lang='lat' dir='ltr'><strong>Spera</strong></span> <span class='ocrx_word' id='word_1_227' title='bbox 1089 3312 1141 3363; x_wconf 91' lang='lat' dir='ltr'><strong>in</strong></span> <span class='ocrx_word' id='word_1_228' title='bbox 1178 3313 1310 3373; x_wconf 82' lang='lat' dir='ltr'><strong>Deo,</strong></span> <span class='ocrx_word' id='word_1_229' title='bbox 1342 3312 1602 3380; x_wconf 89' lang='lat' dir='ltr'><strong>quoniam</strong></span> <span class='ocrx_word' id='word_1_230' title='bbox 1632 3313 1937 3365; x_wconf 76' lang='lat' dir='ltr'><strong>conﬁtebor</strong></span> <span class='ocrx_word' id='word_1_231' title='bbox 1962 3313 2047 3374; x_wconf 87' lang='lat' dir='ltr'><strong>ei;</strong></span> <span class='ocrx_word' id='word_1_232' title='bbox 2074 3314 2313 3364; x_wconf 88' lang='lat' dir='ltr'><strong>salutare</strong></span> 
     </span>
    </p>
   </div>
   <div class='ocr_carea' id='block_1_36' title="bbox 736 3403 2316 3471">
    <p class='ocr_par' dir='ltr' id='par_1_36' title="bbox 736 3403 2316 3471">
     <span class='ocr_line' id='line_1_36' title="bbox 736 3403 2316 3471; baseline -0.002 -14"><span class='ocrx_word' id='word_1_233' title='bbox 736 3404 926 3457; x_wconf 81' lang='lat' dir='ltr'><strong>vultus</strong></span> <span class='ocrx_word' id='word_1_234' title='bbox 958 3403 1064 3455; x_wconf 91' lang='lat' dir='ltr'><strong>mei</strong></span> <span class='ocrx_word' id='word_1_235' title='bbox 1097 3413 1154 3457; x_wconf 91' lang='lat' dir='ltr'><strong>et</strong></span> <span class='ocrx_word' id='word_1_236' title='bbox 1184 3403 1328 3455; x_wconf 82' lang='lat' dir='ltr'><strong>Deus</strong></span> <span class='ocrx_word' id='word_1_237' title='bbox 1354 3419 1509 3456; x_wconf 89' lang='lat' dir='ltr'><strong>meus</strong></span> <span class='ocrx_word' id='word_1_238' title='bbox 1532 3405 1594 3455; x_wconf 81' lang='grc'><strong>³⁸.</strong></span> <span class='ocrx_word' id='word_1_239' title='bbox 1633 3423 1650 3453; x_wconf 75' lang='grc' dir='ltr'><strong>ι</strong></span> <span class='ocrx_word' id='word_1_240' title='bbox 1679 3404 1867 3471; x_wconf 83' lang='lat' dir='ltr'><strong>Neque</strong></span> <span class='ocrx_word' id='word_1_241' title='bbox 1893 3404 2039 3456; x_wconf 88' lang='lat' dir='ltr'><strong>enim</strong></span> <span class='ocrx_word' id='word_1_242' title='bbox 2070 3404 2162 3471; x_wconf 87' lang='lat' dir='ltr'><strong>qui</strong></span> <span class='ocrx_word' id='word_1_243' title='bbox 2199 3415 2316 3455; x_wconf 90' lang='lat' dir='ltr'><strong>ten-</strong></span> 
     </span>
    </p>
   </div>
   <div class='ocr_carea' id='block_1_37' title="bbox 742 3494 2312 3563">
    <p class='ocr_par' dir='ltr' id='par_1_37' title="bbox 742 3494 2312 3563">
     <span class='ocr_line' id='line_1_37' title="bbox 742 3494 2312 3563; baseline -0.001 -17"><span class='ocrx_word' id='word_1_244' title='bbox 742 3494 1013 3546; x_wconf 88' lang='lat' dir='ltr'><strong>tationum</strong></span> <span class='ocrx_word' id='word_1_245' title='bbox 1056 3494 1416 3547; x_wconf 86' lang='lat' dir='ltr'><strong>vibramentis</strong></span> <span class='ocrx_word' id='word_1_246' title='bbox 1446 3494 1721 3557; x_wconf 82' lang='lat' dir='ltr'><strong>crtnlitur,</strong></span> <span class='ocrx_word' id='word_1_247' title='bbox 1771 3494 2031 3563; x_wconf 82' lang='lat' dir='ltr'><strong>possibile</strong></span> <span class='ocrx_word' id='word_1_248' title='bbox 2080 3495 2152 3546; x_wconf 91' lang='lat' dir='ltr'><strong>sit</strong></span> <span class='ocrx_word' id='word_1_249' title='bbox 2180 3494 2312 3562; x_wconf 91' lang='lat' dir='ltr'><strong>quin</strong></span> 
     </span>
    </p>
   </div>
   <div class='ocr_carea' id='block_1_38' title="bbox 742 3585 2316 3653">
    <p class='ocr_par' dir='ltr' id='par_1_38' title="bbox 742 3585 2316 3653">
     <span class='ocr_line' id='line_1_38' title="bbox 742 3585 2316 3653; baseline 0.001 -19"><span class='ocrx_word' id='word_1_250' title='bbox 742 3592 977 3635; x_wconf 75' lang='lat' dir='ltr'><strong>mmreat</strong></span> <span class='ocrx_word' id='word_1_251' title='bbox 1005 3601 1069 3635; x_wconf 87' lang='lat' dir='ltr'><strong>ac</strong></span> <span class='ocrx_word' id='word_1_252' title='bbox 1105 3586 1374 3636; x_wconf 72' lang='lat' dir='ltr'><strong>trimetnr.</strong></span> <span class='ocrx_word' id='word_1_253' title='bbox 1408 3586 1585 3651; x_wconf 78' lang='lat' dir='ltr'><strong>Atque</strong></span> <span class='ocrx_word' id='word_1_254' title='bbox 1630 3585 1901 3653; x_wconf 89' lang='lat' dir='ltr'><strong>patienter</strong></span> <span class='ocrx_word' id='word_1_255' title='bbox 1925 3585 2154 3637; x_wconf 88' lang='lat' dir='ltr'><strong>tolerato</strong></span> <span class='ocrx_word' id='word_1_256' title='bbox 2184 3599 2316 3653; x_wconf 85' lang='lat' dir='ltr'><strong>ago-</strong></span> 
     </span>
    </p>
   </div>
   <div class='ocr_carea' id='block_1_39' title="bbox 740 3674 2312 3744">
    <p class='ocr_par' dir='ltr' id='par_1_39' title="bbox 740 3674 2312 3744">
     <span class='ocr_line' id='line_1_39' title="bbox 740 3674 2312 3744; baseline -0.002 -17"><span class='ocrx_word' id='word_1_257' title='bbox 740 3689 848 3738; x_wconf 85' lang='lat' dir='ltr'><strong>ne,</strong></span> <span class='ocrx_word' id='word_1_258' title='bbox 913 3674 1048 3726; x_wconf 87' lang='lat' dir='ltr'><strong>tales</strong></span> <span class='ocrx_word' id='word_1_259' title='bbox 1106 3691 1215 3726; x_wconf 87' lang='lat' dir='ltr'><strong>non</strong></span> <span class='ocrx_word' id='word_1_260' title='bbox 1275 3676 1536 3728; x_wconf 87' lang='lat' dir='ltr'><strong>mediocri</strong></span> <span class='ocrx_word' id='word_1_261' title='bbox 1598 3676 2006 3744; x_wconf 87' lang='lat' dir='ltr'><strong>perluuduntur</strong></span> <span class='ocrx_word' id='word_1_262' title='bbox 2077 3675 2312 3744; x_wconf 79' lang='lat' dir='ltr'><strong>gaudio;</strong></span> 
     </span>
    </p>
   </div>
   <div class='ocr_carea' id='block_1_40' title="bbox 744 3765 2315 3832">
    <p class='ocr_par' dir='ltr' id='par_1_40' title="bbox 744 3765 2315 3832">
     <span class='ocr_line' id='line_1_40' title="bbox 744 3765 2315 3832; baseline 0 -15"><span class='ocrx_word' id='word_1_263' title='bbox 744 3765 977 3818; x_wconf 83' lang='lat' dir='ltr'><strong>maxime</strong></span> <span class='ocrx_word' id='word_1_264' title='bbox 1011 3766 1055 3817; x_wconf 90' lang='lat' dir='ltr'><strong>si</strong></span> <span class='ocrx_word' id='word_1_265' title='bbox 1106 3765 1319 3832; x_wconf 87' lang='lat' dir='ltr'><strong>scipsos</strong></span> <span class='ocrx_word' id='word_1_266' title='bbox 1350 3766 1518 3819; x_wconf 87' lang='lat' dir='ltr'><strong>armis</strong></span> <span class='ocrx_word' id='word_1_267' title='bbox 1560 3766 1988 3818; x_wconf 91' lang='lat' dir='ltr'><strong>connnunierint</strong></span> <span class='ocrx_word' id='word_1_268' title='bbox 2026 3766 2315 3829; x_wconf 89' lang='lat' dir='ltr'><strong>orationis,</strong></span> 
     </span>
    </p>
   </div>
   <div class='ocr_carea' id='block_1_41' title="bbox 745 3853 2317 3925">
    <p class='ocr_par' dir='ltr' id='par_1_41' title="bbox 745 3853 2317 3925">
     <span class='ocr_line' id='line_1_41' title="bbox 745 3853 2317 3925; baseline 0.003 -21"><span class='ocrx_word' id='word_1_269' title='bbox 745 3853 1045 3922; x_wconf 77' lang='lat' dir='ltr'><strong>palietttia&#39;,</strong></span> <span class='ocrx_word' id='word_1_270' title='bbox 1080 3866 1135 3908; x_wconf 91' lang='lat' dir='ltr'><strong>et</strong></span> <span class='ocrx_word' id='word_1_271' title='bbox 1166 3857 1411 3908; x_wconf 85' lang='lat' dir='ltr'><strong>dulcium</strong></span> <span class='ocrx_word' id='word_1_272' title='bbox 1452 3857 1838 3925; x_wconf 85' lang='lat' dir='ltr'><strong>lacrymarum,</strong></span> <span class='ocrx_word' id='word_1_273' title='bbox 1866 3871 2081 3909; x_wconf 86' lang='lat' dir='ltr'><strong>necnon</strong></span> <span class='ocrx_word' id='word_1_274' title='bbox 2110 3856 2317 3909; x_wconf 88' lang='lat' dir='ltr'><strong>intelli-</strong></span> 
     </span>
    </p>
   </div>
   <div class='ocr_carea' id='block_1_42' title="bbox 742 3946 2319 4017">
    <p class='ocr_par' dir='ltr' id='par_1_42' title="bbox 742 3946 2319 4017">
     <span class='ocr_line' id='line_1_42' title="bbox 742 3946 2319 4017; baseline 0.002 -20"><span class='ocrx_word' id='word_1_275' title='bbox 742 3946 927 4013; x_wconf 80' lang='lat' dir='ltr'><strong>gentia</strong></span> <span class='ocrx_word' id='word_1_276' title='bbox 958 3946 1157 4000; x_wconf 70' lang='lat' dir='ltr'><strong>divina:</strong></span> <span class='ocrx_word' id='word_1_277' title='bbox 1196 3946 1515 4015; x_wconf 67' lang='lat' dir='ltr'><strong>Scriptum.</strong></span> <span class='ocrx_word' id='word_1_278' title='bbox 1552 3949 1977 4017; x_wconf 86' lang='lat' dir='ltr'><strong>Quanticunque</strong></span> <span class='ocrx_word' id='word_1_279' title='bbox 2005 3948 2153 4003; x_wconf 91' lang='lat' dir='ltr'><strong>enim</strong></span> <span class='ocrx_word' id='word_1_280' title='bbox 2188 3957 2319 4003; x_wconf 92' lang='lat' dir='ltr'><strong>sunt</strong></span> 
     </span>
    </p>
   </div>
   <div class='ocr_carea' id='block_1_43' title="bbox 743 4036 2319 4104">
    <p class='ocr_par' dir='ltr' id='par_1_43' title="bbox 743 4036 2319 4104">
     <span class='ocr_line' id='line_1_43' title="bbox 743 4036 2319 4104; baseline 0.005 -19"><span class='ocrx_word' id='word_1_281' title='bbox 743 4052 886 4104; x_wconf 89' lang='lat' dir='ltr'><strong>quos</strong></span> <span class='ocrx_word' id='word_1_282' title='bbox 916 4036 1071 4088; x_wconf 88' lang='lat' dir='ltr'><strong>labor</strong></span> <span class='ocrx_word' id='word_1_283' title='bbox 1102 4045 1158 4088; x_wconf 87' lang='lat' dir='ltr'><strong>et</strong></span> <span class='ocrx_word' id='word_1_284' title='bbox 1198 4037 1421 4090; x_wconf 90' lang='lat' dir='ltr'><strong>alllictio</strong></span> <span class='ocrx_word' id='word_1_285' title='bbox 1450 4054 1750 4091; x_wconf 87' lang='lat' dir='ltr'><strong>exercuere</strong></span> <span class='ocrx_word' id='word_1_286' title='bbox 1782 4039 1834 4091; x_wconf 91' lang='lat' dir='ltr'><strong>in</strong></span> <span class='ocrx_word' id='word_1_287' title='bbox 1877 4040 2138 4092; x_wconf 88' lang='lat' dir='ltr'><strong>cordibus</strong></span> <span class='ocrx_word' id='word_1_288' title='bbox 2168 4042 2319 4093; x_wconf 72' lang='lat' dir='ltr'><strong>sus?</strong></span> 
     </span>
    </p>
   </div>
   <div class='ocr_carea' id='block_1_44' title="bbox 742 4124 2320 4196">
    <p class='ocr_par' dir='ltr' id='par_1_44' title="bbox 742 4124 2320 4196">
     <span class='ocr_line' id='line_1_44' title="bbox 742 4124 2320 4196; baseline 0.003 -17"><span class='ocrx_word' id='word_1_289' title='bbox 742 4124 876 4179; x_wconf 74' lang='lat' dir='ltr'><strong>Jure</strong></span> <span class='ocrx_word' id='word_1_290' title='bbox 901 4125 1158 4193; x_wconf 80' lang='lat' dir='ltr'><strong>quidem!</strong></span> <span class='ocrx_word' id='word_1_291' title='bbox 1192 4125 1423 4178; x_wconf 71' lang='lat' dir='ltr'><strong>Corona:</strong></span> <span class='ocrx_word' id='word_1_292' title='bbox 1455 4127 1602 4179; x_wconf 91' lang='lat' dir='ltr'><strong>enim</strong></span> <span class='ocrx_word' id='word_1_293' title='bbox 1629 4143 1859 4196; x_wconf 86' lang='lat' dir='ltr'><strong>agonem</strong></span> <span class='ocrx_word' id='word_1_294' title='bbox 1901 4128 2120 4182; x_wconf 81' lang='lat' dir='ltr'><strong>fortiter</strong></span> <span class='ocrx_word' id='word_1_295' title='bbox 2152 4130 2320 4183; x_wconf 89' lang='lat' dir='ltr'><strong>susti-</strong></span> 
     </span>
    </p>
   </div>
   <div class='ocr_carea' id='block_1_45' title="bbox 748 4217 2319 4283">
    <p class='ocr_par' dir='ltr' id='par_1_45' title="bbox 748 4217 2319 4283">
     <span class='ocr_line' id='line_1_45' title="bbox 748 4217 2319 4283; baseline 0.005 -15"><span class='ocrx_word' id='word_1_296' title='bbox 748 4217 1009 4269; x_wconf 82' lang='lat' dir='ltr'><strong>nentibus</strong></span> <span class='ocrx_word' id='word_1_297' title='bbox 1038 4217 1461 4270; x_wconf 88' lang='lat' dir='ltr'><strong>eoncinnantur.</strong></span> <span class='ocrx_word' id='word_1_298' title='bbox 1483 4219 1640 4283; x_wconf 86' lang='lat' dir='ltr'><strong>Quod</strong></span> <span class='ocrx_word' id='word_1_299' title='bbox 1671 4220 1715 4272; x_wconf 91' lang='lat' dir='ltr'><strong>si</strong></span> <span class='ocrx_word' id='word_1_300' title='bbox 1746 4236 1900 4273; x_wconf 90' lang='lat' dir='ltr'><strong>mens</strong></span> <span class='ocrx_word' id='word_1_301' title='bbox 1931 4222 2126 4275; x_wconf 88' lang='lat' dir='ltr'><strong>inertia</strong></span> <span class='ocrx_word' id='word_1_302' title='bbox 2151 4224 2319 4277; x_wconf 92' lang='lat' dir='ltr'><strong>animi</strong></span> 
     </span>
    </p>
   </div>
   <div class='ocr_carea' id='block_1_46' title="bbox 747 4308 2323 4381">
    <p class='ocr_par' dir='ltr' id='par_1_46' title="bbox 747 4308 2323 4381">
     <span class='ocr_line' id='line_1_46' title="bbox 747 4308 2323 4381; baseline 0.006 -22"><span class='ocrx_word' id='word_1_303' title='bbox 747 4316 1063 4372; x_wconf 86' lang='lat' dir='ltr'><strong>enervctur,</strong></span> <span class='ocrx_word' id='word_1_304' title='bbox 1111 4323 1234 4360; x_wconf 88' lang='lat' dir='ltr'><strong>mox</strong></span> <span class='ocrx_word' id='word_1_305' title='bbox 1276 4308 1500 4363; x_wconf 88' lang='lat' dir='ltr'><strong>tristitia</strong></span> <span class='ocrx_word' id='word_1_306' title='bbox 1552 4311 1814 4363; x_wconf 89' lang='lat' dir='ltr'><strong>arrodcre</strong></span> <span class='ocrx_word' id='word_1_307' title='bbox 1860 4313 2055 4381; x_wconf 89' lang='lat' dir='ltr'><strong>incipit</strong></span> <span class='ocrx_word' id='word_1_308' title='bbox 2083 4315 2323 4369; x_wconf 86' lang='lat' dir='ltr'><strong>hominis</strong></span> 
     </span>
    </p>
   </div>
   <div class='ocr_carea' id='block_1_47' title="bbox 748 4398 2325 4469">
    <p class='ocr_par' dir='ltr' id='par_1_47' title="bbox 748 4398 2325 4469">
     <span class='ocr_line' id='line_1_47' title="bbox 748 4398 2325 4469; baseline 0.006 -19"><span class='ocrx_word' id='word_1_309' title='bbox 748 4413 868 4456; x_wconf 86' lang='lat' dir='ltr'><strong>cor.</strong></span> <span class='ocrx_word' id='word_1_310' title='bbox 920 4398 1074 4466; x_wconf 79' lang='lat' dir='ltr'><strong>juxta</strong></span> <span class='ocrx_word' id='word_1_311' title='bbox 1135 4399 1464 4452; x_wconf 88' lang='lat' dir='ltr'><strong>sententiam</strong></span> <span class='ocrx_word' id='word_1_312' title='bbox 1534 4402 1906 4469; x_wconf 87' lang='lat' dir='ltr'><strong>superiorem,</strong></span> <span class='ocrx_word' id='word_1_313' title='bbox 1959 4421 2058 4457; x_wconf 76' lang='lat' dir='ltr'><strong>ceu</strong></span> <span class='ocrx_word' id='word_1_314' title='bbox 2121 4407 2325 4459; x_wconf 81' lang='lat' dir='ltr'><strong>assolet</strong></span> 
     </span>
    </p>
   </div>
   <div class='ocr_carea' id='block_1_48' title="bbox 750 4485 2323 4561">
    <p class='ocr_par' dir='ltr' id='par_1_48' title="bbox 750 4485 2323 4561">
     <span class='ocr_line' id='line_1_48' title="bbox 750 4485 2323 4561; baseline 0.006 -25"><span class='ocrx_word' id='word_1_315' title='bbox 750 4485 977 4554; x_wconf 87' lang='lat' dir='ltr'><strong>pallium</strong></span> <span class='ocrx_word' id='word_1_316' title='bbox 1033 4486 1267 4538; x_wconf 86' lang='lat' dir='ltr'><strong>exedere</strong></span> <span class='ocrx_word' id='word_1_317' title='bbox 1328 4487 1502 4551; x_wconf 89' lang='lat' dir='ltr'><strong>tinea,</strong></span> <span class='ocrx_word' id='word_1_318' title='bbox 1563 4491 1767 4542; x_wconf 86' lang='lat' dir='ltr'><strong>vermis</strong></span> <span class='ocrx_word' id='word_1_319' title='bbox 1815 4491 2020 4559; x_wconf 84' lang='lat' dir='ltr'><strong>lignum</strong></span> <span class='ocrx_word' id='word_1_320' title='bbox 2082 4492 2135 4544; x_wconf 92' lang='lat' dir='ltr'><strong>in</strong></span> <span class='ocrx_word' id='word_1_321' title='bbox 2192 4492 2323 4561; x_wconf 83' lang='lat' dir='ltr'><strong>ligni</strong></span> 
     </span>
    </p>
   </div>
   <div class='ocr_carea' id='block_1_49' title="bbox 751 4577 2327 4646">
    <p class='ocr_par' dir='ltr' id='par_1_49' title="bbox 751 4577 2327 4646">
     <span class='ocr_line' id='line_1_49' title="bbox 751 4577 2327 4646; baseline 0.006 -17"><span class='ocrx_word' id='word_1_322' title='bbox 751 4577 969 4629; x_wconf 74' lang='lat' dir='ltr'><strong>ossibus</strong></span> <span class='ocrx_word' id='word_1_323' title='bbox 1018 4587 1335 4646; x_wconf 79' lang='lat' dir='ltr'><strong>prognatus.</strong></span> <span class='ocrx_word' id='word_1_324' title='bbox 1396 4579 1835 4646; x_wconf 81' lang='lat' dir='ltr'><strong>Deprehcnditur</strong></span> <span class='ocrx_word' id='word_1_325' title='bbox 1882 4585 2043 4635; x_wconf 85' lang='lat' dir='ltr'><strong>homo</strong></span> <span class='ocrx_word' id='word_1_326' title='bbox 2086 4595 2213 4637; x_wconf 93' lang='lat' dir='ltr'><strong>tunc</strong></span> <span class='ocrx_word' id='word_1_327' title='bbox 2271 4586 2327 4638; x_wconf 91' lang='lat' dir='ltr'><strong>in</strong></span> 
     </span>
    </p>
   </div>
   <div class='ocr_carea' id='block_1_50' title="bbox 752 4667 2331 4743">
    <p class='ocr_par' dir='ltr' id='par_1_50' title="bbox 752 4667 2331 4743">
     <span class='ocr_line' id='line_1_50' title="bbox 752 4667 2331 4743; baseline 0.008 -24"><span class='ocrx_word' id='word_1_328' title='bbox 752 4667 1075 4720; x_wconf 87' lang='lat' dir='ltr'><strong>densissima</strong></span> <span class='ocrx_word' id='word_1_329' title='bbox 1124 4670 1334 4721; x_wconf 84' lang='lat' dir='ltr'><strong>versari</strong></span> <span class='ocrx_word' id='word_1_330' title='bbox 1383 4671 1613 4738; x_wconf 87' lang='lat' dir='ltr'><strong>caligine</strong></span> <span class='ocrx_word' id='word_1_331' title='bbox 1656 4674 2071 4743; x_wconf 85' lang='lat' dir='ltr'><strong>cogitationum.</strong></span> <span class='ocrx_word' id='word_1_332' title='bbox 2116 4678 2194 4729; x_wconf 85' lang='lat' dir='ltr'><strong>Ob</strong></span> <span class='ocrx_word' id='word_1_333' title='bbox 2225 4677 2331 4731; x_wconf 89' lang='lat' dir='ltr'><strong>hoc</strong></span> 
     </span>
    </p>
   </div>
   <div class='ocr_carea' id='block_1_51' title="bbox 753 4758 2327 4829">
    <p class='ocr_par' dir='ltr' id='par_1_51' title="bbox 753 4758 2327 4829">
     <span class='ocr_line' id='line_1_51' title="bbox 753 4758 2327 4829; baseline 0.004 -16"><span class='ocrx_word' id='word_1_334' title='bbox 753 4774 925 4813; x_wconf 90' lang='lat' dir='ltr'><strong>unum</strong></span> <span class='ocrx_word' id='word_1_335' title='bbox 980 4758 1241 4811; x_wconf 87' lang='lat' dir='ltr'><strong>admonet</strong></span> <span class='ocrx_word' id='word_1_336' title='bbox 1287 4760 1604 4829; x_wconf 87' lang='lat' dir='ltr'><strong>Scriptura,</strong></span> <span class='ocrx_word' id='word_1_337' title='bbox 1653 4763 1843 4817; x_wconf 85' lang='lat' dir='ltr'><strong>dicens</strong></span> <span class='ocrx_word' id='word_1_338' title='bbox 1889 4782 1902 4817; x_wconf 90' lang='lat'><strong>:</strong></span> <span class='ocrx_word' id='word_1_339' title='bbox 1959 4786 1975 4814; x_wconf 80' lang='grc' dir='ltr'><strong>ι</strong></span> <span class='ocrx_word' id='word_1_340' title='bbox 2026 4765 2327 4819; x_wconf 90' lang='lat' dir='ltr'><strong>Tristitiam</strong></span> 
     </span>
    </p>
   </div>
   <div class='ocr_carea' id='block_1_52' title="bbox 755 4848 2331 4920">
    <p class='ocr_par' dir='ltr' id='par_1_52' title="bbox 755 4848 2331 4920">
     <span class='ocr_line' id='line_1_52' title="bbox 755 4848 2331 4920; baseline 0.007 -19"><span class='ocrx_word' id='word_1_341' title='bbox 755 4848 915 4918; x_wconf 80' lang='lat' dir='ltr'><strong>longe</strong></span> <span class='ocrx_word' id='word_1_342' title='bbox 950 4860 1137 4902; x_wconf 82' lang='lat' dir='ltr'><strong>averte</strong></span> <span class='ocrx_word' id='word_1_343' title='bbox 1168 4866 1197 4902; x_wconf 91' lang='lat' dir='ltr'><strong>a</strong></span> <span class='ocrx_word' id='word_1_344' title='bbox 1234 4858 1321 4914; x_wconf 87' lang='lat' dir='ltr'><strong>te;</strong></span> <span class='ocrx_word' id='word_1_345' title='bbox 1360 4853 1562 4905; x_wconf 89' lang='lat' dir='ltr'><strong>nmltos</strong></span> <span class='ocrx_word' id='word_1_346' title='bbox 1580 4853 1727 4905; x_wconf 88' lang='lat' dir='ltr'><strong>enim</strong></span> <span class='ocrx_word' id='word_1_347' title='bbox 1763 4855 1966 4907; x_wconf 88' lang='lat' dir='ltr'><strong>occidit</strong></span> <span class='ocrx_word' id='word_1_348' title='bbox 1998 4856 2238 4920; x_wconf 89' lang='lat' dir='ltr'><strong>tristitia,</strong></span> <span class='ocrx_word' id='word_1_349' title='bbox 2274 4866 2331 4912; x_wconf 90' lang='lat' dir='ltr'><strong>et</strong></span> 
     </span>
    </p>
   </div>
   <div class='ocr_carea' id='block_1_53' title="bbox 757 4941 2330 5018">
    <p class='ocr_par' dir='ltr' id='par_1_53' title="bbox 757 4941 2330 5018">
     <span class='ocr_line' id='line_1_53' title="bbox 757 4941 2330 5018; baseline 0.007 -26"><span class='ocrx_word' id='word_1_350' title='bbox 757 4957 866 4992; x_wconf 90' lang='lat' dir='ltr'><strong>non</strong></span> <span class='ocrx_word' id='word_1_351' title='bbox 896 4950 981 4993; x_wconf 91' lang='lat' dir='ltr'><strong>est</strong></span> <span class='ocrx_word' id='word_1_352' title='bbox 1007 4941 1217 4994; x_wconf 87' lang='lat' dir='ltr'><strong>utilitas</strong></span> <span class='ocrx_word' id='word_1_353' title='bbox 1256 4943 1308 4994; x_wconf 92' lang='lat' dir='ltr'><strong>in</strong></span> <span class='ocrx_word' id='word_1_354' title='bbox 1340 4958 1404 4995; x_wconf 90' lang='lat' dir='ltr'><strong>ea</strong></span> <span class='ocrx_word' id='word_1_355' title='bbox 1429 4944 1492 4995; x_wconf 81' lang='grc'><strong>³³.</strong></span> <span class='ocrx_word' id='word_1_356' title='bbox 1530 4963 1547 4992; x_wconf 70' lang='grc' dir='ltr'>ι</span> <span class='ocrx_word' id='word_1_357' title='bbox 1580 4944 1645 4997; x_wconf 80' lang='lat' dir='ltr'><strong>Et</strong></span> <span class='ocrx_word' id='word_1_358' title='bbox 1674 4962 1686 4997; x_wconf 91' lang='lat'>:</span> <span class='ocrx_word' id='word_1_359' title='bbox 1722 4965 1738 4995; x_wconf 82' lang='grc' dir='ltr'><strong>ι</strong></span> <span class='ocrx_word' id='word_1_360' title='bbox 1769 4946 1848 4998; x_wconf 78' lang='lat' dir='ltr'><strong>Ex</strong></span> <span class='ocrx_word' id='word_1_361' title='bbox 1879 4948 2097 5001; x_wconf 86' lang='lat' dir='ltr'><strong>tristitia</strong></span> <span class='ocrx_word' id='word_1_362' title='bbox 2134 4966 2330 5018; x_wconf 84' lang='lat' dir='ltr'><strong>prove—</strong></span> 
     </span>
    </p>
   </div>
   <div class='ocr_carea' id='block_1_54' title="bbox 757 5033 2333 5094">
    <p class='ocr_par' dir='ltr' id='par_1_54' title="bbox 757 5033 2333 5094">
     <span class='ocr_line' id='line_1_54' title="bbox 757 5033 2333 5094; baseline 0.005 -10"><span class='ocrx_word' id='word_1_363' title='bbox 757 5033 841 5084; x_wconf 88' lang='lat' dir='ltr'><strong>nit</strong></span> <span class='ocrx_word' id='word_1_364' title='bbox 886 5046 1035 5085; x_wconf 88' lang='lat' dir='ltr'><strong>mors</strong></span> <span class='ocrx_word' id='word_1_365' title='bbox 1074 5033 1137 5084; x_wconf 76' lang='grc'><strong>³¹⁸.</strong></span> <span class='ocrx_word' id='word_1_366' title='bbox 1172 5052 1190 5081; x_wconf 86' lang='grc'><strong>›</strong></span> <span class='ocrx_word' id='word_1_367' title='bbox 1225 5033 1291 5086; x_wconf 84' lang='grc' dir='ltr'>Ει</span> <span class='ocrx_word' id='word_1_368' title='bbox 1327 5052 1339 5086; x_wconf 91' lang='lat'>:</span> <span class='ocrx_word' id='word_1_369' title='bbox 1379 5052 1396 5082; x_wconf 88' lang='grc' dir='ltr'><strong>ι</strong></span> <span class='ocrx_word' id='word_1_370' title='bbox 1445 5034 1689 5089; x_wconf 75' lang='lat' dir='ltr'><strong>Tristitia</strong></span> <span class='ocrx_word' id='word_1_371' title='bbox 1733 5039 1915 5091; x_wconf 89' lang='lat' dir='ltr'><strong>cordis</strong></span> <span class='ocrx_word' id='word_1_372' title='bbox 1956 5039 2243 5092; x_wconf 86' lang='lat' dir='ltr'><strong>inclinabit</strong></span> <span class='ocrx_word' id='word_1_373' title='bbox 2275 5048 2333 5094; x_wconf 85' lang='lat' dir='ltr'><strong>et</strong></span> 
     </span>
    </p>
   </div>
   <div class='ocr_carea' id='block_1_55' title="bbox 757 5124 2331 5186">
    <p class='ocr_par' dir='ltr' id='par_1_55' title="bbox 757 5124 2331 5186">
     <span class='ocr_line' id='line_1_55' title="bbox 757 5124 2331 5186; baseline 0.006 -10"><span class='ocrx_word' id='word_1_374' title='bbox 757 5124 1000 5177; x_wconf 88' lang='lat' dir='ltr'><strong>emollict</strong></span> <span class='ocrx_word' id='word_1_375' title='bbox 1035 5124 1289 5179; x_wconf 69' lang='lat' dir='ltr'><strong>robur”.</strong></span> <span class='ocrx_word' id='word_1_376' title='bbox 1328 5146 1344 5174; x_wconf 73' lang='grc' dir='ltr'><strong>ι</strong></span> <span class='ocrx_word' id='word_1_377' title='bbox 1378 5126 1593 5180; x_wconf 88' lang='lat' dir='ltr'><strong>inducit</strong></span> <span class='ocrx_word' id='word_1_378' title='bbox 1623 5146 1635 5179; x_wconf 89' lang='lat'><strong>:</strong></span> <span class='ocrx_word' id='word_1_379' title='bbox 1671 5148 1689 5179; x_wconf 83' lang='grc' dir='ltr'><strong>ι</strong></span> <span class='ocrx_word' id='word_1_380' title='bbox 1729 5128 1806 5182; x_wconf 82' lang='lat' dir='ltr'><strong>Ne</strong></span> <span class='ocrx_word' id='word_1_381' title='bbox 1832 5130 1929 5183; x_wconf 87' lang='lat' dir='ltr'><strong>des</strong></span> <span class='ocrx_word' id='word_1_382' title='bbox 1961 5131 2012 5183; x_wconf 92' lang='lat' dir='ltr'><strong>iu</strong></span> <span class='ocrx_word' id='word_1_383' title='bbox 2052 5131 2331 5186; x_wconf 88' lang='lat' dir='ltr'><strong>tristitiam</strong></span> 
     </span>
    </p>
   </div>
   <div class='ocr_carea' id='block_1_56' title="bbox 758 5217 2337 5283">
    <p class='ocr_par' dir='ltr' id='par_1_56' title="bbox 758 5217 2337 5283">
     <span class='ocr_line' id='line_1_56' title="bbox 758 5217 2337 5283; baseline 0.007 -17"><span class='ocrx_word' id='word_1_384' title='bbox 758 5231 855 5267; x_wconf 88' lang='lat' dir='ltr'><strong>cor</strong></span> <span class='ocrx_word' id='word_1_385' title='bbox 890 5224 1065 5280; x_wconf 89' lang='lat' dir='ltr'><strong>tuum,</strong></span> <span class='ocrx_word' id='word_1_386' title='bbox 1102 5217 1196 5270; x_wconf 87' lang='lat' dir='ltr'><strong>sed</strong></span> <span class='ocrx_word' id='word_1_387' title='bbox 1226 5218 1382 5272; x_wconf 81' lang='lat' dir='ltr'><strong>aufer</strong></span> <span class='ocrx_word' id='word_1_388' title='bbox 1415 5235 1533 5272; x_wconf 84' lang='lat' dir='ltr'><strong>eam</strong></span> <span class='ocrx_word' id='word_1_389' title='bbox 1567 5220 1666 5274; x_wconf 89' lang='lat' dir='ltr'><strong>abs</strong></span> <span class='ocrx_word' id='word_1_390' title='bbox 1693 5231 1766 5283; x_wconf 90' lang='lat' dir='ltr'><strong>te,</strong></span> <span class='ocrx_word' id='word_1_391' title='bbox 1798 5232 2073 5275; x_wconf 87' lang='lat' dir='ltr'><strong>memento</strong></span> <span class='ocrx_word' id='word_1_392' title='bbox 2103 5224 2337 5277; x_wconf 87' lang='lat' dir='ltr'><strong>novissi-</strong></span> 
     </span>
    </p>
   </div>
   <div class='ocr_carea' id='block_1_57' title="bbox 760 5307 2324 5382">
    <p class='ocr_par' dir='ltr' id='par_1_57' title="bbox 760 5307 2324 5382">
     <span class='ocr_line' id='line_1_57' title="bbox 760 5307 2324 5382; baseline 0.007 -26"><span class='ocrx_word' id='word_1_393' title='bbox 760 5320 976 5357; x_wconf 90' lang='lat' dir='ltr'><strong>mornm</strong></span> <span class='ocrx_word' id='word_1_394' title='bbox 1023 5307 1145 5375; x_wconf 86' lang='lat' dir='ltr'><strong>ejus</strong></span> <span class='ocrx_word' id='word_1_395' title='bbox 1172 5309 1236 5359; x_wconf 80' lang='lat'><strong>&quot;.</strong></span> <span class='ocrx_word' id='word_1_396' title='bbox 1286 5329 1303 5360; x_wconf 71' lang='grc' dir='ltr'><strong>ι</strong></span> <span class='ocrx_word' id='word_1_397' title='bbox 1340 5310 1543 5364; x_wconf 82' lang='lat' dir='ltr'><strong>Averte</strong></span> <span class='ocrx_word' id='word_1_398' title='bbox 1597 5311 1760 5382; x_wconf 84' lang='lat' dir='ltr'><strong>igitur</strong></span> <span class='ocrx_word' id='word_1_399' title='bbox 1810 5314 1907 5365; x_wconf 88' lang='lat' dir='ltr'><strong>abs</strong></span> <span class='ocrx_word' id='word_1_400' title='bbox 1951 5323 2001 5367; x_wconf 88' lang='lat' dir='ltr'><strong>te</strong></span> <span class='ocrx_word' id='word_1_401' title='bbox 2042 5315 2324 5367; x_wconf 86' lang='lat' dir='ltr'><strong>tristitiam</strong></span> 
     </span>
    </p>
   </div>
   <div class='ocr_carea' id='block_1_58' title="bbox 759 5394 2327 5474">
    <p class='ocr_par' dir='ltr' id='par_1_58' title="bbox 759 5394 2327 5474">
     <span class='ocr_line' id='line_1_58' title="bbox 759 5394 2327 5474; baseline 0.01 -28"><span class='ocrx_word' id='word_1_402' title='bbox 759 5394 931 5458; x_wconf 89' lang='lat' dir='ltr'><strong>hanc,</strong></span> <span class='ocrx_word' id='word_1_403' title='bbox 960 5406 1016 5449; x_wconf 90' lang='lat' dir='ltr'><strong>et</strong></span> <span class='ocrx_word' id='word_1_404' title='bbox 1040 5413 1109 5450; x_wconf 91' lang='lat' dir='ltr'><strong>ne</strong></span> <span class='ocrx_word' id='word_1_405' title='bbox 1139 5401 1430 5453; x_wconf 86' lang='lat' dir='ltr'><strong>contristes</strong></span> <span class='ocrx_word' id='word_1_406' title='bbox 1470 5401 1734 5470; x_wconf 87' lang='lat' dir='ltr'><strong>Spiritum</strong></span> <span class='ocrx_word' id='word_1_407' title='bbox 1770 5416 2020 5459; x_wconf 88' lang='lat' dir='ltr'><strong>sanctum</strong></span> <span class='ocrx_word' id='word_1_408' title='bbox 2050 5407 2142 5474; x_wconf 87' lang='lat' dir='ltr'><strong>qui</strong></span> <span class='ocrx_word' id='word_1_409' title='bbox 2180 5407 2235 5460; x_wconf 92' lang='lat' dir='ltr'><strong>in</strong></span> <span class='ocrx_word' id='word_1_410' title='bbox 2275 5415 2327 5461; x_wconf 90' lang='lat' dir='ltr'><strong>te</strong></span> 
     </span>
    </p>
   </div>
   <div class='ocr_carea' id='block_1_59' title="bbox 762 5486 2331 5562">
    <p class='ocr_par' dir='ltr' id='par_1_59' title="bbox 762 5486 2331 5562">
     <span class='ocr_line' id='line_1_59' title="bbox 762 5486 2331 5562; baseline 0.01 -23"><span class='ocrx_word' id='word_1_411' title='bbox 762 5486 996 5549; x_wconf 87' lang='lat' dir='ltr'><strong>habitat,</strong></span> <span class='ocrx_word' id='word_1_412' title='bbox 1036 5504 1104 5542; x_wconf 86' lang='lat' dir='ltr'><strong>ne</strong></span> <span class='ocrx_word' id='word_1_413' title='bbox 1131 5490 1269 5543; x_wconf 81' lang='lat' dir='ltr'><strong>forte</strong></span> <span class='ocrx_word' id='word_1_414' title='bbox 1313 5493 1621 5562; x_wconf 77' lang='lat' dir='ltr'><strong>interpellet</strong></span> <span class='ocrx_word' id='word_1_415' title='bbox 1648 5495 1817 5548; x_wconf 87' lang='lat' dir='ltr'><strong>Deum</strong></span> <span class='ocrx_word' id='word_1_416' title='bbox 1846 5506 1902 5550; x_wconf 89' lang='lat' dir='ltr'><strong>et</strong></span> <span class='ocrx_word' id='word_1_417' title='bbox 1940 5499 2161 5552; x_wconf 86' lang='lat' dir='ltr'><strong>recedat</strong></span> <span class='ocrx_word' id='word_1_418' title='bbox 2189 5516 2220 5553; x_wconf 88' lang='lat' dir='ltr'><strong>a</strong></span> <span class='ocrx_word' id='word_1_419' title='bbox 2256 5508 2331 5555; x_wconf 89' lang='lat' dir='ltr'><strong>te.</strong></span> 
     </span>
    </p>
   </div>
   <div class='ocr_carea' id='block_1_60' title="bbox 763 5580 2331 5653">
    <p class='ocr_par' dir='ltr' id='par_1_60' title="bbox 763 5580 2331 5653">
     <span class='ocr_line' id='line_1_60' title="bbox 763 5580 2331 5653; baseline 0.01 -21"><span class='ocrx_word' id='word_1_420' title='bbox 763 5580 1001 5651; x_wconf 81' lang='lat' dir='ltr'><strong>Spiritus</strong></span> <span class='ocrx_word' id='word_1_421' title='bbox 1042 5583 1193 5635; x_wconf 88' lang='lat' dir='ltr'><strong>enim</strong></span> <span class='ocrx_word' id='word_1_422' title='bbox 1243 5583 1337 5637; x_wconf 80' lang='lat' dir='ltr'><strong>Dei</strong></span> <span class='ocrx_word' id='word_1_423' title='bbox 1380 5585 1471 5653; x_wconf 86' lang='lat' dir='ltr'><strong>qui</strong></span> <span class='ocrx_word' id='word_1_424' title='bbox 1514 5585 1569 5639; x_wconf 91' lang='lat' dir='ltr'><strong>in</strong></span> <span class='ocrx_word' id='word_1_425' title='bbox 1607 5586 1747 5639; x_wconf 87' lang='lat' dir='ltr'><strong>hanc</strong></span> <span class='ocrx_word' id='word_1_426' title='bbox 1788 5589 1953 5641; x_wconf 86' lang='lat' dir='ltr'><strong>etiam</strong></span> <span class='ocrx_word' id='word_1_427' title='bbox 2000 5605 2224 5645; x_wconf 89' lang='lat' dir='ltr'><strong>carnem</strong></span> <span class='ocrx_word' id='word_1_428' title='bbox 2271 5608 2331 5647; x_wconf 87' lang='lat' dir='ltr'><strong>se</strong></span> 
     </span>
    </p>
   </div>
   <div class='ocr_carea' id='block_1_61' title="bbox 838 5761 2185 5837">
    <p class='ocr_par' dir='ltr' id='par_1_61' title="bbox 838 5761 2185 5837">
     <span class='ocr_line' id='line_1_61' title="bbox 838 5761 2185 5837; baseline 0.008 -20"><span class='ocrx_word' id='word_1_429' title='bbox 838 5761 882 5793; x_wconf 81' lang='lat'>&quot;</span> <span class='ocrx_word' id='word_1_430' title='bbox 914 5765 1050 5818; x_wconf 72' lang='lat' dir='ltr'><strong>l‘sai.</strong></span> <span class='ocrx_word' id='word_1_431' title='bbox 1080 5781 1203 5831; x_wconf 62' lang='grc' dir='ltr'>χιιι,</span> <span class='ocrx_word' id='word_1_432' title='bbox 1248 5768 1300 5831; x_wconf 81' lang='lat'><strong>6,</strong></span> <span class='ocrx_word' id='word_1_433' title='bbox 1348 5768 1399 5820; x_wconf 86' lang='lat'><strong>&#39;7.</strong></span> <span class='ocrx_word' id='word_1_434' title='bbox 1505 5769 1547 5800; x_wconf 86' lang='grc'>³³</span> <span class='ocrx_word' id='word_1_435' title='bbox 1594 5770 1758 5825; x_wconf 74' lang='lat' dir='ltr'><strong>Eccli.</strong></span> <span class='ocrx_word' id='word_1_436' title='bbox 1805 5788 1929 5836; x_wconf 84' lang='lat' dir='ltr'><strong>xxx,</strong></span> <span class='ocrx_word' id='word_1_437' title='bbox 1977 5773 2065 5837; x_wconf 69' lang='grc' dir='ltr'><strong>ΞΗ,</strong></span> <span class='ocrx_word' id='word_1_438' title='bbox 2098 5774 2185 5828; x_wconf 59' lang='grc' dir='ltr'><strong>ει.</strong></span> 
     </span>
    </p>
   </div>
   <div class='ocr_carea' id='block_1_62' title="bbox 2294 5775 2922 5832">
    <p class='ocr_par' dir='ltr' id='par_1_62' title="bbox 2294 5775 2922 5832">
     <span class='ocr_line' id='line_1_62' title="bbox 2294 5775 2922 5832; baseline 0.003 -2"><span class='ocrx_word' id='word_1_439' title='bbox 2294 5775 2531 5831; x_wconf 69' lang='lat' dir='ltr'><strong>&quot;Eccli.</strong></span> <span class='ocrx_word' id='word_1_440' title='bbox 2578 5790 2776 5831; x_wconf 68' lang='lat' dir='ltr'><strong>xxtzvm</strong></span> <span class='ocrx_word' id='word_1_441' title='bbox 2833 5776 2922 5832; x_wconf 85' lang='lat' dir='ltr'><strong>l9.</strong></span> 
     </span>
    </p>
   </div>
   <div class='ocr_carea' id='block_1_63' title="bbox 2406 579 3991 649">
    <p class='ocr_par' dir='ltr' id='par_1_63' title="bbox 2406 579 3991 649">
     <span class='ocr_line' id='line_1_63' title="bbox 2406 579 3991 649; baseline -0.001 -17"><span class='ocrx_word' id='word_1_442' title='bbox 2406 598 2527 649; x_wconf 87' lang='grc' dir='ltr'>μονι</span> <span class='ocrx_word' id='word_1_443' title='bbox 2558 579 2751 649; x_wconf 84' lang='grc' dir='ltr'>τούτῳ.</span> <span class='ocrx_word' id='word_1_444' title='bbox 2792 579 2850 631; x_wconf 85' lang='grc' dir='ltr'>ὐ</span> <span class='ocrx_word' id='word_1_445' title='bbox 2879 580 2988 649; x_wconf 66' lang='grc' dir='ltr'><strong>γὰρ</strong></span> <span class='ocrx_word' id='word_1_446' title='bbox 3017 579 3172 640; x_wconf 77' lang='grc' dir='ltr'>ἐκτὸς</span> <span class='ocrx_word' id='word_1_447' title='bbox 3218 581 3526 649; x_wconf 76' lang='grc' dir='ltr'>προσευχῆς</span> <span class='ocrx_word' id='word_1_448' title='bbox 3568 582 3664 633; x_wconf 76' lang='grc' dir='ltr'><strong>καὶ</strong></span> <span class='ocrx_word' id='word_1_449' title='bbox 3702 581 3991 649; x_wconf 71' lang='grc' dir='ltr'>ὑπομονῆς</span> 
     </span>
    </p>
   </div>
   <div class='ocr_carea' id='block_1_64' title="bbox 2403 672 3989 742">
    <p class='ocr_par' dir='ltr' id='par_1_64' title="bbox 2403 672 3989 742">
     <span class='ocr_line' id='line_1_64' title="bbox 2403 672 3989 742; baseline 0.001 -19"><span class='ocrx_word' id='word_1_450' title='bbox 2403 673 2746 742; x_wconf 78' lang='grc' dir='ltr'>πειρασμοὺς</span> <span class='ocrx_word' id='word_1_451' title='bbox 2802 674 3022 740; x_wconf 79' lang='grc' dir='ltr'>νικῆσαι</span> <span class='ocrx_word' id='word_1_452' title='bbox 3080 672 3272 733; x_wconf 79' lang='grc' dir='ltr'>θέλων,</span> <span class='ocrx_word' id='word_1_453' title='bbox 3302 674 3401 724; x_wconf 85' lang='grc' dir='ltr'><strong>οὑκ</strong></span> <span class='ocrx_word' id='word_1_454' title='bbox 3448 673 3728 725; x_wconf 83' lang='grc' dir='ltr'>ἀπώσεται</span> <span class='ocrx_word' id='word_1_455' title='bbox 3760 674 3989 733; x_wconf 64' lang='grc' dir='ltr'>αὐτοὺς,</span> 
     </span>
    </p>
   </div>
   <div class='ocr_carea' id='block_1_65' title="bbox 2401 764 3987 834">
    <p class='ocr_par' dir='ltr' id='par_1_65' title="bbox 2401 764 3987 834">
     <span class='ocr_line' id='line_1_65' title="bbox 2401 764 3987 834; baseline -0.003 -16"><span class='ocrx_word' id='word_1_456' title='bbox 2401 764 2538 818; x_wconf 77' lang='grc' dir='ltr'>ἀλλὰ</span> <span class='ocrx_word' id='word_1_457' title='bbox 2579 765 2742 817; x_wconf 83' lang='grc' dir='ltr'>πλέον</span> <span class='ocrx_word' id='word_1_458' title='bbox 2772 765 3183 834; x_wconf 74' lang='grc' dir='ltr'>ἐμπλακήσεται</span> <span class='ocrx_word' id='word_1_459' title='bbox 3211 767 3413 827; x_wconf 80' lang='grc' dir='ltr'>αὐτοῖς.</span> <span class='ocrx_word' id='word_1_460' title='bbox 3454 766 3664 817; x_wconf 68' lang='grc' dir='ltr'>Οὐκοῦν</span> <span class='ocrx_word' id='word_1_461' title='bbox 3698 766 3790 817; x_wconf 75' lang='grc' dir='ltr'><strong>καὶ</strong></span> <span class='ocrx_word' id='word_1_462' title='bbox 3823 767 3987 834; x_wconf 74' lang='grc' dir='ltr'>ἡμεῖς</span> 
     </span>
    </p>
   </div>
   <div class='ocr_carea' id='block_1_66' title="bbox 2401 854 3986 925">
    <p class='ocr_par' dir='ltr' id='par_1_66' title="bbox 2401 854 3986 925">
     <span class='ocr_line' id='line_1_66' title="bbox 2401 854 3986 925; baseline -0.003 -18"><span class='ocrx_word' id='word_1_463' title='bbox 2401 854 2470 907; x_wconf 81' lang='grc' dir='ltr'>δι’</span> <span class='ocrx_word' id='word_1_464' title='bbox 2510 855 2790 925; x_wconf 77' lang='grc' dir='ltr'>ὑπομονῆς</span> <span class='ocrx_word' id='word_1_465' title='bbox 2814 857 2910 908; x_wconf 72' lang='grc' dir='ltr'><strong>σὺν</strong></span> <span class='ocrx_word' id='word_1_466' title='bbox 2941 856 3017 924; x_wconf 77' lang='grc' dir='ltr'>τῷ</span> <span class='ocrx_word' id='word_1_467' title='bbox 3043 856 3204 907; x_wconf 79' lang='grc' dir='ltr'>Δαυῖδ</span> <span class='ocrx_word' id='word_1_468' title='bbox 3240 856 3533 924; x_wconf 73' lang='grc' dir='ltr'>ψάλλομεν·</span> <span class='ocrx_word' id='word_1_469' title='bbox 3566 875 3581 904; x_wconf 86' lang='grc' dir='ltr'><strong>ι</strong></span> <span class='ocrx_word' id='word_1_470' title='bbox 3604 854 3720 908; x_wconf 83' lang='grc' dir='ltr'>Ἵνα</span> <span class='ocrx_word' id='word_1_471' title='bbox 3742 856 3795 907; x_wconf 76' lang='grc' dir='ltr'><strong>τί</strong></span> <span class='ocrx_word' id='word_1_472' title='bbox 3827 856 3986 923; x_wconf 81' lang='grc' dir='ltr'>περί-</span> 
     </span>
    </p>
   </div>
   <div class='ocr_carea' id='block_1_67' title="bbox 2401 942 3983 1015">
    <p class='ocr_par' dir='ltr' id='par_1_67' title="bbox 2401 942 3983 1015">
     <span class='ocr_line' id='line_1_67' title="bbox 2401 942 3983 1015; baseline 0 -19"><span class='ocrx_word' id='word_1_473' title='bbox 2401 944 2571 1008; x_wconf 85' lang='grc' dir='ltr'>λυπος</span> <span class='ocrx_word' id='word_1_474' title='bbox 2619 942 2689 1009; x_wconf 85' lang='grc' dir='ltr'>εἷ,</span> <span class='ocrx_word' id='word_1_475' title='bbox 2784 946 2930 1015; x_wconf 64' lang='grc' dir='ltr'>ψυχή</span> <span class='ocrx_word' id='word_1_476' title='bbox 2972 964 3095 1013; x_wconf 86' lang='grc' dir='ltr'>μου,</span> <span class='ocrx_word' id='word_1_477' title='bbox 3128 944 3219 997; x_wconf 77' lang='grc' dir='ltr'>καὶ</span> <span class='ocrx_word' id='word_1_478' title='bbox 3252 946 3336 997; x_wconf 81' lang='grc' dir='ltr'><strong>ἵνα</strong></span> <span class='ocrx_word' id='word_1_479' title='bbox 3362 946 3412 997; x_wconf 82' lang='grc' dir='ltr'><strong>τί</strong></span> <span class='ocrx_word' id='word_1_480' title='bbox 3442 947 3840 1015; x_wconf 78' lang='grc' dir='ltr'>συνταράσσεις</span> <span class='ocrx_word' id='word_1_481' title='bbox 3879 963 3983 1012; x_wconf 86' lang='grc' dir='ltr'>με;</span> 
     </span>
    </p>
   </div>
   <div class='ocr_carea' id='block_1_68' title="bbox 2402 1033 3984 1103">
    <p class='ocr_par' dir='ltr' id='par_1_68' title="bbox 2402 1033 3984 1103">
     <span class='ocr_line' id='line_1_68' title="bbox 2402 1033 3984 1103; baseline 0.007 -19"><span class='ocrx_word' id='word_1_482' title='bbox 2402 1033 2625 1085; x_wconf 78' lang='grc' dir='ltr'>ἐλπισον</span> <span class='ocrx_word' id='word_1_483' title='bbox 2658 1034 2753 1086; x_wconf 71' lang='grc' dir='ltr'>ἐπὶ</span> <span class='ocrx_word' id='word_1_484' title='bbox 2807 1034 2899 1086; x_wconf 71' lang='grc' dir='ltr'><strong>τον</strong></span> <span class='ocrx_word' id='word_1_485' title='bbox 2944 1034 3095 1096; x_wconf 72' lang='grc' dir='ltr'>Θεὸν,</span> <span class='ocrx_word' id='word_1_486' title='bbox 3151 1035 3233 1086; x_wconf 76' lang='grc' dir='ltr'><strong>ὅτι</strong></span> <span class='ocrx_word' id='word_1_487' title='bbox 3289 1033 3760 1103; x_wconf 77' lang='grc' dir='ltr'>ἐξομολογήσομαι</span> <span class='ocrx_word' id='word_1_488' title='bbox 3813 1034 3984 1101; x_wconf 69' lang='grc' dir='ltr'>αὐτῷ»</span> 
     </span>
    </p>
   </div>
   <div class='ocr_carea' id='block_1_69' title="bbox 2406 1126 3979 1195">
    <p class='ocr_par' dir='ltr' id='par_1_69' title="bbox 2406 1126 3979 1195">
     <span class='ocr_line' id='line_1_69' title="bbox 2406 1126 3979 1195; baseline -0.001 -18"><span class='ocrx_word' id='word_1_489' title='bbox 2406 1127 2675 1195; x_wconf 79' lang='grc' dir='ltr'>σωτήριον</span> <span class='ocrx_word' id='word_1_490' title='bbox 2730 1126 2823 1177; x_wconf 85' lang='grc' dir='ltr'><strong>τοῦ</strong></span> <span class='ocrx_word' id='word_1_491' title='bbox 2888 1127 3179 1193; x_wconf 74' lang='grc' dir='ltr'>προσώπου</span> <span class='ocrx_word' id='word_1_492' title='bbox 3242 1143 3379 1195; x_wconf 87' lang='grc' dir='ltr'>μου,</span> <span class='ocrx_word' id='word_1_493' title='bbox 3429 1127 3522 1177; x_wconf 58' lang='grc' dir='ltr'><strong>καὶ⁵</strong></span> <span class='ocrx_word' id='word_1_494' title='bbox 3552 1130 3579 1178; x_wconf 84' lang='grc' dir='ltr'><strong>ὸ</strong></span> <span class='ocrx_word' id='word_1_495' title='bbox 3617 1130 3748 1188; x_wconf 68' lang='grc' dir='ltr'>θεός</span> <span class='ocrx_word' id='word_1_496' title='bbox 3798 1143 3923 1195; x_wconf 85' lang='grc' dir='ltr'>μου.</span> <span class='ocrx_word' id='word_1_497' title='bbox 3962 1144 3979 1175; x_wconf 72' lang='grc' dir='ltr'>ι</span> 
     </span>
    </p>
   </div>
   <div class='ocr_carea' id='block_1_70' title="bbox 2418 1217 3986 1287">
    <p class='ocr_par' dir='ltr' id='par_1_70' title="bbox 2418 1217 3986 1287">
     <span class='ocr_line' id='line_1_70' title="bbox 2418 1217 3986 1287; baseline -0.003 -19"><span class='ocrx_word' id='word_1_498' title='bbox 2418 1217 2726 1286; x_wconf 78' lang='grc' dir='ltr'>’Λμήχανον</span> <span class='ocrx_word' id='word_1_499' title='bbox 2756 1219 2864 1286; x_wconf 84' lang='grc' dir='ltr'><strong>γάρ</strong></span> <span class='ocrx_word' id='word_1_500' title='bbox 2917 1220 3064 1270; x_wconf 79' lang='grc' dir='ltr'>ἐστιν</span> <span class='ocrx_word' id='word_1_501' title='bbox 3118 1218 3285 1286; x_wconf 76' lang='grc' dir='ltr'>χωρὶς</span> <span class='ocrx_word' id='word_1_502' title='bbox 3338 1218 3516 1286; x_wconf 83' lang='grc' dir='ltr'>λύπης</span> <span class='ocrx_word' id='word_1_503' title='bbox 3569 1218 3867 1287; x_wconf 85' lang='grc' dir='ltr'>παρελθεῖν</span> <span class='ocrx_word' id='word_1_504' title='bbox 3898 1217 3986 1267; x_wconf 65' lang='grc' dir='ltr'>τίον</span> 
     </span>
    </p>
   </div>
   <div class='ocr_carea' id='block_1_71' title="bbox 2407 1308 3980 1378">
    <p class='ocr_par' dir='ltr' id='par_1_71' title="bbox 2407 1308 3980 1378">
     <span class='ocr_line' id='line_1_71' title="bbox 2407 1308 3980 1378; baseline -0.001 -18"><span class='ocrx_word' id='word_1_505' title='bbox 2407 1308 2877 1377; x_wconf 78' lang='grc' dir='ltr'>ὲμπαιδευόμενον</span> <span class='ocrx_word' id='word_1_506' title='bbox 2902 1312 3012 1371; x_wconf 85' lang='grc' dir='ltr'>τοῖς</span> <span class='ocrx_word' id='word_1_507' title='bbox 3043 1310 3388 1378; x_wconf 79' lang='grc' dir='ltr'><strong>πειρασμοῖς.</strong></span> <span class='ocrx_word' id='word_1_508' title='bbox 3425 1308 3586 1360; x_wconf 69' lang='grc' dir='ltr'>Ἀλλὰ</span> <span class='ocrx_word' id='word_1_509' title='bbox 3620 1312 3755 1377; x_wconf 71' lang='grc' dir='ltr'>μετὰ</span> <span class='ocrx_word' id='word_1_510' title='bbox 3790 1309 3980 1371; x_wconf 87' lang='grc' dir='ltr'>ταῦτα,</span> 
     </span>
    </p>
   </div>
   <div class='ocr_carea' id='block_1_72' title="bbox 2409 1400 3985 1472">
    <p class='ocr_par' dir='ltr' id='par_1_72' title="bbox 2409 1400 3985 1472">
     <span class='ocr_line' id='line_1_72' title="bbox 2409 1400 3985 1472; baseline 0 -20"><span class='ocrx_word' id='word_1_511' title='bbox 2409 1401 2614 1465; x_wconf 74' lang='grc' dir='ltr'>πολλῆς</span> <span class='ocrx_word' id='word_1_512' title='bbox 2661 1404 2837 1472; x_wconf 81' lang='grc' dir='ltr'>χαρᾶς</span> <span class='ocrx_word' id='word_1_513' title='bbox 2889 1400 3222 1471; x_wconf 73' lang='grc' dir='ltr'>πληροῦνται</span> <span class='ocrx_word' id='word_1_514' title='bbox 3258 1404 3305 1453; x_wconf 86' lang='grc' dir='ltr'>οἱ</span> <span class='ocrx_word' id='word_1_515' title='bbox 3336 1402 3565 1452; x_wconf 85' lang='grc' dir='ltr'>τοιοῦτοι</span> <span class='ocrx_word' id='word_1_516' title='bbox 3602 1402 3867 1469; x_wconf 85' lang='grc' dir='ltr'>(μάλιστα</span> <span class='ocrx_word' id='word_1_517' title='bbox 3893 1404 3985 1454; x_wconf 67' lang='grc' dir='ltr'><strong>ἐὰν</strong></span> 
     </span>
    </p>
   </div>
   <div class='ocr_carea' id='block_1_73' title="bbox 2408 1491 3985 1561">
    <p class='ocr_par' dir='ltr' id='par_1_73' title="bbox 2408 1491 3985 1561">
     <span class='ocr_line' id='line_1_73' title="bbox 2408 1491 3985 1561; baseline 0 -17"><span class='ocrx_word' id='word_1_518' title='bbox 2408 1493 2474 1544; x_wconf 80' lang='grc' dir='ltr'><strong>δι’</strong></span> <span class='ocrx_word' id='word_1_519' title='bbox 2508 1493 2671 1561; x_wconf 80' lang='grc' dir='ltr'>εὑχῆς</span> <span class='ocrx_word' id='word_1_520' title='bbox 2712 1496 2805 1544; x_wconf 71' lang='grc' dir='ltr'>καὶ</span> <span class='ocrx_word' id='word_1_521' title='bbox 2851 1493 3129 1561; x_wconf 76' lang='grc' dir='ltr'>ὑπομονῆς</span> <span class='ocrx_word' id='word_1_522' title='bbox 3163 1492 3390 1553; x_wconf 69' lang='grc' dir='ltr'>ἑαυτοὺς</span> <span class='ocrx_word' id='word_1_523' title='bbox 3432 1491 3865 1559; x_wconf 71' lang='grc' dir='ltr'>καθοπλίσωσιν)</span> <span class='ocrx_word' id='word_1_524' title='bbox 3895 1494 3985 1544; x_wconf 78' lang='grc' dir='ltr'><strong>καὶ</strong></span> 
     </span>
    </p>
   </div>
   <div class='ocr_carea' id='block_1_74' title="bbox 2410 1582 3985 1653">
    <p class='ocr_par' dir='ltr' id='par_1_74' title="bbox 2410 1582 3985 1653">
     <span class='ocr_line' id='line_1_74' title="bbox 2410 1582 3985 1653; baseline -0.001 -19"><span class='ocrx_word' id='word_1_525' title='bbox 2410 1582 2663 1652; x_wconf 88' lang='grc' dir='ltr'>δακρύων</span> <span class='ocrx_word' id='word_1_526' title='bbox 2689 1582 2957 1649; x_wconf 76' lang='grc' dir='ltr'><strong>γλυκέων,</strong></span> <span class='ocrx_word' id='word_1_527' title='bbox 2981 1584 3077 1635; x_wconf 69' lang='grc' dir='ltr'><strong>καὶ</strong></span> <span class='ocrx_word' id='word_1_528' title='bbox 3099 1582 3390 1650; x_wconf 76' lang='grc' dir='ltr'><strong>νοημάτων</strong></span> <span class='ocrx_word' id='word_1_529' title='bbox 3423 1583 3605 1644; x_wconf 81' lang='grc' dir='ltr'>θείων,</span> <span class='ocrx_word' id='word_1_530' title='bbox 3637 1583 3754 1635; x_wconf 79' lang='grc' dir='ltr'>ὅσοι</span> <span class='ocrx_word' id='word_1_531' title='bbox 3787 1583 3985 1653; x_wconf 78' lang='grc' dir='ltr'>ἐγεώρ-</span> 
     </span>
    </p>
   </div>
   <div class='ocr_carea' id='block_1_75' title="bbox 2409 1673 3987 1743">
    <p class='ocr_par' dir='ltr' id='par_1_75' title="bbox 2409 1673 3987 1743">
     <span class='ocr_line' id='line_1_75' title="bbox 2409 1673 3987 1743; baseline 0.001 -19"><span class='ocrx_word' id='word_1_532' title='bbox 2409 1689 2587 1740; x_wconf 88' lang='grc' dir='ltr'>γησαν</span> <span class='ocrx_word' id='word_1_533' title='bbox 2626 1673 2716 1724; x_wconf 72' lang='grc' dir='ltr'><strong>τὸν</strong></span> <span class='ocrx_word' id='word_1_534' title='bbox 2762 1674 2922 1725; x_wconf 83' lang='grc' dir='ltr'>πόνον</span> <span class='ocrx_word' id='word_1_535' title='bbox 2973 1674 3069 1725; x_wconf 74' lang='grc' dir='ltr'>καὶ</span> <span class='ocrx_word' id='word_1_536' title='bbox 3116 1674 3214 1741; x_wconf 79' lang='grc' dir='ltr'>τὴν</span> <span class='ocrx_word' id='word_1_537' title='bbox 3255 1674 3434 1741; x_wconf 65' lang='grc' dir='ltr'>θλίψιν</span> <span class='ocrx_word' id='word_1_538' title='bbox 3470 1674 3527 1725; x_wconf 81' lang='grc' dir='ltr'>ὲν</span> <span class='ocrx_word' id='word_1_539' title='bbox 3580 1676 3700 1735; x_wconf 78' lang='grc' dir='ltr'>ταῖς</span> <span class='ocrx_word' id='word_1_540' title='bbox 3736 1675 3987 1743; x_wconf 77' lang='grc' dir='ltr'><strong>καρδίαις</strong></span> 
     </span>
    </p>
   </div>
   <div class='ocr_carea' id='block_1_76' title="bbox 2412 1764 3987 1834">
    <p class='ocr_par' dir='ltr' id='par_1_76' title="bbox 2412 1764 3987 1834">
     <span class='ocr_line' id='line_1_76' title="bbox 2412 1764 3987 1834; baseline 0.001 -17"><span class='ocrx_word' id='word_1_541' title='bbox 2412 1765 2617 1818; x_wconf 77' lang='grc' dir='ltr'>αὐτῶν.</span> <span class='ocrx_word' id='word_1_542' title='bbox 2650 1765 2736 1817; x_wconf 76' lang='grc' dir='ltr'>Ἰ-ῖν</span> <span class='ocrx_word' id='word_1_543' title='bbox 2766 1766 2872 1834; x_wconf 80' lang='grc' dir='ltr'>γὰρ</span> <span class='ocrx_word' id='word_1_544' title='bbox 2910 1767 3030 1828; x_wconf 84' lang='grc' dir='ltr'>ταῖς</span> <span class='ocrx_word' id='word_1_545' title='bbox 3063 1764 3329 1832; x_wconf 58' lang='grc' dir='ltr'>θλίψεσιν,</span> <span class='ocrx_word' id='word_1_546' title='bbox 3366 1768 3481 1827; x_wconf 88' lang='grc' dir='ltr'>τοῖς</span> <span class='ocrx_word' id='word_1_547' title='bbox 3522 1764 3776 1817; x_wconf 76' lang='grc' dir='ltr'><strong>ἀθλοῦσιν</strong></span> <span class='ocrx_word' id='word_1_548' title='bbox 3796 1766 3849 1818; x_wconf 90' lang='grc' dir='ltr'>οἱ</span> <span class='ocrx_word' id='word_1_549' title='bbox 3874 1769 3987 1818; x_wconf 79' lang='grc' dir='ltr'>στέ-</span> 
     </span>
    </p>
   </div>
   <div class='ocr_carea' id='block_1_77' title="bbox 2410 1856 3987 1926">
    <p class='ocr_par' dir='ltr' id='par_1_77' title="bbox 2410 1856 3987 1926">
     <span class='ocr_line' id='line_1_77' title="bbox 2410 1856 3987 1926; baseline -0.001 -16"><span class='ocrx_word' id='word_1_550' title='bbox 2410 1874 2588 1925; x_wconf 72' lang='grc' dir='ltr'>φανοι.</span> <span class='ocrx_word' id='word_1_551' title='bbox 2632 1857 2784 1909; x_wconf 75' lang='grc' dir='ltr'>Ἐπεὶ</span> <span class='ocrx_word' id='word_1_552' title='bbox 2814 1858 2909 1910; x_wconf 74' lang='grc' dir='ltr'>ἐὰν</span> <span class='ocrx_word' id='word_1_553' title='bbox 2944 1858 3197 1926; x_wconf 77' lang='grc' dir='ltr'>χαυνωθῇ</span> <span class='ocrx_word' id='word_1_554' title='bbox 3225 1859 3252 1909; x_wconf 75' lang='grc' dir='ltr'><strong><em>ὁ</em></strong></span> <span class='ocrx_word' id='word_1_555' title='bbox 3281 1857 3542 1926; x_wconf 74' lang='grc' dir='ltr'>λογισμὸς</span> <span class='ocrx_word' id='word_1_556' title='bbox 3572 1857 3637 1909; x_wconf 83' lang='grc' dir='ltr'><strong>ἐκ</strong></span> <span class='ocrx_word' id='word_1_557' title='bbox 3669 1856 3769 1923; x_wconf 74' lang='grc' dir='ltr'>τῆς</span> <span class='ocrx_word' id='word_1_558' title='bbox 3800 1860 3987 1926; x_wconf 72' lang='grc' dir='ltr'>εὐχῆς,</span> 
     </span>
    </p>
   </div>
   <div class='ocr_carea' id='block_1_78' title="bbox 2409 1947 3985 2018">
    <p class='ocr_par' dir='ltr' id='par_1_78' title="bbox 2409 1947 3985 2018">
     <span class='ocr_line' id='line_1_78' title="bbox 2409 1947 3985 2018; baseline -0.001 -17"><span class='ocrx_word' id='word_1_559' title='bbox 2409 1948 2637 2018; x_wconf 76' lang='grc' dir='ltr'>ἄρχεται</span> <span class='ocrx_word' id='word_1_560' title='bbox 2672 1949 2705 2016; x_wconf 87' lang='grc' dir='ltr'><strong>ἡ</strong></span> <span class='ocrx_word' id='word_1_561' title='bbox 2746 1947 2893 2017; x_wconf 85' lang='grc' dir='ltr'>λύπη</span> <span class='ocrx_word' id='word_1_562' title='bbox 2932 1947 3240 1999; x_wconf 79' lang='grc' dir='ltr'><strong>κατεσθίειν</strong></span> <span class='ocrx_word' id='word_1_563' title='bbox 3268 1948 3369 2017; x_wconf 73' lang='grc' dir='ltr'><strong>τὴν</strong></span> <span class='ocrx_word' id='word_1_564' title='bbox 3402 1947 3633 2017; x_wconf 79' lang='grc' dir='ltr'>καρδίαν</span> <span class='ocrx_word' id='word_1_565' title='bbox 3657 1947 3751 2000; x_wconf 90' lang='grc' dir='ltr'><strong>τοῦ</strong></span> <span class='ocrx_word' id='word_1_566' title='bbox 3776 1948 3985 2017; x_wconf 86' lang='grc' dir='ltr'>ἀνθρώ-</span> 
     </span>
    </p>
   </div>
   <div class='ocr_carea' id='block_1_79' title="bbox 2412 2037 3985 2109">
    <p class='ocr_par' dir='ltr' id='par_1_79' title="bbox 2412 2037 3985 2109">
     <span class='ocr_line' id='line_1_79' title="bbox 2412 2037 3985 2109; baseline -0.001 -19"><span class='ocrx_word' id='word_1_567' title='bbox 2412 2057 2537 2102; x_wconf 87' lang='grc' dir='ltr'>που,</span> <span class='ocrx_word' id='word_1_568' title='bbox 2583 2039 2656 2101; x_wconf 65' lang='grc' dir='ltr'>ὡς</span> <span class='ocrx_word' id='word_1_569' title='bbox 2702 2041 2941 2109; x_wconf 82' lang='grc' dir='ltr'>εἴρηται,</span> <span class='ocrx_word' id='word_1_570' title='bbox 2986 2038 3175 2107; x_wconf 80' lang='grc' dir='ltr'>ὥσπερ</span> <span class='ocrx_word' id='word_1_571' title='bbox 3222 2037 3320 2106; x_wconf 77' lang='grc' dir='ltr'><strong>σὴς</strong></span> <span class='ocrx_word' id='word_1_572' title='bbox 3374 2038 3609 2107; x_wconf 77' lang='grc' dir='ltr'>ἱμάτιον,</span> <span class='ocrx_word' id='word_1_573' title='bbox 3644 2039 3742 2090; x_wconf 69' lang='grc' dir='ltr'><strong>καὶ</strong></span> <span class='ocrx_word' id='word_1_574' title='bbox 3775 2037 3985 2106; x_wconf 79' lang='grc' dir='ltr'>σκώληξ</span> 
     </span>
    </p>
   </div>
   <div class='ocr_carea' id='block_1_80' title="bbox 2411 2126 3985 2198">
    <p class='ocr_par' dir='ltr' id='par_1_80' title="bbox 2411 2126 3985 2198">
     <span class='ocr_line' id='line_1_80' title="bbox 2411 2126 3985 2198; baseline 0 -18"><span class='ocrx_word' id='word_1_575' title='bbox 2411 2129 2589 2194; x_wconf 81' lang='grc' dir='ltr'>ξύλον,</span> <span class='ocrx_word' id='word_1_576' title='bbox 2622 2131 2679 2181; x_wconf 79' lang='grc' dir='ltr'><strong>ἐν</strong></span> <span class='ocrx_word' id='word_1_577' title='bbox 2708 2132 2819 2190; x_wconf 83' lang='grc' dir='ltr'>τοῖς</span> <span class='ocrx_word' id='word_1_578' title='bbox 2844 2129 3052 2189; x_wconf 79' lang='grc' dir='ltr'><strong>ὀστέοις</strong></span> <span class='ocrx_word' id='word_1_579' title='bbox 3084 2126 3245 2179; x_wconf 77' lang='grc' dir='ltr'>αὑτοῦ</span> <span class='ocrx_word' id='word_1_580' title='bbox 3276 2128 3562 2196; x_wconf 80' lang='grc' dir='ltr'>γινομένη.</span> <span class='ocrx_word' id='word_1_581' title='bbox 3596 2128 3705 2181; x_wconf 70' lang='grc' dir='ltr'><strong>Καὶ</strong></span> <span class='ocrx_word' id='word_1_582' title='bbox 3734 2130 3985 2198; x_wconf 79' lang='grc' dir='ltr'>εὑρίσκεο</span> 
     </span>
    </p>
   </div>
   <div class='ocr_carea' id='block_1_81' title="bbox 2409 2220 3984 2291">
    <p class='ocr_par' dir='ltr' id='par_1_81' title="bbox 2409 2220 3984 2291">
     <span class='ocr_line' id='line_1_81' title="bbox 2409 2220 3984 2291; baseline 0 -17"><span class='ocrx_word' id='word_1_583' title='bbox 2409 2239 2500 2275; x_wconf 86' lang='grc' dir='ltr'><strong>ται</strong></span> <span class='ocrx_word' id='word_1_584' title='bbox 2541 2224 2569 2273; x_wconf 89' lang='grc' dir='ltr'>ὁ</span> <span class='ocrx_word' id='word_1_585' title='bbox 2605 2222 2891 2291; x_wconf 84' lang='grc' dir='ltr'>ἄνθρωπος</span> <span class='ocrx_word' id='word_1_586' title='bbox 2933 2221 3255 2289; x_wconf 78' lang='grc' dir='ltr'>σκυθρωπὸς</span> <span class='ocrx_word' id='word_1_587' title='bbox 3297 2222 3356 2272; x_wconf 84' lang='grc' dir='ltr'>ὲν</span> <span class='ocrx_word' id='word_1_588' title='bbox 3392 2220 3652 2273; x_wconf 81' lang='grc' dir='ltr'>σκοτώσει</span> <span class='ocrx_word' id='word_1_589' title='bbox 3689 2222 3984 2290; x_wconf 80' lang='grc' dir='ltr'>λογισμῶν.</span> 
     </span>
    </p>
   </div>
   <div class='ocr_carea' id='block_1_82' title="bbox 2411 2312 3987 2382">
    <p class='ocr_par' dir='ltr' id='par_1_82' title="bbox 2411 2312 3987 2382">
     <span class='ocr_line' id='line_1_82' title="bbox 2411 2312 3987 2382; baseline -0.001 -17"><span class='ocrx_word' id='word_1_590' title='bbox 2411 2314 2509 2366; x_wconf 86' lang='grc' dir='ltr'>Διά</span> <span class='ocrx_word' id='word_1_591' title='bbox 2539 2312 2699 2364; x_wconf 86' lang='grc' dir='ltr'>τοῦτο</span> <span class='ocrx_word' id='word_1_592' title='bbox 2745 2313 2839 2363; x_wconf 87' lang='grc' dir='ltr'><strong>καί</strong></span> <span class='ocrx_word' id='word_1_593' title='bbox 2866 2313 2899 2380; x_wconf 77' lang='grc' dir='ltr'>ἡ</span> <span class='ocrx_word' id='word_1_594' title='bbox 2941 2312 3131 2381; x_wconf 69' lang='grc' dir='ltr'>Γραφὴ</span> <span class='ocrx_word' id='word_1_595' title='bbox 3167 2314 3425 2381; x_wconf 87' lang='grc' dir='ltr'>παραινεῖ</span> <span class='ocrx_word' id='word_1_596' title='bbox 3454 2313 3708 2380; x_wconf 80' lang='grc' dir='ltr'>λέγουσα,</span> <span class='ocrx_word' id='word_1_597' title='bbox 3746 2331 3765 2363; x_wconf 74' lang='grc' dir='ltr'><strong>ι</strong></span> <span class='ocrx_word' id='word_1_598' title='bbox 3801 2313 3987 2382; x_wconf 78' lang='grc' dir='ltr'>Λύπην</span> 
     </span>
    </p>
   </div>
   <div class='ocr_carea' id='block_1_83' title="bbox 2414 2403 3986 2476">
    <p class='ocr_par' dir='ltr' id='par_1_83' title="bbox 2414 2403 3986 2476">
     <span class='ocr_line' id='line_1_83' title="bbox 2414 2403 3986 2476; baseline -0.003 -19"><span class='ocrx_word' id='word_1_599' title='bbox 2414 2406 2632 2476; x_wconf 74' lang='grc' dir='ltr'>μακρὰν</span> <span class='ocrx_word' id='word_1_600' title='bbox 2658 2405 2966 2473; x_wconf 70' lang='grc' dir='ltr'>ἀπόστητον</span> <span class='ocrx_word' id='word_1_601' title='bbox 3003 2404 3109 2455; x_wconf 71' lang='grc' dir='ltr'><strong>ἀπὸ</strong></span> <span class='ocrx_word' id='word_1_602' title='bbox 3139 2403 3255 2455; x_wconf 80' lang='grc' dir='ltr'>σοῦ’</span> <span class='ocrx_word' id='word_1_603' title='bbox 3290 2405 3519 2466; x_wconf 69' lang='grc' dir='ltr'>πολλοὺς</span> <span class='ocrx_word' id='word_1_604' title='bbox 3540 2408 3648 2475; x_wconf 74' lang='grc' dir='ltr'><strong>γὰρ</strong></span> <span class='ocrx_word' id='word_1_605' title='bbox 3666 2406 3986 2457; x_wconf 78' lang='grc' dir='ltr'>ἀπέκτεινεν</span> 
     </span>
    </p>
   </div>
   <div class='ocr_carea' id='block_1_84' title="bbox 2411 2495 3985 2567">
    <p class='ocr_par' dir='ltr' id='par_1_84' title="bbox 2411 2495 3985 2567">
     <span class='ocr_line' id='line_1_84' title="bbox 2411 2495 3985 2567; baseline -0.001 -18"><span class='ocrx_word' id='word_1_606' title='bbox 2411 2497 2640 2567; x_wconf 84' lang='grc' dir='ltr'>ήλύπη,</span> <span class='ocrx_word' id='word_1_607' title='bbox 2706 2496 2798 2547; x_wconf 84' lang='grc' dir='ltr'>καὶ</span> <span class='ocrx_word' id='word_1_608' title='bbox 2855 2496 2956 2547; x_wconf 82' lang='grc' dir='ltr'><strong>οὑκ</strong></span> <span class='ocrx_word' id='word_1_609' title='bbox 3006 2495 3153 2547; x_wconf 78' lang='grc' dir='ltr'>ἐστιν</span> <span class='ocrx_word' id='word_1_610' title='bbox 3206 2495 3446 2562; x_wconf 65' lang='grc' dir='ltr'>ὠφέλεια</span> <span class='ocrx_word' id='word_1_611' title='bbox 3502 2499 3560 2548; x_wconf 87' lang='grc' dir='ltr'><strong>ὲν</strong></span> <span class='ocrx_word' id='word_1_612' title='bbox 3594 2498 3757 2564; x_wconf 77' lang='grc' dir='ltr'>αὑτῇ.</span> <span class='ocrx_word' id='word_1_613' title='bbox 3805 2515 3824 2546; x_wconf 75' lang='grc' dir='ltr'>ι</span> <span class='ocrx_word' id='word_1_614' title='bbox 3855 2497 3985 2547; x_wconf 80' lang='grc' dir='ltr'>Καί’</span> 
     </span>
    </p>
   </div>
   <div class='ocr_carea' id='block_1_85' title="bbox 2418 2586 3991 2655">
    <p class='ocr_par' dir='ltr' id='par_1_85' title="bbox 2418 2586 3991 2655">
     <span class='ocr_line' id='line_1_85' title="bbox 2418 2586 3991 2655; baseline 0 -16"><span class='ocrx_word' id='word_1_615' title='bbox 2418 2608 2437 2639; x_wconf 80' lang='grc' dir='ltr'><strong>ι</strong></span> <span class='ocrx_word' id='word_1_616' title='bbox 2488 2590 2619 2640; x_wconf 71' lang='grc' dir='ltr'><strong>Ἀπὸ</strong></span> <span class='ocrx_word' id='word_1_617' title='bbox 2658 2588 2835 2655; x_wconf 87' lang='grc' dir='ltr'>λύπης</span> <span class='ocrx_word' id='word_1_618' title='bbox 2871 2587 3116 2638; x_wconf 68' lang='grc' dir='ltr'>ἐκϐαίνει</span> <span class='ocrx_word' id='word_1_619' title='bbox 3146 2586 3428 2649; x_wconf 77' lang='grc' dir='ltr'>θάνατος.»</span> <span class='ocrx_word' id='word_1_620' title='bbox 3456 2588 3561 2639; x_wconf 77' lang='grc' dir='ltr'>Καί</span> <span class='ocrx_word' id='word_1_621' title='bbox 3588 2604 3601 2617; x_wconf 90' lang='grc'><strong>·</strong></span> <span class='ocrx_word' id='word_1_622' title='bbox 3635 2606 3652 2636; x_wconf 87' lang='grc' dir='ltr'><strong>ι</strong></span> <span class='ocrx_word' id='word_1_623' title='bbox 3676 2587 3840 2653; x_wconf 71' lang='grc' dir='ltr'>Λύπη</span> <span class='ocrx_word' id='word_1_624' title='bbox 3861 2604 3991 2655; x_wconf 86' lang='grc' dir='ltr'>καρ-</span> 
     </span>
    </p>
   </div>
   <div class='ocr_carea' id='block_1_86' title="bbox 2411 2677 3993 2747">
    <p class='ocr_par' dir='ltr' id='par_1_86' title="bbox 2411 2677 3993 2747">
     <span class='ocr_line' id='line_1_86' title="bbox 2411 2677 3993 2747; baseline -0.001 -16"><span class='ocrx_word' id='word_1_625' title='bbox 2411 2679 2548 2743; x_wconf 85' lang='grc' dir='ltr'>δίας,</span> <span class='ocrx_word' id='word_1_626' title='bbox 2576 2679 2783 2747; x_wconf 65' lang='grc' dir='ltr'>κάμψει</span> <span class='ocrx_word' id='word_1_627' title='bbox 2818 2678 2992 2747; x_wconf 80' lang='grc' dir='ltr'>ἰσχύν.</span> <span class='ocrx_word' id='word_1_628' title='bbox 3032 2698 3048 2727; x_wconf 76' lang='grc' dir='ltr'>ι</span> <span class='ocrx_word' id='word_1_629' title='bbox 3086 2678 3191 2729; x_wconf 75' lang='grc' dir='ltr'><strong>Καὶ</strong></span> <span class='ocrx_word' id='word_1_630' title='bbox 3220 2680 3415 2744; x_wconf 78' lang='grc' dir='ltr'>ἐπάγει</span> <span class='ocrx_word' id='word_1_631' title='bbox 3439 2695 3451 2707; x_wconf 82' lang='grc'><em>’</em></span> <span class='ocrx_word' id='word_1_632' title='bbox 3503 2698 3520 2729; x_wconf 90' lang='grc' dir='ltr'><strong>ι</strong></span> <span class='ocrx_word' id='word_1_633' title='bbox 3550 2679 3644 2747; x_wconf 79' lang='grc' dir='ltr'><strong>Μὴ</strong></span> <span class='ocrx_word' id='word_1_634' title='bbox 3678 2678 3874 2740; x_wconf 87' lang='grc' dir='ltr'>δώσεις</span> <span class='ocrx_word' id='word_1_635' title='bbox 3903 2677 3993 2730; x_wconf 83' lang='grc' dir='ltr'>λύ-</span> 
     </span>
    </p>
   </div>
   <div class='ocr_carea' id='block_1_87' title="bbox 2416 2769 3993 2840">
    <p class='ocr_par' dir='ltr' id='par_1_87' title="bbox 2416 2769 3993 2840">
     <span class='ocr_line' id='line_1_87' title="bbox 2416 2769 3993 2840; baseline -0.003 -17"><span class='ocrx_word' id='word_1_636' title='bbox 2416 2789 2524 2840; x_wconf 85' lang='grc' dir='ltr'><strong>πην</strong></span> <span class='ocrx_word' id='word_1_637' title='bbox 2572 2774 2636 2840; x_wconf 83' lang='grc' dir='ltr'>τῇ</span> <span class='ocrx_word' id='word_1_638' title='bbox 2675 2771 2878 2840; x_wconf 64' lang='grc' dir='ltr'><strong>κιιιρδίεε⁸</strong></span> <span class='ocrx_word' id='word_1_639' title='bbox 2917 2787 3035 2825; x_wconf 83' lang='grc' dir='ltr'>σου,</span> <span class='ocrx_word' id='word_1_640' title='bbox 3085 2769 3221 2821; x_wconf 86' lang='grc' dir='ltr'><strong>ἀλλά</strong></span> <span class='ocrx_word' id='word_1_641' title='bbox 3268 2770 3578 2839; x_wconf 75' lang='grc' dir='ltr'>ἀπόστησον</span> <span class='ocrx_word' id='word_1_642' title='bbox 3623 2769 3819 2839; x_wconf 81' lang='grc' dir='ltr'>αὑτὴν,</span> <span class='ocrx_word' id='word_1_643' title='bbox 3873 2772 3993 2839; x_wconf 77' lang='grc' dir='ltr'>μνή-</span> 
     </span>
    </p>
   </div>
   <div class='ocr_carea' id='block_1_88' title="bbox 2417 2856 3995 2930">
    <p class='ocr_par' dir='ltr' id='par_1_88' title="bbox 2417 2856 3995 2930">
     <span class='ocr_line' id='line_1_88' title="bbox 2417 2856 3995 2930; baseline -0.002 -16"><span class='ocrx_word' id='word_1_644' title='bbox 2417 2862 2572 2930; x_wconf 88' lang='grc' dir='ltr'>σθητι</span> <span class='ocrx_word' id='word_1_645' title='bbox 2602 2863 2670 2914; x_wconf 73' lang='grc' dir='ltr'><strong>τά</strong></span> <span class='ocrx_word' id='word_1_646' title='bbox 2714 2864 2919 2930; x_wconf 77' lang='grc' dir='ltr'>ἔσχατα</span> <span class='ocrx_word' id='word_1_647' title='bbox 2955 2861 3143 2929; x_wconf 78' lang='grc' dir='ltr'>αὑτῆς.</span> <span class='ocrx_word' id='word_1_648' title='bbox 3190 2880 3207 2911; x_wconf 76' lang='grc' dir='ltr'><strong>ι</strong></span> <span class='ocrx_word' id='word_1_649' title='bbox 3249 2856 3420 2930; x_wconf 74' lang='grc' dir='ltr'>’Δρον</span> <span class='ocrx_word' id='word_1_650' title='bbox 3458 2860 3550 2913; x_wconf 82' lang='grc' dir='ltr'><strong>οῦν</strong></span> <span class='ocrx_word' id='word_1_651' title='bbox 3588 2861 3696 2912; x_wconf 77' lang='grc' dir='ltr'><strong>ἀπὸ</strong></span> <span class='ocrx_word' id='word_1_652' title='bbox 3725 2861 3821 2913; x_wconf 84' lang='grc' dir='ltr'><strong>σοῦ</strong></span> <span class='ocrx_word' id='word_1_653' title='bbox 3862 2857 3995 2912; x_wconf 88' lang='grc' dir='ltr'>ταύ-</span> 
     </span>
    </p>
   </div>
   <div class='ocr_carea' id='block_1_89' title="bbox 2413 2952 3994 3024">
    <p class='ocr_par' dir='ltr' id='par_1_89' title="bbox 2413 2952 3994 3024">
     <span class='ocr_line' id='line_1_89' title="bbox 2413 2952 3994 3024; baseline -0.002 -20"><span class='ocrx_word' id='word_1_654' title='bbox 2413 2972 2514 3024; x_wconf 87' lang='grc' dir='ltr'><strong>την</strong></span> <span class='ocrx_word' id='word_1_655' title='bbox 2544 2954 2643 3015; x_wconf 80' lang='grc' dir='ltr'><strong>τὴν</strong></span> <span class='ocrx_word' id='word_1_656' title='bbox 2685 2952 2884 3020; x_wconf 83' lang='grc' dir='ltr'>λύπην,</span> <span class='ocrx_word' id='word_1_657' title='bbox 2918 2953 3011 3003; x_wconf 78' lang='grc' dir='ltr'><strong>καὶ</strong></span> <span class='ocrx_word' id='word_1_658' title='bbox 3061 2953 3135 3021; x_wconf 82' lang='grc' dir='ltr'>μὴ</span> <span class='ocrx_word' id='word_1_659' title='bbox 3181 2952 3340 3004; x_wconf 83' lang='grc' dir='ltr'>λύπει</span> <span class='ocrx_word' id='word_1_660' title='bbox 3370 2953 3430 3004; x_wconf 72' lang='grc' dir='ltr'>τὸ</span> <span class='ocrx_word' id='word_1_661' title='bbox 3469 2952 3693 3021; x_wconf 78' lang='grc' dir='ltr'>Πνεῦμα</span> <span class='ocrx_word' id='word_1_662' title='bbox 3722 2954 3784 3004; x_wconf 74' lang='grc' dir='ltr'><strong>τὸ</strong></span> <span class='ocrx_word' id='word_1_663' title='bbox 3817 2953 3994 3019; x_wconf 64' lang='grc' dir='ltr'>ἄτιον,</span> 
     </span>
    </p>
   </div>
   <div class='ocr_carea' id='block_1_90' title="bbox 2415 3040 3998 3111">
    <p class='ocr_par' dir='ltr' id='par_1_90' title="bbox 2415 3040 3998 3111">
     <span class='ocr_line' id='line_1_90' title="bbox 2415 3040 3998 3111; baseline -0.001 -15"><span class='ocrx_word' id='word_1_664' title='bbox 2415 3044 2475 3096; x_wconf 77' lang='grc' dir='ltr'><strong>τὸ</strong></span> <span class='ocrx_word' id='word_1_665' title='bbox 2500 3041 2789 3095; x_wconf 88' lang='grc' dir='ltr'>κατοικοῦν</span> <span class='ocrx_word' id='word_1_666' title='bbox 2820 3043 2878 3092; x_wconf 79' lang='grc' dir='ltr'>ἐν</span> <span class='ocrx_word' id='word_1_667' title='bbox 2908 3043 3009 3093; x_wconf 82' lang='grc' dir='ltr'>σοί’</span> <span class='ocrx_word' id='word_1_668' title='bbox 3041 3046 3248 3111; x_wconf 77' lang='grc' dir='ltr'>μήποτε</span> <span class='ocrx_word' id='word_1_669' title='bbox 3274 3040 3591 3109; x_wconf 79' lang='grc' dir='ltr'>ἐντεύξηται</span> <span class='ocrx_word' id='word_1_670' title='bbox 3624 3043 3703 3111; x_wconf 71' lang='grc' dir='ltr'>τῷ</span> <span class='ocrx_word' id='word_1_671' title='bbox 3731 3042 3873 3111; x_wconf 82' lang='grc' dir='ltr'>Θεῷ,</span> <span class='ocrx_word' id='word_1_672' title='bbox 3910 3045 3998 3096; x_wconf 71' lang='grc' dir='ltr'>καὶ</span> 
     </span>
    </p>
   </div>
   <div class='ocr_carea' id='block_1_91' title="bbox 2370 3133 3999 3205">
    <p class='ocr_par' dir='ltr' id='par_1_91' title="bbox 2370 3133 3999 3205">
     <span class='ocr_line' id='line_1_91' title="bbox 2370 3133 3999 3205; baseline -0.002 -17"><span class='ocrx_word' id='word_1_673' title='bbox 2370 3186 2382 3200; x_wconf 77' lang='grc'><strong>,</strong></span> <span class='ocrx_word' id='word_1_674' title='bbox 2418 3136 2625 3203; x_wconf 79' lang='grc' dir='ltr'>ἀποστῇ</span> <span class='ocrx_word' id='word_1_675' title='bbox 2658 3134 2765 3185; x_wconf 77' lang='grc' dir='ltr'>ἀπὸ</span> <span class='ocrx_word' id='word_1_676' title='bbox 2796 3134 2909 3187; x_wconf 89' lang='grc' dir='ltr'>σοῦ.</span> <span class='ocrx_word' id='word_1_677' title='bbox 2949 3136 3022 3185; x_wconf 72' lang='grc' dir='ltr'><strong>Τὸ</strong></span> <span class='ocrx_word' id='word_1_678' title='bbox 3059 3137 3165 3205; x_wconf 74' lang='grc' dir='ltr'><strong>γὰρ</strong></span> <span class='ocrx_word' id='word_1_679' title='bbox 3194 3133 3417 3203; x_wconf 81' lang='grc' dir='ltr'>Πνεῦμα</span> <span class='ocrx_word' id='word_1_680' title='bbox 3445 3133 3536 3187; x_wconf 88' lang='grc' dir='ltr'><strong>τοῦ</strong></span> <span class='ocrx_word' id='word_1_681' title='bbox 3566 3136 3723 3188; x_wconf 80' lang='grc' dir='ltr'>Θεοῦ.</span> <span class='ocrx_word' id='word_1_682' title='bbox 3759 3136 3823 3188; x_wconf 71' lang='grc' dir='ltr'>τὸ</span> <span class='ocrx_word' id='word_1_683' title='bbox 3849 3135 3999 3188; x_wconf 76' lang='grc' dir='ltr'>δοθὲν</span> 
     </span>
    </p>
   </div>
   <div class='ocr_carea' id='block_1_92' title="bbox 744 3218 2385 3290">
    <p class='ocr_par' dir='ltr' id='par_1_92' title="bbox 744 3218 2385 3290">
     <span class='ocr_line' id='line_1_92' title="bbox 744 3218 2385 3290; baseline 0.001 -18"><span class='ocrx_word' id='word_1_684' title='bbox 744 3239 764 3272; x_wconf 78' lang='grc' dir='ltr'><strong>ι</strong></span> <span class='ocrx_word' id='word_1_685' title='bbox 804 3220 1004 3289; x_wconf 90' lang='lat' dir='ltr'><strong>thuid</strong></span> <span class='ocrx_word' id='word_1_686' title='bbox 1032 3221 1204 3273; x_wconf 89' lang='lat' dir='ltr'><strong>tristis</strong></span> <span class='ocrx_word' id='word_1_687' title='bbox 1256 3238 1338 3285; x_wconf 89' lang='lat' dir='ltr'><strong>es,</strong></span> <span class='ocrx_word' id='word_1_688' title='bbox 1369 3222 1548 3274; x_wconf 90' lang='lat' dir='ltr'><strong>anima</strong></span> <span class='ocrx_word' id='word_1_689' title='bbox 1575 3238 1716 3283; x_wconf 88' lang='lat' dir='ltr'><strong>mea,</strong></span> <span class='ocrx_word' id='word_1_690' title='bbox 1743 3232 1800 3274; x_wconf 91' lang='lat' dir='ltr'><strong>et</strong></span> <span class='ocrx_word' id='word_1_691' title='bbox 1821 3238 1991 3290; x_wconf 86' lang='lat' dir='ltr'><strong>quare</strong></span> <span class='ocrx_word' id='word_1_692' title='bbox 2017 3221 2314 3274; x_wconf 86' lang='lat' dir='ltr'><strong>conturbas</strong></span> <span class='ocrx_word' id='word_1_693' title='bbox 2344 3218 2385 3238; x_wconf 72' lang='lat'>“</span> 
     </span>
    </p>
   </div>
   <div class='ocr_carea' id='block_1_93' title="bbox 2419 3223 3999 3294">
    <p class='ocr_par' dir='ltr' id='par_1_93' title="bbox 2419 3223 3999 3294">
     <span class='ocr_line' id='line_1_93' title="bbox 2419 3223 3999 3294; baseline 0 -17"><span class='ocrx_word' id='word_1_694' title='bbox 2419 3226 2502 3285; x_wconf 82' lang='grc' dir='ltr'>εἰς</span> <span class='ocrx_word' id='word_1_695' title='bbox 2528 3225 2624 3293; x_wconf 74' lang='grc' dir='ltr'><strong>τὴν</strong></span> <span class='ocrx_word' id='word_1_696' title='bbox 2672 3225 2852 3293; x_wconf 78' lang='grc' dir='ltr'>σάρκα</span> <span class='ocrx_word' id='word_1_697' title='bbox 2906 3223 3130 3293; x_wconf 81' lang='grc' dir='ltr'>ταύτην,</span> <span class='ocrx_word' id='word_1_698' title='bbox 3166 3223 3346 3293; x_wconf 88' lang='grc' dir='ltr'>λύπην</span> <span class='ocrx_word' id='word_1_699' title='bbox 3392 3225 3493 3275; x_wconf 76' lang='grc' dir='ltr'><strong>οὑκ</strong></span> <span class='ocrx_word' id='word_1_700' title='bbox 3547 3224 3837 3294; x_wconf 71' lang='grc' dir='ltr'>ὑποφέρει,</span> <span class='ocrx_word' id='word_1_701' title='bbox 3883 3225 3999 3277; x_wconf 81' lang='grc' dir='ltr'>οὑδὲ</span> 
     </span>
    </p>
   </div>
   <div class='ocr_carea' id='block_1_94' title="bbox 2425 3310 4001 3385">
    <p class='ocr_par' dir='ltr' id='par_1_94' title="bbox 2425 3310 4001 3385">
     <span class='ocr_line' id='line_1_94' title="bbox 2425 3310 4001 3385; baseline -0.001 -18"><span class='ocrx_word' id='word_1_702' title='bbox 2425 3317 2802 3382; x_wconf 62' lang='grc' dir='ltr'>στενοχωρίαν.</span> <span class='ocrx_word' id='word_1_703' title='bbox 2834 3316 3089 3368; x_wconf 78' lang='grc' dir='ltr'>Ἐνδυσαι</span> <span class='ocrx_word' id='word_1_704' title='bbox 3124 3310 3217 3367; x_wconf 81' lang='grc' dir='ltr'><strong>οῦν</strong></span> <span class='ocrx_word' id='word_1_705' title='bbox 3248 3314 3348 3384; x_wconf 80' lang='grc' dir='ltr'>τὴν</span> <span class='ocrx_word' id='word_1_706' title='bbox 3381 3314 3702 3385; x_wconf 75' lang='grc' dir='ltr'>ἱλαροτητα,</span> <span class='ocrx_word' id='word_1_707' title='bbox 3726 3318 3830 3385; x_wconf 81' lang='grc' dir='ltr'>τὴν</span> <span class='ocrx_word' id='word_1_708' title='bbox 3874 3317 4001 3368; x_wconf 69' lang='grc' dir='ltr'>πάνυ</span> 
     </span>
    </p>
   </div>
   <div class='ocr_carea' id='block_1_95' title="bbox 2422 3407 4001 3478">
    <p class='ocr_par' dir='ltr' id='par_1_95' title="bbox 2422 3407 4001 3478">
     <span class='ocr_line' id='line_1_95' title="bbox 2422 3407 4001 3478; baseline -0.001 -18"><span class='ocrx_word' id='word_1_709' title='bbox 2422 3424 2544 3460; x_wconf 89' lang='grc' dir='ltr'>τοτε</span> <span class='ocrx_word' id='word_1_710' title='bbox 2582 3408 2817 3476; x_wconf 75' lang='grc' dir='ltr'>ἔχουσαν</span> <span class='ocrx_word' id='word_1_711' title='bbox 2852 3408 3011 3475; x_wconf 80' lang='grc' dir='ltr'>χάριν</span> <span class='ocrx_word' id='word_1_712' title='bbox 3058 3407 3208 3477; x_wconf 84' lang='grc' dir='ltr'><strong>παρὰ</strong></span> <span class='ocrx_word' id='word_1_713' title='bbox 3248 3408 3324 3477; x_wconf 81' lang='grc' dir='ltr'><strong>τῷ</strong></span> <span class='ocrx_word' id='word_1_714' title='bbox 3354 3408 3492 3476; x_wconf 82' lang='grc' dir='ltr'>Θεῷ,</span> <span class='ocrx_word' id='word_1_715' title='bbox 3537 3409 3632 3459; x_wconf 86' lang='grc' dir='ltr'>καὶ</span> <span class='ocrx_word' id='word_1_716' title='bbox 3662 3410 3914 3478; x_wconf 80' lang='grc' dir='ltr'>ἐντρύφα</span> <span class='ocrx_word' id='word_1_717' title='bbox 3947 3412 4001 3461; x_wconf 83' lang='grc' dir='ltr'>ἐν</span> 
     </span>
    </p>
   </div>
   <div class='ocr_carea' id='block_1_96' title="bbox 2424 3496 4003 3569">
    <p class='ocr_par' dir='ltr' id='par_1_96' title="bbox 2424 3496 4003 3569">
     <span class='ocr_line' id='line_1_96' title="bbox 2424 3496 4003 3569; baseline 0.001 -17"><span class='ocrx_word' id='word_1_718' title='bbox 2424 3499 2582 3568; x_wconf 77' lang='grc' dir='ltr'>αὐτῇ.</span> <span class='ocrx_word' id='word_1_719' title='bbox 2637 3499 2694 3548; x_wconf 88' lang='lat' dir='ltr'><strong>&#39;U</strong></span> <span class='ocrx_word' id='word_1_720' title='bbox 2745 3496 2853 3567; x_wconf 75' lang='grc' dir='ltr'><strong>γὰρ</strong></span> <span class='ocrx_word' id='word_1_721' title='bbox 2892 3496 3075 3566; x_wconf 72' lang='grc' dir='ltr'>ἱλαρὸς</span> <span class='ocrx_word' id='word_1_722' title='bbox 3112 3496 3253 3565; x_wconf 79' lang='grc' dir='ltr'>ἀνὴρ</span> <span class='ocrx_word' id='word_1_723' title='bbox 3298 3497 3481 3564; x_wconf 78' lang='grc' dir='ltr'>ἀγαθά</span> <span class='ocrx_word' id='word_1_724' title='bbox 3535 3498 3856 3569; x_wconf 67' lang='grc' dir='ltr'>ιργάξεται,</span> <span class='ocrx_word' id='word_1_725' title='bbox 3914 3503 4003 3553; x_wconf 74' lang='grc' dir='ltr'>καὶ</span> 
     </span>
    </p>
   </div>
   <div class='ocr_carea' id='block_1_97' title="bbox 2424 3588 4001 3660">
    <p class='ocr_par' dir='ltr' id='par_1_97' title="bbox 2424 3588 4001 3660">
     <span class='ocr_line' id='line_1_97' title="bbox 2424 3588 4001 3660; baseline 0 -18"><span class='ocrx_word' id='word_1_726' title='bbox 2424 3593 2756 3659; x_wconf 73' lang='grc' dir='ltr'>καταφρονεί</span> <span class='ocrx_word' id='word_1_727' title='bbox 2782 3591 2878 3656; x_wconf 68' lang='grc' dir='ltr'>τῆς</span> <span class='ocrx_word' id='word_1_728' title='bbox 2905 3589 3102 3657; x_wconf 82' lang='grc' dir='ltr'>λύπης.</span> <span class='ocrx_word' id='word_1_729' title='bbox 3138 3590 3195 3641; x_wconf 87' lang='grc'><strong>’0</strong></span> <span class='ocrx_word' id='word_1_730' title='bbox 3225 3589 3282 3641; x_wconf 80' lang='grc' dir='ltr'>δὲ</span> <span class='ocrx_word' id='word_1_731' title='bbox 3309 3588 3549 3658; x_wconf 76' lang='grc' dir='ltr'>λυπηρὸς</span> <span class='ocrx_word' id='word_1_732' title='bbox 3575 3592 3738 3660; x_wconf 75' lang='grc' dir='ltr'>ἀνὴρ,</span> <span class='ocrx_word' id='word_1_733' title='bbox 3771 3593 4001 3645; x_wconf 86' lang='grc' dir='ltr'>πάντοτε</span> 
     </span>
    </p>
   </div>
   <div class='ocr_carea' id='block_1_98' title="bbox 2425 3683 4003 3753">
    <p class='ocr_par' dir='ltr' id='par_1_98' title="bbox 2425 3683 4003 3753">
     <span class='ocr_line' id='line_1_98' title="bbox 2425 3683 4003 3753; baseline 0.003 -19"><span class='ocrx_word' id='word_1_734' title='bbox 2425 3683 2810 3751; x_wconf 79' lang='grc' dir='ltr'>πονηρεῦεται.</span> <span class='ocrx_word' id='word_1_735' title='bbox 2846 3683 3070 3752; x_wconf 79' lang='grc' dir='ltr'>Πρῶτον</span> <span class='ocrx_word' id='word_1_736' title='bbox 3103 3683 3202 3751; x_wconf 83' lang='grc' dir='ltr'>μὲν</span> <span class='ocrx_word' id='word_1_737' title='bbox 3229 3684 3614 3753; x_wconf 81' lang='grc' dir='ltr'>πονηρεύεται,</span> <span class='ocrx_word' id='word_1_738' title='bbox 3649 3685 3732 3737; x_wconf 81' lang='grc' dir='ltr'><strong>δτι</strong></span> <span class='ocrx_word' id='word_1_739' title='bbox 3752 3686 3921 3738; x_wconf 81' lang='grc' dir='ltr'>λυπεῖ</span> <span class='ocrx_word' id='word_1_740' title='bbox 3946 3687 4003 3738; x_wconf 76' lang='grc' dir='ltr'>τὸ</span> 
     </span>
    </p>
   </div>
   <div class='ocr_carea' id='block_1_99' title="bbox 2426 3774 4004 3846">
    <p class='ocr_par' dir='ltr' id='par_1_99' title="bbox 2426 3774 4004 3846">
     <span class='ocr_line' id='line_1_99' title="bbox 2426 3774 4004 3846; baseline 0.001 -20"><span class='ocrx_word' id='word_1_741' title='bbox 2426 3775 2652 3843; x_wconf 82' lang='grc' dir='ltr'>Πνεῦμα</span> <span class='ocrx_word' id='word_1_742' title='bbox 2681 3775 2741 3827; x_wconf 84' lang='grc' dir='ltr'><strong>τὸ</strong></span> <span class='ocrx_word' id='word_1_743' title='bbox 2770 3774 2949 3841; x_wconf 77' lang='grc' dir='ltr'>ἅγιον,</span> <span class='ocrx_word' id='word_1_744' title='bbox 2975 3775 3036 3828; x_wconf 86' lang='grc' dir='ltr'><strong>τδ</strong></span> <span class='ocrx_word' id='word_1_745' title='bbox 3060 3774 3212 3827; x_wconf 83' lang='grc' dir='ltr'>δοθὲν</span> <span class='ocrx_word' id='word_1_746' title='bbox 3239 3775 3313 3843; x_wconf 78' lang='grc' dir='ltr'>τῷ</span> <span class='ocrx_word' id='word_1_747' title='bbox 3337 3776 3611 3846; x_wconf 82' lang='grc' dir='ltr'>ἀνθρώπῳ</span> <span class='ocrx_word' id='word_1_748' title='bbox 3641 3777 3851 3846; x_wconf 72' lang='grc' dir='ltr'>ἱλαρόν.</span> <span class='ocrx_word' id='word_1_749' title='bbox 3876 3777 4004 3829; x_wconf 83' lang='grc' dir='ltr'>Δεύ-</span> 
     </span>
    </p>
   </div>
   <div class='ocr_carea' id='block_1_100' title="bbox 2423 3865 4003 3937">
    <p class='ocr_par' dir='ltr' id='par_1_100' title="bbox 2423 3865 4003 3937">
     <span class='ocr_line' id='line_1_100' title="bbox 2423 3865 4003 3937; baseline 0.002 -19"><span class='ocrx_word' id='word_1_750' title='bbox 2423 3882 2583 3936; x_wconf 84' lang='grc' dir='ltr'>τερον</span> <span class='ocrx_word' id='word_1_751' title='bbox 2615 3867 2673 3917; x_wconf 76' lang='grc' dir='ltr'><strong>ὃὲ</strong></span> <span class='ocrx_word' id='word_1_752' title='bbox 2707 3866 2891 3917; x_wconf 79' lang='grc' dir='ltr'>λοιπὸν</span> <span class='ocrx_word' id='word_1_753' title='bbox 2932 3865 3163 3935; x_wconf 83' lang='grc' dir='ltr'>ἀνομίαν</span> <span class='ocrx_word' id='word_1_754' title='bbox 3188 3865 3501 3934; x_wconf 73' lang='grc' dir='ltr'>ἐργάζεται,</span> <span class='ocrx_word' id='word_1_755' title='bbox 3537 3868 3611 3937; x_wconf 80' lang='grc' dir='ltr'>μὴ</span> <span class='ocrx_word' id='word_1_756' title='bbox 3645 3868 4003 3935; x_wconf 70' lang='grc' dir='ltr'>ἐξομολογού-</span> 
     </span>
    </p>
   </div>
   <div class='ocr_carea' id='block_1_101' title="bbox 2429 3955 4003 4028">
    <p class='ocr_par' dir='ltr' id='par_1_101' title="bbox 2429 3955 4003 4028">
     <span class='ocr_line' id='line_1_101' title="bbox 2429 3955 4003 4028; baseline 0.002 -20"><span class='ocrx_word' id='word_1_757' title='bbox 2429 3973 2591 4027; x_wconf 86' lang='grc' dir='ltr'>μενον</span> <span class='ocrx_word' id='word_1_758' title='bbox 2616 3957 2693 4025; x_wconf 83' lang='grc' dir='ltr'>τῷ</span> <span class='ocrx_word' id='word_1_759' title='bbox 2730 3957 2943 4025; x_wconf 79' lang='grc' dir='ltr'>Κυρίῳ.</span> <span class='ocrx_word' id='word_1_760' title='bbox 2979 3955 3089 4008; x_wconf 79' lang='grc' dir='ltr'><strong>Τοῦ</strong></span> <span class='ocrx_word' id='word_1_761' title='bbox 3120 3957 3228 4026; x_wconf 85' lang='grc' dir='ltr'>γὰρ</span> <span class='ocrx_word' id='word_1_762' title='bbox 3256 3957 3502 4026; x_wconf 81' lang='grc' dir='ltr'>λυπηροῦ</span> <span class='ocrx_word' id='word_1_763' title='bbox 3529 3958 3720 4027; x_wconf 66' lang='grc' dir='ltr'>ἀνδρὸς</span> <span class='ocrx_word' id='word_1_764' title='bbox 3751 3961 3786 4028; x_wconf 81' lang='grc' dir='ltr'>ἡ</span> <span class='ocrx_word' id='word_1_765' title='bbox 3824 3960 4003 4012; x_wconf 54' lang='lat' dir='ltr'><strong>{vasu-</strong></span> 
     </span>
    </p>
   </div>
   <div class='ocr_carea' id='block_1_102' title="bbox 2428 4045 4003 4120">
    <p class='ocr_par' dir='ltr' id='par_1_102' title="bbox 2428 4045 4003 4120">
     <span class='ocr_line' id='line_1_102' title="bbox 2428 4045 4003 4120; baseline 0.003 -23"><span class='ocrx_word' id='word_1_766' title='bbox 2428 4047 2510 4111; x_wconf 87' lang='grc' dir='ltr'><strong>ξις</strong></span> <span class='ocrx_word' id='word_1_767' title='bbox 2543 4047 2643 4098; x_wconf 78' lang='grc' dir='ltr'><strong>οὐκ</strong></span> <span class='ocrx_word' id='word_1_768' title='bbox 2694 4045 2805 4115; x_wconf 79' lang='grc' dir='ltr'>ἔχει</span> <span class='ocrx_word' id='word_1_769' title='bbox 2834 4046 3065 4114; x_wconf 80' lang='grc' dir='ltr'>δύναμιν</span> <span class='ocrx_word' id='word_1_770' title='bbox 3098 4046 3360 4116; x_wconf 74' lang='grc' dir='ltr'>ἀναϐῆναι</span> <span class='ocrx_word' id='word_1_771' title='bbox 3393 4048 3487 4098; x_wconf 78' lang='grc' dir='ltr'><strong>ἐπὶ</strong></span> <span class='ocrx_word' id='word_1_772' title='bbox 3526 4047 3586 4099; x_wconf 80' lang='grc' dir='ltr'>τὸ</span> <span class='ocrx_word' id='word_1_773' title='bbox 3616 4049 4003 4120; x_wconf 79' lang='grc' dir='ltr'>θυσιαστήριον</span> 
     </span>
    </p>
   </div>
   <div class='ocr_carea' id='block_1_103' title="bbox 2425 4135 4004 4209">
    <p class='ocr_par' dir='ltr' id='par_1_103' title="bbox 2425 4135 4004 4209">
     <span class='ocr_line' id='line_1_103' title="bbox 2425 4135 4004 4209; baseline 0.001 -20"><span class='ocrx_word' id='word_1_774' title='bbox 2425 4137 2523 4189; x_wconf 87' lang='grc' dir='ltr'><strong>τοῦ</strong></span> <span class='ocrx_word' id='word_1_775' title='bbox 2560 4136 2715 4191; x_wconf 87' lang='grc' dir='ltr'>Θεοῦ.</span> <span class='ocrx_word' id='word_1_776' title='bbox 2761 4138 3091 4207; x_wconf 79' lang='grc' dir='ltr'>Ἐγκάθηται</span> <span class='ocrx_word' id='word_1_777' title='bbox 3140 4135 3249 4205; x_wconf 76' lang='grc' dir='ltr'><strong>γὰρ</strong></span> <span class='ocrx_word' id='word_1_778' title='bbox 3280 4138 3312 4207; x_wconf 83' lang='grc' dir='ltr'><strong>ἠ</strong></span> <span class='ocrx_word' id='word_1_779' title='bbox 3342 4137 3487 4208; x_wconf 86' lang='grc' dir='ltr'>λύπη</span> <span class='ocrx_word' id='word_1_780' title='bbox 3520 4140 3598 4200; x_wconf 87' lang='grc' dir='ltr'>εἰς</span> <span class='ocrx_word' id='word_1_781' title='bbox 3638 4138 3737 4207; x_wconf 80' lang='grc' dir='ltr'>τὴν</span> <span class='ocrx_word' id='word_1_782' title='bbox 3780 4140 4004 4209; x_wconf 82' lang='grc' dir='ltr'>καρδίαν</span> 
     </span>
    </p>
   </div>
   <div class='ocr_carea' id='block_1_104' title="bbox 2427 4224 4005 4297">
    <p class='ocr_par' dir='ltr' id='par_1_104' title="bbox 2427 4224 4005 4297">
     <span class='ocr_line' id='line_1_104' title="bbox 2427 4224 4005 4297; baseline 0.003 -18"><span class='ocrx_word' id='word_1_783' title='bbox 2427 4228 2616 4279; x_wconf 78' lang='grc' dir='ltr'>αὑτοῦ.</span> <span class='ocrx_word' id='word_1_784' title='bbox 2672 4228 3003 4297; x_wconf 82' lang='grc' dir='ltr'>Μεμιγμένη</span> <span class='ocrx_word' id='word_1_785' title='bbox 3052 4224 3145 4279; x_wconf 87' lang='grc' dir='ltr'><strong>οὑν</strong></span> <span class='ocrx_word' id='word_1_786' title='bbox 3184 4228 3327 4297; x_wconf 81' lang='grc' dir='ltr'>λύπη</span> <span class='ocrx_word' id='word_1_787' title='bbox 3371 4229 3510 4296; x_wconf 84' lang='grc' dir='ltr'><strong>μετά</strong></span> <span class='ocrx_word' id='word_1_788' title='bbox 3560 4229 3661 4297; x_wconf 79' lang='grc' dir='ltr'>τῆς</span> <span class='ocrx_word' id='word_1_789' title='bbox 3708 4231 4005 4297; x_wconf 78' lang='grc' dir='ltr'>ἐντεύξεως</span> 
     </span>
    </p>
   </div>
   <div class='ocr_carea' id='block_1_105' title="bbox 2428 4315 4006 4388">
    <p class='ocr_par' dir='ltr' id='par_1_105' title="bbox 2428 4315 4006 4388">
     <span class='ocr_line' id='line_1_105' title="bbox 2428 4315 4006 4388; baseline 0.003 -21"><span class='ocrx_word' id='word_1_790' title='bbox 2428 4316 2529 4368; x_wconf 88' lang='grc' dir='ltr'><strong>οὑκ</strong></span> <span class='ocrx_word' id='word_1_791' title='bbox 2558 4315 2787 4383; x_wconf 78' lang='grc' dir='ltr'>ἀφίησιν</span> <span class='ocrx_word' id='word_1_792' title='bbox 2820 4315 2917 4386; x_wconf 83' lang='grc' dir='ltr'><strong>τὴν</strong></span> <span class='ocrx_word' id='word_1_793' title='bbox 2952 4317 3189 4381; x_wconf 76' lang='grc' dir='ltr'>ἔντευξιν</span> <span class='ocrx_word' id='word_1_794' title='bbox 3217 4318 3483 4386; x_wconf 77' lang='grc' dir='ltr'>ἀναϐῆναι</span> <span class='ocrx_word' id='word_1_795' title='bbox 3514 4317 3762 4388; x_wconf 70' lang='grc' dir='ltr'>καθαρὰν</span> <span class='ocrx_word' id='word_1_796' title='bbox 3786 4320 3926 4387; x_wconf 84' lang='grc' dir='ltr'>πρὸς</span> <span class='ocrx_word' id='word_1_797' title='bbox 3950 4321 4006 4371; x_wconf 76' lang='grc' dir='ltr'>τὸ</span> 
     </span>
    </p>
   </div>
   <div class='ocr_carea' id='block_1_106' title="bbox 2431 4405 4006 4478">
    <p class='ocr_par' dir='ltr' id='par_1_106' title="bbox 2431 4405 4006 4478">
     <span class='ocr_line' id='line_1_106' title="bbox 2431 4405 4006 4478; baseline 0.001 -19"><span class='ocrx_word' id='word_1_798' title='bbox 2431 4407 2843 4476; x_wconf 83' lang='grc' dir='ltr'>θυσιαστήριον.</span> <span class='ocrx_word' id='word_1_799' title='bbox 2876 4408 3088 4477; x_wconf 82' lang='grc' dir='ltr'>Ὠσπερ</span> <span class='ocrx_word' id='word_1_800' title='bbox 3112 4409 3221 4477; x_wconf 73' lang='grc' dir='ltr'><strong>γὰρ</strong></span> <span class='ocrx_word' id='word_1_801' title='bbox 3269 4409 3387 4472; x_wconf 77' lang='grc' dir='ltr'>ὅξος</span> <span class='ocrx_word' id='word_1_802' title='bbox 3428 4408 3521 4461; x_wconf 81' lang='grc' dir='ltr'>καὶ</span> <span class='ocrx_word' id='word_1_803' title='bbox 3552 4405 3692 4470; x_wconf 82' lang='grc' dir='ltr'>οἶνος</span> <span class='ocrx_word' id='word_1_804' title='bbox 3726 4411 4006 4478; x_wconf 74' lang='grc' dir='ltr'>μεμιγμέ-</span> 
     </span>
    </p>
   </div>
   <div class='ocr_carea' id='block_1_107' title="bbox 2359 4501 4007 4586">
    <p class='ocr_par' dir='ltr' id='par_1_107' title="bbox 2359 4501 4007 4586">
     <span class='ocr_line' id='line_1_107' title="bbox 2359 4501 4007 4586; baseline 0.002 -35"><span class='ocrx_word' id='word_1_805' title='bbox 2359 4530 2405 4586; x_wconf 75' lang='lat' dir='ltr'><strong>D</strong></span> <span class='ocrx_word' id='word_1_806' title='bbox 2431 4519 2519 4564; x_wconf 90' lang='grc' dir='ltr'><strong>νος</strong></span> <span class='ocrx_word' id='word_1_807' title='bbox 2554 4502 2646 4553; x_wconf 71' lang='grc' dir='ltr'><strong>ἐπὶ</strong></span> <span class='ocrx_word' id='word_1_808' title='bbox 2674 4502 2733 4553; x_wconf 78' lang='grc' dir='ltr'>τὸ</span> <span class='ocrx_word' id='word_1_809' title='bbox 2765 4501 2899 4553; x_wconf 84' lang='grc' dir='ltr'>αὑτὸ</span> <span class='ocrx_word' id='word_1_810' title='bbox 2932 4502 3031 4570; x_wconf 76' lang='grc' dir='ltr'>τὴν</span> <span class='ocrx_word' id='word_1_811' title='bbox 3074 4503 3243 4571; x_wconf 79' lang='grc' dir='ltr'>αὐτὴν</span> <span class='ocrx_word' id='word_1_812' title='bbox 3282 4502 3474 4571; x_wconf 68' lang='grc' dir='ltr'>ἡδονὴν</span> <span class='ocrx_word' id='word_1_813' title='bbox 3503 4504 3604 4553; x_wconf 85' lang='grc' dir='ltr'><strong>οὑκ</strong></span> <span class='ocrx_word' id='word_1_814' title='bbox 3652 4501 3897 4568; x_wconf 76' lang='grc' dir='ltr'>ἔχουσιν,</span> <span class='ocrx_word' id='word_1_815' title='bbox 3922 4502 4007 4555; x_wconf 65' lang='grc' dir='ltr'>οῦδ</span> 
     </span>
    </p>
   </div>
   <div class='ocr_carea' id='block_1_108' title="bbox 2428 4592 4007 4663">
    <p class='ocr_par' dir='ltr' id='par_1_108' title="bbox 2428 4592 4007 4663">
     <span class='ocr_line' id='line_1_108' title="bbox 2428 4592 4007 4663; baseline 0 -17"><span class='ocrx_word' id='word_1_816' title='bbox 2428 4610 2538 4656; x_wconf 82' lang='grc' dir='ltr'><strong>τως</strong></span> <span class='ocrx_word' id='word_1_817' title='bbox 2564 4593 2660 4645; x_wconf 73' lang='grc' dir='ltr'>καὶ</span> <span class='ocrx_word' id='word_1_818' title='bbox 2691 4595 2725 4663; x_wconf 79' lang='grc' dir='ltr'><strong>ἡ</strong></span> <span class='ocrx_word' id='word_1_819' title='bbox 2760 4592 2905 4663; x_wconf 87' lang='grc' dir='ltr'>λύπη</span> <span class='ocrx_word' id='word_1_820' title='bbox 2940 4595 3253 4663; x_wconf 84' lang='grc' dir='ltr'>μεμιγμένη</span> <span class='ocrx_word' id='word_1_821' title='bbox 3288 4596 3425 4663; x_wconf 82' lang='grc' dir='ltr'><strong>μετά</strong></span> <span class='ocrx_word' id='word_1_822' title='bbox 3452 4593 3546 4646; x_wconf 90' lang='grc' dir='ltr'><strong>τοῦ</strong></span> <span class='ocrx_word' id='word_1_823' title='bbox 3569 4593 3894 4661; x_wconf 85' lang='grc' dir='ltr'>Πνεύματος</span> <span class='ocrx_word' id='word_1_824' title='bbox 3917 4595 4007 4646; x_wconf 85' lang='grc' dir='ltr'><strong>τοῦ</strong></span> 
     </span>
    </p>
   </div>
   <div class='ocr_carea' id='block_1_109' title="bbox 2430 4682 4007 4756">
    <p class='ocr_par' dir='ltr' id='par_1_109' title="bbox 2430 4682 4007 4756">
     <span class='ocr_line' id='line_1_109' title="bbox 2430 4682 4007 4756; baseline -0.001 -17"><span class='ocrx_word' id='word_1_825' title='bbox 2430 4687 2612 4752; x_wconf 81' lang='grc' dir='ltr'>ἁγίου,</span> <span class='ocrx_word' id='word_1_826' title='bbox 2636 4687 2738 4754; x_wconf 77' lang='grc' dir='ltr'>τὴν</span> <span class='ocrx_word' id='word_1_827' title='bbox 2761 4685 2931 4754; x_wconf 80' lang='grc' dir='ltr'>αὐτὴν</span> <span class='ocrx_word' id='word_1_828' title='bbox 2959 4685 3199 4750; x_wconf 76' lang='grc' dir='ltr'>ἔντευξιν</span> <span class='ocrx_word' id='word_1_829' title='bbox 3227 4687 3325 4739; x_wconf 90' lang='grc' dir='ltr'><strong>οὑκ</strong></span> <span class='ocrx_word' id='word_1_830' title='bbox 3359 4687 3494 4756; x_wconf 75' lang='grc' dir='ltr'>ἔχει.</span> <span class='ocrx_word' id='word_1_831' title='bbox 3528 4686 3709 4738; x_wconf 73' lang='grc' dir='ltr'>Καλὸν</span> <span class='ocrx_word' id='word_1_832' title='bbox 3739 4682 3837 4738; x_wconf 83' lang='grc' dir='ltr'><strong>οῦν</strong></span> <span class='ocrx_word' id='word_1_833' title='bbox 3864 4690 4007 4739; x_wconf 74' lang='grc' dir='ltr'>ἐστιν</span> 
     </span>
    </p>
   </div>
   <div class='ocr_carea' id='block_1_110' title="bbox 2431 4776 4008 4847">
    <p class='ocr_par' dir='ltr' id='par_1_110' title="bbox 2431 4776 4008 4847">
     <span class='ocr_line' id='line_1_110' title="bbox 2431 4776 4008 4847; baseline 0.001 -18"><span class='ocrx_word' id='word_1_834' title='bbox 2431 4776 2730 4830; x_wconf 81' lang='grc' dir='ltr'>ἀποϐαλεῖν</span> <span class='ocrx_word' id='word_1_835' title='bbox 2772 4777 2867 4845; x_wconf 75' lang='grc' dir='ltr'><strong>ἀφ’</strong></span> <span class='ocrx_word' id='word_1_836' title='bbox 2901 4776 3110 4829; x_wconf 80' lang='grc' dir='ltr'>ἑαυτῶν</span> <span class='ocrx_word' id='word_1_837' title='bbox 3141 4776 3241 4847; x_wconf 84' lang='grc' dir='ltr'><strong>τὴν</strong></span> <span class='ocrx_word' id='word_1_838' title='bbox 3291 4778 3502 4846; x_wconf 83' lang='grc' dir='ltr'>λύπην,</span> <span class='ocrx_word' id='word_1_839' title='bbox 3552 4777 3647 4829; x_wconf 74' lang='grc' dir='ltr'><strong>καὶ</strong></span> <span class='ocrx_word' id='word_1_840' title='bbox 3682 4778 4008 4831; x_wconf 75' lang='grc' dir='ltr'>ἐνδύσασθαι</span> 
     </span>
    </p>
   </div>
   <div class='ocr_carea' id='block_1_111' title="bbox 2434 4863 4010 4941">
    <p class='ocr_par' dir='ltr' id='par_1_111' title="bbox 2434 4863 4010 4941">
     <span class='ocr_line' id='line_1_111' title="bbox 2434 4863 4010 4941; baseline 0.001 -20"><span class='ocrx_word' id='word_1_841' title='bbox 2434 4871 2620 4922; x_wconf 82' lang='grc' dir='ltr'>πᾶσαν</span> <span class='ocrx_word' id='word_1_842' title='bbox 2645 4868 2960 4939; x_wconf 81' lang='grc' dir='ltr'>ἱλαρότητα.</span> <span class='ocrx_word' id='word_1_843' title='bbox 2983 4866 3200 4937; x_wconf 82' lang='grc' dir='ltr'>Ταύτης</span> <span class='ocrx_word' id='word_1_844' title='bbox 3224 4863 3317 4921; x_wconf 81' lang='grc' dir='ltr'><strong>οὖν</strong></span> <span class='ocrx_word' id='word_1_845' title='bbox 3347 4869 3445 4937; x_wconf 79' lang='grc' dir='ltr'>τῆς</span> <span class='ocrx_word' id='word_1_846' title='bbox 3468 4868 3647 4938; x_wconf 83' lang='grc' dir='ltr'>λύπης</span> <span class='ocrx_word' id='word_1_847' title='bbox 3674 4870 3828 4941; x_wconf 83' lang='grc' dir='ltr'>πάσῃ</span> <span class='ocrx_word' id='word_1_848' title='bbox 3858 4887 4010 4923; x_wconf 73' lang='grc' dir='ltr'>σπου-</span> 
     </span>
    </p>
   </div>
   <div class='ocr_carea' id='block_1_112' title="bbox 2433 4956 4009 5029">
    <p class='ocr_par' dir='ltr' id='par_1_112' title="bbox 2433 4956 4009 5029">
     <span class='ocr_line' id='line_1_112' title="bbox 2433 4956 4009 5029; baseline 0 -18"><span class='ocrx_word' id='word_1_849' title='bbox 2433 4959 2496 5029; x_wconf 81' lang='grc' dir='ltr'>δῇ</span> <span class='ocrx_word' id='word_1_850' title='bbox 2540 4959 2698 5020; x_wconf 72' lang='grc' dir='ltr'>ἐκτὸς</span> <span class='ocrx_word' id='word_1_851' title='bbox 2737 4956 3048 5025; x_wconf 83' lang='grc' dir='ltr'>γενώμεθα,</span> <span class='ocrx_word' id='word_1_852' title='bbox 3080 4957 3161 5009; x_wconf 79' lang='grc' dir='ltr'>ὅτι</span> <span class='ocrx_word' id='word_1_853' title='bbox 3194 4958 3334 5010; x_wconf 87' lang='grc' dir='ltr'><strong>κατά</strong></span> <span class='ocrx_word' id='word_1_854' title='bbox 3362 4959 3570 5026; x_wconf 83' lang='grc' dir='ltr'>κόσμον</span> <span class='ocrx_word' id='word_1_855' title='bbox 3592 4958 3762 5011; x_wconf 73' lang='grc' dir='ltr'>ἐστίν·</span> <span class='ocrx_word' id='word_1_856' title='bbox 3798 4979 3817 5010; x_wconf 82' lang='grc' dir='ltr'><strong>ι</strong></span> <span class='ocrx_word' id='word_1_857' title='bbox 3872 4961 3936 5013; x_wconf 81' lang='grc' dir='ltr'><strong>Ἦ</strong></span> <span class='ocrx_word' id='word_1_858' title='bbox 3958 4961 4009 5011; x_wconf 74' lang='grc' dir='ltr'>δὲ</span> 
     </span>
    </p>
   </div>
   <div class='ocr_carea' id='block_1_113' title="bbox 2434 5045 4006 5117">
    <p class='ocr_par' dir='ltr' id='par_1_113' title="bbox 2434 5045 4006 5117">
     <span class='ocr_line' id='line_1_113' title="bbox 2434 5045 4006 5117; baseline 0.003 -14"><span class='ocrx_word' id='word_1_859' title='bbox 2434 5051 2578 5104; x_wconf 83' lang='grc' dir='ltr'><strong>κατά</strong></span> <span class='ocrx_word' id='word_1_860' title='bbox 2610 5050 2743 5102; x_wconf 77' lang='grc' dir='ltr'>θεὸν</span> <span class='ocrx_word' id='word_1_861' title='bbox 2784 5049 2954 5117; x_wconf 86' lang='grc' dir='ltr'>λύπη,</span> <span class='ocrx_word' id='word_1_862' title='bbox 2994 5067 3012 5100; x_wconf 78' lang='grc' dir='ltr'>ι</span> <span class='ocrx_word' id='word_1_863' title='bbox 3054 5050 3130 5111; x_wconf 81' lang='grc' dir='ltr'>ὡς</span> <span class='ocrx_word' id='word_1_864' title='bbox 3174 5045 3328 5103; x_wconf 73' lang='grc' dir='ltr'>εἶπεν</span> <span class='ocrx_word' id='word_1_865' title='bbox 3371 5052 3400 5103; x_wconf 81' lang='grc' dir='ltr'>ὁ</span> <span class='ocrx_word' id='word_1_866' title='bbox 3431 5051 3733 5113; x_wconf 80' lang='grc' dir='ltr'>ἀπόστολος</span> <span class='ocrx_word' id='word_1_867' title='bbox 3768 5052 4006 5115; x_wconf 79' lang='grc' dir='ltr'>Παῦλος.</span> 
     </span>
    </p>
   </div>
   <div class='ocr_carea' id='block_1_114' title="bbox 2441 5142 4007 5216">
    <p class='ocr_par' dir='ltr' id='par_1_114' title="bbox 2441 5142 4007 5216">
     <span class='ocr_line' id='line_1_114' title="bbox 2441 5142 4007 5216; baseline 0.004 -25"><span class='ocrx_word' id='word_1_868' title='bbox 2441 5159 2459 5191; x_wconf 79' lang='grc' dir='ltr'><strong>ι</strong></span> <span class='ocrx_word' id='word_1_869' title='bbox 2495 5143 2786 5209; x_wconf 78' lang='grc' dir='ltr'>μετάνοιαν</span> <span class='ocrx_word' id='word_1_870' title='bbox 2816 5142 2895 5203; x_wconf 84' lang='grc' dir='ltr'>εἰς</span> <span class='ocrx_word' id='word_1_871' title='bbox 2924 5142 3201 5213; x_wconf 76' lang='grc' dir='ltr'>σωτηρίαν</span> <span class='ocrx_word' id='word_1_872' title='bbox 3227 5142 3643 5213; x_wconf 81' lang='grc' dir='ltr'>ἀμεταμέλητον</span> <span class='ocrx_word' id='word_1_873' title='bbox 3678 5147 4007 5216; x_wconf 78' lang='grc' dir='ltr'>κατεργάζε-</span> 
     </span>
    </p>
   </div>
   <div class='ocr_carea' id='block_1_115' title="bbox 2435 5230 4003 5305">
    <p class='ocr_par' dir='ltr' id='par_1_115' title="bbox 2435 5230 4003 5305">
     <span class='ocr_line' id='line_1_115' title="bbox 2435 5230 4003 5305; baseline 0.003 -22"><span class='ocrx_word' id='word_1_874' title='bbox 2435 5247 2543 5283; x_wconf 79' lang='grc' dir='ltr'>ται’</span> <span class='ocrx_word' id='word_1_875' title='bbox 2574 5249 2593 5281; x_wconf 73' lang='grc' dir='ltr'><strong>ι</strong></span> <span class='ocrx_word' id='word_1_876' title='bbox 2633 5233 2666 5299; x_wconf 79' lang='grc' dir='ltr'>ἡ</span> <span class='ocrx_word' id='word_1_877' title='bbox 2695 5231 2751 5283; x_wconf 83' lang='grc' dir='ltr'>δὲ</span> <span class='ocrx_word' id='word_1_878' title='bbox 2779 5230 2873 5283; x_wconf 86' lang='grc' dir='ltr'><strong>τοῦ</strong></span> <span class='ocrx_word' id='word_1_879' title='bbox 2905 5231 3114 5301; x_wconf 88' lang='grc' dir='ltr'>κόσμου</span> <span class='ocrx_word' id='word_1_880' title='bbox 3153 5232 3300 5302; x_wconf 87' lang='grc' dir='ltr'>λύπη</span> <span class='ocrx_word' id='word_1_881' title='bbox 3330 5232 3561 5286; x_wconf 84' lang='grc' dir='ltr'>θάνατον</span> <span class='ocrx_word' id='word_1_882' title='bbox 3588 5235 4003 5305; x_wconf 79' lang='grc' dir='ltr'>κατεργάζεται.</span> 
     </span>
    </p>
   </div>
   <div class='ocr_carea' id='block_1_116' title="bbox 2439 5323 4007 5395">
    <p class='ocr_par' dir='ltr' id='par_1_116' title="bbox 2439 5323 4007 5395">
     <span class='ocr_line' id='line_1_116' title="bbox 2439 5323 4007 5395; baseline 0.001 -20"><span class='ocrx_word' id='word_1_883' title='bbox 2439 5323 2550 5375; x_wconf 78' lang='grc' dir='ltr'><strong>Καὶ</strong></span> <span class='ocrx_word' id='word_1_884' title='bbox 2582 5324 2611 5375; x_wconf 88' lang='grc' dir='ltr'>ὁ</span> <span class='ocrx_word' id='word_1_885' title='bbox 2645 5323 3086 5393; x_wconf 71' lang='grc' dir='ltr'>Παροιμιαστηςυ</span> <span class='ocrx_word' id='word_1_886' title='bbox 3132 5342 3150 5373; x_wconf 86' lang='grc' dir='ltr'><strong>ι</strong></span> <span class='ocrx_word' id='word_1_887' title='bbox 3189 5323 3425 5391; x_wconf 74' lang='grc' dir='ltr'>Εὑλογία</span> <span class='ocrx_word' id='word_1_888' title='bbox 3462 5325 3673 5395; x_wconf 77' lang='grc' dir='ltr'>Κυρίου</span> <span class='ocrx_word' id='word_1_889' title='bbox 3714 5326 3813 5378; x_wconf 71' lang='grc' dir='ltr'><strong>ἐπὶ</strong></span> <span class='ocrx_word' id='word_1_890' title='bbox 3849 5343 4007 5393; x_wconf 53' lang='lat' dir='ltr'><strong>nea.</strong></span> 
     </span>
    </p>
   </div>
   <div class='ocr_carea' id='block_1_117' title="bbox 2441 5411 4005 5487">
    <p class='ocr_par' dir='ltr' id='par_1_117' title="bbox 2441 5411 4005 5487">
     <span class='ocr_line' id='line_1_117' title="bbox 2441 5411 4005 5487; baseline 0.002 -24"><span class='ocrx_word' id='word_1_891' title='bbox 2441 5411 2537 5482; x_wconf 76' lang='grc' dir='ltr'><strong>λὴν</strong></span> <span class='ocrx_word' id='word_1_892' title='bbox 2566 5412 2798 5474; x_wconf 85' lang='grc' dir='ltr'>δικαίου.</span> <span class='ocrx_word' id='word_1_893' title='bbox 2838 5411 3001 5483; x_wconf 79' lang='grc' dir='ltr'>[αὕτη</span> <span class='ocrx_word' id='word_1_894' title='bbox 3047 5412 3369 5485; x_wconf 79' lang='grc' dir='ltr'>πλουτίζει,]</span> <span class='ocrx_word' id='word_1_895' title='bbox 3410 5415 3505 5467; x_wconf 77' lang='grc' dir='ltr'>καὶ</span> <span class='ocrx_word' id='word_1_896' title='bbox 3537 5415 3600 5467; x_wconf 86' lang='grc' dir='ltr'><strong>οὐ</strong></span> <span class='ocrx_word' id='word_1_897' title='bbox 3637 5414 3715 5485; x_wconf 81' lang='grc' dir='ltr'>μὴ</span> <span class='ocrx_word' id='word_1_898' title='bbox 3746 5418 4005 5487; x_wconf 71' lang='grc' dir='ltr'>προστεθῇ</span> 
     </span>
    </p>
   </div>
   <div class='ocr_carea' id='block_1_118' title="bbox 2438 5503 4008 5576">
    <p class='ocr_par' dir='ltr' id='par_1_118' title="bbox 2438 5503 4008 5576">
     <span class='ocr_line' id='line_1_118' title="bbox 2438 5503 4008 5576; baseline -0.018 0"><span class='ocrx_word' id='word_1_899' title='bbox 2438 5504 2576 5573; x_wconf 66' lang='grc' dir='ltr'><strong>αὐτῇ</strong></span> <span class='ocrx_word' id='word_1_900' title='bbox 2603 5503 2748 5572; x_wconf 80' lang='grc' dir='ltr'>λύπη</span> <span class='ocrx_word' id='word_1_901' title='bbox 2780 5506 2839 5556; x_wconf 54' lang='grc' dir='ltr'><strong>ἐν</strong></span> <span class='ocrx_word' id='word_1_902' title='bbox 2881 5505 3099 5575; x_wconf 75' lang='grc' dir='ltr'>καρδίᾳ.</span> <span class='ocrx_word' id='word_1_903' title='bbox 3139 5523 3157 5556; x_wconf 80' lang='lat' dir='ltr'><strong>I</strong></span> <span class='ocrx_word' id='word_1_904' title='bbox 3200 5505 3310 5558; x_wconf 73' lang='grc' dir='ltr'><strong>Καὶ</strong></span> <span class='ocrx_word' id='word_1_905' title='bbox 3353 5505 3551 5558; x_wconf 70' lang='grc' dir='ltr'>πάλιν·</span> <span class='ocrx_word' id='word_1_906' title='bbox 3590 5524 3609 5557; x_wconf 80' lang='grc' dir='ltr'><strong>ι</strong></span> <span class='ocrx_word' id='word_1_907' title='bbox 3650 5508 3907 5576; x_wconf 73' lang='grc' dir='ltr'>Καρδίαν</span> <span class='ocrx_word' id='word_1_908' title='bbox 3935 5507 4008 5558; x_wconf 55' lang='grc' dir='ltr'><strong>εὖ.</strong></span> 
     </span>
    </p>
   </div>
   <div class='ocr_carea' id='block_1_119' title="bbox 2439 5595 3998 5671">
    <p class='ocr_par' dir='ltr' id='par_1_119' title="bbox 2439 5595 3998 5671">
     <span class='ocr_line' id='line_1_119' title="bbox 2439 5595 3998 5671; baseline 0.006 -25"><span class='ocrx_word' id='word_1_909' title='bbox 2439 5595 2809 5664; x_wconf 83' lang='grc' dir='ltr'>φραινομένην</span> <span class='ocrx_word' id='word_1_910' title='bbox 2842 5597 3071 5670; x_wconf 78' lang='grc' dir='ltr'>εὐεκτὴν</span> <span class='ocrx_word' id='word_1_911' title='bbox 3107 5598 3283 5648; x_wconf 78' lang='grc' dir='ltr'>ποιεῖ’</span> <span class='ocrx_word' id='word_1_912' title='bbox 3312 5597 3501 5665; x_wconf 76' lang='grc' dir='ltr'>ἀνδρὸς</span> <span class='ocrx_word' id='word_1_913' title='bbox 3542 5597 3600 5649; x_wconf 78' lang='grc' dir='ltr'><strong>δὲ</strong></span> <span class='ocrx_word' id='word_1_914' title='bbox 3640 5597 3898 5671; x_wconf 86' lang='grc' dir='ltr'>λυπηροῦ</span> <span class='ocrx_word' id='word_1_915' title='bbox 3931 5599 3998 5667; x_wconf 52' lang='lat'><strong>€5-</strong></span> 
     </span>
    </p>
   </div>
   <div class='ocr_carea' id='block_1_120' title="bbox 2991 5775 3646 5832">
    <p class='ocr_par' dir='ltr' id='par_1_120' title="bbox 2991 5775 3646 5832">
     <span class='ocr_line' id='line_1_120' title="bbox 2991 5775 3646 5832; baseline -0.005 0"><span class='ocrx_word' id='word_1_916' title='bbox 2991 5779 3033 5809; x_wconf 79' lang='grc'><strong>³⁸</strong></span> <span class='ocrx_word' id='word_1_917' title='bbox 3084 5775 3220 5832; x_wconf 88' lang='lat' dir='ltr'><strong>ibid.</strong></span> <span class='ocrx_word' id='word_1_918' title='bbox 3299 5777 3343 5809; x_wconf 86' lang='grc'><strong><em>⁸⁶</em></strong></span> <span class='ocrx_word' id='word_1_919' title='bbox 3373 5776 3505 5830; x_wconf 87' lang='lat' dir='ltr'><strong>ibid.</strong></span> <span class='ocrx_word' id='word_1_920' title='bbox 3554 5777 3646 5829; x_wconf 73' lang='lat'><strong>2!.</strong></span> 
     </span>
    </p>
   </div>
  </div>
