4178 6436
138 440 252 507 1513

1176 447 1502 511 NOMIIJA
1549 454 1757 515 XXVI.
1790 481 1856 491 --
1897 456 1991 515 DE
2034 458 2327 521 ACEDH.

3241 460 3375 528 15M

133 552 446 623 μαίνεταιτᾶ
474 552 623 621 ὁστᾷ.
665 571 683 603 ι
720 554 830 605 Καὶ
862 555 888 605 ὀ
916 555 1147 619 Παῦλος·
1184 577 1202 608 ι
1238 562 1310 611 υὺ
1344 560 1450 631 γὰρ
1474 562 1699 632 θέλομεν

1803 564 2036 629 ctl‘udit,
2090 569 2369 623 tristitiam
2419 586 2528 624 non
2588 572 2713 633 l'ert,
2751 588 2928 643 neque
2982 573 3150 628 animi
3199 594 3375 648 angu—

131 645 257 712 ὑμᾶς
296 645 537 711 ἀγνοεῖν,
567 644 811 714 ἀδελφοὶ,
852 648 982 717 περὶ
1015 648 1114 717 τῆς
1146 650 1376 720 θλίψεως
1409 655 1567 724 ἡμῶν
1596 655 1697 725 τῆς

130 735 416 805 γενομένης
472 738 605 807 ἡμῖν
658 738 718 791 ὲν
764 741 829 808 τῇ
895 738 1080 812 Ἀσίας
1113 742 1197 794 ὅτι
1229 744 1350 795 κατ’
1386 746 1693 818 ὑπερϐολὴν

130 826 500 899 ἐϐαρύνθημεν
560 831 701 901 ὑπὲρ
770 830 1027 903 δύναμιν,
1090 834 1231 888 ὥστε
1289 836 1696 909 ἐξαπορηθῆναι

130 919 262 987 ἡμᾶς
294 921 389 971 καὶ
441 921 537 973 τοῦ
568 921 690 992 ζῇν.
741 922 887 977 Ἀλλ’
916 927 945 978 ὁ
994 927 1328 994 παρακαλῶν
1358 930 1482 991 τοὺς
1508 947 1698 984 ταπεις·

129 1014 240 1073 νοῦς
289 1013 670 1082 παρεκάλεσεν
730 1017 876 1085 ἡμᾶς
917 1020 945 1071 ὁ
986 1021 1139 1083 θεαῖς.
1182 1039 1201 1073 ι
1250 1024 1358 1074 Καὶ
1397 1027 1560 1094 ἡμεῖς
1604 1022 1697 1080 οὖν

129 1105 215 1157 σὺν
256 1105 338 1174 τῷ
383 1106 543 1161 Δαυῖὂ
594 1111 836 1179 εἴπωμεν
866 1124 880 1139 °
934 1130 952 1162 ι
999 1113 1253 1182 Ἐλέησόν
1314 1132 1420 1185 με,
1482 1117 1652 1187 Κύριε
1680 1159 1693 1182 ,

126 1198 198 1249 ὅτι
256 1196 555 1267 θλίϐομαι·
588 1202 886 1273 ,ἐταράχθη
941 1203 1050 1257 ἀπὸ
1115 1205 1287 1277 θυμοῦ
1333 1209 1362 1260 ὁ
1420 1208 1696 1280 ὀφθαλμός

127 1305 241 1355 μου,
291 1289 377 1340 ὅτι
440 1289 766 1359 ἐκακώθη-ι,
821 1296 915 1346 καὶ
962 1296 1337 1368 ὲταπεινώθην
1404 1301 1510 1363 ἕως
1566 1302 1697 1370 σφό-

124 1381 540 1453 δρα-ὠρυόμην
593 1386 700 1437 ἀπὸ
736 1389 1040 1458 στεναγμοῦ
1087 1391 1184 1459 τῆς
1239 1393 1467 1463 καρδίας
1502 1413 1626 1466 μου.
1675 1418 1692 1448 ι

123 1473 224 1527 Καί
271 1492 284 1505 ⁸
335 1493 353 1526 ‹
425 1477 735 1547 Ἐλυπήθην
795 1482 854 1531 ἐν
908 1484 974 1552 τῇ
1041 1482 1324 1557 ἀδολεσχίᾳ
1397 1505 1541 1557 μου,
1605 1492 1698 1543 καὶ

124 1567 428 1637 ἐταράχθην
490 1569 600 1621 ἀπὸ
662 1571 845 1641 quivi};
905 1573 1122 1644 ἐχθροῦ,
1166 1578 1258 1629 καὶ
1304 1579 1413 1631 ἀπὸ
1467 1579 1697 1650 θλίψεως

122 1658 465 1728 ἁμαρτο›λοῦ.
498 1680 516 1712 ι
562 1663 740 1727 Ἀλλὰ,
788 1683 807 1716 σ
842 1665 1026 1719 Σῶσιν
1058 1684 1147 1738 με,
1179 1671 1207 1722 ὁ
1236 1670 1388 1736 Θεὸς,
1419 1673 1501 1725 ὄτι
1528 1674 1698 1726 εἰσέλ-

122 1751 277 1804 θοσαν
310 1750 481 1806 ὕδατα
511 1753 614 1819 ἓως
640 1755 821 1827 ψυχῆς
860 1777 981 1829 μου*
1020 1761 1298 1831 ἐνεπάγην
1332 1766 1409 1825 εἰς
1440 1764 1572 1835 ὓλην
1599 1765 1696 1834 βυ-

121 1844 230 1906 θοῦ,
262 1846 362 1898 καὶ
386 1847 485 1899 οὐκ
511 1846 660 1902 ἔστιν
685 1851 1003 1916 ὑπόστασις.
1036 1873 1053 1905 ι
1088 1857 1196 1909 Καί
1221 1873 1234 1887 ·
1267 1877 1283 1906 ι
1320 1856 1408 1926 Μὴ
1434 1861 1698 1928 ἀποστρέ-

120 1936 221 2009 ψῃς
261 1938 325 1991 τὸ
360 1942 656 2011 πρόσωπόν
688 1960 783 1998 σου
825 1945 934 1997 ἀπὸ
963 1946 1058 1999 τοῦ
1093 1948 1282 2011 παιδός
1323 1966 1438 2001 σου·
1472 1951 1552 2002 ὅτι
1584 1952 1642 2003 θ).

119 2031 301 2103 ϐομαι,
335 2036 473 2104 ταχὺ
522 2036 831 2092 ἐπάκουσον
885 2057 1008 2110 μου.
1048 2042 1119 2095 Σὺ
1161 2042 1270 2113 γάρ
1306 2060 1407 2112 μου
1446 2040 1496 2095 εἷ
1532 2059 1701 2095 κατα·

122 2126 261 2194 φυγὴ
292 2127 406 2178 ἀπὸ
436 2125 669 2196 θλίψεως
712 2128 814 2197 τῆς
866 2129 1227 2201 περιεχούσης
1274 2148 1361 2201 με.
1399 2131 1702 2184 Εἰσελθέτω

120 2216 348 2269 ἐνώπιόν
393 2235 486 2271 σου
522 2221 555 2288 ἡ
604 2222 880 2291 προσευχή
913 2238 1037 2291 μου·
1067 2222 1249 2276 κλῖνον
1274 2223 1335 2276 τὸ
1364 2218 1456 2286 οὖς
1496 2241 1587 2276 σου
1621 2224 1699 2285 είς

120 2308 213 2377 τὴν
238 2309 431 2378 δέησίν
463 2329 590 2380 μου.
628 2333 645 2363 ι
681 2315 792 2366 Καὶ
840 2314 927 2366 ὅτε
970 2314 1199 2383 ἀνέλθῃς
1229 2314 1338 2367 ἀπὸ
1372 2315 1467 2384 τῆς
1498 2315 1698 2385 λύπης.

120 2402 459 2471 εὐχαριστῶν
479 2403 606 2472 λέγε
662 2423 680 2455 ι
706 2406 915 2476 Κύριος
941 2407 1000 2471 ἐξ
1028 2406 1257 2477 οὐρανοῦ
1277 2407 1577 2476 ἐπέϐλεψεν
1605 2406 1699 2459 τοῦ

120 2490 350 2546 ἀκοῦσαι
380 2491 474 2546 τοῦ
517 2496 825 2565 στεναγμοῦ
854 2495 961 2548 τῶν
985 2496 1191 2565 πεπεδη
1202 2497 1396 2565 μένων,
1420 2495 1514 2548 τοῦ
1540 2496 1700 2549 λύσαι

119 2586 236 2648 τοὺς
270 2586 425 2648 υἱοὺς
451 2586 559 2639 τῶν
596 2588 1084 2658 τεθανατωμένων.
1126 2610 1144 2640 ι
1194 2589 1341 2641 Καί·
1380 2608 1397 2639 ι
1438 2589 1503 2641 Τί
1534 2590 1699 2641 ἀντα-

120 2676 344 2731 ποδώσω
384 2678 464 2748 τῷ
512 2679 708 2750 Κυρίῳ
753 2680 880 2745 περὶ
927 2681 1145 2735 πάντων
1189 2674 1267 2734 ὦν
1318 2679 1703 2734 ἅνταπέδωκεν

120 2785 236 2837 μοις
274 2789 291 2820 ι
338 2770 465 2822 Ὅτι
522 2789 539 2821 ι
584 2770 680 2824 Ἐκ
738 2770 973 2839 θλίζνεως
1032 2771 1459 2842 ὲπεκαλεσὰμήν
1518 2771 1700 2837 αὑτὸν,

119 2867 208 2917 καὶ
240 2866 553 2937 ἐπήκουσεν
589 2884 695 2937 μου
741 2869 821 2931 είς
863 2868 1203 2938 πλατυσμὸν.
1243 2887 1261 2919 ι
1296 2868 1407 2921 Καὶ
1440 2869 1469 2921 ὁ
1498 2867 1703 2940 Κύριος

116 2959 225 3019 τοῖς
255 2959 536 3031 μαθηταῖς
563 2960 730 3015 αὑτοῦ
753 2962 943 3029 ἔλεγεν
965 2979 977 2991 ·
1018 2980 1035 3013 ς
1074 2962 1246 3034 ’Δμὴν
1274 2964 1419 3031 λέγω
1448 2964 1598 3034 ὑμῖν,
1621 2964 1703 3015 ὃτι

117 3047 382 3103 κλαύσετε
418 3052 512 3104 καὶ
545 3051 847 3122 θρηνήσετε
892 3054 1071 3123 ὑμεῖς,
1106 3056 1134 3107 ὁ
1180 3055 1236 3106 δὲ
1293 3055 1494 3124 κόσμος
1534 3055 1702 3125 χαρή-

119 3156 287 3194 σεται.
334 3161 353 3194 ι
393 3144 507 3195 Καὶ
533 3144 925 3215 παραδολικῶς
962 3148 1092 3217 περὶ
1137 3148 1236 3216 τῆς
1275 3146 1589 3214 τικτούσης,
1623 3148 1704 3199 ὅτι

1652 1952 1696 2003 ε,
1731 1914 1773 1972 ιι

1800 657 1984 709 stiam.
2044 657 2260 729 1068
2305 659 2601 715 Cireumda
2655 662 2826 731 igitur
2873 661 2972 717 tibi
3018 663 3374 737 hilaritatem,

1799 764 1920 817 qua:
1951 751 2102 803 omni
2138 761 2382 820 tempore
2430 765 2780 822 promeretur
2820 755 3048 824 gratiam
3088 758 3233 826 apud
3266 759 3376 813 Do-

1801 845 2034 907 Ininum,
2064 852 2120 898 et
2154 844 2429 899 delectare
2465 846 2516 900 in
2551 863 2636 901 ea.
2682 848 2884 902 llilaris
2924 848 3072 903 enim
3106 849 3193 902 vir
3235 850 3377 905 bona

1799 937 2022 1006 quidem
2057 947 2342 1006 operatur,
2372 948 2427 992 et
2458 938 2613 993 nihili
2640 941 2790 994 ducit
2826 941 3142 1007 tristitiam;
3173 942 3256 996 vir
3282 958 3381 996 au-

1802 1036 1909 1081 tem
1961 1027 2317 1083 turbulentus
2365 1045 2428 1083 ac
2478 1030 2671 1094 tristis,
2706 1032 2939 1101 maligne
2982 1034 3094 1103 agit
3137 1049 3377 1103 semper.

1800 1120 1868 1174 Et
1887 1120 2108 1190 quidem
2132 1122 2391 1190 primum,
2414 1123 2648 1191 maligne
2673 1124 2802 1195 agit,
2833 1126 3101 1194 Spiritum
3126 1136 3379 1181 sanctum

1801 1212 2134 1278 mmstiﬁrat,
2162 1216 2254 1283 qui
2292 1215 2499 1269 lnuniui
2534 1216 2696 1269 datus
2725 1226 2808 1270 est
2838 1218 3046 1272 hilaris.
3082 1219 3197 1273 l‘lne
3220 1234 3380 1273 acce-

1800 1305 1903 1368 dit,
1935 1307 2066 1374 quia
2114 1316 2313 1377 praeter
2357 1310 2461 1362 hoc
2493 1308 2842 1379 iniquitatem
2878 1309 2924 1363 is
2953 1319 3217 1379 operatur
3244 1311 3376 1365 dum

1803 1398 2032 1452 Domino
2064 1400 2388 1462 conﬁtetur;
2423 1417 2603 1471 neque
2634 1401 2779 1454 enim
2813 1400 2916 1455 viri
2961 1402 3123 1456 istius
3152 1404 3230 1457 sic
3258 1412 3377 1458 tur-

1803 1489 2015 1543 bulenti
2049 1491 2424 1559 interpellatio
2452 1492 2557 1544 vim
2591 1493 2757 1544 ullam
2785 1492 3001 1545 obtinet
3026 1491 3237 1546 diutius
3257 1508 3381 1563 per-

1800 1582 2031 1637 sistendi
2078 1591 2204 1636 ante
2255 1583 2425 1637 altare
2475 1584 2591 1637 Dei.
2623 1586 2843 1639 Assidct
2877 1586 3024 1639 enim
3057 1585 3377 1655 interpella-

1802 1672 1938 1727 tioui
1969 1676 2090 1743 ejus
2116 1674 2345 1744 spiritus
2379 1674 2639 1739 tristitize,
2675 1691 2785 1729 non
2814 1676 2999 1731 sinens
3038 1693 3232 1747 puram
3255 1693 3378 1733 esse

1800 1767 2011 1821 diutius
2059 1768 2182 1837 ejus
2231 1769 2731 1839 interpellationem
2768 1777 2895 1822 ante
2936 1768 3108 1822 altare
3150 1770 3268 1824 Dei.
3308 1770 3379 1825 Ut

1800 1859 1950 1913 enim
1978 1870 2193 1914 acetum
2234 1861 2363 1915 vino
2407 1878 2514 1915 una
2542 1862 2588 1914 si
2616 1862 3011 1927 iunnisceatur,
3053 1862 3190 1916 nihil
3220 1862 3384 1917 all‘ert

1797 1950 2028 2017 jueundi
2108 1959 2322 2021 gustus,
2371 1952 2438 2005 ad
2519 1952 2772 2005 emndem
2838 1955 3093 2017 modum,
3156 1953 3379 2009 tristitia

1804 2042 2008 2096 mistim
2057 2043 2260 2097 inserta
2304 2043 2547 2113 Spiritus
2578 2043 2755 2098 sancti
2801 2043 3107 2109 domicilio,
3135 2046 3379 2100 collocuo

1803 2136 2009 2190 tionem
2030 2136 2209 2190 reddit
2231 2137 2586 2189 inauncumn.
2612 2136 2887 2190 [’roi'uerit
2911 2135 3079 2206 igitur
3101 2136 3381 2191 tristitiam

1800 2222 2070 2293 ejusmodi
2103 2241 2132 2276 a
2167 2238 2224 2275 se
2256 2231 2537 2285 excutere,
2562 2238 2731 2290 seque
2758 2224 2987 2277 amicire
3020 2226 3188 2280 totius
3219 2226 3381 2280 indu-

1802 2324 1993 2371 mento
2018 2315 2333 2369 hilaritatis.
2360 2315 2549 2384 itaque
2574 2314 2643 2368 ab
2671 2315 2773 2369 hac
2799 2316 3043 2381 tristitia,
3075 2333 3174 2371 nos
3200 2318 3385 2373 studio

1801 2409 1950 2461 omni
2011 2407 2447 2471 constituamus,
2496 2424 2617 2477 quzc
2688 2407 2908 2461 tristitia
2981 2416 3070 2464 est
3142 2409 3379 2464 mundi:

1810 2520 1826 2550 ε
1865 2499 1997 2565 Qua:
2043 2508 2225 2553 autem
2269 2499 2573 2554 secundum
2614 2500 2785 2553 Deum
2817 2510 2899 2554 est
2937 2501 3183 2565 tristitia,
3230 2503 3384 2573 juxta

1803 2594 2037 2664 apostoli
2086 2592 2239 2647 Pauli
2293 2593 2651 2656 sententiam,
2696 2592 3079 2663 pteniteutiatn
3124 2602 3386 2663 cperatur

1802 2686 1869 2741 ad
1898 2687 2131 2741 salutem
2169 2687 2236 2748 ³⁷,
2284 2705 2301 2734 ι
2338 2700 2440 2739 nec
2470 2701 2600 2739 sane
2648 2686 3019 2757 pmnitendam
3056 2695 3154 2740 aut
3193 2701 3384 2755 asper-

1804 2778 2046 2832 nabilem
2072 2818 2087 2840 ,
2126 2777 2352 2831 tristitia
2401 2777 2593 2831 mundi
2626 2793 2655 2829 e
2695 2777 2914 2831 diverso
2943 2787 3207 2846 operatur
3233 2793 3383 2833 mor-

1806 2878 1937 2923 tem.
1993 2868 2379 2923 Parcemiastes
2428 2886 2439 2920 :
2493 2886 2512 2917 ‹
2569 2867 2890 2923 Benedictio
2941 2867 3159 2921 Domini
3216 2883 3387 2937 super

1805 2967 1969 3029 caput
1989 2959 2146 3029 justi,
2182 2974 2283 3011 nec
2313 2969 2624 3028 apponetur
2651 2959 2701 3011 ei
2737 2959 2959 3012 tristitia
2995 2960 3047 3012 in
3077 2959 3244 3013 corde
3264 2959 3329 3012 ³⁸.
3358 2979 3377 3009 ι

1809 3052 2065 3105 llursus:
2123 3069 2139 3099 ‹
2187 3050 2294 3104 Cor
2349 3049 2594 3118 gaudens
2643 3059 2699 3103 ct
2756 3051 2932 3103 hilare
2983 3051 3183 3104 bonam
3241 3051 3385 3121 parit

1807 3142 2200 3205 valetudinem,
2222 3142 2396 3196 tristis
2416 3152 2599 3196 autem
2628 3141 2732 3196 viri
2757 3143 3107 3197 cxsiccantur
3128 3160 3251 3198 ossa
3269 3144 3332 3197 '9.
3365 3165 3380 3193 ο

115 3231 285 3303 λύπην
319 3235 461 3305 ἔχει.
502 3239 612 3290 Καὶ
645 3238 880 3302 ἐπάγει·
916 3259 932 3290 ι
974 3238 1160 3303 (Juno;
1190 3241 1279 3293 καὶ
1299 3240 1455 3310 ὑμεῖς
1486 3240 1584 3308 μὲν
1610 3239 1699 3291 λύ-

1810 3234 2011 3289 Paulus
2054 3233 2185 3287 item
2218 3250 2230 3285 :
2263 3251 2280 3279 ι
2313 3232 2433 3286 Non
2464 3232 2613 3287 enim
2659 3249 2754 3285 vos
2804 3234 3058 3288 volumus
3106 3234 3383 3304 ignorare,

116 3340 222 3395 πην
263 3326 443 3394 ἕξετε,
489 3330 653 3384 πάλιν
702 3331 760 3384 δὲ
798 3331 1002 3403 ὂψομαι
1047 3333 1213 3402 ὑμᾶς,
1262 3332 1353 3385 καὶ
1401 3332 1700 3402 χαρήσεται

113 3414 266 3485 ὑμῶν
300 3420 335 3489 ἡ
374 3420 591 3488 καρδία,
626 3423 724 3475 καὶ
763 3423 862 3492 τὴν
912 3423 1088 3493 χαρὰν
1136 3423 1289 3494 ὑμῶν
1326 3423 1502 3485 οὐδεὶς
1556 3422 1699 3493 αἴρει

113 3508 203 3577 ἅτθ’
232 3511 415 3580 ὑμῶν.
449 3532 467 3564 ι
493 3514 652 3583 Λύτῷ
685 3517 718 3585 ἡ
767 3514 894 3579 δόξα
945 3516 1023 3585 τῷ
1068 3519 1195 3579 τοὺς
1229 3518 1286 3568 ἐν
1325 3514 1504 3583 θλίψει
1540 3532 1705 3584 χαρο-

114 3602 359 3658 ποιοῢντι
395 3607 477 3669 εἰς
508 3606 635 3669 τοὺς
660 3606 887 3670 αἰῶνας.
927 3609 1121 3678 ’Λμὴν,

113 3696 247 3752 Cum
297 3698 468 3755 beato
500 3701 668 3771 igitur
699 3703 868 3757 David
941 3704 1235 3759 dicendum
1286 3705 1483 3759 nobis:

1810 3329 2027 3393 fratres,
2056 3327 2123 3382 de
2157 3328 2513 3381 tribulatione
2559 3339 2743 3382 nostra
2774 3344 2896 3398 qua:
2927 3328 3065 3383 facta
3098 3338 3184 3384 est
3227 3330 3388 3385 nobis

1810 3419 1865 3471 in
1902 3418 2059 3482 Asia,
2102 3418 2228 3487 quia
2268 3434 2434 3487 supra
2474 3418 2697 3472 modqu
2738 3420 2945 3487 gravati
2981 3436 3172 3475 sumus
3221 3436 3387 3491 supra

1816 3509 2102 3575 virtutem,
2140 3510 2215 3562 ita
2242 3519 2300 3562 ut
2326 3510 2551 3564 taaderet
2574 3527 2675 3565 nos
2708 3512 2875 3564 etiam
2895 3511 3276 3575 viverc",sed
3293 3513 3390 3582 qui

1812 3605 2137 3658 consolatur
2178 3603 2436 3667 humiles,
2488 3605 2806 3659 consolatus
2833 3614 2921 3658 est
2965 3620 3066 3660 nos
3099 3605 3244 3660 Deus
3271 3606 3335 3658 δ’.
3366 3624 3381 3655 ι

1561 3724 1579 3754 ι
1616 3703 1875 3757 Miserere
1911 3702 2039 3765 mei,
2086 3702 2336 3766 Domine,
2380 3702 2639 3771 quoniam
2709 3702 2967 3765 tribulor,
3028 3702 3394 3756 conturbatus

113 3803 194 3848 est
227 3797 282 3849 in
311 3796 394 3850 ira
429 3798 625 3852 oculus
666 3813 823 3853 meus
846 3800 913 3863 δ’,
945 3799 1208 3869 quoniam
1241 3800 1474 3852 alllictus
1507 3814 1628 3852 sum
1688 3806 1744 3849 et
1781 3797 2105 3849 humiliatus
2142 3811 2262 3849 sum
2336 3795 2519 3860 nimis,
2563 3796 2844 3867 rugiebam
2892 3814 2921 3850 a
2966 3798 3173 3865 gemitu
3210 3798 3395 3853 cordis

116 3890 217 3945 mei
255 3892 324 3944 ³³.
375 3910 395 3943 ι
443 3894 512 3948 Et
558 3911 570 3947 :
620 3912 638 3945 ι
700 3892 1079 3949 Contristatus
1138 3910 1258 3947 sum
1317 3894 1371 3946 in
1430 3893 1826 3948 exercitatione
1872 3906 2025 3954 mea,
2075 3900 2129 3943 et
2167 3891 2530 3946 conturbatus
2598 3907 2720 3946 sum
2791 3909 2821 3947 a
2866 3909 2999 3947 voce
3067 3894 3279 3950 inimici
3337 3904 3395 3948 et

113 4004 141 4041 a
181 3988 552 4045 tribulatione
597 3991 908 4059 peccatoris
990 3993 1054 4043 ⁸⁵.
1095 4010 1112 4043 ι
1180 3990 1286 4047 Sed
1331 4008 1346 4045 :
1384 4011 1401 4042 ι
1439 3992 1661 4045 Salvum
1699 4005 1784 4044 mc
1823 3990 1936 4053 fac,
1991 3989 2170 4052 Deus,
2211 3988 2470 4055 quoniam
2524 3988 2872 4043 intraverunt
2917 4005 3073 4058 aqua:
3112 4004 3285 4060 usque
3323 3992 3391 4045 ad

112 4083 355 4139 animam
395 4101 602 4140 meam.
647 4086 854 4141 lntixus
902 4103 1023 4142 sum
1079 4088 1133 4141 in
1176 4087 1307 4141 limo
1340 4086 1623 4156 profundi,
1658 4096 1715 4140 ct
1756 4102 1862 4139 non
1918 4094 2004 4138 est
2042 4082 2349 4137 substantia
2379 4084 2440 4136 ⁸⁵.
2482 4103 2498 4133 ι
2568 4084 2635 4138 l-Zt
2673 4103 2684 4135 :
2722 4103 2738 4132 c
2786 4082 2863 4137 Ne
2935 4095 3151 4138 avertas
3197 4083 3393 4138 faciem

113 4183 261 4229 tuam
322 4193 354 4231 a
412 4194 589 4247 puero
638 4188 754 4244 tuo,
812 4179 1075 4249 quoniam
1137 4181 1391 4241 tribulor,
1446 4180 1709 4233 velociter
1745 4177 1944 4229 exaudi
1978 4191 2065 4229 me
2130 4177 2191 4228 "6.
2234 4175 2314 4228 Tu
2344 4177 2489 4228 enim
2552 4176 2822 4243 refugium
2861 4192 3041 4231 meum
3062 4192 3121 4230 es
3160 4193 3191 4230 a
3220 4178 3395 4231 tribu.

113 4271 323 4327 latione
357 4290 484 4342 qua:
524 4274 894 4330 circumdedit
919 4291 1007 4330 me
1043 4276 1109 4329 ⁵⁷.
1139 4276 1384 4329 lntrocat
1425 4275 1478 4327 in
1548 4282 1847 4343 conspectu
1893 4281 1987 4324 tuo
2018 4270 2198 4326 oratio
2238 4286 2389 4335 mea,
2444 4272 2643 4331 inclina
2715 4288 2903 4325 aurem
2965 4281 3111 4326 tuam
3158 4272 3225 4327 ad
3265 4291 3393 4344 pre-

110 4382 227 4421 cem
277 4383 465 4423 meam
531 4371 595 4422 ”.
661 4390 679 4421 ι
731 4370 779 4423 Is
850 4369 1088 4424 tristitiae
1134 4370 1266 4439 jugo
1313 4376 1603 4437 exemptus
1656 4381 1780 4419 cum
1817 4374 1994 4428 esset,
2040 4364 2209 4418 multa
2257 4380 2382 4418 cum
2428 4363 2714 4417 alacritate
2759 4363 2976 4420 dicebat
3021 4383 3033 4417 :
3077 4385 3094 4415 ε
3130 4368 3394 4423 Dominus

111 4458 177 4513 de
230 4457 385 4512 caalo
440 4457 498 4510 in
549 4466 754 4511 terram
798 4458 1034 4526 aspexit,
1084 4466 1147 4511 ut
1198 4456 1418 4511 audiret
1472 4456 1709 4526 gemitus
1745 4454 2207 4524 compeditormn,
2243 4464 2303 4508 ut
2357 4454 2595 4509 solveret
2664 4453 2804 4509 ﬁlios
2826 4455 3113 4511 hominum
3140 4460 3203 4513 δ’.
3235 4460 3388 4515 iEt:

116 4571 133 4601 ς
166 4549 317 4617 Quid
370 4549 675 4603 retribuam
747 4548 981 4603 Domino
1045 4563 1146 4617 pro
1189 4547 1449 4601 omnibus
1514 4562 1634 4615 qua:
1680 4546 1942 4600 retribuit
1992 4543 2126 4599 mihi
2178 4544 2260 4597 "?
2304 4563 2320 4595 ι
2363 4545 2492 4612 quia
2546 4564 2563 4596 ι
2611 4545 2679 4600 de
2733 4546 3090 4603 tribulatione
3143 4550 3388 4606 invocavi

109 4656 261 4706 eum,
290 4653 353 4695 et
378 4639 667 4694 exaudivit
695 4653 783 4693 me
818 4638 871 4693 in
908 4637 1198 4692 latitudine
1223 4639 1290 4687 ⁵¹.
1325 4656 1342 4687 ι
1373 4634 1481 4689 Sed
1508 4643 1563 4689 et
1592 4634 1859 4690 Dominus
1918 4636 2204 4705 discipulis
2235 4636 2351 4691 suis
2394 4637 2613 4691 diccbat
2648 4656 2660 4690 :
2730 4656 2749 4687 ι
2785 4639 2958 4692 Amen
3023 4639 3151 4693 dico
3213 4642 3387 4706 vobis,

108 4736 235 4804 quia
290 4732 591 4804 plorabitis
648 4742 706 4787 et
758 4732 1020 4803 lugebitis
1055 4747 1187 4793 vos,
1240 4730 1479 4785 mundus
1561 4740 1746 4783 autem
1814 4730 2077 4800 gaudebit
2124 4730 2189 4783 ⁵².
2250 4752 2268 4781 ι
2321 4730 2464 4796 Quin
2519 4740 2575 4784 et
2624 4730 2937 4799 parabolice
2996 4731 3064 4785 de
3122 4749 3389 4803 puerpera

109 4825 258 4895 quod
312 4825 602 4880 tristitiam
655 4824 877 4887 habeat,
912 4824 1126 4895 1069
1158 4823 1411 4877 inducit:
1459 4841 1476 4872 ‹
1526 4821 1616 4875 Sic
1648 4833 1706 4876 et
1746 4840 1846 4877 vos
1875 4839 2022 4877 nunc
2053 4824 2278 4893 quidem
2356 4822 2633 4877 tristitiam
2678 4822 2981 4888 habebitis;
3024 4823 3225 4878 iterum
3289 4841 3387 4878 au-

112 4930 220 4977 tem
256 4921 473 4977 videbo
511 4937 632 4987 vos,
672 4930 727 4976 et
764 4919 1028 4990 gaudebit
1057 4936 1154 4972 eor
1185 4929 1452 4980 vestrum,
1491 4926 1543 4970 et
1575 4918 1835 4984 gaudium
1871 4930 2115 4972 vestrum
2182 4935 2347 4973 nemo
2414 4919 2566 4971 tollet
2636 4934 2664 4971 a
2730 4917 2883 4972 vobis
2912 4918 2973 4971 ⁸³.
3022 4937 3040 4969 ι
3073 4916 3174 4987 lpsi
3214 4918 3387 4987 gloria

108 5018 165 5074 in
193 5018 429 5075 saecula.
454 5019 649 5072 Amen.

699 5154 919 5206 ΛυΓΟΣ
970 5154 1112 5217 κεῖν.
1736 5132 1779 5187 D

681 5266 823 5333 Περὶ
856 5264 1129 5330 dammae.

2341 5149 2624 5205 IIOMIHA
2661 5150 2845 5204 XXVI.

2433 5260 2503 5310 De
2532 5261 2745 5314 Acedia.

1884 5371 1981 5423 llic
2012 5370 2318 5423 etiamnum
2345 5370 2557 5423 daamon
2587 5370 2775 5423 acedia
2803 5370 3381 5439 plancintolerandus,

1814 5462 2176 5533 eoriperarius
2208 5478 2332 5517 cum
2360 5462 2432 5515 sit
2472 5471 2527 5515 et
2556 5462 2734 5515 nihilo
2783 5464 2972 5533 dispar
3011 5463 3232 5533 spiritui
3288 5465 3383 5518 tri.

176 5379 374 5442 Δεινὺς
400 5378 496 5431 καὶ
524 5369 679 5438 οὗτος
701 5376 730 5427 ὁ
764 5375 863 5444 τῆς
897 5375 1127 5444 ἀκηὸίας
1158 5374 1390 5444 δαίμων,
1424 5375 1516 5428 καὶ
1546 5366 1699 5437 οὗτος

109 5469 383 5543 smne;
426 5470 521 5523 iui.
561 5468 793 5535 σύζυγος
831 5467 1066 5536 ὑπάρχει
1112 5466 1206 5518 τοῦ
1248 5466 1560 5535 πνεύματος
1600 5465 1702 5533 τῆς

3166 5620 3209 5651 ⁸¹
3243 5621 3384 5674 Psal.

2909 5691 2951 5719 ⁸⁷
2979 5691 3118 5744 l’sal.
3154 5706 3297 5754 xxxi,
3336 5694 3387 5743 7.

2886 5762 2929 5790 ³³
2960 5760 3118 5824 Joan,
3155 5777 3261 5823 va,
3298 5761 3386 5815 ΞΟ.

178 5626 222 5658 ³⁷
252 5625 300 5682 ll
336 5623 470 5680 Cor.
499 5639 594 5686 vn,
628 5622 714 5675 10.
829 5622 875 5653 "‘
902 5622 1063 5676 Prov.
1109 5637 1161 5683 κ,
1196 5620 1250 5674 6.
1362 5622 1405 5653 ³⁵
1438 5621 1598 5674 Prov.
1638 5634 1765 5679 xvn,
1805 5620 1892 5672 ‘29..
2007 5618 2050 5645 ‘°
2084 5617 2121 5670 ll
2158 5618 2286 5672 Cor.
2324 5636 2361 5681 ι,
2402 5619 2454 5669 8.
2567 5618 2606 5646 δ’
2650 5618 2687 5671 ll
2718 5618 2843 5672 Cor.
2888 5636 2975 5681 vn,
3009 5621 3061 5673 ϐ.

109 5714 237 5759 xxx,
266 5696 361 5751 10.
443 5694 487 5724 "
528 5694 670 5747 Psal.
700 5708 901 5751 xxxvn.
935 5691 989 5743 5.
1099 5691 1144 5721 ⁸⁸
1177 5690 1317 5745 l’sal.
1352 5707 1456 5753 Liv,
1488 5691 1541 5756 3,
1575 5692 1627 5743 4.
1744 5692 1787 5720 δ’
1824 5690 1961 5742 l’sal.
1999 5703 2180 5759 tvvtu,
2214 5689 2266 5742 Ξ.
2298 5689 2351 5741 '5.
2464 5687 2511 5719 δ⁶
2539 5688 2673 5742 ibid.
2712 5691 2795 5744 18.

111 5770 153 5800 ⁵⁸
182 5758 332 5821 PSal.
399 5779 631 5828 ιςςκνιι,
865 5764 908 5793 δ’
938 5761 1076 5815 Psal,
1131 5777 1200 5822 α,
1254 5761 1343 5821 εί),
1394 5762 1480 5814 ει,
1596 5763 1639 5790 πο
1670 5760 1699 5813 1:

1804 5806 1811 5813 .
1873 5775 1993 5819 cxv,
2046 5758 2129 5810 1‘2.
2245 5761 2285 5788 "
2320 5760 2459 5822 l’sal,
2527 5776 2685 5812 «χι-ιι.
2730 5761 2776 5812 5.

108 5840 152 5870 ⁸³
181 5836 323 5891 ibid.
368 5835 461 5889 22.

444 5929 714 5989 ΡΔτιιοι.
749 5926 866 5988 Gn.
900 5924 1234 5985 LXXXIX.

2976 5923 3048 5983 ιδ
