  <div class='ocr_page' id='page_1' title='image "/cluster/home/n/w/nwhite01/storage/ocr_20150623/89/nnc1.0046980172/783.png"; bbox 0 0 4178 6436; ppageno 0'>
   <div class='ocr_carea' id='block_1_1' title="bbox 794 361 927 427">
    <p class='ocr_par' dir='ltr' id='par_1_1' title="bbox 794 361 927 427">
     <span class='ocr_line' id='line_1_1' title="bbox 794 361 927 427; baseline -0.015 -1"><span class='ocrx_word' id='word_1_1' title='bbox 794 361 927 427; x_wconf 82' lang='grc'><strong>1515</strong></span> 
     </span>
    </p>
   </div>
   <div class='ocr_carea' id='block_1_2' title="bbox 2056 363 2797 424">
    <p class='ocr_par' dir='ltr' id='par_1_2' title="bbox 2056 363 2797 424">
     <span class='ocr_line' id='line_1_2' title="bbox 2056 363 2797 424; baseline 0.007 -5"><span class='ocrx_word' id='word_1_2' title='bbox 2056 363 2415 422; x_wconf 75' lang='lat' dir='ltr'><strong>ANTIOCHI</strong></span> <span class='ocrx_word' id='word_1_3' title='bbox 2457 364 2797 424; x_wconf 75' lang='lat' dir='ltr'><strong>MONACIII</strong></span> 
     </span>
    </p>
   </div>
   <div class='ocr_carea' id='block_1_3' title="bbox 3891 364 4044 429">
    <p class='ocr_par' dir='ltr' id='par_1_3' title="bbox 3891 364 4044 429">
     <span class='ocr_line' id='line_1_3' title="bbox 3891 364 4044 429; baseline -0.026 0"><span class='ocrx_word' id='word_1_4' title='bbox 3891 364 4044 429; x_wconf 76' lang='lat'><strong>1516</strong></span> 
     </span>
    </p>
   </div>
   <div class='ocr_carea' id='block_1_4' title="bbox 789 470 2361 549">
    <p class='ocr_par' dir='ltr' id='par_1_4' title="bbox 789 470 2348 544">
     <span class='ocr_line' id='line_1_4' title="bbox 789 470 2348 544; baseline -0.001 -14"><span class='ocrx_word' id='word_1_5' title='bbox 789 478 951 533; x_wconf 65' lang='lat' dir='ltr'><strong>stitia</strong></span> <span class='ocrx_word' id='word_1_6' title='bbox 982 493 994 529; x_wconf 91' lang='lat'><strong>:</strong></span> <span class='ocrx_word' id='word_1_7' title='bbox 1028 484 1112 530; x_wconf 86' lang='lat' dir='ltr'><strong>est</strong></span> <span class='ocrx_word' id='word_1_8' title='bbox 1138 473 1341 544; x_wconf 80' lang='lat' dir='ltr'><strong>alioqui</strong></span> <span class='ocrx_word' id='word_1_9' title='bbox 1378 488 1441 526; x_wconf 84' lang='lat' dir='ltr'><strong>ea</strong></span> <span class='ocrx_word' id='word_1_10' title='bbox 1466 485 1562 523; x_wconf 86' lang='lat' dir='ltr'><strong>sua</strong></span> <span class='ocrx_word' id='word_1_11' title='bbox 1596 470 1863 537; x_wconf 79' lang='lat' dir='ltr'><strong>gravitate</strong></span> <span class='ocrx_word' id='word_1_12' title='bbox 1910 476 2197 529; x_wconf 77' lang='lat' dir='ltr'><strong>molestior</strong></span> <span class='ocrx_word' id='word_1_13' title='bbox 2224 517 2238 538; x_wconf 84' lang='lat'><strong>,</strong></span> <span class='ocrx_word' id='word_1_14' title='bbox 2290 482 2348 529; x_wconf 87' lang='lat' dir='ltr'><strong>ut</strong></span> 
     </span>
    </p>
   </div>
   <div class='ocr_carea' id='block_1_5' title="bbox 2459 470 4043 549">
    <p class='ocr_par' dir='ltr' id='par_1_5' title="bbox 2459 476 4043 549">
     <span class='ocr_line' id='line_1_5' title="bbox 2459 476 4043 549; baseline 0.001 -23"><span class='ocrx_word' id='word_1_15' title='bbox 2459 476 2652 546; x_wconf 78' lang='grc' dir='ltr'>λύπης,</span> <span class='ocrx_word' id='word_1_16' title='bbox 2688 476 2784 529; x_wconf 81' lang='grc' dir='ltr'>καὶ</span> <span class='ocrx_word' id='word_1_17' title='bbox 2812 477 3017 545; x_wconf 69' lang='grc' dir='ltr'>σφόδρα</span> <span class='ocrx_word' id='word_1_18' title='bbox 3048 477 3346 547; x_wconf 73' lang='grc' dir='ltr'><strong>βαρύτατος</strong></span> <span class='ocrx_word' id='word_1_19' title='bbox 3373 478 3520 540; x_wconf 77' lang='grc' dir='ltr'>ὅστις</span> <span class='ocrx_word' id='word_1_20' title='bbox 3543 478 3831 549; x_wconf 75' lang='grc' dir='ltr'>περἰὦραν</span> <span class='ocrx_word' id='word_1_21' title='bbox 3859 479 4043 547; x_wconf 73' lang='grc' dir='ltr'>ἐκτην</span> 
     </span>
    </p>
   </div>
   <div class='ocr_carea' id='block_1_6' title="bbox 790 563 2352 626">
    <p class='ocr_par' dir='ltr' id='par_1_6' title="bbox 790 563 2352 626">
     <span class='ocr_line' id='line_1_6' title="bbox 790 563 2352 626; baseline -0.002 -4"><span class='ocrx_word' id='word_1_22' title='bbox 790 569 1085 623; x_wconf 87' lang='lat' dir='ltr'><strong>cumcirca</strong></span> <span class='ocrx_word' id='word_1_23' title='bbox 1118 568 1307 621; x_wconf 84' lang='lat' dir='ltr'><strong>horam</strong></span> <span class='ocrx_word' id='word_1_24' title='bbox 1355 571 1585 626; x_wconf 80' lang='lat' dir='ltr'><strong>sextam,</strong></span> <span class='ocrx_word' id='word_1_25' title='bbox 1635 563 1785 616; x_wconf 87' lang='lat' dir='ltr'><strong>velut</strong></span> <span class='ocrx_word' id='word_1_26' title='bbox 1815 580 1880 618; x_wconf 77' lang='lat' dir='ltr'><strong>ex</strong></span> <span class='ocrx_word' id='word_1_27' title='bbox 1915 566 2134 620; x_wconf 81' lang='lat' dir='ltr'><strong>insidiis</strong></span> <span class='ocrx_word' id='word_1_28' title='bbox 2176 568 2352 622; x_wconf 83' lang='lat' dir='ltr'><strong>assilit</strong></span> 
     </span>
    </p>
   </div>
   <div class='ocr_carea' id='block_1_7' title="bbox 791 657 2349 727">
    <p class='ocr_par' dir='ltr' id='par_1_7' title="bbox 791 657 2349 727">
     <span class='ocr_line' id='line_1_7' title="bbox 791 657 2349 727; baseline -0.001 -13"><span class='ocrx_word' id='word_1_29' title='bbox 791 660 1081 725; x_wconf 80' lang='lat' dir='ltr'><strong>monacho,</strong></span> <span class='ocrx_word' id='word_1_30' title='bbox 1115 660 1391 714; x_wconf 71' lang='lat' dir='ltr'><strong>uediosam</strong></span> <span class='ocrx_word' id='word_1_31' title='bbox 1426 672 1489 710; x_wconf 86' lang='lat' dir='ltr'><strong>ac</strong></span> <span class='ocrx_word' id='word_1_32' title='bbox 1529 657 1935 725; x_wconf 89' lang='lat' dir='ltr'><strong>formidabilem</strong></span> <span class='ocrx_word' id='word_1_33' title='bbox 1988 660 2236 727; x_wconf 86' lang='lat' dir='ltr'><strong>agoniam</strong></span> <span class='ocrx_word' id='word_1_34' title='bbox 2272 660 2349 713; x_wconf 88' lang='lat' dir='ltr'><strong>illi</strong></span> 
     </span>
    </p>
   </div>
   <div class='ocr_carea' id='block_1_8' title="bbox 790 749 2351 818">
    <p class='ocr_par' dir='ltr' id='par_1_8' title="bbox 790 749 2351 818">
     <span class='ocr_line' id='line_1_8' title="bbox 790 749 2351 818; baseline 0.001 -16"><span class='ocrx_word' id='word_1_35' title='bbox 790 752 1088 815; x_wconf 87' lang='lat' dir='ltr'><strong>incutiens,</strong></span> <span class='ocrx_word' id='word_1_36' title='bbox 1125 765 1299 818; x_wconf 90' lang='lat' dir='ltr'><strong>usque</strong></span> <span class='ocrx_word' id='word_1_37' title='bbox 1325 749 1463 803; x_wconf 87' lang='lat' dir='ltr'><strong>adeo</strong></span> <span class='ocrx_word' id='word_1_38' title='bbox 1506 759 1563 802; x_wconf 91' lang='lat' dir='ltr'><strong>ut</strong></span> <span class='ocrx_word' id='word_1_39' title='bbox 1593 751 1675 803; x_wconf 87' lang='lat' dir='ltr'><strong>vel</strong></span> <span class='ocrx_word' id='word_1_40' title='bbox 1714 751 1892 803; x_wconf 88' lang='lat' dir='ltr'><strong>locum</strong></span> <span class='ocrx_word' id='word_1_41' title='bbox 1929 750 2130 815; x_wconf 89' lang='lat' dir='ltr'><strong>oderit,</strong></span> <span class='ocrx_word' id='word_1_42' title='bbox 2166 752 2351 805; x_wconf 89' lang='lat' dir='ltr'><strong>verius</strong></span> 
     </span>
    </p>
   </div>
   <div class='ocr_carea' id='block_1_9' title="bbox 790 841 2351 910">
    <p class='ocr_par' dir='ltr' id='par_1_9' title="bbox 790 841 2351 910">
     <span class='ocr_line' id='line_1_9' title="bbox 790 841 2351 910; baseline 0.001 -16"><span class='ocrx_word' id='word_1_43' title='bbox 790 851 973 896; x_wconf 88' lang='lat' dir='ltr'><strong>autem</strong></span> <span class='ocrx_word' id='word_1_44' title='bbox 1028 842 1231 895; x_wconf 91' lang='lat' dir='ltr'><strong>fratres</strong></span> <span class='ocrx_word' id='word_1_45' title='bbox 1272 841 1477 894; x_wconf 68' lang='lat' dir='ltr'><strong>invisus</strong></span> <span class='ocrx_word' id='word_1_46' title='bbox 1554 841 1753 895; x_wconf 85' lang='lat' dir='ltr'><strong>habeat</strong></span> <span class='ocrx_word' id='word_1_47' title='bbox 1829 843 2158 910; x_wconf 84' lang='lat' dir='ltr'><strong>quibuscum</strong></span> <span class='ocrx_word' id='word_1_48' title='bbox 2215 844 2351 896; x_wconf 83' lang='lat' dir='ltr'><strong>vivit</strong></span> 
     </span>
    </p>
   </div>
   <div class='ocr_carea' id='block_1_10' title="bbox 791 933 2352 1003">
    <p class='ocr_par' dir='ltr' id='par_1_10' title="bbox 791 933 2352 1003">
     <span class='ocr_line' id='line_1_10' title="bbox 791 933 2352 1003; baseline 0 -14"><span class='ocrx_word' id='word_1_49' title='bbox 791 935 1185 989; x_wconf 82' lang='lat' dir='ltr'><strong>communiter.</strong></span> <span class='ocrx_word' id='word_1_50' title='bbox 1220 933 1362 999; x_wconf 83' lang='lat' dir='ltr'><strong>Quid</strong></span> <span class='ocrx_word' id='word_1_51' title='bbox 1389 934 1410 984; x_wconf 87' lang='lat'><strong>?</strong></span> <span class='ocrx_word' id='word_1_52' title='bbox 1437 934 1502 986; x_wconf 90' lang='lat' dir='ltr'><strong>ad</strong></span> <span class='ocrx_word' id='word_1_53' title='bbox 1534 950 1673 1003; x_wconf 87' lang='lat' dir='ltr'><strong>opus</strong></span> <span class='ocrx_word' id='word_1_54' title='bbox 1701 935 2006 1001; x_wconf 76' lang='lat' dir='ltr'><strong>quodlibet,</strong></span> <span class='ocrx_word' id='word_1_55' title='bbox 2049 934 2115 987; x_wconf 91' lang='lat' dir='ltr'><strong>ad</strong></span> <span class='ocrx_word' id='word_1_56' title='bbox 2151 934 2352 989; x_wconf 77' lang='lat' dir='ltr'><strong>divina:</strong></span> 
     </span>
    </p>
   </div>
   <div class='ocr_carea' id='block_1_11' title="bbox 794 1026 2351 1095">
    <p class='ocr_par' dir='ltr' id='par_1_11' title="bbox 794 1026 2351 1095">
     <span class='ocr_line' id='line_1_11' title="bbox 794 1026 2351 1095; baseline -0.002 -13"><span class='ocrx_word' id='word_1_57' title='bbox 794 1026 1098 1095; x_wconf 75' lang='lat' dir='ltr'><strong>Scriptura:</strong></span> <span class='ocrx_word' id='word_1_58' title='bbox 1128 1026 1423 1080; x_wconf 87' lang='lat' dir='ltr'><strong>lectionem</strong></span> <span class='ocrx_word' id='word_1_59' title='bbox 1454 1066 1468 1089; x_wconf 93' lang='lat'><strong>,</strong></span> <span class='ocrx_word' id='word_1_60' title='bbox 1512 1026 1700 1079; x_wconf 87' lang='lat' dir='ltr'><strong>nescio</strong></span> <span class='ocrx_word' id='word_1_61' title='bbox 1723 1041 1885 1094; x_wconf 92' lang='lat' dir='ltr'><strong>quam</strong></span> <span class='ocrx_word' id='word_1_62' title='bbox 1927 1026 2002 1078; x_wconf 90' lang='lat' dir='ltr'><strong>illi</strong></span> <span class='ocrx_word' id='word_1_63' title='bbox 2035 1026 2234 1095; x_wconf 92' lang='lat' dir='ltr'><strong>ingerit</strong></span> <span class='ocrx_word' id='word_1_64' title='bbox 2267 1026 2351 1079; x_wconf 89' lang='lat' dir='ltr'><strong>in-</strong></span> 
     </span>
    </p>
   </div>
   <div class='ocr_carea' id='block_1_12' title="bbox 789 1117 2350 1180">
    <p class='ocr_par' dir='ltr' id='par_1_12' title="bbox 789 1117 2350 1180">
     <span class='ocr_line' id='line_1_12' title="bbox 789 1117 2350 1180; baseline -0.003 -7"><span class='ocrx_word' id='word_1_65' title='bbox 789 1134 1013 1174; x_wconf 79' lang='lat' dir='ltr'><strong>suavem</strong></span> <span class='ocrx_word' id='word_1_66' title='bbox 1042 1119 1347 1172; x_wconf 86' lang='lat' dir='ltr'><strong>cthiulcam</strong></span> <span class='ocrx_word' id='word_1_67' title='bbox 1370 1117 1777 1170; x_wconf 85' lang='lat' dir='ltr'><strong>oscitationem.</strong></span> <span class='ocrx_word' id='word_1_68' title='bbox 1816 1117 1909 1170; x_wconf 77' lang='lat' dir='ltr'><strong>llis</strong></span> <span class='ocrx_word' id='word_1_69' title='bbox 1933 1117 2350 1180; x_wconf 87' lang='lat' dir='ltr'><strong>adde,esuriem</strong></span> 
     </span>
    </p>
   </div>
   <div class='ocr_carea' id='block_1_13' title="bbox 787 1207 2350 1281">
    <p class='ocr_par' dir='ltr' id='par_1_13' title="bbox 787 1207 2350 1281">
     <span class='ocr_line' id='line_1_13' title="bbox 787 1207 2350 1281; baseline -0.003 -16"><span class='ocrx_word' id='word_1_70' title='bbox 787 1213 1053 1281; x_wconf 78' lang='lat' dir='ltr'><strong>suggerit,</strong></span> <span class='ocrx_word' id='word_1_71' title='bbox 1087 1220 1330 1277; x_wconf 90' lang='lat' dir='ltr'><strong>tempore</strong></span> <span class='ocrx_word' id='word_1_72' title='bbox 1354 1210 1653 1278; x_wconf 78' lang='lat' dir='ltr'><strong>prolixiore</strong></span> <span class='ocrx_word' id='word_1_73' title='bbox 1677 1208 2082 1262; x_wconf 81' lang='lat' dir='ltr'><strong>sustinendam.</strong></span> <span class='ocrx_word' id='word_1_74' title='bbox 2116 1207 2197 1261; x_wconf 86' lang='lat' dir='ltr'><strong>Ad</strong></span> <span class='ocrx_word' id='word_1_75' title='bbox 2224 1224 2350 1262; x_wconf 89' lang='lat' dir='ltr'><strong>eum</strong></span> 
     </span>
    </p>
   </div>
   <div class='ocr_carea' id='block_1_14' title="bbox 788 1301 2351 1370">
    <p class='ocr_par' dir='ltr' id='par_1_14' title="bbox 788 1301 2351 1370">
     <span class='ocr_line' id='line_1_14' title="bbox 788 1301 2351 1370; baseline -0.004 -13"><span class='ocrx_word' id='word_1_76' title='bbox 788 1303 1012 1357; x_wconf 86' lang='lat' dir='ltr'><strong>modum</strong></span> <span class='ocrx_word' id='word_1_77' title='bbox 1044 1301 1281 1370; x_wconf 92' lang='lat' dir='ltr'><strong>supinus</strong></span> <span class='ocrx_word' id='word_1_78' title='bbox 1317 1301 1409 1354; x_wconf 92' lang='lat' dir='ltr'><strong>illc</strong></span> <span class='ocrx_word' id='word_1_79' title='bbox 1442 1317 1502 1353; x_wconf 91' lang='lat' dir='ltr'><strong>ac</strong></span> <span class='ocrx_word' id='word_1_80' title='bbox 1531 1315 1781 1362; x_wconf 79' lang='lat' dir='ltr'><strong>St&#39;CttI‘llS,</strong></span> <span class='ocrx_word' id='word_1_81' title='bbox 1824 1301 1951 1353; x_wconf 89' lang='lat' dir='ltr'><strong>boni</strong></span> <span class='ocrx_word' id='word_1_82' title='bbox 2006 1301 2194 1368; x_wconf 82' lang='lat' dir='ltr'><strong>operis</strong></span> <span class='ocrx_word' id='word_1_83' title='bbox 2233 1316 2351 1351; x_wconf 70' lang='grc' dir='ltr'>ςιιιι-</span> 
     </span>
    </p>
   </div>
   <div class='ocr_carea' id='block_1_15' title="bbox 789 1392 2354 1464">
    <p class='ocr_par' dir='ltr' id='par_1_15' title="bbox 789 1392 2354 1464">
     <span class='ocr_line' id='line_1_15' title="bbox 789 1392 2354 1464; baseline -0.004 -15"><span class='ocrx_word' id='word_1_84' title='bbox 789 1410 916 1464; x_wconf 91' lang='lat' dir='ltr'><strong>pum</strong></span> <span class='ocrx_word' id='word_1_85' title='bbox 954 1394 1179 1447; x_wconf 88' lang='lat' dir='ltr'><strong>unicum</strong></span> <span class='ocrx_word' id='word_1_86' title='bbox 1212 1401 1442 1461; x_wconf 84' lang='lat' dir='ltr'><strong>spectat,</strong></span> <span class='ocrx_word' id='word_1_87' title='bbox 1494 1407 1690 1460; x_wconf 89' lang='lat' dir='ltr'><strong>nempe</strong></span> <span class='ocrx_word' id='word_1_88' title='bbox 1721 1393 1909 1445; x_wconf 89' lang='lat' dir='ltr'><strong>horam</strong></span> <span class='ocrx_word' id='word_1_89' title='bbox 1942 1392 2221 1444; x_wconf 72' lang='lat' dir='ltr'><strong>su..tenda:</strong></span> <span class='ocrx_word' id='word_1_90' title='bbox 2254 1392 2354 1444; x_wconf 87' lang='lat' dir='ltr'><strong>ali-</strong></span> 
     </span>
    </p>
   </div>
   <div class='ocr_carea' id='block_1_16' title="bbox 790 1484 2353 1553">
    <p class='ocr_par' dir='ltr' id='par_1_16' title="bbox 790 1484 2353 1553">
     <span class='ocr_line' id='line_1_16' title="bbox 790 1484 2353 1553; baseline -0.003 -13"><span class='ocrx_word' id='word_1_91' title='bbox 790 1486 1243 1539; x_wconf 62' lang='lat' dir='ltr'><strong>moniaanterim</strong></span> <span class='ocrx_word' id='word_1_92' title='bbox 1283 1493 1461 1536; x_wconf 87' lang='lat' dir='ltr'><strong>tamen</strong></span> <span class='ocrx_word' id='word_1_93' title='bbox 1494 1493 1713 1553; x_wconf 85' lang='lat' dir='ltr'><strong>sumpto</strong></span> <span class='ocrx_word' id='word_1_94' title='bbox 1755 1484 1807 1536; x_wconf 94' lang='lat' dir='ltr'><strong>in</strong></span> <span class='ocrx_word' id='word_1_95' title='bbox 1830 1500 2021 1535; x_wconf 85' lang='lat' dir='ltr'><strong>manus</strong></span> <span class='ocrx_word' id='word_1_96' title='bbox 2052 1484 2196 1535; x_wconf 86' lang='lat' dir='ltr'><strong>libro</strong></span> <span class='ocrx_word' id='word_1_97' title='bbox 2223 1484 2353 1551; x_wconf 80' lang='lat' dir='ltr'><strong>legit</strong></span> 
     </span>
    </p>
   </div>
   <div class='ocr_carea' id='block_1_17' title="bbox 790 1575 2349 1643">
    <p class='ocr_par' dir='ltr' id='par_1_17' title="bbox 790 1575 2349 1643">
     <span class='ocr_line' id='line_1_17' title="bbox 790 1575 2349 1643; baseline -0.004 -11"><span class='ocrx_word' id='word_1_98' title='bbox 790 1577 1067 1639; x_wconf 89' lang='lat' dir='ltr'><strong>nonnihil,</strong></span> <span class='ocrx_word' id='word_1_99' title='bbox 1095 1590 1259 1643; x_wconf 91' lang='lat' dir='ltr'><strong>quem</strong></span> <span class='ocrx_word' id='word_1_100' title='bbox 1288 1584 1343 1628; x_wconf 90' lang='lat' dir='ltr'><strong>et</strong></span> <span class='ocrx_word' id='word_1_101' title='bbox 1369 1575 1566 1628; x_wconf 92' lang='lat' dir='ltr'><strong>ordine</strong></span> <span class='ocrx_word' id='word_1_102' title='bbox 1594 1591 1694 1628; x_wconf 89' lang='lat' dir='ltr'><strong>suo</strong></span> <span class='ocrx_word' id='word_1_103' title='bbox 1722 1576 1863 1628; x_wconf 86' lang='lat' dir='ltr'><strong>locat</strong></span> <span class='ocrx_word' id='word_1_104' title='bbox 1890 1594 1900 1626; x_wconf 86' lang='lat'>:</span> <span class='ocrx_word' id='word_1_105' title='bbox 1928 1575 2349 1628; x_wconf 71' lang='lat' dir='ltr'><strong>moxocnlorum</strong></span> 
     </span>
    </p>
   </div>
   <div class='ocr_carea' id='block_1_18' title="bbox 786 1666 2353 1735">
    <p class='ocr_par' dir='ltr' id='par_1_18' title="bbox 786 1666 2353 1735">
     <span class='ocr_line' id='line_1_18' title="bbox 786 1666 2353 1735; baseline -0.003 -13"><span class='ocrx_word' id='word_1_106' title='bbox 786 1669 961 1722; x_wconf 90' lang='lat' dir='ltr'><strong>aciem</strong></span> <span class='ocrx_word' id='word_1_107' title='bbox 998 1666 1287 1720; x_wconf 87' lang='lat' dir='ltr'><strong>intendere</strong></span> <span class='ocrx_word' id='word_1_108' title='bbox 1338 1667 1531 1734; x_wconf 80' lang='lat' dir='ltr'><strong>incipit</strong></span> <span class='ocrx_word' id='word_1_109' title='bbox 1562 1708 1574 1730; x_wconf 92' lang='lat'><strong>,</strong></span> <span class='ocrx_word' id='word_1_110' title='bbox 1627 1668 1792 1734; x_wconf 91' lang='lat' dir='ltr'><strong>inque</strong></span> <span class='ocrx_word' id='word_1_111' title='bbox 1833 1666 2099 1719; x_wconf 81' lang='lat' dir='ltr'><strong>fenestras</strong></span> <span class='ocrx_word' id='word_1_112' title='bbox 2130 1667 2353 1735; x_wconf 89' lang='lat' dir='ltr'><strong>propius</strong></span> 
     </span>
    </p>
   </div>
   <div class='ocr_carea' id='block_1_19' title="bbox 786 1758 2353 1830">
    <p class='ocr_par' dir='ltr' id='par_1_19' title="bbox 786 1758 2353 1830">
     <span class='ocr_line' id='line_1_19' title="bbox 786 1758 2353 1830; baseline -0.001 -17"><span class='ocrx_word' id='word_1_113' title='bbox 786 1759 994 1830; x_wconf 86' lang='lat' dir='ltr'><strong>defigit.</strong></span> <span class='ocrx_word' id='word_1_114' title='bbox 1013 1759 1284 1824; x_wconf 87' lang='lat' dir='ltr'><strong>Quiddam</strong></span> <span class='ocrx_word' id='word_1_115' title='bbox 1311 1775 1502 1811; x_wconf 82' lang='lat' dir='ltr'><strong>rursus</strong></span> <span class='ocrx_word' id='word_1_116' title='bbox 1518 1759 1649 1827; x_wconf 80' lang='lat' dir='ltr'><strong>legit</strong></span> <span class='ocrx_word' id='word_1_117' title='bbox 1667 1776 1680 1823; x_wconf 91' lang='lat'><strong>;</strong></span> <span class='ocrx_word' id='word_1_118' title='bbox 1700 1758 1899 1812; x_wconf 87' lang='lat' dir='ltr'><strong>deinde</strong></span> <span class='ocrx_word' id='word_1_119' title='bbox 1915 1774 2044 1810; x_wconf 77' lang='lat' dir='ltr'><strong>suos</strong></span> <span class='ocrx_word' id='word_1_120' title='bbox 2058 1759 2353 1811; x_wconf 90' lang='lat' dir='ltr'><strong>admetitur</strong></span> 
     </span>
    </p>
   </div>
   <div class='ocr_carea' id='block_1_20' title="bbox 786 1847 2352 1916">
    <p class='ocr_par' dir='ltr' id='par_1_20' title="bbox 786 1847 2352 1916">
     <span class='ocr_line' id='line_1_20' title="bbox 786 1847 2352 1916; baseline -0.004 -13"><span class='ocrx_word' id='word_1_121' title='bbox 786 1858 843 1903; x_wconf 92' lang='lat' dir='ltr'><strong>et</strong></span> <span class='ocrx_word' id='word_1_122' title='bbox 876 1858 1166 1903; x_wconf 85' lang='lat' dir='ltr'><strong>enumerat</strong></span> <span class='ocrx_word' id='word_1_123' title='bbox 1193 1847 1621 1915; x_wconf 87' lang='lat' dir='ltr'><strong>quaterniones;</strong></span> <span class='ocrx_word' id='word_1_124' title='bbox 1656 1847 1862 1916; x_wconf 87' lang='lat' dir='ltr'><strong>plicato</strong></span> <span class='ocrx_word' id='word_1_125' title='bbox 1913 1864 2038 1900; x_wconf 79' lang='lat' dir='ltr'><strong>mox</strong></span> <span class='ocrx_word' id='word_1_126' title='bbox 2073 1847 2216 1899; x_wconf 86' lang='lat' dir='ltr'><strong>libro</strong></span> <span class='ocrx_word' id='word_1_127' title='bbox 2253 1847 2352 1899; x_wconf 83' lang='lat' dir='ltr'><strong>ob-</strong></span> 
     </span>
    </p>
   </div>
   <div class='ocr_carea' id='block_1_21' title="bbox 787 1936 2356 2007">
    <p class='ocr_par' dir='ltr' id='par_1_21' title="bbox 787 1936 2356 2007">
     <span class='ocr_line' id='line_1_21' title="bbox 787 1936 2356 2007; baseline -0.001 -15"><span class='ocrx_word' id='word_1_128' title='bbox 787 1938 1106 2001; x_wconf 87' lang='lat' dir='ltr'><strong>dormiseit;</strong></span> <span class='ocrx_word' id='word_1_129' title='bbox 1130 1936 1307 1989; x_wconf 85' lang='lat' dir='ltr'><strong>somni</strong></span> <span class='ocrx_word' id='word_1_130' title='bbox 1339 1936 1686 2005; x_wconf 90' lang='lat' dir='ltr'><strong>aliquantum</strong></span> <span class='ocrx_word' id='word_1_131' title='bbox 1716 1939 1807 1991; x_wconf 93' lang='lat' dir='ltr'><strong>ubi</strong></span> <span class='ocrx_word' id='word_1_132' title='bbox 1833 1938 2131 2007; x_wconf 83' lang='lat' dir='ltr'><strong>decerpsit,</strong></span> <span class='ocrx_word' id='word_1_133' title='bbox 2166 1956 2356 1991; x_wconf 72' lang='lat' dir='ltr'><strong>rursus</strong></span> 
     </span>
    </p>
   </div>
   <div class='ocr_carea' id='block_1_22' title="bbox 787 2027 2359 2097">
    <p class='ocr_par' dir='ltr' id='par_1_22' title="bbox 787 2027 2359 2097">
     <span class='ocr_line' id='line_1_22' title="bbox 787 2027 2359 2097; baseline 0 -13"><span class='ocrx_word' id='word_1_134' title='bbox 787 2028 1026 2097; x_wconf 82' lang='lat' dir='ltr'><strong>assurgit</strong></span> <span class='ocrx_word' id='word_1_135' title='bbox 1054 2036 1442 2095; x_wconf 85' lang='lat' dir='ltr'><strong>experrectus.</strong></span> <span class='ocrx_word' id='word_1_136' title='bbox 1473 2027 1596 2081; x_wconf 70' lang='lat' dir='ltr'><strong>Iltee</strong></span> <span class='ocrx_word' id='word_1_137' title='bbox 1626 2037 1694 2081; x_wconf 87' lang='lat' dir='ltr'><strong>eo</strong></span> <span class='ocrx_word' id='word_1_138' title='bbox 1725 2028 1856 2081; x_wconf 84' lang='lat' dir='ltr'><strong>facit</strong></span> <span class='ocrx_word' id='word_1_139' title='bbox 1878 2030 2116 2084; x_wconf 89' lang='lat' dir='ltr'><strong>utboras</strong></span> <span class='ocrx_word' id='word_1_140' title='bbox 2145 2032 2359 2084; x_wconf 83' lang='lat' dir='ltr'><strong>deterat</strong></span> 
     </span>
    </p>
   </div>
   <div class='ocr_carea' id='block_1_23' title="bbox 786 2120 2359 2190">
    <p class='ocr_par' dir='ltr' id='par_1_23' title="bbox 786 2120 2359 2190">
     <span class='ocr_line' id='line_1_23' title="bbox 786 2120 2359 2190; baseline -0.001 -16"><span class='ocrx_word' id='word_1_141' title='bbox 786 2137 850 2175; x_wconf 91' lang='lat' dir='ltr'><strong>ac</strong></span> <span class='ocrx_word' id='word_1_142' title='bbox 892 2120 1157 2189; x_wconf 89' lang='lat' dir='ltr'><strong>temporis</strong></span> <span class='ocrx_word' id='word_1_143' title='bbox 1204 2121 1357 2174; x_wconf 78' lang='lat' dir='ltr'><strong>fallat</strong></span> <span class='ocrx_word' id='word_1_144' title='bbox 1410 2120 1886 2188; x_wconf 74' lang='lat' dir='ltr'><strong>prolixitudinem.</strong></span> <span class='ocrx_word' id='word_1_145' title='bbox 1942 2122 2108 2190; x_wconf 85' lang='lat' dir='ltr'><strong>Atqui</strong></span> <span class='ocrx_word' id='word_1_146' title='bbox 2169 2123 2359 2175; x_wconf 92' lang='lat' dir='ltr'><strong>audito</strong></span> 
     </span>
    </p>
   </div>
   <div class='ocr_carea' id='block_1_24' title="bbox 787 2211 2356 2281">
    <p class='ocr_par' dir='ltr' id='par_1_24' title="bbox 787 2211 2356 2281">
     <span class='ocr_line' id='line_1_24' title="bbox 787 2211 2356 2281; baseline 0 -16"><span class='ocrx_word' id='word_1_147' title='bbox 787 2212 1025 2281; x_wconf 89' lang='lat' dir='ltr'><strong>primum</strong></span> <span class='ocrx_word' id='word_1_148' title='bbox 1062 2212 1329 2280; x_wconf 85' lang='lat' dir='ltr'><strong>signifero</strong></span> <span class='ocrx_word' id='word_1_149' title='bbox 1362 2220 1417 2263; x_wconf 87' lang='lat' dir='ltr'><strong>et</strong></span> <span class='ocrx_word' id='word_1_150' title='bbox 1445 2211 1625 2263; x_wconf 91' lang='lat' dir='ltr'><strong>indice</strong></span> <span class='ocrx_word' id='word_1_151' title='bbox 1663 2212 1903 2279; x_wconf 89' lang='lat' dir='ltr'><strong>prandii,</strong></span> <span class='ocrx_word' id='word_1_152' title='bbox 1948 2230 2110 2281; x_wconf 91' lang='lat' dir='ltr'><strong>quam</strong></span> <span class='ocrx_word' id='word_1_153' title='bbox 2154 2214 2356 2275; x_wconf 82' lang='lat' dir='ltr'><strong>alacer,</strong></span> 
     </span>
    </p>
   </div>
   <div class='ocr_carea' id='block_1_25' title="bbox 786 2305 2360 2373">
    <p class='ocr_par' dir='ltr' id='par_1_25' title="bbox 786 2305 2360 2373">
     <span class='ocr_line' id='line_1_25' title="bbox 786 2305 2360 2373; baseline 0.001 -16"><span class='ocrx_word' id='word_1_154' title='bbox 786 2320 950 2372; x_wconf 88' lang='lat' dir='ltr'><strong>quam</strong></span> <span class='ocrx_word' id='word_1_155' title='bbox 977 2312 1341 2371; x_wconf 86' lang='lat' dir='ltr'><strong>cxpromptus</strong></span> <span class='ocrx_word' id='word_1_156' title='bbox 1374 2319 1441 2356; x_wconf 92' lang='lat' dir='ltr'><strong>eo</strong></span> <span class='ocrx_word' id='word_1_157' title='bbox 1478 2305 1728 2372; x_wconf 75' lang='lat' dir='ltr'><strong>provolat</strong></span> <span class='ocrx_word' id='word_1_158' title='bbox 1761 2307 1773 2356; x_wconf 94' lang='lat' dir='ltr'><strong>l</strong></span> <span class='ocrx_word' id='word_1_159' title='bbox 1815 2305 2099 2359; x_wconf 88' lang='lat' dir='ltr'><strong>Invenitur</strong></span> <span class='ocrx_word' id='word_1_160' title='bbox 2129 2306 2360 2373; x_wconf 91' lang='lat' dir='ltr'><strong>proinde</strong></span> 
     </span>
    </p>
   </div>
   <div class='ocr_carea' id='block_1_26' title="bbox 786 2396 2359 2466">
    <p class='ocr_par' dir='ltr' id='par_1_26' title="bbox 786 2396 2359 2466">
     <span class='ocr_line' id='line_1_26' title="bbox 786 2396 2359 2466; baseline -0.003 -14"><span class='ocrx_word' id='word_1_161' title='bbox 786 2407 843 2453; x_wconf 87' lang='lat' dir='ltr'><strong>et</strong></span> <span class='ocrx_word' id='word_1_162' title='bbox 874 2399 921 2451; x_wconf 91' lang='lat' dir='ltr'><strong>is</strong></span> <span class='ocrx_word' id='word_1_163' title='bbox 952 2396 1018 2450; x_wconf 91' lang='lat' dir='ltr'><strong>ad</strong></span> <span class='ocrx_word' id='word_1_164' title='bbox 1048 2396 1474 2449; x_wconf 89' lang='lat' dir='ltr'><strong>ministrandum</strong></span> <span class='ocrx_word' id='word_1_165' title='bbox 1503 2396 1647 2449; x_wconf 85' lang='lat' dir='ltr'><strong>haud</strong></span> <span class='ocrx_word' id='word_1_166' title='bbox 1681 2398 1886 2463; x_wconf 84' lang='lat' dir='ltr'><strong>segnis,</strong></span> <span class='ocrx_word' id='word_1_167' title='bbox 1917 2406 2072 2451; x_wconf 87' lang='lat' dir='ltr'><strong>certo</strong></span> <span class='ocrx_word' id='word_1_168' title='bbox 2102 2398 2204 2451; x_wconf 87' lang='lat' dir='ltr'><strong>sibi</strong></span> <span class='ocrx_word' id='word_1_169' title='bbox 2234 2414 2359 2466; x_wconf 87' lang='lat' dir='ltr'><strong>pro-</strong></span> 
     </span>
    </p>
   </div>
   <div class='ocr_carea' id='block_1_27' title="bbox 788 2485 2360 2556">
    <p class='ocr_par' dir='ltr' id='par_1_27' title="bbox 788 2485 2360 2556">
     <span class='ocr_line' id='line_1_27' title="bbox 788 2485 2360 2556; baseline -0.001 -14"><span class='ocrx_word' id='word_1_170' title='bbox 788 2489 1030 2549; x_wconf 86' lang='lat' dir='ltr'><strong>mittens,</strong></span> <span class='ocrx_word' id='word_1_171' title='bbox 1044 2485 1309 2556; x_wconf 85' lang='lat' dir='ltr'><strong>ejusmodi</strong></span> <span class='ocrx_word' id='word_1_172' title='bbox 1328 2486 1655 2540; x_wconf 91' lang='lat' dir='ltr'><strong>munusloco</strong></span> <span class='ocrx_word' id='word_1_173' title='bbox 1674 2486 1913 2539; x_wconf 89' lang='lat' dir='ltr'><strong>mandati</strong></span> <span class='ocrx_word' id='word_1_174' title='bbox 1931 2487 2255 2556; x_wconf 87' lang='lat' dir='ltr'><strong>imputatum</strong></span> <span class='ocrx_word' id='word_1_175' title='bbox 2273 2488 2360 2541; x_wconf 91' lang='lat' dir='ltr'><strong>iri.</strong></span> 
     </span>
    </p>
   </div>
   <div class='ocr_carea' id='block_1_28' title="bbox 787 2576 2358 2649">
    <p class='ocr_par' dir='ltr' id='par_1_28' title="bbox 787 2576 2358 2649">
     <span class='ocr_line' id='line_1_28' title="bbox 787 2576 2358 2649; baseline -0.001 -17"><span class='ocrx_word' id='word_1_176' title='bbox 787 2578 1033 2632; x_wconf 88' lang='lat' dir='ltr'><strong>Subinde</strong></span> <span class='ocrx_word' id='word_1_177' title='bbox 1052 2576 1142 2630; x_wconf 88' lang='lat' dir='ltr'><strong>tali</strong></span> <span class='ocrx_word' id='word_1_178' title='bbox 1162 2576 1405 2645; x_wconf 82' lang='lat' dir='ltr'><strong>suggerit</strong></span> <span class='ocrx_word' id='word_1_179' title='bbox 1419 2576 1629 2629; x_wconf 79' lang='lat' dir='ltr'><strong>daemon</strong></span> <span class='ocrx_word' id='word_1_180' title='bbox 1655 2576 1741 2630; x_wconf 87' lang='lat' dir='ltr'><strong>hic</strong></span> <span class='ocrx_word' id='word_1_181' title='bbox 1757 2577 1957 2631; x_wconf 82' lang='lat' dir='ltr'><strong>acedia:</strong></span> <span class='ocrx_word' id='word_1_182' title='bbox 1970 2578 2358 2649; x_wconf 79' lang='lat' dir='ltr'><strong>cogitationum</strong></span> 
     </span>
    </p>
   </div>
   <div class='ocr_carea' id='block_1_29' title="bbox 791 2667 2362 2738">
    <p class='ocr_par' dir='ltr' id='par_1_29' title="bbox 791 2667 2362 2738">
     <span class='ocr_line' id='line_1_29' title="bbox 791 2667 2362 2738; baseline 0.001 -17"><span class='ocrx_word' id='word_1_183' title='bbox 791 2667 1199 2737; x_wconf 88' lang='lat' dir='ltr'><strong>intemperiem:</strong></span> <span class='ocrx_word' id='word_1_184' title='bbox 1221 2682 1415 2734; x_wconf 85' lang='lat' dir='ltr'><strong>nempe</strong></span> <span class='ocrx_word' id='word_1_185' title='bbox 1440 2667 1548 2719; x_wconf 83' lang='lat' dir='ltr'><strong>alio</strong></span> <span class='ocrx_word' id='word_1_186' title='bbox 1568 2677 1627 2721; x_wconf 92' lang='lat' dir='ltr'><strong>ut</strong></span> <span class='ocrx_word' id='word_1_187' title='bbox 1650 2669 1904 2737; x_wconf 88' lang='lat' dir='ltr'><strong>emigret,</strong></span> <span class='ocrx_word' id='word_1_188' title='bbox 1928 2678 1984 2722; x_wconf 94' lang='lat' dir='ltr'><strong>et</strong></span> <span class='ocrx_word' id='word_1_189' title='bbox 2000 2670 2124 2737; x_wconf 91' lang='lat' dir='ltr'><strong>quia</strong></span> <span class='ocrx_word' id='word_1_190' title='bbox 2148 2678 2362 2738; x_wconf 90' lang='lat' dir='ltr'><strong>tempus</strong></span> 
     </span>
    </p>
   </div>
   <div class='ocr_carea' id='block_1_30' title="bbox 790 2756 2361 2828">
    <p class='ocr_par' dir='ltr' id='par_1_30' title="bbox 790 2756 2361 2828">
     <span class='ocr_line' id='line_1_30' title="bbox 790 2756 2361 2828; baseline 0.001 -18"><span class='ocrx_word' id='word_1_191' title='bbox 790 2772 952 2812; x_wconf 91' lang='lat' dir='ltr'><strong>omne</strong></span> <span class='ocrx_word' id='word_1_192' title='bbox 984 2766 1039 2811; x_wconf 94' lang='lat' dir='ltr'><strong>ct</strong></span> <span class='ocrx_word' id='word_1_193' title='bbox 1079 2757 1237 2809; x_wconf 88' lang='lat' dir='ltr'><strong>labor</strong></span> <span class='ocrx_word' id='word_1_194' title='bbox 1273 2756 1454 2809; x_wconf 86' lang='lat' dir='ltr'><strong>omnis</strong></span> <span class='ocrx_word' id='word_1_195' title='bbox 1484 2772 1656 2811; x_wconf 86' lang='lat' dir='ltr'><strong>vacua</strong></span> <span class='ocrx_word' id='word_1_196' title='bbox 1684 2758 1788 2811; x_wconf 86' lang='lat' dir='ltr'><strong>sibi</strong></span> <span class='ocrx_word' id='word_1_197' title='bbox 1816 2768 1980 2811; x_wconf 91' lang='lat' dir='ltr'><strong>erunt</strong></span> <span class='ocrx_word' id='word_1_198' title='bbox 2005 2759 2177 2828; x_wconf 82' lang='lat' dir='ltr'><strong>frugis</strong></span> <span class='ocrx_word' id='word_1_199' title='bbox 2205 2759 2361 2812; x_wconf 80' lang='lat' dir='ltr'><strong>honze</strong></span> 
     </span>
    </p>
   </div>
   <div class='ocr_carea' id='block_1_31' title="bbox 788 2846 2359 2909">
    <p class='ocr_par' dir='ltr' id='par_1_31' title="bbox 788 2846 2359 2909">
     <span class='ocr_line' id='line_1_31' title="bbox 788 2846 2359 2909; baseline 0 -8"><span class='ocrx_word' id='word_1_200' title='bbox 788 2857 845 2901; x_wconf 91' lang='lat' dir='ltr'><strong>et</strong></span> <span class='ocrx_word' id='word_1_201' title='bbox 880 2848 1086 2909; x_wconf 84' lang='lat' dir='ltr'><strong>inania,</strong></span> <span class='ocrx_word' id='word_1_202' title='bbox 1116 2848 1170 2898; x_wconf 88' lang='lat' dir='ltr'><strong>ni</strong></span> <span class='ocrx_word' id='word_1_203' title='bbox 1205 2862 1263 2899; x_wconf 87' lang='lat' dir='ltr'><strong>se</strong></span> <span class='ocrx_word' id='word_1_204' title='bbox 1287 2846 1357 2898; x_wconf 87' lang='lat' dir='ltr'><strong>ad</strong></span> <span class='ocrx_word' id='word_1_205' title='bbox 1397 2847 1503 2899; x_wconf 87' lang='lat' dir='ltr'><strong>alia</strong></span> <span class='ocrx_word' id='word_1_206' title='bbox 1565 2848 1821 2901; x_wconf 90' lang='lat' dir='ltr'><strong>conferat</strong></span> <span class='ocrx_word' id='word_1_207' title='bbox 1873 2849 2011 2902; x_wconf 83' lang='lat' dir='ltr'><strong>loca.</strong></span> <span class='ocrx_word' id='word_1_208' title='bbox 2058 2848 2359 2902; x_wconf 88' lang='lat' dir='ltr'><strong>Consilium</strong></span> 
     </span>
    </p>
   </div>
   <div class='ocr_carea' id='block_1_32' title="bbox 790 2938 2363 3011">
    <p class='ocr_par' dir='ltr' id='par_1_32' title="bbox 790 2938 2363 3011">
     <span class='ocr_line' id='line_1_32' title="bbox 790 2938 2363 3011; baseline 0.003 -19"><span class='ocrx_word' id='word_1_209' title='bbox 790 2954 981 2992; x_wconf 83' lang='lat' dir='ltr'><strong>rursus</strong></span> <span class='ocrx_word' id='word_1_210' title='bbox 996 2948 1161 2990; x_wconf 80' lang='lat' dir='ltr'><strong>&#39;tovat</strong></span> <span class='ocrx_word' id='word_1_211' title='bbox 1182 2938 1382 2989; x_wconf 82' lang='lat' dir='ltr'><strong>tniSero</strong></span> <span class='ocrx_word' id='word_1_212' title='bbox 1408 2939 1525 3000; x_wconf 83' lang='lat' dir='ltr'><strong>isti,</strong></span> <span class='ocrx_word' id='word_1_213' title='bbox 1551 2940 1679 3007; x_wconf 89' lang='lat' dir='ltr'><strong>quia</strong></span> <span class='ocrx_word' id='word_1_214' title='bbox 1707 2940 1981 2993; x_wconf 87' lang='lat' dir='ltr'><strong>alionullo</strong></span> <span class='ocrx_word' id='word_1_215' title='bbox 1997 2950 2155 3009; x_wconf 85' lang='lat' dir='ltr'><strong>pacto</strong></span> <span class='ocrx_word' id='word_1_216' title='bbox 2182 2951 2363 3011; x_wconf 79' lang='lat' dir='ltr'><strong>potest</strong></span> 
     </span>
    </p>
   </div>
   <div class='ocr_carea' id='block_1_33' title="bbox 790 3028 2358 3100">
    <p class='ocr_par' dir='ltr' id='par_1_33' title="bbox 790 3028 2358 3100">
     <span class='ocr_line' id='line_1_33' title="bbox 790 3028 2358 3100; baseline 0.001 -17"><span class='ocrx_word' id='word_1_217' title='bbox 790 3030 967 3083; x_wconf 85' lang='lat' dir='ltr'><strong>morbi</strong></span> <span class='ocrx_word' id='word_1_218' title='bbox 1007 3029 1085 3082; x_wconf 91' lang='lat' dir='ltr'><strong>sie</strong></span> <span class='ocrx_word' id='word_1_219' title='bbox 1118 3029 1413 3097; x_wconf 81' lang='lat' dir='ltr'><strong>perniciosi</strong></span> <span class='ocrx_word' id='word_1_220' title='bbox 1447 3028 1673 3098; x_wconf 80' lang='lat' dir='ltr'><strong>defungi</strong></span> <span class='ocrx_word' id='word_1_221' title='bbox 1707 3029 2054 3100; x_wconf 87' lang='lat' dir='ltr'><strong>intemperie,</strong></span> <span class='ocrx_word' id='word_1_222' title='bbox 2091 3032 2197 3086; x_wconf 88' lang='lat' dir='ltr'><strong>nisi</strong></span> <span class='ocrx_word' id='word_1_223' title='bbox 2225 3048 2358 3085; x_wconf 88' lang='lat' dir='ltr'><strong>con-</strong></span> 
     </span>
    </p>
   </div>
   <div class='ocr_carea' id='block_1_34' title="bbox 796 3123 2406 3214">
    <p class='ocr_par' dir='ltr' id='par_1_34' title="bbox 796 3123 2406 3214">
     <span class='ocr_line' id='line_1_34' title="bbox 796 3123 2406 3214; baseline 0 -38"><span class='ocrx_word' id='word_1_224' title='bbox 796 3123 1038 3176; x_wconf 89' lang='lat' dir='ltr'><strong>tinenter</strong></span> <span class='ocrx_word' id='word_1_225' title='bbox 1062 3130 1328 3189; x_wconf 84' lang='lat' dir='ltr'><strong>evagetur</strong></span> <span class='ocrx_word' id='word_1_226' title='bbox 1363 3129 1415 3173; x_wconf 90' lang='lat' dir='ltr'><strong>et</strong></span> <span class='ocrx_word' id='word_1_227' title='bbox 1455 3130 1749 3185; x_wconf 89' lang='lat' dir='ltr'><strong>eommcet,</strong></span> <span class='ocrx_word' id='word_1_228' title='bbox 1811 3138 1981 3191; x_wconf 90' lang='lat' dir='ltr'><strong>seque</strong></span> <span class='ocrx_word' id='word_1_229' title='bbox 2015 3124 2243 3192; x_wconf 85' lang='lat' dir='ltr'><strong>recipiat</strong></span> <span class='ocrx_word' id='word_1_230' title='bbox 2292 3125 2406 3214; x_wconf 36' lang='lat' dir='ltr'><strong>ad,</strong></span> 
     </span>
    </p>
   </div>
   <div class='ocr_carea' id='block_1_35' title="bbox 793 3210 2357 3281">
    <p class='ocr_par' dir='ltr' id='par_1_35' title="bbox 793 3210 2357 3281">
     <span class='ocr_line' id='line_1_35' title="bbox 793 3210 2357 3281; baseline 0 -16"><span class='ocrx_word' id='word_1_231' title='bbox 793 3213 1010 3276; x_wconf 89' lang='lat' dir='ltr'><strong>fratres,</strong></span> <span class='ocrx_word' id='word_1_232' title='bbox 1046 3214 1205 3281; x_wconf 89' lang='lat' dir='ltr'><strong>quasi</strong></span> <span class='ocrx_word' id='word_1_233' title='bbox 1251 3228 1381 3263; x_wconf 80' lang='lat' dir='ltr'><strong>vero</strong></span> <span class='ocrx_word' id='word_1_234' title='bbox 1420 3210 1510 3263; x_wconf 84' lang='lat' dir='ltr'><strong>fiat</strong></span> <span class='ocrx_word' id='word_1_235' title='bbox 1537 3212 1588 3263; x_wconf 92' lang='lat' dir='ltr'><strong>id</strong></span> <span class='ocrx_word' id='word_1_236' title='bbox 1631 3212 1702 3265; x_wconf 92' lang='lat' dir='ltr'><strong>ob</strong></span> <span class='ocrx_word' id='word_1_237' title='bbox 1753 3213 2027 3281; x_wconf 90' lang='lat' dir='ltr'><strong>publicam</strong></span> <span class='ocrx_word' id='word_1_238' title='bbox 2066 3214 2357 3267; x_wconf 88' lang='lat' dir='ltr'><strong>utilitatem</strong></span> 
     </span>
    </p>
   </div>
   <div class='ocr_carea' id='block_1_36' title="bbox 793 3302 2364 3373">
    <p class='ocr_par' dir='ltr' id='par_1_36' title="bbox 793 3302 2364 3373">
     <span class='ocr_line' id='line_1_36' title="bbox 793 3302 2364 3373; baseline 0 -17"><span class='ocrx_word' id='word_1_239' title='bbox 793 3305 1216 3373; x_wconf 78' lang='lat' dir='ltr'><strong>procurandum,</strong></span> <span class='ocrx_word' id='word_1_240' title='bbox 1252 3312 1347 3355; x_wconf 92' lang='lat' dir='ltr'><strong>aut</strong></span> <span class='ocrx_word' id='word_1_241' title='bbox 1377 3313 1527 3355; x_wconf 87' lang='lat' dir='ltr'><strong>certe</strong></span> <span class='ocrx_word' id='word_1_242' title='bbox 1560 3302 1812 3357; x_wconf 88' lang='lat' dir='ltr'><strong>infirmos</strong></span> <span class='ocrx_word' id='word_1_243' title='bbox 1857 3313 1916 3356; x_wconf 92' lang='lat' dir='ltr'><strong>ut</strong></span> <span class='ocrx_word' id='word_1_244' title='bbox 1954 3306 2263 3358; x_wconf 84' lang='lat' dir='ltr'><strong>intervisat.</strong></span> <span class='ocrx_word' id='word_1_245' title='bbox 2318 3306 2364 3358; x_wconf 83' lang='lat' dir='ltr'><strong>Is</strong></span> 
     </span>
    </p>
   </div>
   <div class='ocr_carea' id='block_1_37' title="bbox 792 3394 2359 3464">
    <p class='ocr_par' dir='ltr' id='par_1_37' title="bbox 792 3394 2359 3464">
     <span class='ocr_line' id='line_1_37' title="bbox 792 3394 2359 3464; baseline 0 -15"><span class='ocrx_word' id='word_1_246' title='bbox 792 3396 1008 3449; x_wconf 83' lang='lat' dir='ltr'><strong>tandem</strong></span> <span class='ocrx_word' id='word_1_247' title='bbox 1037 3394 1172 3447; x_wconf 88' lang='lat' dir='ltr'><strong>nihil</strong></span> <span class='ocrx_word' id='word_1_248' title='bbox 1195 3394 1481 3446; x_wconf 86' lang='lat' dir='ltr'><strong>dissimilis</strong></span> <span class='ocrx_word' id='word_1_249' title='bbox 1506 3395 1847 3464; x_wconf 88' lang='lat' dir='ltr'><strong>comperitur</strong></span> <span class='ocrx_word' id='word_1_250' title='bbox 1875 3395 2117 3463; x_wconf 83' lang='lat' dir='ltr'><strong>virgulto</strong></span> <span class='ocrx_word' id='word_1_251' title='bbox 2133 3397 2359 3459; x_wconf 89' lang='lat' dir='ltr'><strong>deserti,</strong></span> 
     </span>
    </p>
   </div>
   <div class='ocr_carea' id='block_1_38' title="bbox 790 3485 2363 3556">
    <p class='ocr_par' dir='ltr' id='par_1_38' title="bbox 790 3485 2363 3556">
     <span class='ocr_line' id='line_1_38' title="bbox 790 3485 2363 3556; baseline 0.001 -17"><span class='ocrx_word' id='word_1_252' title='bbox 790 3487 937 3556; x_wconf 91' lang='lat' dir='ltr'><strong>quod</strong></span> <span class='ocrx_word' id='word_1_253' title='bbox 970 3486 1058 3539; x_wconf 79' lang='lat' dir='ltr'><strong>tibi</strong></span> <span class='ocrx_word' id='word_1_254' title='bbox 1090 3485 1433 3553; x_wconf 83' lang='lat' dir='ltr'><strong>aliquantum</strong></span> <span class='ocrx_word' id='word_1_255' title='bbox 1461 3485 1841 3554; x_wconf 86' lang='lat' dir='ltr'><strong>interquievit,</strong></span> <span class='ocrx_word' id='word_1_256' title='bbox 1878 3503 2070 3541; x_wconf 88' lang='lat' dir='ltr'><strong>rursus</strong></span> <span class='ocrx_word' id='word_1_257' title='bbox 2097 3488 2206 3540; x_wconf 89' lang='lat' dir='ltr'><strong>huc</strong></span> <span class='ocrx_word' id='word_1_258' title='bbox 2235 3488 2363 3541; x_wconf 90' lang='lat' dir='ltr'><strong>illuc</strong></span> 
     </span>
    </p>
   </div>
   <div class='ocr_carea' id='block_1_39' title="bbox 790 3577 2361 3647">
    <p class='ocr_par' dir='ltr' id='par_1_39' title="bbox 790 3577 2361 3647">
     <span class='ocr_line' id='line_1_39' title="bbox 790 3577 2361 3647; baseline 0 -16"><span class='ocrx_word' id='word_1_259' title='bbox 790 3578 1126 3646; x_wconf 85' lang='lat' dir='ltr'><strong>aspiratione</strong></span> <span class='ocrx_word' id='word_1_260' title='bbox 1150 3585 1435 3629; x_wconf 89' lang='lat' dir='ltr'><strong>ventorum</strong></span> <span class='ocrx_word' id='word_1_261' title='bbox 1465 3578 1804 3644; x_wconf 87' lang='lat' dir='ltr'><strong>perpellitur.</strong></span> <span class='ocrx_word' id='word_1_262' title='bbox 1824 3577 1933 3631; x_wconf 82' lang='lat' dir='ltr'><strong>Aut</strong></span> <span class='ocrx_word' id='word_1_263' title='bbox 1964 3587 2138 3640; x_wconf 92' lang='lat' dir='ltr'><strong>certe,</strong></span> <span class='ocrx_word' id='word_1_264' title='bbox 2168 3595 2361 3647; x_wconf 88' lang='lat' dir='ltr'><strong>quem-</strong></span> 
     </span>
    </p>
   </div>
   <div class='ocr_carea' id='block_1_40' title="bbox 789 3666 2363 3735">
    <p class='ocr_par' dir='ltr' id='par_1_40' title="bbox 789 3666 2363 3735">
     <span class='ocr_line' id='line_1_40' title="bbox 789 3666 2363 3735; baseline 0.002 -15"><span class='ocrx_word' id='word_1_265' title='bbox 789 3668 1082 3721; x_wconf 78' lang='lat' dir='ltr'><strong>admodum</strong></span> <span class='ocrx_word' id='word_1_266' title='bbox 1138 3669 1319 3735; x_wconf 86' lang='lat' dir='ltr'><strong>planta</strong></span> <span class='ocrx_word' id='word_1_267' title='bbox 1339 3666 1606 3735; x_wconf 72' lang='lat' dir='ltr'><strong>quaepiam</strong></span> <span class='ocrx_word' id='word_1_268' title='bbox 1632 3667 1917 3735; x_wconf 91' lang='lat' dir='ltr'><strong>procerior</strong></span> <span class='ocrx_word' id='word_1_269' title='bbox 1965 3670 2363 3723; x_wconf 82' lang='lat' dir='ltr'><strong>etcxolescens</strong></span> 
     </span>
    </p>
   </div>
   <div class='ocr_carea' id='block_1_41' title="bbox 790 3758 2362 3829">
    <p class='ocr_par' dir='ltr' id='par_1_41' title="bbox 790 3758 2362 3829">
     <span class='ocr_line' id='line_1_41' title="bbox 790 3758 2362 3829; baseline 0.001 -18"><span class='ocrx_word' id='word_1_270' title='bbox 790 3758 1013 3827; x_wconf 82' lang='lat' dir='ltr'><strong>genitali</strong></span> <span class='ocrx_word' id='word_1_271' title='bbox 1049 3758 1169 3809; x_wconf 85' lang='lat' dir='ltr'><strong>loco</strong></span> <span class='ocrx_word' id='word_1_272' title='bbox 1210 3767 1413 3821; x_wconf 87' lang='lat' dir='ltr'><strong>emota,</strong></span> <span class='ocrx_word' id='word_1_273' title='bbox 1456 3766 1511 3810; x_wconf 91' lang='lat' dir='ltr'><strong>et</strong></span> <span class='ocrx_word' id='word_1_274' title='bbox 1560 3758 1865 3812; x_wconf 85' lang='lat' dir='ltr'><strong>monachus</strong></span> <span class='ocrx_word' id='word_1_275' title='bbox 1917 3775 2242 3829; x_wconf 84' lang='lat' dir='ltr'><strong>gyrovagus,</strong></span> <span class='ocrx_word' id='word_1_276' title='bbox 2294 3776 2362 3814; x_wconf 91' lang='lat' dir='ltr'><strong>ne</strong></span> 
     </span>
    </p>
   </div>
   <div class='ocr_carea' id='block_1_42' title="bbox 791 3848 2363 3918">
    <p class='ocr_par' dir='ltr' id='par_1_42' title="bbox 791 3848 2363 3918">
     <span class='ocr_line' id='line_1_42' title="bbox 791 3848 2363 3918; baseline -0.001 -14"><span class='ocrx_word' id='word_1_277' title='bbox 791 3850 956 3904; x_wconf 90' lang='lat' dir='ltr'><strong>unius</strong></span> <span class='ocrx_word' id='word_1_278' title='bbox 984 3849 1206 3918; x_wconf 87' lang='lat' dir='ltr'><strong>quidem</strong></span> <span class='ocrx_word' id='word_1_279' title='bbox 1232 3849 1455 3901; x_wconf 86' lang='lat' dir='ltr'><strong>virtutis</strong></span> <span class='ocrx_word' id='word_1_280' title='bbox 1489 3849 1700 3916; x_wconf 87' lang='lat' dir='ltr'><strong>frugem</strong></span> <span class='ocrx_word' id='word_1_281' title='bbox 1731 3849 1956 3903; x_wconf 87' lang='lat' dir='ltr'><strong>referet.</strong></span> <span class='ocrx_word' id='word_1_282' title='bbox 2000 3848 2363 3915; x_wconf 86' lang='lat' dir='ltr'><strong>Quemadmo-</strong></span> 
     </span>
    </p>
   </div>
   <div class='ocr_carea' id='block_1_43' title="bbox 790 3939 2359 4007">
    <p class='ocr_par' dir='ltr' id='par_1_43' title="bbox 790 3939 2359 4007">
     <span class='ocr_line' id='line_1_43' title="bbox 790 3939 2359 4007; baseline 0.001 -14"><span class='ocrx_word' id='word_1_283' title='bbox 790 3942 921 3993; x_wconf 88' lang='lat' dir='ltr'><strong>dum</strong></span> <span class='ocrx_word' id='word_1_284' title='bbox 950 3940 1080 3993; x_wconf 90' lang='lat' dir='ltr'><strong>item</strong></span> <span class='ocrx_word' id='word_1_285' title='bbox 1112 3939 1294 3992; x_wconf 90' lang='lat' dir='ltr'><strong>nubes</strong></span> <span class='ocrx_word' id='word_1_286' title='bbox 1354 3940 1511 3993; x_wconf 89' lang='lat' dir='ltr'><strong>nullo</strong></span> <span class='ocrx_word' id='word_1_287' title='bbox 1561 3955 1716 4007; x_wconf 77' lang='lat' dir='ltr'><strong>aqua:</strong></span> <span class='ocrx_word' id='word_1_288' title='bbox 1768 3941 1999 3994; x_wconf 87' lang='lat' dir='ltr'><strong>humore</strong></span> <span class='ocrx_word' id='word_1_289' title='bbox 2052 3948 2311 3995; x_wconf 90' lang='lat' dir='ltr'><strong>concreta</strong></span> <span class='ocrx_word' id='word_1_290' title='bbox 2345 3981 2359 4004; x_wconf 89' lang='lat'><strong>,</strong></span> 
     </span>
    </p>
   </div>
   <div class='ocr_carea' id='block_1_44' title="bbox 791 4030 2358 4100">
    <p class='ocr_par' dir='ltr' id='par_1_44' title="bbox 791 4030 2358 4100">
     <span class='ocr_line' id='line_1_44' title="bbox 791 4030 2358 4100; baseline 0.001 -16"><span class='ocrx_word' id='word_1_291' title='bbox 791 4032 942 4085; x_wconf 87' lang='lat' dir='ltr'><strong>venti</strong></span> <span class='ocrx_word' id='word_1_292' title='bbox 982 4030 1286 4099; x_wconf 85' lang='lat' dir='ltr'><strong>agitatione</strong></span> <span class='ocrx_word' id='word_1_293' title='bbox 1318 4030 1662 4098; x_wconf 85' lang='lat' dir='ltr'><strong>percellitur,</strong></span> <span class='ocrx_word' id='word_1_294' title='bbox 1707 4032 1779 4083; x_wconf 88' lang='lat' dir='ltr'><strong>ita</strong></span> <span class='ocrx_word' id='word_1_295' title='bbox 1831 4033 2136 4086; x_wconf 86' lang='lat' dir='ltr'><strong>monachus</strong></span> <span class='ocrx_word' id='word_1_296' title='bbox 2165 4032 2358 4100; x_wconf 86' lang='lat' dir='ltr'><strong>Spiritu</strong></span> 
     </span>
    </p>
   </div>
   <div class='ocr_carea' id='block_1_45' title="bbox 791 4120 2359 4190">
    <p class='ocr_par' dir='ltr' id='par_1_45' title="bbox 791 4120 2359 4190">
     <span class='ocr_line' id='line_1_45' title="bbox 791 4120 2359 4190; baseline 0.002 -18"><span class='ocrx_word' id='word_1_297' title='bbox 791 4122 1029 4190; x_wconf 87' lang='lat' dir='ltr'><strong>agitatus</strong></span> <span class='ocrx_word' id='word_1_298' title='bbox 1070 4120 1274 4173; x_wconf 69' lang='lat' dir='ltr'><strong>accdiae</strong></span> <span class='ocrx_word' id='word_1_299' title='bbox 1302 4160 1315 4181; x_wconf 91' lang='lat'><strong>,</strong></span> <span class='ocrx_word' id='word_1_300' title='bbox 1365 4121 1575 4173; x_wconf 85' lang='lat' dir='ltr'><strong>nullam</strong></span> <span class='ocrx_word' id='word_1_301' title='bbox 1625 4120 1786 4172; x_wconf 78' lang='lat' dir='ltr'><strong>habet</strong></span> <span class='ocrx_word' id='word_1_302' title='bbox 1816 4120 2049 4174; x_wconf 88' lang='lat' dir='ltr'><strong>solidam</strong></span> <span class='ocrx_word' id='word_1_303' title='bbox 2086 4122 2359 4189; x_wconf 86' lang='lat' dir='ltr'><strong>requiem.</strong></span> 
     </span>
    </p>
   </div>
   <div class='ocr_carea' id='block_1_46' title="bbox 792 4210 2359 4279">
    <p class='ocr_par' dir='ltr' id='par_1_46' title="bbox 792 4210 2359 4279">
     <span class='ocr_line' id='line_1_46' title="bbox 792 4210 2359 4279; baseline 0 -15"><span class='ocrx_word' id='word_1_304' title='bbox 792 4212 847 4264; x_wconf 85' lang='lat' dir='ltr'><strong>Si</strong></span> <span class='ocrx_word' id='word_1_305' title='bbox 876 4210 1098 4279; x_wconf 86' lang='lat' dir='ltr'><strong>quando</strong></span> <span class='ocrx_word' id='word_1_306' title='bbox 1127 4210 1342 4262; x_wconf 72' lang='lat' dir='ltr'><strong>daemon</strong></span> <span class='ocrx_word' id='word_1_307' title='bbox 1409 4210 1498 4263; x_wconf 84' lang='lat' dir='ltr'><strong>hic</strong></span> <span class='ocrx_word' id='word_1_308' title='bbox 1550 4226 1614 4263; x_wconf 80' lang='lat' dir='ltr'><strong>ex</strong></span> <span class='ocrx_word' id='word_1_309' title='bbox 1646 4211 1795 4264; x_wconf 85' lang='lat' dir='ltr'><strong>adito</strong></span> <span class='ocrx_word' id='word_1_310' title='bbox 1830 4211 1979 4262; x_wconf 73' lang='lat' dir='ltr'><strong>cellze</strong></span> <span class='ocrx_word' id='word_1_311' title='bbox 2037 4211 2189 4263; x_wconf 90' lang='lat' dir='ltr'><strong>illum</strong></span> <span class='ocrx_word' id='word_1_312' title='bbox 2251 4225 2359 4265; x_wconf 91' lang='lat' dir='ltr'><strong>non</strong></span> 
     </span>
    </p>
   </div>
   <div class='ocr_carea' id='block_1_47' title="bbox 790 4301 2362 4373">
    <p class='ocr_par' dir='ltr' id='par_1_47' title="bbox 790 4301 2362 4373">
     <span class='ocr_line' id='line_1_47' title="bbox 790 4301 2362 4373; baseline -0.001 -17"><span class='ocrx_word' id='word_1_313' title='bbox 790 4303 1037 4373; x_wconf 83' lang='lat' dir='ltr'><strong>quiverit</strong></span> <span class='ocrx_word' id='word_1_314' title='bbox 1072 4301 1396 4365; x_wconf 79' lang='lat' dir='ltr'><strong>extrudere,</strong></span> <span class='ocrx_word' id='word_1_315' title='bbox 1428 4310 1557 4355; x_wconf 83' lang='lat' dir='ltr'><strong>tunc</strong></span> <span class='ocrx_word' id='word_1_316' title='bbox 1590 4302 1722 4355; x_wconf 88' lang='lat' dir='ltr'><strong>hora</strong></span> <span class='ocrx_word' id='word_1_317' title='bbox 1755 4302 1988 4354; x_wconf 76' lang='lat' dir='ltr'><strong>maxime</strong></span> <span class='ocrx_word' id='word_1_318' title='bbox 2021 4302 2362 4355; x_wconf 83' lang='lat' dir='ltr'><strong>communio-</strong></span> 
     </span>
    </p>
   </div>
   <div class='ocr_carea' id='block_1_48' title="bbox 792 4391 2360 4461">
    <p class='ocr_par' dir='ltr' id='par_1_48' title="bbox 792 4391 2360 4461">
     <span class='ocr_line' id='line_1_48' title="bbox 792 4391 2360 4461; baseline -0.002 -13"><span class='ocrx_word' id='word_1_319' title='bbox 792 4394 879 4448; x_wconf 87' lang='lat' dir='ltr'><strong>nis</strong></span> <span class='ocrx_word' id='word_1_320' title='bbox 915 4393 1090 4461; x_wconf 87' lang='lat' dir='ltr'><strong>ipsutn</strong></span> <span class='ocrx_word' id='word_1_321' title='bbox 1123 4391 1396 4455; x_wconf 88' lang='lat' dir='ltr'><strong>adoritur,</strong></span> <span class='ocrx_word' id='word_1_322' title='bbox 1439 4406 1499 4445; x_wconf 93' lang='lat' dir='ltr'><strong>ut</strong></span> <span class='ocrx_word' id='word_1_323' title='bbox 1522 4394 1645 4461; x_wconf 82' lang='lat' dir='ltr'><strong>ejus</strong></span> <span class='ocrx_word' id='word_1_324' title='bbox 1678 4400 1918 4445; x_wconf 89' lang='lat' dir='ltr'><strong>mentem</strong></span> <span class='ocrx_word' id='word_1_325' title='bbox 1952 4391 2183 4460; x_wconf 91' lang='lat' dir='ltr'><strong>dissipet</strong></span> <span class='ocrx_word' id='word_1_326' title='bbox 2214 4400 2270 4445; x_wconf 91' lang='lat' dir='ltr'><strong>et</strong></span> <span class='ocrx_word' id='word_1_327' title='bbox 2303 4392 2360 4445; x_wconf 90' lang='lat' dir='ltr'><strong>in</strong></span> 
     </span>
    </p>
   </div>
   <div class='ocr_carea' id='block_1_49' title="bbox 2452 566 4043 638">
    <p class='ocr_par' dir='ltr' id='par_1_49' title="bbox 2452 566 4043 638">
     <span class='ocr_line' id='line_1_49' title="bbox 2452 566 4043 638; baseline 0.004 -21"><span class='ocrx_word' id='word_1_328' title='bbox 2452 569 2720 636; x_wconf 73' lang='grc' dir='ltr'><strong>ἐμπίπτει</strong></span> <span class='ocrx_word' id='word_1_329' title='bbox 2754 566 2831 635; x_wconf 77' lang='grc' dir='ltr'>τῷ</span> <span class='ocrx_word' id='word_1_330' title='bbox 2868 568 3107 638; x_wconf 79' lang='grc' dir='ltr'>μοναχῷ,</span> <span class='ocrx_word' id='word_1_331' title='bbox 3156 568 3398 636; x_wconf 86' lang='grc' dir='ltr'>ἀγωνίαν</span> <span class='ocrx_word' id='word_1_332' title='bbox 3426 569 3577 637; x_wconf 81' lang='grc' dir='ltr'>αύτῷ</span> <span class='ocrx_word' id='word_1_333' title='bbox 3627 570 3903 638; x_wconf 81' lang='grc' dir='ltr'>ἐμποιῶν,</span> <span class='ocrx_word' id='word_1_334' title='bbox 3943 573 4043 623; x_wconf 77' lang='grc' dir='ltr'>καὶ</span> 
     </span>
    </p>
   </div>
   <div class='ocr_carea' id='block_1_50' title="bbox 2453 657 4043 731">
    <p class='ocr_par' dir='ltr' id='par_1_50' title="bbox 2453 657 4043 731">
     <span class='ocr_line' id='line_1_50' title="bbox 2453 657 4043 731; baseline 0.003 -23"><span class='ocrx_word' id='word_1_335' title='bbox 2453 657 2705 725; x_wconf 73' lang='grc' dir='ltr'>ἀπεχθῶς</span> <span class='ocrx_word' id='word_1_336' title='bbox 2746 657 2887 726; x_wconf 76' lang='grc' dir='ltr'>ἔχειν</span> <span class='ocrx_word' id='word_1_337' title='bbox 2928 661 3063 729; x_wconf 66' lang='grc' dir='ltr'>πρὶς</span> <span class='ocrx_word' id='word_1_338' title='bbox 3094 660 3186 712; x_wconf 68' lang='grc' dir='ltr'>τὸν</span> <span class='ocrx_word' id='word_1_339' title='bbox 3213 661 3398 721; x_wconf 76' lang='grc' dir='ltr'>τόπον,</span> <span class='ocrx_word' id='word_1_340' title='bbox 3444 661 3728 729; x_wconf 62' lang='grc' dir='ltr'>μᾶλλονςδέ</span> <span class='ocrx_word' id='word_1_341' title='bbox 3776 662 4043 731; x_wconf 71' lang='grc' dir='ltr'>καὶπρὸς</span> 
     </span>
    </p>
   </div>
   <div class='ocr_carea' id='block_1_51' title="bbox 2453 749 4039 821">
    <p class='ocr_par' dir='ltr' id='par_1_51' title="bbox 2453 749 4039 821">
     <span class='ocr_line' id='line_1_51' title="bbox 2453 749 4039 821; baseline 0.003 -22"><span class='ocrx_word' id='word_1_342' title='bbox 2453 749 2579 810; x_wconf 70' lang='grc' dir='ltr'>τοὺς</span> <span class='ocrx_word' id='word_1_343' title='bbox 2612 749 3087 817; x_wconf 71' lang='grc' dir='ltr'>συνδιατρίϐοντας</span> <span class='ocrx_word' id='word_1_344' title='bbox 3115 750 3399 816; x_wconf 64' lang='grc' dir='ltr'>ἀδελφοὺς,</span> <span class='ocrx_word' id='word_1_345' title='bbox 3425 752 3519 802; x_wconf 69' lang='grc' dir='ltr'><strong>καὶ</strong></span> <span class='ocrx_word' id='word_1_346' title='bbox 3549 751 3685 820; x_wconf 71' lang='grc' dir='ltr'>πρὸς</span> <span class='ocrx_word' id='word_1_347' title='bbox 3714 754 3821 803; x_wconf 73' lang='grc' dir='ltr'>πᾶν</span> <span class='ocrx_word' id='word_1_348' title='bbox 3844 750 4039 821; x_wconf 77' lang='grc' dir='ltr'>ἔργον,</span> 
     </span>
    </p>
   </div>
   <div class='ocr_carea' id='block_1_52' title="bbox 2455 841 4038 913">
    <p class='ocr_par' dir='ltr' id='par_1_52' title="bbox 2455 841 4038 913">
     <span class='ocr_line' id='line_1_52' title="bbox 2455 841 4038 913; baseline 0.003 -21"><span class='ocrx_word' id='word_1_349' title='bbox 2455 843 2550 892; x_wconf 71' lang='grc' dir='ltr'><strong>καὶ</strong></span> <span class='ocrx_word' id='word_1_350' title='bbox 2574 842 2705 911; x_wconf 69' lang='grc' dir='ltr'>πρὸς</span> <span class='ocrx_word' id='word_1_351' title='bbox 2734 843 2832 910; x_wconf 79' lang='grc' dir='ltr'><strong>τὴν</strong></span> <span class='ocrx_word' id='word_1_352' title='bbox 2866 841 3015 894; x_wconf 86' lang='grc' dir='ltr'>θείαν</span> <span class='ocrx_word' id='word_1_353' title='bbox 3048 844 3289 912; x_wconf 69' lang='grc' dir='ltr'>Γραφην,</span> <span class='ocrx_word' id='word_1_354' title='bbox 3324 844 3519 913; x_wconf 79' lang='grc' dir='ltr'>ἀηδίαν</span> <span class='ocrx_word' id='word_1_355' title='bbox 3550 845 3639 897; x_wconf 64' lang='grc' dir='ltr'><strong>καῖ</strong></span> <span class='ocrx_word' id='word_1_356' title='bbox 3679 845 3895 913; x_wconf 80' lang='grc' dir='ltr'>χάσμην</span> <span class='ocrx_word' id='word_1_357' title='bbox 3924 859 4038 896; x_wconf 76' lang='grc' dir='ltr'>πυ-</span> 
     </span>
    </p>
   </div>
   <div class='ocr_carea' id='block_1_53' title="bbox 2461 932 4038 1003">
    <p class='ocr_par' dir='ltr' id='par_1_53' title="bbox 2461 932 4038 1003">
     <span class='ocr_line' id='line_1_53' title="bbox 2461 932 4038 1003; baseline 0.002 -21"><span class='ocrx_word' id='word_1_358' title='bbox 2461 932 2732 999; x_wconf 77' lang='grc' dir='ltr'>κνοτάτην</span> <span class='ocrx_word' id='word_1_359' title='bbox 2762 934 2997 1000; x_wconf 79' lang='grc' dir='ltr'>ἐμποιεῖ.</span> <span class='ocrx_word' id='word_1_360' title='bbox 3031 934 3172 1001; x_wconf 69' lang='grc' dir='ltr'>Πρὺς</span> <span class='ocrx_word' id='word_1_361' title='bbox 3214 933 3444 997; x_wconf 76' lang='grc' dir='ltr'><strong>τούτοις,</strong></span> <span class='ocrx_word' id='word_1_362' title='bbox 3478 936 3569 986; x_wconf 72' lang='grc' dir='ltr'><strong>καὶ</strong></span> <span class='ocrx_word' id='word_1_363' title='bbox 3613 938 3800 987; x_wconf 86' lang='grc' dir='ltr'>πεῖναν</span> <span class='ocrx_word' id='word_1_364' title='bbox 3825 935 4038 1003; x_wconf 79' lang='grc' dir='ltr'>πολλὴν</span> 
     </span>
    </p>
   </div>
   <div class='ocr_carea' id='block_1_54' title="bbox 2460 1019 4036 1095">
    <p class='ocr_par' dir='ltr' id='par_1_54' title="bbox 2460 1019 4036 1095">
     <span class='ocr_line' id='line_1_54' title="bbox 2460 1019 4036 1095; baseline 0.001 -22"><span class='ocrx_word' id='word_1_365' title='bbox 2460 1024 2715 1092; x_wconf 83' lang='grc' dir='ltr'>παρέχει·</span> <span class='ocrx_word' id='word_1_366' title='bbox 2752 1024 2845 1075; x_wconf 64' lang='grc' dir='ltr'>καὶ</span> <span class='ocrx_word' id='word_1_367' title='bbox 2881 1019 2980 1077; x_wconf 80' lang='grc' dir='ltr'>ὧδε</span> <span class='ocrx_word' id='word_1_368' title='bbox 3015 1026 3232 1077; x_wconf 84' lang='grc' dir='ltr'>κάκεῖσε</span> <span class='ocrx_word' id='word_1_369' title='bbox 3274 1026 3638 1095; x_wconf 69' lang='grc' dir='ltr'><strong>στρεφόμενον</strong></span> <span class='ocrx_word' id='word_1_370' title='bbox 3669 1025 4036 1095; x_wconf 79' lang='grc' dir='ltr'>καραδοκοῦν-</span> 
     </span>
    </p>
   </div>
   <div class='ocr_carea' id='block_1_55' title="bbox 2454 1113 4034 1185">
    <p class='ocr_par' dir='ltr' id='par_1_55' title="bbox 2454 1113 4034 1185">
     <span class='ocr_line' id='line_1_55' title="bbox 2454 1113 4034 1185; baseline 0.004 -21"><span class='ocrx_word' id='word_1_371' title='bbox 2454 1130 2523 1165; x_wconf 89' lang='grc' dir='ltr'><strong>τα</strong></span> <span class='ocrx_word' id='word_1_372' title='bbox 2549 1113 2647 1182; x_wconf 70' lang='grc' dir='ltr'><strong>τὴν</strong></span> <span class='ocrx_word' id='word_1_373' title='bbox 2670 1114 2820 1183; x_wconf 85' lang='grc' dir='ltr'>ὥραν</span> <span class='ocrx_word' id='word_1_374' title='bbox 2848 1114 2946 1183; x_wconf 83' lang='grc' dir='ltr'>τῆς</span> <span class='ocrx_word' id='word_1_375' title='bbox 2982 1115 3297 1177; x_wconf 77' lang='grc' dir='ltr'>ἑστιάσεως.</span> <span class='ocrx_word' id='word_1_376' title='bbox 3331 1118 3437 1169; x_wconf 74' lang='grc' dir='ltr'>Καὶ</span> <span class='ocrx_word' id='word_1_377' title='bbox 3462 1116 3639 1184; x_wconf 55' lang='grc' dir='ltr'>λαϐὼν</span> <span class='ocrx_word' id='word_1_378' title='bbox 3670 1118 3870 1185; x_wconf 71' lang='grc' dir='ltr'>ῥιίλίον</span> <span class='ocrx_word' id='word_1_379' title='bbox 3894 1119 4034 1171; x_wconf 85' lang='grc' dir='ltr'>ἀνα-</span> 
     </span>
    </p>
   </div>
   <div class='ocr_carea' id='block_1_56' title="bbox 2454 1204 4032 1277">
    <p class='ocr_par' dir='ltr' id='par_1_56' title="bbox 2454 1204 4032 1277">
     <span class='ocr_line' id='line_1_56' title="bbox 2454 1204 4032 1277; baseline 0.004 -23"><span class='ocrx_word' id='word_1_380' title='bbox 2454 1204 2711 1271; x_wconf 80' lang='grc' dir='ltr'>γινώσκει</span> <span class='ocrx_word' id='word_1_381' title='bbox 2747 1207 2940 1276; x_wconf 76' lang='grc' dir='ltr'>μικρόν</span> <span class='ocrx_word' id='word_1_382' title='bbox 2972 1223 2984 1235; x_wconf 89' lang='grc'><strong>·</strong></span> <span class='ocrx_word' id='word_1_383' title='bbox 3020 1208 3117 1259; x_wconf 75' lang='grc' dir='ltr'><strong>καὶ</strong></span> <span class='ocrx_word' id='word_1_384' title='bbox 3167 1208 3325 1260; x_wconf 83' lang='grc' dir='ltr'>πάλιν</span> <span class='ocrx_word' id='word_1_385' title='bbox 3372 1208 3583 1277; x_wconf 82' lang='grc' dir='ltr'>τίθησιν</span> <span class='ocrx_word' id='word_1_386' title='bbox 3615 1209 3768 1270; x_wconf 83' lang='grc' dir='ltr'>αύτὸ,</span> <span class='ocrx_word' id='word_1_387' title='bbox 3800 1209 3894 1261; x_wconf 73' lang='grc' dir='ltr'><strong>καὶ</strong></span> <span class='ocrx_word' id='word_1_388' title='bbox 3927 1208 4032 1277; x_wconf 71' lang='grc' dir='ltr'><strong>ἀρ⁴</strong></span> 
     </span>
    </p>
   </div>
   <div class='ocr_carea' id='block_1_57' title="bbox 2457 1297 4030 1367">
    <p class='ocr_par' dir='ltr' id='par_1_57' title="bbox 2457 1297 4030 1367">
     <span class='ocr_line' id='line_1_57' title="bbox 2457 1297 4030 1367; baseline 0.003 -20"><span class='ocrx_word' id='word_1_389' title='bbox 2457 1314 2608 1366; x_wconf 81' lang='grc' dir='ltr'>χεται</span> <span class='ocrx_word' id='word_1_390' title='bbox 2638 1297 2850 1366; x_wconf 77' lang='grc' dir='ltr'>τρίϐειν</span> <span class='ocrx_word' id='word_1_391' title='bbox 2892 1298 2989 1367; x_wconf 65' lang='grc' dir='ltr'><strong>τὴν</strong></span> <span class='ocrx_word' id='word_1_392' title='bbox 3023 1299 3165 1367; x_wconf 59' lang='grc' dir='ltr'>ὄψιν,</span> <span class='ocrx_word' id='word_1_393' title='bbox 3210 1300 3304 1351; x_wconf 74' lang='grc' dir='ltr'><strong>καὶ</strong></span> <span class='ocrx_word' id='word_1_394' title='bbox 3347 1301 3467 1360; x_wconf 83' lang='grc' dir='ltr'>ταῖς</span> <span class='ocrx_word' id='word_1_395' title='bbox 3498 1300 3707 1366; x_wconf 80' lang='grc' dir='ltr'>θυρίσιν</span> <span class='ocrx_word' id='word_1_396' title='bbox 3736 1299 4030 1361; x_wconf 76' lang='grc' dir='ltr'>ἀτενίζειν·</span> 
     </span>
    </p>
   </div>
   <div class='ocr_carea' id='block_1_58' title="bbox 2457 1384 4033 1459">
    <p class='ocr_par' dir='ltr' id='par_1_58' title="bbox 2457 1384 4033 1459">
     <span class='ocr_line' id='line_1_58' title="bbox 2457 1384 4033 1459; baseline 0.003 -18"><span class='ocrx_word' id='word_1_397' title='bbox 2457 1392 2550 1441; x_wconf 70' lang='grc' dir='ltr'><strong>καὶ</strong></span> <span class='ocrx_word' id='word_1_398' title='bbox 2581 1384 2734 1451; x_wconf 72' lang='grc' dir='ltr'>αὖθις</span> <span class='ocrx_word' id='word_1_399' title='bbox 2759 1390 2938 1458; x_wconf 79' lang='grc' dir='ltr'>ὀλίγον</span> <span class='ocrx_word' id='word_1_400' title='bbox 2960 1391 3371 1459; x_wconf 71' lang='grc' dir='ltr'>ἀναγινώσκειν,</span> <span class='ocrx_word' id='word_1_401' title='bbox 3404 1387 3517 1442; x_wconf 77' lang='grc' dir='ltr'>εἶτα</span> <span class='ocrx_word' id='word_1_402' title='bbox 3555 1393 3771 1459; x_wconf 80' lang='grc' dir='ltr'>μετρεῖν</span> <span class='ocrx_word' id='word_1_403' title='bbox 3806 1393 3905 1454; x_wconf 82' lang='grc' dir='ltr'>τὰς</span> <span class='ocrx_word' id='word_1_404' title='bbox 3941 1410 4033 1445; x_wconf 80' lang='grc' dir='ltr'>τε·</span> 
     </span>
    </p>
   </div>
   <div class='ocr_carea' id='block_1_59' title="bbox 2456 1476 4031 1549">
    <p class='ocr_par' dir='ltr' id='par_1_59' title="bbox 2456 1476 4031 1549">
     <span class='ocr_line' id='line_1_59' title="bbox 2456 1476 4031 1549; baseline 0.003 -22"><span class='ocrx_word' id='word_1_405' title='bbox 2456 1476 2678 1546; x_wconf 78' lang='grc' dir='ltr'>τράδας,</span> <span class='ocrx_word' id='word_1_406' title='bbox 2709 1479 2800 1529; x_wconf 71' lang='grc' dir='ltr'><strong>καὶ</strong></span> <span class='ocrx_word' id='word_1_407' title='bbox 2828 1497 2854 1529; x_wconf 88' lang='grc' dir='ltr'><strong>τ</strong></span> <span class='ocrx_word' id='word_1_408' title='bbox 2872 1480 2927 1541; x_wconf 80' lang='lat'><strong>‘1;</strong></span> <span class='ocrx_word' id='word_1_409' title='bbox 2957 1480 3130 1548; x_wconf 74' lang='grc' dir='ltr'>ἀρχάς</span> <span class='ocrx_word' id='word_1_410' title='bbox 3156 1480 3434 1549; x_wconf 79' lang='grc' dir='ltr'>ἐπιζητεῖν</span> <span class='ocrx_word' id='word_1_411' title='bbox 3461 1480 3569 1531; x_wconf 80' lang='grc' dir='ltr'><strong>τῶν</strong></span> <span class='ocrx_word' id='word_1_412' title='bbox 3597 1480 3904 1545; x_wconf 64' lang='grc' dir='ltr'>κεφαλαίων</span> <span class='ocrx_word' id='word_1_413' title='bbox 3932 1482 4031 1549; x_wconf 80' lang='grc' dir='ltr'>τῆς</span> 
     </span>
    </p>
   </div>
   <div class='ocr_carea' id='block_1_60' title="bbox 2458 1570 4029 1643">
    <p class='ocr_par' dir='ltr' id='par_1_60' title="bbox 2458 1570 4029 1643">
     <span class='ocr_line' id='line_1_60' title="bbox 2458 1570 4029 1643; baseline 0.003 -23"><span class='ocrx_word' id='word_1_414' title='bbox 2458 1570 2663 1638; x_wconf 68' lang='grc' dir='ltr'>βίϐλον.</span> <span class='ocrx_word' id='word_1_415' title='bbox 2692 1571 2855 1633; x_wconf 82' lang='grc' dir='ltr'>Τέλος</span> <span class='ocrx_word' id='word_1_416' title='bbox 2878 1571 3081 1635; x_wconf 79' lang='grc' dir='ltr'>πτύξας</span> <span class='ocrx_word' id='word_1_417' title='bbox 3114 1572 3174 1624; x_wconf 82' lang='grc' dir='ltr'>τὺ</span> <span class='ocrx_word' id='word_1_418' title='bbox 3207 1572 3408 1641; x_wconf 75' lang='grc' dir='ltr'>βιϐλίον</span> <span class='ocrx_word' id='word_1_419' title='bbox 3436 1576 3713 1642; x_wconf 79' lang='grc' dir='ltr'>κοιμᾶται·</span> <span class='ocrx_word' id='word_1_420' title='bbox 3746 1573 3948 1643; x_wconf 81' lang='grc' dir='ltr'>μικροῦ</span> <span class='ocrx_word' id='word_1_421' title='bbox 3976 1574 4029 1625; x_wconf 82' lang='grc' dir='ltr'>δὲ</span> 
     </span>
    </p>
   </div>
   <div class='ocr_carea' id='block_1_61' title="bbox 2460 1662 4029 1728">
    <p class='ocr_par' dir='ltr' id='par_1_61' title="bbox 2460 1662 4029 1728">
     <span class='ocr_line' id='line_1_61' title="bbox 2460 1662 4029 1728; baseline 0.001 -14"><span class='ocrx_word' id='word_1_422' title='bbox 2460 1662 2628 1715; x_wconf 72' lang='grc' dir='ltr'>ὕπνον</span> <span class='ocrx_word' id='word_1_423' title='bbox 2654 1664 3017 1726; x_wconf 59' lang='grc' dir='ltr'>δαλαϐὁντος.</span> <span class='ocrx_word' id='word_1_424' title='bbox 3056 1664 3218 1718; x_wconf 73' lang='grc' dir='ltr'>πάλιν</span> <span class='ocrx_word' id='word_1_425' title='bbox 3244 1666 3544 1717; x_wconf 67' lang='grc' dir='ltr'>ἀνίσταταυ</span> <span class='ocrx_word' id='word_1_426' title='bbox 3574 1665 3748 1716; x_wconf 83' lang='grc' dir='ltr'>ταύτα</span> <span class='ocrx_word' id='word_1_427' title='bbox 3780 1665 3836 1717; x_wconf 77' lang='grc' dir='ltr'>δὲ</span> <span class='ocrx_word' id='word_1_428' title='bbox 3865 1668 4029 1728; x_wconf 82' lang='grc' dir='ltr'>ποιεῖ,</span> 
     </span>
    </p>
   </div>
   <div class='ocr_carea' id='block_1_62' title="bbox 2465 1755 4031 1826">
    <p class='ocr_par' dir='ltr' id='par_1_62' title="bbox 2465 1755 4031 1826">
     <span class='ocr_line' id='line_1_62' title="bbox 2465 1755 4031 1826; baseline 0.002 -22"><span class='ocrx_word' id='word_1_429' title='bbox 2465 1755 2785 1823; x_wconf 73' lang='grc' dir='ltr'>βουλόμενος</span> <span class='ocrx_word' id='word_1_430' title='bbox 2834 1755 3145 1809; x_wconf 74' lang='grc' dir='ltr'>ἀναλίσκειν</span> <span class='ocrx_word' id='word_1_431' title='bbox 3188 1762 3285 1818; x_wconf 80' lang='grc' dir='ltr'><strong>τὰς</strong></span> <span class='ocrx_word' id='word_1_432' title='bbox 3327 1755 3506 1825; x_wconf 81' lang='grc' dir='ltr'>ὥρας’</span> <span class='ocrx_word' id='word_1_433' title='bbox 3554 1756 3684 1808; x_wconf 83' lang='grc' dir='ltr'>πότε</span> <span class='ocrx_word' id='word_1_434' title='bbox 3727 1756 3780 1808; x_wconf 78' lang='grc' dir='ltr'>δὲ</span> <span class='ocrx_word' id='word_1_435' title='bbox 3823 1756 4031 1826; x_wconf 77' lang='grc' dir='ltr'>ἀκούσῃ</span> 
     </span>
    </p>
   </div>
   <div class='ocr_carea' id='block_1_63' title="bbox 2458 1846 4030 1917">
    <p class='ocr_par' dir='ltr' id='par_1_63' title="bbox 2458 1846 4030 1917">
     <span class='ocr_line' id='line_1_63' title="bbox 2458 1846 4030 1917; baseline 0.001 -20"><span class='ocrx_word' id='word_1_436' title='bbox 2458 1846 2551 1897; x_wconf 74' lang='grc' dir='ltr'><strong>τού</strong></span> <span class='ocrx_word' id='word_1_437' title='bbox 2587 1848 2932 1916; x_wconf 68' lang='grc' dir='ltr'>σημαντῆρος</span> <span class='ocrx_word' id='word_1_438' title='bbox 2974 1847 3065 1899; x_wconf 79' lang='grc' dir='ltr'>τοῦ</span> <span class='ocrx_word' id='word_1_439' title='bbox 3119 1848 3364 1917; x_wconf 86' lang='grc' dir='ltr'>ἀρίστου,</span> <span class='ocrx_word' id='word_1_440' title='bbox 3412 1847 3651 1911; x_wconf 85' lang='grc' dir='ltr'>ἀκούσας</span> <span class='ocrx_word' id='word_1_441' title='bbox 3679 1848 3734 1900; x_wconf 83' lang='grc' dir='ltr'><strong>δὲ</strong></span> <span class='ocrx_word' id='word_1_442' title='bbox 3765 1847 4030 1917; x_wconf 79' lang='grc' dir='ltr'>εύπρόθυ-</span> 
     </span>
    </p>
   </div>
   <div class='ocr_carea' id='block_1_64' title="bbox 2463 1936 4029 2007">
    <p class='ocr_par' dir='ltr' id='par_1_64' title="bbox 2463 1936 4029 2007">
     <span class='ocr_line' id='line_1_64' title="bbox 2463 1936 4029 2007; baseline 0.004 -22"><span class='ocrx_word' id='word_1_443' title='bbox 2463 1952 2560 2004; x_wconf 81' lang='grc' dir='ltr'><strong>μος</strong></span> <span class='ocrx_word' id='word_1_444' title='bbox 2594 1936 2823 2002; x_wconf 84' lang='grc' dir='ltr'>γίνεται,</span> <span class='ocrx_word' id='word_1_445' title='bbox 2852 1937 3165 2007; x_wconf 84' lang='grc' dir='ltr'>εὑρίσκεται</span> <span class='ocrx_word' id='word_1_446' title='bbox 3212 1936 3268 1988; x_wconf 84' lang='grc' dir='ltr'><strong>δέ</strong></span> <span class='ocrx_word' id='word_1_447' title='bbox 3314 1939 3407 1991; x_wconf 75' lang='grc' dir='ltr'><strong>καὶ</strong></span> <span class='ocrx_word' id='word_1_448' title='bbox 3449 1940 3529 2000; x_wconf 83' lang='grc' dir='ltr'><strong>είς</strong></span> <span class='ocrx_word' id='word_1_449' title='bbox 3571 1938 3848 1991; x_wconf 83' lang='grc' dir='ltr'>διακονίαν</span> <span class='ocrx_word' id='word_1_450' title='bbox 3882 1937 4029 2001; x_wconf 65' lang='grc' dir='ltr'>ὀξὺς.</span> 
     </span>
    </p>
   </div>
   <div class='ocr_carea' id='block_1_65' title="bbox 2459 2027 4032 2101">
    <p class='ocr_par' dir='ltr' id='par_1_65' title="bbox 2459 2027 4032 2101">
     <span class='ocr_line' id='line_1_65' title="bbox 2459 2027 4032 2101; baseline 0.003 -24"><span class='ocrx_word' id='word_1_451' title='bbox 2459 2028 2553 2078; x_wconf 76' lang='grc' dir='ltr'><strong>καὶ</strong></span> <span class='ocrx_word' id='word_1_452' title='bbox 2580 2027 2798 2094; x_wconf 56' lang='grc' dir='ltr'>ἐντολὴν</span> <span class='ocrx_word' id='word_1_453' title='bbox 2830 2029 3097 2095; x_wconf 75' lang='grc' dir='ltr'>λογίζεται</span> <span class='ocrx_word' id='word_1_454' title='bbox 3123 2028 3221 2098; x_wconf 79' lang='grc' dir='ltr'><strong>τὴν</strong></span> <span class='ocrx_word' id='word_1_455' title='bbox 3253 2029 3447 2083; x_wconf 78' lang='grc' dir='ltr'>ἑαυτοῦ</span> <span class='ocrx_word' id='word_1_456' title='bbox 3483 2031 3875 2101; x_wconf 68' lang='grc' dir='ltr'>πληροφορίαν.</span> <span class='ocrx_word' id='word_1_457' title='bbox 3908 2033 4032 2083; x_wconf 80' lang='grc' dir='ltr'>Δοι-</span> 
     </span>
    </p>
   </div>
   <div class='ocr_carea' id='block_1_66' title="bbox 2459 2114 4031 2193">
    <p class='ocr_par' dir='ltr' id='par_1_66' title="bbox 2459 2114 4031 2193">
     <span class='ocr_line' id='line_1_66' title="bbox 2459 2114 4031 2193; baseline 0.006 -25"><span class='ocrx_word' id='word_1_458' title='bbox 2459 2119 2559 2168; x_wconf 74' lang='grc' dir='ltr'><strong>πὺν</strong></span> <span class='ocrx_word' id='word_1_459' title='bbox 2598 2117 2654 2169; x_wconf 80' lang='grc' dir='ltr'>δὲ</span> <span class='ocrx_word' id='word_1_460' title='bbox 2680 2114 2833 2181; x_wconf 77' lang='grc' dir='ltr'>οὗτος</span> <span class='ocrx_word' id='word_1_461' title='bbox 2866 2119 2895 2170; x_wconf 86' lang='grc' dir='ltr'>ὁ</span> <span class='ocrx_word' id='word_1_462' title='bbox 2919 2119 3013 2189; x_wconf 80' lang='grc' dir='ltr'>τῆς</span> <span class='ocrx_word' id='word_1_463' title='bbox 3050 2121 3279 2189; x_wconf 83' lang='grc' dir='ltr'>ἀκηδίας</span> <span class='ocrx_word' id='word_1_464' title='bbox 3320 2122 3529 2192; x_wconf 84' lang='grc' dir='ltr'>δαίμων</span> <span class='ocrx_word' id='word_1_465' title='bbox 3560 2124 3851 2177; x_wconf 81' lang='grc' dir='ltr'>ὑποϐάλλει</span> <span class='ocrx_word' id='word_1_466' title='bbox 3881 2124 4031 2193; x_wconf 86' lang='grc' dir='ltr'>αύτῷ</span> 
     </span>
    </p>
   </div>
   <div class='ocr_carea' id='block_1_67' title="bbox 2460 2209 4031 2285">
    <p class='ocr_par' dir='ltr' id='par_1_67' title="bbox 2460 2209 4031 2285">
     <span class='ocr_line' id='line_1_67' title="bbox 2460 2209 4031 2285; baseline 0.005 -26"><span class='ocrx_word' id='word_1_467' title='bbox 2460 2211 2553 2260; x_wconf 70' lang='grc' dir='ltr'>καὶ</span> <span class='ocrx_word' id='word_1_468' title='bbox 2580 2209 2877 2278; x_wconf 79' lang='grc' dir='ltr'>λογισμοὺς</span> <span class='ocrx_word' id='word_1_469' title='bbox 2910 2211 3048 2277; x_wconf 84' lang='grc' dir='ltr'><strong>μετὰ</strong></span> <span class='ocrx_word' id='word_1_470' title='bbox 3080 2211 3420 2275; x_wconf 74' lang='grc' dir='ltr'>ὑποϐἀσεως,</span> <span class='ocrx_word' id='word_1_471' title='bbox 3458 2215 3551 2266; x_wconf 77' lang='grc' dir='ltr'><strong>καὶ</strong></span> <span class='ocrx_word' id='word_1_472' title='bbox 3577 2214 3651 2272; x_wconf 82' lang='grc' dir='ltr'><strong>ὡς</strong></span> <span class='ocrx_word' id='word_1_473' title='bbox 3680 2218 3727 2266; x_wconf 88' lang='grc' dir='ltr'>εἱ</span> <span class='ocrx_word' id='word_1_474' title='bbox 3757 2215 3834 2284; x_wconf 80' lang='grc' dir='ltr'>μὴ</span> <span class='ocrx_word' id='word_1_475' title='bbox 3864 2232 4031 2285; x_wconf 85' lang='grc' dir='ltr'>μετα-</span> 
     </span>
    </p>
   </div>
   <div class='ocr_carea' id='block_1_68' title="bbox 2463 2302 4031 2375">
    <p class='ocr_par' dir='ltr' id='par_1_68' title="bbox 2463 2302 4031 2375">
     <span class='ocr_line' id='line_1_68' title="bbox 2463 2302 4031 2375; baseline 0.005 -25"><span class='ocrx_word' id='word_1_476' title='bbox 2463 2302 2635 2370; x_wconf 81' lang='grc' dir='ltr'>στήσῃ</span> <span class='ocrx_word' id='word_1_477' title='bbox 2684 2302 2879 2353; x_wconf 82' lang='grc' dir='ltr'>ἐαυτὸν</span> <span class='ocrx_word' id='word_1_478' title='bbox 2915 2303 3048 2371; x_wconf 84' lang='grc' dir='ltr'>πρὸς</span> <span class='ocrx_word' id='word_1_479' title='bbox 3083 2303 3287 2365; x_wconf 82' lang='grc' dir='ltr'>τόπους</span> <span class='ocrx_word' id='word_1_480' title='bbox 3320 2305 3573 2372; x_wconf 80' lang='grc' dir='ltr'>ἐτέρους,</span> <span class='ocrx_word' id='word_1_481' title='bbox 3610 2308 3719 2368; x_wconf 85' lang='grc' dir='ltr'><strong>πᾶς</strong></span> <span class='ocrx_word' id='word_1_482' title='bbox 3762 2307 3791 2357; x_wconf 80' lang='grc' dir='ltr'>ὁ</span> <span class='ocrx_word' id='word_1_483' title='bbox 3841 2306 4031 2375; x_wconf 84' lang='grc' dir='ltr'>χρόνος</span> 
     </span>
    </p>
   </div>
   <div class='ocr_carea' id='block_1_69' title="bbox 2462 2392 4033 2465">
    <p class='ocr_par' dir='ltr' id='par_1_69' title="bbox 2462 2392 4033 2465">
     <span class='ocr_line' id='line_1_69' title="bbox 2462 2392 4033 2465; baseline 0.004 -24"><span class='ocrx_word' id='word_1_484' title='bbox 2462 2392 2555 2442; x_wconf 66' lang='grc' dir='ltr'><strong>καὶ</strong></span> <span class='ocrx_word' id='word_1_485' title='bbox 2582 2393 2609 2443; x_wconf 89' lang='grc' dir='ltr'><strong><em>ὸ</em></strong></span> <span class='ocrx_word' id='word_1_486' title='bbox 2648 2392 2809 2454; x_wconf 83' lang='grc' dir='ltr'>πόνος</span> <span class='ocrx_word' id='word_1_487' title='bbox 2861 2393 3086 2461; x_wconf 85' lang='grc' dir='ltr'>μάταιος</span> <span class='ocrx_word' id='word_1_488' title='bbox 3128 2393 3275 2461; x_wconf 82' lang='grc' dir='ltr'>αὐτῷ</span> <span class='ocrx_word' id='word_1_489' title='bbox 3315 2396 3622 2465; x_wconf 86' lang='grc' dir='ltr'>γενήσεται.</span> <span class='ocrx_word' id='word_1_490' title='bbox 3664 2392 3799 2448; x_wconf 83' lang='grc' dir='ltr'>Εἶτα</span> <span class='ocrx_word' id='word_1_491' title='bbox 3844 2398 4033 2448; x_wconf 79' lang='grc' dir='ltr'>ὑποτί-</span> 
     </span>
    </p>
   </div>
   <div class='ocr_carea' id='block_1_70' title="bbox 2463 2482 4028 2556">
    <p class='ocr_par' dir='ltr' id='par_1_70' title="bbox 2463 2482 4028 2556">
     <span class='ocr_line' id='line_1_70' title="bbox 2463 2482 4028 2556; baseline 0.004 -22"><span class='ocrx_word' id='word_1_492' title='bbox 2463 2490 2613 2534; x_wconf 77' lang='grc' dir='ltr'>θεται</span> <span class='ocrx_word' id='word_1_493' title='bbox 2658 2482 2827 2551; x_wconf 84' lang='grc' dir='ltr'>αύτῷ,</span> <span class='ocrx_word' id='word_1_494' title='bbox 2865 2482 2942 2546; x_wconf 88' lang='grc' dir='ltr'><strong>ὡς</strong></span> <span class='ocrx_word' id='word_1_495' title='bbox 2973 2484 3148 2535; x_wconf 76' lang='grc' dir='ltr'>ούδενὶ</span> <span class='ocrx_word' id='word_1_496' title='bbox 3195 2485 3339 2554; x_wconf 82' lang='grc' dir='ltr'>ἄλλῳ</span> <span class='ocrx_word' id='word_1_497' title='bbox 3387 2486 3572 2554; x_wconf 84' lang='grc' dir='ltr'>τρόπῳ</span> <span class='ocrx_word' id='word_1_498' title='bbox 3617 2486 3904 2556; x_wconf 75' lang='grc' dir='ltr'>δυνήσεται</span> <span class='ocrx_word' id='word_1_499' title='bbox 3930 2488 4028 2556; x_wconf 74' lang='grc' dir='ltr'>τῆς</span> 
     </span>
    </p>
   </div>
   <div class='ocr_carea' id='block_1_71' title="bbox 2464 2574 4032 2647">
    <p class='ocr_par' dir='ltr' id='par_1_71' title="bbox 2464 2574 4032 2647">
     <span class='ocr_line' id='line_1_71' title="bbox 2464 2574 4032 2647; baseline 0.003 -22"><span class='ocrx_word' id='word_1_500' title='bbox 2464 2574 2625 2626; x_wconf 88' lang='grc' dir='ltr'>νόσου</span> <span class='ocrx_word' id='word_1_501' title='bbox 2657 2577 2862 2642; x_wconf 84' lang='grc' dir='ltr'>ταύτης</span> <span class='ocrx_word' id='word_1_502' title='bbox 2903 2574 3365 2641; x_wconf 81' lang='grc' dir='ltr'>ἀπαλλάττεσθαι,</span> <span class='ocrx_word' id='word_1_503' title='bbox 3398 2578 3444 2628; x_wconf 85' lang='grc' dir='ltr'><strong>εί</strong></span> <span class='ocrx_word' id='word_1_504' title='bbox 3480 2575 3555 2646; x_wconf 79' lang='grc' dir='ltr'>μὴ</span> <span class='ocrx_word' id='word_1_505' title='bbox 3582 2577 3669 2629; x_wconf 81' lang='grc' dir='ltr'>διὰ</span> <span class='ocrx_word' id='word_1_506' title='bbox 3696 2578 3757 2629; x_wconf 82' lang='grc' dir='ltr'><strong>τὸ</strong></span> <span class='ocrx_word' id='word_1_507' title='bbox 3795 2579 4032 2647; x_wconf 79' lang='grc' dir='ltr'>συνεχῶς</span> 
     </span>
    </p>
   </div>
   <div class='ocr_carea' id='block_1_72' title="bbox 2465 2663 4033 2735">
    <p class='ocr_par' dir='ltr' id='par_1_72' title="bbox 2465 2663 4033 2735">
     <span class='ocr_line' id='line_1_72' title="bbox 2465 2663 4033 2735; baseline 0.001 -19"><span class='ocrx_word' id='word_1_508' title='bbox 2465 2663 2813 2734; x_wconf 79' lang='grc' dir='ltr'>ἐξέρχεσθαι,</span> <span class='ocrx_word' id='word_1_509' title='bbox 2857 2667 2950 2716; x_wconf 72' lang='grc' dir='ltr'>καὶ</span> <span class='ocrx_word' id='word_1_510' title='bbox 3002 2664 3371 2734; x_wconf 77' lang='grc' dir='ltr'>παραϐάλλειν</span> <span class='ocrx_word' id='word_1_511' title='bbox 3412 2666 3658 2734; x_wconf 80' lang='grc' dir='ltr'>ἀδελφοῖς</span> <span class='ocrx_word' id='word_1_512' title='bbox 3697 2666 3861 2734; x_wconf 76' lang='grc' dir='ltr'>δῆθεν</span> <span class='ocrx_word' id='word_1_513' title='bbox 3892 2666 4033 2735; x_wconf 66' lang='grc' dir='ltr'><strong>ὠφε-</strong></span> 
     </span>
    </p>
   </div>
   <div class='ocr_carea' id='block_1_73' title="bbox 2464 2753 4036 2827">
    <p class='ocr_par' dir='ltr' id='par_1_73' title="bbox 2464 2753 4036 2827">
     <span class='ocr_line' id='line_1_73' title="bbox 2464 2753 4036 2827; baseline 0.003 -24"><span class='ocrx_word' id='word_1_514' title='bbox 2464 2753 2633 2818; x_wconf 86' lang='grc' dir='ltr'>λείας,</span> <span class='ocrx_word' id='word_1_515' title='bbox 2670 2754 2701 2824; x_wconf 79' lang='grc' dir='ltr'><strong>ἢ</strong></span> <span class='ocrx_word' id='word_1_516' title='bbox 2744 2755 3085 2823; x_wconf 65' lang='grc' dir='ltr'>ἐπισκέψεως</span> <span class='ocrx_word' id='word_1_517' title='bbox 3124 2756 3493 2809; x_wconf 83' lang='grc' dir='ltr'>ἀσθενούντων</span> <span class='ocrx_word' id='word_1_518' title='bbox 3524 2756 3707 2826; x_wconf 78' lang='grc' dir='ltr'>χάριν,</span> <span class='ocrx_word' id='word_1_519' title='bbox 3749 2760 3845 2810; x_wconf 78' lang='grc' dir='ltr'><strong>καὶ</strong></span> <span class='ocrx_word' id='word_1_520' title='bbox 3885 2758 4036 2827; x_wconf 82' lang='grc' dir='ltr'>εὑρί-</span> 
     </span>
    </p>
   </div>
   <div class='ocr_carea' id='block_1_74' title="bbox 2465 2842 4032 2917">
    <p class='ocr_par' dir='ltr' id='par_1_74' title="bbox 2465 2842 4032 2917">
     <span class='ocr_line' id='line_1_74' title="bbox 2465 2842 4032 2917; baseline 0.004 -22"><span class='ocrx_word' id='word_1_521' title='bbox 2465 2860 2654 2895; x_wconf 86' lang='grc' dir='ltr'>σκεται</span> <span class='ocrx_word' id='word_1_522' title='bbox 2703 2842 2896 2914; x_wconf 81' lang='grc' dir='ltr'>ὥσπερ</span> <span class='ocrx_word' id='word_1_523' title='bbox 2950 2845 3225 2915; x_wconf 79' lang='grc' dir='ltr'>φρύγανον</span> <span class='ocrx_word' id='word_1_524' title='bbox 3257 2848 3510 2917; x_wconf 86' lang='grc' dir='ltr'>ἐρημίας·</span> <span class='ocrx_word' id='word_1_525' title='bbox 3556 2848 3735 2914; x_wconf 73' lang='grc' dir='ltr'>ὀλίγον</span> <span class='ocrx_word' id='word_1_526' title='bbox 3764 2848 4032 2917; x_wconf 79' lang='grc' dir='ltr'>ἡσύχασε.</span> 
     </span>
    </p>
   </div>
   <div class='ocr_carea' id='block_1_75' title="bbox 2464 2933 4036 3010">
    <p class='ocr_par' dir='ltr' id='par_1_75' title="bbox 2464 2933 4036 3010">
     <span class='ocr_line' id='line_1_75' title="bbox 2464 2933 4036 3010; baseline 0.008 -28"><span class='ocrx_word' id='word_1_527' title='bbox 2464 2933 2556 2983; x_wconf 73' lang='grc' dir='ltr'><strong>καὶ</strong></span> <span class='ocrx_word' id='word_1_528' title='bbox 2586 2933 2748 2985; x_wconf 86' lang='grc' dir='ltr'>πάλιν</span> <span class='ocrx_word' id='word_1_529' title='bbox 2797 2934 2903 2985; x_wconf 72' lang='grc' dir='ltr'>ὑπὸ</span> <span class='ocrx_word' id='word_1_530' title='bbox 2930 2936 3135 3005; x_wconf 79' lang='grc' dir='ltr'>ἀνέμου</span> <span class='ocrx_word' id='word_1_531' title='bbox 3166 2937 3466 2991; x_wconf 86' lang='grc' dir='ltr'>ἐλαύνεται.</span> <span class='ocrx_word' id='word_1_532' title='bbox 3506 2940 3613 2992; x_wconf 70' lang='grc' dir='ltr'>Καὶ</span> <span class='ocrx_word' id='word_1_533' title='bbox 3642 2940 3833 3010; x_wconf 72' lang='grc' dir='ltr'>ὥσπερ</span> <span class='ocrx_word' id='word_1_534' title='bbox 3868 2942 4036 3010; x_wconf 64' lang='grc' dir='ltr'>φυτὸν</span> 
     </span>
    </p>
   </div>
   <div class='ocr_carea' id='block_1_76' title="bbox 2467 3023 4036 3101">
    <p class='ocr_par' dir='ltr' id='par_1_76' title="bbox 2467 3023 4036 3101">
     <span class='ocr_line' id='line_1_76' title="bbox 2467 3023 4036 3101; baseline 0.008 -30"><span class='ocrx_word' id='word_1_535' title='bbox 2467 3023 2609 3089; x_wconf 77' lang='grc' dir='ltr'>μέγα</span> <span class='ocrx_word' id='word_1_536' title='bbox 2647 3025 3071 3094; x_wconf 79' lang='grc' dir='ltr'>ἀφαιρούμενον,</span> <span class='ocrx_word' id='word_1_537' title='bbox 3102 3027 3242 3079; x_wconf 78' lang='grc' dir='ltr'>οὕτω</span> <span class='ocrx_word' id='word_1_538' title='bbox 3268 3030 3362 3081; x_wconf 77' lang='grc' dir='ltr'><strong>καὶ</strong></span> <span class='ocrx_word' id='word_1_539' title='bbox 3385 3030 3615 3099; x_wconf 81' lang='grc' dir='ltr'>μοναχὺς</span> <span class='ocrx_word' id='word_1_540' title='bbox 3644 3033 3919 3101; x_wconf 82' lang='grc' dir='ltr'>γυρευτὴς</span> <span class='ocrx_word' id='word_1_541' title='bbox 3936 3033 4036 3085; x_wconf 79' lang='grc' dir='ltr'>οὐκ</span> 
     </span>
    </p>
   </div>
   <div class='ocr_carea' id='block_1_77' title="bbox 2463 3115 4036 3192">
    <p class='ocr_par' dir='ltr' id='par_1_77' title="bbox 2463 3115 4036 3192">
     <span class='ocr_line' id='line_1_77' title="bbox 2463 3115 4036 3192; baseline 0.006 -27"><span class='ocrx_word' id='word_1_542' title='bbox 2463 3115 2600 3168; x_wconf 75' lang='grc' dir='ltr'>οἴσει</span> <span class='ocrx_word' id='word_1_543' title='bbox 2656 3117 2869 3181; x_wconf 77' lang='grc' dir='ltr'>καρπὸν</span> <span class='ocrx_word' id='word_1_544' title='bbox 2918 3118 3140 3185; x_wconf 82' lang='grc' dir='ltr'>ἀρετῆς·</span> <span class='ocrx_word' id='word_1_545' title='bbox 3180 3121 3273 3171; x_wconf 82' lang='grc' dir='ltr'><strong>καὶ</strong></span> <span class='ocrx_word' id='word_1_546' title='bbox 3321 3119 3507 3192; x_wconf 80' lang='grc' dir='ltr'>ὥσπερ</span> <span class='ocrx_word' id='word_1_547' title='bbox 3554 3122 3750 3189; x_wconf 73' lang='grc' dir='ltr'>νεφέλη</span> <span class='ocrx_word' id='word_1_548' title='bbox 3807 3123 4036 3192; x_wconf 78' lang='grc' dir='ltr'>ἄνυδρος</span> 
     </span>
    </p>
   </div>
   <div class='ocr_carea' id='block_1_78' title="bbox 2413 3198 4033 3282">
    <p class='ocr_par' dir='ltr' id='par_1_78' title="bbox 2413 3198 4033 3282">
     <span class='ocr_line' id='line_1_78' title="bbox 2413 3198 4033 3282; baseline 0.007 -29"><span class='ocrx_word' id='word_1_549' title='bbox 2413 3198 2429 3216; x_wconf 79' lang='grc'><em>³</em></span> <span class='ocrx_word' id='word_1_550' title='bbox 2467 3203 2571 3255; x_wconf 78' lang='grc' dir='ltr'><strong>ὑπὸ</strong></span> <span class='ocrx_word' id='word_1_551' title='bbox 2613 3204 2813 3273; x_wconf 82' lang='grc' dir='ltr'>ἀνέμου</span> <span class='ocrx_word' id='word_1_552' title='bbox 2843 3206 3117 3269; x_wconf 82' lang='grc' dir='ltr'>διώκεται,</span> <span class='ocrx_word' id='word_1_553' title='bbox 3149 3208 3289 3261; x_wconf 74' lang='grc' dir='ltr'>οὕτω</span> <span class='ocrx_word' id='word_1_554' title='bbox 3340 3212 3570 3278; x_wconf 68' lang='grc' dir='ltr'>μοναχδς</span> <span class='ocrx_word' id='word_1_555' title='bbox 3613 3214 3685 3282; x_wconf 77' lang='grc' dir='ltr'>μὴ</span> <span class='ocrx_word' id='word_1_556' title='bbox 3728 3213 3867 3281; x_wconf 82' lang='grc' dir='ltr'>ἔχων</span> <span class='ocrx_word' id='word_1_557' title='bbox 3902 3214 4033 3265; x_wconf 82' lang='grc' dir='ltr'>ὑπο-</span> 
     </span>
    </p>
   </div>
   <div class='ocr_carea' id='block_1_79' title="bbox 2469 3296 4036 3374">
    <p class='ocr_par' dir='ltr' id='par_1_79' title="bbox 2469 3296 4036 3374">
     <span class='ocr_line' id='line_1_79' title="bbox 2469 3296 4036 3374; baseline 0.008 -30"><span class='ocrx_word' id='word_1_558' title='bbox 2469 3297 2637 3363; x_wconf 83' lang='grc' dir='ltr'>μονήν</span> <span class='ocrx_word' id='word_1_559' title='bbox 2674 3296 2779 3347; x_wconf 79' lang='grc' dir='ltr'><strong>ὑπὸ</strong></span> <span class='ocrx_word' id='word_1_560' title='bbox 2808 3298 3115 3365; x_wconf 88' lang='grc' dir='ltr'>πνεύματος</span> <span class='ocrx_word' id='word_1_561' title='bbox 3145 3300 3393 3369; x_wconf 81' lang='grc' dir='ltr'>ἁκηδίας.</span> <span class='ocrx_word' id='word_1_562' title='bbox 3428 3302 3536 3353; x_wconf 74' lang='grc' dir='ltr'>Καὶ</span> <span class='ocrx_word' id='word_1_563' title='bbox 3564 3304 3691 3355; x_wconf 81' lang='grc' dir='ltr'>ὅταν</span> <span class='ocrx_word' id='word_1_564' title='bbox 3733 3304 3791 3355; x_wconf 78' lang='grc' dir='ltr'>δὲ</span> <span class='ocrx_word' id='word_1_565' title='bbox 3831 3306 3929 3356; x_wconf 66' lang='grc' dir='ltr'><strong>καὶ</strong></span> <span class='ocrx_word' id='word_1_566' title='bbox 3960 3305 4036 3374; x_wconf 79' lang='grc' dir='ltr'>μὴ</span> 
     </span>
    </p>
   </div>
   <div class='ocr_carea' id='block_1_80' title="bbox 2462 3386 4038 3462">
    <p class='ocr_par' dir='ltr' id='par_1_80' title="bbox 2462 3386 4038 3462">
     <span class='ocr_line' id='line_1_80' title="bbox 2462 3386 4038 3462; baseline 0.006 -26"><span class='ocrx_word' id='word_1_567' title='bbox 2462 3386 2661 3454; x_wconf 83' lang='grc' dir='ltr'>δυνηθῇ</span> <span class='ocrx_word' id='word_1_568' title='bbox 2695 3386 2923 3439; x_wconf 75' lang='grc' dir='ltr'>ἐκϐάλαι</span> <span class='ocrx_word' id='word_1_569' title='bbox 2950 3388 3111 3440; x_wconf 79' lang='grc' dir='ltr'>αὑτὸν</span> <span class='ocrx_word' id='word_1_570' title='bbox 3136 3389 3197 3441; x_wconf 86' lang='grc' dir='ltr'><strong>ἐκ</strong></span> <span class='ocrx_word' id='word_1_571' title='bbox 3229 3390 3326 3459; x_wconf 81' lang='grc' dir='ltr'>τῆς</span> <span class='ocrx_word' id='word_1_572' title='bbox 3361 3391 3577 3459; x_wconf 84' lang='grc' dir='ltr'>κέλλης.</span> <span class='ocrx_word' id='word_1_573' title='bbox 3611 3392 3841 3462; x_wconf 80' lang='grc' dir='ltr'>ἄρχεται</span> <span class='ocrx_word' id='word_1_574' title='bbox 3873 3394 4038 3447; x_wconf 73' lang='grc' dir='ltr'>αὑτὸν</span> 
     </span>
    </p>
   </div>
   <div class='ocr_carea' id='block_1_81' title="bbox 2463 3477 4036 3556">
    <p class='ocr_par' dir='ltr' id='par_1_81' title="bbox 2463 3477 4036 3556">
     <span class='ocr_line' id='line_1_81' title="bbox 2463 3477 4036 3556; baseline 0.008 -28"><span class='ocrx_word' id='word_1_575' title='bbox 2463 3478 2520 3528; x_wconf 84' lang='grc' dir='ltr'><strong>ἐν</strong></span> <span class='ocrx_word' id='word_1_576' title='bbox 2536 3477 2674 3547; x_wconf 79' lang='grc' dir='ltr'>αὐτῇ</span> <span class='ocrx_word' id='word_1_577' title='bbox 2702 3496 2765 3529; x_wconf 88' lang='grc' dir='ltr'><strong>πε</strong></span> <span class='ocrx_word' id='word_1_578' title='bbox 2777 3480 2977 3549; x_wconf 76' lang='grc' dir='ltr'>ρισπᾷν</span> <span class='ocrx_word' id='word_1_579' title='bbox 2998 3481 3056 3531; x_wconf 87' lang='grc' dir='ltr'><strong>ἐν</strong></span> <span class='ocrx_word' id='word_1_580' title='bbox 3069 3483 3133 3550; x_wconf 84' lang='grc' dir='ltr'>τῇ</span> <span class='ocrx_word' id='word_1_581' title='bbox 3151 3480 3268 3552; x_wconf 71' lang='grc' dir='ltr'>ὥρα</span> <span class='ocrx_word' id='word_1_582' title='bbox 3294 3485 3392 3552; x_wconf 84' lang='grc' dir='ltr'>τῆς</span> <span class='ocrx_word' id='word_1_583' title='bbox 3416 3486 3707 3549; x_wconf 80' lang='grc' dir='ltr'>συνάξεως·</span> <span class='ocrx_word' id='word_1_584' title='bbox 3722 3487 3920 3551; x_wconf 80' lang='grc' dir='ltr'>Τοῦτο,</span> <span class='ocrx_word' id='word_1_585' title='bbox 3937 3506 4036 3556; x_wconf 74' lang='grc' dir='ltr'><strong>φη-</strong></span> 
     </span>
    </p>
   </div>
   <div class='ocr_carea' id='block_1_82' title="bbox 2465 3568 4039 3644">
    <p class='ocr_par' dir='ltr' id='par_1_82' title="bbox 2465 3568 4039 3644">
     <span class='ocr_line' id='line_1_82' title="bbox 2465 3568 4039 3644; baseline 0.008 -28"><span class='ocrx_word' id='word_1_586' title='bbox 2465 3568 2569 3629; x_wconf 80' lang='grc' dir='ltr'>σὶν,</span> <span class='ocrx_word' id='word_1_587' title='bbox 2601 3568 2987 3636; x_wconf 83' lang='grc' dir='ltr'>ἀνεπιτηδείως</span> <span class='ocrx_word' id='word_1_588' title='bbox 3009 3574 3183 3624; x_wconf 87' lang='grc' dir='ltr'>κεῖται</span> <span class='ocrx_word' id='word_1_589' title='bbox 3201 3572 3276 3640; x_wconf 80' lang='grc' dir='ltr'>τῷ</span> <span class='ocrx_word' id='word_1_590' title='bbox 3294 3572 3436 3642; x_wconf 84' lang='grc' dir='ltr'>ἄλλῳ</span> <span class='ocrx_word' id='word_1_591' title='bbox 3453 3592 3464 3603; x_wconf 88' lang='grc'><strong>·</strong></span> <span class='ocrx_word' id='word_1_592' title='bbox 3491 3575 3549 3626; x_wconf 84' lang='grc' dir='ltr'><strong>ού</strong></span> <span class='ocrx_word' id='word_1_593' title='bbox 3574 3576 3729 3644; x_wconf 84' lang='grc' dir='ltr'>χρεία</span> <span class='ocrx_word' id='word_1_594' title='bbox 3748 3571 3852 3642; x_wconf 80' lang='grc' dir='ltr'>ᾧδε</span> <span class='ocrx_word' id='word_1_595' title='bbox 3872 3574 4039 3641; x_wconf 79' lang='grc' dir='ltr'>εἶναι,</span> 
     </span>
    </p>
   </div>
   <div class='ocr_carea' id='block_1_83' title="bbox 2462 3652 4042 3743">
    <p class='ocr_par' dir='ltr' id='par_1_83' title="bbox 2462 3652 4042 3743">
     <span class='ocr_line' id='line_1_83' title="bbox 2462 3652 4042 3743; baseline 0.009 -35"><span class='ocrx_word' id='word_1_596' title='bbox 2462 3657 2608 3719; x_wconf 80' lang='grc' dir='ltr'>ὅπως</span> <span class='ocrx_word' id='word_1_597' title='bbox 2638 3659 2730 3710; x_wconf 86' lang='grc' dir='ltr'><strong>τὸν</strong></span> <span class='ocrx_word' id='word_1_598' title='bbox 2761 3660 2885 3712; x_wconf 83' lang='grc' dir='ltr'>νοῦν</span> <span class='ocrx_word' id='word_1_599' title='bbox 2913 3661 3080 3713; x_wconf 80' lang='grc' dir='ltr'>αὑτοῦ</span> <span class='ocrx_word' id='word_1_600' title='bbox 3109 3664 3276 3730; x_wconf 75' lang='grc' dir='ltr'>ἀργὸν</span> <span class='ocrx_word' id='word_1_601' title='bbox 3306 3666 3400 3716; x_wconf 72' lang='grc' dir='ltr'>καὶ</span> <span class='ocrx_word' id='word_1_602' title='bbox 3430 3667 3681 3735; x_wconf 83' lang='grc' dir='ltr'>ἄκαρπον</span> <span class='ocrx_word' id='word_1_603' title='bbox 3714 3652 4042 3743; x_wconf 72' lang='grc' dir='ltr'>καταστήσῃ</span> 
     </span>
    </p>
   </div>
   <div class='ocr_carea' id='block_1_84' title="bbox 2462 3752 4042 3833">
    <p class='ocr_par' dir='ltr' id='par_1_84' title="bbox 2462 3752 4042 3833">
     <span class='ocr_line' id='line_1_84' title="bbox 2462 3752 4042 3833; baseline 0.008 -30"><span class='ocrx_word' id='word_1_604' title='bbox 2462 3754 2525 3803; x_wconf 83' lang='grc' dir='ltr'><strong>ἐκ</strong></span> <span class='ocrx_word' id='word_1_605' title='bbox 2552 3755 2647 3821; x_wconf 77' lang='grc' dir='ltr'>τῆς</span> <span class='ocrx_word' id='word_1_606' title='bbox 2683 3752 2991 3818; x_wconf 83' lang='grc' dir='ltr'>δοξολογίας</span> <span class='ocrx_word' id='word_1_607' title='bbox 3034 3752 3127 3804; x_wconf 85' lang='grc' dir='ltr'>τοῦ</span> <span class='ocrx_word' id='word_1_608' title='bbox 3159 3754 3315 3808; x_wconf 80' lang='grc' dir='ltr'>Θεοῦ.</span> <span class='ocrx_word' id='word_1_609' title='bbox 3356 3756 3538 3808; x_wconf 83' lang='grc' dir='ltr'>Ταῦτα</span> <span class='ocrx_word' id='word_1_610' title='bbox 3570 3758 3626 3810; x_wconf 85' lang='grc' dir='ltr'>δὲ</span> <span class='ocrx_word' id='word_1_611' title='bbox 3661 3761 3837 3813; x_wconf 85' lang='grc' dir='ltr'>πάντα</span> <span class='ocrx_word' id='word_1_612' title='bbox 3868 3763 3905 3831; x_wconf 83' lang='grc' dir='ltr'><strong>ἡ</strong></span> <span class='ocrx_word' id='word_1_613' title='bbox 3938 3764 4042 3833; x_wconf 61' lang='grc' dir='ltr'><strong>ἀρε</strong></span> 
     </span>
    </p>
   </div>
   <div class='ocr_carea' id='block_1_85' title="bbox 2462 3842 4043 3919">
    <p class='ocr_par' dir='ltr' id='par_1_85' title="bbox 2462 3842 4043 3919">
     <span class='ocr_line' id='line_1_85' title="bbox 2462 3842 4043 3919; baseline 0.007 -27"><span class='ocrx_word' id='word_1_614' title='bbox 2462 3842 2557 3908; x_wconf 81' lang='grc' dir='ltr'><strong>γία</strong></span> <span class='ocrx_word' id='word_1_615' title='bbox 2579 3842 2673 3894; x_wconf 71' lang='grc' dir='ltr'><strong>καὶ</strong></span> <span class='ocrx_word' id='word_1_616' title='bbox 2704 3844 2736 3911; x_wconf 83' lang='grc' dir='ltr'>ἡ</span> <span class='ocrx_word' id='word_1_617' title='bbox 2766 3842 3006 3912; x_wconf 74' lang='grc' dir='ltr'>ῥᾳθυμία</span> <span class='ocrx_word' id='word_1_618' title='bbox 3034 3844 3450 3913; x_wconf 77' lang='grc' dir='ltr'>κ.;.τεργάζεται.</span> <span class='ocrx_word' id='word_1_619' title='bbox 3469 3846 3603 3898; x_wconf 86' lang='grc' dir='ltr'>Ούδέ</span> <span class='ocrx_word' id='word_1_620' title='bbox 3631 3848 3738 3917; x_wconf 79' lang='grc' dir='ltr'>γὰρ</span> <span class='ocrx_word' id='word_1_621' title='bbox 3762 3851 4043 3919; x_wconf 78' lang='grc' dir='ltr'>στοιχήσει</span> 
     </span>
    </p>
   </div>
   <div class='ocr_carea' id='block_1_86' title="bbox 2461 3932 4043 4002">
    <p class='ocr_par' dir='ltr' id='par_1_86' title="bbox 2461 3932 4043 4002">
     <span class='ocr_line' id='line_1_86' title="bbox 2461 3932 4043 4002; baseline 0.005 -21"><span class='ocrx_word' id='word_1_622' title='bbox 2461 3932 2794 4001; x_wconf 82' lang='grc' dir='ltr'>ἀκηδιαστὴς</span> <span class='ocrx_word' id='word_1_623' title='bbox 2846 3933 3079 4002; x_wconf 85' lang='grc' dir='ltr'>μοναχὺς</span> <span class='ocrx_word' id='word_1_624' title='bbox 3125 3934 3271 4002; x_wconf 76' lang='grc' dir='ltr'>ἔργῳ</span> <span class='ocrx_word' id='word_1_625' title='bbox 3314 3936 3392 3985; x_wconf 86' lang='grc' dir='ltr'><strong>ἐνί</strong></span> <span class='ocrx_word' id='word_1_626' title='bbox 3437 3952 3590 3988; x_wconf 88' lang='grc' dir='ltr'>ποτε.</span> <span class='ocrx_word' id='word_1_627' title='bbox 3630 3938 3792 3989; x_wconf 83' lang='grc' dir='ltr'>Ἀλλὰ</span> <span class='ocrx_word' id='word_1_628' title='bbox 3823 3940 3923 3991; x_wconf 79' lang='grc' dir='ltr'>καὶ</span> <span class='ocrx_word' id='word_1_629' title='bbox 3963 3940 4043 4000; x_wconf 77' lang='grc' dir='ltr'><strong>είς</strong></span> 
     </span>
    </p>
   </div>
   <div class='ocr_carea' id='block_1_87' title="bbox 2463 4025 4040 4099">
    <p class='ocr_par' dir='ltr' id='par_1_87' title="bbox 2463 4025 4040 4099">
     <span class='ocr_line' id='line_1_87' title="bbox 2463 4025 4040 4099; baseline 0.008 -26"><span class='ocrx_word' id='word_1_630' title='bbox 2463 4025 2768 4093; x_wconf 74' lang='grc' dir='ltr'>προσευχὴν</span> <span class='ocrx_word' id='word_1_631' title='bbox 2811 4025 3059 4095; x_wconf 79' lang='grc' dir='ltr'>ὀκνηρὸς,</span> <span class='ocrx_word' id='word_1_632' title='bbox 3092 4027 3171 4089; x_wconf 88' lang='grc' dir='ltr'><strong>είς</strong></span> <span class='ocrx_word' id='word_1_633' title='bbox 3210 4025 3266 4077; x_wconf 83' lang='grc' dir='ltr'>δὲ</span> <span class='ocrx_word' id='word_1_634' title='bbox 3307 4028 3634 4095; x_wconf 81' lang='grc' dir='ltr'>ἀργολογίαν</span> <span class='ocrx_word' id='word_1_635' title='bbox 3662 4029 4040 4099; x_wconf 83' lang='grc' dir='ltr'>εύπρόθυμος.</span> 
     </span>
    </p>
   </div>
   <div class='ocr_carea' id='block_1_88' title="bbox 2476 4112 4040 4187">
    <p class='ocr_par' dir='ltr' id='par_1_88' title="bbox 2476 4112 4040 4187">
     <span class='ocr_line' id='line_1_88' title="bbox 2476 4112 4040 4187; baseline 0.008 -25"><span class='ocrx_word' id='word_1_636' title='bbox 2476 4116 2532 4162; x_wconf 83' lang='grc'><strong>’0</strong></span> <span class='ocrx_word' id='word_1_637' title='bbox 2582 4114 2748 4166; x_wconf 83' lang='grc' dir='ltr'>θέλων</span> <span class='ocrx_word' id='word_1_638' title='bbox 2795 4112 2887 4168; x_wconf 77' lang='grc' dir='ltr'>οὗν</span> <span class='ocrx_word' id='word_1_639' title='bbox 2940 4116 3313 4186; x_wconf 76' lang='grc' dir='ltr'>περιγενέσθαι</span> <span class='ocrx_word' id='word_1_640' title='bbox 3363 4117 3457 4169; x_wconf 80' lang='grc' dir='ltr'>τοῦ</span> <span class='ocrx_word' id='word_1_641' title='bbox 3518 4119 3771 4187; x_wconf 84' lang='grc' dir='ltr'>δαίμονος</span> <span class='ocrx_word' id='word_1_642' title='bbox 3819 4121 4040 4181; x_wconf 84' lang='grc' dir='ltr'>τούτου.</span> 
     </span>
    </p>
   </div>
   <div class='ocr_carea' id='block_1_89' title="bbox 2459 4203 4042 4281">
    <p class='ocr_par' dir='ltr' id='par_1_89' title="bbox 2459 4203 4042 4281">
     <span class='ocr_line' id='line_1_89' title="bbox 2459 4203 4042 4281; baseline -0.002 -25"><span class='ocrx_word' id='word_1_643' title='bbox 2459 4203 2608 4267; x_wconf 78' lang='grc' dir='ltr'>τάξει</span> <span class='ocrx_word' id='word_1_644' title='bbox 2642 4205 2818 4274; x_wconf 81' lang='grc' dir='ltr'>ἐαυτῷ</span> <span class='ocrx_word' id='word_1_645' title='bbox 2865 4206 3063 4275; x_wconf 78' lang='grc' dir='ltr'>μέτρον</span> <span class='ocrx_word' id='word_1_646' title='bbox 3120 4208 3178 4261; x_wconf 88' lang='grc' dir='ltr'><strong>ἐν</strong></span> <span class='ocrx_word' id='word_1_647' title='bbox 3211 4208 3373 4260; x_wconf 73' lang='grc' dir='ltr'>παντὶ</span> <span class='ocrx_word' id='word_1_648' title='bbox 3411 4208 3579 4277; x_wconf 80' lang='grc' dir='ltr'>ἔργῳ.</span> <span class='ocrx_word' id='word_1_649' title='bbox 3624 4213 3734 4263; x_wconf 74' lang='grc' dir='ltr'><strong>Καὶ</strong></span> <span class='ocrx_word' id='word_1_650' title='bbox 3773 4212 3850 4281; x_wconf 81' lang='grc' dir='ltr'><strong>μὴ</strong></span> <span class='ocrx_word' id='word_1_651' title='bbox 3901 4216 4042 4281; x_wconf 61' lang='grc' dir='ltr'>πρά-</span> 
     </span>
    </p>
   </div>
   <div class='ocr_carea' id='block_1_90' title="bbox 2460 4298 4042 4373">
    <p class='ocr_par' dir='ltr' id='par_1_90' title="bbox 2460 4298 4042 4373">
     <span class='ocr_line' id='line_1_90' title="bbox 2460 4298 4042 4373; baseline 0.006 -25"><span class='ocrx_word' id='word_1_652' title='bbox 2460 4314 2512 4348; x_wconf 87' lang='grc' dir='ltr'><strong>τε</strong></span> <span class='ocrx_word' id='word_1_653' title='bbox 2528 4314 2617 4364; x_wconf 87' lang='grc' dir='ltr'><strong>ρον</strong></span> <span class='ocrx_word' id='word_1_654' title='bbox 2657 4298 2865 4367; x_wconf 83' lang='grc' dir='ltr'>ἀποστῇ</span> <span class='ocrx_word' id='word_1_655' title='bbox 2899 4300 3028 4367; x_wconf 80' lang='grc' dir='ltr'>πρὶν</span> <span class='ocrx_word' id='word_1_656' title='bbox 3052 4299 3269 4353; x_wconf 83' lang='grc' dir='ltr'>τελέσαι</span> <span class='ocrx_word' id='word_1_657' title='bbox 3294 4299 3475 4353; x_wconf 84' lang='grc' dir='ltr'>τοῦτο.</span> <span class='ocrx_word' id='word_1_658' title='bbox 3504 4303 3611 4354; x_wconf 67' lang='grc' dir='ltr'>Καὶ</span> <span class='ocrx_word' id='word_1_659' title='bbox 3637 4305 4042 4373; x_wconf 77' lang='grc' dir='ltr'>προσευχέσθω</span> 
     </span>
    </p>
   </div>
   <div class='ocr_carea' id='block_1_91' title="bbox 2461 4390 4041 4467">
    <p class='ocr_par' dir='ltr' id='par_1_91' title="bbox 2461 4390 4041 4467">
     <span class='ocr_line' id='line_1_91' title="bbox 2461 4390 4041 4467; baseline 0.007 -28"><span class='ocrx_word' id='word_1_660' title='bbox 2461 4390 2698 4457; x_wconf 69' lang='grc' dir='ltr'>συνεχῶς</span> <span class='ocrx_word' id='word_1_661' title='bbox 2734 4391 2827 4441; x_wconf 76' lang='grc' dir='ltr'><strong>καὶ</strong></span> <span class='ocrx_word' id='word_1_662' title='bbox 2862 4391 3161 4460; x_wconf 79' lang='grc' dir='ltr'>συντόμως,</span> <span class='ocrx_word' id='word_1_663' title='bbox 3202 4394 3294 4445; x_wconf 72' lang='grc' dir='ltr'><strong>καὶ</strong></span> <span class='ocrx_word' id='word_1_664' title='bbox 3325 4392 3384 4444; x_wconf 75' lang='grc' dir='ltr'>τὸ</span> <span class='ocrx_word' id='word_1_665' title='bbox 3416 4393 3631 4464; x_wconf 82' lang='grc' dir='ltr'>πνεῦμα</span> <span class='ocrx_word' id='word_1_666' title='bbox 3670 4395 3771 4465; x_wconf 81' lang='grc' dir='ltr'>τῆς</span> <span class='ocrx_word' id='word_1_667' title='bbox 3802 4398 4041 4467; x_wconf 75' lang='grc' dir='ltr'>ἀκηδίας</span> 
     </span>
    </p>
   </div>
   <div class='ocr_carea' id='block_1_92' title="bbox 790 4480 2361 4557">
    <p class='ocr_par' dir='ltr' id='par_1_92' title="bbox 790 4481 2356 4552">
     <span class='ocr_line' id='line_1_92' title="bbox 790 4481 2356 4552; baseline -0.001 -15"><span class='ocrx_word' id='word_1_668' title='bbox 790 4484 1007 4538; x_wconf 86' lang='lat' dir='ltr'><strong>diversa</strong></span> <span class='ocrx_word' id='word_1_669' title='bbox 1038 4483 1297 4552; x_wconf 91' lang='lat' dir='ltr'><strong>abripiat.</strong></span> <span class='ocrx_word' id='word_1_670' title='bbox 1363 4482 1577 4551; x_wconf 77' lang='lat'><strong>1070</strong></span> <span class='ocrx_word' id='word_1_671' title='bbox 1625 4481 1821 4535; x_wconf 89' lang='lat' dir='ltr'><strong>Secum</strong></span> <span class='ocrx_word' id='word_1_672' title='bbox 1862 4482 2086 4536; x_wconf 89' lang='lat' dir='ltr'><strong>interim</strong></span> <span class='ocrx_word' id='word_1_673' title='bbox 2128 4482 2356 4536; x_wconf 88' lang='lat' dir='ltr'><strong>admur-</strong></span> 
     </span>
    </p>
   </div>
   <div class='ocr_carea' id='block_1_93' title="bbox 2459 4480 4044 4557">
    <p class='ocr_par' dir='ltr' id='par_1_93' title="bbox 2464 4480 4044 4557">
     <span class='ocr_line' id='line_1_93' title="bbox 2464 4480 4044 4557; baseline 0.005 -27"><span class='ocrx_word' id='word_1_674' title='bbox 2464 4480 2719 4547; x_wconf 80' lang='grc' dir='ltr'>φεύξεται</span> <span class='ocrx_word' id='word_1_675' title='bbox 2750 4480 2843 4532; x_wconf 85' lang='grc' dir='ltr'>ἀπ’</span> <span class='ocrx_word' id='word_1_676' title='bbox 2878 4480 3064 4534; x_wconf 74' lang='grc' dir='ltr'>αὐτοῦ.</span> <span class='ocrx_word' id='word_1_677' title='bbox 3100 4483 3173 4533; x_wconf 80' lang='grc' dir='ltr'>Τὸ</span> <span class='ocrx_word' id='word_1_678' title='bbox 3208 4483 3318 4554; x_wconf 82' lang='grc' dir='ltr'><strong>γάρ</strong></span> <span class='ocrx_word' id='word_1_679' title='bbox 3361 4484 3529 4547; x_wconf 79' lang='grc' dir='ltr'>πάθος</span> <span class='ocrx_word' id='word_1_680' title='bbox 3563 4484 3720 4537; x_wconf 78' lang='grc' dir='ltr'>τοῦτο</span> <span class='ocrx_word' id='word_1_681' title='bbox 3746 4484 3835 4538; x_wconf 80' lang='grc' dir='ltr'>διὰ</span> <span class='ocrx_word' id='word_1_682' title='bbox 3870 4504 4044 4557; x_wconf 81' lang='grc' dir='ltr'>προσ-</span> 
     </span>
    </p>
   </div>
   <div class='ocr_carea' id='block_1_94' title="bbox 790 4573 2351 4643">
    <p class='ocr_par' dir='ltr' id='par_1_94' title="bbox 790 4573 2351 4643">
     <span class='ocr_line' id='line_1_94' title="bbox 790 4573 2351 4643; baseline 0 -17"><span class='ocrx_word' id='word_1_683' title='bbox 790 4584 993 4636; x_wconf 87' lang='lat' dir='ltr'><strong>nmrat,</strong></span> <span class='ocrx_word' id='word_1_684' title='bbox 1027 4574 1131 4627; x_wconf 91' lang='lat' dir='ltr'><strong>hoc</strong></span> <span class='ocrx_word' id='word_1_685' title='bbox 1154 4574 1500 4628; x_wconf 84' lang='lat' dir='ltr'><strong>incommode</strong></span> <span class='ocrx_word' id='word_1_686' title='bbox 1532 4588 1635 4626; x_wconf 91' lang='lat' dir='ltr'><strong>nec</strong></span> <span class='ocrx_word' id='word_1_687' title='bbox 1664 4588 1766 4625; x_wconf 91' lang='lat' dir='ltr'><strong>suo</strong></span> <span class='ocrx_word' id='word_1_688' title='bbox 1794 4573 1913 4627; x_wconf 93' lang='lat' dir='ltr'><strong>loco</strong></span> <span class='ocrx_word' id='word_1_689' title='bbox 1946 4573 2187 4643; x_wconf 87' lang='lat' dir='ltr'><strong>positum</strong></span> <span class='ocrx_word' id='word_1_690' title='bbox 2225 4583 2309 4628; x_wconf 90' lang='lat' dir='ltr'><strong>est</strong></span> <span class='ocrx_word' id='word_1_691' title='bbox 2338 4592 2351 4639; x_wconf 92' lang='lat'>;</span> 
     </span>
    </p>
   </div>
   <div class='ocr_carea' id='block_1_95' title="bbox 792 4663 2345 4734">
    <p class='ocr_par' dir='ltr' id='par_1_95' title="bbox 792 4663 2345 4734">
     <span class='ocr_line' id='line_1_95' title="bbox 792 4663 2345 4734; baseline -0.001 -16"><span class='ocrx_word' id='word_1_692' title='bbox 792 4665 925 4719; x_wconf 89' lang='lat' dir='ltr'><strong>illud</strong></span> <span class='ocrx_word' id='word_1_693' title='bbox 951 4666 1082 4720; x_wconf 90' lang='lat' dir='ltr'><strong>item</strong></span> <span class='ocrx_word' id='word_1_694' title='bbox 1111 4676 1276 4734; x_wconf 90' lang='lat' dir='ltr'><strong>atque</strong></span> <span class='ocrx_word' id='word_1_695' title='bbox 1304 4665 1476 4729; x_wconf 90' lang='lat' dir='ltr'><strong>aliud,</strong></span> <span class='ocrx_word' id='word_1_696' title='bbox 1503 4663 1641 4718; x_wconf 89' lang='lat' dir='ltr'><strong>nihil</strong></span> <span class='ocrx_word' id='word_1_697' title='bbox 1665 4673 1750 4718; x_wconf 91' lang='lat' dir='ltr'><strong>est</strong></span> <span class='ocrx_word' id='word_1_698' title='bbox 1780 4680 2005 4719; x_wconf 88' lang='lat' dir='ltr'><strong>necesse</strong></span> <span class='ocrx_word' id='word_1_699' title='bbox 2032 4676 2090 4718; x_wconf 89' lang='lat' dir='ltr'><strong>ut</strong></span> <span class='ocrx_word' id='word_1_700' title='bbox 2116 4666 2207 4720; x_wconf 87' lang='lat' dir='ltr'><strong>hic</strong></span> <span class='ocrx_word' id='word_1_701' title='bbox 2237 4666 2305 4719; x_wconf 88' lang='lat' dir='ltr'><strong>sit</strong></span> <span class='ocrx_word' id='word_1_702' title='bbox 2334 4683 2345 4717; x_wconf 91' lang='lat'>:</span> 
     </span>
    </p>
   </div>
   <div class='ocr_carea' id='block_1_96' title="bbox 790 4754 2357 4825">
    <p class='ocr_par' dir='ltr' id='par_1_96' title="bbox 790 4754 2357 4825">
     <span class='ocr_line' id='line_1_96' title="bbox 790 4754 2357 4825; baseline -0.001 -15"><span class='ocrx_word' id='word_1_703' title='bbox 790 4758 1030 4825; x_wconf 86' lang='lat' dir='ltr'><strong>dumque</strong></span> <span class='ocrx_word' id='word_1_704' title='bbox 1066 4756 1328 4811; x_wconf 88' lang='lat' dir='ltr'><strong>miserum</strong></span> <span class='ocrx_word' id='word_1_705' title='bbox 1369 4766 1615 4810; x_wconf 89' lang='lat' dir='ltr'><strong>avocata</strong></span> <span class='ocrx_word' id='word_1_706' title='bbox 1654 4754 1916 4809; x_wconf 88' lang='lat' dir='ltr'><strong>laudibus</strong></span> <span class='ocrx_word' id='word_1_707' title='bbox 1964 4755 2203 4819; x_wconf 82' lang='lat' dir='ltr'><strong>divinis,</strong></span> <span class='ocrx_word' id='word_1_708' title='bbox 2247 4771 2357 4825; x_wconf 93' lang='lat' dir='ltr'><strong>quo</strong></span> 
     </span>
    </p>
   </div>
   <div class='ocr_carea' id='block_1_97' title="bbox 2462 4572 4041 4645">
    <p class='ocr_par' dir='ltr' id='par_1_97' title="bbox 2462 4572 4041 4645">
     <span class='ocr_line' id='line_1_97' title="bbox 2462 4572 4041 4645; baseline 0.004 -22"><span class='ocrx_word' id='word_1_709' title='bbox 2462 4572 2625 4641; x_wconf 81' lang='grc' dir='ltr'>ευχῆς</span> <span class='ocrx_word' id='word_1_710' title='bbox 2654 4572 3042 4642; x_wconf 73' lang='grc' dir='ltr'>ἀνατρέπεται,</span> <span class='ocrx_word' id='word_1_711' title='bbox 3074 4575 3168 4626; x_wconf 74' lang='grc' dir='ltr'>καὶ</span> <span class='ocrx_word' id='word_1_712' title='bbox 3198 4574 3413 4644; x_wconf 81' lang='grc' dir='ltr'>ἀποχῆς</span> <span class='ocrx_word' id='word_1_713' title='bbox 3442 4575 3788 4645; x_wconf 79' lang='grc' dir='ltr'>ἀργολογίας,</span> <span class='ocrx_word' id='word_1_714' title='bbox 3810 4579 3910 4629; x_wconf 79' lang='grc' dir='ltr'>καὶ</span> <span class='ocrx_word' id='word_1_715' title='bbox 3943 4578 4041 4631; x_wconf 73' lang='grc' dir='ltr'>τοῦ</span> 
     </span>
    </p>
   </div>
   <div class='ocr_carea' id='block_1_98' title="bbox 2461 4662 4044 4737">
    <p class='ocr_par' dir='ltr' id='par_1_98' title="bbox 2461 4662 4044 4737">
     <span class='ocr_line' id='line_1_98' title="bbox 2461 4662 4044 4737; baseline 0.004 -22"><span class='ocrx_word' id='word_1_716' title='bbox 2461 4662 2605 4715; x_wconf 74' lang='grc' dir='ltr'>κατὰ</span> <span class='ocrx_word' id='word_1_717' title='bbox 2653 4662 2882 4729; x_wconf 85' lang='grc' dir='ltr'>δύναμιν</span> <span class='ocrx_word' id='word_1_718' title='bbox 2930 4664 3269 4734; x_wconf 84' lang='grc' dir='ltr'>ἐργοχείρου,</span> <span class='ocrx_word' id='word_1_719' title='bbox 3303 4666 3395 4720; x_wconf 75' lang='grc' dir='ltr'><strong>καὶ</strong></span> <span class='ocrx_word' id='word_1_720' title='bbox 3431 4667 3659 4737; x_wconf 83' lang='grc' dir='ltr'>μελέτης</span> <span class='ocrx_word' id='word_1_721' title='bbox 3706 4668 3820 4720; x_wconf 81' lang='grc' dir='ltr'>τῶν</span> <span class='ocrx_word' id='word_1_722' title='bbox 3874 4669 4044 4721; x_wconf 79' lang='grc' dir='ltr'>θείων</span> 
     </span>
    </p>
   </div>
   <div class='ocr_carea' id='block_1_99' title="bbox 2464 4754 3817 4829">
    <p class='ocr_par' dir='ltr' id='par_1_99' title="bbox 2464 4754 3817 4829">
     <span class='ocr_line' id='line_1_99' title="bbox 2464 4754 3817 4829; baseline 0.005 -23"><span class='ocrx_word' id='word_1_723' title='bbox 2464 4755 2656 4823; x_wconf 78' lang='grc' dir='ltr'>λογίων</span> <span class='ocrx_word' id='word_1_724' title='bbox 2691 4754 2781 4807; x_wconf 71' lang='grc' dir='ltr'><strong>καὶ</strong></span> <span class='ocrx_word' id='word_1_725' title='bbox 2810 4756 2909 4824; x_wconf 80' lang='grc' dir='ltr'>τῆς</span> <span class='ocrx_word' id='word_1_726' title='bbox 2938 4758 2997 4807; x_wconf 84' lang='grc' dir='ltr'><strong>ἐν</strong></span> <span class='ocrx_word' id='word_1_727' title='bbox 3024 4759 3135 4818; x_wconf 83' lang='grc' dir='ltr'>τοῖς</span> <span class='ocrx_word' id='word_1_728' title='bbox 3164 4761 3490 4827; x_wconf 83' lang='grc' dir='ltr'>πειρασμοῖς</span> <span class='ocrx_word' id='word_1_729' title='bbox 3518 4760 3817 4829; x_wconf 81' lang='grc' dir='ltr'>ὑπομονῆς.</span> 
     </span>
    </p>
   </div>
   <div class='ocr_carea' id='block_1_100' title="bbox 791 4848 4040 4924">
    <p class='ocr_par' dir='ltr' id='par_1_100' title="bbox 791 4848 4040 4924">
     <span class='ocr_line' id='line_1_100' title="bbox 791 4848 4040 4924; baseline 0.002 -21"><span class='ocrx_word' id='word_1_730' title='bbox 791 4857 952 4918; x_wconf 83' lang='lat' dir='ltr'><strong>pacto</strong></span> <span class='ocrx_word' id='word_1_731' title='bbox 972 4851 1092 4919; x_wconf 86' lang='lat' dir='ltr'><strong>ejus</strong></span> <span class='ocrx_word' id='word_1_732' title='bbox 1112 4858 1348 4903; x_wconf 85' lang='lat' dir='ltr'><strong>mentem</strong></span> <span class='ocrx_word' id='word_1_733' title='bbox 1370 4848 1792 4904; x_wconf 86' lang='lat' dir='ltr'><strong>redditvaeuam</strong></span> <span class='ocrx_word' id='word_1_734' title='bbox 1820 4850 1975 4902; x_wconf 81' lang='lat' dir='ltr'><strong>home</strong></span> <span class='ocrx_word' id='word_1_735' title='bbox 2031 4849 2396 4917; x_wconf 87' lang='lat' dir='ltr'><strong>operationis,</strong></span> <span class='ocrx_word' id='word_1_736' title='bbox 2438 4848 2584 4901; x_wconf 91' lang='lat' dir='ltr'><strong>etab</strong></span> <span class='ocrx_word' id='word_1_737' title='bbox 2619 4849 2770 4902; x_wconf 91' lang='lat' dir='ltr'><strong>omni</strong></span> <span class='ocrx_word' id='word_1_738' title='bbox 2807 4849 2961 4918; x_wconf 78' lang='lat' dir='ltr'><strong>fruge</strong></span> <span class='ocrx_word' id='word_1_739' title='bbox 2992 4850 3273 4904; x_wconf 87' lang='lat' dir='ltr'><strong>alienam?</strong></span> <span class='ocrx_word' id='word_1_740' title='bbox 3317 4850 3529 4908; x_wconf 80' lang='lat' dir='ltr'><strong>Cuncta</strong></span> <span class='ocrx_word' id='word_1_741' title='bbox 3553 4853 3672 4909; x_wconf 74' lang='lat' dir='ltr'><strong>haec</strong></span> <span class='ocrx_word' id='word_1_742' title='bbox 3698 4856 3834 4924; x_wconf 88' lang='lat' dir='ltr'><strong>quid</strong></span> <span class='ocrx_word' id='word_1_743' title='bbox 3882 4858 4040 4913; x_wconf 77' lang='lat' dir='ltr'><strong>aliud</strong></span> 
     </span>
    </p>
   </div>
   <div class='ocr_carea' id='block_1_101' title="bbox 791 4936 4042 5018">
    <p class='ocr_par' dir='ltr' id='par_1_101' title="bbox 791 4936 4042 5018">
     <span class='ocr_line' id='line_1_101' title="bbox 791 4936 4042 5018; baseline 0.002 -25"><span class='ocrx_word' id='word_1_744' title='bbox 791 4949 1073 5010; x_wconf 88' lang='lat' dir='ltr'><strong>operatur,</strong></span> <span class='ocrx_word' id='word_1_745' title='bbox 1120 4956 1284 5008; x_wconf 87' lang='lat' dir='ltr'><strong>quam</strong></span> <span class='ocrx_word' id='word_1_746' title='bbox 1335 4941 1487 4993; x_wconf 87' lang='lat' dir='ltr'><strong>iners</strong></span> <span class='ocrx_word' id='word_1_747' title='bbox 1542 4940 1715 4993; x_wconf 85' lang='lat' dir='ltr'><strong>otium</strong></span> <span class='ocrx_word' id='word_1_748' title='bbox 1768 4957 1831 4991; x_wconf 87' lang='lat' dir='ltr'><strong>ac</strong></span> <span class='ocrx_word' id='word_1_749' title='bbox 1884 4938 2136 4991; x_wconf 87' lang='lat' dir='ltr'><strong>socordia</strong></span> <span class='ocrx_word' id='word_1_750' title='bbox 2188 4937 2357 4990; x_wconf 92' lang='lat' dir='ltr'><strong>animi</strong></span> <span class='ocrx_word' id='word_1_751' title='bbox 2398 4936 2796 4992; x_wconf 86' lang='lat' dir='ltr'><strong>lentescentis?</strong></span> <span class='ocrx_word' id='word_1_752' title='bbox 2852 4937 3149 4991; x_wconf 85' lang='lat' dir='ltr'><strong>Monachus</strong></span> <span class='ocrx_word' id='word_1_753' title='bbox 3178 4941 3325 4992; x_wconf 90' lang='lat' dir='ltr'><strong>enim</strong></span> <span class='ocrx_word' id='word_1_754' title='bbox 3382 4942 3584 4998; x_wconf 68' lang='lat' dir='ltr'><strong>aoedim</strong></span> <span class='ocrx_word' id='word_1_755' title='bbox 3610 4943 3809 5014; x_wconf 88' lang='lat' dir='ltr'><strong>spiritu</strong></span> <span class='ocrx_word' id='word_1_756' title='bbox 3858 4950 4042 5018; x_wconf 76' lang='lat' dir='ltr'><strong>agita-</strong></span> 
     </span>
    </p>
   </div>
   <div class='ocr_carea' id='block_1_102' title="bbox 794 5026 4039 5109">
    <p class='ocr_par' dir='ltr' id='par_1_102' title="bbox 794 5026 4039 5109">
     <span class='ocr_line' id='line_1_102' title="bbox 794 5026 4039 5109; baseline 0.002 -22"><span class='ocrx_word' id='word_1_757' title='bbox 794 5047 881 5087; x_wconf 88' lang='lat' dir='ltr'><strong>tus</strong></span> <span class='ocrx_word' id='word_1_758' title='bbox 916 5031 1109 5085; x_wconf 88' lang='lat' dir='ltr'><strong>ordine</strong></span> <span class='ocrx_word' id='word_1_759' title='bbox 1170 5030 1442 5084; x_wconf 86' lang='lat' dir='ltr'><strong>concinno</strong></span> <span class='ocrx_word' id='word_1_760' title='bbox 1476 5031 1688 5083; x_wconf 88' lang='lat' dir='ltr'><strong>nullum</strong></span> <span class='ocrx_word' id='word_1_761' title='bbox 1726 5044 1967 5098; x_wconf 80' lang='lat' dir='ltr'><strong>unquam</strong></span> <span class='ocrx_word' id='word_1_762' title='bbox 2010 5043 2151 5097; x_wconf 87' lang='lat' dir='ltr'><strong>epus</strong></span> <span class='ocrx_word' id='word_1_763' title='bbox 2210 5028 2489 5082; x_wconf 89' lang='lat' dir='ltr'><strong>clauserit.</strong></span> <span class='ocrx_word' id='word_1_764' title='bbox 2518 5026 2597 5082; x_wconf 83' lang='lat' dir='ltr'><strong>Ad</strong></span> <span class='ocrx_word' id='word_1_765' title='bbox 2633 5031 2937 5084; x_wconf 90' lang='lat' dir='ltr'><strong>orationem</strong></span> <span class='ocrx_word' id='word_1_766' title='bbox 2985 5039 3130 5083; x_wconf 88' lang='lat' dir='ltr'><strong>totus</strong></span> <span class='ocrx_word' id='word_1_767' title='bbox 3199 5046 3323 5084; x_wconf 85' lang='lat' dir='ltr'><strong>cunt</strong></span> <span class='ocrx_word' id='word_1_768' title='bbox 3376 5031 3646 5098; x_wconf 89' lang='lat' dir='ltr'><strong>desideat,</strong></span> <span class='ocrx_word' id='word_1_769' title='bbox 3696 5051 3863 5105; x_wconf 88' lang='lat' dir='ltr'><strong>quam</strong></span> <span class='ocrx_word' id='word_1_770' title='bbox 3906 5054 4039 5109; x_wconf 84' lang='lat' dir='ltr'><strong>pro-</strong></span> 
     </span>
    </p>
   </div>
   <div class='ocr_carea' id='block_1_103' title="bbox 792 5122 4044 5195">
    <p class='ocr_par' dir='ltr' id='par_1_103' title="bbox 792 5122 4044 5195">
     <span class='ocr_line' id='line_1_103' title="bbox 792 5122 4044 5195; baseline 0.005 -21"><span class='ocrx_word' id='word_1_771' title='bbox 792 5123 996 5193; x_wconf 89' lang='lat' dir='ltr'><strong>pendet</strong></span> <span class='ocrx_word' id='word_1_772' title='bbox 1029 5124 1096 5177; x_wconf 86' lang='lat' dir='ltr'><strong>ad</strong></span> <span class='ocrx_word' id='word_1_773' title='bbox 1122 5124 1340 5177; x_wconf 86' lang='lat' dir='ltr'><strong>otium!</strong></span> <span class='ocrx_word' id='word_1_774' title='bbox 1396 5123 1537 5178; x_wconf 87' lang='lat' dir='ltr'><strong>Sane</strong></span> <span class='ocrx_word' id='word_1_775' title='bbox 1577 5123 1881 5177; x_wconf 63' lang='lat' dir='ltr'><strong>daemonem</strong></span> <span class='ocrx_word' id='word_1_776' title='bbox 1933 5122 2082 5177; x_wconf 91' lang='lat' dir='ltr'><strong>hunc</strong></span> <span class='ocrx_word' id='word_1_777' title='bbox 2129 5123 2380 5192; x_wconf 88' lang='lat' dir='ltr'><strong>quisquis</strong></span> <span class='ocrx_word' id='word_1_778' title='bbox 2425 5122 2624 5193; x_wconf 86' lang='lat' dir='ltr'><strong>insigni</strong></span> <span class='ocrx_word' id='word_1_779' title='bbox 2659 5124 2939 5194; x_wconf 86' lang='lat' dir='ltr'><strong>triumpho</strong></span> <span class='ocrx_word' id='word_1_780' title='bbox 2990 5141 3021 5178; x_wconf 88' lang='lat' dir='ltr'><strong>a</strong></span> <span class='ocrx_word' id='word_1_781' title='bbox 3067 5140 3123 5179; x_wconf 89' lang='lat' dir='ltr'><strong>se</strong></span> <span class='ocrx_word' id='word_1_782' title='bbox 3160 5125 3413 5195; x_wconf 85' lang='lat' dir='ltr'><strong>ablegare</strong></span> <span class='ocrx_word' id='word_1_783' title='bbox 3447 5129 3585 5191; x_wconf 89' lang='lat' dir='ltr'><strong>vult,</strong></span> <span class='ocrx_word' id='word_1_784' title='bbox 3629 5130 3684 5183; x_wconf 91' lang='lat' dir='ltr'><strong>in</strong></span> <span class='ocrx_word' id='word_1_785' title='bbox 3735 5133 3892 5186; x_wconf 88' lang='lat' dir='ltr'><strong>omni</strong></span> <span class='ocrx_word' id='word_1_786' title='bbox 3933 5150 4044 5189; x_wconf 88' lang='lat' dir='ltr'><strong>suo</strong></span> 
     </span>
    </p>
   </div>
   <div class='ocr_carea' id='block_1_104' title="bbox 792 5214 4040 5293">
    <p class='ocr_par' dir='ltr' id='par_1_104' title="bbox 792 5214 4040 5293">
     <span class='ocr_line' id='line_1_104' title="bbox 792 5214 4040 5293; baseline 0.004 -25"><span class='ocrx_word' id='word_1_787' title='bbox 792 5229 958 5285; x_wconf 87' lang='lat' dir='ltr'><strong>opere</strong></span> <span class='ocrx_word' id='word_1_788' title='bbox 988 5214 1209 5267; x_wconf 90' lang='lat' dir='ltr'><strong>modum</strong></span> <span class='ocrx_word' id='word_1_789' title='bbox 1235 5214 1338 5267; x_wconf 84' lang='lat' dir='ltr'><strong>sibi</strong></span> <span class='ocrx_word' id='word_1_790' title='bbox 1380 5216 1697 5282; x_wconf 71' lang='lat' dir='ltr'><strong>praescribat</strong></span> <span class='ocrx_word' id='word_1_791' title='bbox 1722 5216 1917 5270; x_wconf 88' lang='lat' dir='ltr'><strong>ordine</strong></span> <span class='ocrx_word' id='word_1_792' title='bbox 1955 5224 2127 5279; x_wconf 88' lang='lat' dir='ltr'><strong>certo,</strong></span> <span class='ocrx_word' id='word_1_793' title='bbox 2157 5231 2260 5270; x_wconf 88' lang='lat' dir='ltr'><strong>nec</strong></span> <span class='ocrx_word' id='word_1_794' title='bbox 2287 5217 2442 5285; x_wconf 90' lang='lat' dir='ltr'><strong>prius</strong></span> <span class='ocrx_word' id='word_1_795' title='bbox 2465 5216 2735 5271; x_wconf 84' lang='lat' dir='ltr'><strong>desciscat</strong></span> <span class='ocrx_word' id='word_1_796' title='bbox 2765 5234 2796 5272; x_wconf 90' lang='lat' dir='ltr'><strong>a</strong></span> <span class='ocrx_word' id='word_1_797' title='bbox 2816 5228 2997 5287; x_wconf 70' lang='lat' dir='ltr'><strong>empto</strong></span> <span class='ocrx_word' id='word_1_798' title='bbox 3046 5233 3212 5287; x_wconf 90' lang='lat' dir='ltr'><strong>opere</strong></span> <span class='ocrx_word' id='word_1_799' title='bbox 3263 5235 3427 5289; x_wconf 86' lang='lat' dir='ltr'><strong>quam</strong></span> <span class='ocrx_word' id='word_1_800' title='bbox 3455 5222 3620 5277; x_wconf 81' lang='lat' dir='ltr'><strong>finem</strong></span> <span class='ocrx_word' id='word_1_801' title='bbox 3666 5225 4040 5293; x_wconf 84' lang='lat' dir='ltr'><strong>imposuerit;</strong></span> 
     </span>
    </p>
   </div>
   <div class='ocr_carea' id='block_1_105' title="bbox 792 5308 4041 5386">
    <p class='ocr_par' dir='ltr' id='par_1_105' title="bbox 792 5308 4041 5386">
     <span class='ocr_line' id='line_1_105' title="bbox 792 5308 4041 5386; baseline 0.002 -22"><span class='ocrx_word' id='word_1_802' title='bbox 792 5309 1146 5364; x_wconf 85' lang='lat' dir='ltr'><strong>continenter</strong></span> <span class='ocrx_word' id='word_1_803' title='bbox 1192 5308 1424 5377; x_wconf 86' lang='lat' dir='ltr'><strong>proinde</strong></span> <span class='ocrx_word' id='word_1_804' title='bbox 1464 5320 1625 5373; x_wconf 90' lang='lat' dir='ltr'><strong>oret,</strong></span> <span class='ocrx_word' id='word_1_805' title='bbox 1686 5325 1749 5363; x_wconf 87' lang='lat' dir='ltr'><strong>ac</strong></span> <span class='ocrx_word' id='word_1_806' title='bbox 1774 5326 1964 5379; x_wconf 87' lang='lat' dir='ltr'><strong>magna</strong></span> <span class='ocrx_word' id='word_1_807' title='bbox 2007 5310 2173 5363; x_wconf 89' lang='lat' dir='ltr'><strong>animi</strong></span> <span class='ocrx_word' id='word_1_808' title='bbox 2203 5311 2581 5373; x_wconf 89' lang='lat' dir='ltr'><strong>contentione,</strong></span> <span class='ocrx_word' id='word_1_809' title='bbox 2611 5322 2775 5381; x_wconf 89' lang='lat' dir='ltr'><strong>atque</strong></span> <span class='ocrx_word' id='word_1_810' title='bbox 2814 5313 2887 5366; x_wconf 86' lang='lat' dir='ltr'><strong>ita</strong></span> <span class='ocrx_word' id='word_1_811' title='bbox 2922 5313 3141 5367; x_wconf 87' lang='lat' dir='ltr'><strong>denmm</strong></span> <span class='ocrx_word' id='word_1_812' title='bbox 3170 5314 3236 5367; x_wconf 89' lang='lat' dir='ltr'><strong>ab</strong></span> <span class='ocrx_word' id='word_1_813' title='bbox 3274 5329 3342 5369; x_wconf 91' lang='lat' dir='ltr'><strong>co</strong></span> <span class='ocrx_word' id='word_1_814' title='bbox 3367 5329 3426 5369; x_wconf 88' lang='lat' dir='ltr'><strong>se</strong></span> <span class='ocrx_word' id='word_1_815' title='bbox 3475 5330 3642 5385; x_wconf 83' lang='lat' dir='ltr'><strong>quam</strong></span> <span class='ocrx_word' id='word_1_816' title='bbox 3709 5315 4041 5386; x_wconf 83' lang='lat' dir='ltr'><strong>longissime</strong></span> 
     </span>
    </p>
   </div>
   <div class='ocr_carea' id='block_1_106' title="bbox 790 5398 4043 5469">
    <p class='ocr_par' dir='ltr' id='par_1_106' title="bbox 790 5398 4043 5469">
     <span class='ocr_line' id='line_1_106' title="bbox 790 5398 4043 5469; baseline 0.005 -19"><span class='ocrx_word' id='word_1_817' title='bbox 790 5399 1142 5453; x_wconf 81' lang='lat' dir='ltr'><strong>submovcbit</strong></span> <span class='ocrx_word' id='word_1_818' title='bbox 1179 5398 1404 5468; x_wconf 89' lang='lat' dir='ltr'><strong>spiritus</strong></span> <span class='ocrx_word' id='word_1_819' title='bbox 1449 5398 1539 5453; x_wconf 90' lang='lat' dir='ltr'><strong>hic</strong></span> <span class='ocrx_word' id='word_1_820' title='bbox 1580 5400 1802 5454; x_wconf 85' lang='lat' dir='ltr'><strong>aecdi:e.</strong></span> <span class='ocrx_word' id='word_1_821' title='bbox 1836 5402 2025 5455; x_wconf 71' lang='lat' dir='ltr'><strong>lstltree</strong></span> <span class='ocrx_word' id='word_1_822' title='bbox 2056 5402 2204 5454; x_wconf 92' lang='lat' dir='ltr'><strong>enim</strong></span> <span class='ocrx_word' id='word_1_823' title='bbox 2231 5402 2549 5456; x_wconf 85' lang='lat' dir='ltr'><strong>turbulenta</strong></span> <span class='ocrx_word' id='word_1_824' title='bbox 2581 5403 2802 5457; x_wconf 78' lang='lat' dir='ltr'><strong>aﬂectio</strong></span> <span class='ocrx_word' id='word_1_825' title='bbox 2828 5404 3168 5459; x_wconf 88' lang='lat' dir='ltr'><strong>subvertitur</strong></span> <span class='ocrx_word' id='word_1_826' title='bbox 3182 5415 3387 5460; x_wconf 84' lang='lat' dir='ltr'><strong>attente</strong></span> <span class='ocrx_word' id='word_1_827' title='bbox 3404 5405 3448 5460; x_wconf 88' lang='lat' dir='ltr'><strong>si</strong></span> <span class='ocrx_word' id='word_1_828' title='bbox 3482 5420 3626 5469; x_wconf 87' lang='lat' dir='ltr'><strong>ores,</strong></span> <span class='ocrx_word' id='word_1_829' title='bbox 3667 5407 3713 5461; x_wconf 87' lang='lat' dir='ltr'><strong>si</strong></span> <span class='ocrx_word' id='word_1_830' title='bbox 3749 5417 3803 5462; x_wconf 90' lang='lat' dir='ltr'><strong>te</strong></span> <span class='ocrx_word' id='word_1_831' title='bbox 3831 5424 4043 5468; x_wconf 76' lang='lat' dir='ltr'><strong>avoces</strong></span> 
     </span>
    </p>
   </div>
   <div class='ocr_carea' id='block_1_107' title="bbox 791 5488 4039 5564">
    <p class='ocr_par' dir='ltr' id='par_1_107' title="bbox 791 5488 4039 5564">
     <span class='ocr_line' id='line_1_107' title="bbox 791 5488 4039 5564; baseline 0.004 -22"><span class='ocrx_word' id='word_1_832' title='bbox 791 5490 861 5542; x_wconf 87' lang='lat' dir='ltr'><strong>ab</strong></span> <span class='ocrx_word' id='word_1_833' title='bbox 889 5488 1065 5542; x_wconf 91' lang='lat' dir='ltr'><strong>otioso</strong></span> <span class='ocrx_word' id='word_1_834' title='bbox 1113 5504 1386 5552; x_wconf 90' lang='lat' dir='ltr'><strong>sermone,</strong></span> <span class='ocrx_word' id='word_1_835' title='bbox 1422 5490 1466 5542; x_wconf 93' lang='lat' dir='ltr'><strong>si</strong></span> <span class='ocrx_word' id='word_1_836' title='bbox 1498 5500 1766 5558; x_wconf 86' lang='lat' dir='ltr'><strong>quantum</strong></span> <span class='ocrx_word' id='word_1_837' title='bbox 1801 5493 1989 5546; x_wconf 89' lang='lat' dir='ltr'><strong>sinunt</strong></span> <span class='ocrx_word' id='word_1_838' title='bbox 2051 5493 2219 5554; x_wconf 86' lang='lat' dir='ltr'><strong>vires,</strong></span> <span class='ocrx_word' id='word_1_839' title='bbox 2272 5493 2364 5546; x_wconf 89' lang='lat' dir='ltr'><strong>uni</strong></span> <span class='ocrx_word' id='word_1_840' title='bbox 2416 5494 2656 5563; x_wconf 88' lang='lat' dir='ltr'><strong>cuipiam</strong></span> <span class='ocrx_word' id='word_1_841' title='bbox 2716 5496 2870 5564; x_wconf 85' lang='lat' dir='ltr'><strong>operi</strong></span> <span class='ocrx_word' id='word_1_842' title='bbox 2910 5495 3235 5551; x_wconf 87' lang='lat' dir='ltr'><strong>admoliaris</strong></span> <span class='ocrx_word' id='word_1_843' title='bbox 3286 5512 3532 5561; x_wconf 90' lang='lat' dir='ltr'><strong>manum,</strong></span> <span class='ocrx_word' id='word_1_844' title='bbox 3580 5497 3626 5552; x_wconf 87' lang='lat' dir='ltr'><strong>si</strong></span> <span class='ocrx_word' id='word_1_845' title='bbox 3664 5497 3873 5555; x_wconf 86' lang='lat' dir='ltr'><strong>divinis</strong></span> <span class='ocrx_word' id='word_1_846' title='bbox 3911 5503 4039 5556; x_wconf 62' lang='lat' dir='ltr'><strong>elo.</strong></span> 
     </span>
    </p>
   </div>
   <div class='ocr_carea' id='block_1_108' title="bbox 790 5583 3257 5657">
    <p class='ocr_par' dir='ltr' id='par_1_108' title="bbox 790 5583 3257 5657">
     <span class='ocr_line' id='line_1_108' title="bbox 790 5583 3257 5657; baseline 0.003 -24"><span class='ocrx_word' id='word_1_847' title='bbox 790 5583 936 5652; x_wconf 77' lang='lat' dir='ltr'><strong>quiis</strong></span> <span class='ocrx_word' id='word_1_848' title='bbox 968 5583 1349 5637; x_wconf 88' lang='lat' dir='ltr'><strong>accommodes</strong></span> <span class='ocrx_word' id='word_1_849' title='bbox 1405 5594 1640 5638; x_wconf 90' lang='lat' dir='ltr'><strong>mentem</strong></span> <span class='ocrx_word' id='word_1_850' title='bbox 1666 5624 1680 5649; x_wconf 92' lang='lat'><strong>,</strong></span> <span class='ocrx_word' id='word_1_851' title='bbox 1723 5586 1769 5639; x_wconf 93' lang='lat' dir='ltr'><strong>si</strong></span> <span class='ocrx_word' id='word_1_852' title='bbox 1815 5586 2053 5656; x_wconf 90' lang='lat' dir='ltr'><strong>denique</strong></span> <span class='ocrx_word' id='word_1_853' title='bbox 2092 5587 2227 5640; x_wconf 91' lang='lat' dir='ltr'><strong>nihil</strong></span> <span class='ocrx_word' id='word_1_854' title='bbox 2258 5602 2399 5657; x_wconf 86' lang='lat' dir='ltr'><strong>:egre</strong></span> <span class='ocrx_word' id='word_1_855' title='bbox 2425 5588 2571 5641; x_wconf 87' lang='lat' dir='ltr'><strong>feras</strong></span> <span class='ocrx_word' id='word_1_856' title='bbox 2608 5588 2973 5643; x_wconf 87' lang='lat' dir='ltr'><strong>tentationum</strong></span> <span class='ocrx_word' id='word_1_857' title='bbox 3000 5591 3257 5643; x_wconf 86' lang='lat' dir='ltr'><strong>assultus.</strong></span> 
     </span>
    </p>
   </div>
   <div class='ocr_carea' id='block_1_109' title="bbox 852 5674 2361 5751">
    <p class='ocr_par' dir='ltr' id='par_1_109' title="bbox 852 5674 2349 5742">
     <span class='ocr_line' id='line_1_109' title="bbox 852 5674 2349 5742; baseline 0.003 -16"><span class='ocrx_word' id='word_1_858' title='bbox 852 5675 963 5726; x_wconf 74' lang='lat' dir='ltr'><strong>Nos</strong></span> <span class='ocrx_word' id='word_1_859' title='bbox 1000 5674 1146 5727; x_wconf 91' lang='lat' dir='ltr'><strong>enim</strong></span> <span class='ocrx_word' id='word_1_860' title='bbox 1175 5675 1229 5727; x_wconf 92' lang='lat' dir='ltr'><strong>ui</strong></span> <span class='ocrx_word' id='word_1_861' title='bbox 1272 5674 1603 5742; x_wconf 89' lang='lat' dir='ltr'><strong>compererit</strong></span> <span class='ocrx_word' id='word_1_862' title='bbox 1641 5678 2011 5730; x_wconf 88' lang='lat' dir='ltr'><strong>connnunitos</strong></span> <span class='ocrx_word' id='word_1_863' title='bbox 2039 5677 2349 5732; x_wconf 88' lang='lat' dir='ltr'><strong>istiusmodi</strong></span> 
     </span>
    </p>
   </div>
   <div class='ocr_carea' id='block_1_110' title="bbox 2459 5674 4039 5751">
    <p class='ocr_par' dir='ltr' id='par_1_110' title="bbox 2541 5678 4039 5751">
     <span class='ocr_line' id='line_1_110' title="bbox 2541 5678 4039 5751; baseline 0.004 -20"><span class='ocrx_word' id='word_1_864' title='bbox 2541 5678 2669 5731; x_wconf 76' lang='grc' dir='ltr'><strong>Ἒὰν</strong></span> <span class='ocrx_word' id='word_1_865' title='bbox 2695 5679 2801 5748; x_wconf 71' lang='grc' dir='ltr'><strong>γὰρ</strong></span> <span class='ocrx_word' id='word_1_866' title='bbox 2835 5679 2908 5749; x_wconf 82' lang='grc' dir='ltr'>μὴ</span> <span class='ocrx_word' id='word_1_867' title='bbox 2936 5682 3047 5742; x_wconf 88' lang='grc' dir='ltr'>τοῖς</span> <span class='ocrx_word' id='word_1_868' title='bbox 3081 5680 3263 5743; x_wconf 77' lang='grc' dir='ltr'>ὅπλοις</span> <span class='ocrx_word' id='word_1_869' title='bbox 3301 5679 3511 5743; x_wconf 84' lang='grc' dir='ltr'>τοὺτοις</span> <span class='ocrx_word' id='word_1_870' title='bbox 3552 5681 4039 5751; x_wconf 76' lang='grc' dir='ltr'>κατασφαλιζομέ-</span> 
     </span>
    </p>
   </div>
   <div class='ocr_carea' id='block_1_111' title="bbox 795 5764 2361 5845">
    <p class='ocr_par' dir='ltr' id='par_1_111' title="bbox 795 5764 2357 5835">
     <span class='ocr_line' id='line_1_111' title="bbox 795 5764 2357 5835; baseline 0.004 -20"><span class='ocrx_word' id='word_1_871' title='bbox 795 5764 981 5827; x_wconf 84' lang='lat' dir='ltr'><strong>armis,</strong></span> <span class='ocrx_word' id='word_1_872' title='bbox 1023 5764 1140 5819; x_wconf 86' lang='lat' dir='ltr'><strong>suis</strong></span> <span class='ocrx_word' id='word_1_873' title='bbox 1180 5764 1378 5835; x_wconf 74' lang='lat' dir='ltr'><strong>iaculis</strong></span> <span class='ocrx_word' id='word_1_874' title='bbox 1422 5764 1640 5817; x_wconf 77' lang='lat' dir='ltr'><strong>saucios</strong></span> <span class='ocrx_word' id='word_1_875' title='bbox 1701 5768 2025 5821; x_wconf 84' lang='lat' dir='ltr'><strong>vacillantes</strong></span> <span class='ocrx_word' id='word_1_876' title='bbox 2075 5768 2265 5823; x_wconf 87' lang='lat' dir='ltr'><strong>reddet</strong></span> <span class='ocrx_word' id='word_1_877' title='bbox 2304 5778 2357 5822; x_wconf 88' lang='lat' dir='ltr'><strong>et</strong></span> 
     </span>
    </p>
   </div>
   <div class='ocr_carea' id='block_1_112' title="bbox 2459 5764 4034 5845">
    <p class='ocr_par' dir='ltr' id='par_1_112' title="bbox 2470 5770 4034 5845">
     <span class='ocr_line' id='line_1_112' title="bbox 2470 5770 4034 5845; baseline 0.006 -24"><span class='ocrx_word' id='word_1_878' title='bbox 2470 5787 2589 5834; x_wconf 75' lang='grc' dir='ltr'>νονς</span> <span class='ocrx_word' id='word_1_879' title='bbox 2639 5771 2782 5840; x_wconf 61' lang='grc' dir='ltr'><strong>ἡμᾶς</strong></span> <span class='ocrx_word' id='word_1_880' title='bbox 2806 5770 2969 5843; x_wconf 75' lang='grc' dir='ltr'>εὕρῃ,</span> <span class='ocrx_word' id='word_1_881' title='bbox 3007 5770 3405 5837; x_wconf 80' lang='grc' dir='ltr'>κατατοξεύσας</span> <span class='ocrx_word' id='word_1_882' title='bbox 3434 5774 3547 5836; x_wconf 87' lang='grc' dir='ltr'>τοῖς</span> <span class='ocrx_word' id='word_1_883' title='bbox 3585 5773 3779 5828; x_wconf 83' lang='grc' dir='ltr'>ἐαυτοῦ</span> <span class='ocrx_word' id='word_1_884' title='bbox 3815 5774 4034 5845; x_wconf 76' lang='grc' dir='ltr'>βέλεσι,</span> 
     </span>
    </p>
   </div>
  </div>
