4178 6436
144 479 260 547 1517

1170 476 1493 537 llOMlLlA
1535 476 1744 536 XXVI.
1774 502 1842 511 -
1870 477 1966 535 DE
2004 476 2297 536 ACEDIA.

3230 472 3365 541 1518

144 584 358 658 ῥεμϐοὒς
410 584 509 635 καὶ
556 583 888 647 άκαοίστους
919 587 1068 655 ἡμᾶς
1096 586 1373 651 ἀποτελεῖ,
1405 586 1501 639 καὶ
1530 585 1688 655 ἀμεί-

1805 584 2101 639 nstabilcs.
2138 585 2389 652 Dumque
2410 597 2439 636 e
2468 582 2604 636 lucis
2639 581 2756 635 loca
2780 592 3179 651 permutamus,
3209 585 3362 640 aliud

141 679 312 739 ϐοντας
348 676 552 739 τόπους
587 678 650 729 ἐκ
682 678 886 730 τόπων·
925 678 1023 731 καὶ
1056 677 1208 731 οὐδὲν
1237 678 1383 749 ἄλλῳ
1415 681 1689 749 μεριμνᾷν

141 772 220 824 καὶ
242 772 614 840 περισκοπεῖν,
638 769 670 840 ἢ
696 769 853 823 τοῦτο
876 770 1061 841 μόνον,
1091 771 1193 824 ποῦ
1216 772 1369 823 πότοι
1397 771 1490 824 καὶ
1519 772 1690 838 ἁγίων

140 863 328 933 μνῆμαι
382 861 649 929 γίνονται.
707 862 815 915 Τοῦ
860 864 968 934 γὰρ
1020 862 1355 933 ἀκηδιαστοῧ
1406 865 1438 934 ἡ
1480 863 1690 915 διάνοια

137 956 271 1010 οὐδὲν
299 954 426 1008 ἄλλο
456 953 819 1023 φαντάζεται,
849 955 944 1008 καὶ
974 954 1222 1026 ψηφίζει,
1252 954 1284 1024 ἢ
1314 955 1441 1017 τοὺς
1478 956 1542 1007 ἐκ
1569 954 1692 1008 τού-

135 1069 231 1103 των
267 1047 699 1121 μετεωρισμούς.
743 1048 946 1102 Λοιπὸν
970 1050 1026 1103 δὲ
1061 1052 1125 1102 ὲκ
1157 1048 1348 1102 τούτου
1379 1049 1471 1102 καὶ
1495 1052 1573 1111 εἰς
1602 1067 1693 1102 κο-

141 1141 292 1210 σμικὰ
326 1141 630 1211 πράγματα
662 1139 826 1191 αὑτὸν
861 1139 1198 1209 συνδεσμεῖν·
1241 1142 1335 1192 καὶ
1368 1140 1487 1193 κατ’
1516 1139 1694 1207 ὀλίγον

136 1231 361 1294 δελεάζει
396 1234 526 1299 ταῖς
555 1231 875 1285 ἐπιὸλαὸἑσι
902 1231 1128 1295 ταύταις
1157 1232 1457 1302 ἀσχολίαις,
1496 1233 1601 1294 ἕως
1630 1232 1695 1285 ἂν

138 1324 222 1376 καὶ
267 1321 360 1375 τοῦ
423 1322 718 1392 μοναδικοῦ
782 1323 1202 1391 ἐπαγγέλματος
1262 1324 1482 1386 τελείως
1533 1323 1696 1376 αὐτὸν

140 1413 345 1486 ἐκϐάλῃ.
391 1412 589 1475 Καλῶς
626 1407 721 1467 οὖν
745 1414 1094 1475 ὁάπόστολος
1132 1414 1365 1479 Παῦλος,
1390 1415 1465 1475 ὡς
1512 1417 1697 1486 ἄρτιος

143 1506 309 1575 ἰατρὸς
357 1504 685 1575 βουλόμενος
737 1507 991 1576 ἐκτεμεῖν
1023 1507 1122 1577 τῆς
1153 1508 1311 1559 νόσου
1356 1509 1560 1576 ταύτης
1598 1508 1696 1572 τὰς

137 1599 319 1662 αίτίας,
376 1598 501 1651 ὅθεν
548 1598 751 1669 ἀκηδία
802 1600 1088 1662 τίκτεται,
1150 1605 1411 1671 παραινεῖ
1480 1601 1695 1670 λέγων’

148 1690 401 1757 Ἀδελφοί,
421 1690 577 1743 αὐτοὶ
606 1690 791 1743 οἴδατε
840 1690 956 1754 πῶς
984 1691 1065 1743 δεῖ
1095 1692 1382 1761 μιμεῖσθαι
1416 1694 1585 1764 ἡμᾶς,
1617 1694 1699 1747 ὃτι

138 1781 228 1835 οὐκ
254 1782 646 1852 ἠτακτήσαμεν
680 1784 737 1834 ὲν
771 1781 923 1852 ύμῖν,
958 1783 1081 1836 οὐδὲ
1119 1784 1328 1854 δωρεὰν
1357 1786 1520 1855 ἄρτον
1563 1786 1697 1854 ἐφάσ-

140 1888 295 1937 γομεν
327 1872 480 1942 παρά
508 1890 676 1935 τινος,
710 1871 824 1925 ἀλλ’
863 1874 921 1924 ἐν
960 1875 1116 1945 κόπῳ
1155 1874 1247 1926 καὶ
1288 1874 1472 1945 μόχοω
1506 1878 1697 1938 νυκτὸς

141 1964 225 2015 καὶ
258 1964 472 2033 ἡμέρας
508 1962 866 2033 ἐργαζόμενοι
894 2005 909 2029 ,
960 1964 1096 2032 πρὸς
1142 1964 1202 2017 τὸ
1255 1965 1330 2035 μὴ
1364 1967 1698 2038 ἐπιϐαρῆσαί

140 2070 249 2105 τινα
298 2054 475 2124 ὑμῶν.
529 2073 547 2105 ι
584 2054 694 2108 Καὶ
739 2055 977 2122 ἐπάγει·
1025 2074 1044 2106 ι
1084 2055 1194 2125 Ούχ
1238 2058 1318 2110 ὅτι
1355 2057 1456 2111 οὐκ
1499 2058 1701 2128 ἔχομεν

136 2143 395 2211 ἐξουσίαν,
434 2146 551 2199 ἀλλ’
582 2146 670 2199 ἴνα
704 2147 931 2210 ἑαυτοὺς
964 2146 1135 2200 τύπον
1164 2147 1345 2218 δῶμεν
1377 2150 1506 2219 ὑμῖν
1531 2152 1612 2213 είς
1642 2150 1702 2204 τὸ

139 2239 410 2309 μιμεῖσθαι
442 2240 612 2310 ἡμᾶς.
653 2258 671 2290 ι
703 2240 857 2293 Πάνυ
904 2235 997 2293 οὖν
1027 2241 1305 2311 ἀγαπητοὶ
1336 2241 1701 2311 συμϐάλλεται

136 2329 257 2399 ἡμῖν
278 2330 354 2398 τῷ
383 2330 686 2400 ἐργοχείρῳ
719 2331 1086 2401 παραμένειν,
1116 2332 1178 2384 ού
1209 2332 1371 2401 μόνον
1398 2332 1487 2385 διὰ
1515 2334 1578 2386 τὸ
1604 2335 1703 2405 τὴν

136 2420 354 2491 ἁκηδίαν
405 2421 693 2492 ἐξορίζειν,
728 2421 867 2475 ἀλλὰ
910 2423 1006 2476 καὶ
1039 2425 1120 2489 τὸ,
1152 2426 1251 2495 τὴν
1279 2426 1487 2497 τροφὴν
1513 2426 1573 2491 ἐξ
1606 2430 1703 2481 αὺ-

135 2510 221 2565 τοῦ
253 2513 575 2584 πορίζεσθαι
600 2552 616 2576 ,
667 2514 762 2565 καὶ
806 2514 933 2576 τοὺς
988 2516 1423 2585 ὑστερουμένους
1463 2518 1701 2589 βοηθεῖν.

135 2603 237 2657 Καὶ
265 2604 508 2670 συνεχῶς
545 2603 775 2675 μελετᾷν
807 2604 876 2657 τὰ
914 2604 1009 2657 τοῦ
1039 2605 1221 2659 Δαυΐδ’
1258 2627 1275 2657 ι
1314 2608 1386 2661 Τὸ
1426 2611 1561 2679 ταχὺ
1593 2612 1705 2661 εἴσ-

135 2696 357 2749 άκουσόν
403 2714 527 2766 μου,
580 2697 793 2766 Κύριε,
847 2696 1062 2763 ἐξέλιπε
1114 2698 1176 2751 τὸ
1212 2698 1429 2768 πνεῦμά
1477 2717 1602 2770 μου,
1624 2701 1705 2753 ὅτι

136 2786 494 2839 ἐταπείνωτεν
525 2789 553 2841 ὀ
577 2787 774 2857 ὲχορδς
802 2789 900 2858 τὴν
921 2788 1098 2857 ψυχήν
1132 2806 1259 2859 μου,
1290 2789 1516 2843 ἐκάθισὲ
1548 2808 1616 2860 με
1647 2794 1706 2845 ὲν

137 2878 450 2942 σκοτεινοῖς,
485 2878 561 2942 ὼς
596 2879 828 2950 νεκροὺς
883 2878 1098 2943 αἰῶνος
1146 2880 1244 2933 καὶ
1286 2881 1588 2951 ήκηδίασεν
1618 2882 1704 2937 ἐπ’

134 2966 229 3036 ἐμὲ
260 2966 323 3021 τὸ
347 2965 572 3038 πνεῦμά
596 2985 721 3039 μου.
764 2968 926 3023 Ἀλλὰ
958 2970 1033 3042 μὴ
1067 2970 1425 3045 ἀποστρέψης
1453 2976 1513 3026 τὸ
1541 2975 1706 3044 πρότ-

132 3054 273 3109 ωπόν
302 3074 400 3111 σου
431 3060 526 3113 ἀπ’
558 3060 695 3130 ἐμοῦ
716 3101 731 3125 ,
760 3078 778 3112 ι
809 3061 1007 3129 ἀγαθὲ,
1037 3080 1056 3113 ι
1093 3064 1178 3115 ὅτι
1212 3066 1344 3135 πρὸς
1379 3067 1437 3117 σὲ
1466 3061 1576 3136 ἦρα
1607 3067 1706 3137 τὴν

131 3146 300 3220 ψυχήν
329 3167 457 3219 μου.
481 3170 498 3201 ι
523 3152 857 3205 Είσάκουσόν
880 3171 1005 3224 μου,
1034 3152 1234 3223 Κύριε,
1260 3155 1343 3208 ὅτι
1375 3156 1572 3226 ἡψυχὴ
1600 3174 1704 3226 μου

1792 675 1933 729 nihil
1967 676 2128 729 anvie
2160 677 2242 729 vel
2284 675 2525 745 cogitare.
2568 674 2735 728 faciet
2786 677 2873 729 vel
2913 676 3363 746 circumspicere,

1792 783 1956 837 quam
1993 766 2087 819 ubi
2115 767 2361 819 locorum
2398 767 2671 837 symposia
2705 766 3077 831 celebrantur,
3116 780 3211 822 aut
3243 784 3369 824 san»

1792 871 2007 913 ctorum
2038 859 2336 912 memoriae.
2371 859 2522 913 Mens
2550 860 2793 922 interim,
2820 860 2898 914 sic
2928 860 3115 914 accdia
3141 860 3369 929 dejectis

1793 951 1941 1006 aliud
1965 951 2101 1004 nihil
2130 951 2462 1021 imaginatur
2485 961 2540 1005 et
2562 969 2748 1007 secum
2772 952 3178 1016 admurmurat,
3202 970 3366 1023 quam

1798 1056 1857 1099 ut
1895 1063 1995 1116 per
2026 1046 2141 1099 luce
2170 1047 2419 1099 elcvetur
2454 1048 2507 1099 in
2540 1048 2798 1110 sublime,
2829 1057 2885 1100 et
2914 1048 3202 1117 gloriolam
3239 1047 3369 1102 hinc

1795 1146 2125 1207 aucupetur.
2171 1137 2285 1191 lloc
2318 1154 2521 1207 genere
2556 1139 2723 1192 studii
2757 1139 2816 1192 fit
2846 1149 2907 1192 ut
2959 1140 3121 1193 talem
3165 1139 3221 1193 in
3269 1155 3370 1210 po-

1796 1236 2002 1280 sterum
2034 1227 2222 1281 mundi
2244 1228 2481 1298 negotiis
2505 1236 2659 1282 curet
2683 1228 3141 1298 obstringendum
3168 1247 3181 1283 :
3206 1239 3373 1300 atque

1800 1321 1871 1373 ita
1906 1321 2204 1385 irretitum,
2235 1323 2389 1376 velut
2424 1322 2532 1376 oﬂ‘a
2568 1332 2817 1392 porrecta
2846 1364 2859 1387 ,
2919 1323 3125 1377 sensim
3163 1322 3375 1377 inescat

1799 1423 1861 1461 ac
1893 1408 2101 1477 decipit
2137 1409 2258 1463 istis
2286 1410 2754 1480 occupationibus
2775 1411 2909 1465 mire
2931 1411 3371 1474 detrimentosis,

1799 1515 2089 1570 quousque
2123 1502 2343 1556 tandem
2376 1520 2607 1574 prorsus
2633 1503 2895 1559 deturbet
2930 1519 2960 1559 e
2996 1503 3213 1575 fastigio
3253 1521 3375 1559 mo-

1800 1590 2026 1643 nasticae
2068 1592 2451 1659 professionis.
2521 1595 2692 1648 Recte
2755 1594 2980 1664 quidem
3036 1594 3373 1663 Apostolus,

1800 1683 2029 1751 perinde
2057 1699 2121 1738 ac
2150 1684 2377 1739 medica:
2426 1687 2560 1739 artis
2599 1688 2875 1756 quispiam
2924 1687 3217 1743 absolutus
3242 1703 3374 1757 pro-

1802 1773 1995 1836 fessor,
2033 1790 2366 1845 magnopere
2397 1777 2630 1845 cupiens
2659 1777 2836 1830 morbi
2872 1779 3033 1832 istius
3072 1779 3140 1833 ab
3189 1778 3377 1834 radice

1803 1864 2059 1917 excidere
2094 1881 2290 1920 causas
2324 1908 2337 1927 .
2392 1882 2422 1919 e
2453 1868 2658 1936 quibus
2713 1878 2978 1937 prognata
3029 1869 3219 1925 acedia
3245 1878 3332 1924 est
3360 1909 3375 1932 ,

1802 1954 2063 2010 admonet
2099 1956 2332 2011 dicens:
2393 1978 2411 2010 ι
2452 1960 2704 2023 Fratres,
2756 1960 2861 2029 ipsi
2916 1962 3071 2015 scitis
3098 1963 3379 2032 quomodo

1802 2062 2054 2122 oporteat
2084 2053 2287 2109 imitari
2328 2072 2448 2120 nos,
2477 2057 2737 2125 quoniam
2769 2074 2878 2111 non
2903 2058 3136 2127 inquieti
3169 2058 3380 2112 fuimus

1804 2144 1948 2201 inter
1982 2163 2099 2212 vos,
2136 2164 2316 2218 neque
2345 2148 2518 2219 gratis
2564 2165 2762 2218 panem
2810 2151 3266 2206 manducavimus
3310 2153 3380 2205 ah

1802 2236 2009 2305 aliquo,
2050 2238 2143 2291 sed
2183 2238 2238 2291 in
2266 2237 2457 2292 labore
2485 2248 2543 2291 et
2586 2238 2930 2307 fatigatione,
2989 2247 3154 2293 nocte
3196 2249 3254 2294 ct
3289 2240 3382 2294 die

1801 2338 2117 2397 operantes,
2140 2346 2387 2399 nequem
2407 2339 2652 2384 vestrum
2670 2346 3026 2401 gravaremus
3055 2333 3124 2395 “.
3164 2352 3182 2383 ι
3210 2332 3384 2388 Ιηάιιοο

1803 2421 1879 2475 cit
1906 2438 1916 2472 :
1946 2439 1965 2472 ι
1990 2422 2107 2475 Non
2125 2422 2271 2491 quod
2290 2438 2401 2476 non
2430 2423 2791 2478 habuerimus
2810 2432 3162 2493 potestatem,
3197 2426 3291 2481 sed
3321 2433 3385 2480 ut

1803 2513 2173 2582 nosmetipsos
2213 2513 2442 2569 formam
2483 2514 2741 2570 daremus
2767 2517 2925 2571 vobis
2958 2518 3024 2572 ad
3052 2519 3383 2575 imitandum

1805 2620 1905 2660 nos
1931 2605 1998 2660 ⁵³.
2038 2626 2055 2656 ‹
2091 2607 2324 2661 Prorsus
2345 2607 2530 2677 itaque
2574 2608 2928 2665 conducibile
2957 2613 3130 2665 fuerit
3168 2614 3330 2669 nobis
3362 2656 3379 2682 ,

1806 2704 1865 2750 ut
1893 2697 2049 2765 operi
2076 2697 2320 2766 cuipiam
2351 2698 2643 2751 manuario
2665 2700 3083 2755 eommodemus
3107 2717 3334 2772 operam
3364 2721 3380 2756 :

1804 2804 1914 2842 non
1945 2789 2149 2843 acediaa
2176 2790 2354 2843 solum
2379 2791 2553 2859 gratia
2582 2807 2610 2845 a
2642 2791 2806 2846 nobis
2837 2792 3183 2863 depellenda:
3218 2805 3387 2866 atque

1805 2880 1860 2934 in
1881 2880 2137 2934 exsilium
2156 2881 2494 2951 ablegandm,
2509 2882 2605 2936 sed
2626 2892 2681 2938 et
2705 2892 2766 2937 ut
2784 2883 2912 2938 hinc
2936 2885 3097 2940 nobis
3123 2886 3386 2944 alimonia

1805 2983 2082 3040 suppetat,
2113 2980 2168 3023 et
2200 2972 2393 3026 eadem
2428 2989 2594 3041 opera
2648 2973 2843 3029 aliena:
2892 2976 3095 3046 inopiae
3121 2980 3385 3034 consula-

1805 3062 2427 3133 musJugiterproinde
2453 3064 2587 3119 illud
2613 3065 2949 3121 meditemur
2970 3069 3116 3123 beati
3138 3070 3383 3126 Davidis:

1815 3172 1831 3203 ι
1858 3154 2138 3209 Vclociter
2186 3155 2387 3210 exaudi
2424 3172 2530 3220 me,
2580 3157 2853 3223 Domine;
2907 3158 3110 3213 defecit
3154 3159 3388 3230 Spiritus

134 3237 187 3289 ἐν
222 3243 452 3304 στενοῖς,
484 3242 579 3294 καὶ
622 3241 843 3313 πνεῦμα
889 3243 1128 3315 ἀκηδιῶν
1164 3247 1404 3317 κέκραγε
1449 3248 1585 3317 πρὸς
1620 3249 1698 3303 σέ.

1811 3261 1987 3307 meus,
2017 3247 2065 3277 "
2093 3246 2223 3316 quia
2242 3246 2557 3302 humiliavit
2591 3248 2854 3304 inimicus
2885 3249 3125 3304 animam
3164 3267 3385 3320 meam;

132 3327 217 3396 Μὴ
249 3332 622 3403 συγχωρήσῃς
650 3350 718 3402 με
747 3335 1114 3405 πειρασθῆναι
1139 3337 1280 3406 ὑπὲρ
1308 3336 1336 3389 ὃ
1357 3337 1419 3391 ού
1444 3338 1701 3408 δύναμαι,

132 3418 258 3472 ἀλλὰ
287 3421 520 3491 ποίησον
548 3440 568 3474 ι
607 3425 704 3477 σὺν
728 3424 807 3495 τῷ
839 3428 1133 3499 πειρασμῷ
1165 3429 1260 3479 καὶ
1288 3427 1387 3497 τὴν
1419 3429 1697 3496 ἔκϐασιν,›

132 3510 220 3563 τοῦ
244 3512 507 3568 δύνασθαί
541 3532 609 3585 με
636 3516 981 3584 ὑπενεγκεῖν.
1025 3519 1215 3572 Ῥῠσαί
1251 3536 1320 3590 με
1346 3520 1455 3573 τῶν
1486 3522 1706 3576 ἀτόπων

133 3604 221 3658 καὶ
270 3606 529 3677 πονηρῶν
582 3607 881 3678 λογισμῶν.
943 3610 1301 3683 Ἐπίστρεψόν
1354 3629 1423 3682 με
1470 3613 1549 3676 είς
1586 3614 1706 3668 ὁδὸν

132 3694 366 3763 εὐθεῖαν,
417 3698 500 3761 εἰς
546 3699 844 3767 ἐπίγνωσιν
879 3701 1159 3772 ἀληθείας.
1207 3704 1317 3757 Καὶ
1374 3704 1464 3769 δός
1518 3723 1609 3775 μοι
1649 3708 1704 3759 ὲν

133 3784 342 3858 καθαρᾷ
373 3789 681 3859 συνειδήσει
706 3791 847 3860 μετὰ
878 3794 1189 3863 παρρησίας
1220 3794 1401 3865 πάσης
1420 3797 1705 3867 λατρεύειν

134 3876 214 3929 σοὶ
266 3881 673 3950 ἀπερισπάστῳ
731 3882 932 3952 καρδίᾳ
994 3884 1175 3946 πάσας
1222 3886 1319 3948 τὰς
1354 3887 1570 3957 ἡμέρας
1606 3888 1707 3958 τῆς

132 3972 273 4044 ζωῆς
323 3993 454 4046 μου.
512 3975 642 4040 Ναὶ,
691 3976 863 4047 Κύριε
907 3978 1082 4045 Ἰησοῦ
1126 3979 1352 4048 Χριστὲ,
1395 3983 1705 4053 χαρακτὴρ,

135 4066 225 4119 καὶ
258 4066 609 4139 ἀπαύγασμα
662 4067 758 4121 τοῦ
810 4068 1180 4141 εὐλογημένοι)
1243 4090 1338 4125 σου
1394 4075 1628 4144 Πατρὸς,
1678 4078 1708 4129 6

134 4157 577 4230 ἐγκατασπείρας
607 4159 736 4221 τοὺς
781 4159 959 4222 θείους
1004 4176 1099 4213 σου
1128 4160 1318 4228 λόγους
1341 4164 1417 4225 εἰς
1441 4164 1540 4227 τὰς
1571 4182 1706 4234 καρ-

131 4247 244 4313 δίας
273 4252 456 4321 ἡμῶν,
495 4254 524 4304 6
557 4253 716 4322 μόνος
747 4253 1041 4322 κηδόμενος
1068 4253 1176 4305 τῶν
1208 4254 1316 4305 σῶν
1354 4254 1578 4317 δούλων,
1612 4255 1708 4307 καὶ

136 4341 317 4411 ἰατρὸς
351 4342 566 4412 δωρεὰν
599 4343 848 4413 ίώμενος,
884 4344 913 4396 6
941 4344 1102 4413 μόνος
1163 4344 1457 4414 εὐεργέτης
1486 4346 1579 4397 καὶ
1611 4345 1707 4398 ἀν-

134 4434 502 4502 υπερήφανος,
545 4434 575 4486 6
620 4432 781 4502 μόνος
830 4433 1079 4504 ἐλεήμων
1110 4436 1204 4487 καὶ
1252 4434 1652 4505 φιλάνθρωπος,
1680 4438 1708 4489 6

134 4522 290 4589 μόνος
319 4524 518 4594 Σωτὴρ
551 4524 648 4576 καὶ
689 4524 918 4590 δίκαιος,
954 4527 982 4576 6
1011 4525 1097 4578 ἀεὶ
1128 4523 1204 4576 ὢν
1243 4526 1338 4577 καὶ⁵
1367 4527 1425 4577 ὲν
1467 4528 1601 4579 πᾶσι
1632 4528 1707 4580 ὢν

1808 3337 2099 3391 collocavit
2140 3353 2226 3391 me
2259 3338 2311 3390 in
2336 3338 2594 3393 obscuris
2627 3340 2772 3394 sicut
2805 3349 3058 3394 mortuos
3086 3342 3297 3405 saeculi,
3328 3351 3386 3397 et

1808 3429 2067 3484 anxiatus
2080 3439 2162 3485 est
2180 3445 2349 3500 super
2363 3446 2450 3485 me
2468 3430 2948 3499 spiritusmcus";
2963 3431 3058 3485 sed
3079 3449 3145 3487 ne
3167 3442 3389 3487 avertas

1808 3522 2004 3577 faciem
2043 3531 2192 3578 tuam
2221 3538 2251 3577 a
2284 3538 2395 3587 me,
2430 3542 2446 3575 ι
2480 3538 2514 3577 o
2544 3523 2805 3592 benigne,
2841 3541 2859 3574 ι
2888 3524 3019 3592 quia
3041 3524 3109 3578 ad
3138 3534 3190 3579 te
3207 3526 3386 3582 levavi

1806 3615 2047 3669 animam
2074 3631 2253 3670 meam
2279 3615 2379 3665 ⁸⁸.)
2402 3614 2614 3670 Exaudi
2650 3631 2759 3680 me,
2778 3614 3031 3681 Domine,
3054 3618 3185 3685 quia
3201 3618 3387 3673 anima

1810 3706 1862 3760 in
1901 3708 2170 3776 angustiis
2205 3716 2312 3772 est,
2335 3715 2391 3761 et
2421 3706 2656 3776 spiritus
2688 3722 2801 3776 pra:
2832 3706 2995 3762 taedio
3026 3710 3285 3765 clamavit
3315 3711 3384 3765 ad

1810 3805 1884 3848 te.
1918 3796 1998 3849 Nc
2030 3796 2200 3860 sinas,
2238 3804 2607 3864 pmterquam
2640 3809 2888 3864 possum,
2923 3812 3009 3850 me
3034 3798 3257 3862 tentari,
3287 3800 3385 3854 sed

1807 3884 1894 3940 fac
1934 3904 1951 3933 4
1989 3901 2114 3938 cum
2145 3885 2451 3939 tentatione
2486 3885 2685 3939 ietiam
2723 3904 2740 3934 ι
2766 3885 2977 3939 exitum
3015 3906 3031 3937 ι
3084 3896 3146 3941 ιιι
3174 3890 3385 3957 possim

1809 3977 2108 4031 sustinere.
2138 3977 2346 4046 1071
2375 3977 2540 4046 Eripe
2589 3992 2676 4031 me
2715 3977 2785 4031 ab
2830 3977 2951 4031 istis
3008 3979 3385 4037 indecentium

1809 4078 1977 4137 atque
2004 4067 2383 4137 improbarum
2406 4068 2804 4135 cogitationum
2826 4069 3209 4125 vibramcntis.
3240 4072 3389 4128 Con-

1809 4170 1962 4215 verte
1995 4176 2081 4214 me
2129 4161 2181 4213 in
2206 4160 2348 4213 viam
2382 4168 2610 4223 rectam,
2646 4177 2754 4229 qua
2785 4161 2852 4215 ad
2884 4162 3223 4231 agnitionem
3257 4180 3387 4233 pro-

1809 4251 1980 4304 vehar
2012 4250 2285 4305 veritatis.
2331 4250 2587 4305 Concede
2617 4250 2755 4304 mihi
2801 4251 2856 4305 in
2892 4252 3213 4306 sinceritate
3261 4268 3393 4307 con-

1808 4342 2053 4398 scientia:
2084 4357 2323 4411 cumque
2352 4342 2505 4395 omni
2541 4341 2745 4396 ﬁducia
2772 4358 2967 4411 puram
2995 4344 3094 4397 tibi
3124 4344 3390 4399 exhibere

1811 4433 2136 4487 servitutem
2164 4433 2330 4487 corde
2363 4433 2667 4496 indivulso,
2713 4434 2977 4488 omnibus
3026 4434 3227 4489 diebus
3263 4436 3392 4491 vita!

1812 4541 1970 4580 meas.
2008 4526 2209 4588 Etiam,
2250 4524 2480 4578 Domine
2529 4524 2604 4578 mi
2656 4525 2788 4579 Jesu
2832 4525 3076 4588 Christe,
3116 4527 3288 4597 figura
3334 4535 3392 4581 et

132 4614 227 4666 καὶ
267 4615 549 4686 πανταχοῦ
583 4615 795 4686 παρὼν,
835 4618 929 4671 καὶ
963 4617 1234 4687 περιέχων
1266 4617 1359 4670 καὶ
1390 4617 1614 4688 πληρῶν
1642 4621 1710 4673 τὰ

1814 4618 2079 4686 splendor
2114 4616 2394 4671 benedicti
2418 4616 2601 4671 Patris
2631 4617 2731 4681 tui,
2762 4616 2859 4685 qui
2886 4618 3156 4671 cordibus
3182 4618 3391 4672 nostris

134 4708 335 4769 πάντα,
383 4708 563 4779 Ἰησοῦ
609 4709 817 4778 Χριστὲ
846 4711 951 4763 Θεὲ
980 4716 1074 4763 καὶ
1108 4709 1301 4781 Κύριε,
1346 4713 1410 4763 σὺ
1441 4715 1559 4775 ταῖς
1593 4717 1712 4774 σαῖς

131 4797 363 4868 δωρεαῖς
406 4799 502 4853 καὶ⁵
537 4798 615 4869 τῷ
650 4799 730 4870 σῷ
767 4802 904 4855 ἐλέει
947 4803 1247 4872 περίσκεπε
1282 4803 1427 4872 ἡμᾶς
1460 4803 1586 4863 τοὺς
1620 4804 1711 4857 ἐπί

132 4906 189 4942 σε
222 4891 572 4956 ἐλπίζοντας,
603 4894 633 4948 6
662 4895 1026 4962 ἐπιστάμενος
1058 4894 1302 4963 ἀκριϐῶς
1331 4893 1427 4947 τοῦ
1458 4897 1709 4965 πανταχῇ

131 4984 285 5052 ἡμῶν
324 4985 603 5038 ἀντιδίκου
652 4986 753 5048 τὰς
792 4985 1012 5056 τέχνας,
1048 4985 1149 5048 τὰς
1181 4985 1447 5055 ἐπηρείας
1494 4985 1561 5048 ἂς
1589 4986 1711 5038 καθ’

129 5074 286 5145 ἡμῶν
315 5076 683 5133 ἐπιϐουλεύει.
718 5076 916 5149 Κύριε,
969 5078 1033 5131 σὺ
1082 5077 1243 5147 μόνος
1275 5076 1545 5147 βοήθησον
1574 5078 1709 5146 ἡμῖν

130 5164 185 5215 ἐν
205 5168 270 5235 τῇ
293 5166 575 5236 ἐπισκοπῇ
612 5183 708 5219 σου
737 5169 803 5237 τῇ
836 5166 988 5235 ἁγία.
1024 5167 1135 5220 Καὶ
1168 5167 1255 5218 ὅτε
1284 5165 1507 5235 ἀνεοῇς,
1539 5165 1665 5232 λέγε
1691 5181 1705 5195 ·

129 5250 279 5319 Οἶδα,
314 5257 567 5310 Δέσποτα
594 5256 876 5327 φιλόψυχε,
905 5257 986 5309 ὅτι
1023 5275 1040 5306 ι
1066 5256 1153 5309 Ἐν
1182 5256 1259 5325 τῷ
1284 5257 1576 5327 ἀκηδιάσαι
1609 5257 1709 5327 τὴν

130 5344 360 5413 καρδίαν
408 5363 514 5415 μου
561 5349 618 5399 ἐν
660 5347 840 5416 πέτρᾳ
888 5345 1115 5415 ὕψωσάς
1163 5364 1253 5415 με,
1287 5347 1582 5416 ὠδήγησάς
1616 5364 1706 5415 με,

127 5437 510 5510 δτιέγενήθης
563 5437 727 5500 ἐλπίς
785 5456 910 5508 μου,
956 5440 1050 5493 καὶ
1107 5438 1314 5507 πύργος
1369 5439 1552 5509 ἰσχύος
1601 5440 1708 5490 ἀπὸ

129 5527 430 5596 προσώπου
463 5526 689 5599 ἐχθροῦ.
726 5528 927 5581 Λοιπὸν
960 5532 1286 5599 παροικὴσω
1309 5532 1365 5582 ἐν
1393 5530 1471 5599 τῷ
1498 5526 1707 5599 σκηνώ-

130 5619 259 5687 ματί
291 5637 388 5673 σου
419 5620 499 5684 είς
523 5620 653 5684 τοὺς
682 5619 906 5687 αἰῶνας,
930 5623 1024 5674 καὶ
1053 5622 1511 5692 σκεπασοήσομαι
1546 5622 1605 5672 ἰν
1638 5624 1705 5692 τῇ

129 5713 312 5784 σκέπῃ
344 5712 456 5765 τῶν
492 5713 780 5785 πτερύγων
822 5730 939 5780 σου,
970 5713 1053 5767 ὅτι
1094 5713 1159 5765 σὺ
1200 5714 1228 5766 6
1268 5713 1400 5777 Θεός
1448 5731 1551 5783 μου
1597 5714 1708 5765 εἰσ-

198 5869 244 5900 "
275 5869 319 5924 ιι
365 5868 563 5927 Thess.
589 5886 669 5935 In,
717 5871 828 5938 7,8.
907 5874 1138 5941 l"‘ibid.,
1172 5875 1225 5928 9.
1303 5876 1348 5908 ⁸⁸
1390 5874 1533 5929 Psal.
1566 5887 1758 5937 exivit,
1798 5872 1846 5924 7.

1814 4709 2004 4763 divina
2038 4707 2260 4776 eloquia
2288 4709 2449 4777 quasi
2488 4708 2702 4761 semina
2733 4708 3040 4778 inspirasti,
3069 4710 3393 4764 misericors

1810 4812 1865 4856 et
1888 4804 2135 4858 clemens
2170 4802 2464 4855 hominum
2497 4810 2734 4865 amator,
2783 4800 2878 4869 qui
2910 4800 2978 4854 de
3034 4801 3200 4855 nobis
3239 4803 3393 4857 solus

1811 4910 1976 4965 quam
2001 4893 2209 4962 optime
2236 4893 2492 4956 mereris,
2528 4890 2668 4944 nihil
2704 4890 2930 4945 interim
2965 4906 3063 4960 per
3090 4892 3389 4947 elationem

1815 4987 1914 5040 tibi
1955 5000 2225 5055 arrogans
2252 5002 2267 5050 ;
2300 4984 2396 5054 qui
2446 4999 2550 5037 nos
2585 4984 2739 5037 solus
2770 4983 2948 5037 donas
2972 4984 3149 5037 salute
3176 5023 3190 5047 ,
3239 4985 3394 5039 solus

1809 5079 2039 5147 insuper
2066 5078 2285 5146 justus,
2346 5074 2444 5143 qui
2480 5089 2703 5143 semper
2732 5089 2793 5128 es
2820 5081 2878 5127 et
2923 5072 2980 5127 in
3032 5074 3295 5129 omnibus
3336 5084 3394 5129 et

1785 5168 2017 5237 'ubique
2047 5180 2310 5236 praesens,
2338 5164 2432 5233 qui
2460 5164 2639 5217 ambis
2669 5163 2931 5216 universa
2959 5164 3255 5232 complexu
3285 5172 3383 5216 tuo

1805 5274 1870 5313 ac
1900 5259 2116 5327 imples,
2146 5256 2272 5311 Jesu
2306 5254 2561 5315 Christe,
2599 5255 2746 5307 idem
2780 5254 3048 5308 Dominus
3080 5295 3094 5319 ,
3147 5255 3295 5308 idem
3328 5266 3386 5310 et

1807 5350 1952 5403 Deus
1973 5367 1985 5411 ς
2009 5357 2064 5401 ιιι
2090 5362 2191 5400 nos
2214 5348 2325 5399 tuis
2355 5361 2642 5416 propugna
2665 5345 2845 5410 donis,
2880 5355 2971 5399 tua
3004 5346 3392 5402 misericordia

1818 5450 1994 5500 tuere,
2027 5438 2155 5506 quia
2194 5438 2250 5490 in
2279 5447 2331 5491 te
2364 5452 2533 5490 unum
2559 5451 2711 5505 spem
2753 5436 2951 5490 anima:
2973 5452 3193 5491 omnem
3223 5440 3391 5494 recli-

1818 5545 2033 5583 namus.
2089 5528 2448 5583 Exactissime
2497 5527 2647 5581 enim
2680 5527 2826 5581 nosti
2874 5537 3184 5583 commenta
3214 5529 3391 5585 hostis

1818 5620 2205 5684 infensissimi,
2251 5618 2404 5672 nullo
2450 5632 2561 5671 non
2597 5617 2721 5671 loco
2752 5617 2937 5671 obvia.
2987 5618 3390 5690 [inpressiones

1819 5712 2183 5766 reteratorias
2215 5709 2420 5779 quibus
2447 5724 2552 5763 nos
2573 5722 2638 5762 ex
2686 5707 2906 5761 insidiis
2935 5708 3191 5764 adoritur
3211 5750 3226 5779 ,
3265 5711 3390 5780 quis

1925 5871 1967 5903 ⁸⁷
2000 5870 2140 5925 Psal.
2174 5885 2333 5931 cun,
2360 5868 2471 5931 δή.
2546 5870 2591 5903 ⁵⁸
2630 5869 2762 5923 ibid.
2802 5868 2857 5927 7,
2889 5869 2940 5920 8.
