4178 6436
236 384 352 450 1521

1093 391 1417 450 llOMlLlA
1461 392 1702 453 XXVII.
1726 417 1795 427 —
1829 392 1926 453 DE
1967 396 2562 463 DESPERATIONE.

3323 401 3461 468 1529

229 496 503 558 ὀλολύξων.
563 499 654 568 Μὴ
697 494 799 551 οὖν
842 499 1174 568 ἀπογνῶμεν
1212 501 1443 563 ἑαυτῶν,
1486 503 1781 570 ἀγαπητοὶ,

1891 505 2237 561 tolerantiam
2271 518 2438 579 atque
2470 511 2807 567 immobilem
2844 515 3011 569 animi
3056 516 3288 587 rigorem
3330 519 3458 574 vita:

228 586 355 640 ἀλλὰ
382 589 584 657 μᾶλλον
614 590 986 661 νευρούμενοι,
1035 593 1127 647 καὶ
1168 594 1657 663 περιτειχιζόμενοι
1703 592 1782 661 τῷ

229 678 358 744 φωτὶ
381 679 478 747 τῆς
508 680 767 744 πίστεως,
792 678 1215 750 ἁντικρὰζωμεν
1249 681 1387 749 μετὰ
1416 680 1615 748 πολλῆς
1640 682 1783 749 παῤ-

228 766 409 835 ρησίας
434 768 679 839 πονηρῷ·
710 770 763 820 τί
793 771 876 821 σοι
914 770 1011 822 καὶ
1043 772 1195 838 ἡμῖν,
1224 769 1471 840 ἁλλότριε
1498 769 1590 820 τοῦ
1620 766 1778 831 Θεοῦ,

226 855 311 907 καὶ
336 855 577 923 δραπέτα
623 859 732 909 τῶν
767 857 1034 928 οὐρανῶν,
1070 859 1162 910 καὶ
1205 858 1361 911 δοῦλε
1404 858 1644 927 πονηρέ;
1679 860 1782 912 οὐκ

224 946 356 1013 ἔχεις
389 948 454 999 σὺ
484 949 799 1018 παρρησίαν
834 949 954 1002 καθ’
980 950 1159 1020 ἡμῶν.
1197 951 1430 1020 Χριστὸς
1462 951 1491 1002 ὁ
1522 949 1618 1004 τοῦ
1642 950 1781 1003 Θεοῦ

228 1037 372 1101 Υἱὸς,
394 1039 550 1109 ἡμῶν
576 1056 635 1092 τε
672 1042 766 1093 καὶ
798 1042 1017 1094 πάντων
1044 1043 1146 1112 τὴν
1183 1043 1431 1105 ἐξουσίαν
1453 1042 1597 1113 ἔχει·
1634 1044 1782 1113 αὐτῷ

222 1126 552 1196 ἡμάρτομεν,
585 1128 735 1198 αὐτῷ
764 1131 854 1180 καὶ
883 1129 1359 1200 ἀπολογησώμεθα
1380 1144 1393 1158 ·
1428 1130 1493 1183 σὺ
1516 1128 1572 1181 δὲ
1610 1129 1780 1197 φεῦγε

224 1218 307 1284 ἀφ’
370 1218 529 1287 ἡμῶν
585 1220 1081 1292 μακρὰν,ὀλέθριε.
1132 1222 1321 1292 Ἡμεῖς
1375 1223 1482 1292 γὰρ
1527 1222 1780 1292 ἐνέχυρον

223 1308 425 1375 ἔχοντες
462 1312 555 1363 τὸν
579 1313 760 1382 τίμιον
791 1312 956 1364 αὑτοῦ
989 1313 1243 1383 σταυρὸν,
1280 1314 1562 1382 πατοῧμεν
1596 1314 1781 1365 ἐπάνω

224 1398 311 1451 σοῦ
344 1400 435 1452 τοῦ
464 1401 641 1469 ὅψεως
662 1403 761 1473 τὴν
788 1405 1053 1474 κεφαλήν.
1080 1405 1266 1468 Οὕτως
1301 1400 1394 1457 οὖν
1436 1406 1595 1474 ἡμεῖς
1626 1403 1777 1457 ἀντί-

224 1490 428 1559 στῶμεν
458 1494 546 1546 ἀεὶ
569 1494 648 1563 τῷ
686 1494 931 1566 πολεμίῳ
953 1496 1265 1566 θαρσαλέοι,
1296 1496 1389 1550 καὶ
1416 1495 1492 1566 μὴ
1531 1500 1609 1558 είς
1641 1497 1778 1551 ἀπό-

220 1600 410 1649 γνωσιν
436 1586 665 1649 ἑαυτοὺς
695 1588 964 1657 ἐκδῶμεν.
998 1590 1058 1641 Εἰ
1089 1590 1197 1658 γὰρ
1227 1590 1276 1641 οἱ
1315 1588 1564 1656 δαίμονες
1598 1605 1777 1657 παρ-ιο

221 1672 543 1738 καλέσαντες
588 1677 676 1728 τὸν
718 1678 942 1749 Κύριον,
976 1679 1063 1731 ἵνα
1095 1678 1173 1748 μὴ
1220 1681 1287 1747 τῇ
1326 1677 1551 1747 aeson,»
1598 1694 1777 1745 παραο

221 1764 555 1834 πεμφθῶσιν,
608 1768 797 1837 ἔτυχον
854 1769 948 1821 τοῦ
1012 1770 1346 1837 αἱτήματος,
1388 1770 1539 1836 πόσῳ
1577 1767 1778 1836 μᾶλλον

220 1857 699 1928 είσακουσθήσεται
746 1862 775 1913 ὁ
805 1860 896 1912 τὸν
929 1858 1163 1930 Χριστὸν
1194 1859 1559 1928 ἐνδεδυμένος,
1594 1858 1777 1926 δεόμε-
1815 1856 1851 1907 Ιξ

219 1968 299 2013 νος
333 1951 647 2022 ἐλευθερίας
702 1957 883 2023 τυχεῖν
923 1954 1018 2008 τοῦ
1050 1954 1240 2025 νοητοῦ
1273 1954 1540 2019 θανάτου;
1567 1953 1658 2023 Μὴ
1687 1948 1780 2006 οὖν

218 2042 603 2113 ἁπελπίσωμεν
634 2046 865 2109 ἑαυτῶν,
900 2046 1037 2098 ἀλλὰ
1074 2047 1290 2115 στῶμεν
1322 2046 1521 2116 ἑδραῖοι
1554 2046 1632 2108 εἰς
1691 2044 1776 2107 ἐξ·

216 2134 558 2204 ομολόγησιν,
580 2137 672 2189 καὶ
697 2136 941 2208 εἴπωμεν
964 2139 1104 2207 μετὰ
1126 2137 1489 2201 κατανύξεως,
1510 2138 1777 2199 Δέσποτα,

216 2225 379 2297 Κύριε
432 2227 665 2299 ούρανοῦ
708 2230 925 2300 καὶτῆς
969 2231 1095 2299 γῆς,
1128 2228 1359 2282 Βασιλεῦ
1402 2229 1510 2282 τῶν
1544 2230 1775 2288 αἰώνων,

214 2318 502 2387 εύδόκησον
545 2308 829 2391 ἀνοιγῆναί
876 2338 964 2390 μοι
1009 2322 1178 2391 θύραν
1218 2322 1319 2389 τῆς
1359 2321 1667 2390 μετανοίας,
1697 2322 1777 2373 ὅτι

215 2410 271 2460 ἐν
302 2409 462 2483 ὀδύνῃ
490 2411 668 2481 ψυχῆς
699 2411 928 2467 ἱκετεύω
979 2414 1036 2465 σὲ
1082 2413 1173 2465 τὸν
1223 2412 1473 2480 ἀληθινὸν
1524 2412 1657 2466 θεὸν
1689 2413 1778 2465 τὸν

217 2499 427 2572 Πατέρα
466 2504 564 2556 τοῦ
595 2504 802 2572 Κυρίου
847 2504 1004 2574 ἡμῶν
1046 2504 1221 2574 Ἰησυῦ
1262 2503 1521 2574 Χριστοῦ,
1553 2505 1613 2556 τὺ
1659 2504 1773 2572 φῶς

214 2591 301 2644 τοῦ
326 2596 536 2664 κόσμου
586 2595 876 2664 ἐπιϐλέψαι
926 2599 990 2665 τῇ
1045 2596 1211 2666 πολλῇ
1249 2613 1344 2648 σου
1382 2596 1773 2666 εὐσπλαγχνίᾳ,

215 2683 302 2734 καὶ
326 2684 624 2754 πρόσδεξαί
670 2703 770 2755 μου
819 2690 919 2756 τὴν
963 2688 1170 2755 δέησιν,
1204 2689 1296 2739 καὶ
1328 2688 1402 2756 μὴ
1444 2687 1639 2757 ἁπώσῃ
1673 2704 1776 2755 μου

214 2774 394 2845 αὐτὴν,
420 2777 558 2829 ἀλλὰ
593 2778 864 2846 σύγγνωθί
893 2795 983 2847 μοι
1006 2778 1084 2848 τῷ
1114 2782 1171 2832 ἐν
1196 2779 1412 2841 πολλοῖς
1442 2780 1776 2848 πταίσμασιν

214 2867 501 2935 εὑρεθέντι.
529 2869 725 2922 Κλίνον
752 2870 814 2923 τὸ
843 2866 936 2933 οὖς
965 2887 1059 2923 σου
1085 2871 1165 2933 εἰς
1189 2870 1286 2940 τὴν
1311 2870 1496 2941 δέησίν
1525 2890 1648 2939 μου,
1683 2873 1776 2924 καὶ

214 2957 563 3028 συγχώρησόν
596 2976 685 3028 μοι
711 2961 889 3014 πάντα
929 2962 1033 3016 ὅσα
1064 2961 1139 3024 ὼς
1190 2962 1473 3031 ἄνθρωπος
1524 2962 1776 3032 ἡττηθεὶς

214 3048 311 3101 ὑπὸ
334 3052 431 3118 τῆς
470 3050 850 3121 προαιρέσεώς
899 3069 1001 3121 μου
1033 3053 1177 3105 κακὰ
1205 3054 1574 3122 εἰργασάμην.
1620 3054 1777 3122 Ζητῶ

212 3140 313 3211 γὰρ
332 3142 535 3206 ἄνεσιν,
558 3144 651 3195 καὶ
666 3146 763 3214 οὐχ
777 3144 1016 3214 εὑρίσκω
1030 3145 1185 3198 διὰτὸ
1209 3146 1311 3215 τὴν
1337 3145 1639 3212 συνείδησιν
1673 3163 1772 3214 μου

216 3231 285 3303 μὴ
316 3238 625 3305 συγχωρεῖν
649 3254 758 3306 μοι,
794 3237 1083 3307 ’Υπομένω
1109 3240 1355 3309 εἰρήνην,
1388 3241 1482 3292 καὶ
1503 3240 1602 3292 οὐκ
1633 3239 1779 3293 ἐστιν

213 3326 266 3376 ἐν
286 3323 409 3393 ἐμοὶ
436 3327 632 3397 εἰρήνη
663 3327 752 3380 διὰ
780 3331 873 3380 τὸν
912 3329 1075 3397 βυθὸν
1107 3328 1203 3382 τοῦ
1241 3331 1479 3400 πλήθους
1506 3330 1615 3383 τῶν
1648 3332 1776 3385 ἀνο-

215 3417 341 3485 μιιῖιν
384 3436 511 3486 μου.
554 3420 845 3481 Ἄκουσον,
894 3420 1084 3491 Κύριε,
1121 3422 1346 3492 καρδίας
1394 3440 1495 3491 μου
1544 3424 1683 3493 πρὸς
1717 3424 1777 3475 σὲ

213 3508 433 3580 βοὼσης,
463 3511 562 3564 καὶ
601 3511 677 3581 μὴ
721 3515 965 3581 προσχῇς
998 3515 1111 3576 τοῖς
1142 3512 1368 3581 φαύλοις
1415 3531 1516 3581 μου
1558 3514 1774 3583 ἔργοις,

212 3601 317 3653 ἁ).ὶέ
345 3603 643 3670 ἐπίϐλεψον
689 3605 780 3655 ἐπὶ
819 3605 980 3675 ὀδύνῃ
1016 3605 1115 3673 τῆς
1156 3605 1337 3674 ψυχῆς
1376 3622 1477 3673 μου
1505 3644 1519 3666 ,
1555 3606 1651 3658 καὶ
1682 3605 1779 3657 τά-

209 3708 362 3760 χυνον
410 3694 508 3747 τοῦ
544 3692 799 3747 ἰάσασθαί
844 3712 911 3762 με
965 3695 1158 3758 δεινῶς
1202 3696 1772 3765 τετραυματισμένον·

212 3785 299 3836 καὶ
324 3786 410 3842 δός
451 3803 546 3855 μοι
576 3787 767 3855 καιρὸν
806 3788 1123 3855 ἀνανήψεως
1161 3788 1303 3841 κατὰ
1341 3788 1439 3859 τὴν
1473 3789 1637 3858 χάριν
1678 3789 1777 3858 τῆς

212 3875 612 3946 φιλανθρωπίας
643 3893 757 3939 σου,
791 3877 887 3931 καὶ
920 3877 1081 3947 ῥῦσαί
1120 3896 1186 3946 με
1217 3878 1325 3930 ἀπὸ
1365 3878 1475 3931 τῶν
1515 3879 1776 3946 ἀτιμοτά-

210 3985 312 4019 των
339 3969 539 4038 ξργων,
568 3969 660 4021 καὶ
688 3969 763 4039 μὴ
805 3970 1209 4039 ἀντιμετρὴσῃς
1245 3988 1354 4039 μοι,
1386 3970 1517 4041 μηδὲ
1543 3969 1775 4041 θελήσῃς

211 4059 496 4113 ἀποδοῦναί
529 4078 619 4130 μοι
637 4060 761 4124 ἄξια
783 4055 858 4111 ὦν
880 4061 1112 4130 ἔπραξα·
1136 4062 1222 4113 ἶνα
1256 4063 1332 4133 μὴ
1359 4062 1583 4125 τελείως
1605 4060 1771 4115 ἀπόλ-

212 4148 401 4219 λωμαι.
434 4153 727 4215 Ἄκουσον,
767 4151 959 4221 Κύριε,
994 4152 1053 4202 ἐν
1093 4150 1400 4218 ἀπογνώσει
1450 4168 1551 4221 μου
1602 4151 1774 4214 ὄντος.

224 4239 277 4292 '0
304 4240 412 4309 γὰρ
444 4241 633 4310 πάσης
664 4239 972 4311 προθυμίας
998 4241 1307 4311 ἐρημωθεὶς
1335 4243 1429 4294 καὶ
1455 4242 1663 4305 ἐννοίας
1696 4243 1776 4304 εἱς

214 4330 269 4382 τὸ
298 4329 697 4400 διορθώσασθαι
744 4332 1000 4400 ἐμαυτὸν,
1044 4331 1369 4403 προσπίπτω
1416 4334 1530 4393 τοῖς
1571 4333 1779 4402 οἰκτιρ-

217 4423 330 4489 μοῖς
361 4438 482 4483 σου,
507 4421 604 4474 τοῦ
648 4422 864 4493 ἐλεῆσαί
895 4440 963 4493 με
1020 4423 1111 4475 τὸν
1150 4423 1243 4475 ἐπὶ
1290 4423 1394 4492 γῆς
1444 4423 1777 4493 ἐρριμμένον

1889 598 2245 652 restituamur
2281 604 2673 670 tranquilliori.
2712 605 2871 670 Quod
2896 607 3043 660 enim
3058 610 3267 677 peccati
3286 626 3456 680 genus

1888 699 2115 752 usquam
2141 688 2454 742 inveniatur
2474 693 2715 747 atrocius
2731 695 3156 764 desperatione?
3171 698 3199 752 J
3206 698 3341 752 udas
3362 700 3456 756 ille

1889 775 2104 830 Domini
2122 780 2393 846 proditor,
2415 798 2580 850 quam
2607 784 2791 851 pusilli
2809 796 2931 841 erat
2947 797 3004 842 ct
3021 789 3223 858 abjecti
3246 792 3457 845 animi?

1884 883 2050 937 quam
2065 871 2219 927 rudis
2237 881 2502 943 ctexpers
2522 876 2813 931 conﬂictus
2833 881 3199 934 tentationmn
3214 882 3237 935 ?
3253 882 3336 936 Ob
3353 883 3457 938 hoc

1883 962 2032 1015 enim
2064 977 2219 1031 spem
2249 980 2469 1020 omnem
2500 982 2531 1020 a
2563 981 2622 1019 se
2654 983 2778 1022 cum
2817 970 3135 1039 abjecisset,
3175 972 3456 1027 insiliente

1886 1054 1941 1109 in
1974 1070 2102 1110 eum
2137 1056 2387 1122 inimico,
2408 1058 2660 1113 funiculo
2690 1060 2797 1113 sibi
2829 1062 3147 1129 przefocavit
3176 1063 3360 1131 gulam
3386 1064 3455 1117 ⁸⁸.

1883 1147 1954 1201 At
1980 1149 2180 1203 Petrus
2207 1149 2382 1204 solida
2411 1151 2502 1205 illa
2532 1160 2711 1225 petra,
2746 1154 3014 1221 numquid
3046 1169 3158 1209 non
3182 1155 3237 1208 in
3263 1168 3458 1223 pecca-

1885 1247 2000 1292 tutn
2028 1239 2256 1309 impegit
2277 1253 2382 1293 nec
2429 1241 2752 1296 mediocre?
2800 1241 3004 1296 Verum
3050 1242 3097 1295 is
3124 1282 3139 1303 ,
3190 1252 3455 1312 tanquam

1888 1331 1983 1400 qui
2019 1332 2154 1385 tales
2184 1330 2477 1386 conﬂictus
2502 1332 2749 1388 doctrice
2775 1335 3119 1403 experientia
3145 1334 3454 1399 didicisset,

1882 1424 1953 1477 ob
1978 1422 2346 1491 naleloquam
2380 1422 2732 1492 negationem
2755 1463 2769 1486 ,
2811 1439 2965 1492 spem
3003 1423 3328 1492 neutiquam
3360 1423 3455 1478 ab-

1877 1513 2033 1582 jecit,
2047 1513 2144 1567 sed
2158 1514 2427 1583 Iacrymas
2441 1512 2699 1567 adhibuit
2722 1514 2970 1581 pararias
2990 1513 3134 1582 apud
3156 1514 3452 1568 Dominum

1880 1614 1936 1658 et
1962 1605 2386 1659 coneiliatrices.
2418 1603 2740 1670 Quasnam?
2791 1619 2925 1658 sane
2966 1604 3157 1673 plenas
3190 1603 3456 1659 amaritu-

1883 1698 2050 1761 dinis,
2075 1705 2132 1751 et
2156 1712 2278 1765 quze
2306 1712 2374 1750 ex
2402 1698 2569 1751 corde
2607 1696 2952 1766 prosilierint
2997 1696 3335 1765 deﬂagrante
3365 1696 3422 1750 in

1884 1786 2081 1840 cendio
2093 1787 2405 1841 charitatis.
2420 1786 2571 1840 llanc
2585 1786 2731 1841 Petri
2751 1786 3261 1855 magnanimitatem
3280 1786 3455 1841 hostis

1880 1891 2005 1929 cum
2027 1876 2269 1939 vidisset,
2287 1877 2423 1931 nulli
2440 1875 2670 1931 dubium
2692 1878 2783 1939 sit,
2803 1876 2940 1942 quin
2957 1892 3017 1930 se
3032 1875 3183 1931 illine
3204 1878 3455 1931 concitus

1882 1968 2216 2036 proripuerit
2243 1968 2452 2038 ingenti
2475 1984 2601 2022 cmn
2622 1968 2852 2038 ejulatu,
2898 1982 2961 2021 ac
2981 1968 3026 2022 si
3050 1967 3161 2037 igni
3186 1967 3264 2021 illi
3285 1965 3455 2022 facies

1882 2060 2291 2129 conﬂagrasset.
2324 2060 2400 2113 Ne
2421 2060 2611 2129 igitur,
2638 2061 2974 2124 charissitni,
3023 2077 3054 2113 a
3091 2060 3255 2115 nobis
3296 2074 3450 2129 spem

1881 2152 2202 2219 ahjiciamns
2230 2151 2557 2220 impetrandi
2581 2152 2734 2205 illius
2748 2152 2923 2207 beata:
2946 2151 3104 2217 vitae;
3130 2152 3302 2221 magis
3319 2165 3453 2205 vero

1881 2251 2370 2313 quantumcunque
2392 2252 2477 2297 est
2522 2259 2723 2297 nervos
2749 2242 3106 2297 intendamus
3129 2282 3144 2306 ,
3188 2243 3471 2311 omnique

1879 2352 1943 2388 ex
1966 2342 2119 2403 parte
2147 2350 2269 2387 eam
2304 2332 2970 2388 communiamuslumine
2995 2331 3142 2385 ﬂdei.
3173 2331 3452 2386 Adversus

1882 2427 2177 2496 malignum
2201 2427 2567 2488 inccntorem,
2601 2426 2773 2478 multa
2797 2439 2923 2478 cum
2946 2423 3148 2477 ﬂducia
3177 2422 3450 2478 vocifere-

1881 2535 2001 2571 mur
2036 2535 2049 2569 :
2078 2517 2220 2582 Quid
2253 2517 2350 2570 tibi
2373 2526 2431 2571 et
2453 2517 2619 2569 nobis
2646 2530 2941 2570 commune
2969 2526 3075 2578 est,
3126 2530 3157 2569 a
3189 2516 3286 2569 Dei
3317 2530 3451 2569 con-

1879 2609 2050 2663 Sortio
2078 2610 2331 2673 extorris,
2357 2618 2413 2662 et
2439 2608 2681 2662 cmlestis
2706 2606 2994 2676 municipii
3027 2606 3215 2675 reluga
3264 2606 3451 2675 perdi-

1881 2701 2113 2761 tissime,
2141 2716 2299 2754 serve
2328 2699 2607 2767 nequam?
2648 2698 2789 2752 nihil
2822 2698 2970 2751 enim
3003 2698 3058 2750 in
3101 2714 3203 2751 nos
3233 2696 3455 2751 obtines

1874 2794 2037 2863 juris.
2059 2792 2318 2847 Christus
2338 2792 2488 2845 enim
2512 2792 2609 2844 Dei
2646 2791 2833 2852 Filius,
2888 2788 3063 2843 nostri
3099 2789 3189 2843 ille
3214 2787 3454 2857 denique

1876 2894 1932 2939 et
1964 2884 2212 2938 omnium
2248 2883 2408 2952 plena
2448 2882 2598 2935 solus
2643 2881 2948 2951 perfruitur
2999 2887 3271 2950 potestate
3309 2897 3324 2931 :
3374 2878 3452 2933 illi

1878 2975 2246 3047 peccavimus,
2275 2990 2460 3029 coram
2489 2974 2584 3027 illo
2604 2988 2708 3027 nos
2724 2973 3027 3027 etiamnum
3050 2970 3407 3040 purgavimus
3436 2987 3452 3022 :

1879 3084 1908 3120 ιι
1938 3067 2097 3121 nobis
2127 3075 2183 3119 tu
2206 3081 2373 3135 quam
2415 3064 2757 3135 longissime,
2805 3064 3052 3118 exitialis
3090 3078 3155 3118 ac
3190 3063 3457 3133 pestilens

1884 3157 2096 3212 secede.
2131 3156 2425 3226 Siquidem
2458 3171 2559 3209 nos
2586 3155 2804 3209 Domini
2828 3168 3051 3208 crucem
3079 3155 3228 3208 omni
3246 3154 3457 3208 honore

1881 3249 2103 3318 dignam
2133 3262 2260 3301 eum
2285 3248 2623 3301 retineamus
2665 3246 2914 3317 pignoris
2948 3246 3070 3300 loco
3091 3285 3105 3309 ,
3151 3244 3459 3314 quamlibet

1880 3338 2115 3392 sublime
2155 3337 2289 3390 illud
2342 3345 2508 3405 caput
2547 3345 2727 3399 tuum,
2775 3336 2927 3389 calce
2986 3335 3365 3403 proterimus,
3421 3350 3458 3388 ο

1880 3443 2109 3497 serpens
2138 3435 2426 3481 venenato.
2462 3426 2541 3480 Ad
2578 3426 2726 3479 hunc
2761 3441 2894 3479 sane
2922 3423 3146 3478 modum
3189 3424 3457 3478 adversus

1881 3518 2296 3572 colluctatorem
2318 3524 2376 3570 et
2406 3514 2785 3567 adversarium
2828 3520 3083 3565 nostrum
3114 3526 3210 3581 spe
3253 3511 3454 3565 audaci

1883 3612 2121 3665 nitentes
2166 3609 2552 3678 depraaliemur
2606 3622 2669 3659 at.
2714 3622 3089 3676 repugnemus
3124 3644 3140 3669 ,
3188 3621 3293 3660 nec
3341 3606 3455 3661 ullo

1881 3714 2125 3770 unquam
2161 3706 2323 3769 pacto
2348 3697 2597 3751 sinamus
2616 3712 2718 3751 nos
2750 3697 3007 3765 intercipi
3027 3697 3227 3765 laqueo
3252 3696 3454 3764 despe-

1881 3791 2133 3855 rationis,
2156 3805 2259 3860 per
2281 3788 2647 3843 deditionem.
2671 3788 2960 3842 Daemones
2979 3786 3128 3842 enim
3160 3788 3286 3857 ipsi,
3306 3803 3377 3841 ne
3401 3787 3454 3840 in

1880 3881 2650 3954 abyssumpraecipitarentur,
2691 3894 2816 3933 cum
2860 3880 3228 3933 obsecrarunt
3272 3878 3458 3933 Domi-

1881 3986 2145 4036 num,sua
2168 3970 2433 4039 petitione
2456 3969 2693 4022 fraudati
2707 3983 2817 4021 non
2832 3976 2963 4021 sunt
2984 3968 3459 4038 :quantodignius

1878 4073 2098 4118 estcum
2114 4060 2383 4124 exaudiri,
2397 4060 2681 4115 Christum
2695 4060 2789 4128 qui
2811 4074 2910 4127 per
2930 4058 3090 4112 ﬁdem
3109 4058 3314 4121 induit,
3334 4074 3460 4128 sup-

1879 4156 2098 4226 pliciter
2111 4153 2569 4222 deprecantem,a
2590 4151 2863 4220 spirituali
2884 4160 3060 4205 morte
3080 4160 3138 4204 ut
3153 4151 3455 4205 libereturl

1884 4245 2095 4316 1073
2128 4244 2207 4298 Nc
2260 4243 2426 4313 igitur
2488 4257 2585 4312 spe
2625 4242 2835 4311 abjccta
2872 4241 3311 4310 despondeamns
3336 4242 3457 4295 ani-

1880 4354 2063 4400 mum;
2093 4334 2264 4404 magis
2313 4343 2497 4388 autem
2552 4348 2968 4401 perseveremus
3003 4333 3056 4384 in
3111 4333 3461 4389 confessione

1879 4424 2039 4481 solidi
2076 4437 2137 4476 ac
2163 4420 2413 4483 stabiles,
2441 4429 2498 4474 et
2525 4437 2650 4473 eum
2691 4420 3115 4488 eompunctione
3169 4421 3458 4475 dicamus:

215 4510 269 4561 ἐν
291 4512 560 4581 καταδίκη
573 4512 858 4582 ἁμαρτιῶν
878 4531 999 4583 μου.
1017 4514 1372 4568 ’Λνακὰλεσαί
1394 4533 1483 4583 με,
1500 4518 1766 4580 Δέσποτα,

1882 4516 2017 4573 llerc
2034 4514 2129 4576 mi,
2152 4512 2382 4566 Domine
2401 4512 2523 4566 cteli
2546 4519 2601 4564 et
2625 4522 2801 4573 terrae,
2821 4511 2932 4565 Itex
2951 4512 3294 4576 seculorum,
3316 4528 3463 4581 quas-

214 4597 298 4649 τὸν
328 4598 697 4668 αἰχμάλωτον,
715 4600 808 4653 καὶ
839 4602 1203 4671 κατεχόμενον
1238 4603 1345 4655 ὑπὸ
1372 4604 1481 4656 τῶν
1514 4606 1767 4674 πράξεών

219 4704 335 4755 μου,
369 4690 468 4743 καὶ
498 4689 576 4752 ὡς
602 4691 711 4743 ἀπὸ
744 4689 987 4755 ἁλύσεως
1020 4695 1403 4762 σφιγγόμενον.
1436 4698 1508 4749 Συ
1540 4699 1648 4769 γὰρ
1682 4702 1779 4769 μό-

216 4795 298 4840 νος
335 4774 484 4842 οἷδας
518 4779 666 4832 λύειν
709 4781 1140 4852 πεπεδημένους,
1190 4783 1444 4839 ἰάσασθαι
1494 4788 1563 4839 τὰ
1608 4788 1783 4858 ἄδηλα

214 4870 502 4941 τραύματα
530 4871 567 4925 ὃ.
597 4873 660 4926 σὺ
688 4872 847 4942 μόνος
871 4874 1165 4929 ἐπίστασαι
1184 4877 1213 4928 ὁ
1235 4877 1342 4931 τῶν
1368 4881 1626 4944 κρυπτῶν
1643 4883 1783 4948 γνὼ-

217 4979 340 5033 στης
382 4965 667 5035 ὑπάρχων.
700 4966 840 5019 Ὅσα
881 4968 991 5039 γὰρ
1037 4968 1184 5039 πάθη
1237 4970 1497 5038 προσεστί
1545 4990 1633 5041 μοι
1685 4990 1785 5026 κα-

216 5054 343 5119 κῶν,
390 5059 474 5120 είς
516 5057 692 5115 πάντα
745 5074 804 5110 σε
858 5058 1099 5130 εὑρίσκω
1144 5060 1565 5130 ὀνομαζόμενον,
1600 5065 1783 5134 ἰατρὸν

216 5144 319 5197 τῶν
346 5147 535 5210 κακῶς
566 5149 817 5218 ἐχόντων,
866 5149 1038 5221 θύραν
1087 5151 1197 5205 τῶν
1249 5152 1354 5216 ἔξω
1403 5154 1782 5224 παροδυρομέ-

222 5252 337 5303 «av,
361 5238 484 5292 ὁδὸν
514 5239 624 5293 τῶν
653 5241 1107 5313 πεπλανημένων,
1154 5242 1269 5311 φῶς
1309 5245 1418 5296 τῶν
1464 5244 1784 5314 ἐσκοτισμέ-

215 5344 339 5395 νων,
372 5330 660 5402 λυτρωτὴν
692 5333 801 5387 τῶν
835 5334 1199 5405 ἀπαγομένων
1220 5375 1233 5397 ,
1266 5336 1531 5407 ἐπέχοντα
1571 5338 1659 5390 ἀεὶ
1685 5339 1786 5407 τὴν

218 5422 371 5491 χεῖρά
398 5438 522 5485 σου,
566 5425 661 5477 καὶ
696 5425 772 5494 μὴ
799 5426 1105 5493 ἐπαφιέντα
1132 5425 1231 5496 τὴν
1269 5426 1439 5497 ὀργὴν
1465 5430 1574 5489 τοῖς
1602 5428 1784 5497 ἀμαρ-

218 5515 401 5579 τωλοῖς
433 5518 867 5587 ἡτοιμασμένην,
900 5518 1035 5573 ἀλλὰ
1065 5519 1153 5572 διὰ
1193 5520 1292 5590 τὴν
1338 5520 1538 5590 πολλὴν
1572 5537 1663 5572 σου
1696 5538 1782 5586 cpt-

219 5606 568 5678 ).avilpwtttav
618 5608 823 5674 ἔδωκας
873 5613 1064 5681 καιρὸν
1101 5614 1449 5681 cumq-Law;-
1488 5612 1786 5680 é::;iwﬂ£

290 5760 334 5790 "
358 5760 545 5814 M-tlllt.
569 5776 696 5824 xvtl,
719 5763 749 5809 Ῑι

1885 4623 1967 4672 so,
1998 4605 2130 4660 mihi
2164 4604 2305 4658 velis
2330 4603 2620 4672 adaperire
2644 4603 2980 4671 pmnitentia:
3002 4603 3246 4672 januam.
3281 4603 3463 4673 Siqui-

1882 4702 2006 4755 dem
2037 4708 2148 4754 tota
2173 4698 2467 4752 alllictione
2516 4712 2711 4750 annua:
2739 4696 2970 4750 obsecro
3003 4707 3054 4749 te
3074 4712 3265 4751 verum
3289 4697 3459 4751 Deutn

1884 4793 2096 4847 Patrem
2125 4790 2341 4846 Domini
2368 4789 2542 4843 nostri
2585 4789 2712 4842 .Iesu
2745 4788 2949 4842 Christi
2978 4789 3093 4857 ,qni
3154 4788 3338 4843 lumen
3380 4798 3465 4844 est

1887 4885 2099 4947 mundi,
2122 4883 2414 4937 utvideam
2458 4890 2551 4936 tua
2579 4882 2753 4935 solius
2792 4881 3119 4935 exuberanti
3148 4882 3465 4935 misericor—

1884 4974 1995 5029 dia.
2028 4974 2289 5037 Admitte,
2335 4988 2542 5042 quaeso.
2600 4988 2775 5026 meam
2816 4973 2958 5026 hanc
2983 4972 3461 5041 supplicationem.

1885 5066 2163 5120 Nemeam
2214 5063 2661 5131 deprecationem
2738 5060 3017 5129 repudies,
3050 5059 3147 5113 sed
3214 5057 3462 5112 eondona

1887 5156 2021 5210 mihi
2056 5155 2135 5208 sie
2183 5153 2383 5208 misere
2421 5154 2726 5220 intercepto
2769 5151 2826 5204 in
2878 5148 3168 5219 multiplici
3206 5147 3468 5218 praevari-

1888 5248 2104 5302 catione
2148 5244 2529 5299 mandatorum
2564 5252 2803 5296 tuorum.
2834 5242 3037 5295 lnelina
3087 5255 3280 5295 aurem
3316 5250 3461 5293 tuam

1892 5338 1959 5391 ad
1994 5351 2211 5407 precem
2259 5350 2455 5397 meam,
2502 5335 2750 5403 mihique
2811 5342 3009 5387 cuncta
3069 5333 3290 5401 indulge
3346 5346 3468 5400 qua:

1892 5430 2087 5485 admisi
2122 5429 2375 5499 nequiter
2410 5437 2470 5481 ut
2503 5428 2668 5481 homo
2695 5426 2917 5495 propria
2950 5426 3129 5479 vietus
3158 5424 3463 5478 voluntate.

1893 5521 2087 5587 Quatro
2175 5522 2321 5574 enim
2383 5519 2651 5588 requiem,
2710 5533 2812 5572 nec
2866 5517 3076 5586 uspiam
3122 5514 3363 5578 invenio,
3402 5529 3469 5566 eo

1894 5612 2038 5682 quod
2081 5613 2301 5667 minime
2336 5610 2618 5679 indulgeas
2647 5609 2995 5665 conscientiw
3034 5624 3164 5661 mea:
3203 5604 3464 5674 tranquil-
