4178 6436
755 358 782 425 1
793 364 893 426 523

1984 364 2340 426 ANTIOCHI
2386 363 2723 425 MUNACHI

3854 348 3995 414 1524

751 478 979 531 Ιίίειιθηι.
1034 478 1303 547 Exspecto
1356 493 1565 546 pacem,
1621 488 1675 531 et
1715 493 1843 533 ecce
1919 495 2027 532 non
2076 488 2159 530 est
2213 494 2313 546 pax

2433 496 2529 543 ιοι,
2589 480 2856 541 Δέσποτα,
2908 476 3092 538 δεινῶς
3150 468 3606 527 καταπεπτωκότι
3656 469 3684 519 6
3728 468 3895 535 ταχὺς
3932 466 3997 517 δν

754 567 1137 629 mihi,sedhoc
1175 570 1302 622 facit
1330 569 1561 639 abyssus
1614 569 1877 622 immensa
1960 570 2308 637 iniqui'atum

752 669 1018 706 mearum.
1076 655 1240 718 Audi,
1301 656 1548 716 Domine,
1592 671 1687 710 cor
1710 672 1888 710 meum
1917 674 1930 721 ;
1961 658 2025 708 ad
2071 666 2120 710 te
2162 659 2310 710 enim

752 759 884 799 voce
951 748 1180 814 querula
1242 748 1498 817 suspirat.
1552 747 1668 802 Neu
1725 766 1887 802 aures
1960 750 2313 802 acconnnoda

752 837 1010 903 operibus
1047 839 1184 891 meis
1239 840 1396 906 plane
1444 840 1709 908 nuprobis
1736 850 1791 893 et
1844 841 2148 909 ﬂagitiosis,
2182 842 2314 909 quin

752 926 936 994 potius
960 926 1031 979 ad
1062 928 1257 981 animae
1292 944 1425 981 mea:
1476 931 1720 981 dolorem
1774 932 2005 998 respice,
2049 947 2147 983 uec
2183 945 2317 982 cun-

752 1018 916 1070 eteris
966 1019 1232 1072 medicam
1283 1036 1503 1073 manum
1548 1030 1694 1074 tuam
1719 1020 1851 1075 mihi
1883 1022 2144 1074 adhibere
2170 1031 2317 1074 atro-

752 1109 890 1161 citer
918 1112 1106 1163 saucio
1136 1129 1145 1161 :
1180 1120 1399 1180 tempus
1444 1114 1671 1181 proinde
1722 1113 2073 1181 resipiscendi
2110 1122 2198 1166 tua
2233 1130 2320 1166 so-

753 1199 858 1252 lius
893 1202 1228 1270 benignitate
1286 1204 1566 1271 impartire
1620 1205 1772 1258 mihi.
1828 1206 2065 1267 l'lxtriea,
2114 1220 2318 1271 qumsu,

753 1304 839 1342 me
902 1291 1018 1344 istis
1090 1293 1296 1359 pedicis
1337 1311 1456 1360 qua:
1506 1294 1798 1349 adversum
1845 1313 1930 1348 me
1986 1294 2319 1355 consistunt,

752 1393 983 1447 operum
1020 1399 1285 1437 meorum.
1315 1386 1389 1438 Ne
1433 1386 1498 1439 ad
1522 1396 1627 1439 tua:
1679 1387 2053 1454 aequilibrium
2098 1384 2325 1453 justiti:e

753 1485 969 1524 meeum
994 1474 1313 1529 admetiaris
1340 1517 1354 1539 ,
1383 1493 1485 1529 neu
1509 1478 1670 1545 digna
1695 1478 1852 1530 factis
1873 1477 2121 1545 requiras
2140 1477 2192 1528 in
2215 1490 2322 1537 me,

756 1572 814 1616 ut
835 1580 901 1615 ue
928 1573 1072 1620 totus
1098 1566 1149 1620 in
1170 1569 1403 1621 nihilum
1429 1570 1662 1637 redigar.
1697 1570 1860 1633 Audi,
1882 1570 2130 1628 Domine,
2150 1568 2205 1619 in
2232 1583 2326 1635 pe-

756 1655 933 1707 riculo
953 1672 1036 1709 me
1062 1659 1422 1711 constituttnn
1442 1658 2030 1727 desperationis.0mni
2050 1658 2197 1710 enim
2218 1658 2330 1711 des-

756 1746 951 1800 titutus
983 1764 1101 1802 sum
1141 1751 1422 1804 alacritate
1456 1761 1619 1820 atque
1645 1752 2004 1819 intelligentia
2027 1748 2323 1817 spirituali,

752 1854 860 1906 qua
890 1840 1153 1909 Incipsnm
1172 1843 1236 1895 ad
1264 1844 1649 1897 rectitudinem
1676 1860 1931 1896 remeare
1957 1839 2330 1909 possim.'l‘uis

753 1930 981 1997 procido
1009 1941 1066 1985 et
1106 1933 1367 1985 advolvor
1416 1937 1641 2002 supplex
1715 1935 2192 1995 miserationibus,
2227 1932 2328 1984 mei

762 2036 825 2073 ut
856 2022 1172 2075 miserearis
1207 2026 1259 2076 in
1292 2026 1517 2077 humum
1556 2026 1757 2080 misere
1800 2027 2020 2097 dejecti,
2056 2030 2185 2083 dum
2217 2033 2330 2099 ipse

753 2122 874 2159 mea
908 2118 1128 2175 peccata
1165 2126 1363 2164 accuso
1413 2124 1468 2167 et
1519 2113 1739 2166 damno.
1795 2116 2010 2169 llevoca
2054 2134 2159 2181 me,
2190 2120 2331 2171 llere

752 2201 851 2263 mi,
886 2203 1212 2270 ejectitium,
1247 2205 1301 2257 in
1346 2205 1604 2273 aperibus
1630 2208 1872 2274 propriis
1902 2209 2329 2277 deprchensunn

752 2300 810 2345 et
846 2293 1001 2360 quasi
1053 2304 1241 2347 catena
1301 2297 1558 2363 quapiam
1632 2299 2010 2353 constrictum.
2051 2301 2127 2353 Tu
2177 2302 2323 2355 enim

754 2383 905 2438 solus
936 2386 1076 2440 nosti
1118 2388 1479 2455 compedibus
1526 2391 1781 2444 astrictos
1808 2391 2114 2455 absolvere,
2140 2394 2326 2447 vulne-

756 2474 913 2527 ribus
935 2476 1069 2529 nulli
1115 2476 1243 2529 dum
1313 2480 1617 2546 perspectis
1674 2490 1769 2533 aut
1800 2481 2036 2549 cognitis
2085 2484 2332 2536 certissi-

758 2579 903 2617 mam
934 2564 1133 2621 aﬂ‘erre
1171 2568 1461 2632 ιιιιιιΙιιΙιιιιι,
1493 2586 1613 2637 qua:
1653 2587 1785 2623 sane
1816 2573 1964 2625 solus
2001 2581 2055 2625 tu
2095 2574 2332 2627 clarissi-

757 2671 844 2709 me
879 2658 1149 2725 perspicis
1193 2668 1382 2725 utpote
1410 2676 1733 2714 arcanorum
1775 2663 2047 2729 cognitor.
2077 2664 2331 2727 Quantae-

755 2763 976 2816 cunque
1003 2749 1151 2801 enim
1226 2751 1359 2803 mihi
1415 2751 1704 2805 imminent
1754 2755 1962 2807 vitiosa:
1994 2754 2330 2818 aﬂectiones,

760 2855 931 2891 unum
964 2847 1014 2893 te
1044 2843 1327 2909 comperio
1367 2858 1528 2910 quem
1579 2844 1899 2897 nonnnatim
1952 2848 2235 2913 opplerem
2264 2848 2330 2899 ad

757 2947 853 2985 eas
885 2933 1142 2986 ornnibns
1213 2934 1523 2996 curandas;
1581 2936 1852 2989 medicum
1934 2954 2129 3006 nempe
2192 2940 2331 2993 male

764 3021 1096 3076 habentium
1132 3037 1357 3087 ;eorum
1378 3024 1603 3092 januam
1626 3025 1720 3093 qui
1745 3042 1844 3093 pro
1870 3028 2127 3080 vestibuli
2153 3029 2327 3092 aditu,

757 3114 990 3180 querula
1020 3128 1084 3166 ac
1116 3114 1331 3181 lugubri
1366 3129 1497 3167 voce
1530 3117 1873 3185 complerant
1909 3135 1923 3182 ;
1950 3117 2092 3171 viam
2118 3133 2147 3171 a
2178 3128 2330 3174 recto

759 3202 897 3255 calle
946 3201 1374 3255 exorbitantium
1418 3219 1432 3266 ;
1476 3202 1617 3257 inter
1658 3207 1911 3258 tenebras
1972 3206 2331 3260 olmmbulan-

762 3294 897 3346 tium
928 3292 1307 3362 pmfulgidum
1333 3294 1518 3347 lumen
1544 3311 1558 3357 ;
1581 3310 1773 3347 eorum
1802 3296 2217 3364 l‘tedemptorem
2242 3299 2333 3366 qui

761 3386 1051 3453 rapiuntur
1077 3384 1143 3437 ad
1168 3384 1583 3452 dependendum
1604 3402 1837 3453 poenam.
1871 3388 2084 3440 Manum
2107 3388 2336 3456 proinde

762 3474 971 3541 premis
1019 3483 1075 3526 et
1114 3474 1343 3527 cohibes
1398 3486 1568 3537 tuam,
1605 3491 1705 3528 nec
1761 3477 1916 3531 facile
1946 3480 2075 3530 iram
2131 3480 2334 3549 alioqui

762 3562 1029 3618 adversus
1053 3574 1370 3632 peceatores
1393 3574 1633 3633 paratam
1661 3568 1870 3621 exseris
1888 3578 1943 3622 ct
1968 3579 2333 3639 contorques:

765 3664 982 3723 tempus
1005 3657 1173 3725 magis
1209 3656 1479 3725 indulges,
1506 3658 1609 3725 ipsi
1637 3669 1694 3711 ut
1729 3660 2131 3727 resipiseamus,
2161 3664 2337 3717 ethoc

762 3743 927 3796 nimis
948 3759 1109 3810 quam
1135 3745 1303 3797 multa
1328 3760 1456 3813 erga
1492 3761 1594 3797 nos
1615 3754 1705 3799 tua
1732 3748 1788 3799 lit
1815 3749 2168 3818 benignitate.
2194 3752 2335 3805 Exo-

766 3836 878 3888 rirc
900 3836 1184 3890 tandemct
1206 3836 1404 3904 affulgc
1423 3838 1580 3899 mibi,
1603 3838 2057 3900 Domine,misere
2072 3845 2334 3913 collapso,

765 3927 957 3995 utique
983 3935 1036 3978 tu
1062 3926 1127 3979 ad
1156 3928 1593 3981 misericordiam
1618 3930 1869 3991 festinus,
1896 3931 2084 3987 tardus
2110 3934 2176 3986 ad
2198 3935 2339 3988 irro-

764 4017 996 4087 gandum
1023 4033 1261 4085 puniant.
1292 4018 1529 4081 Manum,
1556 4035 1762 4087 qumso,
1782 4031 1926 4074 tuam
1954 4023 2006 4075 in
2032 4039 2116 4076 me
2135 4040 2335 4092 expor-

767 4109 945 4177 rigerc
969 4120 1057 4161 tua
1079 4108 1319 4178 digneris
1336 4110 1632 4165 clementia
1657 4122 1744 4171 :ct
1768 4129 1851 4165 me
1877 4129 1907 4166 e
1932 4114 2156 4168 lacustri
2182 4116 2335 4170 fovea

767 4200 1118 4268 iuiquitatum
1162 4216 1406 4255 mearum
1467 4204 1692 4257 subleva
1722 4214 1777 4257 et
1834 4205 2032 4275 arrige.
2066 4207 2146 4260 Tu
2190 4208 2334 4260 enim

766 4292 916 4345 solus
943 4291 1085 4346 Deus
1117 4303 1336 4355 noster,
1367 4296 1461 4361 qui
1493 4297 1631 4348 nihil
1672 4298 1855 4350 minus
1884 4315 2047 4365 quam
2081 4308 2142 4352 ut
2183 4300 2337 4353 oble-

766 4384 934 4438 eteris
967 4382 1313 4451 pereuntium
1356 4392 1704 4451 peccatorum
1753 4388 2111 4457 depulsione,
2141 4391 2335 4445 faciem

2384 1831 2402 1853 J

2360 3160 2401 3215 C

2416 570 2579 635 ἐλέει,
2616 570 2711 621 καὶ
2757 567 2957 636 βραδὺς
3009 567 3067 618 ὲν
3101 564 3356 616 κολάσει·
3388 561 3483 613 καὶ
3514 562 3581 628 τῇ
3618 560 3683 626 σῇ
3714 556 3996 623 εὐσπλαγ-

2414 663 2537 733 χνία
2586 662 2810 729 θέλησον
2850 659 3030 728 ὀρέξαι
3078 675 3166 726 μοι
3216 658 3394 724 χεῖρα,
3438 654 3534 705 καὶ
3576 652 3881 720 ἀνάστησόν
3922 666 3993 717 με

2415 759 2478 807 ὲκ
2502 754 2594 807 τοῦ
2619 754 2811 823 βόθρον
2839 752 2949 804 τῶν
2978 749 3218 817 ἀνομιῶν
3245 765 3367 813 μου.
3397 746 3468 799 Σὺ
3492 744 3600 813 γὰρ
3628 744 3786 812 μόνος
3813 741 3995 807 ύπάρο

2415 864 2531 916 χεις
2575 848 2602 898 ὁ
2641 844 2773 906 Θεὸς
2804 842 2989 911 ἡμῶν,
3034 840 3062 891 ὁ
3113 838 3188 907 μὴ
3226 838 3562 908 τερπόμενος
3613 834 3697 886 ἐπ’
3742 832 3994 899 ἀπωλείᾳ

2419 934 2779 1003 ἁμαρτωλῶν,
2817 934 2844 984 ό
2874 931 2948 1001 μὴ
2979 926 3456 996 ἀποστρεφόμενος
3482 921 3776 991 πρόσωπον
3809 921 3867 969 ἐν
3895 918 3993 970 δαν

2420 1044 2611 1097 κρνσιν
2657 1027 2734 1086 εἰς
2771 1025 2828 1076 σὲ
2863 1022 3218 1085 ἀτενίζοντος.
3270 1017 3620 1076 Είσάκονσον,
3651 1008 3847 1081 Κύριε,
3882 1027 3996 1076 φω-

2421 1119 2518 1182 νῆς
2546 1114 2641 1167 τού
2668 1114 2857 1166 δούλου
2908 1130 2999 1164 σου
3044 1108 3274 1174 βοῶντος
3306 1107 3439 1175 πρὸς
3486 1106 3566 1156 σέ·
3603 1103 3697 1155 καὶ
3728 1101 3996 1167 δπίφανον

2422 1211 2481 1261 τὸ
2516 1206 2628 1274 φῶς
2676 1222 2771 1257 σου
2811 1206 2868 1255 ἐν
2898 1204 3024 1272 ἐμοὶ
3072 1200 3149 1269 τῷ
3181 1197 3519 1265 ὲσϐεσμένῳ,
3552 1195 3646 1246 καὶ
3670 1190 3996 1245 ἀπόστειλον

2423 1301 2519 1370 τὴν
2554 1295 2647 1350 τού
2693 1296 2846 1364 ἁγίου
2876 1312 2970 1346 σου
3005 1292 3319 1359 Πνεύματος
3366 1286 3592 1356 ἰκμάδα,
3642 1284 3739 1335 καὶ
3767 1280 3996 1351 χάρισαί

2429 1410 2518 1461 μοι
2560 1388 2774 1459 μακρὰν
2803 1384 3131 1455 προθυμίαν,
3159 1384 3244 1433 ἴνα
3268 1378 3561 1446 ἀνασφήλω
3585 1375 3790 1442 σφόδρα
3823 1374 3993 1441 ἐμαν-

2424 1480 2519 1532 τοῦ
2552 1476 2838 1545 ἀπογνούς.
2877 1474 3130 1542 Στρὲψον,
3184 1470 3378 1539 Κύριε,
3422 1484 3439 1516 ι
3469 1466 3561 1518 τὸν
3622 1464 3855 1517 κοπετόν
3891 1479 3996 1531 μου

2428 1574 2506 1634 εἰς
2535 1570 2709 1640 χαρὰν
2742 1568 2882 1636 ἐμοί’
2914 1563 3205 1633 διάῥρηξον
3241 1561 3335 1612 τὸν
3364 1559 3567 1611 σάκκον
3610 1572 3735 1623 μου,
3767 1554 3863 1605 καὶ
3893 1568 3997 1603 πε-

2434 1662 2661 1732 ρίζωσόν
2699 1678 2765 1728 με
2794 1655 3150 1726 εὐφροσύνην.
3190 1672 3207 1704 ι
3248 1651 3359 1703 Καὶ
3397 1649 3685 1716 εύδόκησον
3730 1645 3820 1696 ἵνα
3862 1646 3996 1696 ἀνσ-

2432 1752 2724 1820 παύσωμαι
2756 1751 2863 1802 τῶν
2886 1745 3188 1816 ἐσπερινῶν
3217 1761 3318 1815 μου
3345 1743 3540 1811 ἔργων·
3576 1740 3670 1791 καὶ
3697 1737 3847 1804 τύχω
3867 1738 4000 1788 ἀνα-

2435 1850 2687 1908 παύσεως
2734 1844 2977 1914 πρωῖνῆς
3021 1842 3210 1908 ὥσπερ
3256 1838 3382 1900 τοὺς
3412 1832 3700 1894 ἐκλεκτούς
3734 1848 3852 1893 σου,
3884 1827 3999 1882 Κύ-

2436 1955 2538 2003 ριε,
2572 1931 2646 1988 ὧν
2687 1935 2891 2002 ἀπέδρα
2936 1932 3118 2000 ὀδύνη,
3159 1930 3327 1997 λύπη,
3361 1927 3456 1979 καλ¹
3510 1923 3839 1991 στεναγμός.
3886 1920 4000 1973 Καὶ

2432 2026 2716 2093 ἀνοιγεί-ςω
2742 2043 2829 2093 μοι
2854 2025 2992 2091 θύρα
3027 2023 3125 2089 τῆς
3154 2018 3429 2089 βασιλείας
3461 2034 3578 2078 σου,
3617 2016 3702 2066 ἴνα
3736 2011 3999 2065 εἰσελθὼν

2433 2121 2489 2169 ἐν
2538 2118 2677 2186 αὐτῇ
2717 2116 2851 2183 μετά
2881 2113 2990 2166 τῶν
3040 2110 3426 2164 ἀπολαυόντων
3456 2107 3518 2158 τὸ
3549 2102 3664 2171 φῶς
3693 2100 3789 2152 τοῦ
3826 2115 4000 2168 προσ-

2433 2208 2579 2260 ώπου
2612 2225 2729 2271 σου,
2760 2202 3117 2273 Κύριε,τύχω
3149 2202 3243 2269 τῆς
3269 2198 3489 2252 αἰωνίου
3520 2195 3663 2262 ζωῆς
3689 2195 3748 2244 ὲν
3777 2192 4004 2260 Χριστῳ

2447 2297 2618 2368 Ἰησοῦ
2669 2296 2747 2366 τῷ
2788 2295 2977 2364 Κυρίῳ
3007 2293 3182 2362 ἡμῶν.
3234 2290 3360 2343 Ἐὰν
3390 2287 3563 2347 οὕτως
3593 2283 3742 2352 αύτῷ
3766 2278 4004 2351 προσέλ-

2434 2392 2615 2459 θωμεν
2645 2386 2782 2456 μετᾶ
2804 2386 3067 2450 ταπεινῆς
3093 2382 3340 2451 καρδίας,
3373 2376 3729 2448 προσδέχεται
3754 2371 3855 2441 τὴν
3881 2370 4006 2439 δέη-

2435 2500 2518 2534 σιν
2552 2480 2727 2550 ἡμῶν.
2770 2479 2857 2529 Ἐν
2895 2476 3043 2547 πασῃ
3064 2470 3158 2525 οὖν
3189 2468 3534 2539 φωτοιρανεία
3568 2466 3758 2533 ὑμνεῖν
3793 2463 3889 2512 καὶ
3918 2461 4007 2510 δον

2435 2574 2617 2639 ξάξειν
2643 2569 2803 2622 αὐτὸν
2829 2567 3137 2634 ὀφείλομεν,
3169 2564 3249 2615 ὅτι
3271 2562 3431 2620 αύτός
3460 2562 3603 2609 ἐστιν
3628 2559 3660 2623 ἡ
3686 2554 3836 2605 αἰτία
3870 2560 4005 2602 παν-

2431 2684 2539 2718 των
2569 2662 2677 2715 '.th
2719 2658 2962 2726 ἀγαθῶν,
3000 2658 3092 2709 καὶ
3123 2654 3264 2723 ἀρχὴ
3293 2652 3385 2704 καὶ
3412 2652 3569 2701 eisi:
3599 2648 3691 2698 καὶ
3728 2645 3867 2712 ζωή.
3895 2643 4004 2695 Καὶ

2433 2756 2541 2808 τῶν
2596 2756 2694 2823 μὲν
2743 2748 3223 2805 ἀποπεπτωκότων
3267 2743 3456 2810 αὐτῆς,
3517 2737 3820 2803 ἀνάκλησις
3847 2773 3863 2794 ,
3910 2731 4005 2784 καὶ

2432 2847 2741 2905 ἀνάστασις
2782 2842 2887 2893 τῶν
2932 2840 2990 2891 δὲ
3038 2833 3537 2890 ἀπολισθαινόντων
3566 2824 3995 2892 ἀνακαινισμδς,

2433 2935 2524 2986 καὶ
2565 2932 2977 3000 ἀναμόρφωσις.
3033 2926 3127 2977 καὶ
3160 2924 3267 2975 τῶν
3295 2918 3605 2986 ἑστηκότων
3652 2916 3869 2983 ἵδρυσις
3909 2910 4005 2963 καὶ

2434 3023 2720 3080 ἀσφάλεια.
2744 3018 2904 3085 Λέγει
2932 3016 2988 3069 δὲ
3022 3015 3115 3068 καὶ
3144 3013 3172 3066 6
3200 3006 3635 3078 Ἐκκλησιαστής
3654 3020 3667 3033 ’
3704 3003 3894 3055 Ἔστιν
3924 3004 4006 3053 ἑλ-

2437 3117 2525 3177 πὶς
2557 3116 2637 3166 ὅτι
2663 3132 2679 3163 ι
2720 3112 2780 3162 Ὀ
2810 3108 2954 3161 κύων
2997 3109 3025 3159 6
3053 3104 3159 3169 ζῶν
3193 3103 3355 3164 αύτδς
3391 3099 3594 3166 ἀγαθὸς
3626 3096 3765 3163 ὑπὲρ
3795 3094 3891 3146 τὸν
3920 3110 4005 3144 νε-

2440 3207 2566 3275 κρὸν
2599 3205 2813 3255 λέοντα.
2861 3220 2877 3250 ι
2913 3201 3036 3251 Ὅτι
3084 3199 3132 3249 ot
3165 3195 3366 3258 ζῶντες
3394 3189 3699 3259 γνώσονται
3744 3187 3831 3237 ὅτι
3869 3185 4005 3237 ἀπο-

2438 3296 2746 3359 θανοῦνται,
2773 3294 2867 3346 καὶ
2891 3292 2939 3343 οἱ
2970 3288 3155 3357 νεκροὶ
3194 3286 3293 3338 οὐκ
3338 3283 3489 3335 ἴσασι
3510 3280 3603 3333 τὸν
3627 3278 3765 3332 κύνα
3793 3275 3886 3329 τὸν
3911 3277 4008 3328 ἀπ-

2438 3385 2798 3455 εγνωσμένον.
2844 3381 3005 3446 Λέγει
3048 3378 3104 3431 δὲ
3134 3377 3225 3429 καὶ
3245 3377 3273 3427 6
3301 3373 3511 3435 Παῦλος
3535 3370 3663 3438 περὶ
3686 3366 3781 3421 τού
3819 3380 4003 3435 παραυ

2440 3474 2794 3533 πεπτωκότος
2812 3472 2867 3522 ὲν
2891 3467 3144 3538 Κορίνθῳ
3162 3461 3608 3523 ὲπιστέλλιον,ὂτι
3631 3479 3647 3509 ι
3674 3455 4004 3510 Τούναντίον

2442 3567 2641 3637 μᾶλλον
2685 3565 2826 3632 ὑμᾶς
2856 3557 3207 3630 χαρίσασθαι,
3239 3555 3334 3608 καὶ
3373 3549 3773 3620 παρακαλέσαι,
3806 3546 4006 3615 μήπως

2436 3663 2502 3728 τῇ
2536 3655 2897 3725 περισσοτέρᾳ
2930 3650 3075 3719 λύπῃ
3111 3645 3395 3714 καταποθῇ
3422 3646 3450 3696 ὁ
3484 3641 3747 3701 τοιοῦτος.
3781 3637 3871 3690 Διὸ
3902 3652 4006 3689 πα-

2442 3749 2660 3821 ρακαλῶ
2691 3749 2835 3815 ὑμᾶς
2868 3743 3113 3814 κυρῶσαι
3164 3742 3244 3802 εἰς
3288 3738 3449 3793 αὐτὸν
3499 3735 3760 3801 ἀγάπην.
3807 3732 3899 3821 ἵνα
3929 3728 4006 3821 μὴ

2439 3817 2920 3906 πλεονεκτηθῶμεν
2952 3833 3057 3886 ὑπὸ
3105 3830 3200 3884 τοῦ
3232 3828 3446 3896 Σατανᾷ.
3474 3842 3487 3855 ·
3522 3825 3581 3876 ού
3609 3824 3719 3891 γὰρ
3740 3819 3906 3903 αὐτοῦ
3939 3817 4008 3871 τὰ

2439 3936 2687 4002 νοήματα
2715 3927 3039 3995 ἀγνοοῦμεν.
3080 3943 3098 3974 ι
3136 3922 3244 3976 Καὶ
3273 3921 3431 3989 ἡμεῖς
3456 3912 3549 3969 οὗν
3575 3913 4009 3981 συναθλήσωμεν

2442 4027 2535 4077 σὺν
2564 4022 2642 4090 τῷ
2688 4021 2885 4087 Παύλῳ
2928 4017 3179 4082 λέγοντες
3203 4027 3216 4039 ’
3252 4031 3270 4062 ι
3320 4010 3408 4062 Ἐν
3456 4007 3619 4063 παντὶ
3652 4004 4006 4068 θλιϐόμενοι,

2437 4116 2549 4169 ἀλλ’
2595 4116 2655 4166 ού
2709 4108 3234 4180 στενοχωρούμενοισ
3296 4100 3662 4171 ἀπορούμενοι
3692 4138 3707 4158 .
3759 4094 3875 4149 ἀλλ’
3905 4094 4009 4146 οὐκ

2439 4204 2862 4275 ἐξαπορούμενοι
2888 4220 2899 4231 ν
2940 4198 3280 4267 διωκόμενοι,
3316 4194 3428 4247 ἀλλ’
3451 4195 3552 4245 οὐκ
3598 4186 4002 4255 ὲγκαταλειπό·

2442 4314 2594 4367 μενοι
2617 4312 2630 4324 ·
2668 4292 3149 4358 καταϐαλλόμενοι,
3174 4287 3287 4340 ἀλλ’
3317 4285 3416 4338 οὐκ
3445 4280 3831 4350 ἀπολλύμενοι.
3858 4278 4009 4330 Πάν-

2438 4404 2557 4440 τοτε
2587 4386 2686 4452 τὴν
2720 4384 2987 4452 νέκρωσιν
3020 4378 3113 4431 τού
3140 4377 3348 4445 Κυρίου
3390 4373 3560 4442 Ἰησοῦ
3600 4374 3657 4424 ὲν
3682 4369 3761 4439 τῷ
3794 4368 4015 4438 σώματι

769 4474 1087 4542 neutiquam
1112 4473 1313 4525 avertis
1345 4474 1413 4526 ab
1443 4489 1509 4527 eo
1540 4477 1634 4543 qui
1664 4477 1716 4529 in
1742 4485 1793 4531 te
1816 4495 1981 4532 unum
2007 4495 2131 4533 cum
2158 4482 2332 4551 laery~

2443 4474 2849 4545 περιφέροντες.
2877 4471 2998 4522 Ἵνα
3031 4467 3180 4535 καὶή
3211 4465 3323 4534 ζωὴ
3357 4461 3449 4515 τοῦ
3496 4460 3673 4551 ’ίησοῦ
3713 4456 4013 4551 φανερωθῇ

769 4565 874 4617 mis
902 4560 1144 4631 pressius
1185 4561 1383 4613 mentis
1423 4561 1594 4613 aciem
1626 4563 1831 4632 deligit.
1873 4565 2085 4635 1074
2114 4566 2339 4631 Exaudi,

769 4654 1031 4715 Domine,
1075 4653 1216 4706 servi
1276 4650 1353 4703 tui
1412 4666 1602 4705 vocem
1671 4655 1959 4709 clamantis
1996 4658 2064 4710 ad
2127 4666 2199 4719 te,
2253 4658 2341 4711 tu-

770 4761 1003 4813 menquc
1081 4754 1233 4797 tuum
1302 4742 1519 4801 illustra
1576 4758 1740 4815 atque
1793 4748 1995 4801 irradia
2022 4748 2075 4800 in
2127 4764 2213 4803 me
2246 4749 2337 4817 qui

769 4839 1075 4891 exstinctus
1096 4840 1207 4907 jam
1241 4855 1359 4891 smn
1381 4857 1395 4901 ;
1421 4839 1753 4893 rorulental‘n
1790 4839 2133 4907 asperginem
2166 4840 2336 4894 sancti

773 4930 849 4983 tui
879 4929 1116 4995 Spiritus
1137 4930 1242 4984 inst
1266 4931 1337 4984 lia
1379 4931 1432 4983 in
1458 4946 1563 4993 me,
1601 4938 1655 4982 et
1684 4941 1989 4998 promptam
2030 4931 2197 4984 animi
2228 4932 2342 4986 ala-

771 5021 1019 5075 rritatem
1049 5022 1325 5089 impertire
1357 5022 1491 5075 mihi
1544 5022 1626 5075 vel
1676 5023 1936 5091 gratuito,
1969 5030 2027 5075 ut
2063 5022 2155 5090 qui
2184 5040 2212 5075 a
2257 5038 2343 5076 me

772 5128 921 5181 spem
973 5112 1180 5182 alioqui
1217 5115 1412 5182 abjeei,
1454 5114 1809 5169 eorroborem
1866 5115 2135 5184 meipsum
2199 5115 2252 5168 iu
2293 5125 2342 5169 te

770 5204 1124 5258 vehementer
1164 5213 1220 5259 et
1266 5207 1605 5258 comit-mem.
1678 5207 1863 5267 Verte,
1939 5206 2007 5258 mi
2083 5208 2343 5267 Domine.

779 5313 795 5339 ι
849 5294 1126 5364 planctum
1174 5310 1358 5348 memn
1411 5297 1462 5347 in
1504 5295 1760 5365 gaudium
1821 5296 1952 5348 mihi
1996 5314 2009 5361 ;
2062 5296 2339 5364 disrumpe

772 5399 989 5440 saccum
1016 5400 1195 5439 meum
1224 5396 1279 5440 et
1314 5386 1681 5455 eireumeinge
1716 5402 1799 5440 me
1828 5387 2011 5440 laetitia
2046 5388 2108 5441 “.
2146 5406 2162 5435 ι

841 5473 1500 5545 Complaceataliquando
1525 5485 1582 5528 ut
1619 5476 1886 5542 desinam,
1918 5486 1973 5531 et
2001 5476 2070 5530 ab
2096 5477 2343 5531 occiduis

775 5574 937 5635 atque
973 5567 1297 5637 vespertinis
1326 5568 1461 5620 meis
1500 5568 1761 5637 operibus
1806 5569 2245 5639 interquivseam.
2281 5588 2338 5621 διε·

850 5721 889 5747 ³¹¹
912 5719 1029 5773 Psal
1066 5738 1180 5775 un
1256 5725 1335 5775 12.

2442 4570 2502 4620 ὲν
2546 4567 2610 4634 τῇ
2643 4564 2807 4631 θνητῇ
2846 4559 3009 4629 σαρκὶ
3039 4557 3214 4627 ἡμῶν.
3253 4575 3273 4607 ι
3305 4554 3414 4606 Καὶ
3456 4545 3632 4614 αὖθις,
3665 4569 3684 4602 ε
3728 4550 3789 4602 '0
3817 4547 4017 4617 Πατὴρ

2443 4656 2553 4709 τῶν
2586 4650 2884 4720 οἰκτιρμῶν
2910 4688 2925 4709 .
2968 4648 3063 4700 καὶ
3096 4645 3229 4707 Θεὸς
3263 4644 3441 4713 πάσης
3474 4641 3894 4713 παρακλήσεως,
3918 4642 4017 4691 καὶ

2443 4751 2470 4801 6
2506 4744 2838 4816 παρακαλῶν
2880 4742 3024 4810 ἡμᾶς
3058 4740 3115 4791 ὲν
3146 4736 3296 4806 πάσῃ
3330 4738 3396 4805 τῇ
3427 4733 3604 4802 θλίψει
3634 4731 3794 4802 ἡμῶν
3834 4731 3922 4793 είς
3952 4730 4016 4783 τὸ

2443 4836 2704 4890 δύνασθαι
2732 4834 2882 4903 ἡμᾶς
2916 4828 3251 4899 παρακαλεῖν
3273 4826 3397 4888 τοὺς
3432 4826 3490 4877 ἐν
3518 4824 3664 4890 πάσῃ
3690 4821 3887 4889 θλίψει,
3924 4819 4016 4873 διὰ

2442 4930 2540 4996 τῆς
2572 4926 2985 4997 παρακλήσεως,
3014 4916 3080 4992 ἧς
3112 4914 3571 4988 παρακαλούμεθα
3594 4913 3750 4967 αὐτοὶ
3778 4911 3884 4965 ὑπὸ
3915 4911 4015 4966 τοῦ

2441 5021 2599 5074 Θεοῖν
2634 5022 2714 5072 ὅτι
2756 5016 2937 5077 καθὼς
2982 5010 3295 5083 περισσεύει
3332 5010 3400 5063 τὰ
3430 5007 3729 5075 παθήματα
3758 5003 3855 5058 τοῦ
3903 5005 4013 5071 ἰη-

2444 5113 2560 5174 σοῦ,
2596 5111 2737 5165 οὓτω
2781 5109 2870 5162 διὰ
2905 5106 2999 5159 τού
3033 5101 3269 5174 Χριστοῦ
3296 5098 3609 5171 περισσεύει
3638 5099 3732 5150 καὶ
3760 5098 3795 5165 ὴ
3826 5096 4011 5165 παρά-

2445 5204 2635 5271 κλησις
2669 5200 2845 5269 ἡμῶν.
2882 5198 3006 5249 Εἴτε
3029 5195 3086 5247 δὲ
3113 5190 3429 5263 θλιϐόμεθα,
3462 5190 3550 5242 διὰ
3583 5190 3682 5258 τῆς
3717 5188 3869 5255 ὑμῶν
3903 5204 4015 5239 πα-

2451 5296 2767 5365 ρακλήσεως
2797 5291 2889 5343 καὶ
2920 5287 3210 5357 σωτηρίαςο
3258 5284 3367 5337 εἴτε
3402 5278 3892 5351 παρακαλούμεθα,
3923 5279 4017 5332 διὰ

2446 5389 2543 5458 τῆς
2594 5386 2749 5451 ὑμῶν
2794 5381 3193 5451 παρακλήσεως
3227 5380 3326 5448 τῆς
3360 5373 3757 5444 ἐνεργουμένης
3791 5374 3848 5423 ὲν
3875 5371 4016 5423 ὑπο-

2451 5480 2588 5546 μονῇ
2630 5474 2735 5528 τῶν
2764 5472 2925 5527 αὐτοῦ
2976 5470 3335 5539 παθημάτων,
3363 5460 3440 5519 ὧν
3474 5464 3568 5517 καὶ
3616 5464 3777 5532 ἡμεῖς
3806 5461 4018 5530 πάσχα.

2456 5586 2572 5635 μιν,
2612 5567 2702 5619 καῖ
2746 5567 2777 5635 ἡ
2816 5565 2965 5627 ἐλπὶς
3008 5562 3162 5633 ἡμῶν
3203 5558 3412 5630 βεϐαία.
3455 5575 3473 5610 ι
3503 5555 3593 5623 Μὴ
3638 5549 3733 5607 οὖν
3775 5553 4017 5625 παραδι·
