4178 6436
218 452 336 519 ηερ
1110 455 1434 512 ιιυιιιιλιι
1476 454 1606 511 XXI
1625 454 1691 513 Χ.
1724 480 1759 490 -

1859 454 1923 512 )Ε
1969 452 2437 513 υΕἹἸὶΜΥΓΙΟΝ
2454 452 2517 510 Ε.
3302 447 3438 512 1530

215 576 307 634 ζον,
360 571 603 635 λέγοντες
630 586 642 600 ·
681 569 822 621 «Διὰ
876 570 927 621 τί
988 569 1129 640 μετᾶ
1177 571 1518 640 ἁμαρτωλῶν
1550 570 1758 623 ἐσθίετε

1866 572 1956 623 bat
1981 570 2302 623 audiamus:
2336 589 2351 618 1
2376 569 2566 624 Omnia
2586 567 2746 621 fat-ite
2769 567 2887 620 sine
2908 565 3443 621 murmurationibus

211 664 292 716 καὶ
332 662 506 715 πίνετε
536 679 550 726 ς
591 682 608 714 1
648 662 898 731 Ἔχοντες
937 658 1030 714 οὖν
1062 663 1115 714 τί
1151 662 1654 733 πατροπαράδοτον,
1683 664 1758 727 ὡς

1859 674 1913 718 et
1936 662 2397 724 hmsitationibus,
2420 670 2477 713 ut
2506 660 2625 714 silis
2657 660 2773 714 sine
2803 659 3050 728 querela,
3076 670 3129 711 et
3161 660 3442 727 simplices

210 757 350 807 κακοὶ
376 754 705 826 κληρονόμοι
748 754 1034 822 αἰσχὲστης
1062 753 1452 824 κληρονομίας,
1488 756 1627 807 κατὰ
1662 754 1755 807 τοῦ

1865 754 1961 807 filii
1990 755 2081 807 Dei
2122 753 2240 806 sine
2272 751 2699 820 reprehensione
2723 750 2787 803 ⁸³.
2823 769 2840 800 1
2865 750 3062 803 Merito
3091 750 3325 818 proinde
3356 750 3439 804 di-

211 846 439 915 Σωτῆρος
472 846 629 914 ἡμῶν
665 845 981 912 ἐγόγγυζον,
1017 846 1097 897 ὅτι
1138 841 1288 897 εἶπεν
1314 862 1327 875 ο
1364 866 1382 897 ‹
1421 847 1562 914 Ἐγώ
1589 847 1756 913 εἰμιὸ

1866 854 2014 898 ctum
2058 852 2179 897 est:
2216 862 2233 892 1
2262 842 2441 895 Arbor
2482 840 2605 893 vitae
2637 850 2740 900 est,
2768 840 2964 908 lingua:
3008 839 3216 895 sanitas
3239 840 3305 903 '";
3345 840 3437 908 qui

211 940 355 1007 ἄρτος
398 940 424 990 6
475 937 719 999 καταόὰς
751 939 815 990 ἐκ
867 937 961 989 τοῦ
1012 938 1267 1007 οὐρανοῦ.
1300 957 1317 987 1
1374 938 1434 991 '0
1467 939 1523 990 δὲ
1554 937 1756 1006 Κύριος

1868 936 2015 990 enim
2059 950 2179 989 eam
2239 933 2514 995 custodit,
2562 932 2952 1000 propinquabit
3009 930 3229 999 spiritui
3286 930 3442 999 juxta

208 1028 330 1097 πρὸς
360 1026 551 1089 αὐτούς
580 1043 594 1057 ⁸
629 1045 645 1076 ⁸
675 1026 767 1097 Μὴ
792 1028 1088 1095 γογγύζετε
1125 1029 1243 1096 μετ’
1280 1028 1550 1096 ἀλλήλων,
1582 1028 1756 1089 οὐδεὶς

1870 1028 2213 1095 Scripturam
2258 1025 2322 1077 ⁸⁸.
2384 1044 2402 1075 1
2468 1023 2849 1077 Parmmiastcs
2896 1037 3116 1090 quoque
3181 1021 3441 1085 mandat,

207 1115 406 1170 δύναται
428 1118 606 1169 ἐλθεῖν
635 1117 771 1186 πρός
809 1134 897 1185 με,
931 1118 1023 1169 ἐὰν
1051 1117 1125 1186 μὴ
1153 1121 1180 1170 6
1210 1119 1395 1188 Πατήρ
1427 1136 1526 1186 μου
1557 1121 1584 1170 ὁ
1615 1118 1757 1186 πέμ-

1859 1118 2049 1171 dieens
2093 1134 2106 1170 :
2150 1137 2168 1169 1
2213 1115 2499 1170 Custodite
2549 1115 2716 1184 igitur
2768 1130 2864 1168 vos
2912 1130 2943 1167 a
2996 1113 3441 1167 murmuratione

204 1208 297 1275 φας
328 1225 410 1276 με,
447 1206 651 1276 ἑλκύσῃ
678 1206 862 1260 αὐτόν.
894 1226 911 1257 1
966 1208 1292 1275 Ἐγόγγυζον
1329 1208 1386 1260 δὲ
1415 1211 1505 1261 καὶ
1538 1210 1587 1260 οἱ
1618 1209 1754 1279 πρό-

1859 1224 1978 1277 qnze
2030 1208 2165 1261 nihil
2219 1206 2464 1275 prodest,
2521 1219 2577 1262 ct
2621 1222 2649 1259 a
2699 1205 3038 1259 detractione
3085 1205 3293 1275 parcite
3336 1205 3443 1258 lin-

206 1315 336 1369 τεροι
362 1298 588 1365 ἐργάται
625 1297 766 1348 κατὰ
792 1296 887 1348 τοῦ
911 1298 1316 1359 οἰκοδεσπότου,
1345 1297 1433 1349 διὰ
1469 1297 1595 1359 τοὺς
1627 1298 1755 1366 περὶ

1859 1316 1976 1367 gnat
2006 1299 2071 1352 "9.
2139 1319 2156 1350 1
2211 1298 2289 1352 Ne
2340 1298 2596 1352 dixeris:
2651 1316 2669 1348 1
2703 1297 2845 1363 Quid
2905 1298 3133 1360 factum,
3177 1305 3261 1351 est
3309 1297 3441 1366 quia

204 1388 293 1457 τὴν
345 1388 632 1455 ἑνδεκάτην
684 1387 834 1455 ὥραν
881 1386 1157 1449 ἐλθόντας,
1207 1388 1287 1439 ὅτι
1354 1407 1369 1438 1
1400 1378 1562 1439 Οὗτοι
1626 1388 1755 1456 μίαν

1859 1391 1978 1445 dies
2017 1390 2228 1459 priores
2282 1389 2508 1443 fuerunt
2553 1390 2809 1443 meliores
2865 1389 2990 1442 his?
3044 1388 3174 1457 quia
3234 1388 3439 1441 nonin

207 1482 341 1549 ὤραν
385 1478 631 1541 ἐλθόντες
672 1479 1020 1547 εἰργάσαντο,
1069 1481 1164 1531 καὶ
1196 1480 1342 1542 ἴσους
1377 1482 1509 1548 ἡμῖν
1556 1480 1757 1543 αὐτοὺς

1859 1482 2127 1550 sapientia
2176 1482 2281 1535 hac
2329 1481 2397 1537 de
2450 1498 2507 1535 re
2557 1482 3059 1551 interrogaverunt.
3105 1499 3122 1531 1
3161 1480 3441 1548 Ejusmodi

206 1572 448 1640 ἐποίησας
476 1572 589 1633 τοῖς
620 1570 955 1639 βαστάσασιν
984 1572 1044 1623 τὸ
1076 1572 1240 1641 βάρος
1271 1572 1368 1639 τῆς
1405 1572 1643 1641 ἡμέρας,
1670 1574 1759 1625 καὶ

1859 1574 2004 1627 enim
2042 1583 2511 1628 murmuratorum
2552 1584 2803 1642 nepotes,
2851 1574 3054 1628 Scriba:
3089 1580 3146 1627 et
3182 1572 3441 1628 Pharismi

205 1662 284 1713 τὸν
312 1661 581 1715 καύσωνα.
607 1682 626 1711 1
664 1662 770 1713 Καὶ
802 1662 1042 1731 ἤκουσαν
1080 1662 1211 1731 παρ’
1237 1661 1423 1714 αὐτοῦ·
1461 1681 1477 1714 1
1519 1662 1756 1733 Ἰεὶταῖρε,

1859 1664 2125 1728 adversus
2156 1664 2371 1718 Domini
2406 1664 2712 1734 discipulos
2742 1680 2841 1733 pro
2881 1680 3068 1717 amore
3109 1664 3256 1717 avito
3287 1679 3442 1717 mur-

200 1754 290 1807 οὐκ
322 1752 489 1806 ἀδικῶ
514 1770 573 1805 σε
596 1769 609 1782 ·
646 1754 765 1823 οὐχὶ
795 1754 1046 1824 δηναρίου
1082 1753 1438 1823 συνεφώνησά
1472 1772 1551 1806 σοι
1579 1771 1592 1819 ;
1629 1756 1759 1824 ἄρον

1860 1756 2182 1816 murabant,
2227 1755 2512 1809 dicentes:
2556 1776 2571 1807 1
2612 1756 2679 1811 lit
2716 1752 2848 1825 quid
2885 1770 3010 1808 cum
3052 1754 3443 1824 peccatoribus

204 1846 257 1897 τὸ
287 1846 394 1910 σὺν,
431 1845 526 1896 καὶ
575 1843 753 1913 ὕπαγε
777 1861 789 1873 ⁸
825 1844 965 1898 θέλω
1005 1844 1061 1897 δὲ
1108 1845 1201 1897 καὶ
1235 1846 1406 1914 τούτῳ
1435 1844 1513 1915 τῷ
1545 1845 1759 1916 ἐσχάτῳ

1860 1856 1917 1900 et
1942 1846 2250 1916 publicanis
2272 1840 2567 1900 manducat
2592 1856 2649 1901 et
2680 1846 2819 1900 bibit
2842 1847 2887 1877 ⁹⁰
2914 1846 2936 1898 ?
2970 1846 3062 1900 Isti
3098 1845 3264 1916 igitur
3290 1861 3444 1915 prcs-

202 1934 369 1991 δοῦναι
396 1938 470 2000 ὡς
498 1940 593 1990 καὶ
626 1939 735 1990 σοί·
758 1938 791 2006 ἢ
812 1937 911 1989 οὐκ
936 1936 1111 2001 ἒξεστί
1148 1955 1238 2006 μοι
1267 1938 1486 2004 ποιῆσαι
1513 1938 1539 1987 ὃ
1570 1937 1757 1999 Οὲ),ω,›

1866 1939 1981 1991 sius
2014 1944 2230 1990 tuentes
2271 1946 2552 2005 paternam
2598 1937 2977 2002 traditionem,
3009 1938 3166 2006 quasi
3217 1937 3443 2006 reprobi

203 2029 255 2078 ἐν
294 2030 401 2089 τοῖς
450 2031 639 2096 huic;
692 2029 801 2082 Καὶ
870 2028 1132 2081 δεικνύων
1185 2029 1274 2080 τὸν
1322 2029 1515 2095 φθόνον
1561 2028 1762 2093 αὐτῶν,

205 2117 287 2168 καὶ
314 2118 407 2187 τὴν
438 2118 729 2188 πονηρίαν,
767 2118 996 2184 ὲπάγει’
1039 2137 1055 2168 1
1082 2119 1142 2169 Εἰ
1187 2117 1465 2187 ὀφθαλμός
1522 2134 1613 2168 σου
1665 2133 1759 2168 πο-

206 2211 352 2279 νηρός
388 2213 538 2264 ἐστιν
584 2213 666 2265 ὅτι
717 2212 829 2279 ἐγὼ
880 2211 1083 2279 ἀγαθός
1144 2212 1294 2279 ait“;
1330 2234 1347 2262 1
1384 2211 1540 2281 Λύτῷ
1570 2215 1601 2280 ὴ
1634 2209 1760 2273 δόξα

205 2303 275 2363 εἰς
297 2303 418 2364 τοὺς
450 2304 677 2365 αἰῶνας.
720 2304 916 2372 Ἀμήν.

1873 2027 2120 2081 hmredes
2155 2027 2472 2095 improbata:
2518 2028 2853 2081 haereditatis
2885 2036 3049 2097 atque
3088 2028 3440 2097 turpissima,

1866 2118 2129 2171 adversus
2174 2117 2472 2169 etianmum
2525 2118 2717 2170 salutis
2767 2127 2967 2172 nostra:
3018 2118 3292 2172 vindicem
3343 2118 3443 2173 ob-

1866 2208 2320 2263 murmurabant:
2350 2208 2494 2276 quod
2548 2210 2593 2262 is
2632 2210 2839 2262 dixerat
2875 2227 2886 2261 :
2919 2230 2935 2260 1
2970 2211 3083 2280 Ego
3115 2227 3234 2264 sum
3283 2211 3442 2280 panis

1867 2300 1959 2369 qui
2009 2299 2295 2353 descendit
2342 2301 2408 2353 de
2459 2300 2598 2353 cmlo
2641 2301 2721 2364 ἰς
2772 2321 2788 2351 1
2826 2302 3090 2357 Dominus
3140 2314 3324 2356 autem
3371 2303 3438 2357 ad

202 2410 326 2449 cos:
358 2415 377 2448 1
410 2398 553 2463 Quid
600 2400 954 2452 murmuratis
1002 2399 1145 2452 inter
1193 2399 1323 2453 vos?
1375 2412 1539 2451 nemo
1578 2404 1760 2466 potest
1834 2396 1902 2450 ad
1952 2411 2037 2449 me
2076 2396 2295 2461 venire,
2335 2394 2441 2449 nisi
2517 2396 2679 2449 Pater
2732 2396 2825 2465 qui
2872 2395 3021 2450 misit
3069 2412 3178 2460 me,
3217 2396 3445 2449 traxerit

207 2507 318 2545 eum
346 2494 412 2547 θ’.
455 2512 474 2544 1
512 2494 927 2548 Murmurabant
981 2503 1036 2548 et
1077 2494 1238 2562 primi
1288 2494 1363 2547 illi
1395 2494 1627 2563 operarii
1666 2492 1931 2545 adversus
1984 2490 2456 2560 patremfamilias,
2526 2498 2755 2559 prepter
2797 2506 2894 2544 eos
2958 2490 3053 2559 qui
3112 2490 3260 2545 circa
3293 2486 3445 2543 deci-

205 2600 333 2637 tuam
382 2586 575 2638 horam
624 2596 908 2647 venerant,
946 2584 1193 2639 dicentes
1230 2604 1242 2638 :
1292 2604 1308 2634 1
1349 2585 1412 2638 lli
1460 2602 1565 2637 una
1616 2584 1752 2637 hora
1792 2582 2137 2641 fe1-erunt.et
2166 2598 2327 2647 pares
2353 2582 2474 2635 illos
2499 2581 2661 2634 nobis
2691 2582 2890 2645 fecisti,
2944 2582 3037 2650 qui
3101 2580 3443 2650 portavimus

205 2675 404 2741 pondus
431 2677 543 2730 diei
570 2688 624 2731 et
651 2687 841 2728 aestum
870 2677 951 2728 '3?
980 2694 997 2726 1
1029 2677 1141 2729 lloc
1200 2675 1428 2745 proinde
1468 2674 1763 2727 audierunt
1791 2689 1804 2724 :
1853 2690 1871 2721 1
1904 2671 2112 2733 Amice,
2140 2688 2249 2724 non
2274 2671 2412 2724 facio
2448 2670 2544 2722 tibi
2577 2671 2834 2739 injuriam
2860 2688 2874 2737 ;
2904 2686 3085 2723 nonne
3117 2686 3183 2723 ex
3213 2668 3443 2723 denario

203 2768 495 2822 convenisti
539 2768 793 2821 meeum?
828 2769 954 2822 tolle
987 2768 1132 2836 quod
1179 2777 1332 2821 tuum
1368 2776 1473 2827 est,
1521 2774 1575 2818 et
1604 2763 1763 2826 vade,
1807 2763 1928 2815 volo
1962 2771 2017 2815 ct
2049 2764 2178 2815 huic
2220 2762 2519 2816 novissimo
2582 2762 2711 2816 dare
2747 2762 2892 2815 sicut
2929 2770 2985 2814 et
3022 2761 3119 2815 tibi
3154 2780 3167 2815 :
3229 2777 3298 2814 an
3333 2777 3441 2814 non

204 2857 319 2911 licet
364 2859 497 2911 mihi
535 2859 713 2913 facere
765 2859 909 2928 quod
961 2860 1084 2913 volo
1143 2860 1222 2912 9‘?
1256 2878 1275 2909 1
1358 2855 1611 2911 Indicans
1656 2867 1838 2908 autem
1878 2871 2070 2909 eorum
2134 2855 2384 2909 temulam
2443 2854 2703 2907 invidiam
2775 2864 2939 2923 atquc
3008 2854 3440 2925 malignitatem,

204 2954 401 3007 inducit
432 2973 445 3008 :
487 2973 505 3004 1
543 2955 625 3007 An
675 2970 783 3007 non
815 2955 1013 3007 oculos
1048 2961 1175 3007 tuus
1216 2968 1448 3022 nequam
1488 2961 1591 3014 ρει,
1637 2951 1766 3020 quia
1804 2964 1906 3019 ego
1931 2950 2107 3005 bonus
2137 2964 2257 3004 sum
2281 2950 2363 3003 9"?
2405 2969 2421 2998 1
2463 2948 2566 3018 Ipsi
2599 2948 2792 3018 gloria,
2858 2948 2916 3001 in
2982 2950 3181 3003 saecula
3210 2949 3444 3003 saeculo-

204 3060 333 3097 tum.
366 3044 566 3098 Amen.

785 3151 1002 3205 ΛΟΓΟΣ
1045 3152 1153 3204 ΚΘ⁹

695 3261 837 3329 Περὶ
866 3261 1257 3327 καταλαλιιῖς.

273 3375 334 3427 Ἦ
389 3373 699 3428 καταλαλιὰ
755 3374 851 3427 καὶ
894 3376 923 3427 6
978 3374 1317 3443 γογγυσμὸς,
1377 3373 1763 3445 πλησιέστεραι

196 3464 432 3535 ἀλλήλων
459 3464 601 3517 εἰσίν
624 3480 637 3493 ·
672 3465 981 3534 ἀμφότεραι
1008 3465 1065 3517 δὲ
1093 3465 1278 3517 κλάδοι
1309 3465 1408 3533 τῆς
1438 3465 1730 3525 ἀσυνεσίας
1754 3479 1769 3493 ·

2272 3155 2483 3223 1077
2526 3153 2809 3210 IIOMILIA
2849 3155 3039 3210 XXIX.

2431 3263 2509 3317 De
2538 3266 2875 3320 detractione.

1940 3371 2220 3425 Detractio
2255 3381 2310 3425 et
2354 3376 2720 3429 murmuratio
2761 3394 3016 3446 germana
3046 3379 3280 3448 quadam
3312 3397 3443 3451 pro-

1870 3462 2175 3530 pinquitate
2213 3464 2458 3519 confines
2502 3474 2650 3530 sunt,
2695 3483 2758 3521 ac
2800 3478 2993 3521 mutuo
3022 3470 3225 3524 fmdere
3270 3486 3441 3541 copu-

202 3554 256 3606 '0
288 3557 387 3622 μὲν
433 3556 546 3623 γὰρ
589 3555 895 3623 γογγυστὴς
947 3556 1140 3607 ἑαυτὸν
1175 3556 1411 3619 ὄλλυσιν,
1441 3558 1468 3607 6
1506 3556 1560 3607 δὲ
1594 3572 1759 3607 κατα-

1869 3552 2069 3606 Iantur.
2096 3554 2339 3624 Utraque
2371 3572 2535 3624 porro
2560 3557 2711 3611 aliud
2738 3559 2874 3611 nihil
2901 3576 3064 3628 quam
3093 3562 3225 3615 rami
3256 3563 3444 3617 incon-

194 3642 377 3709 λαλῶν,
419 3645 619 3697 ἑαυτὸν
654 3647 748 3696 καὶ
774 3647 898 3706 τοὺς
921 3645 1234 3707 ἀκούοντας.
1264 3646 1519 3698 Βούλεται
1546 3646 1652 3715 γὰρ
1676 3646 1765 3698 διὰ

193 3740 282 3803 τῆς
306 3737 665 3798 ηταλαλιᾶς,
699 3736 971 3789 διασεῖσαι
998 3738 1094 3789 καὶ
1115 3737 1331 3800 ἄλλους,
1362 3738 1453 3789 καὶ
1478 3740 1543 3807 τῇ
1569 3738 1762 3790 ἑαυτοῦ

192 3826 464 3897 ἀφροσύνῃ
518 3828 919 3894 συγκοινωνοὺς
997 3828 1251 3896 ποιῆσαι·
1303 3828 1486 3881 δισσὸν
1541 3830 1762 3897 ὄφλημα

194 3918 360 3987 ἑαυτῷ
398 3918 679 3988 ἁμαρτίας
723 3917 1002 3987 σωρεύων,
1052 3919 1146 3969 καὶ
1199 3919 1340 3988 ὑπὲρ
1392 3920 1612 3985 ἑαυτοῦ,
1666 3920 1761 3972 καὶ

191 4006 292 4058 τῶν
316 4009 469 4076 αὐτῷ
502 4008 847 4076 πειθομένων
880 4007 1181 4072 ὑπεύθυνος
1208 4010 1523 4079 γενόμενος.
1558 4011 1618 4063 Εἰ
1650 4012 1760 4079 γὰρ

190 4098 278 4151 καὶ
323 4099 655 4169 ἀκούσωμεν
709 4100 901 4165 λόγους
962 4101 1189 4161 κακοὺς,
1250 4101 1479 4164 ἑαυτοὺς
1532 4101 1761 4171 μεμψώ-

193 4188 344 4255 μεθα,
372 4190 470 4242 καὶ
517 4188 594 4259 μὴ
636 4191 728 4241 τὸν
766 4189 1098 4257 λαλήσαντα.
1136 4192 1280 4259 Πρὸς
1304 4192 1411 4263 γὰρ
1438 4192 1536 4262 τὴν
1572 4193 1762 4262 προαί-

193 4291 332 4343 ρεσιν
358 4278 548 4346 ἡμῶν,
594 4279 689 4331 καὶ
732 4279 778 4328 οἱ
830 4277 1178 4347 διακομισταὶ
1202 4281 1295 4332 τοῦ
1338 4281 1520 4347 λόγου.
1550 4283 1624 4334 Οὐ
1655 4282 1761 4354 χρὴ

189 4362 275 4419 οὖν
322 4370 417 4421 ἐπὶ
466 4372 585 4431 τοῖς
628 4370 1022 4439 ὑπερχομένοις
1065 4373 1198 4439 ἡμῖν
1241 4371 1534 4441 θλιϐεροτς,
1568 4374 1760 4437 ἄλλους

191 4457 526 4527 μέμφεσθαι,
545 4461 639 4513 καὶ
671 4463 1013 4527 καταλαλεῖν,
1045 4463 1131 4514 ἵνα
1160 4462 1234 4532 μὴ
1266 4464 1639 4534 παραρυῶμεν
1663 4467 1762 4534 τῆς

189 4550 399 4613 δικαίας
424 4553 663 4620 κρίσεως
690 4554 783 4608 τοῦ
815 4556 1215 4623 προσήκοντος,
1239 4555 1373 4608 ἀλλὰ
1404 4556 1604 4624 μᾶλλον
1636 4558 1761 4609 ἐαυ-

187 4644 300 4702 τοὺς
350 4642 724 4711 μεμψώμεθα.
780 4644 949 4696 Τοῦτο
995 4643 1102 4713 γὰρ
1157 4646 1450 4715 εὐάρεστον
1496 4647 1573 4717 τῷ
1620 4648 1758 4716 Θεῷ.

190 4732 359 4784 Καλὸν
414 4729 513 4786 οὖν
568 4735 716 4786 ἐστὶν
774 4736 865 4787 ἐπὶ
920 4736 1151 4805 μηδενὸς
1221 4736 1564 4804 καταλαλεῖν,
1626 4740 1760 4809 μηδὲ

410 4824 636 4877 ἀκούειν
688 4826 1143 4888 καταλαλοῦντος.
1195 4828 1256 4880 Εἰ
1311 4828 1367 4881 δὲ
1425 4828 1523 4899 μὴ,
1575 4831 1671 4883 καὶ
1731 4834 1759 4885 ὀ

185 4912 391 4966 ἁκούων
433 4915 620 4984 ἔνοχος
665 4916 818 4970 ἔσται
844 4919 941 4986 τῆς
971 4920 1249 4989 ἁμαρτίας
1269 4920 1363 4973 τοῦ
1396 4922 1757 4976 καταλαλοῦν-

187 5020 293 5066 τος,
323 5006 421 5058 ἐὰν
455 5007 725 5076 πιστεύσῃ
751 5011 821 5078 τῇ
863 5010 1181 5081 καταλαλιᾷ.
1236 5012 1292 5064 ὐ
1324 5013 1432 5083 γὰρ
1464 5015 1761 5081 πιστεύσας

187 5092 292 5156 ἕξει
340 5095 488 5147 κατὰ
544 5093 638 5147 τοῦ
690 5095 922 5162 ἁδελφοῦ
975 5096 1175 5149 αὐτοῦ’
1231 5092 1387 5161 οὗτος
1440 5094 1533 5153 οὖν
1579 5101 1761 5170 ἔνοχός

188 5184 327 5237 ἐστιν
359 5187 460 5254 τῆς
494 5186 771 5256 ἁμαρτίας
810 5186 905 5239 τοῦ
934 5190 1380 5253 καταλαλοῦντος.
1413 5193 1488 5245 Οὐ
1523 5194 1606 5245 δεῖ
1651 5195 1759 5263 γὰρ

187 5278 320 5328 κατὰ
358 5277 598 5339 ἀπόντος
654 5277 885 5345 ἀδελφοῦ
924 5278 1104 5346 λέγειν
1159 5298 1232 5341 τι,
1272 5282 1459 5351 σκοπῷ
1506 5282 1599 5335 τοῦ
1644 5283 1758 5335 δια-

183 5362 393 5419 ϐάλλειν
430 5367 620 5427 αὑτὸν,
646 5368 783 5437 ὅπερ
809 5369 952 5420 ὲστίν
1002 5371 1326 5436 καταλαλιέι,
1372 5372 1473 5425 κᾶν
1516 5373 1692 5444 ἀληθῆ

183 5455 244 5508 τὰ
274 5457 554 5527 λεγόμενα
576 5475 589 5488 ·
626 5459 761 5512 ἀλλὰ
800 5461 1001 5528 μᾶλλον
1038 5463 1476 5531 ἀποστρέφεσθαι
1518 5466 1607 5518 τὸν
1659 5484 1757 5519 κα.-

184 5544 541 5600 ταλαλοῦντα.
569 5544 640 5599 Ὦ
670 5549 837 5602 πόσον
888 5554 1102 5620 πονηρά
1145 5554 1293 5604 ἐστιν
1342 5557 1373 5624 ἠ
1436 5556 1753 5622 καταλαλιὰ,

183 5635 560 5693 ἀκατάστατον
612 5640 908 5710 δαιμόνιον,
950 5644 1219 5711 μηδέποτε
1258 5647 1563 5715 εἰρηνεῦον,
1620 5649 1754 5702 ἀλλὰ

251 5769 568 5856 ξ⁶οΡΙιίΙίρμ
603 5791 658 5838 ll,
701 5777 785 5829 Η.
864 5780 905 5809 ⁸⁷
941 5782 1098 5833 I’rov.
1137 5799 1228 5846 χιι,
1264 5783 1345 5836 18.
1401 5786 1443 5816 ⁸³
1465 5787 1619 5839 Prov.
1651 5806 1756 5850 XXI,
1788 5789 1878 5843 9.5.
1955 5792 1999 5822 “
2023 5792 2149 5861 Sap.
2191 5811 2226 5847 1.
2257 5794 2335 5847 ll.

259 5842 391 5896 tbtd.
433 5845 524 5901 -ίο,
566 5846 646 5900 Η.
730 5848 774 5877 ’³
804 5850 992 5905 Matth.
1027 5868 1112 5910 vx.
1149 5854 1225 5905 l2.
1304 5856 1345 5886 "
1384 5856 1511 5909 ibid.
1552 5858 1727 5912 lii-lii.
1809 5862 1855 5887 ⁹⁵
1892 5860 2029 5914 ibid.

1836 5877 1855 5887 "
1892 5877 2029 5917 11³141.

186 5840 226 5867 ε’
259 5842 391 5896 ibid.
433 5840 530 5901 .13;
566 5846 646 5900 tt.
730 5848 774 5877 ’λ
804 5850 992 5905 Matth.
1027 5868 1112 5910 ιχ.
1149 5840 1227 5905 121
1304 5856 1345 5886 ν
1384 5856 1511 5909 ibid.
1552 5858 1727 5912 1.1-1.3.

1865 3643 2213 3698 siderationis
2245 3655 2300 3699 et
2330 3647 2595 3701 stultitim.
2654 3648 2870 3703 Etenim
2925 3660 3295 3704 murmurator
3357 3668 3443 3707 se-

1866 3734 2042 3801 ipsum
2072 3736 2284 3802 perdit;
2308 3737 2589 3792 detractor
2614 3751 2669 3794 et
2697 3742 2935 3808 scipsum
2957 3742 2998 3795 it
3017 3743 3315 3811 perditum,
3341 3761 3443 3800 nec

1864 3823 2062 3884 solum,
2098 3823 2190 3876 sed
2241 3832 2295 3877 ct
2346 3826 2655 3881 audientes.
2707 3829 2989 3899 Siquidem
3040 3832 3086 3885 is
3135 3833 3239 3886 hoc
3271 3850 3440 3887 unum

1864 3922 2105 3980 spectat,
2145 3930 2241 3967 sua
2274 3924 2333 3969 ut
2364 3917 2704 3974 detractione
2756 3923 2972 3975 eoneiat
3001 3932 3057 3977 et
3103 3925 3277 3990 alios,
3309 3941 3441 3994 pro-

1865 4005 1993 4058 inde
2018 4011 2075 4057 et
2104 4008 2416 4069 conturbet,
2459 4025 2679 4078 suaeque
2710 4013 2957 4067 stultitiae
2983 4014 3215 4068 asciscat
3242 4016 3345 4069 sibi
3376 4033 3443 4071 ac

1862 4103 2017 4163 paret
2041 4096 2356 4164 complices.
2388 4098 2593 4166 Duplex
2630 4116 2738 4154 uno
2766 4102 2871 4157 hoc
2903 4114 3128 4172 peccato
3167 4106 3272 4160 sibi
3306 4123 3439 4162 con-

1861 4188 2006 4255 gerit
2030 4188 2303 4249 debitum,
2329 4198 2384 4243 et
2407 4190 2510 4243 sibi
2536 4192 2757 4259 quidem
2782 4194 3055 4250 obnoxius
3087 4197 3324 4265 primum
3358 4198 3436 4265 fit,

1860 4276 2059 4329 deinde
2099 4278 2217 4330 istis
2261 4294 2401 4347 quos
2447 4280 2790 4336 detrahendo
2823 4284 2875 4336 in
2921 4286 3250 4342 sententiam
3283 4305 3437 4344 suam

1860 4367 2112 4421 adduxit.
2137 4367 2291 4433 Quod
2324 4370 2367 4423 si
2398 4387 2497 4423 nos
2514 4373 2799 4441 continget
2826 4376 3018 4430 audire
3049 4378 3440 4448 improbandus

1861 4475 2181 4523 sermones,
2224 4476 2334 4513 non
2383 4470 2489 4514 tam
2528 4479 2659 4516 eum
2705 4466 2799 4532 qui
2836 4468 3095 4534 protulit,
3128 4486 3291 4537 quant
3336 4488 3438 4527 nos

1863 4549 2011 4617 ipsos
2058 4564 2419 4619 coarguamus
2453 4568 2466 4601 :
2502 4568 2601 4620 pro
2636 4556 2920 4611 voluntate
2968 4559 3116 4611 enim
3163 4573 3347 4615 nostra
3380 4573 3437 4619 et

1861 4638 2137 4691 delatores
2183 4630 2456 4694 sermonis
2502 4643 2586 4696 vel
2632 4644 3003 4700 admittuntur
3051 4650 3136 4703 vel
3172 4652 3436 4722 rejiciun-

1863 4740 1970 4784 tur.
2000 4730 2145 4784 Nihil
2170 4731 2336 4801 igitur
2365 4742 2581 4801 oportet
2619 4735 2690 4788 ob
2719 4751 2782 4790 ea
2821 4754 2941 4806 qua:
2972 4739 3025 4793 in
3053 4757 3154 4795 nos
3184 4743 3437 4800 recidunt

1793 4861 1833 4915 Β
1864 4822 2124 4887 adversa,
2172 4824 2227 4877 in
2269 4824 2407 4879 alios
2455 4826 2785 4897 detorquere
2834 4833 3295 4900 reprehendendo
3338 4850 3435 4895 aut.

1862 4917 2227 4984 detrahendo,
2258 4929 2319 4973 ut
2350 4936 2418 4974 ne
2444 4920 2767 4980 decidamus
2796 4942 2826 4981 a
2856 4927 3190 4985 discretione
3225 4932 3302 4985 rei
3334 4947 3435 5001 per

1855 5024 1913 5061 se
1944 5008 2189 5063 honestzc
2218 5027 2282 5065 ac
2309 5011 2560 5068 decentis
2586 5033 2599 5068 :
2632 5016 2684 5070 in
2720 5019 2971 5088 uosipsos
3004 5022 3208 5089 potius,
3233 5023 3277 5077 si
3302 5025 3432 5093 quid

1856 5101 2296 5168 reprehensibile
2360 5108 2625 5171 occurrit,
2692 5111 3020 5166 recellamus
3061 5130 3074 5166 :
3117 5115 3222 5169 hoc
3281 5118 3432 5170 enim

1854 5208 2117 5262 perquam
2169 5204 2458 5265 acceptum
2514 5200 2624 5253 Deo
2682 5208 2787 5253 est.
2844 5202 2985 5257 Sane
3036 5203 3301 5257 decorum
3358 5208 3431 5261 sit

1854 5284 2064 5338 nemini
2104 5300 2331 5352 prorsus
2359 5287 2671 5343 obtrectare
2701 5308 2712 5342 :
2746 5300 2801 5344 at
2847 5308 2914 5345 ne
2937 5293 3101 5345 etiam
3125 5294 3425 5349 detrahen-

1859 5387 1965 5433 tem
1996 5380 2190 5433 audire
2225 5396 2350 5434 cum
2376 5383 2529 5435 suavi
2553 5384 2768 5451 pruritu
2799 5385 3014 5437 aurium
3041 5400 3182 5440 neve
3211 5385 3309 5440 ulli
3334 5384 3429 5440 de-

1856 5471 2110 5525 tractioni
2139 5472 2301 5527 fidem
2320 5475 2655 5528 commodes.
2676 5475 2780 5540 Qui
2805 5477 2953 5531 enim
2990 5476 3151 5531 fidem
3171 5477 3429 5531 adhibuit

1857 5562 2206 5627 detractioni,
2246 5566 2293 5618 is
2324 5566 2374 5617 in
2400 5573 2680 5634 posterum
2724 5567 2989 5622 adversus
3013 5569 3238 5622 fratrem
3263 5580 3424 5622 su’um

1857 5652 2132 5721 iniquiore
2153 5654 2419 5710 afﬁcietur
2440 5656 2658 5712 animo:
2686 5658 2808 5712 talis
2833 5658 3018 5728 igitur,
3038 5657 3272 5712 eﬂicitur
3299 5675 3428 5713 reus

2441 5794 2639 5849 "Luc.
2674 5812 2722 5859 v,
2750 5795 2839 5847 5ft.
2949 5799 2987 5827 "
3021 5796 3179 5851 Joan.
3212 5813 3279 5851 vt.
3334 5796 3419 5851 6|.
