4178 6436
738 353 867 421 1531

1978 359 2342 421 ANTIOCHI
2385 360 2727 420 MUN.\Clll

3863 350 3999 419 15$

733 466 969 537 peccati,
1005 480 1131 520 cum
1158 465 1494 521 detractore.
1534 467 1653 524 Non
1682 465 1830 521 enim
1862 467 2124 521 convenit
2158 466 2321 535 quid-

2426 468 2652 521 πάντοτε
2682 468 2740 518 ἰν
2768 464 3139 535 διχοστασίαις
3171 460 3495 527 κατοικοῦνς
3524 461 3700 517 Καλὸν
3724 456 3819 516 οῦν
3848 464 4000 518 ἐστὶν

734 573 899 627 quam
919 557 1172 627 proloqui
1189 557 1456 613 adversus
1473 558 1697 614 fratrem
1719 558 1890 611 ullum
1909 557 2213 618 absentem,
2228 572 2317 610 ca-

737 646 1046 701 lumniandi
1086 650 1392 717 prmsertim
1428 651 1758 715 intentione,
1784 651 1900 704 sive
1937 650 2013 702 illi
2041 657 2100 701 ut
2129 649 2319 701 inuras

736 746 922 793 notam
979 739 1085 807 (id
1130 740 1275 808 quod
1329 740 1548 810 proprie
1614 750 1696 795 est
1746 737 2082 801 καταλαλιὰ,
2138 736 2191 791 id
2235 746 2318 789 est

738 830 1052 899 detractio),
1104 832 1317 885 tametsi
1367 847 1494 883 vera
1548 831 1659 884 sint
1701 847 1821 899 qua:
1870 830 2152 883 dicuntur.
2216 828 2318 881 De—

738 923 837 976 bes
897 923 1081 991 potius
1145 922 1384 975 aversari
1448 922 1866 985 detrahentem,
1924 931 1980 975 ct
2050 921 2158 974 alio
2212 920 2317 972 iter

735 1014 1054 1068 deﬂectere.
1107 1014 1383 1083 Numquid
1427 1030 1535 1068 non
1573 1015 1810 1083 maligna
1852 1014 1968 1067 lucc
2010 1022 2095 1065 est
2135 1011 2318 1064 detra-

736 1107 870 1170 ctio,
894 1116 951 1161 ct
994 1106 1351 1175 irrequietum
1387 1107 1718 1161 dzemonium
1749 1148 1764 1171 ,
1798 1123 1897 1159 nee.
1932 1107 2038 1158 ulla
2072 1120 2315 1173 unquam

742 1199 1006 1267 temperie
1040 1200 1371 1268 pacificum?
1414 1201 1690 1267 Perpetuo
1738 1198 2010 1267 siquidem
2060 1196 2319 1249 mansitat

740 1305 804 1343 ac
846 1300 1094 1343 moratur
1128 1290 1271 1343 inter
1320 1291 1574 1343 velitares
1623 1290 1921 1342 verborum
1968 1303 2175 1357 pugnas
2223 1294 2312 1339 aut

740 1380 1063 1435 seditiones.
1101 1380 1370 1435 Convenit
1401 1382 1566 1449 igitur
1610 1398 1637 1435 a
1674 1398 1730 1435 se
1772 1390 2030 1433 exeuter"
2057 1397 2072 1416 ι
2095 1378 2315 1431 itiosum

741 1471 874 1525 illud
920 1472 1273 1535 fermentum,
1306 1481 1357 1525 et
1394 1473 1658 1525 diuturna
1705 1471 2031 1525 detrahendi
2064 1486 2127 1523 ac
2172 1487 2319 1523 mur-

742 1565 995 1619 murandi
1041 1566 1444 1620 consuetudine
1489 1567 1885 1627 inveteratum,
1934 1581 2102 1632 seque
2139 1575 2318 1618 trans--

742 1656 889 1711 ferre
939 1655 1008 1710 ad
1044 1658 1477 1726 assumptiouem
1506 1674 1659 1710 novae
1693 1658 2134 1726 conspersimus,
2179 1657 2319 1709 ohe-

742 1748 966 1803 dientia:
1031 1749 1291 1801 nimirum
1356 1758 1413 1803 et
1461 1748 1760 1819 gratiarum
1820 1748 2072 1800 actionis.
2132 1748 2319 1814 Neque

740 1841 892 1895 enim
932 1840 1094 1895 docet
1137 1856 1235 1893 nos
1280 1841 1482 1909 populo
1516 1841 1593 1894 illi
1633 1839 1866 1893 inveniri
1902 1839 2188 1900 assimilcs,
2226 1838 2319 1906 qui
2356 1816 2371 1871 Ι

745 1943 854 1985 tam
896 1933 998 1986 fuit
1046 1932 1184 1985 male
1235 1942 1423 2002 gratus
1454 1933 1566 1986 Deo
1602 1940 1661 1985 ut
1708 1932 1760 1984 in
1817 1947 2009 1983 eremo
2058 1929 2323 1984 adversus

742 2040 869 2076 eum
909 2035 965 2076 et
1003 2024 1435 2076 murmuraverit
1473 2032 1527 2075 et
1571 2022 1892 2075 detraxerit.
1927 2021 2159 2075 Sanctos
2203 2021 2324 2074 imi-

748 2122 926 2165 temur
962 2113 1167 2181 potius,
1202 2114 1293 2182 qui
1339 2114 1403 2165 ad
1449 2112 1715 2181 fulgorem
1757 2112 2109 2180 przclucentis
2138 2112 2323 2180 gratia:

742 2203 914 2257 vitam
959 2205 1318 2256 moderantur
1362 2220 1538 2258 suam.
1582 2204 1918 2255 ()betlientcs
1967 2203 2172 2265 simus,
2222 2217 2324 2254 nec

746 2294 1061 2363 ingrati;de
1087 2297 1193 2349 illis
1218 2296 1422 2365 quippe
1449 2297 1714 2363 scriptum
1738 2305 1842 2357 est,
1868 2295 1961 2364 qui
1985 2304 2040 2347 et
2061 2295 2324 2347 adversus

745 2387 916 2441 Deum
948 2388 1117 2442 locuti
1144 2397 1293 2453 sunt,
1327 2398 1383 2443 et
1412 2389 1672 2442 dixerunt
1702 2407 1713 2441 :
1750 2410 1766 2439 ι
1808 2388 2086 2457 Numquid
2123 2387 2323 2457 poterit

744 2478 892 2532 Deus
922 2495 1117 2549 parare
1146 2496 1390 2535 mensam
1432 2482 1484 2535 in
1514 2480 1734 2535 deserto
1757 2482 1841 2533 9‘?
1877 2500 1893 2530 ι
1924 2480 2028 2533 Sed
2056 2489 2111 2533 et
2144 2481 2322 2533 Aaron

745 2587 803 2631 et
834 2578 1002 2632 Maria
1029 2578 1385 2633 detraxisrunt
1406 2580 1571 2650 Moysi
1593 2600 1607 2641 ;
1630 2580 1888 2633 dixerunt
1916 2580 2063 2633 enim
2094 2598 2106 2632 :
2135 2600 2151 2630 ι
2183 2580 2323 2633 Nunt

748 2669 916 2742 Moysi
945 2671 1047 2725 soli
1080 2672 1298 2726 locutus
1314 2682 1396 2726 est
1427 2673 1569 2725 licus
1592 2674 1635 2712 θ’
1655 2674 1715 2723 ’ἐι
1757 2673 1812 2725 In
1835 2672 1955 2725 illos
1984 2671 2214 2741 proinde
2246 2673 2324 2725 ira

748 2758 843 2812 Dei
876 2760 1098 2823 exarsit,
1116 2770 1173 2813 et
1200 2775 1328 2813 eeee
1356 2760 1525 2813 Maria
1549 2760 1699 2829 lepra
1723 2776 1982 2829 percussa
2010 2768 2114 2813 est.
2146 2760 2325 2813 Parm-

746 2848 970 2903 miastes
980 2849 1076 2903 ait:
1090 2872 1105 2900 ι
1119 2850 1195 2904 Ne
1209 2851 1552 2915 detrahas,ut
1565 2868 1672 2904 non
1687 2850 2328 2920 pereas.Laqueusfortis

745 2939 866 2993 viro
878 2942 1098 3010 propria
1122 2943 1261 2995 labia
1281 2953 1409 2996 sunt
1428 2961 1442 3007 ;
1459 2944 1552 3012 qui
1577 2954 1757 2996 autem
1779 2942 2218 2996 irretentibiliter
2239 2958 2328 2995 va-

745 3034 835 3081 cat
852 3027 1033 3091 labiis,
1062 3029 1587 3098 supplantabitur".
1616 3050 1632 3079 ι
1655 3030 1871 3099 1078
1894 3031 2104 3083 llursus
2129 3047 2141 3082 :
2162 3049 2178 3080 ι
2202 3028 2330 3084 Glo-

746 3118 827 3173 ria
860 3118 979 3173 viro
1005 3122 1273 3179 avertenti
1315 3138 1371 3175 se
1403 3138 1432 3175 a
1465 3123 1753 3184 conviciis.
1785 3123 1988 3176 stultus
2009 3132 2191 3175 autem
2242 3122 2328 3174 his

747 3210 1059 3281 implicatur
1081 3212 1147 3265 ".
1189 3231 1206 3262 ι
1240 3212 1441 3266 lterum
1481 3232 1494 3266 :
1533 3232 1551 3264 ι
1584 3214 1678 3267 Vir
1722 3214 2085 3275 conviciator,
2119 3213 2184 3266 ad
2233 3223 2323 3266 tu-

747 3300 984 3354 multum
1028 3317 1257 3373 pugnai;
1289 3302 1381 3372 qui
1415 3318 1547 3356 vero
1574 3302 1818 3357 custodit
1850 3320 1913 3356 os
1937 3318 2099 3357 suum
2130 3314 2187 3357 et
2216 3303 2324 3356 lin-

747 3408 932 3461 guam,
968 3403 1257 3447 conservat
1302 3410 1331 3448 a
1375 3395 1733 3448 tribulatione
1777 3396 2016 3448 animam
2044 3411 2199 3449 suam
2226 3396 2264 3448 '.
2301 3413 2319 3445 ι

750 3484 859 3537 lit:
893 3502 910 3535 ι
943 3484 1046 3550 Qui
1092 3484 1272 3554 diligit
1302 3486 1492 3550 vitam,
1548 3494 1739 3553 parcet
1771 3487 1851 3538 ori
1888 3502 1989 3538 suo
2028 3487 2068 3538 ⁵.
2117 3503 2135 3535 ι
2180 3485 2324 3537 Rur-

747 3592 869 3628 sum
896 3592 909 3627 :
946 3593 964 3624 ι
995 3574 1127 3639 Qua:
1152 3575 1409 3628 viderunt
1432 3575 1577 3628 oculi
1610 3575 1712 3637 tui,
1737 3575 1847 3637 dic,
1880 3585 1939 3627 ut
1963 3590 2029 3629 ne
2057 3574 2327 3643 impingas

752 3667 805 3717 in
852 3682 1119 3734 pugnam,
1163 3682 1230 3719 ne
1263 3675 1313 3719 te.
1356 3666 1622 3735 pmniteat
1656 3667 1710 3719 in
1745 3665 2059 3718 novissimis
2087 3666 2125 3717 ³.
2163 3684 2180 3715 ι
2223 3664 2328 3719 Job

750 3755 880 3809 item
922 3755 1115 3808 amicis
1154 3756 1305 3809 suis:
1340 3776 1356 3805 ι
1395 3755 1710 3824 Loquimini
1758 3756 2049 3809 adversum
2087 3772 2193 3819 me,
2227 3772 2329 3811 nec

749 3846 1076 3899 erubescitis
1127 3847 1417 3901 adversum
1471 3864 1557 3901 me
1605 3847 1908 3902 consistere
1954 3848 1995 3902 δ.
2049 3867 2066 3899 i
2120 3849 2327 3901 Psaltes

752 3953 973 4005 quoque
1015 3938 1198 4008 regius
1244 3957 1257 3992 :
1309 3958 1326 3988 ι
1366 3939 1759 3991 Detrahentem
1810 3948 2027 3993 secreto
2082 3940 2329 4007 proximo

752 4047 889 4095 suo,
941 4032 1088 4086 hunc
1140 4032 1510 4101 persequebar
1543 4033 1584 4086 ⁵.
1620 4052 1638 4084 ι
1682 4033 1893 4087 Rursus
1929 4051 1941 4085 :
1984 4052 2000 4082 ι
2043 4034 2118 4086 Os
2173 4044 2328 4086 tuum

753 4122 1057 4175 abundavit
1079 4123 1307 4186 malitia,
1332 4134 1385 4176 et
1415 4123 1600 4193 lingua
1629 4131 1718 4176 tua
1740 4124 2108 4178 concinnabat
2131 4123 2289 4177 dolos
2314 4140 2327 4176 :

754 4212 953 4267 sedens
975 4215 1238 4268 adversus
1263 4215 1486 4270 fratrem
1509 4224 1662 4269 tuum
1685 4216 2024 4285 loquebaris,
2047 4226 2104 4269 ct
2139 4215 2334 4270 adver-

755 4322 851 4359 sus
884 4306 1055 4361 lilium
1106 4308 1295 4362 matris
1341 4317 1445 4361 tua:
1491 4308 1734 4378 ponebas
1774 4308 2159 4362 scandalum“.
2193 4308 2333 4374 Quia

756 4407 997 4462 dilexisti
1032 4410 1294 4463 malitiam
1325 4426 1491 4478 super
1530 4408 1949 4479 benignitatem,
1984 4408 2331 4477 iniquitatem

2419 556 2721 611 ἀποθέσθαι
2757 554 2857 626 τὴν
2888 555 3067 625 κακὴν
3098 554 3302 625 ζύμην,
3329 553 3427 623 τὴν
3465 553 3871 606 παλαιωθεῖσαν
3902 556 3999 608 καὶ

2421 650 2756 715 ἐνοξὺσασαν
2811 646 2903 700 τοῦ
2943 645 3266 717 γογγυσμοῦ
3326 647 3424 700 καὶ
3483 648 3580 717 τῆς
3637 647 3997 711 καταλαλιιῖςι

2422 742 2515 795 καὶ
2560 740 2914 811 μεταϐαίνειν
2946 741 3040 793 ἐπὶ
3066 743 3128 793 τὸ
3174 742 3291 794 νέον
3320 742 3553 811 φύραμα
3586 741 3684 809 τῆς
3722 742 3996 810 ὑπακοῆς.

2421 835 2515 885 καὶ
2544 831 2918 902 εὐχαριστίας.
2980 832 3055 882 0-3
3097 830 3203 901 γάρ
3240 832 3440 901 πρέπει
3479 834 3610 901 ἡμῖν
3645 834 3888 885 ἐοικέναι
3921 832 4001 901 τῷ

2420 926 2479 977 ἐν
2510 926 2702 993 ἐρήμῳ
2742 925 3018 993 γογγυστῇ
3054 922 3166 992 λαῷ
3208 924 3305 975 καὶ
3343 924 3635 995 καταλάλῳ
3680 924 3793 994 λαῷ
3816 942 3831 957 ’
3864 924 4001 978 ἀλλά

2421 1016 2623 1083 μᾶλλον
2644 1017 2719 1074 ὡς
2739 1015 2905 1067 τέκνα
2925 1015 3054 1067 ὄντα
3086 1018 3186 1081 τῆς
3206 1015 3430 1084 χάριτος
3476 1016 3852 1084 μιμησὼμεθα
3874 1016 4001 1078 τοὺς

2423 1111 2479 1161 ἐν
2495 1113 2559 1178 τῇ
2577 1110 2756 1179 χάριτι
2776 1107 3468 1176 πο).ιτευομένους.άτίους,
3490 1109 3729 1177 εῦήκοοι.
3760 1111 3996 1162 17.1253-

2422 1218 2601 1270 ρεστοι
2637 1201 2938 1269 γενόμενοι.
2978 1199 3294 1268 Γέγραπται
3325 1202 3433 1269 γὰρ
3466 1204 3592 1268 περὶ
3622 1201 3873 1260 ἐκείνων,
3907 1201 3999 1251 καὶ

2422 1293 2795 1359 κατελάλησαν
2830 1291 2923 1344 τοῦ
2951 1291 3107 1347 θεοῦ.
3147 1293 3239 1343 καὶ
3272 1287 3424 1343 εἷπον
3463 1309 3475 1319 ·
3515 1311 3532 1342 ι
3566 1294 3655 1360 Μὴ
3699 1293 3998 1361 δυνήσεται

2420 1387 2448 1437 ὁ
2474 1384 2606 1446 θεὸς
2636 1385 2922 1451 ἑτοιμάσαι
2958 1384 3237 1452 τράπεζαν
3268 1384 3325 1433 ἐν
3369 1383 3561 1452 ἐρήμῳ
3586 1399 3599 1445 ;
3628 1401 3645 1433 ι
3686 1384 3797 1435 Καὶ
3836 1401 3999 1436 κατε-

2390 1475 2659 1543 ηλάλησαν
2700 1474 2908 1541 ’Λαριῖιν
2960 1476 3054 1526 καὶ
3114 1474 3350 1543 Μαριάμ
3410 1475 3551 1526 κατὰ
3612 1475 3846 1545 Mra-33%.,
3908 1476 3995 1527 καὶ

2423 1564 2606 1619 εἷπον·
2652 1586 2667 1616 ι
2691 1566 2781 1636 Μὴ
2825 1567 3044 1618 Μωῦσεῖ
3076 1566 3339 1635 ἐλάλησεν
3380 1568 3407 1617 ὁ
3440 1565 3575 1627 θεὸς
3610 1566 3790 1635 μόνῳς
3827 1585 3846 1616 ι
3893 1567 3998 1618 Καὶ

2422 1658 2667 1728 ὠργίσθη
2711 1658 2913 1728 Κύριος
2958 1658 3043 1709 ἐπ’
3097 1658 3301 1720 αὐτοῖς,
3347 1656 3443 1710 καὶ
3498 1656 3606 1710 ἰδοὺ
3654 1657 3889 1726 Μαριάμ
3923 1656 4002 1707 λε-

2426 1748 2637 1816 πρῶσα.
2675 1749 2834 1814 Λέγει
2870 1748 2926 1799 δὲ
2967 1748 3061 1798 καὶ
3085 1748 3112 1798 ὁ
3144 1748 3557 1817 Ιιαροιμιαστής
3583 1760 3595 1774 ⁸
3628 1765 3645 1797 ι
3668 1749 3761 1819 Μὴ
3811 1748 4000 1815 ἀγάπα

2426 1839 2747 1893 καταλαλεῖν
2777 1840 2862 1891 ἵνα
2914 1840 2989 1909 μὴ
3022 1838 3277 1909 ἐξαρθῇς.
3313 1840 3487 1907 Ιιαγὶς
3518 1841 3625 1909 γὰρ
3664 1842 3868 1909 ἰσχυρά
3913 1844 4001 1894 άν-

2424 1930 2543 2000 δρὶ,
2588 1931 2655 1983 τά
2708 1930 2817 1982 ἴδια
2873 1930 3027 1999 χείλη
3051 1945 3065 1959 ·
3107 1931 3135 1981 ὁ
3164 1931 3223 1982 δὲ
3256 1930 3486 1997 ἄστεγος
3510 1932 3751 2000 χείλεσιν
3785 1933 4003 1983 σκολιά-

2426 2022 2534 2087 ζων
2587 2022 3131 2091 ὑποσκελισθήσεται.
3168 2040 3186 2072 ι
3232 2022 3340 2074 Καὶ
3379 2023 3540 2074 πάλιν
3574 2040 3586 2052 ·
3625 2041 3642 2073 ι
3667 2024 3806 2088 Δόξα
3850 2024 4004 2091 ἀνδρὶ

2425 2112 2865 2182 ἀποστρέφεσθαι
2898 2112 3192 2182 λοιδορίας·
3231 2114 3259 2163 ὁ
3291 2113 3349 2165 δὲ
3390 2114 3581 2181 ἄφρων
3604 2114 3871 2175 τοιούτοις
3898 2116 4000 2183 ἐμ-

2426 2205 2707 2257 πλέκεται.
2744 2224 2760 2254 ι
2807 2206 2915 2258 Καὶ
2944 2205 3105 2257 πάλιν
3133 2223 3145 2234 ·
3181 2223 3198 2254 ι
3238 2206 3401 2274 ’Δνὴρ
3426 2205 3684 2273 λοίδορος,
3718 2206 3798 2267 είς
3836 2222 3997 2274 ταρα-

2426 2298 2526 2368 χὴν
2561 2299 2763 2367 μάχης.
2806 2302 2902 2360 'U;
2945 2297 3001 2350 δὲ
3049 2297 3309 2366 φυλάττει
3347 2298 3409 2350 τὸ
3460 2298 3635 2365 στόμα
3678 2297 3873 2362 αὑτοῦ,
3910 2299 4002 2351 καὶ

2424 2390 2521 2460 τὴν
2565 2390 2839 2457 γλῶσσαν,
2890 2390 3141 2458 διατηρεῖ
3186 2391 3249 2442 ὲκ
3283 2388 3518 2458 θλίψεως
3542 2390 3644 2459 τὴν
3671 2389 3858 2459 ψυχὴν
3905 2391 3997 2442 αὑ-

2424 2481 2540 2533 τοῦ.
2573 2500 2591 2533 ι
2622 2479 2761 2534 Καί·
2799 2500 2815 2531 ι
2861 2480 2918 2532 ’0
2936 2480 3164 2547 ἀγαπῶν
3198 2480 3343 2551 ζωὴν
3392 2480 3637 2550 φείσεται
3671 2482 3766 2534 τοῦ
3796 2483 4000 2550 στόμα-

2427 2590 2516 2635 τος
2554 2572 2740 2629 αὑτοῦ.
2769 2591 2786 2623 ι
2827 2573 2937 2625 Καὶ
2972 2572 3163 2634 αὖθιςο
3202 2591 3220 2623 ι
3259 2575 3323 2624 Ἀ
3361 2572 3470 2625 ἴδον
3500 2573 3550 2624 οἱ
3583 2572 3855 2642 ὀφθαλμοί
3888 2590 4001 2633 σου,

2427 2665 2549 2732 λέγε
2574 2681 2586 2693 ο
2612 2664 2686 2734 μὴ
2710 2664 3019 2735 πρόσπιτττε
3050 2665 3127 2726 εἰς
3161 2664 3363 2734 μάχην,
3397 2665 3483 2716 ἵνα
3514 2666 3589 2736 μὴ
3616 2665 4003 2735 μεταμεληθῇς

2428 2756 2513 2808 ἐπ’
2541 2757 2802 2825 ἐσχάτων.
2837 2774 2853 2805 ι
2892 2756 3003 2808 Καὶ
3033 2757 3061 2808 ὁ
3100 2755 3220 2808 ’1ὼὸ
3254 2758 3365 2819 τοῖς
3389 2756 3561 2823 pilai;
3599 2755 3801 2809 αὐτοῦ’
3840 2775 3858 2807 ι
3888 2758 4003 2809 Κα-

2428 2846 2708 2899 ταλαλείτέ
2767 2864 2893 2914 μου.
2941 2844 3017 2916 μὴ
3073 2845 3454 2916 αἰσχυνόμενοι
3493 2846 3805 2899 ἐπικεῖσθαί
3840 2865 3947 2916 μοι,
3982 2866 3998 2895 ι

2439 2936 2498 2989 Ὀ
2546 2937 2603 2989 δὲ
2649 2937 2952 3005 Ψαλμῳδός
2978 2952 2989 2965 ·
3032 2936 3175 2988 «Τὸν
3221 2935 3630 2990 καταλαλοῦντα
3682 2935 3864 3004 λάθρα
3916 2936 4004 2987 τὸν

2430 3030 2659 3100 πλησίον
2677 3027 2865 3092 αὑτοῦ,
2889 3028 3079 3081 τοῦτον
3104 3028 3409 3095 ἐξεδίωκον.
3435 3048 3452 3080 ι
3497 3028 3608 3082 Καὶ
3644 3025 3801 3091 αὖθις
3826 3045 3840 3059 ·
3886 3047 3904 3078 ι
3936 3029 4007 3079 Τὸ

2354 3160 2397 3218 C
2434 3123 2608 3192 στόμα
2638 3139 2731 3175 σου
2771 3122 3066 3175 ἐπλεόνασε
3097 3122 3314 3186 κακίας,
3352 3121 3497 3191 καὶὴ
3528 3120 3751 3187 γλῶσσά
3784 3137 3881 3171 σου
3915 3139 4006 3171 ιτε-

2431 3215 2717 3287 ριέπλεκεν
2759 3212 3094 3282 δολιότητας.
3128 3211 3452 3282 Καθήμενος
3482 3212 3622 3264 κατὰ
3650 3211 3746 3265 τοῦ
3774 3210 4005 3277 ἀδελεξοῦ

2430 3323 2524 3359 σου
2555 3304 2898 3369 κατελάλεις,
2929 3305 3027 3359 καὶ
3060 3304 3200 3358 κατὰ
3229 3304 3325 3357 τοῦ
3375 3303 3491 3357 υἱοῦ
3524 3303 3626 3372 τῆς
3668 3303 3881 3373 μητρός
3918 3320 4003 3354 σου

2427 3398 2614 3469 ἐτίθης
2643 3396 2962 3452 σκάνδαλον.
2990 3397 3116 3450 Ὅτι
3144 3398 3439 3467 ἠγάπησας
3463 3396 3662 3450 κακίαν
3686 3395 3831 3465 ὑπὲρ
3869 3396 4006 3461 ἁγα-

2429 3490 2677 3559 θωσύνην
2702 3506 2715 3519 ⁸
2758 3488 2997 3551 ἀδικίαν,
3029 3488 3171 3557 ὑπὲρ
3205 3487 3301 3540 τοῦ
3332 3487 3567 3557 λαλῆσαι
3611 3486 4001 3555 δικαιοσύνην·

2427 3582 2725 3653 ἠγάπησας
2752 3582 2929 3634 πάντα
2966 3579 3035 3633 τά
3079 3581 3303 3649 ῥήματα
3329 3576 3797 3648 καταποντισμοῦ,
3832 3577 4008 3645 γλῶσ-

2431 3690 2531 3725 σαν
2571 3670 2773 3725 δολίαν.
2800 3688 2817 3718 ι
2852 3669 2999 3722 Καί’
3045 3686 3064 3720 ι
3089 3668 3282 3723 Λαλῶν
3331 3669 3513 3731 ἄδικα,
3559 3668 3622 3720 οὗ
3673 3667 4009 3721 κατεύθυνεν

2430 3761 2662 3815 ἐνώπιον
2708 3760 2815 3813 τῶν
2844 3758 3144 3829 ὀφθαλμῶν
3177 3776 3304 3827 μου.
3338 3760 3449 3811 Καὶ
3482 3757 3588 3827 γὰρ
3615 3758 3880 3812 ἐκάθισαν
3912 3759 4010 3826 ἆρ-

2430 3872 2617 3925 χοντες
2648 3854 2740 3907 καὶ
2773 3853 2893 3905 κατ’
2926 3851 3060 3921 ἐμοῦ
3113 3850 3465 3903 κατελάλουν.
3492 3868 3510 3901 ι
3555 3851 3612 3901 Ὀ
3655 3849 3713 3902 δὲ
3757 3849 4012 3910 Ἰάκωῦος

2433 3948 2710 4017 παραινεῖ,
2745 3944 2920 4011 λέγων
2943 3957 2957 3972 ·
2996 3961 3014 3993 ι
3033 3942 3124 4011 Μὴ
3153 3940 3505 3995 καταλαλεῖτε
3526 3940 3798 4009 ἀλλήλων,
3841 3940 4011 3993 ἀδελ-

2441 4039 2565 4107 φοί·
2597 4040 2625 4091 ὁ
2675 4037 2785 4107 γὰρ
2835 4034 3157 4088 καταλαλῶν
3241 4033 3497 4101 ἀδελφοῦ,
3554 4034 3651 4086 καὶ
3688 4033 3898 4102 κρίνων
3923 4033 4012 4083 τὸν

2433 4127 2662 4196 ἁδελφδν
2699 4126 2885 4191 αὑτοῦ,
2916 4124 3213 4179 καταλαλεῖ
3249 4124 3439 4194 νόμου,
3470 4126 3563 4177 καὶ
3588 4126 3764 4195 κρίνει
3789 4126 4007 4195 νόμον.ι

2436 4221 2546 4273 Καὶ
2597 4223 2624 4273 ὁ
2657 4219 2900 4289 Πέτρος·
2940 4236 2958 4268 ι
3003 4216 3360 4286 Ἀποθέμενοι
3413 4211 3507 4269 οὖν
3562 4218 3743 4269 πᾶσαν
3790 4217 4011 4276 κακίαν,

2435 4312 2529 4364 καὶ
2561 4312 2737 4365 πάντα
2776 4311 2949 4373 δόλον,
2986 4311 3077 4363 καὶ
3115 4309 3457 4380 ὑποκρίσεις,
3502 4309 3600 4361 καὶ
3634 4308 3892 4377 φθόνους,
3926 4311 4016 4361 καὶ

2438 4406 2616 4467 πάσας
2661 4403 3011 4465 καταλαλιάς.
3041 4422 3060 4455 ι
3095 4402 3430 4472 Μισήσωμεν
3470 4396 3582 4465 οὖν,
3617 4402 3920 4471 ἀγαπητοὶ,
3960 4402 4017 4452 τὸ

760 4501 933 4569 magis
948 4516 1111 4569 quam
1137 4502 1284 4571 loqui
1310 4502 1626 4571 aequitatem
1651 4520 1663 4555 :
1687 4502 1929 4555 dilexisti
1956 4502 2142 4555 omnia
2165 4502 2326 4555 verba

2437 4497 2682 4568 μυσαρὸν
2748 4495 2909 4549 τοῦτο
2968 4494 3139 4556 πάθος
3201 4494 3304 4563 τῆς
3364 4493 3725 4556 καταλαλιάς,
3782 4492 3877 4547 ἵνα
3945 4493 4016 4563 μὴ

760 4592 1230 4662 praecipitationis,
1258 4593 1439 4663 lingua
1471 4591 1660 4647 dolosa
1689 4594 1728 4645 ".
1771 4612 1788 4644 ι
1817 4593 1885 4647 Et
1912 4609 1927 4646 :
1962 4611 1979 4642 ι
2016 4592 2121 4657 Qui
2160 4592 2339 4661 loqui-

761 4692 851 4738 tur
880 4683 1088 4753 iniqua,
1112 4699 1223 4739 non
1243 4685 1441 4739 direxit
1466 4686 1523 4739 in
1551 4694 1849 4754 conspectu
1881 4685 2169 4739 oculorum
2190 4701 2339 4739 meo-

763 4790 884 4828 rum
910 4772 963 4840 ⁸;
994 4774 1201 4828 etenim
1233 4774 1495 4829 sederunt
1530 4776 1808 4845 principes
1835 4785 1892 4831 et
1917 4777 2210 4831 adversum
2250 4791 2338 4831 me

759 4866 1191 4937 loquebantur’.
1228 4888 1246 4919 ι
1274 4868 1515 4923 Jacobus
1542 4883 1763 4937 quoque
1795 4868 2073 4931 admonet,
2105 4868 2336 4923 dicens:

769 4977 787 5009 ι
825 4959 1006 5013 Nolite
1049 4959 1336 5014 detrahere
1388 4960 1750 5023 alterutrum,
1780 4958 2012 5025 fratres;
2055 4961 2150 5028 qui
2187 4959 2335 5013 enim

763 5048 1013 5103 detrahit
1045 5049 1199 5104 fratri
1239 5060 1296 5106 et
1331 5051 1538 5121 judicat
1591 5051 1817 5106 fratrem
1860 5066 2051 5111 suum,
2096 5050 2339 5104 detrahit

764 5141 869 5211 legi
893 5150 949 5195 et
976 5141 1186 5211 judicat
1206 5143 1379 5212 legem
1409 5145 1471 5197 ¹⁶.
1507 5164 1525 5194 ι
1563 5144 1757 5198 Petrus
1788 5145 1923 5197 item
1952 5160 1965 5195 :
1992 5160 2010 5193 ι
2043 5143 2335 5211 Deponen-

766 5246 850 5300 res
900 5232 1068 5302 igitur
1102 5249 1318 5287 omnem
1369 5235 1627 5288 malitiam
1672 5245 1727 5289 et
1773 5250 1992 5288 omnem
2041 5234 2229 5287 dolum
2282 5242 2335 5287 et

2432 4587 2791 4658 ὁμοιωθῶμεν
2843 4589 2958 4649 τοῖς
3007 4584 3341 4647 καταλάλοις
3378 4582 3657 4645 Ἰουδαίοις
3686 4584 3802 4644 τοῖς
3827 4581 4016 4650 λέγουο

2438 4700 2523 4735 σιν
2561 4698 2574 4711 ’
2619 4699 2636 4729 ι
2665 4676 2831 4741 Οὗτος
2890 4679 2991 4730 οὐκ
3039 4676 3291 4730 ἐκϐάλλει
3337 4675 3409 4728 τὰ
3449 4674 3730 4743 δαιμόνια.
3758 4674 3809 4725 εί
3861 4674 3936 4743 μὴ
3964 4674 4018 4724 ἐν

2437 4771 2790 4836 Βεελζεϐοὺλ,
2818 4769 2897 4840 τῷ
2930 4768 3155 4838 ἄρχοντι
3178 4766 3287 4819 τῶν
3319 4766 3640 4834 δαιμονίων.
3662 4783 3680 4815 ι
3723 4764 3785 4817 '0
3817 4763 3878 4817 δὲ
3919 4781 4015 4834 μα·

2439 4865 2712 4936 κῴθυμος
2772 4862 2973 4931 Κύριός
3024 4876 3189 4929 φησιν
3218 4875 3231 4888 ·
3274 4878 3293 4910 ι
3331 4858 3392 4910 Εἰ
3450 4857 3564 4925 ἐγὼ
3608 4858 3666 4909 ἐν
3696 4854 4020 4919 Βεελζεσοὺλ

2445 4957 2692 5011 ἐκϐάλλω
2725 4958 2792 5009 τὰ
2843 4953 3118 5023 δαιμονία,
3161 4953 3209 5004 οἱ
3261 4951 3369 5003 υἱοὶ
3418 4949 3571 5019 ὑμῶν
3602 4950 3660 5001 ἐν
3690 4947 3799 5002 τίνι
3830 4947 4021 5001 ἐκϐάλ-

2445 5048 2661 5113 λονσιν;
2695 5049 2757 5100 Εἰ
2788 5046 2843 5099 δὲ
2874 5048 2931 5098 ἐν
2962 5044 3237 5113 ῐινεύματι
3267 5040 3405 5095 Θεοῦ
3452 5039 3705 5094 manu
3735 5038 3804 5092 τὰ
3836 5038 4018 5106 δαιμό-

2446 5157 2551 5202 νια,
2587 5139 2696 5207 ἄρα
2734 5136 2970 5204 ἔφθασεν
3018 5135 3103 5203 ἐφ’
3129 5134 3272 5202 ὑμᾶς
3326 5133 3361 5200 ἡ
3410 5128 3659 5200 βασιλεία
3688 5127 3786 5181 τοῦ
3814 5125 3973 5181 Θεοῦ.
3999 5144 4017 5177 ι

2447 5229 2604 5298 Αὐτῷ
2636 5227 2762 5291 δόξα
2792 5228 2873 5288 εἰς
2900 5227 3024 5289 τοὺς
3054 5224 3279 5285 αἰῶνας.
3331 5222 3527 5290 Ἀμήν.

765 5321 1169 5383 simulationes,
1197 5332 1251 5375 et
1277 5324 1511 5377 invidias
1565 5334 1621 5377 et
1647 5339 1838 5378 omnes
1872 5325 2243 5379 detractiones
2299 5324 2362 5375 “.
2391 5339 2407 5371 ι
2454 5320 2813 5374 Δίῐυαίοιιρηι
2867 5318 3009 5371 hanc
3056 5312 3421 5370 detractionis
3471 5310 3721 5365 omnium
3768 5308 3902 5362 odio
3940 5306 4022 5360 di-

768 5412 1121 5479 Βιιίεὸίιιιειηιν
1171 5412 1321 5481 justo
1389 5416 1547 5483 plane
1603 5414 1733 5469 odio
1790 5431 2207 5485 persequamur,
2276 5429 2344 5467 ne
2404 5410 2626 5482 quando
2669 5408 3151 5478 deprehendantur
3187 5404 3391 5461 Judzcis
3454 5402 3565 5457 illis
3620 5398 4028 5455 detractoribus

775 5503 948 5558 nihilo
986 5503 1303 5569 dissimiles,
1335 5507 1428 5575 qui
1468 5516 1524 5563 et
1590 5507 1890 5563 dicebant:
1931 5527 1947 5558 ι
1985 5507 2083 5560 llic
2132 5523 2242 5560 non
2278 5504 2462 5576 ejicict
2502 5502 2793 5565 daemonia,
2862 5499 2965 5554 nisi
3032 5499 3086 5552 in
3133 5494 3441 5553 Beelzebub
3477 5497 3490 5511 '
3553 5489 3807 5562 principe
3827 5488 4027 5543 ἀπεωθ-

3604 5637 3624 5667 ³
3655 5633 3829 5689 Eccli.
3857 5648 4022 5701 usu,

3660 5707 3679 5732 ‘
3707 5704 3849 5759 I‘sal.
3886 5722 3934 5765 υ.
3974 5706 4028 5771 ἲ,

3087 5640 3101 5672 '
3136 5643 3295 5696 l‘rov.
3334 5654 3444 5697 sui.
3473 5638 3526 5690 5.

3070 5715 3079 5739 ⁷
3120 5712 3258 5767 1’›;ι1.
3290 5726 3357 5764 ιι.
3404 5709 3454 5763 ῖς,
3491 5711 3542 5759 ιι,

854 5647 899 5675 ’⁸
924 5646 1059 5699 l‘sal.
1092 5663 1287 5705 tum.
1325 5649 1404 5702 l9.

792 5716 874 5772 I‘J.
950 5716 969 5745 ³
998 5716 1157 5769 Prov.
1182 5732 1305 5772 xvv.
1341 5723 1389 5770 κ,

782 5785 805 5812 ⁹
846 5784 987 5843 i‘sal.
1023 5801 1199 5848 (λι-ιιι,
1230 5790 1317 5840 -ιπ,

2028 5651 2073 5681 ’³
2106 5651 2265 5705 Prov.
2300 5668 2348 5713 ς,
2386 5650 2468 5702 19.
2547 5650 2590 5679 "
2630 5646 2793 5701 liccli.
2828 5662 2878 5706 ι’,
2922 5644 3004 5697 l3.

1933 5722 1953 5751 ⁸
1986 5722 2126 5775 l‘sal.
2170 5740 2220 5777 ι..
2379 5726 2396 5746 ⁸·
2425 5720 2559 5773 ΙδμκΙ.
2599 5733 2741 5773 xuv,
2776 5719 2854 5769 I‘J.
2880 5714 2964 5767 ΞΗ.

1890 5796 1925 5817 ”
1963 5792 1975 5845 l
2014 5792 2158 5847 l‘ctr.
2204 5808 2258 5855 ιι,
2291 5789 2333 5843 l.

1482 5651 1525 5681 ’⁷
1572 5650 1728 5704 Num.
1769 5668 1857 5713 iur,
1897 5652 1945 5704 2.

1476 5726 1491 5749 δ
1516 5720 1617 5775 Job
1673 5738 1781 5781 xix.
1805 5722 1855 5774 ὖ.

1401 5790 1438 5813 ’⁸
1473 5789 1587 5846 Jac.
1623 5808 1693 5857 μ,
1728 5793 1809 5849 ll.
