4178 6436
143 426 267 495 tm

1040 441 1369 502 llUMILIA
1406 442 1590 503 XXX.
1618 470 1685 480 —
1717 446 1814 506 DE
1854 445 2466 508 SUSURRATIONE.

3234 453 3373 519 1534

143 541 341 593 niorum
388 540 451 593 “.
498 541 762 597 Dominus
800 550 981 599 autem
1034 548 1361 604 mitissimus
1414 560 1471 605 et
1520 550 1867 621 longanimis,
1894 553 2027 623 quid
2088 555 2156 609 ad
2187 555 2333 611 inec?
2399 576 2418 608 ι
2453 557 2510 612 Si
2565 574 2666 630 ego
2699 560 2752 616 in
2814 563 3183 618 Beelzebub"
3209 565 3374 636 ejieio

140 632 410 698 daemonia,
444 634 538 687 lilii
572 636 737 690 vestri
784 636 837 689 in
881 655 992 707 quo
1035 640 1304 710 ejiciunt?
1335 658 1501 712 porro
1550 644 1596 698 si
1646 645 1701 699 in
1739 645 1911 716 digito
1946 647 2064 713 Dei,
2094 648 2343 718 profecto
2372 652 2626 721 pervenit
2660 653 2715 707 in
2748 669 2844 710 vos
2883 670 3112 727 regnum
3139 632 3361 711 θεῖ-⁸³.»

140 723 235 795 Ipsi
264 726 431 797 gloria
456 727 509 780 in
535 730 751 782 smcula.
784 728 979 783 Amen.

738 847 955 899 ΛΟΓΟΣ
993 851 1069 902 Λ’.

615 939 751 1006 Περὶ
794 940 1180 1008 ψιθυρισμοῦ.

204 1049 361 1101 Πάλιν
391 1050 419 1102 6
452 1050 678 1121 ψίθυρος
708 1055 801 1107 καὶ¹
825 1056 854 1106 6
892 1056 1192 1119 κατάλαλος
1237 1058 1486 1111 κοινωνοὶ
1516 1061 1694 1130 ὑπάρ-

142 1157 311 1209 χουσιν
339 1142 435 1210 τῆς
465 1144 754 1214 αἰσχίστης
795 1144 976 1197 αὐτῶν
1005 1148 1291 1217 ἐργασίας.
1323 1150 1430 1203 Καὶ
1467 1151 1575 1221 γάρ
1598 1151 1696 1220 μία

139 1231 274 1282 ἐστὶν
308 1234 636 1303 ἀμφοτέρων
666 1236 697 1303 ἡ
730 1236 923 1304 πρᾶξις
964 1238 1043 1300 εἰς
1090 1239 1209 1291 ὁδὸν
1268 1240 1545 1302 ἀπωλείας
1592 1243 1697 1294 ἀπ⁴

137 1320 365 1387 ἀγουσα·
403 1326 646 1395 στυγητὴ
677 1325 847 1388 ὅντως
881 1327 1035 1396 παρὰ
1061 1328 1198 1381 Θεοῦ
1228 1332 1319 1383 καὶ
1364 1331 1691 1400 ἀνθρώποις.

135 1416 201 1466 Τὸ
236 1417 341 1487 γάρ
382 1417 514 1485 ἄγος
563 1421 660 1488 τῆς
704 1422 1037 1485 καταλαλιάς
1076 1425 1293 1477 καὶτοῦ
1338 1425 1692 1495 ψιθυρισμοῦ,

137 1509 482 1576 συμϐιοτεῦον
535 1512 740 1575 αὐτοῖς,
804 1516 1186 1584 ἐσπιλωμένην
1234 1518 1328 1569 καὶ
1383 1518 1694 1586 ἀκάθαρτον

135 1600 224 1666 τὴν
257 1600 535 1655 πολιτείαν
578 1604 756 1657 αὐτῶν
794 1607 1200 1662 ἀποδείκνυσιν.
1237 1610 1326 1679 Μὴ
1359 1606 1451 1662 οὖν
1481 1610 1696 1679 ἐπιμεί-

134 1708 303 1759 νωμεν
355 1696 420 1763 τῇ
484 1695 911 1769 ἀπηγορευμένῃ
951 1701 1122 1770 ταύτῃ
1175 1703 1269 1753 καὶ
1301 1701 1545 1771 ἀθεμίτῳ
1611 1703 1693 1755 δι-

133 1784 335 1851 αγωγῇ,
358 1782 445 1835 ἴνα
479 1785 554 1853 μὴ
587 1786 904 1856 εύρεθῶμεν
934 1788 1188 1843 ἄσπονδοι
1227 1792 1365 1862 πρὸς
1396 1793 1457 1844 τὸ
1489 1794 1695 1861 ὁμόφυ-

132 1872 231 1926 λον.
275 1877 593 1945 Διαγορεύει
646 1879 701 1931 δὲ
742 1881 836 1932 καὶ
884 1882 913 1932 6
967 1882 1131 1949 νόμος
1158 1900 1171 1913 ·
1215 1904 1233 1934 ι
1266 1885 1340 1937 Οῦ
1414 1886 1693 1955 παραδέξῃ

132 1963 289 2033 ἀκοὴν
322 1966 596 2033 ματαίαν·
629 1969 690 2021 οὐ
722 1971 1116 2042 συγκαταθήσῃ
1148 1975 1263 2041 μετ’
1304 1974 1491 2026 ἀδίκου
1542 1975 1694 2040 γενέ-

1723 836 1771 893 Δ

2335 858 2616 914 ΙΙΟΜΙΙᾸΑ
2657 861 2826 915 XXX.

2321 947 2396 1001 De
2436 954 2819 1005 susurrationc.

1869 1057 2081 1113 Rursus
2112 1075 2342 1114 susurro
2366 1068 2423 1113 et
2452 1060 2733 1115 detractor
2761 1063 3060 1133 compliees
3088 1080 3213 1120 cum
3238 1068 3369 1133 sint.

1799 1148 1855 1202 in
1905 1157 2204 1203 extremam
2245 1166 2399 1204 suam
2457 1152 2834 1220 operationem
2877 1156 3220 1224 conspirant.
3268 1157 3373 1212 Par

1797 1238 2068 1308 siquidem
2099 1250 2152 1293 et
2181 1258 2286 1295 una
2328 1250 2412 1295 est
2448 1244 2739 1313 utriusque
2772 1246 3041 1313 operatio,
3076 1255 3370 1315 utrumque

1799 1337 1946 1382 recta
2006 1329 2059 1382 in
2107 1331 2250 1384 viam
2302 1332 2581 1401 abripiens
2635 1334 2964 1402 perditionis
3014 1354 3027 1389 :
3072 1345 3370 1406 utrumque.

1797 1434 1922 1472 eum
1960 1419 2173 1474 infense
2217 1422 2433 1475 oderint
2477 1434 2533 1477 et
2584 1423 2724 1477 “('US
2771 1434 2827 1480 et
2874 1426 3147 1480 homines.
3196 1428 3370 1483 Exse-

1797 1512 2061 1566 crandum
2101 1515 2249 1567 enim
2281 1514 2641 1568 detractionis
2683 1518 2863 1571 scelus
2898 1527 3063 1587 atque
3108 1519 3366 1580 susurrii,

1798 1604 1852 1656 in
1889 1603 2082 1658 iisdem
2117 1608 2557 1675 comperiuntur,
2590 1610 3017 1665 contubernales
3060 1624 3187 1664 cum
3214 1610 3367 1665 sint:

1796 1711 1917 1762 qua:
1968 1711 2056 1748 res
2108 1695 2265 1749 facile
2301 1696 2509 1750 indicat
2562 1698 2753 1751 talium
2799 1699 2990 1763 vitam,
3043 1700 3203 1769 longe
3246 1717 3369 1757 esse

1797 1788 2382 1842 contaminatissimam
2438 1799 2600 1858 atque
2652 1790 2925 1859 impuram
2980 1792 3236 1846 maxime.
3289 1793 3369 1849 Ne

1797 1876 1965 1946 igitur
2007 1877 2063 1931 in
2096 1878 2412 1933 istiusmodi
2454 1879 2679 1933 vivendi
2711 1879 2923 1935 ratione
2952 1880 3113 1935 nobis
3142 1897 3371 1951 prorsus

1798 1967 2093 2022 interdicta
2148 1984 2212 2023 ac
2264 1969 2475 2023 nefaria
2537 1986 2974 2038 perseveremus,
3030 1983 3091 2026 ut
3140 1989 3211 2028 ne
3271 1973 3367 2028 Dei

135 2054 249 2107 σθαι
292 2058 504 2127 μάρτυς
534 2057 736 2124 ἄδικος.
774 2064 889 2115 Πᾶν
938 2063 1087 2131 ῥῆμα
1138 2066 1390 2133 πονηρὸν,
1421 2065 1693 2135 βδέλυγμα

1796 2056 2061 2127 iudicium
2086 2057 2463 2126 deprehendat
2493 2074 2594 2112 nos
2624 2060 2745 2112 sine
2776 2059 2981 2115 foedere
3015 2061 3127 2114 ullo
3159 2070 3216 2114 et
3237 2077 3371 2116 con-

133 2146 310 2217 Κυρίῳ
357 2151 523 2204 ἐστίν.
555 2171 572 2202 ι
618 2153 676 2204 Ὀ
730 2153 787 2206 δὲ
838 2153 1149 2221 σοφώτατος
1197 2156 1444 2223 Σολομὼν
1488 2175 1687 2224 φησιν·
1726 2192 1768 2250 Β

1796 2148 1951 2203 cordi
1991 2149 2313 2216 compagine
2357 2148 2642 2203 charitatis
2685 2150 2855 2204 fuisse
2891 2168 3018 2220 erga
3048 2151 3207 2205 nobis
3234 2167 3370 2206 con-

139 2253 154 2283 ι
181 2236 416 2307 Ψίθυρον
445 2241 541 2292 καὶ
561 2240 858 2308 δίγλωσσον
884 2243 1231 2312 καταρᾶσθαι
1255 2245 1404 2308 ἄξιον
1423 2262 1437 2278 ·
1464 2246 1691 2309 πολλοὺς

132 2330 231 2399 γάρ
262 2330 551 2385 ἀπώλεσαν
574 2334 979 2404 είρηνεύοντας.
1010 2355 1027 2385 ι
1068 2336 1177 2388 Καὶ
1205 2330 1381 2398 αὖθις·
1422 2357 1439 2387 ι
1467 2337 1691 2388 Γλῶσσα

130 2420 277 2492 δισσὴ
318 2423 549 2485 πολλοὺς
589 2425 911 2477 ἐσάλευσεν·
964 2427 992 2476 6
1030 2427 1310 2495 προσέχων
1344 2429 1479 2497 αὐτῇ
1512 2428 1573 2480 οὐ
1619 2426 1693 2496 μὴ

132 2508 260 2584 εὕρῃ
312 2513 645 2567 ἀνάπαυσιν.
678 2531 696 2564 ι
744 2514 851 2565 Καὶ
882 2513 1043 2567 πάλιν
1072 2530 1085 2543 ·
1131 2534 1150 2565 ι
1183 2516 1371 2587 Πληγὴ
1422 2515 1690 2586 γλώσσης,

133 2602 398 2672 συντρίϐει
447 2604 612 2655 ὀστᾶ·
649 2602 879 2665 θάνατος
924 2604 1032 2673 γάρ
1093 2607 1353 2675 πονηρὸς,
1400 2608 1428 2658 6
1465 2607 1693 2671 Θάνατος

130 2692 310 2761 αὐτῆς.
336 2712 354 2743 ι
401 2694 460 2747 ’0
493 2694 549 2746 δέ
576 2678 865 2764 προφήτης
918 2695 1233 2765 ’Δϐὕακούμ
1256 2713 1268 2724 ·
1304 2718 1321 2748 ι
1347 2699 1573 2768 Ἄνδρες
1621 2702 1696 2752 εἱ-

133 2785 332 2852 ρηνικοί
383 2802 480 2838 σου
525 2784 729 2855 ἔθηκαν
784 2786 1010 2855 ἐνέδραν
1061 2786 1321 2841 ὑποκάτω
1370 2806 1485 2842 σου.
1520 2809 1538 2840 ι
1588 2789 1695 2841 Kal

130 2879 155 2926 ὁ
192 2876 458 2948 Ἱερεμίας
503 2878 668 2945 φησίν
694 2893 708 2906 ·
752 2895 770 2927 ι
797 2878 953 2941 Ball;
983 2878 1377 2947 τιτρώσκουσα.
1414 2882 1445 2947 ἡ
1477 2880 1697 2945 γλῶσσα

130 2970 318 3025 αὐτῶν.
370 2972 483 3024 Καὶ
525 2970 674 3023 δόλια
701 2971 770 3023 τά
801 2972 1024 3042 ῥήματα
1056 2970 1289 3025 αὐτῶν.»
1337 2972 1395 3025 ὐ
1420 2973 1477 3024 δὲ
1509 2972 1691 3034 Arsia,

132 3060 445 3130 βουλόμενος
475 3061 778 3130 ἀποστῆναι
808 3063 1008 3124 αὐτοὺς
1031 3065 1129 3133 τῆς
1149 3062 1443 3132 δυσμενίας
1467 3062 1693 3130 ταύτης,

130 3153 497 3223 παραγγέλλει
524 3152 728 3220 λέγων·
769 3174 786 3205 ι
820 3153 1039 3206 Παῦσον
1066 3153 1162 3223 τὴν
1188 3154 1435 3222 γλῶσσάν
1468 3172 1561 3207 σου
1589 3156 1697 3207 ἀπὸ

130 3244 312 3308 κακοῦ,
347 3247 447 3297 καὶ
494 3246 649 3315 χείλη
701 3263 817 3309 σου,
872 3247 967 3299 τοῦ
1007 3247 1083 3315 μὴ
1110 3246 1342 3317 λαλῆσαι
1363 3248 1535 3300 δόλον.
1568 3266 1585 3299 ι
1616 3248 1698 3299 El-

127 3333 221 3395 δὼς
260 3318 332 3387 ’δὲ
389 3335 572 3388 αὐτῶν
621 3336 681 3388 τὸ
736 3337 942 3406 ἀπηνὲς
996 3338 1095 3404 τῆς
1151 3336 1398 3407 γνώμης,
1460 3337 1693 3406 ἐπάγει·

133 3426 354 3495 «Tiso;
392 3427 743 3497 ἀνεῳγμένος
792 3430 820 3480 6
867 3428 1076 3495 λάρυγξ
1125 3428 1325 3493 αὐτῶν,
1357 3432 1476 3491 ταῖς
1520 3429 1694 3497 γλώσ-

1794 2255 2074 2308 generem.
2097 2238 2429 2293 Cavetenitn
2454 2240 2775 2295 interdictio
2801 2243 2888 2296 lex
2918 2242 2971 2295 id
3006 2242 3125 2297 fieri
3152 2260 3165 2295 :
3196 2262 3213 2293 ι
3248 2243 3368 2298 Non

1794 2329 2052 2384 admittes
2101 2330 2444 2384 auditionem
2490 2346 2719 2395 vanam,
2771 2348 2881 2385 non
2938 2333 3161 2388 sedcbis
3202 2333 3370 2388 simul

1795 2435 1918 2473 cum
1959 2420 2169 2488 iniquo,
2215 2428 2273 2473 ut
2320 2421 2397 2476 sis
2434 2422 2590 2476 testis
2635 2422 2879 2492 iniquus.
2931 2422 3104 2478 Omne
3138 2424 3369 2479 verbum

1795 2512 2136 2583 improbum,
2191 2514 2496 2568 exsecratio
2545 2522 2632 2568 est
2685 2515 2831 2584 apud
2882 2515 3175 2570 Dominum
3223 2518 3288 2571 ⁸⁵.
3342 2535 3363 2570 ο

1794 2604 2052 2659 Salomon
2087 2605 2218 2659 item
2244 2622 2256 2658 :
2286 2606 2500 2676 1079
2532 2624 2550 2657 ι
2584 2606 2955 2661 Susurronem
2982 2616 3037 2663 et
3068 2608 3369 2679 bilinguem

1795 2695 2047 2749 maledici
2096 2696 2321 2767 dignum
2376 2708 2488 2762 est,
2541 2697 2747 2752 multos
2799 2699 2947 2753 enim
3006 2698 3375 2768 perdiderunt

1795 2802 1988 2856 pacem
2035 2788 2309 2843 habentes
2347 2790 2410 2843 ¹⁶.
2452 2808 2469 2840 ι
2518 2789 2734 2843 Rursus
2777 2806 2790 2842 :
2841 2809 2857 2839 ι
2899 2789 3109 2859 Lingua
3143 2790 3370 2860 duplex,

1797 2880 1999 2933 multos
2028 2879 2329 2933 commovit
2362 2895 2552 2948 pacem
2584 2880 2882 2942 trahentes;
2918 2880 3010 2946 qui
3040 2879 3272 2935 attendit
3296 2882 3371 2947 ei,

1796 2986 1905 3024 non
1942 2970 2151 3025 invenit
2192 2971 2442 3038 requiem
2470 2970 2534 3023 ¹⁴¹.
2572 2989 2591 3021 ι
2633 2970 2837 3024 lterum
2870 2987 2883 3023 ε
2925 2990 2943 3020 ι
2979 2972 3141 3041 Plaga
3171 2971 3375 3040 lingua:

1795 3062 2035 3115 conterit
2079 3077 2203 3116 ossa
2228 3062 2291 3127 ",
2325 3077 2477 3115 mors
2525 3060 2673 3116 enim
2724 3062 2863 3114 mala
2904 3078 3052 3116 mors
3097 3063 3219 3134 ejus
3243 3064 3306 3117 ι’,
3348 3082 3368 3117 ι

1796 3149 2071 3219 Propheta
2119 3166 2337 3219 quoque
2372 3148 2669 3205 llabacuc:
2707 3169 2725 3202 ι
2764 3150 2875 3205 Viri
2910 3151 3123 3221 pacifici
3168 3153 3247 3206 tui
3277 3169 3374 3223 po-

1797 3250 2028 3296 suerunt
2074 3241 2303 3296 insidias
2340 3242 2631 3296 adversum
2675 3249 2727 3296 te
2756 3243 2822 3296 ¹⁰.
2864 3261 2882 3292 ι
2925 3242 3197 3299 Jeremias
3239 3244 3371 3300 item

1797 3335 1910 3387 ait:
1946 3353 1963 3384 ι
1996 3333 2245 3389 Jaculum
2276 3335 2575 3388 vulnerans
2611 3334 2796 3403 lingua
2827 3349 3017 3388 eorum
3052 3334 3117 3388 “.
3156 3354 3171 3385 ι
3201 3335 3371 3390 David

1796 3425 2027 3493 insuper
2067 3426 2200 3479 istos
2239 3440 2469 3479 avocare
2512 3425 2743 3493 cupiens
2775 3424 2843 3477 ab
2883 3426 2985 3479 hac
3029 3426 3374 3483 immanitate

129 3530 238 3578 σαις
265 3517 449 3569 αὐτῶν
475 3518 803 3583 ἐδολιοῦσαν,
836 3520 1026 3588 κρίνον
1055 3520 1253 3583 αὐτοὺς
1283 3523 1309 3573 6
1333 3520 1483 3585 Θεὸς,
1506 3522 1587 3573 ὅτι
1615 3521 1689 3582 ἰὸς
1717 3533 1758 3589 c

1796 3517 2084 3584 plusquam
2124 3516 2334 3578 hostili,
2369 3514 2743 3585 praaeipiendo
2772 3514 2907 3568 dicit
2935 3532 2947 3567 :
2977 3533 2995 3564 ι
3034 3514 3235 3570 Averte
3263 3517 3374 3571 lin-

127 3607 356 3661 ἀσπίδων
387 3608 493 3661 ὑπὸ
522 3608 589 3661 τά
617 3608 773 3679 χείλη
803 3609 1004 3662 αὐτῶν.
1027 3611 1163 3662 Κατ’
1189 3610 1324 3678 ἐμοῦ
1349 3611 1461 3680 γὰρ
1508 3611 1692 3680 ἐψιθύο

127 3698 264 3767 ριζον
281 3701 483 3761 πάντες
498 3702 547 3753 οί
570 3700 753 3771 ἐχθροί
779 3719 901 3771 μου,
920 3703 1042 3753 κατ’
1065 3702 1200 3771 ἐμοῦ
1218 3702 1523 3770 ἐλογίζοντο
1550 3705 1697 3756 κακά

129 3807 241 3859 μοι·
270 3791 432 3860 λόγον
468 3793 787 3862 παράνομον
819 3792 1113 3846 κατέθεντο
1140 3797 1263 3847 κατ’
1293 3795 1430 3864 ἐμοῦ
1453 3813 1467 3826 ·
1492 3816 1510 3849 ι
1557 3796 1697 3850 Ἀλλ’

133 3899 150 3931 ι
184 3881 633 3936 Ἐνδυσάσθωσαν
662 3884 710 3935 οί
746 3883 1186 3947 ἐνδιαϐάλλοντές
1218 3903 1306 3955 με,
1338 3888 1605 3959 ἐντροπὴν
1626 3906 1638 3917 ·
1672 3907 1688 3938 ι

125 3967 225 4020 Καί
256 3986 269 3998 ·
303 3988 322 4021 ι
349 3970 875 4039 Περιϐαλλέσθωσαν
900 4010 917 4035 ,
976 3973 1053 4037 ώς
1097 3973 1374 4041 διπλοΐδα,
1431 3977 1695 4047 αἰσχύνην

125 4058 315 4113 αὐτῶν.
339 4079 358 4111 ι
398 4063 513 4115 Kal
540 4062 835 4131 ἐπεύχεται
875 4063 1049 4131 λέγων
1072 4081 1087 4096 ·
1132 4085 1149 4116 ι
1173 4066 1364 4131 Κύριε,
1393 4067 1554 4137 ῥῦσαι
1592 4071 1693 4140 τὴν

123 4149 296 4220 ψυχήν
328 4170 431 4223 μου
479 4154 586 4207 ἀπὸ
633 4156 857 4223 χειλέων
900 4154 1123 4222 ἀδίκων,
1168 4159 1263 4211 καὶ
1307 4159 1414 4212 ἀπὸ
1439 4160 1694 4231 γλώσσης

122 4239 309 4306 δολίας.
339 4260 361 4295 ι
409 4243 574 4297 Ἀλλά
617 4246 761 4315 κάμὲ
818 4246 1019 4309 αὐτῶν,
1063 4267 1082 4301 ι
1118 4249 1253 4302 Ἀπὸ
1297 4250 1408 4304 τῶν
1451 4252 1695 4323 κρυφίων

128 4354 222 4403 μου
254 4338 555 4411 καθάρισὸν
605 4356 696 4410 με,
738 4341 833 4394 καὶ
867 4342 975 4395 ἀπὸ
1022 4342 1322 4413 ἀλλοτρίων
1373 4348 1556 4413 φεῖσαι
1598 4347 1692 4399 τοῦ

124 4428 299 4483 δούλου
340 4448 460 4496 σου,
515 4430 603 4485 ἵνα
629 4431 862 4501 ἄμωμος
912 4434 1182 4503 γένωμαι.
1211 4453 1231 4486 ι
1273 4436 1385 4489 Kal
1424 4438 1452 4489 6
1495 4437 1696 4507 Παροι-

127 4518 350 4589 μιαστὴς
379 4520 689 4573 ἐντέλλεται
710 4520 909 4588 λέγων·
937 4539 955 4573 ι
976 4523 1067 4593 Μὴ
1092 4522 1297 4594 κληθῇς
1320 4525 1568 4596 ψίθυρος,
1601 4528 1695 4579 καὶ

123 4609 183 4677 τῇ
211 4608 433 4683 γλώσσῃ
470 4627 562 4663 σου
620 4614 694 4681 μὴ
732 4613 981 4683 ἐνέδρευε
1004 4629 1017 4643 ·
1053 4614 1271 4682 μολύνει
1316 4617 1425 4688 γάρ
1454 4616 1551 4687 τὴν
1576 4618 1694 4672 ἐαυ-

122 4697 209 4750 τοῦ
235 4698 413 4769 ψυχὴν
439 4701 468 4753 6
491 4701 738 4771 ψίθυρος.
771 4704 939 4776 Ἀνὴρ
981 4705 1091 4774 γὰρ
1126 4705 1491 4775 εὐμετάϐολος
1514 4708 1691 4777 γλώσ-

126 4804 209 4861 σῃ,
240 4791 564 4860 ἐμπεσεῖται
611 4795 692 4855 είς
729 4794 894 4848 κακά.
921 4814 940 4845 ι
1006 4796 1117 4849 Kal
1162 4795 1323 4849 πάλιν
1351 4813 1365 4827 ο
1402 4817 1420 4850 ι
1452 4799 1692 4862 Θάνατος

1799 3623 1958 3675 guam
1989 3616 2134 3661 tuam
2176 3624 2205 3661 a
2253 3607 2418 3670 malo,
2443 3614 2500 3658 et
2539 3606 2684 3659 labia
2719 3616 2809 3661 tua
2840 3622 2909 3661 ne
2942 3606 3242 3676 loquantur
3272 3608 3374 3663 do—

1800 3700 1911 3751 lum
1945 3701 2010 3751 ".
2061 3717 2078 3750 ι
2110 3699 2378 3769 Quodque
2429 3712 2773 3769 perspectam
2819 3700 3053 3754 haberet
3090 3700 3373 3755 efferatam

1798 3799 1963 3859 atque
1998 3790 2265 3845 minacem
2292 3792 2592 3846 voluntatis
2627 3791 2857 3846 istorum
2892 3790 3177 3858 ferociam,
3212 3791 3377 3847 indu-

1797 3883 1872 3935 eit
1902 3924 1913 3935 .
1945 3901 1964 3933 ‹
1994 3882 2315 3953 Sepulcrum
2334 3892 2529 3952 patens
2573 3893 2659 3938 est
2704 3892 2895 3953 guttur
2921 3899 3114 3937 eorum
3135 3899 3150 3947 ;
3171 3883 3377 3955 linguis

1797 3973 1912 4025 suis
1957 3972 2144 4025 dolose
2191 3971 2457 4040 agebant,
2503 3971 2688 4042 judica
2742 3972 2886 4035 illos,
2933 3971 3079 4026 Deus
3117 3973 3198 4038 ²³;
3245 3973 3375 4043 quia

1798 4078 2068 4116 venenum
2122 4063 2375 4131 aspidum
2423 4063 2527 4117 sub
2570 4062 2733 4117 labiis
2784 4078 2977 4115 eorum
3019 4063 3063 4092 "
3113 4064 3375 4119 :etenim

1796 4154 2087 4209 adversum
2146 4170 2233 4207 me
2292 4153 2659 4208 susurrabant
2711 4169 2905 4208 omnes
2968 4153 3180 4209 inimici
3231 4155 3371 4221 mei,

1795 4246 2089 4300 adversum
2133 4260 2220 4299 me
2249 4245 2563 4314 cogitabant
2608 4246 2748 4299 mala
2795 4244 2952 4298 mihi.
2987 4244 3229 4300 Verbum
3270 4245 3377 4300 ini-

1796 4354 1964 4407 quum
2010 4337 2416 4391 constituerunt
2462 4335 2756 4391 adversum
2812 4351 2900 4390 me
2939 4336 3009 4389 ’⁸.
3057 4355 3074 4387 ι
3116 4334 3223 4391 Sed
3261 4345 3321 4392 et
3356 4355 3372 4393 :

1804 4449 1820 4480 ι
1856 4427 2158 4482 lnduantur
2191 4427 2286 4496 qui
2311 4426 2613 4481 detrahunt
2654 4427 2811 4491 mihi,
2844 4426 3060 4496 pudore
3090 4428 3155 4480 ".
3189 4446 3208 4479 ι
3245 4426 3315 4482 Et
3348 4446 3363 4481 :

1803 4538 1821 4570 ι
1858 4519 2160 4573 lnduantur
2207 4517 2352 4571 sicut
2402 4517 2647 4588 diploide
2690 4518 3012 4573 confusione
3052 4534 3151 4573 sua
3170 4519 3240 4584 ",
3275 4518 3373 4590 qui

1796 4610 1987 4665 dicunt
2022 4610 2178 4673 mihi,
2223 4611 2397 4679 Euge,
2428 4626 2565 4680 euge
2592 4610 2659 4663 ’⁸.
2704 4628 2722 4661 ι
2757 4609 2986 4681 Sibique
3014 4617 3371 4680 apprecatur,

1794 4703 2028 4757 dicens:
2067 4721 2085 4754 ι
2119 4703 2380 4767 Domine,
2421 4702 2594 4756 libera
2638 4702 2875 4757 animam
2919 4718 3099 4758 meam
3140 4719 3171 4757 a
3211 4702 3375 4759 labiis

1796 4797 1998 4866 iniquis
2018 4805 2075 4850 et
2105 4812 2134 4849 a
2156 4795 2340 4877 lingua
2369 4794 2558 4849 dolosa
2584 4797 2649 4848 ”.
2689 4815 2706 4846 ι
2742 4794 2847 4851 Sed
2873 4804 2930 4850 et
2955 4795 3227 4865 meipsum
3255 4812 3275 4847 ι
3302 4794 3373 4850 ab

124 4882 209 4934 καὶ
248 4882 359 4955 ζωὴ
394 4884 454 4937 ἐν
482 4885 626 4956 χειρὶ
672 4884 929 4968 γλώσσης
959 4903 974 4917 ·
1026 4888 1073 4939 οί
1124 4888 1181 4941 δὲ
1240 4888 1567 4958 κρατοῦντες
1589 4890 1690 4943 αὐ·
1724 4868 1769 4923 Ῑ)

1798 4887 2030 4943 occultis
2063 4868 2202 4942 meis
2235 4886 2437 4940 munda
2472 4902 2580 4949 me,
2612 4896 2669 4941 et
2698 4887 2766 4939 ah
2796 4887 2994 4942 alienis
3022 4903 3184 4954 parce
3214 4901 3375 4943 servo

122 4971 235 5040 τῆς.
270 4973 483 5028 ἔδονται
549 4976 677 5039 τοὺς
729 4977 978 5049 καρποὺς
1053 4977 1243 5048 αὐτῆς.
1273 4996 1292 5029 ι
1357 4980 1469 5033 Kal
1518 4982 1547 5034 6
1586 4980 1686 5035 Ἰά·

123 5063 288 5127 κωσος
315 5081 328 5095 ·
368 5086 386 5117 ι
413 5066 481 5119 Εἴ
515 5083 598 5128 τις
638 5067 785 5120 δοκεῖ
816 5066 1055 5136 θρῆσκος
1078 5063 1238 5131 εἶναι,
1269 5070 1343 5141 μὴ
1385 5070 1688 5140 χαλιναγω-

123 5153 226 5219 γῶν
262 5156 517 5225 γλῶσσαν
562 5157 753 5219 αὐτοῦ,
789 5159 905 5212 ἀλλ’
946 5158 1171 5213 απατῶν
1220 5162 1446 5231 καρδίαν
1496 5163 1686 5227 αὐτοῦ,

122 5246 303 5299 τούτου
350 5248 582 5317 μάταιος
628 5251 661 5320 ἡ
710 5248 1013 5321 θρησκεία·
1044 5270 1061 5299 ι
1098 5250 1208 5304 Kal
1237 5251 1468 5319 ἐπάγει·
1498 5273 1516 5304 ι
1560 5254 1689 5307 Ἰδοὺ

123 5336 299 5405 ἡλίκον
330 5340 445 5410 πῦρ
478 5341 673 5411 ἡλίκην
711 5341 842 5410 ὓλην
872 5344 1126 5397 ἀνάπτει.
1151 5361 1169 5393 ι
1202 5343 1308 5396 Καί
1336 5360 1348 5373 ·
1375 5362 1393 5394 ι
1432 5346 1494 5397 'll
1517 5344 1690 5412 γλῶσ-

124 5442 186 5480 σα
239 5429 373 5500 πῦρ,
429 5431 460 5484 6
505 5432 713 5501 κόσμος
764 5435 863 5500 τῆς
916 5432 1150 5496 ἀδικίας.
1182 5454 1327 5486 ›-ι
1365 5436 1431 5487 'H
1470 5436 1690 5503 γλῶσσα

192 5544 228 5573 ¹¹
257 5544 449 5597 Matth.
484 5560 578 5608 xu,
604 5546 696 5599 24.
810 5546 851 5577 ⁸³
878 5546 1012 5600 ibid.
1041 5549 1130 5607 ‘27,
1161 5548 1253 5601 ‘28.

127 5608 203 5668 15·
285 5614 325 5643 ¹⁶
355 5613 527 5668 Eccli.
556 5632 743 5678 ιιι-ιιι,
784 5617 865 5669 l5.
946 5618 985 5647 ¹⁷
1021 5618 1154 5671 ibid.
1187 5621 1278 5671 ‘20.
1356 5619 1399 5649 "
1433 5608 1564 5672 ihid.
1593 5608 1693 5674 El.

122 5679 164 5749 ξ’
199 5682 335 5736 Psal.
401 5699 587 5747 antu,
645 5686 726 5738 li.
830 5688 876 5717 ’³
913 5687 1053 5741 Ρδιιι,
1083 5704 1135 5749 γ,
1170 5688 1252 5739 ιι,

123 5747 163 5778 ’⁸
192 5750 513 5877 ιἐαΙ.¹ἑ.ιιιι,
545 5755 589 5809 l.
693 5756 822 5809 ":27
846 5756 986 5812 l'sal.
1049 5747 1187 5819 cxiii,
1217 5760 1268 5811 Ξ.

125 5834 294 5877 “VIII.
398 5860 415 5877 .

125 5834 151 5872 ἐ
166 5837 294 5881 (illi.
330 5834 415 5878 15.

1367 5551 1409 5578 ”
1441 5549 1604 5616 Lege,
1632 5549 1941 5609 Beelzebub.
1970 5549 2169 5602 idolum
2206 5563 2415 5601 muscar.

1775 5622 1816 5652 ‘9
1849 5620 1982 5673 ibid.
2015 5620 2104 5672 ‘25.

1366 5690 1412 5719 "
1442 5689 1582 5742 Psal.
1620 5706 1732 5753 xm,
1763 5691 1817 5742 5.

1351 5759 1391 5785 "‘
1424 5759 1559 5814 l'sal.
1596 5776 1744 5825 xvtu,
1773 5762 1853 5821 l3,
1894 5759 1948 5814 ll
2050 5761 2089 5789 δ’
2115 5759 2281 5813 Plu-li.
2313 5774 2364 5821 ν,
2400 5758 2475 5811 ιο.
2557 5759 2597 5788 ³’
2626 5757 2790 5813 Eccli.
2820 5773 2926 5822 χχι,
2958 5757 3045 5810 51.

1794 4988 1919 5044 tuo,
1973 4988 2036 5033 ut
2086 4978 2469 5034 immaculatus
2513 4978 2719 5033 elliciar
2750 4979 2817 5033 ³ο.
2865 4998 2884 5031 ι
2933 4979 3099 5034 Jubet
3150 4993 3374 5049 quoque

1790 5069 2175 5126 Parmmiastes
2209 5087 2224 5124 :
2272 5089 2290 5120 ι
2325 5070 2405 5124 Ne
2438 5070 2655 5125 voceris
2692 5085 2942 5135 susurro,
2971 5077 3028 5124 et
3058 5069 3245 5140 lingua
3278 5077 3373 5125 tua

1792 5180 1860 5218 ne
1892 5163 1983 5219 cui
2029 5162 2271 5217 moliaris
2304 5161 2564 5228 insidias;
2589 5163 2629 5194 "
2665 5177 2821 5216 suam
2860 5161 3011 5217 enim
3037 5160 3212 5231 ipsius
3248 5160 3370 5215 ani-

1794 5272 1937 5310 mam
1989 5255 2240 5324 inquinat
2284 5270 2511 5309 susurro
2539 5255 2612 5319 ⁹¹;
2656 5254 2742 5307 vir
2771 5254 2920 5308 enim
2968 5252 3372 5308 incontinentis

1791 5345 1990 5413 linguae
2021 5351 2142 5396 ruet
2175 5342 2229 5397 in
2262 5343 2402 5397 mala
2432 5343 2498 5396 ³³.
2537 5361 2555 5393 ι
2599 5343 2838 5397 Rursum
2875 5359 2886 5395 :
2927 5359 2945 5392 ι
2984 5341 3138 5395 Mors
3172 5348 3230 5398 et
3262 5342 3376 5397 vita

1796 5438 1850 5490 in
1880 5451 2041 5489 manu
2063 5434 2295 5503 lingute;
2322 5433 2416 5503 qui
2436 5442 2620 5488 autem
2645 5422 3006 5489 dominantur
3027 5438 3171 5507 ejus,
3195 5448 3322 5489 com
3341 5448 3373 5491 e

2530 5548 2572 5578 ⁸⁸
2608 5548 2779 5602 Exod.
2838 5564 2927 5613 xx,
2963 5547 3025 5609 7;
3060 5546 3234 5601 Levit.
3262 5563 3373 5614 xu,

2534 5634 2757 5671 xxxvru.
2796 5618 2887 5671 9.2.
2991 5619 3034 5648 “
3063 5616 3175 5671 Jer.
3214 5632 3288 5671 ιιι.
3319 5616 3372 5671 8'.

3096 5632 3175 5671 er.
3214 5632 3288 5678 IX.
3319 5632 3372 5671 δ.

3160 5686 3204 5719 ”
3237 5686 3373 5741 ibid.

3122 5756 3165 5789 ³³
3203 5754 3371 5812 Eccli.

2183 5620 2228 5651 ²⁰
2256 5619 2367 5672 Ιιιιο
2395 5618 2505 5672 .lcr.
2534 5634 2757 5682 xxxvnl,
2796 5618 2887 5671 9.2.

1932 5691 1975 5721 "
2001 5690 2141 5743 Psal.
2178 5706 2265 5744 XL.
2292 5691 2345 5747 8,
2374 5688 2425 5739 9.
2529 5691 2573 5718 "‘
2604 5689 2719 5742 Psul
2765 5704 2909 5747 cvm.
2959 5688 3048 5742 29.
