  <div class='ocr_page' id='page_1' title='image "/cluster/home/n/w/nwhite01/storage/ocr_20150623/89/nnc1.0046980172/793.png"; bbox 0 0 4178 6436; ppageno 0'>
   <div class='ocr_carea' id='block_1_1' title="bbox 723 309 858 373">
    <p class='ocr_par' dir='ltr' id='par_1_1' title="bbox 723 309 858 373">
     <span class='ocr_line' id='line_1_1' title="bbox 723 309 858 373; baseline 0.03 -4"><span class='ocrx_word' id='word_1_1' title='bbox 723 309 740 369; x_wconf 87' lang='grc'>1</span> <span class='ocrx_word' id='word_1_2' title='bbox 752 311 858 373; x_wconf 80' lang='grc'><strong>535</strong></span> 
     </span>
    </p>
   </div>
   <div class='ocr_carea' id='block_1_2' title="bbox 717 420 1717 489">
    <p class='ocr_par' dir='ltr' id='par_1_2' title="bbox 717 420 1717 489">
     <span class='ocr_line' id='line_1_2' title="bbox 717 420 1717 489; baseline 0 -15"><span class='ocrx_word' id='word_1_3' title='bbox 717 423 851 474; x_wconf 81' lang='lat' dir='ltr'><strong>dent</strong></span> <span class='ocrx_word' id='word_1_4' title='bbox 888 420 1102 474; x_wconf 78' lang='lat' dir='ltr'><strong>fruetus</strong></span> <span class='ocrx_word' id='word_1_5' title='bbox 1132 422 1250 489; x_wconf 89' lang='lat' dir='ltr'><strong>ejus</strong></span> <span class='ocrx_word' id='word_1_6' title='bbox 1275 421 1336 472; x_wconf 65' lang='grc'><strong>³⁸.</strong></span> <span class='ocrx_word' id='word_1_7' title='bbox 1377 441 1392 467; x_wconf 73' lang='grc' dir='ltr'><strong>ι</strong></span> <span class='ocrx_word' id='word_1_8' title='bbox 1422 421 1658 475; x_wconf 83' lang='lat' dir='ltr'><strong>Jacohus</strong></span> <span class='ocrx_word' id='word_1_9' title='bbox 1702 436 1717 474; x_wconf 93' lang='lat'><strong>:</strong></span> 
     </span>
    </p>
   </div>
   <div class='ocr_carea' id='block_1_3' title="bbox 721 512 2296 583">
    <p class='ocr_par' dir='ltr' id='par_1_3' title="bbox 721 512 2296 583">
     <span class='ocr_line' id='line_1_3' title="bbox 721 512 2296 583; baseline 0.003 -19"><span class='ocrx_word' id='word_1_10' title='bbox 721 512 1010 581; x_wconf 86' lang='lat' dir='ltr'><strong>religiosus</strong></span> <span class='ocrx_word' id='word_1_11' title='bbox 1050 528 1193 575; x_wconf 85' lang='lat' dir='ltr'><strong>esse,</strong></span> <span class='ocrx_word' id='word_1_12' title='bbox 1227 528 1337 581; x_wconf 85' lang='lat' dir='ltr'><strong>non</strong></span> <span class='ocrx_word' id='word_1_13' title='bbox 1381 512 1678 567; x_wconf 80' lang='lat' dir='ltr'><strong>reframans</strong></span> <span class='ocrx_word' id='word_1_14' title='bbox 1713 514 1952 583; x_wconf 79' lang='lat' dir='ltr'><strong>linguam</strong></span> <span class='ocrx_word' id='word_1_15' title='bbox 1981 531 2160 578; x_wconf 88' lang='lat' dir='ltr'><strong>suam,</strong></span> <span class='ocrx_word' id='word_1_16' title='bbox 2198 516 2296 569; x_wconf 89' lang='lat' dir='ltr'><strong>scd</strong></span> 
     </span>
    </p>
   </div>
   <div class='ocr_carea' id='block_1_4' title="bbox 719 602 2294 675">
    <p class='ocr_par' dir='ltr' id='par_1_4' title="bbox 719 602 2294 675">
     <span class='ocr_line' id='line_1_4' title="bbox 719 602 2294 675; baseline 0.001 -19"><span class='ocrx_word' id='word_1_17' title='bbox 719 602 991 656; x_wconf 84' lang='lat' dir='ltr'><strong>sedueens</strong></span> <span class='ocrx_word' id='word_1_18' title='bbox 1045 619 1140 656; x_wconf 87' lang='lat' dir='ltr'><strong>cor</strong></span> <span class='ocrx_word' id='word_1_19' title='bbox 1190 620 1373 664; x_wconf 86' lang='lat' dir='ltr'><strong>suum,</strong></span> <span class='ocrx_word' id='word_1_20' title='bbox 1420 605 1584 673; x_wconf 83' lang='lat' dir='ltr'><strong>huius</strong></span> <span class='ocrx_word' id='word_1_21' title='bbox 1636 621 1774 658; x_wconf 90' lang='lat' dir='ltr'><strong>vana</strong></span> <span class='ocrx_word' id='word_1_22' title='bbox 1821 616 1906 659; x_wconf 86' lang='lat' dir='ltr'><strong>est</strong></span> <span class='ocrx_word' id='word_1_23' title='bbox 1961 607 2150 675; x_wconf 90' lang='lat' dir='ltr'><strong>religio</strong></span> <span class='ocrx_word' id='word_1_24' title='bbox 2174 607 2238 660; x_wconf 84' lang='grc'><strong>³⁵.</strong></span> <span class='ocrx_word' id='word_1_25' title='bbox 2276 627 2294 658; x_wconf 74' lang='grc' dir='ltr'><strong>ι</strong></span> 
     </span>
    </p>
   </div>
   <div class='ocr_carea' id='block_1_5' title="bbox 723 695 2296 768">
    <p class='ocr_par' dir='ltr' id='par_1_5' title="bbox 723 695 2296 768">
     <span class='ocr_line' id='line_1_5' title="bbox 723 695 2296 768; baseline 0.003 -20"><span class='ocrx_word' id='word_1_26' title='bbox 723 695 936 748; x_wconf 91' lang='lat' dir='ltr'><strong>Inducit</strong></span> <span class='ocrx_word' id='word_1_27' title='bbox 984 713 995 746; x_wconf 92' lang='lat'>:</span> <span class='ocrx_word' id='word_1_28' title='bbox 1047 715 1062 745; x_wconf 78' lang='grc' dir='ltr'><strong>ι</strong></span> <span class='ocrx_word' id='word_1_29' title='bbox 1118 696 1257 749; x_wconf 72' lang='lat' dir='ltr'><strong>Ecce</strong></span> <span class='ocrx_word' id='word_1_30' title='bbox 1304 705 1545 764; x_wconf 88' lang='lat' dir='ltr'><strong>quantus</strong></span> <span class='ocrx_word' id='word_1_31' title='bbox 1599 698 1768 763; x_wconf 83' lang='lat' dir='ltr'><strong>ignis,</strong></span> <span class='ocrx_word' id='word_1_32' title='bbox 1822 713 1985 766; x_wconf 92' lang='lat' dir='ltr'><strong>quam</strong></span> <span class='ocrx_word' id='word_1_33' title='bbox 2047 716 2296 768; x_wconf 87' lang='lat' dir='ltr'><strong>magnam</strong></span> 
     </span>
    </p>
   </div>
   <div class='ocr_carea' id='block_1_6' title="bbox 720 786 2298 859">
    <p class='ocr_par' dir='ltr' id='par_1_6' title="bbox 720 786 2298 859">
     <span class='ocr_line' id='line_1_6' title="bbox 720 786 2298 859; baseline 0.005 -22"><span class='ocrx_word' id='word_1_34' title='bbox 720 786 911 838; x_wconf 78' lang='lat' dir='ltr'><strong>silvam</strong></span> <span class='ocrx_word' id='word_1_35' title='bbox 948 787 1195 840; x_wconf 89' lang='lat' dir='ltr'><strong>incendit</strong></span> <span class='ocrx_word' id='word_1_36' title='bbox 1221 789 1296 841; x_wconf 60' lang='lat'><strong>3“!</strong></span> <span class='ocrx_word' id='word_1_37' title='bbox 1336 807 1353 838; x_wconf 71' lang='grc' dir='ltr'><strong>ι</strong></span> <span class='ocrx_word' id='word_1_38' title='bbox 1386 787 1455 841; x_wconf 80' lang='lat' dir='ltr'><strong>Et</strong></span> <span class='ocrx_word' id='word_1_39' title='bbox 1486 808 1497 842; x_wconf 90' lang='lat'><strong>:</strong></span> <span class='ocrx_word' id='word_1_40' title='bbox 1533 808 1549 838; x_wconf 77' lang='grc' dir='ltr'><strong>ι</strong></span> <span class='ocrx_word' id='word_1_41' title='bbox 1581 790 1788 859; x_wconf 84' lang='lat' dir='ltr'><strong>Lingua</strong></span> <span class='ocrx_word' id='word_1_42' title='bbox 1822 791 1985 859; x_wconf 84' lang='lat' dir='ltr'><strong>ignis,</strong></span> <span class='ocrx_word' id='word_1_43' title='bbox 2022 792 2298 846; x_wconf 85' lang='lat' dir='ltr'><strong>universi-</strong></span> 
     </span>
    </p>
   </div>
   <div class='ocr_carea' id='block_1_7' title="bbox 724 876 2297 949">
    <p class='ocr_par' dir='ltr' id='par_1_7' title="bbox 724 876 2297 949">
     <span class='ocr_line' id='line_1_7' title="bbox 724 876 2297 949; baseline 0.006 -22"><span class='ocrx_word' id='word_1_44' title='bbox 724 887 806 930; x_wconf 89' lang='lat' dir='ltr'><strong>tas</strong></span> <span class='ocrx_word' id='word_1_45' title='bbox 858 876 1167 946; x_wconf 89' lang='lat' dir='ltr'><strong>iniquitatis</strong></span> <span class='ocrx_word' id='word_1_46' title='bbox 1208 879 1274 931; x_wconf 84' lang='grc'><strong>³⁷.</strong></span> <span class='ocrx_word' id='word_1_47' title='bbox 1327 897 1347 931; x_wconf 73' lang='grc' dir='ltr'><strong>ι</strong></span> <span class='ocrx_word' id='word_1_48' title='bbox 1390 880 1501 933; x_wconf 83' lang='lat' dir='ltr'><strong>Et:</strong></span> <span class='ocrx_word' id='word_1_49' title='bbox 1544 900 1561 930; x_wconf 84' lang='grc' dir='ltr'><strong>ι</strong></span> <span class='ocrx_word' id='word_1_50' title='bbox 1599 880 1805 949; x_wconf 85' lang='lat' dir='ltr'><strong>Lingua</strong></span> <span class='ocrx_word' id='word_1_51' title='bbox 1851 884 2209 936; x_wconf 87' lang='lat' dir='ltr'><strong>constituitur</strong></span> <span class='ocrx_word' id='word_1_52' title='bbox 2243 885 2297 937; x_wconf 93' lang='lat' dir='ltr'><strong>in</strong></span> 
     </span>
    </p>
   </div>
   <div class='ocr_carea' id='block_1_8' title="bbox 724 968 2301 1043">
    <p class='ocr_par' dir='ltr' id='par_1_8' title="bbox 724 968 2301 1043">
     <span class='ocr_line' id='line_1_8' title="bbox 724 968 2301 1043; baseline 0.007 -24"><span class='ocrx_word' id='word_1_53' title='bbox 724 968 989 1021; x_wconf 78' lang='lat' dir='ltr'><strong>membris</strong></span> <span class='ocrx_word' id='word_1_54' title='bbox 1040 970 1276 1036; x_wconf 89' lang='lat' dir='ltr'><strong>nostris,</strong></span> <span class='ocrx_word' id='word_1_55' title='bbox 1324 986 1445 1039; x_wconf 75' lang='lat' dir='ltr'><strong>qua:</strong></span> <span class='ocrx_word' id='word_1_56' title='bbox 1490 972 1725 1026; x_wconf 82' lang='lat' dir='ltr'><strong>maculat</strong></span> <span class='ocrx_word' id='word_1_57' title='bbox 1770 982 1944 1026; x_wconf 91' lang='lat' dir='ltr'><strong>totum</strong></span> <span class='ocrx_word' id='word_1_58' title='bbox 1990 989 2211 1043; x_wconf 89' lang='lat' dir='ltr'><strong>corpus,</strong></span> <span class='ocrx_word' id='word_1_59' title='bbox 2246 986 2301 1030; x_wconf 88' lang='lat' dir='ltr'><strong>et</strong></span> 
     </span>
    </p>
   </div>
   <div class='ocr_carea' id='block_1_9' title="bbox 727 1060 2299 1137">
    <p class='ocr_par' dir='ltr' id='par_1_9' title="bbox 727 1060 2299 1137">
     <span class='ocr_line' id='line_1_9' title="bbox 727 1060 2299 1137; baseline 0.004 -25"><span class='ocrx_word' id='word_1_60' title='bbox 727 1060 1028 1114; x_wconf 80' lang='lat' dir='ltr'><strong>inflammat</strong></span> <span class='ocrx_word' id='word_1_61' title='bbox 1059 1070 1235 1115; x_wconf 89' lang='lat' dir='ltr'><strong>rotam</strong></span> <span class='ocrx_word' id='word_1_62' title='bbox 1270 1064 1572 1117; x_wconf 73' lang='lat' dir='ltr'><strong>nativitatis</strong></span> <span class='ocrx_word' id='word_1_63' title='bbox 1601 1074 1800 1119; x_wconf 82' lang='lat' dir='ltr'><strong>nostra-</strong></span> <span class='ocrx_word' id='word_1_64' title='bbox 1824 1066 1885 1114; x_wconf 80' lang='grc'><strong>³⁸.</strong></span> <span class='ocrx_word' id='word_1_65' title='bbox 1930 1086 1947 1116; x_wconf 77' lang='grc' dir='ltr'><strong>ι</strong></span> <span class='ocrx_word' id='word_1_66' title='bbox 1984 1066 2299 1137; x_wconf 76' lang='lat' dir='ltr'><strong>Liquetper</strong></span> 
     </span>
    </p>
   </div>
   <div class='ocr_carea' id='block_1_10' title="bbox 727 1151 2299 1226">
    <p class='ocr_par' dir='ltr' id='par_1_10' title="bbox 727 1151 2299 1226">
     <span class='ocr_line' id='line_1_10' title="bbox 727 1151 2299 1226; baseline 0.004 -22"><span class='ocrx_word' id='word_1_67' title='bbox 727 1151 833 1204; x_wconf 83' lang='lat' dir='ltr'><strong>hoc</strong></span> <span class='ocrx_word' id='word_1_68' title='bbox 865 1151 1094 1222; x_wconf 77' lang='lat' dir='ltr'><strong>intelligi</strong></span> <span class='ocrx_word' id='word_1_69' title='bbox 1122 1155 1465 1223; x_wconf 74' lang='lat' dir='ltr'><strong>temporarize</strong></span> <span class='ocrx_word' id='word_1_70' title='bbox 1499 1154 1654 1207; x_wconf 88' lang='lat' dir='ltr'><strong>istius</strong></span> <span class='ocrx_word' id='word_1_71' title='bbox 1688 1157 1811 1209; x_wconf 75' lang='lat' dir='ltr'><strong>vine</strong></span> <span class='ocrx_word' id='word_1_72' title='bbox 1843 1166 2141 1219; x_wconf 80' lang='lat' dir='ltr'><strong>momenta,</strong></span> <span class='ocrx_word' id='word_1_73' title='bbox 2174 1160 2299 1226; x_wconf 94' lang='lat' dir='ltr'><strong>qui-</strong></span> 
     </span>
    </p>
   </div>
   <div class='ocr_carea' id='block_1_11' title="bbox 728 1242 2298 1315">
    <p class='ocr_par' dir='ltr' id='par_1_11' title="bbox 728 1242 2298 1315">
     <span class='ocr_line' id='line_1_11' title="bbox 728 1242 2298 1315; baseline 0.006 -21"><span class='ocrx_word' id='word_1_74' title='bbox 728 1242 833 1294; x_wconf 85' lang='lat' dir='ltr'><strong>bus</strong></span> <span class='ocrx_word' id='word_1_75' title='bbox 870 1243 983 1311; x_wconf 77' lang='lat' dir='ltr'><strong>ipsa</strong></span> <span class='ocrx_word' id='word_1_76' title='bbox 1023 1260 1238 1297; x_wconf 90' lang='lat' dir='ltr'><strong>sursum</strong></span> <span class='ocrx_word' id='word_1_77' title='bbox 1270 1246 1527 1299; x_wconf 81' lang='lat' dir='ltr'><strong>deorsum</strong></span> <span class='ocrx_word' id='word_1_78' title='bbox 1573 1248 1935 1315; x_wconf 79' lang='lat' dir='ltr'><strong>provolvitur.</strong></span> <span class='ocrx_word' id='word_1_79' title='bbox 1973 1248 2111 1313; x_wconf 86' lang='lat' dir='ltr'><strong>Quid</strong></span> <span class='ocrx_word' id='word_1_80' title='bbox 2152 1252 2298 1304; x_wconf 92' lang='lat' dir='ltr'><strong>cnim</strong></span> 
     </span>
    </p>
   </div>
   <div class='ocr_carea' id='block_1_12' title="bbox 732 1333 2298 1408">
    <p class='ocr_par' dir='ltr' id='par_1_12' title="bbox 732 1333 2298 1408">
     <span class='ocr_line' id='line_1_12' title="bbox 732 1333 2298 1408; baseline 0.006 -23"><span class='ocrx_word' id='word_1_81' title='bbox 732 1333 972 1387; x_wconf 79' lang='lat' dir='ltr'><strong>hominis</strong></span> <span class='ocrx_word' id='word_1_82' title='bbox 1008 1335 1116 1387; x_wconf 89' lang='lat' dir='ltr'><strong>vita</strong></span> <span class='ocrx_word' id='word_1_83' title='bbox 1167 1337 1312 1389; x_wconf 88' lang='lat' dir='ltr'><strong>aliud</strong></span> <span class='ocrx_word' id='word_1_84' title='bbox 1359 1353 1523 1406; x_wconf 90' lang='lat' dir='ltr'><strong>quam</strong></span> <span class='ocrx_word' id='word_1_85' title='bbox 1562 1348 1679 1391; x_wconf 84' lang='lat' dir='ltr'><strong>rota</strong></span> <span class='ocrx_word' id='word_1_86' title='bbox 1711 1355 1831 1408; x_wconf 77' lang='lat' dir='ltr'><strong>qua:</strong></span> <span class='ocrx_word' id='word_1_87' title='bbox 1864 1342 2076 1408; x_wconf 75' lang='lat' dir='ltr'><strong>perpeti</strong></span> <span class='ocrx_word' id='word_1_88' title='bbox 2120 1351 2298 1395; x_wconf 88' lang='lat' dir='ltr'><strong>rotatu</strong></span> 
     </span>
    </p>
   </div>
   <div class='ocr_carea' id='block_1_13' title="bbox 730 1426 2298 1501">
    <p class='ocr_par' dir='ltr' id='par_1_13' title="bbox 730 1426 2298 1501">
     <span class='ocr_line' id='line_1_13' title="bbox 730 1426 2298 1501; baseline 0.007 -25"><span class='ocrx_word' id='word_1_89' title='bbox 730 1427 1025 1478; x_wconf 82' lang='lat' dir='ltr'><strong>versatur?</strong></span> <span class='ocrx_word' id='word_1_90' title='bbox 1052 1426 1158 1479; x_wconf 81' lang='lat' dir='ltr'><strong>Sed</strong></span> <span class='ocrx_word' id='word_1_91' title='bbox 1207 1436 1263 1480; x_wconf 91' lang='lat' dir='ltr'><strong>ct</strong></span> <span class='ocrx_word' id='word_1_92' title='bbox 1311 1429 1505 1482; x_wconf 90' lang='lat' dir='ltr'><strong>eadem</strong></span> <span class='ocrx_word' id='word_1_93' title='bbox 1556 1429 1924 1483; x_wconf 83' lang='lat' dir='ltr'><strong>inflammatur</strong></span> <span class='ocrx_word' id='word_1_94' title='bbox 1957 1447 1986 1483; x_wconf 91' lang='lat' dir='ltr'><strong>a</strong></span> <span class='ocrx_word' id='word_1_95' title='bbox 2028 1433 2298 1501; x_wconf 83' lang='lat' dir='ltr'><strong>gehenna.</strong></span> 
     </span>
    </p>
   </div>
   <div class='ocr_carea' id='block_1_14' title="bbox 731 1516 2302 1589">
    <p class='ocr_par' dir='ltr' id='par_1_14' title="bbox 731 1516 2302 1589">
     <span class='ocr_line' id='line_1_14' title="bbox 731 1516 2302 1589; baseline 0.006 -22"><span class='ocrx_word' id='word_1_96' title='bbox 731 1516 1182 1571; x_wconf 82' lang='lat' dir='ltr'><strong>Susurrationem</strong></span> <span class='ocrx_word' id='word_1_97' title='bbox 1244 1519 1464 1588; x_wconf 83' lang='lat' dir='ltr'><strong>itaque,</strong></span> <span class='ocrx_word' id='word_1_98' title='bbox 1537 1520 1770 1584; x_wconf 86' lang='lat' dir='ltr'><strong>fratres,</strong></span> <span class='ocrx_word' id='word_1_99' title='bbox 1832 1538 1995 1589; x_wconf 91' lang='lat' dir='ltr'><strong>quam</strong></span> <span class='ocrx_word' id='word_1_100' title='bbox 2067 1524 2302 1576; x_wconf 80' lang='lat' dir='ltr'><strong>maxime</strong></span> 
     </span>
    </p>
   </div>
   <div class='ocr_carea' id='block_1_15' title="bbox 732 1605 2305 1681">
    <p class='ocr_par' dir='ltr' id='par_1_15' title="bbox 732 1605 2305 1681">
     <span class='ocr_line' id='line_1_15' title="bbox 732 1605 2305 1681; baseline 0.005 -25"><span class='ocrx_word' id='word_1_101' title='bbox 732 1605 1027 1674; x_wconf 81' lang='lat' dir='ltr'><strong>fugiamus,</strong></span> <span class='ocrx_word' id='word_1_102' title='bbox 1056 1616 1200 1662; x_wconf 92' lang='lat' dir='ltr'><strong>utne</strong></span> <span class='ocrx_word' id='word_1_103' title='bbox 1224 1626 1322 1662; x_wconf 86' lang='lat' dir='ltr'><strong>nos</strong></span> <span class='ocrx_word' id='word_1_104' title='bbox 1350 1609 1671 1664; x_wconf 75' lang='lat' dir='ltr'><strong>ammnitatc</strong></span> <span class='ocrx_word' id='word_1_105' title='bbox 1695 1610 1874 1679; x_wconf 88' lang='lat' dir='ltr'><strong>privet</strong></span> <span class='ocrx_word' id='word_1_106' title='bbox 1897 1611 2156 1681; x_wconf 86' lang='lat' dir='ltr'><strong>paradisi,</strong></span> <span class='ocrx_word' id='word_1_107' title='bbox 2178 1629 2305 1666; x_wconf 84' lang='lat' dir='ltr'><strong>nos-</strong></span> 
     </span>
    </p>
   </div>
   <div class='ocr_carea' id='block_1_16' title="bbox 732 1700 2300 1770">
    <p class='ocr_par' dir='ltr' id='par_1_16' title="bbox 732 1700 2300 1770">
     <span class='ocr_line' id='line_1_16' title="bbox 732 1700 2300 1770; baseline 0.005 -23"><span class='ocrx_word' id='word_1_108' title='bbox 732 1712 840 1763; x_wconf 92' lang='lat' dir='ltr'><strong>que</strong></span> <span class='ocrx_word' id='word_1_109' title='bbox 891 1700 1226 1752; x_wconf 84' lang='lat' dir='ltr'><strong>transmittat</strong></span> <span class='ocrx_word' id='word_1_110' title='bbox 1284 1700 1337 1752; x_wconf 95' lang='lat' dir='ltr'><strong>in</strong></span> <span class='ocrx_word' id='word_1_111' title='bbox 1395 1700 1705 1768; x_wconf 73' lang='lat' dir='ltr'><strong>gehennam</strong></span> <span class='ocrx_word' id='word_1_112' title='bbox 1769 1703 1930 1770; x_wconf 84' lang='lat' dir='ltr'><strong>ignis.</strong></span> <span class='ocrx_word' id='word_1_113' title='bbox 1991 1704 2103 1755; x_wconf 82' lang='lat' dir='ltr'><strong>Suo</strong></span> <span class='ocrx_word' id='word_1_114' title='bbox 2153 1704 2300 1755; x_wconf 92' lang='lat' dir='ltr'><strong>enim</strong></span> 
     </span>
    </p>
   </div>
   <div class='ocr_carea' id='block_1_17' title="bbox 734 1789 2308 1860">
    <p class='ocr_par' dir='ltr' id='par_1_17' title="bbox 734 1789 2308 1860">
     <span class='ocr_line' id='line_1_17' title="bbox 734 1789 2308 1860; baseline 0.004 -20"><span class='ocrx_word' id='word_1_115' title='bbox 734 1789 988 1841; x_wconf 79' lang='lat' dir='ltr'><strong>susurrio</strong></span> <span class='ocrx_word' id='word_1_116' title='bbox 1018 1805 1245 1857; x_wconf 81' lang='lat' dir='ltr'><strong>serpens</strong></span> <span class='ocrx_word' id='word_1_117' title='bbox 1293 1792 1382 1843; x_wconf 83' lang='lat' dir='ltr'><strong>ille</strong></span> <span class='ocrx_word' id='word_1_118' title='bbox 1414 1792 1578 1845; x_wconf 66' lang='lat' dir='ltr'><strong>livam</strong></span> <span class='ocrx_word' id='word_1_119' title='bbox 1626 1794 2021 1860; x_wconf 73' lang='lat' dir='ltr'><strong>tranquillitate</strong></span> <span class='ocrx_word' id='word_1_120' title='bbox 2070 1794 2308 1847; x_wconf 71' lang='lat' dir='ltr'><strong>exclusit</strong></span> 
     </span>
    </p>
   </div>
   <div class='ocr_carea' id='block_1_18' title="bbox 735 1878 2310 1952">
    <p class='ocr_par' dir='ltr' id='par_1_18' title="bbox 735 1878 2310 1952">
     <span class='ocr_line' id='line_1_18' title="bbox 735 1878 2310 1952; baseline 0.006 -24"><span class='ocrx_word' id='word_1_121' title='bbox 735 1878 996 1945; x_wconf 87' lang='lat' dir='ltr'><strong>paradisi.</strong></span> <span class='ocrx_word' id='word_1_122' title='bbox 1034 1880 1113 1933; x_wconf 82' lang='lat' dir='ltr'><strong>Ad</strong></span> <span class='ocrx_word' id='word_1_123' title='bbox 1131 1896 1250 1934; x_wconf 88' lang='lat' dir='ltr'><strong>eam</strong></span> <span class='ocrx_word' id='word_1_124' title='bbox 1276 1881 1566 1934; x_wconf 82' lang='lat' dir='ltr'><strong>formulam</strong></span> <span class='ocrx_word' id='word_1_125' title='bbox 1589 1882 1811 1951; x_wconf 89' lang='lat' dir='ltr'><strong>quidam</strong></span> <span class='ocrx_word' id='word_1_126' title='bbox 1850 1883 2080 1952; x_wconf 87' lang='lat' dir='ltr'><strong>Sapiens</strong></span> <span class='ocrx_word' id='word_1_127' title='bbox 2100 1903 2110 1937; x_wconf 91' lang='lat'><strong>:</strong></span> <span class='ocrx_word' id='word_1_128' title='bbox 2132 1903 2148 1933; x_wconf 81' lang='grc' dir='ltr'><strong>ι</strong></span> <span class='ocrx_word' id='word_1_129' title='bbox 2175 1884 2310 1938; x_wconf 82' lang='lat' dir='ltr'><strong>Bea-</strong></span> 
     </span>
    </p>
   </div>
   <div class='ocr_carea' id='block_1_19' title="bbox 736 1967 2308 2042">
    <p class='ocr_par' dir='ltr' id='par_1_19' title="bbox 736 1967 2308 2042">
     <span class='ocr_line' id='line_1_19' title="bbox 736 1967 2308 2042; baseline 0.006 -24"><span class='ocrx_word' id='word_1_130' title='bbox 736 1974 824 2019; x_wconf 89' lang='lat' dir='ltr'><strong>tus</strong></span> <span class='ocrx_word' id='word_1_131' title='bbox 842 1967 937 2035; x_wconf 85' lang='lat' dir='ltr'><strong>qui</strong></span> <span class='ocrx_word' id='word_1_132' title='bbox 964 1984 1071 2021; x_wconf 91' lang='lat' dir='ltr'><strong>non</strong></span> <span class='ocrx_word' id='word_1_133' title='bbox 1094 1981 1176 2023; x_wconf 87' lang='lat' dir='ltr'><strong>est</strong></span> <span class='ocrx_word' id='word_1_134' title='bbox 1200 1971 1383 2039; x_wconf 81' lang='lat' dir='ltr'><strong>lapsus</strong></span> <span class='ocrx_word' id='word_1_135' title='bbox 1416 1971 1597 2040; x_wconf 82' lang='lat' dir='ltr'><strong>lingua</strong></span> <span class='ocrx_word' id='word_1_136' title='bbox 1622 1973 1686 2025; x_wconf 86' lang='grc'><strong>³⁹.</strong></span> <span class='ocrx_word' id='word_1_137' title='bbox 1729 1992 1745 2022; x_wconf 79' lang='grc' dir='ltr'><strong>ι</strong></span> <span class='ocrx_word' id='word_1_138' title='bbox 1782 1974 1849 2026; x_wconf 84' lang='lat' dir='ltr'><strong>Et</strong></span> <span class='ocrx_word' id='word_1_139' title='bbox 1876 1992 1888 2025; x_wconf 89' lang='lat'><strong>:</strong></span> <span class='ocrx_word' id='word_1_140' title='bbox 1930 1993 1946 2023; x_wconf 81' lang='grc' dir='ltr'><strong>ι</strong></span> <span class='ocrx_word' id='word_1_141' title='bbox 1985 1974 2184 2028; x_wconf 83' lang='lat' dir='ltr'><strong>Beatus</strong></span> <span class='ocrx_word' id='word_1_142' title='bbox 2215 1976 2308 2042; x_wconf 91' lang='lat' dir='ltr'><strong>qui</strong></span> 
     </span>
    </p>
   </div>
   <div class='ocr_carea' id='block_1_20' title="bbox 734 2063 2307 2130">
    <p class='ocr_par' dir='ltr' id='par_1_20' title="bbox 734 2063 2307 2130">
     <span class='ocr_line' id='line_1_20' title="bbox 734 2063 2307 2130; baseline 0.006 -21"><span class='ocrx_word' id='word_1_143' title='bbox 734 2068 1018 2126; x_wconf 80' lang='lat' dir='ltr'><strong>protectos</strong></span> <span class='ocrx_word' id='word_1_144' title='bbox 1045 2071 1129 2114; x_wconf 88' lang='lat' dir='ltr'><strong>est</strong></span> <span class='ocrx_word' id='word_1_145' title='bbox 1157 2078 1185 2114; x_wconf 93' lang='lat' dir='ltr'><strong>a</strong></span> <span class='ocrx_word' id='word_1_146' title='bbox 1230 2063 1370 2115; x_wconf 72' lang='lat' dir='ltr'><strong>faeie</strong></span> <span class='ocrx_word' id='word_1_147' title='bbox 1414 2064 1613 2130; x_wconf 80' lang='lat' dir='ltr'><strong>lingu-.e</strong></span> <span class='ocrx_word' id='word_1_148' title='bbox 1636 2066 1700 2117; x_wconf 77' lang='lat'><strong>‘°.</strong></span> <span class='ocrx_word' id='word_1_149' title='bbox 1732 2084 1750 2114; x_wconf 72' lang='grc' dir='ltr'><strong>ι</strong></span> <span class='ocrx_word' id='word_1_150' title='bbox 1781 2064 1845 2117; x_wconf 78' lang='lat' dir='ltr'><strong>Et</strong></span> <span class='ocrx_word' id='word_1_151' title='bbox 1880 2083 1891 2117; x_wconf 93' lang='lat'><strong>:</strong></span> <span class='ocrx_word' id='word_1_152' title='bbox 1937 2083 1954 2115; x_wconf 80' lang='grc' dir='ltr'><strong>ι</strong></span> <span class='ocrx_word' id='word_1_153' title='bbox 1991 2066 2047 2119; x_wconf 93' lang='lat' dir='ltr'><strong>In</strong></span> <span class='ocrx_word' id='word_1_154' title='bbox 2082 2066 2307 2119; x_wconf 92' lang='lat' dir='ltr'><strong>humum</strong></span> 
     </span>
    </p>
   </div>
   <div class='ocr_carea' id='block_1_21' title="bbox 736 2149 2304 2224">
    <p class='ocr_par' dir='ltr' id='par_1_21' title="bbox 736 2149 2304 2224">
     <span class='ocr_line' id='line_1_21' title="bbox 736 2149 2304 2224; baseline 0.007 -24"><span class='ocrx_word' id='word_1_155' title='bbox 736 2149 841 2201; x_wconf 89' lang='lat' dir='ltr'><strong>labi</strong></span> <span class='ocrx_word' id='word_1_156' title='bbox 887 2161 1136 2218; x_wconf 77' lang='lat' dir='ltr'><strong>pnestat,</strong></span> <span class='ocrx_word' id='word_1_157' title='bbox 1185 2169 1347 2221; x_wconf 89' lang='lat' dir='ltr'><strong>quam</strong></span> <span class='ocrx_word' id='word_1_158' title='bbox 1398 2170 1426 2207; x_wconf 91' lang='lat' dir='ltr'><strong>a</strong></span> <span class='ocrx_word' id='word_1_159' title='bbox 1472 2154 1674 2220; x_wconf 80' lang='lat' dir='ltr'><strong>lingua.</strong></span> <span class='ocrx_word' id='word_1_160' title='bbox 1724 2174 1743 2206; x_wconf 81' lang='grc'><strong>›</strong></span> <span class='ocrx_word' id='word_1_161' title='bbox 1782 2154 1983 2209; x_wconf 87' lang='lat' dir='ltr'><strong>Paulus</strong></span> <span class='ocrx_word' id='word_1_162' title='bbox 2029 2158 2304 2224; x_wconf 90' lang='lat' dir='ltr'><strong>proinde:</strong></span> 
     </span>
    </p>
   </div>
   <div class='ocr_carea' id='block_1_22' title="bbox 741 2240 2306 2308">
    <p class='ocr_par' dir='ltr' id='par_1_22' title="bbox 741 2240 2306 2308">
     <span class='ocr_line' id='line_1_22' title="bbox 741 2240 2306 2308; baseline 0.007 -18"><span class='ocrx_word' id='word_1_163' title='bbox 741 2259 759 2290; x_wconf 75' lang='grc' dir='ltr'>σ</span> <span class='ocrx_word' id='word_1_164' title='bbox 798 2240 877 2293; x_wconf 85' lang='lat' dir='ltr'><strong>Ne</strong></span> <span class='ocrx_word' id='word_1_165' title='bbox 917 2242 1057 2295; x_wconf 85' lang='lat' dir='ltr'><strong>forte</strong></span> <span class='ocrx_word' id='word_1_166' title='bbox 1098 2243 1239 2295; x_wconf 88' lang='lat' dir='ltr'><strong>inter</strong></span> <span class='ocrx_word' id='word_1_167' title='bbox 1277 2261 1372 2298; x_wconf 85' lang='lat' dir='ltr'><strong>vos</strong></span> <span class='ocrx_word' id='word_1_168' title='bbox 1414 2246 1527 2299; x_wconf 90' lang='lat' dir='ltr'><strong>sint</strong></span> <span class='ocrx_word' id='word_1_169' title='bbox 1559 2246 1965 2308; x_wconf 79' lang='lat' dir='ltr'><strong>contentiones,</strong></span> <span class='ocrx_word' id='word_1_170' title='bbox 1998 2248 2306 2301; x_wconf 80' lang='lat' dir='ltr'><strong>:emulatio-</strong></span> 
     </span>
    </p>
   </div>
   <div class='ocr_carea' id='block_1_23' title="bbox 736 2339 1822 2403">
    <p class='ocr_par' dir='ltr' id='par_1_23' title="bbox 736 2339 1822 2403">
     <span class='ocr_line' id='line_1_23' title="bbox 736 2339 1822 2403; baseline 0.003 -13"><span class='ocrx_word' id='word_1_171' title='bbox 736 2352 867 2396; x_wconf 88' lang='lat' dir='ltr'><strong>nes.</strong></span> <span class='ocrx_word' id='word_1_172' title='bbox 943 2339 1344 2401; x_wconf 84' lang='lat' dir='ltr'><strong>animositates,</strong></span> <span class='ocrx_word' id='word_1_173' title='bbox 1415 2339 1822 2403; x_wconf 84' lang='lat' dir='ltr'><strong>dissensiones,</strong></span> 
     </span>
    </p>
   </div>
   <div class='ocr_carea' id='block_1_24' title="bbox 1989 312 2735 374">
    <p class='ocr_par' dir='ltr' id='par_1_24' title="bbox 1989 312 2735 374">
     <span class='ocr_line' id='line_1_24' title="bbox 1989 312 2735 374; baseline 0.005 -4"><span class='ocrx_word' id='word_1_174' title='bbox 1989 312 2350 372; x_wconf 70' lang='lat' dir='ltr'><strong>ANTIOCHI</strong></span> <span class='ocrx_word' id='word_1_175' title='bbox 2400 314 2735 374; x_wconf 70' lang='lat' dir='ltr'><strong>MONACHI</strong></span> 
     </span>
    </p>
   </div>
   <div class='ocr_carea' id='block_1_25' title="bbox 1758 422 2307 493">
    <p class='ocr_par' dir='ltr' id='par_1_25' title="bbox 1758 422 2300 490">
     <span class='ocr_line' id='line_1_25' title="bbox 1758 422 2300 490; baseline 0.009 -21"><span class='ocrx_word' id='word_1_176' title='bbox 1758 442 1774 469; x_wconf 72' lang='grc' dir='ltr'><strong>ι</strong></span> <span class='ocrx_word' id='word_1_177' title='bbox 1809 422 1863 473; x_wconf 77' lang='lat' dir='ltr'><strong>Si</strong></span> <span class='ocrx_word' id='word_1_178' title='bbox 1914 424 2038 490; x_wconf 88' lang='lat' dir='ltr'><strong>quis</strong></span> <span class='ocrx_word' id='word_1_179' title='bbox 2079 423 2300 475; x_wconf 90' lang='lat' dir='ltr'><strong>videtur</strong></span> 
     </span>
    </p>
   </div>
   <div class='ocr_carea' id='block_1_26' title="bbox 2414 422 3992 493">
    <p class='ocr_par' dir='ltr' id='par_1_26' title="bbox 2414 424 3992 493">
     <span class='ocr_line' id='line_1_26' title="bbox 2414 424 3992 493; baseline 0.001 -18"><span class='ocrx_word' id='word_1_180' title='bbox 2414 424 2729 476; x_wconf 68' lang='grc' dir='ltr'><strong>καθίσταται</strong></span> <span class='ocrx_word' id='word_1_181' title='bbox 2776 427 2835 475; x_wconf 78' lang='grc' dir='ltr'>ἐν</span> <span class='ocrx_word' id='word_1_182' title='bbox 2887 426 2999 485; x_wconf 81' lang='grc' dir='ltr'>τοῖς</span> <span class='ocrx_word' id='word_1_183' title='bbox 3048 426 3265 492; x_wconf 79' lang='grc' dir='ltr'>μέλεσιν</span> <span class='ocrx_word' id='word_1_184' title='bbox 3292 425 3469 492; x_wconf 73' lang='grc' dir='ltr'>ἡμῶν,</span> <span class='ocrx_word' id='word_1_185' title='bbox 3500 427 3531 493; x_wconf 74' lang='grc' dir='ltr'>ἡ</span> <span class='ocrx_word' id='word_1_186' title='bbox 3562 426 3828 481; x_wconf 73' lang='grc' dir='ltr'>σπιλοῦσα</span> <span class='ocrx_word' id='word_1_187' title='bbox 3862 430 3992 480; x_wconf 74' lang='grc' dir='ltr'>ὅλον</span> 
     </span>
    </p>
   </div>
   <div class='ocr_carea' id='block_1_27' title="bbox 3842 312 3991 378">
    <p class='ocr_par' dir='ltr' id='par_1_27' title="bbox 3842 312 3991 378">
     <span class='ocr_line' id='line_1_27' title="bbox 3842 312 3991 378; baseline 0.013 -2"><span class='ocrx_word' id='word_1_188' title='bbox 3842 312 3865 376; x_wconf 82' lang='grc'><strong>1</strong></span> <span class='ocrx_word' id='word_1_189' title='bbox 3881 319 3991 378; x_wconf 75' lang='lat'><strong>536</strong></span> 
     </span>
    </p>
   </div>
   <div class='ocr_carea' id='block_1_28' title="bbox 2400 514 3992 587">
    <p class='ocr_par' dir='ltr' id='par_1_28' title="bbox 2400 514 3992 587">
     <span class='ocr_line' id='line_1_28' title="bbox 2400 514 3992 587; baseline 0 -19"><span class='ocrx_word' id='word_1_190' title='bbox 2400 517 2460 568; x_wconf 72' lang='grc' dir='ltr'><strong>τὸ</strong></span> <span class='ocrx_word' id='word_1_191' title='bbox 2513 517 2693 584; x_wconf 81' lang='grc' dir='ltr'>σῶμα,</span> <span class='ocrx_word' id='word_1_192' title='bbox 2734 516 2827 567; x_wconf 78' lang='grc' dir='ltr'>καὶ</span> <span class='ocrx_word' id='word_1_193' title='bbox 2886 514 3215 583; x_wconf 74' lang='grc' dir='ltr'>φλογίζουσα</span> <span class='ocrx_word' id='word_1_194' title='bbox 3266 517 3357 567; x_wconf 70' lang='grc' dir='ltr'>τὸν</span> <span class='ocrx_word' id='word_1_195' title='bbox 3408 516 3600 584; x_wconf 69' lang='grc' dir='ltr'>τροχὸν</span> <span class='ocrx_word' id='word_1_196' title='bbox 3645 517 3747 584; x_wconf 76' lang='grc' dir='ltr'>τῆς</span> <span class='ocrx_word' id='word_1_197' title='bbox 3793 522 3992 587; x_wconf 72' lang='grc' dir='ltr'>γεννή-</span> 
     </span>
    </p>
   </div>
   <div class='ocr_carea' id='block_1_29' title="bbox 2403 606 3988 678">
    <p class='ocr_par' dir='ltr' id='par_1_29' title="bbox 2403 606 3988 678">
     <span class='ocr_line' id='line_1_29' title="bbox 2403 606 3988 678; baseline 0.003 -20"><span class='ocrx_word' id='word_1_198' title='bbox 2403 624 2559 669; x_wconf 83' lang='grc' dir='ltr'>σεως.</span> <span class='ocrx_word' id='word_1_199' title='bbox 2594 627 2610 653; x_wconf 77' lang='grc' dir='ltr'><strong>ι</strong></span> <span class='ocrx_word' id='word_1_200' title='bbox 2646 606 2882 675; x_wconf 71' lang='grc' dir='ltr'>Εὔδηλον</span> <span class='ocrx_word' id='word_1_201' title='bbox 2926 610 3007 659; x_wconf 80' lang='grc' dir='ltr'>ὅτι</span> <span class='ocrx_word' id='word_1_202' title='bbox 3042 609 3135 659; x_wconf 68' lang='grc' dir='ltr'><strong>τον</strong></span> <span class='ocrx_word' id='word_1_203' title='bbox 3171 608 3362 676; x_wconf 67' lang='grc' dir='ltr'>χρόνον</span> <span class='ocrx_word' id='word_1_204' title='bbox 3390 608 3489 675; x_wconf 72' lang='grc' dir='ltr'><strong>τῆς</strong></span> <span class='ocrx_word' id='word_1_205' title='bbox 3524 607 3667 677; x_wconf 73' lang='grc' dir='ltr'>ζωῆς</span> <span class='ocrx_word' id='word_1_206' title='bbox 3693 610 3880 678; x_wconf 72' lang='grc' dir='ltr'><strong>ἡμῶν.</strong></span> <span class='ocrx_word' id='word_1_207' title='bbox 3929 612 3988 663; x_wconf 86' lang='grc' dir='ltr'>ὐ</span> 
     </span>
    </p>
   </div>
   <div class='ocr_carea' id='block_1_30' title="bbox 2402 699 3987 770">
    <p class='ocr_par' dir='ltr' id='par_1_30' title="bbox 2402 699 3987 770">
     <span class='ocr_line' id='line_1_30' title="bbox 2402 699 3987 770; baseline 0.003 -20"><span class='ocrx_word' id='word_1_208' title='bbox 2402 702 2511 769; x_wconf 71' lang='grc' dir='ltr'><strong>γὰρ</strong></span> <span class='ocrx_word' id='word_1_209' title='bbox 2559 700 2669 768; x_wconf 76' lang='grc' dir='ltr'>βίος</span> <span class='ocrx_word' id='word_1_210' title='bbox 2698 699 2792 751; x_wconf 72' lang='grc' dir='ltr'><strong>τοῦ</strong></span> <span class='ocrx_word' id='word_1_211' title='bbox 2848 699 3160 769; x_wconf 82' lang='grc' dir='ltr'>ἀνθρώπου,</span> <span class='ocrx_word' id='word_1_212' title='bbox 3193 700 3389 769; x_wconf 70' lang='grc' dir='ltr'>τροχὸς</span> <span class='ocrx_word' id='word_1_213' title='bbox 3422 702 3657 770; x_wconf 73' lang='grc' dir='ltr'>ὑπάρχει</span> <span class='ocrx_word' id='word_1_214' title='bbox 3688 703 3987 755; x_wconf 68' lang='grc' dir='ltr'>ἁνακυλιᾶ-</span> 
     </span>
    </p>
   </div>
   <div class='ocr_carea' id='block_1_31' title="bbox 2406 791 3977 864">
    <p class='ocr_par' dir='ltr' id='par_1_31' title="bbox 2406 791 3977 864">
     <span class='ocr_line' id='line_1_31' title="bbox 2406 791 3977 864; baseline 0.002 -20"><span class='ocrx_word' id='word_1_215' title='bbox 2406 810 2587 861; x_wconf 87' lang='grc' dir='ltr'>μενος,</span> <span class='ocrx_word' id='word_1_216' title='bbox 2619 794 2712 845; x_wconf 76' lang='grc' dir='ltr'><strong>καὶ</strong></span> <span class='ocrx_word' id='word_1_217' title='bbox 2758 791 3145 861; x_wconf 71' lang='grc' dir='ltr'>φλογιζόμενος</span> <span class='ocrx_word' id='word_1_218' title='bbox 3170 794 3277 845; x_wconf 75' lang='grc' dir='ltr'>ὑπὸ</span> <span class='ocrx_word' id='word_1_219' title='bbox 3303 793 3401 862; x_wconf 80' lang='grc' dir='ltr'>τῆς</span> <span class='ocrx_word' id='word_1_220' title='bbox 3430 795 3668 861; x_wconf 72' lang='grc' dir='ltr'>γεέννης.</span> <span class='ocrx_word' id='word_1_221' title='bbox 3696 796 3977 864; x_wconf 71' lang='grc' dir='ltr'>Φυτωμεν</span> 
     </span>
    </p>
   </div>
   <div class='ocr_carea' id='block_1_32' title="bbox 2401 881 3986 959">
    <p class='ocr_par' dir='ltr' id='par_1_32' title="bbox 2401 881 3986 959">
     <span class='ocr_line' id='line_1_32' title="bbox 2401 881 3986 959; baseline 0.002 -22"><span class='ocrx_word' id='word_1_222' title='bbox 2401 881 2515 943; x_wconf 70' lang='grc' dir='ltr'>οὖν.</span> <span class='ocrx_word' id='word_1_223' title='bbox 2579 885 2834 953; x_wconf 75' lang='grc' dir='ltr'>ἀδελφοὶ,</span> <span class='ocrx_word' id='word_1_224' title='bbox 2890 886 2980 937; x_wconf 71' lang='grc' dir='ltr'><strong>τὸν</strong></span> <span class='ocrx_word' id='word_1_225' title='bbox 3028 885 3393 954; x_wconf 64' lang='grc' dir='ltr'>ψιθυρισμὸν,</span> <span class='ocrx_word' id='word_1_226' title='bbox 3446 887 3529 937; x_wconf 60' lang='lat' dir='ltr'><strong>in</strong></span> <span class='ocrx_word' id='word_1_227' title='bbox 3590 889 3664 955; x_wconf 83' lang='grc' dir='ltr'><strong>μὴ</strong></span> <span class='ocrx_word' id='word_1_228' title='bbox 3737 892 3986 959; x_wconf 74' lang='grc' dir='ltr'>στερήσῃ</span> 
     </span>
    </p>
   </div>
   <div class='ocr_carea' id='block_1_33' title="bbox 2402 976 3987 1048">
    <p class='ocr_par' dir='ltr' id='par_1_33' title="bbox 2402 976 3987 1048">
     <span class='ocr_line' id='line_1_33' title="bbox 2402 976 3987 1048; baseline 0.003 -19"><span class='ocrx_word' id='word_1_229' title='bbox 2402 977 2551 1044; x_wconf 80' lang='grc' dir='ltr'>ἡμᾶς</span> <span class='ocrx_word' id='word_1_230' title='bbox 2590 976 2684 1028; x_wconf 75' lang='grc' dir='ltr'><strong>τοῦ</strong></span> <span class='ocrx_word' id='word_1_231' title='bbox 2710 977 3063 1045; x_wconf 77' lang='grc' dir='ltr'>παραδείσου,</span> <span class='ocrx_word' id='word_1_232' title='bbox 3092 977 3187 1028; x_wconf 76' lang='grc' dir='ltr'><strong>καὶ</strong></span> <span class='ocrx_word' id='word_1_233' title='bbox 3216 978 3562 1048; x_wconf 60' lang='grc' dir='ltr'>παραπὲμῲῃ</span> <span class='ocrx_word' id='word_1_234' title='bbox 3588 981 3667 1030; x_wconf 77' lang='grc' dir='ltr'>εἰς</span> <span class='ocrx_word' id='word_1_235' title='bbox 3703 981 3804 1048; x_wconf 72' lang='grc' dir='ltr'>τὴν</span> <span class='ocrx_word' id='word_1_236' title='bbox 3828 982 3987 1048; x_wconf 73' lang='grc' dir='ltr'>γέεν-</span> 
     </span>
    </p>
   </div>
   <div class='ocr_carea' id='block_1_34' title="bbox 2402 1064 3987 1137">
    <p class='ocr_par' dir='ltr' id='par_1_34' title="bbox 2402 1064 3987 1137">
     <span class='ocr_line' id='line_1_34' title="bbox 2402 1064 3987 1137; baseline 0.002 -20"><span class='ocrx_word' id='word_1_237' title='bbox 2402 1083 2500 1117; x_wconf 80' lang='grc' dir='ltr'><strong>ναν</strong></span> <span class='ocrx_word' id='word_1_238' title='bbox 2532 1064 2627 1117; x_wconf 81' lang='grc' dir='ltr'><strong>τοῦ</strong></span> <span class='ocrx_word' id='word_1_239' title='bbox 2660 1067 2855 1137; x_wconf 71' lang='grc' dir='ltr'>πυρός.</span> <span class='ocrx_word' id='word_1_240' title='bbox 2886 1065 3192 1134; x_wconf 49' lang='lat' dir='ltr'><strong>suo-.9533;</strong></span> <span class='ocrx_word' id='word_1_241' title='bbox 3213 1066 3321 1135; x_wconf 72' lang='grc' dir='ltr'><strong>γὰρ</strong></span> <span class='ocrx_word' id='word_1_242' title='bbox 3363 1070 3390 1119; x_wconf 87' lang='lat'><strong>6</strong></span> <span class='ocrx_word' id='word_1_243' title='bbox 3422 1069 3569 1136; x_wconf 72' lang='grc' dir='ltr'>ὅφις,</span> <span class='ocrx_word' id='word_1_244' title='bbox 3606 1067 3862 1131; x_wconf 67' lang='grc' dir='ltr'>ἐξέϐαλεν</span> <span class='ocrx_word' id='word_1_245' title='bbox 3885 1072 3987 1134; x_wconf 59' lang='grc' dir='ltr'>τὴν</span> 
     </span>
    </p>
   </div>
   <div class='ocr_carea' id='block_1_35' title="bbox 2404 1154 3983 1226">
    <p class='ocr_par' dir='ltr' id='par_1_35' title="bbox 2404 1154 3983 1226">
     <span class='ocr_line' id='line_1_35' title="bbox 2404 1154 3983 1226; baseline 0.001 -20"><span class='ocrx_word' id='word_1_246' title='bbox 2404 1155 2550 1207; x_wconf 70' lang='grc' dir='ltr'>Εὔαν</span> <span class='ocrx_word' id='word_1_247' title='bbox 2593 1156 2658 1208; x_wconf 86' lang='grc' dir='ltr'>ὲκ</span> <span class='ocrx_word' id='word_1_248' title='bbox 2688 1155 2784 1207; x_wconf 80' lang='grc' dir='ltr'><strong>τοῦ</strong></span> <span class='ocrx_word' id='word_1_249' title='bbox 2829 1156 3162 1224; x_wconf 86' lang='grc' dir='ltr'>παραδείσου</span> <span class='ocrx_word' id='word_1_250' title='bbox 3187 1170 3200 1184; x_wconf 94' lang='grc'><strong>·</strong></span> <span class='ocrx_word' id='word_1_251' title='bbox 3233 1154 3417 1213; x_wconf 84' lang='grc' dir='ltr'>καθώς</span> <span class='ocrx_word' id='word_1_252' title='bbox 3448 1173 3533 1218; x_wconf 90' lang='grc' dir='ltr'>τις</span> <span class='ocrx_word' id='word_1_253' title='bbox 3563 1158 3735 1224; x_wconf 64' lang='grc' dir='ltr'>Σοφὶις</span> <span class='ocrx_word' id='word_1_254' title='bbox 3781 1161 3983 1226; x_wconf 73' lang='grc' dir='ltr'>φησίνο</span> 
     </span>
    </p>
   </div>
   <div class='ocr_carea' id='block_1_36' title="bbox 2410 1242 3985 1315">
    <p class='ocr_par' dir='ltr' id='par_1_36' title="bbox 2410 1242 3985 1315">
     <span class='ocr_line' id='line_1_36' title="bbox 2410 1242 3985 1315; baseline 0.005 -22"><span class='ocrx_word' id='word_1_255' title='bbox 2410 1261 2427 1292; x_wconf 80' lang='grc' dir='ltr'><strong>ι</strong></span> <span class='ocrx_word' id='word_1_256' title='bbox 2456 1242 2739 1310; x_wconf 71' lang='grc' dir='ltr'>Μακάριος</span> <span class='ocrx_word' id='word_1_257' title='bbox 2779 1243 2836 1303; x_wconf 80' lang='grc' dir='ltr'>ὃς</span> <span class='ocrx_word' id='word_1_258' title='bbox 2881 1244 2940 1293; x_wconf 81' lang='grc' dir='ltr'>ἐν</span> <span class='ocrx_word' id='word_1_259' title='bbox 2966 1243 3185 1312; x_wconf 80' lang='grc' dir='ltr'>γλώσσῃ</span> <span class='ocrx_word' id='word_1_260' title='bbox 3209 1245 3308 1296; x_wconf 70' lang='grc' dir='ltr'><strong>οὐκ</strong></span> <span class='ocrx_word' id='word_1_261' title='bbox 3336 1244 3637 1315; x_wconf 72' lang='grc' dir='ltr'>ὁλίσθησεν.</span> <span class='ocrx_word' id='word_1_262' title='bbox 3669 1265 3685 1296; x_wconf 73' lang='grc' dir='ltr'><strong>ι</strong></span> <span class='ocrx_word' id='word_1_263' title='bbox 3725 1247 3836 1299; x_wconf 75' lang='grc' dir='ltr'>Καὶ</span> <span class='ocrx_word' id='word_1_264' title='bbox 3878 1250 3985 1300; x_wconf 74' lang='grc' dir='ltr'><strong>πά-</strong></span> 
     </span>
    </p>
   </div>
   <div class='ocr_carea' id='block_1_37' title="bbox 2403 1332 3985 1405">
    <p class='ocr_par' dir='ltr' id='par_1_37' title="bbox 2403 1332 3985 1405">
     <span class='ocr_line' id='line_1_37' title="bbox 2403 1332 3985 1405; baseline 0.003 -22"><span class='ocrx_word' id='word_1_265' title='bbox 2403 1332 2487 1383; x_wconf 81' lang='grc' dir='ltr'><strong>λιν</strong></span> <span class='ocrx_word' id='word_1_266' title='bbox 2515 1350 2526 1362; x_wconf 87' lang='grc'><strong>·</strong></span> <span class='ocrx_word' id='word_1_267' title='bbox 2565 1350 2583 1381; x_wconf 75' lang='grc' dir='ltr'><strong>ι</strong></span> <span class='ocrx_word' id='word_1_268' title='bbox 2612 1332 2893 1397; x_wconf 73' lang='grc' dir='ltr'><strong>Μακάριος</strong></span> <span class='ocrx_word' id='word_1_269' title='bbox 2919 1332 2947 1381; x_wconf 97' lang='lat'><strong>6</strong></span> <span class='ocrx_word' id='word_1_270' title='bbox 2979 1333 3307 1395; x_wconf 79' lang='grc' dir='ltr'>σκεπασθεὶς</span> <span class='ocrx_word' id='word_1_271' title='bbox 3333 1334 3439 1387; x_wconf 72' lang='grc' dir='ltr'><strong>ἀπὸ</strong></span> <span class='ocrx_word' id='word_1_272' title='bbox 3478 1335 3775 1405; x_wconf 85' lang='grc' dir='ltr'>προσώπου</span> <span class='ocrx_word' id='word_1_273' title='bbox 3811 1336 3985 1402; x_wconf 87' lang='grc' dir='ltr'>γλώσ-</span> 
     </span>
    </p>
   </div>
   <div class='ocr_carea' id='block_1_38' title="bbox 2408 1421 3985 1495">
    <p class='ocr_par' dir='ltr' id='par_1_38' title="bbox 2408 1421 3985 1495">
     <span class='ocr_line' id='line_1_38' title="bbox 2408 1421 3985 1495; baseline 0.005 -24"><span class='ocrx_word' id='word_1_274' title='bbox 2408 1438 2505 1488; x_wconf 78' lang='grc' dir='ltr'>σης</span> <span class='ocrx_word' id='word_1_275' title='bbox 2533 1437 2546 1451; x_wconf 78' lang='grc'><strong><em>⁸</em></strong></span> <span class='ocrx_word' id='word_1_276' title='bbox 2571 1442 2587 1471; x_wconf 76' lang='grc' dir='ltr'><strong>ι</strong></span> <span class='ocrx_word' id='word_1_277' title='bbox 2619 1423 2754 1474; x_wconf 81' lang='grc' dir='ltr'>Καί·</span> <span class='ocrx_word' id='word_1_278' title='bbox 2790 1442 2806 1471; x_wconf 80' lang='grc' dir='ltr'><strong>ι</strong></span> <span class='ocrx_word' id='word_1_279' title='bbox 2847 1421 3063 1489; x_wconf 72' lang='grc' dir='ltr'>ὐλίσθη</span> <span class='ocrx_word' id='word_1_280' title='bbox 3073 1442 3146 1490; x_wconf 85' lang='grc' dir='ltr'><strong>μα</strong></span> <span class='ocrx_word' id='word_1_281' title='bbox 3174 1425 3282 1475; x_wconf 70' lang='grc' dir='ltr'><strong>ἀπὸ</strong></span> <span class='ocrx_word' id='word_1_282' title='bbox 3310 1425 3538 1491; x_wconf 67' lang='grc' dir='ltr'>ἐδάφους</span> <span class='ocrx_word' id='word_1_283' title='bbox 3569 1427 3772 1494; x_wconf 76' lang='grc' dir='ltr'>μᾶλλον</span> <span class='ocrx_word' id='word_1_284' title='bbox 3814 1428 3846 1495; x_wconf 84' lang='grc' dir='ltr'><strong>ἧ</strong></span> <span class='ocrx_word' id='word_1_285' title='bbox 3879 1428 3985 1480; x_wconf 73' lang='grc' dir='ltr'>ἀπὸ</span> 
     </span>
    </p>
   </div>
   <div class='ocr_carea' id='block_1_39' title="bbox 2406 1512 3980 1586">
    <p class='ocr_par' dir='ltr' id='par_1_39' title="bbox 2406 1512 3980 1586">
     <span class='ocr_line' id='line_1_39' title="bbox 2406 1512 3980 1586; baseline 0.005 -25"><span class='ocrx_word' id='word_1_286' title='bbox 2406 1512 2676 1577; x_wconf 76' lang='grc' dir='ltr'>γλώσσης.</span> <span class='ocrx_word' id='word_1_287' title='bbox 2706 1533 2723 1563; x_wconf 72' lang='grc' dir='ltr'><strong>ι</strong></span> <span class='ocrx_word' id='word_1_288' title='bbox 2757 1515 2864 1564; x_wconf 79' lang='grc' dir='ltr'>Καὶ</span> <span class='ocrx_word' id='word_1_289' title='bbox 2890 1514 2918 1563; x_wconf 79' lang='grc' dir='ltr'>ὁ</span> <span class='ocrx_word' id='word_1_290' title='bbox 2971 1514 3182 1575; x_wconf 76' lang='grc' dir='ltr'>Παῦλος</span> <span class='ocrx_word' id='word_1_291' title='bbox 3216 1531 3226 1540; x_wconf 95' lang='grc'><strong>·</strong></span> <span class='ocrx_word' id='word_1_292' title='bbox 3279 1534 3294 1564; x_wconf 83' lang='grc' dir='ltr'><strong>ι</strong></span> <span class='ocrx_word' id='word_1_293' title='bbox 3327 1516 3537 1583; x_wconf 82' lang='grc' dir='ltr'>Μήπως</span> <span class='ocrx_word' id='word_1_294' title='bbox 3558 1517 3616 1567; x_wconf 83' lang='grc' dir='ltr'>ὲν</span> <span class='ocrx_word' id='word_1_295' title='bbox 3660 1518 3792 1585; x_wconf 73' lang='grc' dir='ltr'>ὑμῖν</span> <span class='ocrx_word' id='word_1_296' title='bbox 3817 1518 3980 1586; x_wconf 83' lang='grc' dir='ltr'>ἕρεις,</span> 
     </span>
    </p>
   </div>
   <div class='ocr_carea' id='block_1_40' title="bbox 2407 1601 3980 1677">
    <p class='ocr_par' dir='ltr' id='par_1_40' title="bbox 2407 1601 3980 1677">
     <span class='ocr_line' id='line_1_40' title="bbox 2407 1601 3980 1677; baseline 0.003 -25"><span class='ocrx_word' id='word_1_297' title='bbox 2407 1601 2590 1669; x_wconf 71' lang='grc' dir='ltr'>ζῆλος,</span> <span class='ocrx_word' id='word_1_298' title='bbox 2619 1602 2789 1671; x_wconf 74' lang='grc' dir='ltr'>θυμὸς</span> <span class='ocrx_word' id='word_1_299' title='bbox 2834 1604 3089 1672; x_wconf 80' lang='grc' dir='ltr'>ἑριθεῖαι,</span> <span class='ocrx_word' id='word_1_300' title='bbox 3124 1604 3218 1657; x_wconf 76' lang='grc' dir='ltr'><strong>καὶ</strong></span> <span class='ocrx_word' id='word_1_301' title='bbox 3246 1606 3591 1664; x_wconf 58' lang='grc' dir='ltr'>καταλαλιαί.</span> <span class='ocrx_word' id='word_1_302' title='bbox 3633 1607 3980 1677; x_wconf 59' lang='grc' dir='ltr'>ψιθυρισμοί,</span> 
     </span>
    </p>
   </div>
   <div class='ocr_carea' id='block_1_41' title="bbox 2409 1693 3981 1769">
    <p class='ocr_par' dir='ltr' id='par_1_41' title="bbox 2409 1693 3981 1769">
     <span class='ocr_line' id='line_1_41' title="bbox 2409 1693 3981 1769; baseline 0.004 -25"><span class='ocrx_word' id='word_1_303' title='bbox 2409 1693 2724 1761; x_wconf 77' lang='grc' dir='ltr'>φυσιώσεις,</span> <span class='ocrx_word' id='word_1_304' title='bbox 2762 1714 2779 1746; x_wconf 78' lang='grc' dir='ltr'><strong>ι</strong></span> <span class='ocrx_word' id='word_1_305' title='bbox 2820 1696 2912 1747; x_wconf 72' lang='grc' dir='ltr'>καὶ</span> <span class='ocrx_word' id='word_1_306' title='bbox 2944 1695 3011 1748; x_wconf 76' lang='grc' dir='ltr'><strong>τὰ</strong></span> <span class='ocrx_word' id='word_1_307' title='bbox 3036 1696 3184 1764; x_wconf 74' lang='grc' dir='ltr'>ἑξῆς.</span> <span class='ocrx_word' id='word_1_308' title='bbox 3219 1698 3276 1749; x_wconf 85' lang='grc'><strong>’0</strong></span> <span class='ocrx_word' id='word_1_309' title='bbox 3300 1697 3355 1748; x_wconf 80' lang='grc' dir='ltr'>δὲ</span> <span class='ocrx_word' id='word_1_310' title='bbox 3393 1698 3591 1769; x_wconf 65' lang='grc' dir='ltr'>Κύριός</span> <span class='ocrx_word' id='word_1_311' title='bbox 3619 1716 3785 1768; x_wconf 75' lang='grc' dir='ltr'>φησιν</span> <span class='ocrx_word' id='word_1_312' title='bbox 3810 1716 3823 1729; x_wconf 92' lang='grc'><strong>·</strong></span> <span class='ocrx_word' id='word_1_313' title='bbox 3868 1718 3886 1749; x_wconf 85' lang='grc'><strong><em>‹</em></strong></span> <span class='ocrx_word' id='word_1_314' title='bbox 3925 1701 3981 1750; x_wconf 84' lang='grc' dir='ltr'>ὐ</span> 
     </span>
    </p>
   </div>
   <div class='ocr_carea' id='block_1_42' title="bbox 2409 1789 3985 1861">
    <p class='ocr_par' dir='ltr' id='par_1_42' title="bbox 2409 1789 3985 1861">
     <span class='ocr_line' id='line_1_42' title="bbox 2409 1789 3985 1861; baseline 0.001 -20"><span class='ocrx_word' id='word_1_315' title='bbox 2409 1789 2613 1855; x_wconf 70' lang='grc' dir='ltr'>ἁγαθδς</span> <span class='ocrx_word' id='word_1_316' title='bbox 2636 1790 2921 1859; x_wconf 82' lang='grc' dir='ltr'>ἄνθρωπος</span> <span class='ocrx_word' id='word_1_317' title='bbox 2949 1793 3013 1843; x_wconf 85' lang='grc' dir='ltr'>ὲκ</span> <span class='ocrx_word' id='word_1_318' title='bbox 3034 1790 3127 1842; x_wconf 73' lang='grc' dir='ltr'><strong>τοῦ</strong></span> <span class='ocrx_word' id='word_1_319' title='bbox 3153 1790 3359 1857; x_wconf 82' lang='grc' dir='ltr'>ἀγαθοῦ</span> <span class='ocrx_word' id='word_1_320' title='bbox 3403 1790 3679 1861; x_wconf 73' lang='grc' dir='ltr'><strong>θησαυροῦ</strong></span> <span class='ocrx_word' id='word_1_321' title='bbox 3711 1792 3812 1861; x_wconf 79' lang='grc' dir='ltr'><strong>τῆς</strong></span> <span class='ocrx_word' id='word_1_322' title='bbox 3836 1809 3985 1860; x_wconf 86' lang='grc' dir='ltr'>καρ-</span> 
     </span>
    </p>
   </div>
   <div class='ocr_carea' id='block_1_43' title="bbox 2411 1882 3983 1952">
    <p class='ocr_par' dir='ltr' id='par_1_43' title="bbox 2411 1882 3983 1952">
     <span class='ocr_line' id='line_1_43' title="bbox 2411 1882 3983 1952; baseline -0.001 -18"><span class='ocrx_word' id='word_1_323' title='bbox 2411 1884 2531 1944; x_wconf 86' lang='grc' dir='ltr'>δίας</span> <span class='ocrx_word' id='word_1_324' title='bbox 2577 1882 2743 1934; x_wconf 75' lang='grc' dir='ltr'>αὐτοῦ</span> <span class='ocrx_word' id='word_1_325' title='bbox 2788 1882 3088 1951; x_wconf 72' lang='grc' dir='ltr'><strong>προσφέρει</strong></span> <span class='ocrx_word' id='word_1_326' title='bbox 3118 1882 3178 1933; x_wconf 80' lang='grc' dir='ltr'><strong>τὸ</strong></span> <span class='ocrx_word' id='word_1_327' title='bbox 3203 1882 3407 1949; x_wconf 82' lang='grc' dir='ltr'>ἀγαθόν</span> <span class='ocrx_word' id='word_1_328' title='bbox 3432 1900 3443 1912; x_wconf 74' lang='grc'><strong><em>⁸</em></strong></span> <span class='ocrx_word' id='word_1_329' title='bbox 3469 1883 3497 1934; x_wconf 89' lang='grc' dir='ltr'>ὁ</span> <span class='ocrx_word' id='word_1_330' title='bbox 3523 1882 3581 1935; x_wconf 81' lang='grc' dir='ltr'><strong>δὲ</strong></span> <span class='ocrx_word' id='word_1_331' title='bbox 3610 1885 3853 1952; x_wconf 73' lang='grc' dir='ltr'>πονηρὸς</span> <span class='ocrx_word' id='word_1_332' title='bbox 3895 1886 3983 1937; x_wconf 82' lang='grc' dir='ltr'><strong>ἇν-</strong></span> 
     </span>
    </p>
   </div>
   <div class='ocr_carea' id='block_1_44' title="bbox 2409 1972 3984 2042">
    <p class='ocr_par' dir='ltr' id='par_1_44' title="bbox 2409 1972 3984 2042">
     <span class='ocr_line' id='line_1_44' title="bbox 2409 1972 3984 2042; baseline 0.001 -18"><span class='ocrx_word' id='word_1_333' title='bbox 2409 1972 2629 2041; x_wconf 85' lang='grc' dir='ltr'>θρωπος</span> <span class='ocrx_word' id='word_1_334' title='bbox 2678 1975 2740 2026; x_wconf 66' lang='grc' dir='ltr'>ἐκ</span> <span class='ocrx_word' id='word_1_335' title='bbox 2787 1973 2881 2026; x_wconf 80' lang='grc' dir='ltr'><strong>τοῦ</strong></span> <span class='ocrx_word' id='word_1_336' title='bbox 2947 1972 3187 2042; x_wconf 76' lang='grc' dir='ltr'>πονηροῦ</span> <span class='ocrx_word' id='word_1_337' title='bbox 3243 1974 3344 2040; x_wconf 75' lang='grc' dir='ltr'>τῆς</span> <span class='ocrx_word' id='word_1_338' title='bbox 3394 1974 3624 2038; x_wconf 77' lang='grc' dir='ltr'>καρδίας</span> <span class='ocrx_word' id='word_1_339' title='bbox 3673 1975 3845 2026; x_wconf 74' lang='grc' dir='ltr'>αὐτοῦ</span> <span class='ocrx_word' id='word_1_340' title='bbox 3898 1976 3984 2026; x_wconf 78' lang='grc' dir='ltr'><strong>ὲκο</strong></span> 
     </span>
    </p>
   </div>
   <div class='ocr_carea' id='block_1_45' title="bbox 2408 2065 3984 2136">
    <p class='ocr_par' dir='ltr' id='par_1_45' title="bbox 2408 2065 3984 2136">
     <span class='ocr_line' id='line_1_45' title="bbox 2408 2065 3984 2136; baseline -0.001 -18"><span class='ocrx_word' id='word_1_341' title='bbox 2408 2067 2595 2119; x_wconf 72' lang='grc' dir='ltr'>ϐάλλει</span> <span class='ocrx_word' id='word_1_342' title='bbox 2624 2067 2690 2118; x_wconf 74' lang='grc' dir='ltr'>τὰ</span> <span class='ocrx_word' id='word_1_343' title='bbox 2731 2069 2965 2136; x_wconf 72' lang='grc' dir='ltr'>πονηρά.</span> <span class='ocrx_word' id='word_1_344' title='bbox 3013 2067 3106 2118; x_wconf 82' lang='grc' dir='ltr'>Ἐκ</span> <span class='ocrx_word' id='word_1_345' title='bbox 3133 2066 3240 2136; x_wconf 73' lang='grc' dir='ltr'><strong>γὰρ</strong></span> <span class='ocrx_word' id='word_1_346' title='bbox 3269 2065 3364 2118; x_wconf 76' lang='grc' dir='ltr'><strong>τοῦ</strong></span> <span class='ocrx_word' id='word_1_347' title='bbox 3412 2066 3861 2135; x_wconf 72' lang='grc' dir='ltr'><strong>περισσεύματος</strong></span> <span class='ocrx_word' id='word_1_348' title='bbox 3888 2065 3984 2133; x_wconf 79' lang='grc' dir='ltr'><strong>τῆς</strong></span> 
     </span>
    </p>
   </div>
   <div class='ocr_carea' id='block_1_46' title="bbox 2408 2158 3984 2229">
    <p class='ocr_par' dir='ltr' id='par_1_46' title="bbox 2408 2158 3984 2229">
     <span class='ocr_line' id='line_1_46' title="bbox 2408 2158 3984 2229; baseline -0.002 -17"><span class='ocrx_word' id='word_1_349' title='bbox 2408 2159 2636 2228; x_wconf 79' lang='grc' dir='ltr'>καρδίας</span> <span class='ocrx_word' id='word_1_350' title='bbox 2682 2158 2743 2211; x_wconf 83' lang='grc' dir='ltr'>τὸ</span> <span class='ocrx_word' id='word_1_351' title='bbox 2790 2159 2964 2226; x_wconf 79' lang='grc' dir='ltr'>στόμα</span> <span class='ocrx_word' id='word_1_352' title='bbox 3022 2158 3193 2211; x_wconf 82' lang='grc' dir='ltr'>λαλεῖ.</span> <span class='ocrx_word' id='word_1_353' title='bbox 3220 2177 3238 2209; x_wconf 72' lang='grc' dir='ltr'><strong>ι</strong></span> <span class='ocrx_word' id='word_1_354' title='bbox 3277 2158 3437 2228; x_wconf 81' lang='grc' dir='ltr'><strong>Αὐτῷ</strong></span> <span class='ocrx_word' id='word_1_355' title='bbox 3480 2162 3513 2229; x_wconf 75' lang='grc' dir='ltr'>ἡ</span> <span class='ocrx_word' id='word_1_356' title='bbox 3566 2159 3695 2222; x_wconf 79' lang='grc' dir='ltr'>δόξα</span> <span class='ocrx_word' id='word_1_357' title='bbox 3742 2160 3825 2221; x_wconf 77' lang='grc' dir='ltr'><strong>είς</strong></span> <span class='ocrx_word' id='word_1_358' title='bbox 3862 2158 3984 2218; x_wconf 75' lang='grc' dir='ltr'>τοὺς</span> 
     </span>
    </p>
   </div>
   <div class='ocr_carea' id='block_1_47' title="bbox 2405 2251 2867 2320">
    <p class='ocr_par' dir='ltr' id='par_1_47' title="bbox 2405 2251 2867 2320">
     <span class='ocr_line' id='line_1_47' title="bbox 2405 2251 2867 2320; baseline -0.004 -17"><span class='ocrx_word' id='word_1_359' title='bbox 2405 2251 2627 2313; x_wconf 82' lang='grc' dir='ltr'>αἰῶνας.</span> <span class='ocrx_word' id='word_1_360' title='bbox 2675 2252 2867 2320; x_wconf 67' lang='grc' dir='ltr'><strong>Ἀμήν.</strong></span> 
     </span>
    </p>
   </div>
   <div class='ocr_carea' id='block_1_48' title="bbox 1898 2342 3983 2415">
    <p class='ocr_par' dir='ltr' id='par_1_48' title="bbox 1898 2342 3983 2415">
     <span class='ocr_line' id='line_1_48' title="bbox 1898 2342 3983 2415; baseline 0.002 -21"><span class='ocrx_word' id='word_1_361' title='bbox 1898 2342 2303 2407; x_wconf 88' lang='lat' dir='ltr'><strong>detractiones,</strong></span> <span class='ocrx_word' id='word_1_362' title='bbox 2346 2347 2771 2409; x_wconf 84' lang='lat' dir='ltr'><strong>susurrationes,</strong></span> <span class='ocrx_word' id='word_1_363' title='bbox 2818 2346 3128 2400; x_wconf 88' lang='lat' dir='ltr'><strong>inflationes</strong></span> <span class='ocrx_word' id='word_1_364' title='bbox 3192 2347 3271 2412; x_wconf 76' lang='lat' dir='ltr'><strong>M;</strong></span> <span class='ocrx_word' id='word_1_365' title='bbox 3319 2366 3335 2398; x_wconf 75' lang='grc' dir='ltr'><strong>ι</strong></span> <span class='ocrx_word' id='word_1_366' title='bbox 3408 2357 3464 2401; x_wconf 84' lang='lat' dir='ltr'><strong>et</strong></span> <span class='ocrx_word' id='word_1_367' title='bbox 3507 2364 3629 2415; x_wconf 78' lang='lat' dir='ltr'><strong>qua:</strong></span> <span class='ocrx_word' id='word_1_368' title='bbox 3669 2348 3867 2400; x_wconf 88' lang='lat' dir='ltr'><strong>ordine</strong></span> <span class='ocrx_word' id='word_1_369' title='bbox 3899 2363 3983 2399; x_wconf 83' lang='lat' dir='ltr'><strong>se-</strong></span> 
     </span>
    </p>
   </div>
   <div class='ocr_carea' id='block_1_49' title="bbox 735 2431 3986 2508">
    <p class='ocr_par' dir='ltr' id='par_1_49' title="bbox 735 2431 3986 2508">
     <span class='ocr_line' id='line_1_49' title="bbox 735 2431 3986 2508; baseline 0.003 -27"><span class='ocrx_word' id='word_1_370' title='bbox 735 2439 1002 2497; x_wconf 87' lang='lat' dir='ltr'><strong>qmmtur.</strong></span> <span class='ocrx_word' id='word_1_371' title='bbox 1052 2431 1317 2484; x_wconf 82' lang='lat' dir='ltr'><strong>Dominus</strong></span> <span class='ocrx_word' id='word_1_372' title='bbox 1364 2447 1528 2499; x_wconf 86' lang='lat' dir='ltr'><strong>porro</strong></span> <span class='ocrx_word' id='word_1_373' title='bbox 1558 2433 1675 2486; x_wconf 89' lang='lat' dir='ltr'><strong>ait:</strong></span> <span class='ocrx_word' id='word_1_374' title='bbox 1744 2452 1762 2483; x_wconf 75' lang='grc' dir='ltr'><strong>ι</strong></span> <span class='ocrx_word' id='word_1_375' title='bbox 1834 2434 2015 2489; x_wconf 80' lang='lat' dir='ltr'><strong>llonus</strong></span> <span class='ocrx_word' id='word_1_376' title='bbox 2063 2436 2226 2489; x_wconf 90' lang='lat' dir='ltr'><strong>homo</strong></span> <span class='ocrx_word' id='word_1_377' title='bbox 2278 2438 2345 2491; x_wconf 89' lang='lat' dir='ltr'><strong>de</strong></span> <span class='ocrx_word' id='word_1_378' title='bbox 2385 2438 2531 2492; x_wconf 91' lang='lat' dir='ltr'><strong>bono</strong></span> <span class='ocrx_word' id='word_1_379' title='bbox 2587 2440 2845 2492; x_wconf 76' lang='lat' dir='ltr'><strong>thesauro</strong></span> <span class='ocrx_word' id='word_1_380' title='bbox 2901 2440 3086 2493; x_wconf 89' lang='lat' dir='ltr'><strong>cordis</strong></span> <span class='ocrx_word' id='word_1_381' title='bbox 3146 2440 3229 2493; x_wconf 85' lang='lat' dir='ltr'><strong>sui</strong></span> <span class='ocrx_word' id='word_1_382' title='bbox 3280 2440 3492 2508; x_wconf 81' lang='lat' dir='ltr'><strong>profert</strong></span> <span class='ocrx_word' id='word_1_383' title='bbox 3526 2441 3756 2503; x_wconf 88' lang='lat' dir='ltr'><strong>bonum,</strong></span> <span class='ocrx_word' id='word_1_384' title='bbox 3811 2439 3986 2491; x_wconf 84' lang='lat' dir='ltr'><strong>malus</strong></span> 
     </span>
    </p>
   </div>
   <div class='ocr_carea' id='block_1_50' title="bbox 734 2522 3985 2601">
    <p class='ocr_par' dir='ltr' id='par_1_50' title="bbox 734 2522 3985 2601">
     <span class='ocr_line' id='line_1_50' title="bbox 734 2522 3985 2601; baseline 0.002 -26"><span class='ocrx_word' id='word_1_385' title='bbox 734 2530 918 2575; x_wconf 69' lang='lat' dir='ltr'><strong>uitem</strong></span> <span class='ocrx_word' id='word_1_386' title='bbox 956 2522 1121 2575; x_wconf 87' lang='lat' dir='ltr'><strong>homo</strong></span> <span class='ocrx_word' id='word_1_387' title='bbox 1174 2523 1242 2576; x_wconf 90' lang='lat' dir='ltr'><strong>de</strong></span> <span class='ocrx_word' id='word_1_388' title='bbox 1285 2524 1427 2576; x_wconf 91' lang='lat' dir='ltr'><strong>malo</strong></span> <span class='ocrx_word' id='word_1_389' title='bbox 1480 2524 1737 2578; x_wconf 85' lang='lat' dir='ltr'><strong>thesauro</strong></span> <span class='ocrx_word' id='word_1_390' title='bbox 1793 2526 1944 2595; x_wconf 88' lang='lat' dir='ltr'><strong>ejicit</strong></span> <span class='ocrx_word' id='word_1_391' title='bbox 1994 2528 2167 2591; x_wconf 87' lang='lat' dir='ltr'><strong>mala;</strong></span> <span class='ocrx_word' id='word_1_392' title='bbox 2210 2544 2277 2582; x_wconf 77' lang='lat' dir='ltr'><strong>ex</strong></span> <span class='ocrx_word' id='word_1_393' title='bbox 2317 2530 2651 2585; x_wconf 75' lang='lat' dir='ltr'><strong>abundantia</strong></span> <span class='ocrx_word' id='word_1_394' title='bbox 2699 2531 2846 2585; x_wconf 90' lang='lat' dir='ltr'><strong>enim</strong></span> <span class='ocrx_word' id='word_1_395' title='bbox 2886 2532 3074 2585; x_wconf 86' lang='lat' dir='ltr'><strong>cordis</strong></span> <span class='ocrx_word' id='word_1_396' title='bbox 3141 2548 3203 2585; x_wconf 86' lang='lat' dir='ltr'><strong>os</strong></span> <span class='ocrx_word' id='word_1_397' title='bbox 3259 2532 3505 2601; x_wconf 89' lang='lat' dir='ltr'><strong>loquitur</strong></span> <span class='ocrx_word' id='word_1_398' title='bbox 3532 2533 3596 2585; x_wconf 77' lang='lat'><strong>&quot;.</strong></span> <span class='ocrx_word' id='word_1_399' title='bbox 3635 2552 3652 2581; x_wconf 70' lang='grc' dir='ltr'><strong>ι</strong></span> <span class='ocrx_word' id='word_1_400' title='bbox 3685 2531 3985 2584; x_wconf 83' lang='lat' dir='ltr'><strong>lmmortali</strong></span> 
     </span>
    </p>
   </div>
   <div class='ocr_carea' id='block_1_51' title="bbox 738 2615 1693 2684">
    <p class='ocr_par' dir='ltr' id='par_1_51' title="bbox 738 2615 1693 2684">
     <span class='ocr_line' id='line_1_51' title="bbox 738 2615 1693 2684; baseline 0.004 -16"><span class='ocrx_word' id='word_1_401' title='bbox 738 2615 852 2669; x_wconf 81' lang='lat' dir='ltr'><strong>Deo</strong></span> <span class='ocrx_word' id='word_1_402' title='bbox 882 2617 953 2669; x_wconf 89' lang='lat' dir='ltr'><strong>sit</strong></span> <span class='ocrx_word' id='word_1_403' title='bbox 977 2617 1146 2684; x_wconf 77' lang='lat' dir='ltr'><strong>gloria</strong></span> <span class='ocrx_word' id='word_1_404' title='bbox 1174 2617 1225 2669; x_wconf 90' lang='lat' dir='ltr'><strong>in</strong></span> <span class='ocrx_word' id='word_1_405' title='bbox 1251 2618 1468 2670; x_wconf 63' lang='lat' dir='ltr'><strong>saecula.</strong></span> <span class='ocrx_word' id='word_1_406' title='bbox 1501 2621 1693 2672; x_wconf 75' lang='lat' dir='ltr'><strong>Amen.</strong></span> 
     </span>
    </p>
   </div>
   <div class='ocr_carea' id='block_1_52' title="bbox 1147 2752 1903 2821">
    <p class='ocr_par' dir='ltr' id='par_1_52' title="bbox 1147 2752 1903 2821">
     <span class='ocr_line' id='line_1_52' title="bbox 1147 2752 1903 2821; baseline -0.005 -10"><span class='ocrx_word' id='word_1_407' title='bbox 1147 2753 1359 2821; x_wconf 77' lang='lat'><strong>1080</strong></span> <span class='ocrx_word' id='word_1_408' title='bbox 1399 2752 1681 2807; x_wconf 76' lang='lat' dir='ltr'><strong>llOMl!.l.-\</strong></span> <span class='ocrx_word' id='word_1_409' title='bbox 1714 2754 1903 2807; x_wconf 70' lang='lat' dir='ltr'><strong>XXXI.</strong></span> 
     </span>
    </p>
   </div>
   <div class='ocr_carea' id='block_1_53' title="bbox 745 2861 2311 2935">
    <p class='ocr_par' dir='ltr' id='par_1_53' title="bbox 745 2861 2311 2935">
     <span class='ocr_line' id='line_1_53' title="bbox 745 2861 2311 2935; baseline 0.002 -19"><span class='ocrx_word' id='word_1_410' title='bbox 745 2862 811 2916; x_wconf 75' lang='lat' dir='ltr'><strong>L’t</strong></span> <span class='ocrx_word' id='word_1_411' title='bbox 822 2879 886 2915; x_wconf 87' lang='lat' dir='ltr'><strong>ne</strong></span> <span class='ocrx_word' id='word_1_412' title='bbox 901 2861 1109 2915; x_wconf 77' lang='lat' dir='ltr'><strong>delator</strong></span> <span class='ocrx_word' id='word_1_413' title='bbox 1126 2863 1375 2916; x_wconf 72' lang='lat' dir='ltr'><strong>oneratus</strong></span> <span class='ocrx_word' id='word_1_414' title='bbox 1387 2866 1479 2927; x_wconf 74' lang='lat' dir='ltr'><strong>sis,</strong></span> <span class='ocrx_word' id='word_1_415' title='bbox 1492 2874 1584 2917; x_wconf 84' lang='lat' dir='ltr'><strong>aut</strong></span> <span class='ocrx_word' id='word_1_416' title='bbox 1602 2867 1932 2934; x_wconf 78' lang='lat' dir='ltr'><strong>importunus</strong></span> <span class='ocrx_word' id='word_1_417' title='bbox 1951 2868 2311 2935; x_wconf 70' lang='lat' dir='ltr'><strong>reprehensor.</strong></span> 
     </span>
    </p>
   </div>
   <div class='ocr_carea' id='block_1_54' title="bbox 808 2996 2314 3069">
    <p class='ocr_par' dir='ltr' id='par_1_54' title="bbox 808 2996 2314 3069">
     <span class='ocr_line' id='line_1_54' title="bbox 808 2996 2314 3069; baseline 0.001 -17"><span class='ocrx_word' id='word_1_418' title='bbox 808 2996 889 3052; x_wconf 82' lang='lat' dir='ltr'><strong>Ne</strong></span> <span class='ocrx_word' id='word_1_419' title='bbox 908 2997 1220 3066; x_wconf 86' lang='lat' dir='ltr'><strong>quempiam</strong></span> <span class='ocrx_word' id='word_1_420' title='bbox 1249 3000 1466 3053; x_wconf 88' lang='lat' dir='ltr'><strong>incuses</strong></span> <span class='ocrx_word' id='word_1_421' title='bbox 1486 3009 1580 3052; x_wconf 93' lang='lat' dir='ltr'><strong>aut</strong></span> <span class='ocrx_word' id='word_1_422' title='bbox 1596 2999 1812 3053; x_wconf 79' lang='lat' dir='ltr'><strong>deferas</strong></span> <span class='ocrx_word' id='word_1_423' title='bbox 1832 3000 2314 3069; x_wconf 83' lang='lat' dir='ltr'><strong>intempestiviter,</strong></span> 
     </span>
    </p>
   </div>
   <div class='ocr_carea' id='block_1_55' title="bbox 3013 2757 3361 2809">
    <p class='ocr_par' dir='ltr' id='par_1_55' title="bbox 3013 2757 3361 2809">
     <span class='ocr_line' id='line_1_55' title="bbox 3013 2757 3361 2809; baseline 0 -1"><span class='ocrx_word' id='word_1_424' title='bbox 3013 2757 3075 2808; x_wconf 82' lang='grc' dir='ltr'><strong>Λ(</strong></span> <span class='ocrx_word' id='word_1_425' title='bbox 3086 2758 3229 2808; x_wconf 73' lang='grc' dir='ltr'>»Γοε</span> <span class='ocrx_word' id='word_1_426' title='bbox 3260 2760 3295 2809; x_wconf 86' lang='lat'><strong>.\</strong></span> <span class='ocrx_word' id='word_1_427' title='bbox 3307 2759 3361 2809; x_wconf 59' lang='grc' dir='ltr'><strong>ιν</strong></span> 
     </span>
    </p>
   </div>
   <div class='ocr_carea' id='block_1_56' title="bbox 2797 2864 3573 2935">
    <p class='ocr_par' dir='ltr' id='par_1_56' title="bbox 2797 2864 3573 2935">
     <span class='ocr_line' id='line_1_56' title="bbox 2797 2864 3573 2935; baseline 0.003 -18"><span class='ocrx_word' id='word_1_428' title='bbox 2797 2866 2933 2931; x_wconf 57' lang='grc' dir='ltr'><em>11η)</em></span> <span class='ocrx_word' id='word_1_429' title='bbox 2972 2864 3076 2919; x_wconf 87' lang='grc' dir='ltr'><strong>τοῦ</strong></span> <span class='ocrx_word' id='word_1_430' title='bbox 3110 2864 3197 2933; x_wconf 78' lang='grc' dir='ltr'><strong>μὴ</strong></span> <span class='ocrx_word' id='word_1_431' title='bbox 3232 2866 3573 2935; x_wconf 52' lang='grc' dir='ltr'>μέμφεσθαι</span> 
     </span>
    </p>
   </div>
   <div class='ocr_carea' id='block_1_57' title="bbox 2482 2994 3985 3070">
    <p class='ocr_par' dir='ltr' id='par_1_57' title="bbox 2482 2994 3985 3070">
     <span class='ocr_line' id='line_1_57' title="bbox 2482 2994 3985 3070; baseline 0.004 -23"><span class='ocrx_word' id='word_1_432' title='bbox 2482 2995 2557 3047; x_wconf 83' lang='grc' dir='ltr'>Τὸ</span> <span class='ocrx_word' id='word_1_433' title='bbox 2589 2994 2904 3063; x_wconf 75' lang='grc' dir='ltr'>μέμφεσθαι</span> <span class='ocrx_word' id='word_1_434' title='bbox 2934 2996 3179 3065; x_wconf 76' lang='grc' dir='ltr'>ἀκαίρως</span> <span class='ocrx_word' id='word_1_435' title='bbox 3205 2997 3300 3049; x_wconf 80' lang='grc' dir='ltr'>καὶ</span> <span class='ocrx_word' id='word_1_436' title='bbox 3324 2996 3701 3062; x_wconf 73' lang='grc' dir='ltr'><strong>ἀνεξετάστως</strong></span> <span class='ocrx_word' id='word_1_437' title='bbox 3725 3041 3739 3057; x_wconf 83' lang='grc'><strong>,</strong></span> <span class='ocrx_word' id='word_1_438' title='bbox 3776 3001 3985 3070; x_wconf 71' lang='grc' dir='ltr'><strong>ἀπηγὼ</strong></span> 
     </span>
    </p>
   </div>
   <div class='ocr_carea' id='block_1_58' title="bbox 743 3086 2307 3162">
    <p class='ocr_par' dir='ltr' id='par_1_58' title="bbox 743 3088 2307 3160">
     <span class='ocr_line' id='line_1_58' title="bbox 743 3088 2307 3160; baseline 0.003 -20"><span class='ocrx_word' id='word_1_439' title='bbox 743 3105 851 3141; x_wconf 86' lang='lat' dir='ltr'><strong>neu</strong></span> <span class='ocrx_word' id='word_1_440' title='bbox 888 3088 957 3142; x_wconf 91' lang='lat' dir='ltr'><strong>de</strong></span> <span class='ocrx_word' id='word_1_441' title='bbox 987 3105 1045 3143; x_wconf 89' lang='lat' dir='ltr'><strong>re</strong></span> <span class='ocrx_word' id='word_1_442' title='bbox 1086 3090 1196 3142; x_wconf 90' lang='lat' dir='ltr'><strong>ulla</strong></span> <span class='ocrx_word' id='word_1_443' title='bbox 1231 3089 1553 3157; x_wconf 87' lang='lat' dir='ltr'><strong>dequcraris</strong></span> <span class='ocrx_word' id='word_1_444' title='bbox 1586 3107 1695 3144; x_wconf 89' lang='lat' dir='ltr'><strong>non</strong></span> <span class='ocrx_word' id='word_1_445' title='bbox 1735 3092 1870 3145; x_wconf 90' lang='lat' dir='ltr'><strong>satis</strong></span> <span class='ocrx_word' id='word_1_446' title='bbox 1898 3108 2058 3160; x_wconf 69' lang='lat' dir='ltr'><strong>aequo</strong></span> <span class='ocrx_word' id='word_1_447' title='bbox 2094 3094 2307 3146; x_wconf 79' lang='lat' dir='ltr'><strong>exami-</strong></span> 
     </span>
    </p>
   </div>
   <div class='ocr_carea' id='block_1_59' title="bbox 2414 3086 3989 3162">
    <p class='ocr_par' dir='ltr' id='par_1_59' title="bbox 2419 3086 3989 3162">
     <span class='ocr_line' id='line_1_59' title="bbox 2419 3086 3989 3162; baseline 0.004 -24"><span class='ocrx_word' id='word_1_448' title='bbox 2419 3104 2603 3156; x_wconf 84' lang='grc' dir='ltr'>ρευται</span> <span class='ocrx_word' id='word_1_449' title='bbox 2645 3087 2793 3155; x_wconf 64' lang='grc' dir='ltr'>παρὰ</span> <span class='ocrx_word' id='word_1_450' title='bbox 2826 3090 2893 3156; x_wconf 76' lang='grc' dir='ltr'><strong>τῇ</strong></span> <span class='ocrx_word' id='word_1_451' title='bbox 2933 3086 3052 3156; x_wconf 74' lang='grc' dir='ltr'>θεία</span> <span class='ocrx_word' id='word_1_452' title='bbox 3099 3088 3311 3156; x_wconf 82' lang='grc' dir='ltr'>Γραφῇ,</span> <span class='ocrx_word' id='word_1_453' title='bbox 3367 3092 3415 3141; x_wconf 88' lang='grc' dir='ltr'>εἰ</span> <span class='ocrx_word' id='word_1_454' title='bbox 3456 3093 3711 3158; x_wconf 79' lang='grc' dir='ltr'>μήπουγε</span> <span class='ocrx_word' id='word_1_455' title='bbox 3774 3094 3882 3162; x_wconf 82' lang='grc' dir='ltr'>ἄρα</span> <span class='ocrx_word' id='word_1_456' title='bbox 3908 3110 3989 3154; x_wconf 79' lang='grc' dir='ltr'><strong>τις</strong></span> 
     </span>
    </p>
   </div>
   <div class='ocr_carea' id='block_1_60' title="bbox 746 3181 2310 3252">
    <p class='ocr_par' dir='ltr' id='par_1_60' title="bbox 746 3181 2310 3252">
     <span class='ocr_line' id='line_1_60' title="bbox 746 3181 2310 3252; baseline 0.003 -19"><span class='ocrx_word' id='word_1_457' title='bbox 746 3195 815 3233; x_wconf 87' lang='lat' dir='ltr'><strong>ne</strong></span> <span class='ocrx_word' id='word_1_458' title='bbox 848 3196 1140 3249; x_wconf 88' lang='lat' dir='ltr'><strong>perpensa,</strong></span> <span class='ocrx_word' id='word_1_459' title='bbox 1165 3181 1459 3235; x_wconf 89' lang='lat' dir='ltr'><strong>interdicto</strong></span> <span class='ocrx_word' id='word_1_460' title='bbox 1497 3182 1780 3252; x_wconf 88' lang='lat' dir='ltr'><strong>Scriptura</strong></span> <span class='ocrx_word' id='word_1_461' title='bbox 1811 3185 1976 3247; x_wconf 90' lang='lat' dir='ltr'><strong>cavit,</strong></span> <span class='ocrx_word' id='word_1_462' title='bbox 2024 3186 2125 3237; x_wconf 90' lang='lat' dir='ltr'><strong>nisi</strong></span> <span class='ocrx_word' id='word_1_463' title='bbox 2168 3184 2310 3239; x_wconf 86' lang='lat' dir='ltr'><strong>forte</strong></span> 
     </span>
    </p>
   </div>
   <div class='ocr_carea' id='block_1_61' title="bbox 744 3272 2308 3343">
    <p class='ocr_par' dir='ltr' id='par_1_61' title="bbox 744 3272 2308 3343">
     <span class='ocr_line' id='line_1_61' title="bbox 744 3272 2308 3343; baseline 0.003 -19"><span class='ocrx_word' id='word_1_464' title='bbox 744 3272 790 3326; x_wconf 78' lang='lat' dir='ltr'><strong>si</strong></span> <span class='ocrx_word' id='word_1_465' title='bbox 823 3273 949 3339; x_wconf 90' lang='lat' dir='ltr'><strong>quis</strong></span> <span class='ocrx_word' id='word_1_466' title='bbox 990 3272 1255 3324; x_wconf 89' lang='lat' dir='ltr'><strong>adversus</strong></span> <span class='ocrx_word' id='word_1_467' title='bbox 1289 3274 1600 3341; x_wconf 79' lang='lat' dir='ltr'><strong>proximum</strong></span> <span class='ocrx_word' id='word_1_468' title='bbox 1644 3275 1989 3343; x_wconf 90' lang='lat' dir='ltr'><strong>querimonia</strong></span> <span class='ocrx_word' id='word_1_469' title='bbox 2021 3277 2100 3328; x_wconf 91' lang='lat' dir='ltr'><strong>uti</strong></span> <span class='ocrx_word' id='word_1_470' title='bbox 2138 3277 2308 3340; x_wconf 88' lang='lat' dir='ltr'><strong>volet,</strong></span> 
     </span>
    </p>
   </div>
   <div class='ocr_carea' id='block_1_62' title="bbox 747 3360 2312 3433">
    <p class='ocr_par' dir='ltr' id='par_1_62' title="bbox 747 3360 2312 3433">
     <span class='ocr_line' id='line_1_62' title="bbox 747 3360 2312 3433; baseline 0.003 -21"><span class='ocrx_word' id='word_1_471' title='bbox 747 3369 807 3413; x_wconf 94' lang='lat' dir='ltr'><strong>ut</strong></span> <span class='ocrx_word' id='word_1_472' title='bbox 856 3360 902 3414; x_wconf 92' lang='lat' dir='ltr'><strong>is</strong></span> <span class='ocrx_word' id='word_1_473' title='bbox 938 3361 1005 3414; x_wconf 86' lang='lat' dir='ltr'><strong>ad</strong></span> <span class='ocrx_word' id='word_1_474' title='bbox 1047 3361 1147 3414; x_wconf 70' lang='lat' dir='ltr'><strong>via:</strong></span> <span class='ocrx_word' id='word_1_475' title='bbox 1188 3362 1572 3416; x_wconf 82' lang='lat' dir='ltr'><strong>rectitudinem</strong></span> <span class='ocrx_word' id='word_1_476' title='bbox 1606 3379 1664 3416; x_wconf 91' lang='lat' dir='ltr'><strong>se</strong></span> <span class='ocrx_word' id='word_1_477' title='bbox 1710 3365 1972 3433; x_wconf 89' lang='lat' dir='ltr'><strong>recipiat.</strong></span> <span class='ocrx_word' id='word_1_478' title='bbox 2013 3366 2115 3430; x_wconf 76' lang='lat' dir='ltr'><strong>Qui</strong></span> <span class='ocrx_word' id='word_1_479' title='bbox 2164 3366 2312 3418; x_wconf 88' lang='lat' dir='ltr'><strong>enim</strong></span> 
     </span>
    </p>
   </div>
   <div class='ocr_carea' id='block_1_63' title="bbox 746 3451 2311 3523">
    <p class='ocr_par' dir='ltr' id='par_1_63' title="bbox 746 3451 2311 3523">
     <span class='ocr_line' id='line_1_63' title="bbox 746 3451 2311 3523; baseline 0.004 -18"><span class='ocrx_word' id='word_1_480' title='bbox 746 3452 842 3505; x_wconf 82' lang='lat' dir='ltr'><strong>Dei</strong></span> <span class='ocrx_word' id='word_1_481' title='bbox 877 3451 1010 3504; x_wconf 92' lang='lat' dir='ltr'><strong>illud</strong></span> <span class='ocrx_word' id='word_1_482' title='bbox 1038 3452 1355 3505; x_wconf 91' lang='lat' dir='ltr'><strong>mandatmu</strong></span> <span class='ocrx_word' id='word_1_483' title='bbox 1401 3463 1687 3507; x_wconf 89' lang='lat' dir='ltr'><strong>reveretur</strong></span> <span class='ocrx_word' id='word_1_484' title='bbox 1728 3456 1873 3523; x_wconf 90' lang='lat' dir='ltr'><strong>quod</strong></span> <span class='ocrx_word' id='word_1_485' title='bbox 1904 3466 1990 3510; x_wconf 89' lang='lat' dir='ltr'><strong>est</strong></span> <span class='ocrx_word' id='word_1_486' title='bbox 2024 3474 2037 3510; x_wconf 88' lang='lat'><strong>:</strong></span> <span class='ocrx_word' id='word_1_487' title='bbox 2085 3477 2101 3506; x_wconf 74' lang='grc' dir='ltr'><strong>ι</strong></span> <span class='ocrx_word' id='word_1_488' title='bbox 2134 3457 2311 3512; x_wconf 79' lang='lat' dir='ltr'><strong>Nolite</strong></span> 
     </span>
    </p>
   </div>
   <div class='ocr_carea' id='block_1_64' title="bbox 745 3542 2313 3616">
    <p class='ocr_par' dir='ltr' id='par_1_64' title="bbox 745 3542 2313 3616">
     <span class='ocr_line' id='line_1_64' title="bbox 745 3542 2313 3616; baseline 0.004 -22"><span class='ocrx_word' id='word_1_489' title='bbox 745 3542 1140 3605; x_wconf 84' lang='lat' dir='ltr'><strong>eondemnare,</strong></span> <span class='ocrx_word' id='word_1_490' title='bbox 1184 3553 1244 3597; x_wconf 93' lang='lat' dir='ltr'><strong>ut</strong></span> <span class='ocrx_word' id='word_1_491' title='bbox 1277 3560 1343 3596; x_wconf 94' lang='lat' dir='ltr'><strong>ne</strong></span> <span class='ocrx_word' id='word_1_492' title='bbox 1395 3543 1837 3598; x_wconf 81' lang='lat' dir='ltr'><strong>eondemnemini</strong></span> <span class='ocrx_word' id='word_1_493' title='bbox 1868 3547 1934 3608; x_wconf 75' lang='grc'><strong>⁸³,</strong></span> <span class='ocrx_word' id='word_1_494' title='bbox 1967 3565 1984 3597; x_wconf 73' lang='grc' dir='ltr'><strong>ι</strong></span> <span class='ocrx_word' id='word_1_495' title='bbox 2030 3563 2159 3600; x_wconf 82' lang='lat' dir='ltr'><strong>suos</strong></span> <span class='ocrx_word' id='word_1_496' title='bbox 2198 3549 2313 3616; x_wconf 89' lang='lat' dir='ltr'><strong>ipse</strong></span> 
     </span>
    </p>
   </div>
   <div class='ocr_carea' id='block_1_65' title="bbox 746 3635 2315 3705">
    <p class='ocr_par' dir='ltr' id='par_1_65' title="bbox 746 3635 2315 3705">
     <span class='ocr_line' id='line_1_65' title="bbox 746 3635 2315 3705; baseline 0.003 -16"><span class='ocrx_word' id='word_1_497' title='bbox 746 3635 995 3689; x_wconf 87' lang='lat' dir='ltr'><strong>defectus</strong></span> <span class='ocrx_word' id='word_1_498' title='bbox 1044 3651 1153 3687; x_wconf 89' lang='lat' dir='ltr'><strong>non</strong></span> <span class='ocrx_word' id='word_1_499' title='bbox 1208 3637 1509 3688; x_wconf 86' lang='lat' dir='ltr'><strong>oscitanter</strong></span> <span class='ocrx_word' id='word_1_500' title='bbox 1566 3637 1851 3705; x_wconf 91' lang='lat' dir='ltr'><strong>perspicit.</strong></span> <span class='ocrx_word' id='word_1_501' title='bbox 1888 3638 1988 3691; x_wconf 76' lang='lat' dir='ltr'><strong>Vix</strong></span> <span class='ocrx_word' id='word_1_502' title='bbox 2044 3638 2315 3694; x_wconf 82' lang='lat' dir='ltr'><strong>credibile</strong></span> 
     </span>
    </p>
   </div>
   <div class='ocr_carea' id='block_1_66' title="bbox 747 3725 2316 3796">
    <p class='ocr_par' dir='ltr' id='par_1_66' title="bbox 747 3725 2316 3796">
     <span class='ocr_line' id='line_1_66' title="bbox 747 3725 2316 3796; baseline 0.003 -18"><span class='ocrx_word' id='word_1_503' title='bbox 747 3741 911 3796; x_wconf 89' lang='lat' dir='ltr'><strong>quam</strong></span> <span class='ocrx_word' id='word_1_504' title='bbox 942 3726 1012 3778; x_wconf 85' lang='lat' dir='ltr'><strong>sit</strong></span> <span class='ocrx_word' id='word_1_505' title='bbox 1036 3725 1240 3778; x_wconf 87' lang='lat' dir='ltr'><strong>hmnini</strong></span> <span class='ocrx_word' id='word_1_506' title='bbox 1271 3725 1750 3788; x_wconf 81' lang='lat' dir='ltr'><strong>detrimentosum,</strong></span> <span class='ocrx_word' id='word_1_507' title='bbox 1768 3737 1875 3779; x_wconf 88' lang='lat' dir='ltr'><strong>tam</strong></span> <span class='ocrx_word' id='word_1_508' title='bbox 1898 3735 2169 3780; x_wconf 90' lang='lat' dir='ltr'><strong>attentum</strong></span> <span class='ocrx_word' id='word_1_509' title='bbox 2194 3744 2316 3783; x_wconf 88' lang='lat' dir='ltr'><strong>esse</strong></span> 
     </span>
    </p>
   </div>
   <div class='ocr_carea' id='block_1_67' title="bbox 745 3817 2315 3888">
    <p class='ocr_par' dir='ltr' id='par_1_67' title="bbox 745 3817 2315 3888">
     <span class='ocr_line' id='line_1_67' title="bbox 745 3817 2315 3888; baseline 0.001 -15"><span class='ocrx_word' id='word_1_510' title='bbox 745 3829 802 3873; x_wconf 88' lang='lat' dir='ltr'><strong>et</strong></span> <span class='ocrx_word' id='word_1_511' title='bbox 830 3821 1067 3873; x_wconf 86' lang='lat' dir='ltr'><strong>alacrem</strong></span> <span class='ocrx_word' id='word_1_512' title='bbox 1099 3818 1166 3871; x_wconf 91' lang='lat' dir='ltr'><strong>ad</strong></span> <span class='ocrx_word' id='word_1_513' title='bbox 1196 3818 1430 3871; x_wconf 90' lang='lat' dir='ltr'><strong>aliorum</strong></span> <span class='ocrx_word' id='word_1_514' title='bbox 1458 3817 1771 3871; x_wconf 86' lang='lat' dir='ltr'><strong>contuenda</strong></span> <span class='ocrx_word' id='word_1_515' title='bbox 1798 3827 1963 3885; x_wconf 90' lang='lat' dir='ltr'><strong>atque</strong></span> <span class='ocrx_word' id='word_1_516' title='bbox 1996 3821 2315 3888; x_wconf 78' lang='lat' dir='ltr'><strong>expenden-</strong></span> 
     </span>
    </p>
   </div>
   <div class='ocr_carea' id='block_1_68' title="bbox 748 3909 2311 3977">
    <p class='ocr_par' dir='ltr' id='par_1_68' title="bbox 748 3909 2311 3977">
     <span class='ocr_line' id='line_1_68' title="bbox 748 3909 2311 3977; baseline 0 -13"><span class='ocrx_word' id='word_1_517' title='bbox 748 3912 814 3964; x_wconf 92' lang='lat' dir='ltr'><strong>da</strong></span> <span class='ocrx_word' id='word_1_518' title='bbox 850 3920 1052 3971; x_wconf 88' lang='lat' dir='ltr'><strong>errata,</strong></span> <span class='ocrx_word' id='word_1_519' title='bbox 1077 3911 1192 3963; x_wconf 89' lang='lat' dir='ltr'><strong>suis</strong></span> <span class='ocrx_word' id='word_1_520' title='bbox 1220 3910 1438 3963; x_wconf 91' lang='lat' dir='ltr'><strong>interim</strong></span> <span class='ocrx_word' id='word_1_521' title='bbox 1468 3909 1673 3963; x_wconf 88' lang='lat' dir='ltr'><strong>debitis</strong></span> <span class='ocrx_word' id='word_1_522' title='bbox 1712 3925 1809 3977; x_wconf 89' lang='lat' dir='ltr'><strong>per</strong></span> <span class='ocrx_word' id='word_1_523' title='bbox 1840 3910 2188 3963; x_wconf 87' lang='lat' dir='ltr'><strong>oseitantiam</strong></span> <span class='ocrx_word' id='word_1_524' title='bbox 2218 3927 2311 3964; x_wconf 81' lang='lat' dir='ltr'><strong>ne-</strong></span> 
     </span>
    </p>
   </div>
   <div class='ocr_carea' id='block_1_69' title="bbox 749 4001 2317 4074">
    <p class='ocr_par' dir='ltr' id='par_1_69' title="bbox 749 4001 2317 4074">
     <span class='ocr_line' id='line_1_69' title="bbox 749 4001 2317 4074; baseline -0.001 -17"><span class='ocrx_word' id='word_1_525' title='bbox 749 4003 962 4074; x_wconf 74' lang='lat' dir='ltr'><strong>glectis.</strong></span> <span class='ocrx_word' id='word_1_526' title='bbox 1001 4004 1136 4056; x_wconf 91' lang='lat' dir='ltr'><strong>Dum</strong></span> <span class='ocrx_word' id='word_1_527' title='bbox 1184 4003 1332 4055; x_wconf 88' lang='lat' dir='ltr'><strong>enim</strong></span> <span class='ocrx_word' id='word_1_528' title='bbox 1382 4010 1490 4055; x_wconf 89' lang='lat' dir='ltr'><strong>tam</strong></span> <span class='ocrx_word' id='word_1_529' title='bbox 1538 4017 1600 4055; x_wconf 90' lang='lat' dir='ltr'><strong>es</strong></span> <span class='ocrx_word' id='word_1_530' title='bbox 1644 4001 1880 4054; x_wconf 90' lang='lat' dir='ltr'><strong>aliormn</strong></span> <span class='ocrx_word' id='word_1_531' title='bbox 1920 4002 2317 4071; x_wconf 86' lang='lat' dir='ltr'><strong>deprehensor,</strong></span> 
     </span>
    </p>
   </div>
   <div class='ocr_carea' id='block_1_70' title="bbox 748 4092 2323 4162">
    <p class='ocr_par' dir='ltr' id='par_1_70' title="bbox 748 4092 2323 4162">
     <span class='ocr_line' id='line_1_70' title="bbox 748 4092 2323 4162; baseline 0.001 -15"><span class='ocrx_word' id='word_1_532' title='bbox 748 4095 1015 4162; x_wconf 86' lang='lat' dir='ltr'><strong>querulus</strong></span> <span class='ocrx_word' id='word_1_533' title='bbox 1041 4102 1136 4148; x_wconf 91' lang='lat' dir='ltr'><strong>aut</strong></span> <span class='ocrx_word' id='word_1_534' title='bbox 1165 4094 1402 4157; x_wconf 88' lang='lat' dir='ltr'><strong>delator,</strong></span> <span class='ocrx_word' id='word_1_535' title='bbox 1457 4092 1598 4147; x_wconf 89' lang='lat' dir='ltr'><strong>nihil</strong></span> <span class='ocrx_word' id='word_1_536' title='bbox 1627 4093 1815 4146; x_wconf 88' lang='lat' dir='ltr'><strong>dubiis</strong></span> <span class='ocrx_word' id='word_1_537' title='bbox 1844 4096 2190 4161; x_wconf 78' lang='lat' dir='ltr'><strong>argumentis</strong></span> <span class='ocrx_word' id='word_1_538' title='bbox 2245 4106 2323 4149; x_wconf 88' lang='lat' dir='ltr'><strong>te-</strong></span> 
     </span>
    </p>
   </div>
   <div class='ocr_carea' id='block_1_71' title="bbox 751 4184 2319 4254">
    <p class='ocr_par' dir='ltr' id='par_1_71' title="bbox 751 4184 2319 4254">
     <span class='ocr_line' id='line_1_71' title="bbox 751 4184 2319 4254; baseline -0.002 -13"><span class='ocrx_word' id='word_1_539' title='bbox 751 4186 930 4254; x_wconf 86' lang='lat' dir='ltr'><strong>ipsum</strong></span> <span class='ocrx_word' id='word_1_540' title='bbox 957 4184 1203 4239; x_wconf 89' lang='lat' dir='ltr'><strong>declaras</strong></span> <span class='ocrx_word' id='word_1_541' title='bbox 1243 4185 1576 4253; x_wconf 84' lang='lat' dir='ltr'><strong>inculpatum</strong></span> <span class='ocrx_word' id='word_1_542' title='bbox 1620 4200 1739 4239; x_wconf 87' lang='lat' dir='ltr'><strong>esse</strong></span> <span class='ocrx_word' id='word_1_543' title='bbox 1771 4194 1827 4238; x_wconf 92' lang='lat' dir='ltr'><strong>et</strong></span> <span class='ocrx_word' id='word_1_544' title='bbox 1858 4186 2319 4253; x_wconf 88' lang='lat' dir='ltr'><strong>irreprehensihi-</strong></span> 
     </span>
    </p>
   </div>
   <div class='ocr_carea' id='block_1_72' title="bbox 752 4274 2322 4343">
    <p class='ocr_par' dir='ltr' id='par_1_72' title="bbox 752 4274 2322 4343">
     <span class='ocr_line' id='line_1_72' title="bbox 752 4274 2322 4343; baseline -0.001 -14"><span class='ocrx_word' id='word_1_545' title='bbox 752 4278 881 4329; x_wconf 89' lang='lat' dir='ltr'><strong>lem.</strong></span> <span class='ocrx_word' id='word_1_546' title='bbox 908 4276 1085 4336; x_wconf 92' lang='lat' dir='ltr'><strong>llunc,</strong></span> <span class='ocrx_word' id='word_1_547' title='bbox 1104 4274 1356 4343; x_wconf 87' lang='lat' dir='ltr'><strong>quisquis</strong></span> <span class='ocrx_word' id='word_1_548' title='bbox 1369 4275 1639 4342; x_wconf 86' lang='lat' dir='ltr'><strong>ejusmodi</strong></span> <span class='ocrx_word' id='word_1_549' title='bbox 1656 4283 1761 4336; x_wconf 79' lang='lat' dir='ltr'><strong>est,</strong></span> <span class='ocrx_word' id='word_1_550' title='bbox 1778 4274 2148 4329; x_wconf 84' lang='lat' dir='ltr'><strong>infensissime</strong></span> <span class='ocrx_word' id='word_1_551' title='bbox 2166 4292 2322 4329; x_wconf 84' lang='lat' dir='ltr'><strong>aver-</strong></span> 
     </span>
    </p>
   </div>
   <div class='ocr_carea' id='block_1_73' title="bbox 752 4365 2315 4435">
    <p class='ocr_par' dir='ltr' id='par_1_73' title="bbox 752 4365 2315 4435">
     <span class='ocr_line' id='line_1_73' title="bbox 752 4365 2315 4435; baseline -0.001 -15"><span class='ocrx_word' id='word_1_552' title='bbox 752 4379 904 4421; x_wconf 80' lang='lat' dir='ltr'><strong>satur</strong></span> <span class='ocrx_word' id='word_1_553' title='bbox 927 4366 1093 4428; x_wconf 84' lang='lat' dir='ltr'><strong>Dcus,</strong></span> <span class='ocrx_word' id='word_1_554' title='bbox 1126 4374 1181 4419; x_wconf 90' lang='lat' dir='ltr'><strong>et</strong></span> <span class='ocrx_word' id='word_1_555' title='bbox 1211 4382 1241 4419; x_wconf 93' lang='lat' dir='ltr'><strong>a</strong></span> <span class='ocrx_word' id='word_1_556' title='bbox 1271 4381 1328 4418; x_wconf 88' lang='lat' dir='ltr'><strong>se</strong></span> <span class='ocrx_word' id='word_1_557' title='bbox 1353 4366 1567 4433; x_wconf 86' lang='lat' dir='ltr'><strong>repellit</strong></span> <span class='ocrx_word' id='word_1_558' title='bbox 1594 4381 1758 4435; x_wconf 82' lang='lat' dir='ltr'><strong>quam</strong></span> <span class='ocrx_word' id='word_1_559' title='bbox 1793 4365 2129 4435; x_wconf 86' lang='lat' dir='ltr'><strong>longissime.</strong></span> <span class='ocrx_word' id='word_1_560' title='bbox 2158 4366 2315 4431; x_wconf 84' lang='lat' dir='ltr'><strong>Quod</strong></span> 
     </span>
    </p>
   </div>
   <div class='ocr_carea' id='block_1_74' title="bbox 2417 3175 3989 3250">
    <p class='ocr_par' dir='ltr' id='par_1_74' title="bbox 2417 3175 3989 3250">
     <span class='ocr_line' id='line_1_74' title="bbox 2417 3175 3989 3250; baseline 0.004 -23"><span class='ocrx_word' id='word_1_561' title='bbox 2417 3176 2553 3245; x_wconf 69' lang='grc' dir='ltr'>πρὸς</span> <span class='ocrx_word' id='word_1_562' title='bbox 2595 3176 2970 3245; x_wconf 78' lang='grc' dir='ltr'>ἐπανόρθωσιν</span> <span class='ocrx_word' id='word_1_563' title='bbox 3004 3175 3098 3229; x_wconf 80' lang='grc' dir='ltr'><strong>τοῦ</strong></span> <span class='ocrx_word' id='word_1_564' title='bbox 3124 3178 3450 3240; x_wconf 80' lang='grc' dir='ltr'>ἐπταικότος</span> <span class='ocrx_word' id='word_1_565' title='bbox 3491 3178 3556 3230; x_wconf 74' lang='grc' dir='ltr'>δι’</span> <span class='ocrx_word' id='word_1_566' title='bbox 3603 3181 3831 3250; x_wconf 71' lang='grc' dir='ltr'>ἀγάπην</span> <span class='ocrx_word' id='word_1_567' title='bbox 3866 3182 3989 3248; x_wconf 74' lang='grc' dir='ltr'><strong>βού-</strong></span> 
     </span>
    </p>
   </div>
   <div class='ocr_carea' id='block_1_75' title="bbox 2416 3270 3988 3344">
    <p class='ocr_par' dir='ltr' id='par_1_75' title="bbox 2416 3270 3988 3344">
     <span class='ocr_line' id='line_1_75' title="bbox 2416 3270 3988 3344; baseline 0.005 -23"><span class='ocrx_word' id='word_1_568' title='bbox 2416 3270 2558 3322; x_wconf 87' lang='grc' dir='ltr'>λοιτο</span> <span class='ocrx_word' id='word_1_569' title='bbox 2597 3271 2820 3341; x_wconf 82' lang='grc' dir='ltr'>τοιαύτῃ</span> <span class='ocrx_word' id='word_1_570' title='bbox 2853 3270 3056 3340; x_wconf 69' lang='grc' dir='ltr'>μέμψει</span> <span class='ocrx_word' id='word_1_571' title='bbox 3083 3272 3220 3343; x_wconf 73' lang='grc' dir='ltr'>πρὸς</span> <span class='ocrx_word' id='word_1_572' title='bbox 3264 3273 3356 3324; x_wconf 81' lang='grc' dir='ltr'>τὸν</span> <span class='ocrx_word' id='word_1_573' title='bbox 3380 3273 3609 3343; x_wconf 80' lang='grc' dir='ltr'>πλησίον</span> <span class='ocrx_word' id='word_1_574' title='bbox 3645 3277 3988 3344; x_wconf 75' lang='grc' dir='ltr'>χρήσασθαι.</span> 
     </span>
    </p>
   </div>
   <div class='ocr_carea' id='block_1_76' title="bbox 2432 3358 3992 3434">
    <p class='ocr_par' dir='ltr' id='par_1_76' title="bbox 2432 3358 3992 3434">
     <span class='ocr_line' id='line_1_76' title="bbox 2432 3358 3992 3434; baseline 0.004 -25"><span class='ocrx_word' id='word_1_575' title='bbox 2432 3359 2488 3409; x_wconf 84' lang='grc' dir='ltr'>ὐ</span> <span class='ocrx_word' id='word_1_576' title='bbox 2520 3359 2629 3429; x_wconf 80' lang='grc' dir='ltr'>γὰρ</span> <span class='ocrx_word' id='word_1_577' title='bbox 2651 3358 2836 3421; x_wconf 81' lang='grc' dir='ltr'>δεδιὼς</span> <span class='ocrx_word' id='word_1_578' title='bbox 2868 3360 3103 3428; x_wconf 81' lang='grc' dir='ltr'>μάλιστα</span> <span class='ocrx_word' id='word_1_579' title='bbox 3139 3360 3239 3430; x_wconf 81' lang='grc' dir='ltr'>τὴν</span> <span class='ocrx_word' id='word_1_580' title='bbox 3268 3360 3485 3429; x_wconf 76' lang='grc' dir='ltr'>ἐντολὴν</span> <span class='ocrx_word' id='word_1_581' title='bbox 3510 3360 3604 3414; x_wconf 75' lang='grc' dir='ltr'><strong>τοῦ</strong></span> <span class='ocrx_word' id='word_1_582' title='bbox 3629 3363 3861 3431; x_wconf 81' lang='grc' dir='ltr'>Κυρίου,</span> <span class='ocrx_word' id='word_1_583' title='bbox 3894 3365 3992 3434; x_wconf 75' lang='grc' dir='ltr'><strong>τὴν</strong></span> 
     </span>
    </p>
   </div>
   <div class='ocr_carea' id='block_1_77' title="bbox 2416 3452 3990 3524">
    <p class='ocr_par' dir='ltr' id='par_1_77' title="bbox 2416 3452 3990 3524">
     <span class='ocr_line' id='line_1_77' title="bbox 2416 3452 3990 3524; baseline 0.006 -23"><span class='ocrx_word' id='word_1_584' title='bbox 2416 3452 2684 3518; x_wconf 80' lang='grc' dir='ltr'>λέγουσαν</span> <span class='ocrx_word' id='word_1_585' title='bbox 2721 3469 2734 3482; x_wconf 89' lang='grc'><strong>·</strong></span> <span class='ocrx_word' id='word_1_586' title='bbox 2786 3471 2804 3501; x_wconf 78' lang='grc' dir='ltr'><strong>ι</strong></span> <span class='ocrx_word' id='word_1_587' title='bbox 2843 3453 2933 3522; x_wconf 78' lang='grc' dir='ltr'><strong>Μὴ</strong></span> <span class='ocrx_word' id='word_1_588' title='bbox 2975 3452 3403 3517; x_wconf 75' lang='grc' dir='ltr'>καταδικάσετε,</span> <span class='ocrx_word' id='word_1_589' title='bbox 3438 3454 3525 3506; x_wconf 79' lang='grc' dir='ltr'><strong>ἵνα</strong></span> <span class='ocrx_word' id='word_1_590' title='bbox 3564 3455 3639 3524; x_wconf 80' lang='grc' dir='ltr'><strong>μὴ</strong></span> <span class='ocrx_word' id='word_1_591' title='bbox 3694 3456 3990 3510; x_wconf 69' lang='grc' dir='ltr'>καταδικασ</span> 
     </span>
    </p>
   </div>
   <div class='ocr_carea' id='block_1_78' title="bbox 2419 3541 3991 3615">
    <p class='ocr_par' dir='ltr' id='par_1_78' title="bbox 2419 3541 3991 3615">
     <span class='ocr_line' id='line_1_78' title="bbox 2419 3541 3991 3615; baseline 0.004 -22"><span class='ocrx_word' id='word_1_592' title='bbox 2419 3541 2618 3610; x_wconf 81' lang='grc' dir='ltr'>σθῆτε,</span> <span class='ocrx_word' id='word_1_593' title='bbox 2679 3561 2697 3593; x_wconf 74' lang='grc' dir='ltr'><strong>ι</strong></span> <span class='ocrx_word' id='word_1_594' title='bbox 2748 3542 2817 3595; x_wconf 65' lang='grc' dir='ltr'>τὰ</span> <span class='ocrx_word' id='word_1_595' title='bbox 2874 3541 3069 3595; x_wconf 79' lang='grc' dir='ltr'><strong>ἑαυτοῦ</strong></span> <span class='ocrx_word' id='word_1_596' title='bbox 3114 3541 3473 3612; x_wconf 73' lang='grc' dir='ltr'>ἐλαττώματα</span> <span class='ocrx_word' id='word_1_597' title='bbox 3506 3546 3611 3615; x_wconf 73' lang='grc' dir='ltr'><strong>ὁρᾷ</strong></span> <span class='ocrx_word' id='word_1_598' title='bbox 3646 3546 3744 3598; x_wconf 77' lang='grc' dir='ltr'>καὶ</span> <span class='ocrx_word' id='word_1_599' title='bbox 3789 3549 3856 3600; x_wconf 71' lang='grc' dir='ltr'><strong>τὰ</strong></span> <span class='ocrx_word' id='word_1_600' title='bbox 3897 3547 3991 3599; x_wconf 72' lang='grc' dir='ltr'><strong>τοῦ</strong></span> 
     </span>
    </p>
   </div>
   <div class='ocr_carea' id='block_1_79' title="bbox 2419 3634 3993 3707">
    <p class='ocr_par' dir='ltr' id='par_1_79' title="bbox 2419 3634 3993 3707">
     <span class='ocr_line' id='line_1_79' title="bbox 2419 3634 3993 3707; baseline 0.004 -21"><span class='ocrx_word' id='word_1_601' title='bbox 2419 3635 2645 3702; x_wconf 73' lang='grc' dir='ltr'>πλησίον</span> <span class='ocrx_word' id='word_1_602' title='bbox 2674 3636 2912 3705; x_wconf 81' lang='grc' dir='ltr'>παρορᾷ.</span> <span class='ocrx_word' id='word_1_603' title='bbox 2962 3634 3284 3697; x_wconf 76' lang='grc' dir='ltr'>Ἐπιῦλαϐὲς</span> <span class='ocrx_word' id='word_1_604' title='bbox 3328 3636 3439 3705; x_wconf 73' lang='grc' dir='ltr'><strong>γὰρ</strong></span> <span class='ocrx_word' id='word_1_605' title='bbox 3462 3636 3736 3707; x_wconf 79' lang='grc' dir='ltr'>ἀνθρώπῳ</span> <span class='ocrx_word' id='word_1_606' title='bbox 3764 3639 3993 3692; x_wconf 82' lang='grc' dir='ltr'>καταλι-</span> 
     </span>
    </p>
   </div>
   <div class='ocr_carea' id='block_1_80' title="bbox 2420 3725 3995 3799">
    <p class='ocr_par' dir='ltr' id='par_1_80' title="bbox 2420 3725 3995 3799">
     <span class='ocr_line' id='line_1_80' title="bbox 2420 3725 3995 3799; baseline 0.004 -23"><span class='ocrx_word' id='word_1_607' title='bbox 2420 3727 2542 3776; x_wconf 77' lang='grc' dir='ltr'>πεῖν</span> <span class='ocrx_word' id='word_1_608' title='bbox 2568 3725 2634 3778; x_wconf 68' lang='grc' dir='ltr'><strong>τὰ</strong></span> <span class='ocrx_word' id='word_1_609' title='bbox 2670 3725 2858 3776; x_wconf 75' lang='grc' dir='ltr'>ἑαυτοῦ</span> <span class='ocrx_word' id='word_1_610' title='bbox 2906 3725 3193 3793; x_wconf 77' lang='grc' dir='ltr'><strong>ὀφλήματα</strong></span> <span class='ocrx_word' id='word_1_611' title='bbox 3217 3765 3232 3787; x_wconf 88' lang='grc'><strong>,</strong></span> <span class='ocrx_word' id='word_1_612' title='bbox 3269 3726 3360 3777; x_wconf 72' lang='grc' dir='ltr'>καὶ</span> <span class='ocrx_word' id='word_1_613' title='bbox 3397 3728 3685 3796; x_wconf 81' lang='grc' dir='ltr'>προσέχειν</span> <span class='ocrx_word' id='word_1_614' title='bbox 3738 3730 3995 3799; x_wconf 77' lang='grc' dir='ltr'>ἀλλότρια</span> 
     </span>
    </p>
   </div>
   <div class='ocr_carea' id='block_1_81' title="bbox 2420 3815 3996 3886">
    <p class='ocr_par' dir='ltr' id='par_1_81' title="bbox 2420 3815 3996 3886">
     <span class='ocr_line' id='line_1_81' title="bbox 2420 3815 3996 3886; baseline 0.003 -19"><span class='ocrx_word' id='word_1_615' title='bbox 2420 3815 2799 3884; x_wconf 80' lang='grc' dir='ltr'>ἐλαττώματα.</span> <span class='ocrx_word' id='word_1_616' title='bbox 2832 3815 2904 3867; x_wconf 82' lang='grc' dir='ltr'>Τὸ</span> <span class='ocrx_word' id='word_1_617' title='bbox 2932 3817 3039 3884; x_wconf 74' lang='grc' dir='ltr'>γὰρ</span> <span class='ocrx_word' id='word_1_618' title='bbox 3069 3816 3260 3878; x_wconf 78' lang='grc' dir='ltr'>ἄλλους</span> <span class='ocrx_word' id='word_1_619' title='bbox 3297 3816 3628 3884; x_wconf 79' lang='grc' dir='ltr'>μέμφεσθαι,</span> <span class='ocrx_word' id='word_1_620' title='bbox 3656 3818 3819 3886; x_wconf 80' lang='grc' dir='ltr'>δῆλον</span> <span class='ocrx_word' id='word_1_621' title='bbox 3846 3820 3996 3871; x_wconf 69' lang='grc' dir='ltr'>ἐστὶν</span> 
     </span>
    </p>
   </div>
   <div class='ocr_carea' id='block_1_82' title="bbox 2420 3907 3998 3976">
    <p class='ocr_par' dir='ltr' id='par_1_82' title="bbox 2420 3907 3998 3976">
     <span class='ocr_line' id='line_1_82' title="bbox 2420 3907 3998 3976; baseline 0.002 -17"><span class='ocrx_word' id='word_1_622' title='bbox 2420 3908 2500 3959; x_wconf 77' lang='grc' dir='ltr'><strong>ὅτι</strong></span> <span class='ocrx_word' id='word_1_623' title='bbox 2530 3907 2720 3959; x_wconf 75' lang='grc' dir='ltr'>ἑαυτὸν</span> <span class='ocrx_word' id='word_1_624' title='bbox 2746 3909 3033 3976; x_wconf 69' lang='grc' dir='ltr'>ἄμεμπτον</span> <span class='ocrx_word' id='word_1_625' title='bbox 3066 3908 3467 3961; x_wconf 77' lang='grc' dir='ltr'>ἀποδείκνυσιν.</span> <span class='ocrx_word' id='word_1_626' title='bbox 3502 3908 3665 3961; x_wconf 87' lang='grc' dir='ltr'>Ὅθεν</span> <span class='ocrx_word' id='word_1_627' title='bbox 3692 3909 3785 3961; x_wconf 75' lang='grc' dir='ltr'><strong>τὸν</strong></span> <span class='ocrx_word' id='word_1_628' title='bbox 3820 3911 3998 3964; x_wconf 79' lang='grc' dir='ltr'>τοιοῦ-</span> 
     </span>
    </p>
   </div>
   <div class='ocr_carea' id='block_1_83' title="bbox 2420 3997 3996 4068">
    <p class='ocr_par' dir='ltr' id='par_1_83' title="bbox 2420 3997 3996 4068">
     <span class='ocr_line' id='line_1_83' title="bbox 2420 3997 3996 4068; baseline 0.001 -18"><span class='ocrx_word' id='word_1_629' title='bbox 2420 4015 2511 4050; x_wconf 87' lang='grc' dir='ltr'><strong>τον</strong></span> <span class='ocrx_word' id='word_1_630' title='bbox 2551 4000 2579 4049; x_wconf 87' lang='grc' dir='ltr'>ὁ</span> <span class='ocrx_word' id='word_1_631' title='bbox 2618 3997 2749 4060; x_wconf 76' lang='grc' dir='ltr'>Θεὸς</span> <span class='ocrx_word' id='word_1_632' title='bbox 2791 3999 2960 4068; x_wconf 75' lang='grc' dir='ltr'>ἄρδην</span> <span class='ocrx_word' id='word_1_633' title='bbox 3008 3997 3432 4067; x_wconf 76' lang='grc' dir='ltr'>ἀποστρέφεται.</span> <span class='ocrx_word' id='word_1_634' title='bbox 3484 3997 3549 4050; x_wconf 81' lang='grc' dir='ltr'><strong>Εἰ</strong></span> <span class='ocrx_word' id='word_1_635' title='bbox 3586 4000 3643 4051; x_wconf 82' lang='grc' dir='ltr'><strong>δὲ</strong></span> <span class='ocrx_word' id='word_1_636' title='bbox 3682 3999 3779 4051; x_wconf 73' lang='grc' dir='ltr'>καὶ</span> <span class='ocrx_word' id='word_1_637' title='bbox 3816 4000 3996 4068; x_wconf 61' lang='grc' dir='ltr'>θλῖψις</span> 
     </span>
    </p>
   </div>
   <div class='ocr_carea' id='block_1_84' title="bbox 2423 4089 4001 4162">
    <p class='ocr_par' dir='ltr' id='par_1_84' title="bbox 2423 4089 4001 4162">
     <span class='ocr_line' id='line_1_84' title="bbox 2423 4089 4001 4162; baseline 0.002 -19"><span class='ocrx_word' id='word_1_638' title='bbox 2423 4091 2714 4162; x_wconf 76' lang='grc' dir='ltr'>ἐπέρχεταί</span> <span class='ocrx_word' id='word_1_639' title='bbox 2743 4108 2823 4142; x_wconf 80' lang='grc' dir='ltr'><strong>σοι</strong></span> <span class='ocrx_word' id='word_1_640' title='bbox 2854 4092 3039 4142; x_wconf 69' lang='grc' dir='ltr'>ἕνεκεν</span> <span class='ocrx_word' id='word_1_641' title='bbox 3070 4089 3164 4142; x_wconf 72' lang='grc' dir='ltr'><strong>τοῦ</strong></span> <span class='ocrx_word' id='word_1_642' title='bbox 3206 4090 3454 4158; x_wconf 80' lang='grc' dir='ltr'>πλησίον,</span> <span class='ocrx_word' id='word_1_643' title='bbox 3497 4090 3787 4156; x_wconf 74' lang='grc' dir='ltr'>κατάδεξαι</span> <span class='ocrx_word' id='word_1_644' title='bbox 3823 4093 4001 4162; x_wconf 80' lang='grc' dir='ltr'>αὐτὴν</span> 
     </span>
    </p>
   </div>
   <div class='ocr_carea' id='block_1_85' title="bbox 2422 4181 3997 4255">
    <p class='ocr_par' dir='ltr' id='par_1_85' title="bbox 2422 4181 3997 4255">
     <span class='ocr_line' id='line_1_85' title="bbox 2422 4181 3997 4255; baseline -0.001 -19"><span class='ocrx_word' id='word_1_645' title='bbox 2422 4185 2498 4246; x_wconf 74' lang='grc' dir='ltr'>ὡς</span> <span class='ocrx_word' id='word_1_646' title='bbox 2532 4184 2629 4252; x_wconf 78' lang='grc' dir='ltr'><strong>σὴν</strong></span> <span class='ocrx_word' id='word_1_647' title='bbox 2654 4225 2669 4247; x_wconf 90' lang='grc'><strong>,</strong></span> <span class='ocrx_word' id='word_1_648' title='bbox 2704 4185 2798 4235; x_wconf 74' lang='grc' dir='ltr'>καὶ</span> <span class='ocrx_word' id='word_1_649' title='bbox 2839 4183 2938 4235; x_wconf 77' lang='grc' dir='ltr'><strong>οὐκ</strong></span> <span class='ocrx_word' id='word_1_650' title='bbox 2986 4181 3293 4251; x_wconf 82' lang='grc' dir='ltr'>ἀλλοτρίαν.</span> <span class='ocrx_word' id='word_1_651' title='bbox 3327 4182 3390 4235; x_wconf 81' lang='grc' dir='ltr'><strong>Εἰ</strong></span> <span class='ocrx_word' id='word_1_652' title='bbox 3421 4184 3478 4235; x_wconf 80' lang='grc' dir='ltr'>δὲ</span> <span class='ocrx_word' id='word_1_653' title='bbox 3528 4182 3828 4255; x_wconf 79' lang='grc' dir='ltr'>ἁντιτάσσῃ</span> <span class='ocrx_word' id='word_1_654' title='bbox 3876 4186 3997 4246; x_wconf 82' lang='grc' dir='ltr'>ταῖς</span> 
     </span>
    </p>
   </div>
   <div class='ocr_carea' id='block_1_86' title="bbox 2426 4270 4001 4343">
    <p class='ocr_par' dir='ltr' id='par_1_86' title="bbox 2426 4270 4001 4343">
     <span class='ocr_line' id='line_1_86' title="bbox 2426 4270 4001 4343; baseline 0.001 -20"><span class='ocrx_word' id='word_1_655' title='bbox 2426 4273 2776 4342; x_wconf 71' lang='grc' dir='ltr'>σκυθρωπαῖς</span> <span class='ocrx_word' id='word_1_656' title='bbox 2825 4273 3135 4340; x_wconf 79' lang='grc' dir='ltr'>ἐπιφοραῖς,</span> <span class='ocrx_word' id='word_1_657' title='bbox 3171 4271 3263 4323; x_wconf 77' lang='grc' dir='ltr'><strong>καὶ</strong></span> <span class='ocrx_word' id='word_1_658' title='bbox 3306 4270 3500 4335; x_wconf 80' lang='grc' dir='ltr'>ἄλλους</span> <span class='ocrx_word' id='word_1_659' title='bbox 3538 4271 3767 4343; x_wconf 79' lang='grc' dir='ltr'><strong>μέμφῃ,</strong></span> <span class='ocrx_word' id='word_1_660' title='bbox 3799 4271 3876 4334; x_wconf 70' lang='lat' dir='ltr'><strong>ib;</strong></span> <span class='ocrx_word' id='word_1_661' title='bbox 3898 4272 4001 4325; x_wconf 78' lang='grc' dir='ltr'><strong>οὐκ</strong></span> 
     </span>
    </p>
   </div>
   <div class='ocr_carea' id='block_1_87' title="bbox 2425 4360 3999 4433">
    <p class='ocr_par' dir='ltr' id='par_1_87' title="bbox 2425 4360 3999 4433">
     <span class='ocr_line' id='line_1_87' title="bbox 2425 4360 3999 4433; baseline 0.001 -17"><span class='ocrx_word' id='word_1_662' title='bbox 2425 4360 2593 4426; x_wconf 78' lang='grc' dir='ltr'>οἶδας,</span> <span class='ocrx_word' id='word_1_663' title='bbox 2627 4366 2692 4433; x_wconf 79' lang='grc' dir='ltr'><strong>τῇ</strong></span> <span class='ocrx_word' id='word_1_664' title='bbox 2728 4363 2974 4415; x_wconf 80' lang='grc' dir='ltr'>κελεύσει</span> <span class='ocrx_word' id='word_1_665' title='bbox 3011 4362 3108 4415; x_wconf 82' lang='grc' dir='ltr'><strong>τοῦ</strong></span> <span class='ocrx_word' id='word_1_666' title='bbox 3142 4361 3276 4415; x_wconf 80' lang='grc' dir='ltr'>Θεοῦ</span> <span class='ocrx_word' id='word_1_667' title='bbox 3305 4363 3598 4433; x_wconf 73' lang='grc' dir='ltr'><strong>ἀντιμάχῃ.</strong></span> <span class='ocrx_word' id='word_1_668' title='bbox 3646 4363 3771 4417; x_wconf 78' lang='grc' dir='ltr'><strong>Ἐὰν</strong></span> <span class='ocrx_word' id='word_1_669' title='bbox 3799 4364 3855 4416; x_wconf 71' lang='grc' dir='ltr'>δὲ</span> <span class='ocrx_word' id='word_1_670' title='bbox 3895 4381 3999 4417; x_wconf 76' lang='grc' dir='ltr'>κα·</span> 
     </span>
    </p>
   </div>
   <div class='ocr_carea' id='block_1_88' title="bbox 751 4453 2307 4525">
    <p class='ocr_par' dir='ltr' id='par_1_88' title="bbox 751 4455 2307 4525">
     <span class='ocr_line' id='line_1_88' title="bbox 751 4455 2307 4525; baseline 0 -14"><span class='ocrx_word' id='word_1_671' title='bbox 751 4458 796 4512; x_wconf 77' lang='lat' dir='ltr'><strong>si</strong></span> <span class='ocrx_word' id='word_1_672' title='bbox 838 4456 1120 4525; x_wconf 85' lang='lat' dir='ltr'><strong>quidpiam</strong></span> <span class='ocrx_word' id='word_1_673' title='bbox 1168 4465 1220 4509; x_wconf 89' lang='lat' dir='ltr'><strong>te</strong></span> <span class='ocrx_word' id='word_1_674' title='bbox 1264 4456 1541 4509; x_wconf 91' lang='lat' dir='ltr'><strong>adorietur</strong></span> <span class='ocrx_word' id='word_1_675' title='bbox 1585 4455 1825 4509; x_wconf 82' lang='lat' dir='ltr'><strong>adversa:</strong></span> <span class='ocrx_word' id='word_1_676' title='bbox 1870 4456 2250 4510; x_wconf 86' lang='lat' dir='ltr'><strong>tribulationis</strong></span> <span class='ocrx_word' id='word_1_677' title='bbox 2290 4473 2307 4511; x_wconf 60' lang='grc' dir='ltr'><strong>ε</strong></span> 
     </span>
    </p>
   </div>
   <div class='ocr_carea' id='block_1_89' title="bbox 2414 4453 4001 4525">
    <p class='ocr_par' dir='ltr' id='par_1_89' title="bbox 2425 4453 4001 4525">
     <span class='ocr_line' id='line_1_89' title="bbox 2425 4453 4001 4525; baseline 0.001 -18"><span class='ocrx_word' id='word_1_678' title='bbox 2425 4454 2620 4525; x_wconf 78' lang='grc' dir='ltr'>ταδὲξῃ</span> <span class='ocrx_word' id='word_1_679' title='bbox 2646 4494 2661 4516; x_wconf 96' lang='grc'><strong>,</strong></span> <span class='ocrx_word' id='word_1_680' title='bbox 2692 4454 2850 4521; x_wconf 79' lang='grc' dir='ltr'>δῆλον</span> <span class='ocrx_word' id='word_1_681' title='bbox 2890 4455 2971 4506; x_wconf 81' lang='grc' dir='ltr'>ὅτι</span> <span class='ocrx_word' id='word_1_682' title='bbox 3001 4453 3291 4521; x_wconf 77' lang='grc' dir='ltr'>ὑπομένεις</span> <span class='ocrx_word' id='word_1_683' title='bbox 3333 4454 3427 4506; x_wconf 76' lang='grc' dir='ltr'>τὸν</span> <span class='ocrx_word' id='word_1_684' title='bbox 3456 4454 3683 4523; x_wconf 80' lang='grc' dir='ltr'>Κύριον.</span> <span class='ocrx_word' id='word_1_685' title='bbox 3717 4455 3830 4507; x_wconf 76' lang='grc' dir='ltr'><strong>Καὶ</strong></span> <span class='ocrx_word' id='word_1_686' title='bbox 3872 4458 4001 4523; x_wconf 60' lang='lat' dir='ltr'><strong>mp!</strong></span> 
     </span>
    </p>
   </div>
   <div class='ocr_carea' id='block_1_90' title="bbox 753 4547 2311 4618">
    <p class='ocr_par' dir='ltr' id='par_1_90' title="bbox 753 4547 2311 4618">
     <span class='ocr_line' id='line_1_90' title="bbox 753 4547 2311 4618; baseline 0.001 -19"><span class='ocrx_word' id='word_1_687' title='bbox 753 4549 1002 4618; x_wconf 72' lang='lat' dir='ltr'><strong>proximo</strong></span> <span class='ocrx_word' id='word_1_688' title='bbox 1036 4548 1305 4609; x_wconf 65' lang='lat' dir='ltr'><strong>excitant,</strong></span> <span class='ocrx_word' id='word_1_689' title='bbox 1340 4548 1477 4601; x_wconf 92' lang='lat' dir='ltr'><strong>hanc</strong></span> <span class='ocrx_word' id='word_1_690' title='bbox 1507 4548 1631 4601; x_wconf 87' lang='lat' dir='ltr'><strong>vide</strong></span> <span class='ocrx_word' id='word_1_691' title='bbox 1668 4557 1725 4600; x_wconf 92' lang='lat' dir='ltr'><strong>ut</strong></span> <span class='ocrx_word' id='word_1_692' title='bbox 1767 4547 1911 4601; x_wconf 86' lang='lat' dir='ltr'><strong>feras</strong></span> <span class='ocrx_word' id='word_1_693' title='bbox 1958 4548 2114 4616; x_wconf 89' lang='lat' dir='ltr'><strong>quasi</strong></span> <span class='ocrx_word' id='word_1_694' title='bbox 2162 4556 2311 4600; x_wconf 90' lang='lat' dir='ltr'><strong>tuam</strong></span> 
     </span>
    </p>
   </div>
   <div class='ocr_carea' id='block_1_91' title="bbox 760 4639 2323 4708">
    <p class='ocr_par' dir='ltr' id='par_1_91' title="bbox 760 4639 2323 4708">
     <span class='ocr_line' id='line_1_91' title="bbox 760 4639 2323 4708; baseline -0.001 -15"><span class='ocrx_word' id='word_1_695' title='bbox 760 4656 868 4693; x_wconf 89' lang='lat' dir='ltr'><strong>non</strong></span> <span class='ocrx_word' id='word_1_696' title='bbox 902 4651 960 4693; x_wconf 92' lang='lat' dir='ltr'><strong>ut</strong></span> <span class='ocrx_word' id='word_1_697' title='bbox 987 4641 1243 4693; x_wconf 89' lang='lat' dir='ltr'><strong>alienam.</strong></span> <span class='ocrx_word' id='word_1_698' title='bbox 1279 4639 1491 4693; x_wconf 76' lang='lat' dir='ltr'><strong>Etenim</strong></span> <span class='ocrx_word' id='word_1_699' title='bbox 1522 4640 1653 4693; x_wconf 90' lang='lat' dir='ltr'><strong>dum</strong></span> <span class='ocrx_word' id='word_1_700' title='bbox 1690 4640 2069 4708; x_wconf 87' lang='lat' dir='ltr'><strong>impatientius</strong></span> <span class='ocrx_word' id='word_1_701' title='bbox 2125 4641 2323 4694; x_wconf 83' lang='lat' dir='ltr'><strong>conﬂi-</strong></span> 
     </span>
    </p>
   </div>
   <div class='ocr_carea' id='block_1_92' title="bbox 753 4730 2320 4799">
    <p class='ocr_par' dir='ltr' id='par_1_92' title="bbox 753 4730 2320 4799">
     <span class='ocr_line' id='line_1_92' title="bbox 753 4730 2320 4799; baseline -0.001 -15"><span class='ocrx_word' id='word_1_702' title='bbox 753 4731 919 4785; x_wconf 78' lang='lat' dir='ltr'><strong>ctaris</strong></span> <span class='ocrx_word' id='word_1_703' title='bbox 942 4730 1231 4783; x_wconf 88' lang='lat' dir='ltr'><strong>adversum</strong></span> <span class='ocrx_word' id='word_1_704' title='bbox 1255 4746 1350 4785; x_wconf 88' lang='lat' dir='ltr'><strong>eas</strong></span> <span class='ocrx_word' id='word_1_705' title='bbox 1372 4746 1494 4798; x_wconf 80' lang='lat' dir='ltr'><strong>qua:</strong></span> <span class='ocrx_word' id='word_1_706' title='bbox 1511 4738 1562 4784; x_wconf 89' lang='lat' dir='ltr'><strong>te</strong></span> <span class='ocrx_word' id='word_1_707' title='bbox 1590 4731 1945 4784; x_wconf 67' lang='lat' dir='ltr'><strong>vehementer</strong></span> <span class='ocrx_word' id='word_1_708' title='bbox 1964 4730 2169 4799; x_wconf 87' lang='lat' dir='ltr'><strong>alioqui</strong></span> <span class='ocrx_word' id='word_1_709' title='bbox 2194 4746 2320 4799; x_wconf 87' lang='lat' dir='ltr'><strong>pre-</strong></span> 
     </span>
    </p>
   </div>
   <div class='ocr_carea' id='block_1_93' title="bbox 756 4821 2324 4891">
    <p class='ocr_par' dir='ltr' id='par_1_93' title="bbox 756 4821 2324 4891">
     <span class='ocr_line' id='line_1_93' title="bbox 756 4821 2324 4891; baseline -0.001 -15"><span class='ocrx_word' id='word_1_710' title='bbox 756 4831 915 4876; x_wconf 91' lang='lat' dir='ltr'><strong>munt</strong></span> <span class='ocrx_word' id='word_1_711' title='bbox 954 4822 1224 4876; x_wconf 88' lang='lat' dir='ltr'><strong>violentas</strong></span> <span class='ocrx_word' id='word_1_712' title='bbox 1268 4822 1676 4891; x_wconf 75' lang='lat' dir='ltr'><strong>impressiones,</strong></span> <span class='ocrx_word' id='word_1_713' title='bbox 1713 4830 1769 4875; x_wconf 86' lang='lat' dir='ltr'><strong>et</strong></span> <span class='ocrx_word' id='word_1_714' title='bbox 1806 4822 1946 4876; x_wconf 80' lang='lat' dir='ltr'><strong>alios</strong></span> <span class='ocrx_word' id='word_1_715' title='bbox 1972 4822 2191 4876; x_wconf 88' lang='lat' dir='ltr'><strong>interim</strong></span> <span class='ocrx_word' id='word_1_716' title='bbox 2236 4821 2324 4875; x_wconf 86' lang='lat' dir='ltr'><strong>iu-</strong></span> 
     </span>
    </p>
   </div>
   <div class='ocr_carea' id='block_1_94' title="bbox 753 4913 2327 4983">
    <p class='ocr_par' dir='ltr' id='par_1_94' title="bbox 753 4913 2327 4983">
     <span class='ocr_line' id='line_1_94' title="bbox 753 4913 2327 4983; baseline -0.001 -16"><span class='ocrx_word' id='word_1_717' title='bbox 753 4928 934 4975; x_wconf 85' lang='lat' dir='ltr'><strong>cusas,</strong></span> <span class='ocrx_word' id='word_1_718' title='bbox 964 4913 1119 4981; x_wconf 88' lang='lat' dir='ltr'><strong>quasi</strong></span> <span class='ocrx_word' id='word_1_719' title='bbox 1149 4914 1240 4981; x_wconf 91' lang='lat' dir='ltr'><strong>qui</strong></span> <span class='ocrx_word' id='word_1_720' title='bbox 1272 4929 1377 4966; x_wconf 91' lang='lat' dir='ltr'><strong>non</strong></span> <span class='ocrx_word' id='word_1_721' title='bbox 1409 4913 1559 4967; x_wconf 87' lang='lat' dir='ltr'><strong>noris</strong></span> <span class='ocrx_word' id='word_1_722' title='bbox 1586 4930 1681 4966; x_wconf 86' lang='lat' dir='ltr'><strong>eas</strong></span> <span class='ocrx_word' id='word_1_723' title='bbox 1712 4914 1805 4967; x_wconf 87' lang='lat' dir='ltr'><strong>Dei</strong></span> <span class='ocrx_word' id='word_1_724' title='bbox 1835 4914 2043 4967; x_wconf 89' lang='lat' dir='ltr'><strong>indicio</strong></span> <span class='ocrx_word' id='word_1_725' title='bbox 2068 4913 2327 4983; x_wconf 74' lang='lat' dir='ltr'><strong>contigis-</strong></span> 
     </span>
    </p>
   </div>
   <div class='ocr_carea' id='block_1_95' title="bbox 757 5003 2323 5073">
    <p class='ocr_par' dir='ltr' id='par_1_95' title="bbox 757 5003 2323 5073">
     <span class='ocr_line' id='line_1_95' title="bbox 757 5003 2323 5073; baseline -0.001 -15"><span class='ocrx_word' id='word_1_726' title='bbox 757 5018 817 5058; x_wconf 84' lang='lat' dir='ltr'><strong>se</strong></span> <span class='ocrx_word' id='word_1_727' title='bbox 848 5004 997 5073; x_wconf 88' lang='lat' dir='ltr'><strong>:jam</strong></span> <span class='ocrx_word' id='word_1_728' title='bbox 1039 5013 1095 5057; x_wconf 92' lang='lat' dir='ltr'><strong>tu</strong></span> <span class='ocrx_word' id='word_1_729' title='bbox 1127 5003 1327 5057; x_wconf 65' lang='lat' dir='ltr'><strong>divina:</strong></span> <span class='ocrx_word' id='word_1_730' title='bbox 1371 5005 1663 5059; x_wconf 86' lang='lat' dir='ltr'><strong>reluctaris</strong></span> <span class='ocrx_word' id='word_1_731' title='bbox 1690 5004 2078 5058; x_wconf 88' lang='lat' dir='ltr'><strong>admonitioni.</strong></span> <span class='ocrx_word' id='word_1_732' title='bbox 2126 5004 2220 5059; x_wconf 87' lang='lat' dir='ltr'><strong>Sin</strong></span> <span class='ocrx_word' id='word_1_733' title='bbox 2268 5015 2323 5059; x_wconf 93' lang='lat' dir='ltr'><strong>tu</strong></span> 
     </span>
    </p>
   </div>
   <div class='ocr_carea' id='block_1_96' title="bbox 756 5096 2321 5166">
    <p class='ocr_par' dir='ltr' id='par_1_96' title="bbox 756 5096 2321 5166">
     <span class='ocr_line' id='line_1_96' title="bbox 756 5096 2321 5166; baseline 0.001 -19"><span class='ocrx_word' id='word_1_734' title='bbox 756 5112 852 5149; x_wconf 84' lang='lat' dir='ltr'><strong>eas</strong></span> <span class='ocrx_word' id='word_1_735' title='bbox 881 5110 1037 5164; x_wconf 63' lang='lat' dir='ltr'><strong>aequo</strong></span> <span class='ocrx_word' id='word_1_736' title='bbox 1073 5097 1272 5149; x_wconf 85' lang='lat' dir='ltr'><strong>toleras</strong></span> <span class='ocrx_word' id='word_1_737' title='bbox 1301 5096 1504 5160; x_wconf 87' lang='lat' dir='ltr'><strong>animo,</strong></span> <span class='ocrx_word' id='word_1_738' title='bbox 1542 5098 1705 5166; x_wconf 88' lang='lat' dir='ltr'><strong>plane</strong></span> <span class='ocrx_word' id='word_1_739' title='bbox 1747 5097 1920 5166; x_wconf 87' lang='lat' dir='ltr'><strong>liquet</strong></span> <span class='ocrx_word' id='word_1_740' title='bbox 1964 5108 2015 5151; x_wconf 90' lang='lat' dir='ltr'><strong>te</strong></span> <span class='ocrx_word' id='word_1_741' title='bbox 2045 5097 2321 5151; x_wconf 86' lang='lat' dir='ltr'><strong>sustinere</strong></span> 
     </span>
    </p>
   </div>
   <div class='ocr_carea' id='block_1_97' title="bbox 759 5185 2323 5244">
    <p class='ocr_par' dir='ltr' id='par_1_97' title="bbox 759 5185 2323 5244">
     <span class='ocr_line' id='line_1_97' title="bbox 759 5185 2323 5244; baseline 0 -3"><span class='ocrx_word' id='word_1_742' title='bbox 759 5185 1072 5241; x_wconf 84' lang='lat' dir='ltr'><strong>Dominum.</strong></span> <span class='ocrx_word' id='word_1_743' title='bbox 1128 5186 1205 5241; x_wconf 84' lang='lat' dir='ltr'><strong>Ile</strong></span> <span class='ocrx_word' id='word_1_744' title='bbox 1244 5188 1313 5242; x_wconf 89' lang='lat' dir='ltr'><strong>de</strong></span> <span class='ocrx_word' id='word_1_745' title='bbox 1375 5203 1432 5241; x_wconf 91' lang='lat' dir='ltr'><strong>re</strong></span> <span class='ocrx_word' id='word_1_746' title='bbox 1497 5189 1662 5243; x_wconf 86' lang='lat' dir='ltr'><strong>docet</strong></span> <span class='ocrx_word' id='word_1_747' title='bbox 1729 5205 1831 5243; x_wconf 85' lang='lat' dir='ltr'><strong>nos</strong></span> <span class='ocrx_word' id='word_1_748' title='bbox 1893 5190 2323 5244; x_wconf 79' lang='lat' dir='ltr'><strong>l‘aramiiastcs:</strong></span> 
     </span>
    </p>
   </div>
   <div class='ocr_carea' id='block_1_98' title="bbox 764 5278 2321 5349">
    <p class='ocr_par' dir='ltr' id='par_1_98' title="bbox 764 5278 2321 5349">
     <span class='ocr_line' id='line_1_98' title="bbox 764 5278 2321 5349; baseline 0.001 -19"><span class='ocrx_word' id='word_1_749' title='bbox 764 5296 784 5330; x_wconf 75' lang='grc' dir='ltr'><strong>ε</strong></span> <span class='ocrx_word' id='word_1_750' title='bbox 821 5278 1143 5347; x_wconf 73' lang='lat' dir='ltr'><strong>Priusquam</strong></span> <span class='ocrx_word' id='word_1_751' title='bbox 1176 5278 1599 5343; x_wconf 76' lang='lat' dir='ltr'><strong>examinaveris,</strong></span> <span class='ocrx_word' id='word_1_752' title='bbox 1623 5296 1689 5334; x_wconf 92' lang='lat' dir='ltr'><strong>ne</strong></span> <span class='ocrx_word' id='word_1_753' title='bbox 1730 5280 2100 5349; x_wconf 81' lang='lat' dir='ltr'><strong>reprehendas</strong></span> <span class='ocrx_word' id='word_1_754' title='bbox 2127 5296 2321 5349; x_wconf 84' lang='lat' dir='ltr'><strong>quem-</strong></span> 
     </span>
    </p>
   </div>
   <div class='ocr_carea' id='block_1_99' title="bbox 762 5368 2322 5441">
    <p class='ocr_par' dir='ltr' id='par_1_99' title="bbox 762 5368 2322 5441">
     <span class='ocr_line' id='line_1_99' title="bbox 762 5368 2322 5441; baseline 0.003 -20"><span class='ocrx_word' id='word_1_755' title='bbox 762 5384 925 5436; x_wconf 75' lang='lat' dir='ltr'><strong>quam</strong></span> <span class='ocrx_word' id='word_1_756' title='bbox 957 5368 1027 5424; x_wconf 87' lang='lat' dir='ltr'><strong>de</strong></span> <span class='ocrx_word' id='word_1_757' title='bbox 1075 5369 1160 5423; x_wconf 88' lang='lat' dir='ltr'><strong>his</strong></span> <span class='ocrx_word' id='word_1_758' title='bbox 1189 5385 1309 5438; x_wconf 68' lang='lat' dir='ltr'><strong>qum</strong></span> <span class='ocrx_word' id='word_1_759' title='bbox 1355 5385 1486 5424; x_wconf 89' lang='lat' dir='ltr'><strong>aure</strong></span> <span class='ocrx_word' id='word_1_760' title='bbox 1531 5371 1794 5435; x_wconf 88' lang='lat' dir='ltr'><strong>didicisti,</strong></span> <span class='ocrx_word' id='word_1_761' title='bbox 1838 5372 1933 5426; x_wconf 85' lang='lat' dir='ltr'><strong>sed</strong></span> <span class='ocrx_word' id='word_1_762' title='bbox 1972 5379 2027 5425; x_wconf 90' lang='lat' dir='ltr'><strong>et</strong></span> <span class='ocrx_word' id='word_1_763' title='bbox 2081 5372 2322 5441; x_wconf 77' lang='lat' dir='ltr'><strong>intelligo</strong></span> 
     </span>
    </p>
   </div>
   <div class='ocr_carea' id='block_1_100' title="bbox 765 5461 2324 5531">
    <p class='ocr_par' dir='ltr' id='par_1_100' title="bbox 765 5461 2324 5531">
     <span class='ocr_line' id='line_1_100' title="bbox 765 5461 2324 5531; baseline 0.003 -19"><span class='ocrx_word' id='word_1_764' title='bbox 765 5461 1028 5531; x_wconf 75' lang='lat' dir='ltr'><strong>primum,</strong></span> <span class='ocrx_word' id='word_1_765' title='bbox 1072 5470 1202 5515; x_wconf 83' lang='lat' dir='ltr'><strong>tunc</strong></span> <span class='ocrx_word' id='word_1_766' title='bbox 1232 5461 1451 5529; x_wconf 80' lang='lat' dir='ltr'><strong>increpa</strong></span> <span class='ocrx_word' id='word_1_767' title='bbox 1484 5461 1567 5527; x_wconf 73' lang='grc' dir='ltr'><strong>⁵⁸ς</strong></span> <span class='ocrx_word' id='word_1_768' title='bbox 1602 5463 1919 5531; x_wconf 83' lang='lat' dir='ltr'><strong>priusquam</strong></span> <span class='ocrx_word' id='word_1_769' title='bbox 1955 5462 2217 5523; x_wconf 81' lang='lat' dir='ltr'><strong>audieris,</strong></span> <span class='ocrx_word' id='word_1_770' title='bbox 2260 5479 2324 5516; x_wconf 83' lang='lat' dir='ltr'><strong>ne</strong></span> 
     </span>
    </p>
   </div>
   <div class='ocr_carea' id='block_1_101' title="bbox 840 5638 1374 5697">
    <p class='ocr_par' dir='ltr' id='par_1_101' title="bbox 840 5638 1374 5697">
     <span class='ocr_line' id='line_1_101' title="bbox 840 5638 1374 5697; baseline -0.002 -5"><span class='ocrx_word' id='word_1_771' title='bbox 840 5638 881 5668; x_wconf 73' lang='lat'><strong>&quot;&quot;</strong></span> <span class='ocrx_word' id='word_1_772' title='bbox 917 5639 1072 5692; x_wconf 87' lang='lat' dir='ltr'><strong>l&#39;rov.</strong></span> <span class='ocrx_word' id='word_1_773' title='bbox 1105 5655 1249 5697; x_wconf 63' lang='lat' dir='ltr'><strong>svnt.</strong></span> <span class='ocrx_word' id='word_1_774' title='bbox 1284 5639 1374 5692; x_wconf 67' lang='grc' dir='ltr'>ει.</span> 
     </span>
    </p>
   </div>
   <div class='ocr_carea' id='block_1_102' title="bbox 1454 5638 2269 5697">
    <p class='ocr_par' dir='ltr' id='par_1_102' title="bbox 1454 5638 2269 5697">
     <span class='ocr_line' id='line_1_102' title="bbox 1454 5638 2269 5697; baseline -0.005 -7"><span class='ocrx_word' id='word_1_775' title='bbox 1454 5640 1499 5670; x_wconf 81' lang='grc'><em>³³</em></span> <span class='ocrx_word' id='word_1_776' title='bbox 1520 5638 1630 5690; x_wconf 77' lang='grc' dir='ltr'><strong>.1;ιι·.</strong></span> <span class='ocrx_word' id='word_1_777' title='bbox 1674 5641 1823 5693; x_wconf 65' lang='lat'><strong>1.26.</strong></span> <span class='ocrx_word' id='word_1_778' title='bbox 1906 5640 1947 5670; x_wconf 87' lang='grc'><strong><em>³⁶</em></strong></span> <span class='ocrx_word' id='word_1_779' title='bbox 1968 5640 2078 5691; x_wconf 87' lang='lat' dir='ltr'><strong>.l:u-.</strong></span> <span class='ocrx_word' id='word_1_780' title='bbox 2115 5655 2186 5697; x_wconf 87' lang='lat' dir='ltr'><strong>Ill,</strong></span> <span class='ocrx_word' id='word_1_781' title='bbox 2219 5638 2269 5687; x_wconf 77' lang='lat' dir='ltr'><strong>.‘i.</strong></span> 
     </span>
    </p>
   </div>
   <div class='ocr_carea' id='block_1_103' title="bbox 770 5707 2216 5770">
    <p class='ocr_par' dir='ltr' id='par_1_103' title="bbox 770 5707 2216 5770">
     <span class='ocr_line' id='line_1_103' title="bbox 770 5707 2216 5770; baseline -0.006 -9"><span class='ocrx_word' id='word_1_782' title='bbox 939 5709 976 5737; x_wconf 64' lang='grc' dir='ltr'>δ’</span> <span class='ocrx_word' id='word_1_783' title='bbox 1010 5709 1047 5760; x_wconf 95' lang='lat' dir='ltr'><strong>ll</strong></span> <span class='ocrx_word' id='word_1_784' title='bbox 1080 5707 1205 5759; x_wconf 76' lang='lat' dir='ltr'><strong>Cor.</strong></span> <span class='ocrx_word' id='word_1_785' title='bbox 1242 5708 1441 5770; x_wconf 64' lang='lat'><strong>“1,20.</strong></span> <span class='ocrx_word' id='word_1_786' title='bbox 1528 5710 1569 5741; x_wconf 61' lang='grc' dir='ltr'><strong>δ’</strong></span> <span class='ocrx_word' id='word_1_787' title='bbox 1600 5709 1785 5761; x_wconf 72' lang='grc' dir='ltr'>Μειιιιι.</span> <span class='ocrx_word' id='word_1_788' title='bbox 1818 5724 1907 5770; x_wconf 70' lang='lat' dir='ltr'><strong>vn,</strong></span> <span class='ocrx_word' id='word_1_789' title='bbox 1937 5709 2131 5770; x_wconf 61' lang='lat'><strong>35,33.</strong></span> <span class='ocrx_word' id='word_1_790' title='bbox 2210 5708 2216 5732; x_wconf 62' lang='grc' dir='ltr'>π</span> 
     </span>
    </p>
   </div>
   <div class='ocr_carea' id='block_1_104' title="bbox 1528 5709 2131 5772">
    <p class='ocr_par' dir='ltr' id='par_1_104' title="bbox 1528 5709 2131 5772">
     <span class='ocr_line' id='line_1_104' title="bbox 1528 5709 2131 5772; baseline 0.003 -12"><span class='ocrx_word' id='word_1_791' title='bbox 1528 5710 1569 5741; x_wconf 59' lang='grc' dir='ltr'><strong>δ’</strong></span> <span class='ocrx_word' id='word_1_792' title='bbox 1600 5709 1785 5761; x_wconf 68' lang='grc' dir='ltr'>ΜειΗΙι.</span> <span class='ocrx_word' id='word_1_793' title='bbox 1818 5724 1907 5772; x_wconf 70' lang='lat' dir='ltr'><strong>Ut,</strong></span> <span class='ocrx_word' id='word_1_794' title='bbox 1937 5710 2023 5770; x_wconf 72' lang='lat' dir='ltr'><strong>3i,</strong></span> <span class='ocrx_word' id='word_1_795' title='bbox 2046 5709 2131 5759; x_wconf 57' lang='lat'><strong>53.</strong></span> 
     </span>
    </p>
   </div>
   <div class='ocr_carea' id='block_1_105' title="bbox 2348 5636 2649 5690">
    <p class='ocr_par' dir='ltr' id='par_1_105' title="bbox 2348 5636 2649 5690">
     <span class='ocr_line' id='line_1_105' title="bbox 2348 5636 2649 5690; baseline 0 -6"><span class='ocrx_word' id='word_1_796' title='bbox 2348 5637 2389 5666; x_wconf 80' lang='grc'><strong>³⁷</strong></span> <span class='ocrx_word' id='word_1_797' title='bbox 2424 5636 2556 5688; x_wconf 76' lang='lat' dir='ltr'><strong>iltltl.</strong></span> <span class='ocrx_word' id='word_1_798' title='bbox 2599 5638 2649 5690; x_wconf 75' lang='grc' dir='ltr'><strong>(ἶ,</strong></span> 
     </span>
    </p>
   </div>
   <div class='ocr_carea' id='block_1_106' title="bbox 2214 5705 2628 5767">
    <p class='ocr_par' dir='ltr' id='par_1_106' title="bbox 2214 5705 2628 5767">
     <span class='ocr_line' id='line_1_106' title="bbox 2214 5705 2628 5767; baseline -0.002 -9"><span class='ocrx_word' id='word_1_799' title='bbox 2214 5708 2251 5733; x_wconf 69' lang='grc'><strong>³“</strong></span> <span class='ocrx_word' id='word_1_800' title='bbox 2293 5705 2422 5758; x_wconf 78' lang='lat' dir='ltr'><strong>Luc.</strong></span> <span class='ocrx_word' id='word_1_801' title='bbox 2453 5707 2628 5767; x_wconf 62' lang='lat'><strong>“.37.</strong></span> 
     </span>
    </p>
   </div>
   <div class='ocr_carea' id='block_1_107' title="bbox 2414 4544 4001 4615">
    <p class='ocr_par' dir='ltr' id='par_1_107' title="bbox 2414 4544 4001 4615">
     <span class='ocr_line' id='line_1_107' title="bbox 2414 4544 4001 4615; baseline 0 -16"><span class='ocrx_word' id='word_1_802' title='bbox 2414 4546 2601 4599; x_wconf 73' lang='grc' dir='ltr'>τούτου</span> <span class='ocrx_word' id='word_1_803' title='bbox 2623 4546 2862 4599; x_wconf 65' lang='grc' dir='ltr'>διδάσκει</span> <span class='ocrx_word' id='word_1_804' title='bbox 2883 4547 3027 4614; x_wconf 73' lang='grc' dir='ltr'><strong>ἡμᾶς</strong></span> <span class='ocrx_word' id='word_1_805' title='bbox 3052 4544 3079 4595; x_wconf 87' lang='lat'><strong>6</strong></span> <span class='ocrx_word' id='word_1_806' title='bbox 3104 4546 3533 4615; x_wconf 73' lang='grc' dir='ltr'>Παροιμιαστὴς.</span> <span class='ocrx_word' id='word_1_807' title='bbox 3562 4545 3738 4613; x_wconf 82' lang='grc' dir='ltr'>λέγων</span> <span class='ocrx_word' id='word_1_808' title='bbox 3765 4563 3779 4575; x_wconf 75' lang='grc'><strong><em>⁸</em></strong></span> <span class='ocrx_word' id='word_1_809' title='bbox 3811 4566 3830 4597; x_wconf 77' lang='grc' dir='ltr'><strong>ι</strong></span> <span class='ocrx_word' id='word_1_810' title='bbox 3866 4548 4001 4615; x_wconf 76' lang='grc' dir='ltr'>Πρὶν</span> 
     </span>
    </p>
   </div>
   <div class='ocr_carea' id='block_1_108' title="bbox 2418 4635 3996 4707">
    <p class='ocr_par' dir='ltr' id='par_1_108' title="bbox 2418 4635 3996 4707">
     <span class='ocr_line' id='line_1_108' title="bbox 2418 4635 3996 4707; baseline 0.001 -18"><span class='ocrx_word' id='word_1_811' title='bbox 2418 4637 2693 4701; x_wconf 75' lang='grc' dir='ltr'>ἐξετάσαι,</span> <span class='ocrx_word' id='word_1_812' title='bbox 2729 4638 2802 4706; x_wconf 77' lang='grc' dir='ltr'><strong>μὴ</strong></span> <span class='ocrx_word' id='word_1_813' title='bbox 2838 4635 3026 4707; x_wconf 74' lang='grc' dir='ltr'><strong>μέμψῃ</strong></span> <span class='ocrx_word' id='word_1_814' title='bbox 3052 4636 3118 4688; x_wconf 78' lang='grc' dir='ltr'>δι’</span> <span class='ocrx_word' id='word_1_815' title='bbox 3155 4637 3344 4702; x_wconf 62' lang='grc' dir='ltr'>ἀκοῆς</span> <span class='ocrx_word' id='word_1_816' title='bbox 3370 4636 3507 4690; x_wconf 79' lang='grc' dir='ltr'><strong>ἀλλὰ</strong></span> <span class='ocrx_word' id='word_1_817' title='bbox 3535 4638 3730 4706; x_wconf 79' lang='grc' dir='ltr'>νόησον</span> <span class='ocrx_word' id='word_1_818' title='bbox 3760 4638 3996 4706; x_wconf 77' lang='grc' dir='ltr'>πρῶτον,</span> 
     </span>
    </p>
   </div>
   <div class='ocr_carea' id='block_1_109' title="bbox 2420 4727 4000 4799">
    <p class='ocr_par' dir='ltr' id='par_1_109' title="bbox 2420 4727 4000 4799">
     <span class='ocr_line' id='line_1_109' title="bbox 2420 4727 4000 4799; baseline 0 -16"><span class='ocrx_word' id='word_1_819' title='bbox 2420 4731 2515 4784; x_wconf 73' lang='grc' dir='ltr'>καὶ</span> <span class='ocrx_word' id='word_1_820' title='bbox 2542 4730 2661 4781; x_wconf 80' lang='grc' dir='ltr'><strong>τότε</strong></span> <span class='ocrx_word' id='word_1_821' title='bbox 2694 4729 2840 4781; x_wconf 85' lang='grc' dir='ltr'>ὲπιτί</span> <span class='ocrx_word' id='word_1_822' title='bbox 2848 4745 2953 4799; x_wconf 82' lang='grc' dir='ltr'><strong>μα·</strong></span> <span class='ocrx_word' id='word_1_823' title='bbox 2992 4728 3123 4797; x_wconf 67' lang='grc' dir='ltr'>πρὶν</span> <span class='ocrx_word' id='word_1_824' title='bbox 3157 4727 3411 4792; x_wconf 80' lang='grc' dir='ltr'>ἀκοῦσαι,</span> <span class='ocrx_word' id='word_1_825' title='bbox 3447 4728 3524 4799; x_wconf 83' lang='grc' dir='ltr'><strong>μὴ</strong></span> <span class='ocrx_word' id='word_1_826' title='bbox 3552 4729 3878 4799; x_wconf 77' lang='grc' dir='ltr'>ἀποκρίνου,</span> <span class='ocrx_word' id='word_1_827' title='bbox 3907 4734 4000 4783; x_wconf 80' lang='grc' dir='ltr'>καὶ</span> 
     </span>
    </p>
   </div>
   <div class='ocr_carea' id='block_1_110' title="bbox 2424 4819 3999 4891">
    <p class='ocr_par' dir='ltr' id='par_1_110' title="bbox 2424 4819 3999 4891">
     <span class='ocr_line' id='line_1_110' title="bbox 2424 4819 3999 4891; baseline 0.003 -20"><span class='ocrx_word' id='word_1_828' title='bbox 2424 4824 2480 4874; x_wconf 81' lang='grc' dir='ltr'>ὲν</span> <span class='ocrx_word' id='word_1_829' title='bbox 2512 4821 2662 4891; x_wconf 79' lang='grc' dir='ltr'><strong>μέσῳ</strong></span> <span class='ocrx_word' id='word_1_830' title='bbox 2690 4820 2863 4889; x_wconf 78' lang='grc' dir='ltr'>λόγων</span> <span class='ocrx_word' id='word_1_831' title='bbox 2914 4820 2990 4891; x_wconf 85' lang='grc' dir='ltr'><strong>μὴ</strong></span> <span class='ocrx_word' id='word_1_832' title='bbox 3022 4819 3278 4873; x_wconf 72' lang='grc' dir='ltr'>ἐπίϐαλλε</span> <span class='ocrx_word' id='word_1_833' title='bbox 3305 4820 3615 4890; x_wconf 82' lang='grc' dir='ltr'><strong>ρῆμα.⁸⁸οτι</strong></span> <span class='ocrx_word' id='word_1_834' title='bbox 3639 4821 3874 4886; x_wconf 79' lang='grc' dir='ltr'>θάνατος</span> <span class='ocrx_word' id='word_1_835' title='bbox 3910 4825 3999 4877; x_wconf 88' lang='grc' dir='ltr'>καὶ</span> 
     </span>
    </p>
   </div>
   <div class='ocr_carea' id='block_1_111' title="bbox 2426 4907 3999 4983">
    <p class='ocr_par' dir='ltr' id='par_1_111' title="bbox 2426 4907 3999 4983">
     <span class='ocr_line' id='line_1_111' title="bbox 2426 4907 3999 4983; baseline 0.004 -21"><span class='ocrx_word' id='word_1_836' title='bbox 2426 4911 2539 4980; x_wconf 74' lang='grc' dir='ltr'><strong>ζωὴ</strong></span> <span class='ocrx_word' id='word_1_837' title='bbox 2583 4912 2640 4963; x_wconf 76' lang='grc' dir='ltr'>ἐν</span> <span class='ocrx_word' id='word_1_838' title='bbox 2669 4910 2815 4981; x_wconf 74' lang='grc' dir='ltr'>χειρὶ</span> <span class='ocrx_word' id='word_1_839' title='bbox 2855 4910 3125 4979; x_wconf 73' lang='grc' dir='ltr'>γλώσσης.</span> <span class='ocrx_word' id='word_1_840' title='bbox 3165 4930 3184 4962; x_wconf 72' lang='grc' dir='ltr'><strong>ι</strong></span> <span class='ocrx_word' id='word_1_841' title='bbox 3230 4909 3376 4963; x_wconf 80' lang='grc' dir='ltr'>Καί’</span> <span class='ocrx_word' id='word_1_842' title='bbox 3414 4928 3434 4963; x_wconf 78' lang='grc' dir='ltr'><strong>ι</strong></span> <span class='ocrx_word' id='word_1_843' title='bbox 3486 4912 3578 4975; x_wconf 77' lang='grc' dir='ltr'><strong>Εἰς</strong></span> <span class='ocrx_word' id='word_1_844' title='bbox 3603 4907 3721 4967; x_wconf 78' lang='grc' dir='ltr'><strong>ὦτα</strong></span> <span class='ocrx_word' id='word_1_845' title='bbox 3769 4913 3999 4983; x_wconf 78' lang='grc' dir='ltr'>ἄφρονος</span> 
     </span>
    </p>
   </div>
   <div class='ocr_carea' id='block_1_112' title="bbox 2431 5000 3997 5072">
    <p class='ocr_par' dir='ltr' id='par_1_112' title="bbox 2431 5000 3997 5072">
     <span class='ocr_line' id='line_1_112' title="bbox 2431 5000 3997 5072; baseline 0 -19"><span class='ocrx_word' id='word_1_846' title='bbox 2431 5001 2596 5071; x_wconf 76' lang='grc' dir='ltr'>μηδὲν</span> <span class='ocrx_word' id='word_1_847' title='bbox 2624 5000 2748 5069; x_wconf 80' lang='grc' dir='ltr'>λέγε</span> <span class='ocrx_word' id='word_1_848' title='bbox 2771 5042 2787 5065; x_wconf 90' lang='grc'><strong>,</strong></span> <span class='ocrx_word' id='word_1_849' title='bbox 2838 5001 2912 5070; x_wconf 84' lang='grc' dir='ltr'><strong>μή</strong></span> <span class='ocrx_word' id='word_1_850' title='bbox 2944 5019 3075 5054; x_wconf 81' lang='grc' dir='ltr'>ποτε</span> <span class='ocrx_word' id='word_1_851' title='bbox 3113 5001 3429 5072; x_wconf 74' lang='grc' dir='ltr'>μυκτηρίσῃ</span> <span class='ocrx_word' id='word_1_852' title='bbox 3456 5002 3584 5065; x_wconf 73' lang='grc' dir='ltr'>τοὺς</span> <span class='ocrx_word' id='word_1_853' title='bbox 3617 5002 3878 5064; x_wconf 79' lang='grc' dir='ltr'>συνετούς</span> <span class='ocrx_word' id='word_1_854' title='bbox 3910 5020 3997 5055; x_wconf 82' lang='grc' dir='ltr'><strong>σου</strong></span> 
     </span>
    </p>
   </div>
   <div class='ocr_carea' id='block_1_113' title="bbox 2426 5092 4002 5164">
    <p class='ocr_par' dir='ltr' id='par_1_113' title="bbox 2426 5092 4002 5164">
     <span class='ocr_line' id='line_1_113' title="bbox 2426 5092 4002 5164; baseline 0.002 -19"><span class='ocrx_word' id='word_1_855' title='bbox 2426 5093 2636 5158; x_wconf 79' lang='grc' dir='ltr'>λόγους.</span> <span class='ocrx_word' id='word_1_856' title='bbox 2674 5113 2690 5144; x_wconf 78' lang='grc' dir='ltr'><strong>ι</strong></span> <span class='ocrx_word' id='word_1_857' title='bbox 2725 5094 2833 5146; x_wconf 72' lang='grc' dir='ltr'><strong>Καὶ</strong></span> <span class='ocrx_word' id='word_1_858' title='bbox 2860 5095 3047 5163; x_wconf 74' lang='grc' dir='ltr'>ἕτερος</span> <span class='ocrx_word' id='word_1_859' title='bbox 3070 5111 3086 5126; x_wconf 80' lang='grc' dir='ltr'><strong>ο</strong></span> <span class='ocrx_word' id='word_1_860' title='bbox 3122 5112 3142 5145; x_wconf 77' lang='grc' dir='ltr'><strong>ι</strong></span> <span class='ocrx_word' id='word_1_861' title='bbox 3175 5092 3348 5157; x_wconf 86' lang='grc' dir='ltr'><strong>Σοφοῦ</strong></span> <span class='ocrx_word' id='word_1_862' title='bbox 3385 5094 3585 5164; x_wconf 79' lang='grc' dir='ltr'>καρδία</span> <span class='ocrx_word' id='word_1_863' title='bbox 3617 5093 3831 5158; x_wconf 78' lang='grc' dir='ltr'>δέξεται</span> <span class='ocrx_word' id='word_1_864' title='bbox 3860 5096 4002 5148; x_wconf 64' lang='grc' dir='ltr'>ιντο-</span> 
     </span>
    </p>
   </div>
   <div class='ocr_carea' id='block_1_114' title="bbox 2427 5183 3998 5254">
    <p class='ocr_par' dir='ltr' id='par_1_114' title="bbox 2427 5183 3998 5254">
     <span class='ocr_line' id='line_1_114' title="bbox 2427 5183 3998 5254; baseline 0.001 -19"><span class='ocrx_word' id='word_1_865' title='bbox 2427 5183 2524 5246; x_wconf 72' lang='grc' dir='ltr'>λάς</span> <span class='ocrx_word' id='word_1_866' title='bbox 2545 5201 2557 5214; x_wconf 91' lang='grc'>·</span> <span class='ocrx_word' id='word_1_867' title='bbox 2585 5187 2612 5236; x_wconf 85' lang='grc' dir='ltr'>ὁ</span> <span class='ocrx_word' id='word_1_868' title='bbox 2631 5184 2688 5237; x_wconf 75' lang='grc' dir='ltr'>δὲ</span> <span class='ocrx_word' id='word_1_869' title='bbox 2716 5186 2846 5239; x_wconf 80' lang='grc' dir='ltr'>ἇστε</span> <span class='ocrx_word' id='word_1_870' title='bbox 2860 5202 2947 5252; x_wconf 81' lang='grc' dir='ltr'><strong>γος</strong></span> <span class='ocrx_word' id='word_1_871' title='bbox 2980 5185 3231 5254; x_wconf 81' lang='grc' dir='ltr'>χείλεσιν,</span> <span class='ocrx_word' id='word_1_872' title='bbox 3268 5184 3572 5248; x_wconf 75' lang='grc' dir='ltr'>σκολιάζων</span> <span class='ocrx_word' id='word_1_873' title='bbox 3599 5185 3998 5251; x_wconf 74' lang='grc' dir='ltr'>ὑποσκελίσθή-</span> 
     </span>
    </p>
   </div>
   <div class='ocr_carea' id='block_1_115' title="bbox 2428 5275 4002 5346">
    <p class='ocr_par' dir='ltr' id='par_1_115' title="bbox 2428 5275 4002 5346">
     <span class='ocr_line' id='line_1_115' title="bbox 2428 5275 4002 5346; baseline 0 -19"><span class='ocrx_word' id='word_1_874' title='bbox 2428 5292 2602 5329; x_wconf 82' lang='grc' dir='ltr'>σεται.</span> <span class='ocrx_word' id='word_1_875' title='bbox 2649 5294 2665 5325; x_wconf 73' lang='grc' dir='ltr'><strong>ι</strong></span> <span class='ocrx_word' id='word_1_876' title='bbox 2702 5275 2861 5344; x_wconf 79' lang='grc' dir='ltr'>Λέγει</span> <span class='ocrx_word' id='word_1_877' title='bbox 2884 5276 2942 5328; x_wconf 73' lang='grc' dir='ltr'>δὲ</span> <span class='ocrx_word' id='word_1_878' title='bbox 2973 5279 3065 5329; x_wconf 67' lang='grc' dir='ltr'>καὶ</span> <span class='ocrx_word' id='word_1_879' title='bbox 3097 5280 3126 5329; x_wconf 82' lang='grc' dir='ltr'>ὁ</span> <span class='ocrx_word' id='word_1_880' title='bbox 3168 5276 3607 5346; x_wconf 79' lang='grc' dir='ltr'>Ἐκκλησιαστής</span> <span class='ocrx_word' id='word_1_881' title='bbox 3630 5292 3645 5308; x_wconf 89' lang='grc'><strong>·</strong></span> <span class='ocrx_word' id='word_1_882' title='bbox 3681 5295 3702 5327; x_wconf 72' lang='grc' dir='ltr'>ί</span> <span class='ocrx_word' id='word_1_883' title='bbox 3740 5277 3838 5339; x_wconf 79' lang='lat' dir='ltr'><strong>Et;</strong></span> <span class='ocrx_word' id='word_1_884' title='bbox 3871 5278 4002 5328; x_wconf 72' lang='grc' dir='ltr'>πάν-</span> 
     </span>
    </p>
   </div>
   <div class='ocr_carea' id='block_1_116' title="bbox 2434 5365 4002 5437">
    <p class='ocr_par' dir='ltr' id='par_1_116' title="bbox 2434 5365 4002 5437">
     <span class='ocr_line' id='line_1_116' title="bbox 2434 5365 4002 5437; baseline -0.003 -17"><span class='ocrx_word' id='word_1_885' title='bbox 2434 5386 2534 5430; x_wconf 69' lang='grc' dir='ltr'><strong>τας</strong></span> <span class='ocrx_word' id='word_1_886' title='bbox 2563 5368 2757 5434; x_wconf 76' lang='grc' dir='ltr'>λόγους</span> <span class='ocrx_word' id='word_1_887' title='bbox 2787 5365 2877 5429; x_wconf 76' lang='grc' dir='ltr'><strong>οὓς</strong></span> <span class='ocrx_word' id='word_1_888' title='bbox 2906 5366 3157 5420; x_wconf 80' lang='grc' dir='ltr'>λαλοῦσιν</span> <span class='ocrx_word' id='word_1_889' title='bbox 3190 5368 3239 5419; x_wconf 82' lang='grc' dir='ltr'>οἱ</span> <span class='ocrx_word' id='word_1_890' title='bbox 3267 5367 3504 5431; x_wconf 80' lang='grc' dir='ltr'>ἀσεϐεῖς,</span> <span class='ocrx_word' id='word_1_891' title='bbox 3550 5368 3625 5437; x_wconf 82' lang='grc' dir='ltr'><strong>μὴ</strong></span> <span class='ocrx_word' id='word_1_892' title='bbox 3653 5366 3755 5437; x_wconf 75' lang='grc' dir='ltr'>θῇς</span> <span class='ocrx_word' id='word_1_893' title='bbox 3782 5368 4002 5435; x_wconf 76' lang='grc' dir='ltr'>καρδίαν</span> 
     </span>
    </p>
   </div>
   <div class='ocr_carea' id='block_1_117' title="bbox 2439 5439 3996 5529">
    <p class='ocr_par' dir='ltr' id='par_1_117' title="bbox 2439 5459 3996 5529">
     <span class='ocr_line' id='line_1_117' title="bbox 2439 5459 3996 5529; baseline -0.002 -16"><span class='ocrx_word' id='word_1_894' title='bbox 2439 5479 2533 5513; x_wconf 85' lang='grc' dir='ltr'><strong>σου</strong></span> <span class='ocrx_word' id='word_1_895' title='bbox 2558 5478 2573 5493; x_wconf 80' lang='grc' dir='ltr'><strong>ο</strong></span> <span class='ocrx_word' id='word_1_896' title='bbox 2598 5462 2691 5514; x_wconf 72' lang='grc' dir='ltr'><strong>καὶ</strong></span> <span class='ocrx_word' id='word_1_897' title='bbox 2714 5462 2771 5513; x_wconf 80' lang='grc' dir='ltr'>ἐν</span> <span class='ocrx_word' id='word_1_898' title='bbox 2798 5459 3045 5529; x_wconf 81' lang='grc' dir='ltr'>ταμείοις</span> <span class='ocrx_word' id='word_1_899' title='bbox 3076 5460 3334 5523; x_wconf 83' lang='grc' dir='ltr'>κοιτῶνος</span> <span class='ocrx_word' id='word_1_900' title='bbox 3384 5477 3475 5513; x_wconf 87' lang='grc' dir='ltr'><strong>σου</strong></span> <span class='ocrx_word' id='word_1_901' title='bbox 3510 5460 3571 5512; x_wconf 83' lang='grc' dir='ltr'><strong>οὐ</strong></span> <span class='ocrx_word' id='word_1_902' title='bbox 3604 5461 3679 5527; x_wconf 81' lang='grc' dir='ltr'><strong>μὴ</strong></span> <span class='ocrx_word' id='word_1_903' title='bbox 3713 5460 3996 5527; x_wconf 73' lang='grc' dir='ltr'>καταρὰσῃ</span> 
     </span>
    </p>
   </div>
   <div class='ocr_carea' id='block_1_118' title="bbox 2731 5635 3468 5698">
    <p class='ocr_par' dir='ltr' id='par_1_118' title="bbox 2731 5635 3468 5698">
     <span class='ocr_line' id='line_1_118' title="bbox 2731 5635 3468 5698; baseline -0.008 -11"><span class='ocrx_word' id='word_1_904' title='bbox 2731 5637 2773 5665; x_wconf 77' lang='grc'><strong>³“</strong></span> <span class='ocrx_word' id='word_1_905' title='bbox 2804 5635 2937 5687; x_wconf 85' lang='lat' dir='ltr'><strong>ibid.</strong></span> <span class='ocrx_word' id='word_1_906' title='bbox 3016 5635 3059 5665; x_wconf 85' lang='lat'><strong><em>”</em></strong></span> <span class='ocrx_word' id='word_1_907' title='bbox 3088 5635 3250 5688; x_wconf 77' lang='lat' dir='ltr'><strong>Eceli.</strong></span> <span class='ocrx_word' id='word_1_908' title='bbox 3284 5650 3392 5698; x_wconf 55' lang='grc' dir='ltr'>τιν,</span> <span class='ocrx_word' id='word_1_909' title='bbox 3424 5635 3468 5685; x_wconf 88' lang='lat' dir='ltr'><strong>l.</strong></span> 
     </span>
    </p>
   </div>
   <div class='ocr_carea' id='block_1_119' title="bbox 2714 5705 3211 5759">
    <p class='ocr_par' dir='ltr' id='par_1_119' title="bbox 2714 5705 3211 5759">
     <span class='ocr_line' id='line_1_119' title="bbox 2714 5705 3211 5759; baseline -0.002 -1"><span class='ocrx_word' id='word_1_910' title='bbox 2714 5708 2749 5734; x_wconf 69' lang='lat'><strong>&quot;&quot;</strong></span> <span class='ocrx_word' id='word_1_911' title='bbox 2792 5705 2959 5759; x_wconf 63' lang='lat' dir='ltr'><strong>I&#39;Irc&#39;li.</strong></span> <span class='ocrx_word' id='word_1_912' title='bbox 2988 5721 3094 5757; x_wconf 67' lang='lat' dir='ltr'><strong>In.</strong></span> <span class='ocrx_word' id='word_1_913' title='bbox 3128 5705 3211 5757; x_wconf 84' lang='lat' dir='ltr'><strong>l7.</strong></span> 
     </span>
    </p>
   </div>
   <div class='ocr_carea' id='block_1_120' title="bbox 3552 5634 4002 5701">
    <p class='ocr_par' dir='ltr' id='par_1_120' title="bbox 3552 5634 4002 5701">
     <span class='ocr_line' id='line_1_120' title="bbox 3552 5634 4002 5701; baseline -0.009 -14"><span class='ocrx_word' id='word_1_914' title='bbox 3552 5636 3592 5663; x_wconf 75' lang='lat'><strong>&quot;&#39;</strong></span> <span class='ocrx_word' id='word_1_915' title='bbox 3633 5634 3802 5689; x_wconf 62' lang='lat' dir='ltr'><strong>lierli.</strong></span> <span class='ocrx_word' id='word_1_916' title='bbox 3828 5650 4002 5701; x_wconf 64' lang='grc' dir='ltr'>ιῑιοιιι,</span> 
     </span>
    </p>
   </div>
  </div>
