4178 6436
138 448 248 512 1537

958 442 1277 501 HUMILIA
1317 441 1645 500 ΧΧΧΙΙ.-
1688 439 1782 499 DE
1820 438 2496 499 CONTR-ADICTIONE.

3213 439 3349 505 1538

133 560 356 613 πλούσιον
383 598 395 616 ,
432 556 511 608 ὃτι
541 553 780 606 πετεινὸν
808 552 902 606 τοῦ
932 554 1164 623 ούρανοῦ
1205 554 1421 607 ἀποίσει
1448 571 1539 605 σου
1570 552 1668 621 τὴν

1787 550 2124 619 'espondcas,
2156 559 2211 603 et
2248 550 2301 604 in
2332 549 2514 604 medio
2564 563 2881 602 sermonum
2928 568 2995 605 ne
3056 552 3352 607 intersems

132 652 312 722 φωνήν.
351 667 366 698 ι
418 647 477 697 ’0
520 647 575 698 δὲ
610 645 817 707 Παῦλος
840 645 1144 697 ἐπιστέλλει
1174 644 1349 711 λέγων
1372 663 1385 675 ·
1424 663 1441 696 t
1496 644 1674 697 ’Λδελ-

133 745 225 811 φοί,
263 741 576 809 ἀνεχόμενοι
605 738 851 805 ἀλλήλων
877 780 890 801 ,
925 736 1020 790 καὶ
1061 737 1409 806 χαριζόμενοι
1450 739 1675 799 ἑαυτοὺς

131 837 211 889 ἐάν
234 851 310 897 τις
338 834 470 903 πρός
502 848 623 884 τινα
664 830 760 899 ἔχη
797 830 1032 900 μορφὴν,
1060 830 1242 892 καθὼς
1273 831 1363 882 καὶ
1390 830 1418 881 ὁ
1444 829 1675 898 Χριστὸς

130 926 396 996 ἐχαρίσατο
434 926 587 992 ἡμῖν,
613 922 785 984 οὕτως
813 923 905 974 καὶ
935 922 1114 991 ὑμεῖς.
1156 923 1279 976 Ἐπὶ
1313 924 1448 974 πᾶσι
1476 923 1530 973 δὲ
1551 920 1672 973 τού-

127 1034 241 1078 τοις,
272 1017 366 1083 τὴν
406 1014 661 1081 ἀγάπην,
707 1013 734 1062 ὅ
764 1012 911 1062 ἐστιν
948 1010 1242 1079 σύνδεσμος
1271 1010 1365 1077 τῆς
1403 1009 1676 1077 τελειότη-

128 1125 224 1169 τος.
280 1127 296 1157 ι
333 1104 626 1173 Γενώμεθα
666 1102 757 1157 οὖν
786 1102 1099 1171 πειθόμενοι
1132 1102 1207 1171 τῷ
1236 1101 1433 1167 Παύλῳ
1456 1101 1676 1154 ἐπαλεί-

129 1215 265 1265 φοντι
315 1198 483 1265 ἡμᾶς,
547 1196 632 1247 ῖνα
690 1196 764 1264 μὴ
806 1193 1131 1260 ἀκούσωμεν
1186 1191 1335 1261 παρά
1368 1189 1537 1244 Ἰούδα
1581 1189 1673 1242 τοῦ

128 1285 335 1353 ἀδελφοῦ
391 1283 674 1347 Ἰακώϐου,
731 1286 814 1337 ὃτι
870 1302 889 1334 ι
937 1275 1097 1335 Οῦτοί
1157 1285 1294 1334 εἰσιν
1334 1282 1674 1349 γονγυσταὶ,

129 1377 491 1447 μεμψίμοιροι,
528 1377 669 1428 κατὰ
702 1375 800 1435 τὰς
831 1374 1124 1443 ἐπιθυμίας
1160 1372 1341 1425 αὐτῶν
1371 1373 1673 1442 πορευόμε-

130 1487 215 1522 νοι.
248 1470 352 1521 Καὶ
388 1468 448 1519 τὸ
482 1468 654 1534 στόμα
691 1467 867 1519 αὐτῶν
918 1465 1071 1518 λαλεῖ
1115 1466 1428 1534 ὑπέρογκασ
1460 1463 1674 1533 θαυμά-

126 1563 310 1623 ζοντες,
357 1560 648 1628 πρόσωπα,
675 1557 943 1625 ὡφελείας
966 1557 1144 1626 χάριν.
1180 1575 1196 1605 ι
1226 1557 1297 1607 Τὸ
1321 1555 1427 1624 γὰρ
1459 1554 1673 1622 μέμφε-

127 1653 254 1715 σθαι,
285 1651 454 1703 «eam
481 1651 761 1719 ἁρμόττει,
792 1651 839 1701 εἰ
872 1650 947 1718 μὴ
982 1649 1161 1716 μόνοις
1196 1651 1304 1709 τοῖς
1337 1649 1673 1716 Φαρισαίοις,

124 1742 188 1799 ὡς
230 1740 569 1802 δικαιοῦντας
614 1738 864 1800 ἑαυτούς.
896 1739 1059 1790 Ὅθεν
1100 1740 1189 1790 καὶ
1222 1740 1307 1790 ὅτε
1339 1739 1388 1788 oi
1437 1738 1676 1808 μαθηταὶ

125 1834 206 1886 τοῦ
255 1834 457 1903 Κυρίου
512 1831 838 1892 ἐπείνασαν,
883 1830 974 1883 καὶ
1011 1829 1250 1898 ἤρξαντο
1295 1827 1496 1880 τίλλειν
1552 1831 1676 1892 τοὺς

1780 643 2080 709 verbum",
2106 643 2233 711 quia
2253 657 2402 696 mors
2428 653 2482 695 et
2500 642 2608 695 vita
2638 641 2693 695 iu
2719 656 2883 694 manu
2907 641 3103 710 lingua:
3123 646 3226 708 ⁸ου,
3246 646 3311 699 Et
3336 662 3349 698 ;

1787 754 1804 784 ι
1828 733 1907 787 Ad
1926 748 2085 786 aures
2109 732 2263 786 stulti
2312 732 2451 785 nihil
2499 731 2609 793 die,
2638 747 2706 784 ne
2739 731 2883 784 forte
2908 730 3354 787 subsanncteru-

1779 825 1921 878 ditos
1946 834 2067 877 tuos
2090 838 2394 878 sermones.
2421 842 2439 873 ι
2463 824 2613 877 Alter
2635 824 2765 877 item
2788 821 3016 892 Sapiens
3050 840 3062 875 :
3085 842 3102 872 ι
3136 823 3243 878 Cor
3263 840 3354 880 ex-

1780 919 1946 987 cipiet
1967 917 2221 971 mandata
2241 916 2309 979 5';
2337 914 2431 984 qui
2455 925 2636 969 autem
2658 916 3084 969 intolerabiliter
3104 923 3263 969 vacat
3280 915 3358 969 la-

1782 1011 1907 1072 biis,
1928 1008 2374 1079 supplautabitur
2397 1007 2493 1061 “.i
2519 1008 2661 1061 Dicit
2682 1020 2866 1061 autem
2887 1018 2943 1061 et
2962 1007 3353 1061 Ecclesiastes:

1789 1103 1895 1156 «Ad
1922 1101 2105 1155 omnia
2140 1102 2308 1155 verba
2354 1100 2983 1170 qumloqucuturimpii,
3016 1116 3083 1155 ne
3113 1114 3359 1169 apponas

1781 1210 1877 1248 cor
1918 1202 2167 1258 tuum,ct
2192 1194 2244 1246 in
2270 1193 2517 1246 conclavi
2542 1192 2743 1245 cubitis
2769 1193 2846 1245 tui
2882 1209 2950 1245 ne
2982 1193 3123 1245 male
3151 1191 3357 1245 dixeris

1782 1286 1962 1347 diviti,
1990 1286 2119 1354 quia
2143 1285 2259 1339 avis
2285 1285 2406 1337 (εωΙί
2435 1284 2678 1352 portabit
2701 1298 2890 1337 vocem
2910 1294 3057 1337 tuam
3079 1283 3141 1337 ⁸⁸.
3177 1304 3194 1336 ι
3215 1284 3356 1339 Ρειιο

1781 1377 1867 1430 lus
1894 1376 2023 1430 item
2060 1393 2155 1444 per
2185 1375 2470 1443 epistolam
2504 1375 2640 1429 dicit
2672 1394 2685 1429 :
2718 1375 2992 1440 «Fratres,
3024 1382 3355 1443 supportan-

1783 1480 1865 1524 tes
1900 1470 2134 1523 invicem
2168 1468 2511 1522 etdonantes
2546 1468 2974 1537 vobismctipsis,
2999 1468 3042 1521 si
3094 1468 3220 1535 quis
3256 1467 3358 1521 ad-

1782 1576 1975 1615 versus
2000 1561 2237 1629 aliquem
2272 1559 2437 1613 habet
2467 1560 2747 1629 querelam
2783 1578 2797 1626 ;
2833 1560 2979 1614 sicut
3002 1568 3059 1613 et
3104 1558 3360 1613 Christus

1781 1652 2007 1707 donavit
2037 1652 2214 1709 vobis.
2245 1651 2325 1705 sic
2347 1661 2402 1703 et
2434 1667 2533 1705 vos
2557 1669 2569 1704 :
2590 1667 2755 1720 super
2789 1652 2975 1706 omnia
3001 1661 3186 1706 autem
3219 1651 3357 1714 hac,

1781 1746 2106 1799 ebaritatcm
2155 1744 2374 1810 habete,
2426 1743 2683 1812 quodest
2730 1744 3011 1797 vinculum
3066 1744 3361 1813 perfectio-

1781 1836 1979 1888 ιιίδδο.»
2001 1835 2114 1889 Mos
2135 1850 2264 1888 sane
2281 1834 2555 1903 gerendus
2575 1833 2815 1887 Paulinae
2837 1832 2926 1887 isti
2954 1833 3237 1897 doctrinae,
3250 1848 3357 1902 qua

128 1925 345 1994 στάχυας
385 1925 481 1976 καὶ
522 1923 742 1986 ἐσθίειν,
780 1923 830 1973 οἱ
856 1923 1134 1991 Φαρισαῖοι
1165 1918 1316 1973 εἷπον
1348 1921 1422 1989 τῷ
1452 1922 1640 1991 κυρίῳ
1666 1939 1678 1951 .

1788 1942 1887 1981 nos
1928 1926 1994 1980 ad
2040 1927 2387 1979 subeundam
2419 1925 2727 1993 paltestram
2769 1941 2871 1979 ceu
2894 1933 3175 1979 ceromate
3210 1925 3358 1988 linit,

130 2033 146 2065 ι
190 2014 313 2066 Ἰδοὺ
342 2015 391 2066 οἱ
444 2012 686 2082 μαθηταί
738 2028 832 2063 σου
874 2010 1173 2063 ποιοῦσινό
1200 2011 1297 2063 οὐκ
1340 2011 1454 2063 ἔστι
1507 2014 1679 2063 ποιεῖν

125 2108 176 2159 ὲν
218 2108 324 2167 τοῖς
353 2105 653 2157 Σαϐθασιν.
697 2122 715 2155 ο
749 2105 810 2154 Οἱ
837 2103 1313 2172 κατακρινόμενοι,
1345 2103 1469 2164 τοὺς
1496 2104 1681 2173 ἀμέμ-

126 2213 277 2260 πτους
313 2196 641 2265 ἐμέμφοντο.
671 2195 729 2246 Ὀ
752 2194 806 2246 δὲ
830 2195 1146 2259 ἀνεξίκακος
1180 2194 1379 2263 Κύριος
1407 2194 1542 2263 πρὸς
1588 2196 1684 2246 αύ-

124 2286 256 2348 τούς
280 2304 296 2336 ι
324 2289 437 2337 Οὐκ
453 2285 787 2351 ἀνέγνιοιτετί
813 2285 1068 2353 ἐποίησεν
1080 2283 1343 2336 Δαυῒδὸτε
1364 2284 1650 2335 ἐπείνασεν
1667 2324 1681 2345 ,

126 2380 209 2430 καὶ
233 2379 278 2429 οἱ
318 2378 436 2446 μετ’
472 2377 672 2440 αὐτοῦς
718 2375 834 2439 πῶς
882 2376 1133 2445 εἰσῆλθεν
1171 2379 1248 2436 εἰς
1279 2375 1370 2426 τὸν
1410 2372 1557 2427 οἷκον
1588 2374 1683 2426 τοῦ

124 2467 246 2520 θεοῦ
268 2508 280 2528 ,
314 2469 554 2529 καὶτοὺς
585 2468 784 2537 ἄρτους
824 2467 922 2535 τῆς
969 2467 1282 2536 προθέσεως
1318 2467 1551 2534 ἔφαγεν,
1590 2466 1684 2530 οὓς

123 2559 212 2610 οὐκ
245 2558 419 2622 ἔξεστι
464 2561 658 2625 φαγεῖν
692 2560 739 2609 εἰ
784 2558 859 2627 μὴ
891 2561 1000 2618 τοῖς
1041 2557 1246 2626 ἱερεῦσι
1274 2559 1476 2625 μόνοις.
1521 2577 1538 2608 ι
1576 2559 1683 2610 Καὶ

124 2651 379 2703 παιδεύων
412 2652 610 2712 αὐτοὺς
644 2650 718 2720 μὴ
760 2650 1073 2718 μέμφεσθαι
1108 2650 1350 2717 ἀκαίρως
1379 2653 1505 2712 τοὺς
1536 2652 1685 2703 ἀναι-

123 2746 280 2807 τίους,
306 2746 401 2798 καὶ
450 2745 706 2814 προσθεὶς
751 2740 939 2796 εἶπεν·
974 2761 991 2793 ι
1036 2744 1097 2795 Ei
1124 2743 1179 2796 δὲ
1211 2744 1274 2795 ἂν
1310 2743 1598 2811 ἐγνώκειτε
1628 2743 1681 2794 τί

126 2838 280 2899 ἐστιν,
312 2836 462 2889 ἔλεον
484 2836 625 2888 θέλω
655 2836 748 2887 καὶ
765 2836 825 2886 ού
857 2834 1069 2886 θυσίαν⁸
1114 2854 1132 2886 ι
1166 2837 1265 2887 οὐκ
1299 2836 1362 2887 ἂν
1393 2834 1683 2887 κατεδικά-

126 2945 240 2979 σατε
267 2930 392 2990 τοὺς
435 2928 731 2989 ἀναιτίους.
767 2925 968 2996 Κύριος
1013 2926 1123 2994 γὰρ
1166 2928 1345 2987 ἐστὶν,
1390 2926 1418 2977 ὁ
1444 2926 1558 2988 υἱὸς
1586 2924 1682 2977 τοῦ

123 3019 401 3088 ἀνθρώπου
434 3021 529 3073 καὶ
559 3020 653 3071 τοῦ
691 3018 994 3071 Σαϐϐάτου.
1025 3017 1185 3086 Αύτῷ
1214 3018 1247 3087 ἡ
1281 3017 1408 3082 δόξα
1438 3018 1517 3078 εἰς
1556 3018 1683 3079 τοὺς

124 3109 310 3173 αἰῶνας
343 3110 454 3162 τῶν
484 3109 712 3162 αἰώνων.
760 3109 956 3178 ’Δμήν.

1788 2015 2050 2082 additque
2080 2014 2248 2076 vires,
2281 2013 2574 2081 nequando
2607 2013 2663 2065 in
2691 2027 2790 2066 nos
2816 2013 3075 2067 audiatur
3102 2021 3361 2068 contorta

1790 2106 1880 2158 illa
1930 2105 2084 2159 Juda:
2113 2104 2298 2159 fratris
2328 2104 2517 2158 Jacobi
2559 2105 2829 2158 sententia
2858 2122 2870 2156 :
2899 2103 2995 2158 illi
3040 2113 3169 2158 sunt
3209 2120 3362 2159 mur-

1786 2206 2113 2261 muratores,
2146 2198 2449 2265 querulosi,
2475 2205 2531 2250 et
2577 2210 2638 2248 os
2659 2210 2853 2249 eorum
2890 2195 3133 2265 loquitur
3169 2211 3361 2266 super-

1787 2289 1887 2351 ba,
1930 2289 2266 2342 admirantes
2296 2302 2557 2355 personas
2600 2295 2847 2354 quaestus
2892 2301 3059 2340 causa
3107 2288 3174 2340 “.
3202 2305 3220 2336 ι
3255 2287 3361 2341 Ne-

1787 2380 1923 2433 mini
1979 2379 2164 2448 itaque
2207 2379 2466 2432 convenit
2493 2379 2572 2433 sic
2604 2394 2725 2433 esse
2757 2380 3072 2447 querulum,
3099 2378 3204 2434 nisi
3222 2379 3362 2435 Pila-

1788 2469 1977 2530 τίεινίε,
2002 2478 2059 2522 et
2081 2469 2246 2532 solis;
2277 2468 2481 2537 quippe
2504 2468 2596 2538 qui
2632 2469 2845 2538 seipsos
2870 2470 3101 2539 iustitia:
3136 2471 3362 2525 nomine

1784 2561 2090 2615 venditant.
2122 2559 2277 2614 Unde
2313 2569 2369 2613 et
2401 2560 2657 2630 discipuli
2682 2562 2899 2615 Domini
2926 2563 3039 2615 aeri
3069 2561 3211 2617 fame
3231 2577 3361 2617 cum

1786 2659 2136 2721 urgerentur,
2154 2650 2559 2719 coepissentque
2578 2651 2815 2719 primum
2837 2652 3015 2720 spicas
3029 2653 3359 2721 convellere,

1781 2753 1835 2796 et
1863 2743 2103 2797 inediam
2128 2759 2233 2811 qua
2270 2742 2617 2805 laborabant,
2636 2745 2720 2797 vel
2750 2745 2962 2797 tantillo
2987 2745 3365 2807 levare,'Pha—

1781 2835 1922 2887 risaai
1951 2834 2207 2887 dixerunt
2242 2834 2472 2887 Domino
2506 2852 2517 2886 :
2553 2836 2723 2888 «Ecce
2745 2835 3002 2904 discipuli
3050 2836 3127 2889 tui
3152 2836 3365 2891 faciunt

1779 2924 1924 2995 quod
1953 2942 2061 2979 nou
2109 2925 2240 2978 licet
2288 2925 2467 2979 facere
2515 2925 2859 2979 Sabbatis".
2905 2946 2923 2977 ι
2998 2928 3206 2997 ιοει
3266 2928 3361 2983 Isti

1793 3032 1955 3085 quam
1985 3030 2361 3085 promeruere,
2388 3017 2720 3069 sententiam
2754 3017 3235 3074 eondemnationis
3275 3035 3364 3075 re-

1782 3109 2050 3171 tulerunt,
2078 3108 2224 3177 quod
2252 3108 2373 3161 illos
2412 3109 2541 3161 falsa
2569 3108 2843 3163 delatione
2888 3112 3236 3180 sugillasscnt
3266 3111 3363 3181 qui

126 3202 244 3255 nulli
268 3212 428 3255 erant
456 3203 628 3270 culpa:
646 3202 892 3256 obnoxii.
927 3201 1193 3255 Dominus
1223 3199 1491 3270 siquidem
1522 3199 1730 3268 injuria:
1772 3200 1951 3253 omnis
1975 3200 2280 3253 immemori
2335 3200 2621 3268 respondit
2673 3220 2690 3251 ι
2729 3202 2869 3255 Num
2893 3202 3101 3273 legistis
3128 3204 3261 3273 quid
3286 3207 3366 3262 fe»

121 3295 249 3347 esrit
293 3296 464 3348 David
507 3311 629 3348 cum
657 3297 894 3350 esuriret
924 3296 1039 3364 ipse
1066 3304 1121 3348 et
1160 3297 1254 3363 qui
1300 3311 1423 3348 cum
1466 3310 1532 3347 eo
1577 3303 1756 3354 erant,
1796 3293 2077 3360 quomodo
2102 3293 2382 3361 ingressus
2421 3293 2493 3345 sit
2531 3292 2752 3346 domum
2787 3294 2906 3357 Dei,
2936 3303 2993 3348 et
3023 3311 3189 3363 panes
3234 3311 3363 3366 pro-

125 3385 409 3443 positionis
454 3386 715 3450 comcdit,
745 3402 886 3456 quos
947 3402 1057 3440 non
1116 3387 1314 3439 licebat
1368 3387 1531 3439 edere
1578 3385 1685 3439 nisi
1724 3385 1857 3438 solis
1896 3384 2277 3438 sacerdotibus
2306 3385 2386 3437 "1'
2422 3404 2440 3432 ν»
2506 3385 2632 3438 Illos
2699 3385 2820 3441 istis
2858 3387 3041 3441 verbis
3084 3403 3208 3442 cum
3237 3404 3367 3443 eru-

121 3480 274 3542 oiret,
305 3491 361 3535 ut
385 3498 455 3535 ne
480 3483 838 3550 imposterum
861 3481 1124 3535 adversus
1149 3482 1397 3534 insontes
1433 3480 1896 3548 intempestiviter
1958 3479 2419 3548 dequererentur,
2482 3479 2700 3533 induxit
2733 3498 2746 3532 :
2785 3499 2802 3531 ι
2847 3481 2903 3534 Si
2969 3482 3191 3537 sciretis
3231 3482 3361 3553 quid

122 3572 674 3634 est,misericordiani
705 3572 829 3624 volo
859 3581 914 3625 et
943 3588 1050 3625 non
1075 3572 1407 3625 sacriﬁcium
1440 3571 1522 3624 ’δε
1552 3590 1569 3621 ι
1594 3570 1786 3638 utique
1832 3570 1933 3622 hos
1981 3582 2092 3622 non
2119 3568 2593 3624 condcmuassetis
2646 3570 2916 3625 innoxios.
2933 3570 3197 3627 Dominus
3216 3573 3365 3629 enim

122 3674 200 3718 est
231 3665 403 3720 Filius
433 3664 674 3720 hominis
698 3666 863 3719 etiam
891 3665 1139 3719 Sabbati.
1169 3664 1275 3734 Ipsi
1306 3666 1482 3735 gloria
1518 3665 1574 3717 in
1596 3663 1817 3717 sa‘cula.
1852 3664 2027 3717 Amen

713 3776 931 3829 ΛΟΓΟΣ
959 3776 1080 3828 AB’.

623 3888 760 3956 Περὶ
801 3889 1173 3957 ἀντιλογίας.

197 4002 257 4053 'll
288 4002 573 4069 ἀντιλογία
618 4002 711 4053 καὶ
742 4003 775 4069 ἡ
822 4002 1089 4070 ἰταμότης
1120 4001 1224 4053 ὑπὸ
1253 4000 1347 4052 τοῦ
1388 3998 1555 4065 ζυγοῦ
1590 4001 1690 4069 τῆς

122 4090 309 4151 κακίας
344 4089 694 4157 σφίγγονται.
740 4088 800 4140 Ὀ
844 4090 953 4159 γὰρ
982 4088 1284 4156 ἀντίλογος,
1316 4088 1580 4140 ῖσοσθενεῖ
1612 4084 1691 4155 τῷ

122 4180 451 4249 ἀνρηνιαστῇ.
488 4180 644 4233 Θέλει
670 4179 781 4248 γὰρ
810 4180 895 4232 ἀεὶ
926 4179 1393 4247 καταγωνίζεσθαι
1431 4179 1572 4231 κατὰ
1591 4179 1689 4247 τῆς

121 4270 374 4338 ἀληθείας
397 4312 412 4331 ,
462 4273 555 4323 καὶ
587 4269 795 4338 συχνῶς
836 4270 1109 4322 κλονεῖται
1148 4267 1552 4337 πολεμούμενος
1594 4267 1689 4319 τοῦ

123 4361 482 4430 καθηγεῖσθαι
507 4377 521 4391 ’
566 4362 745 4422 καθὼς
789 4361 885 4412 καὶ
937 4362 996 4413 ὲν
1028 4359 1107 4428 τῷ
1145 4363 1296 4429 νόμῳ
1335 4359 1645 4426 γέγραπται
1674 4374 1688 4387 '

120 4454 195 4505 ὅτι
236 4455 552 4521 ἀνέστησαν
586 4453 664 4522 τῷ
725 4453 967 4520 Μωῦσῇ,
997 4452 1176 4521 Κορὲ,
1223 4451 1316 4503 καὶ
1360 4450 1562 4510 Δαθὰν,
1600 4449 1693 4500 καὶ

132 4544 394 4614 ’Λϐιρὼψ
451 4545 547 4597 καλ⁸
609 4542 866 4613 ἐθυμώθη
922 4543 1124 4612 Κύριος
1172 4542 1258 4595 ἐπ’
1324 4543 1524 4605 αὐτοῖς.
1583 4540 1694 4593 Καὶ

122 4631 340 4701 ἠνοίχθη
376 4634 410 4701 ὴ
443 4630 515 4699 γῆ
542 4630 897 4683 ὑποκάτωθεν
930 4631 1111 4683 αὐτῶν
1133 4673 1148 4695 ,
1178 4631 1270 4682 καὶ
1308 4630 1568 4682 κατέπιεν
1596 4629 1692 4681 αύ-

121 4723 238 4785 τοὺς
276 4724 524 4785 καὶτοὺς
553 4721 738 4783 οἴκους
772 4723 973 4775 αὐτῶν.
1014 4725 1077 4774 Οἱ
1108 4722 1217 4789 γὰρ
1250 4720 1360 4773 ἀπὸ
1397 4720 1532 4781 ἰδίας
1598 4720 1691 4771 δυ-

124 4816 356 4885 νάμεως,
402 4816 573 4885 χωρὶς
603 4815 769 4877 Θεοῦ,
806 4813 984 4884 ἀρχὰς
1028 4813 1413 4883 ἐπιζητοῦντες
1436 4854 1450 4877 ,
1489 4814 1581 4865 καὶ
1626 4814 1691 4881 τῇ

122 4910 222 4963 ὑπὸ
261 4911 399 4965 Θεοί)
449 4912 591 4980 ἀρχῇ
642 4909 1049 4978 ἀνθιστάμενοι,
1084 4907 1363 4969 τοιαύταις
1400 4904 1693 4976 τιμωρίαις

123 5001 458 5054 ὑπόκεινται.
488 5002 697 5070 Γράφει
727 5001 782 5053 δὲ
823 5000 919 5053 καὶ
948 5000 976 5051 ὁ
1008 4998 1331 5060 Ἀπόστολος
1365 4999 1494 5066 περί
1531 5013 1693 5050 τινων

2362 3772 2642 3827 IIOMILIA
2678 3772 2898 3827 XXXII.

2318 3885 2395 3938 De
2450 3888 2880 3940 contradictione.

1861 3996 2238 4051 Contradictio
2255 3998 2677 4051 cteontumacia
2706 3997 2864 4066 parili
2913 4000 3366 4069 constringuntur

1792 4089 2014 4143 malitiae
2048 4091 2200 4158 jugo.
2234 4087 2337 4152 Qui
2367 4088 2512 4140 enim
2541 4087 2894 4154 contradicit,
2916 4090 3105 4159 utique
3133 4101 3365 4145 conten-

1792 4179 1874 4232 dit
1914 4179 2149 4231 inveniri
2188 4178 2239 4231 ei
2282 4192 2506 4244 compar
2557 4178 2757 4232 robore
2797 4180 2884 4232 cui
2924 4195 3020 4233 sua
3057 4182 3367 4235 temeritate

1794 4278 2089 4323 contumax
2125 4279 2210 4324 est
2242 4280 2298 4324 et
2333 4271 2577 4324 rebellis.
2618 4269 2757 4323 lluic
2799 4270 3071 4338 siquidem
3122 4272 3365 4326 studium

1795 4371 1881 4413 est
1925 4374 2151 4427 perpes,
2187 4359 2408 4412 veritati
2461 4368 2521 4411 ut
2551 4368 2947 4422 eontrovcrtat,
2987 4376 3217 4428 eamque
3267 4361 3367 4413 itu-

1794 4459 2022 4519 pugnet.
2059 4451 2194 4503 Dum
2218 4449 2366 4502 enim
2390 4459 2619 4503 cancros
2662 4460 2723 4503 ut
2756 4457 2982 4503 anteeat
3014 4450 3363 4513 auctoritate,

1796 4541 2106 4593 connititur
2136 4556 2234 4608 pro
2268 4540 2414 4593 virili
2448 4558 2463 4605 ;
2498 4540 2817 4609 frequentes
2840 4541 3134 4595 admodum
3182 4543 3365 4596 coneit

1798 4633 2007 4695 turbas,
2032 4632 2246 4686 illorqu
2272 4632 2524 4700 exemplo
2557 4633 2623 4685 de
2648 4632 2848 4701 quibus
2883 4632 2937 4685 in
2959 4632 3076 4701 lege
3098 4633 3365 4703 scriptum

1795 4732 1899 4787 est,
1926 4740 2123 4791 IICIIIIIC
2160 4723 2319 4787 Core,
2341 4723 2554 4776 Dathan
2590 4731 2646 4776 et
2674 4723 2903 4786 Abiron,
2933 4723 3153 4790 quando
3198 4725 3254 4777 in
3290 4723 3369 4777 fa-

1796 4817 1936 4869 ciem
1986 4814 2313 4867 restiterunt
2352 4814 2543 4884 Moysi.
2586 4813 2651 4867 Et
2686 4814 2893 4867 irratus
2928 4824 3013 4868 est
3049 4814 3236 4868 furore
3269 4815 3369 4868 Do-

1798 4906 2000 4968 minus,
2037 4903 2250 4971 subque
2288 4904 2505 4958 illorum
2534 4904 2781 4973 vestigiis
2809 4904 3068 4973 adaperta
3090 4914 3173 4959 est
3196 4914 3363 4966 terra.

1797 5004 1853 5049 et
1877 5010 1974 5049 eos
2007 4994 2284 5062 absorpsit
2325 4994 2598 5061 simulque
2646 4994 2859 5047 illorum
2890 4994 3247 5048 domicilia".
3302 4994 3369 5049 lli

121 5092 531 5160 ἀντιλεγόντων,
583 5090 757 5153 οὕτως
785 5108 798 5122 ⁸
861 5110 877 5141 ι
925 5093 1021 5143 Ὃν
1068 5089 1270 5160 τρόπον
1338 5089 1545 5157 Ἷὰννης
1600 5089 1692 5140 καὶ

1797 5087 1967 5149 enim,
1999 5086 2224 5155 prepria
2273 5086 2383 5138 nixi
2404 5085 2627 5149 virtute,
2669 5101 2777 5138 non
2814 5087 2943 5140 item
2972 5084 3067 5139 Dei
3117 5084 3367 5146 decreto.

123 5183 382 5254 Μαμϐρῖς
431 5183 770 5250 ἀντέστησαν
813 5183 890 5251 τῷ
935 5184 1161 5251 Μωῡσῇ,
1196 5180 1369 5242 οὕτως
1414 5180 1507 5232 καὶ
1553 5173 1697 5232 οῦτοι

122 5275 473 5329 ἀνθίστανται
529 5280 593 5347 τῇ
628 5276 856 5345 ἀληθείᾳ
881 5316 896 5339 ,
938 5274 1213 5342 ἄνθρωποι
1257 5271 1696 5341 κατεφθαρμένοι

123 5368 211 5420 τὺν
243 5368 403 5432 νοῦν,
442 5370 691 5438 ἀδόκιμοι
721 5368 849 5436 περὶ
882 5366 980 5437 τὴν
1013 5366 1217 5418 πίστιν.
1263 5384 1280 5415 ι
1326 5364 1561 5434 Ὁμοίως
1605 5364 1696 5415 καὶ

123 5460 177 5509 ὲν
198 5463 317 5523 ταῖς
366 5460 606 5530 Πράξεσι
656 5460 767 5511 τῶν
792 5458 1105 5512 ἀποστόλων
1130 5498 1143 5518 ,
1192 5455 1429 5523 Ἐλυμᾶς
1469 5458 1496 5507 ὀ
1526 5455 1696 5524 μάγος

125 5548 414 5603 ἀνθίστατο
434 5550 508 5621 τῷ
540 5549 732 5618 Παύλῳ
754 5549 846 5602 καὶ
861 5548 936 5617 τῷ
960 5547 1234 5616 ιὶαρναῦα,
1256 5545 1433 5609 ζητῶν
1460 5543 1550 5596 τὸν
1570 5546 1603 5596 ἁ
1618 5544 1694 5594 ,θ-

309 5867 323 5881 .
405 5828 446 5858 ιι
490 5827 692 5883 Jud.6.
767 5828 1192 5893 ”Math.xu,‘.l'
1268 5822 1619 5886 meum».

636 5800 647 5810 .
725 5758 771 5788 “
798 5758 960 5812 Prov.
991 5773 1138 5817 xvm,
1172 5755 1231 5808 2i
1312 5754 1357 5784 "
1402 5754 1561 5806 Prov.
1589 5770 1661 5817 m,
1693 5752 1715 5805 1
1818 5753 1863 5784 ’⁸⁸⁸
1887 5753 1952 5807 Pr

638 5827 692 5878 ϐ.
767 5830 811 5861 υ
833 5828 1002 5878 Math.
1029 5829 1192 5878 xu.‘.l'
1268 5825 1313 5856 ⁵³
1339 5822 1540 5878 ibid/5.
1575 5825 1619 5877 ί.
1697 5824 1742 5855 ⁵⁵
1771 5822 1952 5878 ibid.7

1851 5846 1903 5876 tl.
1933 5846 1972 5877 Ι.

1797 5177 2150 5230 ambitiosius
2180 5177 2508 5246 expetebant
2542 5176 2728 5245 populi
2753 5176 3146 5245 principatum,
3187 5191 3368 5244 eoque

1799 5270 2161 5323 reclamantcs
2185 5269 2526 5337 magistratui
2553 5270 2738 5323 divina
2767 5269 3119 5323 ordinatione
3143 5269 3366 5321 iustitu-
3420 5290 3423 5291 ν

1799 5371 1876 5424 ιο,
1903 5361 2217 5414 istiusmodi
2267 5360 2593 5430 subjacuere
2657 5361 2858 5429 poenis.
2915 5361 3124 5416 Scribit
3182 5370 3368 5413 autem

1796 5460 1851 5503 et
1897 5451 2199 5520 Apostolus
2230 5451 2298 5505 dc
2334 5452 2457 5506 istis
2495 5452 2589 5521 qui
2627 5451 3033 5505 contumaciter
3084 5450 3365 5504 contradi-

1794 5553 1929 5596 cunt
1965 5563 1976 5596 :
2026 5563 2041 5594 ι
2082 5544 2553 5609 Quemadmodum
2577 5545 2782 5599 Janncs
2808 5554 2863 5599 et
2890 5542 3161 5598 Mambres
3207 5541 3369 5597 resti-

1818 5753 1863 5784 ’⁸⁸⁸
1887 5753 2045 5808 Prov.
2076 5769 2203 5814 χχιι,
2247 5754 2334 5807 12.
2426 5756 2469 5784 ⁸³
2512 5753 2676 5805 Eccli.
2701 5768 2752 5809 χ.
2787 5751 2875 5806 20.
2980 5749 3024 5782 '°
3049 5748 3259 5805 Coloss.
3292 5761 3371 5808 ιιι.

2054 5825 2097 5854 ⁸⁸
2120 5824 2284 5890 Num,
2329 5838 2435 5885 XVI,
2485 5824 2537 5888 1,
2577 5824 2610 5875 ‘2
2636 5840 2780 5893 seqq.
