4178 6436
784 366 919 433 1539

2056 359 2417 419 ANTIOCHI
2462 356 2801 415 MONACIiI

3897 354 4041 419 1510

777 489 966 535 terunt
1010 479 1197 549 Moysi,
1234 479 1381 533 itaet.
1409 478 1465 532 hi
1511 477 1776 531 resistunt
1827 474 2073 536 veritati,
2101 472 2354 526 homines

2459 469 2662 520 ὕπατον
2695 468 3017 537 διαστρέψαι
3066 468 3174 520 ἀπὸ
3220 468 3320 538 τῆς
3375 468 3650 529 πίστεων
3690 470 3783 522 καὶ
3830 470 4041 534 εὖθέως

776 573 1048 641 corrupti,
1080 584 1262 628 mente
1300 572 1527 641 reprobi
1558 572 1704 624 eirea
1738 568 1899 622 fidem
1933 569 1998 621 ⁸⁵.
2026 587 2042 616 ι
2075 566 2152 620 Ad
2191 580 2346 617 cum-

776 663 901 717 dem
933 663 1156 716 modum
1197 664 1418 733 Elymas
1462 677 1655 729 magus
1689 660 1893 714 restitit
1922 660 2093 711 I'aulo
2140 666 2194 711 et
2219 656 2349 710 Bar-

776 756 953 817 nabaz,
977 771 1230 825 qumrens
1248 763 1500 807 avertere
1529 754 1914 822 proconsulem
1942 767 1969 803 a
1993 751 2097 804 lide
2119 772 2131 803 :
2152 750 2197 803 is
2222 765 2353 802 con-

780 847 962 902 festim
995 858 1309 901 exemcatus
1334 855 1417 901 est
1450 848 1517 907 ³⁷,
1552 848 1705 915 juxta
1740 846 2061 899 relationem
2088 843 2350 913 apostoli-

778 956 969 994 eorum
1021 940 1275 994 Actunm.
1307 938 1414 993 Sed
1456 949 1513 994 et
1555 939 1874 1008 Apostolus,
1913 954 2010 1006 per
2054 936 2350 1004 Epistolam

779 1030 918 1084 dieit
957 1029 1251 1083 Timotheo
1286 1046 1300 1082 :
1340 1048 1358 1079 ι
1393 1030 1703 1084 Alexander
1732 1027 1962 1080 aerarius
1993 1026 2160 1079 multa
2214 1025 2353 1077 mala

777 1121 1024 1174 ostendit
1050 1121 1184 1174 mihi
1221 1137 1235 1185 ;
1262 1121 1455 1174 reddet
1482 1121 1531 1173 ei
1570 1119 1837 1173 Dominus
1868 1137 1880 1170 :
1912 1133 2073 1187 quem
2100 1126 2154 1169 et
2183 1125 2237 1168 tu
2261 1115 2356 1168 de-

778 1214 890 1267 vita
919 1232 932 1277 ;
962 1214 1193 1267 nmltum
1218 1213 1367 1266 enim
1392 1211 1595 1266 restitit
1627 1212 1813 1265 verbis
1840 1209 2129 1264 nostris":
2156 1227 2171 1259 ι
2196 1208 2355 1262 etbic

775 1303 995 1373 dignam
1045 1302 1346 1371 reportavit
1400 1317 1495 1354 sua
1550 1300 1985 1354 contradictione
2016 1299 2355 1351 vicissitudi-

776 1411 902 1451 nem
921 1411 985 1450 ac
1010 1395 1343 1450 mercedem.
1366 1394 1621 1447 Michzeas
1641 1392 1912 1462 propheta
1937 1392 2134 1461 lubens
2154 1392 2358 1445 effera-

780 1498 890 1542 tam
947 1489 1137 1559 p0puli
1202 1486 1598 1549 rebellionem,
1655 1485 1786 1539 ait:
1828 1504 1844 1529 ι
1891 1485 2104 1553 Lingua
2161 1500 2357 1537 eorum

776 1581 994 1633 elevata
1024 1589 1111 1633 est
1152 1579 1331 1633 inore
1374 1580 1624 1649 ipsorum
1679 1579 1745 1631 ".
1785 1597 1803 1628 ι
1850 1577 1946 1631 Ilci
1972 1577 2354 1638 mihi,anima,

775 1670 919 1737 quia.
958 1668 1126 1737 periit
1165 1669 1291 1737 pius
1329 1685 1357 1721 a
1389 1679 1554 1721 terra.
1600 1668 1757 1722 Alius
1805 1668 1935 1719 item
1983 1688 1993 1718 ;
2043 1666 2359 1719 «Contradi-

775 1757 990 1810 etiones
1006 1758 1237 1810 suscitat
1262 1758 1443 1810 omnis
1464 1757 1642 1810 malus
1660 1757 1704 1787 ‘°
1724 1774 1738 1821 ;
1759 1757 2025 1809 Dominus
2046 1764 2230 1809 autem
2257 1772 2355 1809 an-

775 1848 957 1915 gelum
1005 1847 1507 1901 immisericordem
1534 1847 1773 1901 immitet
1810 1850 1860 1900 ei
1923 1848 1988 1901 εί.
2061 1849 2349 1900 11ιιΓςιιιιιε

783 1956 800 1985 α
831 1938 1113 2007 Sapientia
1156 1938 1400 1992 hominis
1438 1939 1680 1993 illustrat
1705 1939 1897 1993 faciem
1931 1940 2050 2009 ejus
2078 1940 2144 2000 “,
2174 1940 2354 2008 impu-

775 2029 914 2082 dens
938 2037 1123 2083 autem
1164 2030 1303 2083 facie
1334 2030 1559 2083 odibilis
1596 2032 1703 2083 erit
1737 2032 1833 2083 ⁶³.›
1863 2031 1966 2083 Et:
2001 2050 2018 2080 ι
2040 2031 2144 2097 Qui
2170 2032 2346 2100 loqui-

780 2131 873 2171 tur
915 2121 1126 2189 iniqua,
1163 2137 1272 2174 non
1315 2122 1544 2189 effugiet
1587 2123 1653 2185 °‘;
1704 2122 1796 2191 qui
1836 2122 1940 2175 sibi
1976 2133 2059 2176 est
2098 2139 2357 2191 nequam,

773 2212 863 2266 cui
894 2212 1073 2265 l-onus
1105 2212 1328 2269 erit“?
1366 2232 1383 2264 ι
1409 2212 1658 2266 Similem
1692 2213 1747 2265 in
1781 2213 2006 2266 modum
2060 2214 2356 2267 Salomon:

783 2321 803 2354 α
820 2303 992 2357 Malus
1009 2318 1134 2356 cum
1167 2304 1503 2357 contumelia
1528 2313 1810 2373 perpetrat
1831 2305 2041 2367 mala“,
2062 2305 2154 2373 qui
2174 2316 2355 2360 autem

777 2393 988 2462 seipsos
1008 2394 1298 2461 explorant
1320 2402 1375 2447 et
1393 2404 1724 2462 agnoscunt,
1746 2394 2031 2461 sapientes
2068 2404 2198 2447 sunt
2230 2395 2297 2447 ".
2333 2412 2350 2443 ι

780 2484 992 2555 1032
1018 2485 1311 2537 Terrorem
1338 2484 1501 2538 nobis
1522 2499 1679 2539 sacra
1699 2486 1814 2539 haec
1836 2486 2073 2551 incutiat
2106 2485 2359 2554 Scriptu-

778 2593 869 2640 ra;
892 2594 953 2630 ac
976 2576 1207 2647 proinde
1225 2577 1294 2629 ab
1317 2578 1466 2630 omni
1498 2577 1807 2631 temeritate
1826 2588 1882 2633 et
1914 2572 2359 2633 contradictione

778 2666 1175 2731 deseiseamus,
1192 2676 1251 2720 ut
1270 2684 1338 2721 ne
1360 2667 1553 2722 eadem
1576 2669 1645 2723 de
1664 2671 1826 2726 nobis
1850 2671 1984 2724 illud
2006 2672 2355 2740 pronuntiet:

786 2777 805 2810 ι
826 2759 1154 2814 Curavimus
1179 2759 1530 2831 Babylonem,
1550 2770 1605 2814 et
1633 2777 1740 2814 non
1762 2770 1849 2814 est
1874 2772 2062 2816 sanata
2078 2762 2142 2814 “‘.
2175 2781 2191 2813 ι
2214 2762 2358 2827 Quin

780 2853 966 2923 potius
1010 2852 1140 2906 illud
1172 2851 1388 2906 exlsaia
1409 2854 1511 2921 ipsi
1545 2853 1737 2907 audire
1757 2870 2181 2922 promercamur
2210 2871 2224 2907 :
2258 2875 2273 2903 ι
2302 2853 2359 2908 Si

778 2944 1067 2996 volueritis
1091 2952 1146 2998 et
1182 2944 1546 2998 exaudieritis
1570 2961 1677 3007 me,
1721 2945 1863 2997 bona
1905 2955 2066 2999 terra:
2104 2945 2364 3000 comede-

782 3037 853 3091 tis
883 3037 947 3091 ".
990 3056 1006 3086 ι
1034 3037 1220 3105 Itaque
1262 3037 1519 3106 nosipsos
1602 3036 2045 3091 eomnnmiamus
2075 3037 2131 3091 in
2166 3037 2364 3107 primis

2388 1812 2428 1865 η
2457 1812 2562 1907 ea;
2588 1812 2779 1909 ἔστὲιξ
2825 1864 2843 1895 ι

2450 558 2759 628 ἐτυφλώθη.
2788 560 2896 611 Καὶ
2931 560 3117 620 πάλιν,
3142 559 3472 612 ἐπιστέλλων
3505 561 3532 612 ὀ
3579 560 3906 625 ’Λπὸστολος
3940 564 4036 615 Τι-

2455 650 2655 720 μοθέῳ,
2686 651 2853 717 φησίν
2880 666 2893 681 ·
2930 670 2949 701 ι
3004 652 3352 720 Ἀλέξανδρος
3375 653 3402 704 ὀ
3427 651 3662 722 χαλκεὺς
3687 653 3858 704 πολλὰ
3887 656 4041 706 κακά

2455 760 2544 811 μοι
2579 741 2912 806 ἐνεδείξατο’
2958 744 3179 813 ἀποδῴη
3228 744 3378 812 αὖτῴ
3410 744 3637 813 Κύριος.
3677 747 3774 796 Ὃν
3826 746 3925 798 καὶ
3970 748 4036 798 σὺ

2453 834 2730 901 φυλάσσου
2757 851 2771 865 ·
2799 833 2922 887 λίαν
2965 836 3073 903 γὰρ
3104 834 3435 902 ἀνθέστηκεν
3488 839 3600 899 τοῖς
3626 837 3923 905 ἡμετέροις
3952 835 4040 889 λό-

2451 943 2588 994 γοις.
2626 945 2644 976 ι
2682 927 2794 979 Καὶ.
2848 925 3019 988 οὕτως
3055 927 3350 995 ἐκομίσατο
3397 928 3553 989 ἀξίαν
3592 930 3691 997 τῆς
3725 929 4035 995 ἀντιλογίας

2454 1018 2801 1087 ἀντάμειψιν.
2857 1021 2967 1072 Καὶ
3002 1021 3029 1071 ὁ
3072 1021 3357 1090 προφήτης
3404 1020 3665 1088 Μιχαίας,
3702 1021 3922 1072 πενθῶν
3976 1021 4038 1072 τὸ

2454 1110 2660 1179 ἀπηνὲς
2684 1110 2778 1163 τοῦ
2808 1110 2963 1173 λαοῦ,
3000 1112 3170 1173 οὕτως
3218 1111 3367 1178 λέγει
3395 1128 3408 1140 ·
3441 1130 3458 1162 ι
3510 1112 3573 1163 'II
3600 1111 3825 1177 γλῶσσα
3856 1112 4038 1165 αὐτῶν

2456 1203 2641 1273 ὑψώθη
2669 1206 2726 1256 ὲν
2749 1204 2827 1272 τῷ
2855 1205 3080 1269 στόματι
3110 1203 3309 1257 αὐτῶν.
3348 1224 3365 1255 ι
3392 1206 3550 1273 Οἴμοι
3581 1204 3749 1273 ψυχὴ,
3779 1207 3864 1257 ὅτι
3886 1205 4037 1258 ἀπὼ-

2456 1297 2624 1349 λωλεν
2654 1296 2891 1364 εὐλαϐὴς
2912 1298 3020 1350 ἀπὺ
3049 1298 3149 1365 τῆς
3179 1297 3305 1365 γῆς.
3350 1299 3461 1350 Καὶ
3491 1299 3649 1361 ἄλλος
3669 1314 3682 1327 ⁸
3722 1318 3740 1348 ι
3799 1300 4038 1351 Ἀντιλο-

2455 1390 2580 1455 γίας
2603 1390 2807 1459 ἐγείρει
2832 1390 2937 1451 πᾶς
2971 1390 3161 1451 κακός.
3207 1391 3265 1440 ’0
3291 1390 3345 1442 δὲ
3384 1388 3610 1460 Κύριος,
3646 1391 3884 1457 ἄγγελον
3916 1392 4039 1443 ἀνε-

2455 1481 2697 1549 λεήμονα
2727 1480 3215 1551 ὲπιπθμψειαὺτῷ.
3248 1502 3265 1533 ι
3298 1484 3405 1534 Καὶ
3447 1482 3636 1535 πάλιν*
3674 1502 3693 1531 ι
3739 1485 3915 1552 Σοφία
3944 1485 4040 1535 ἀν-

2457 1572 2676 1641 θρώπου
2705 1575 2898 1642 φωτιετ
2934 1573 3225 1643 πρόσωπον
3254 1574 3440 1627 αὐτοῦ.
3483 1593 3501 1626 ι
3531 1575 3638 1628 Καί
3663 1591 3676 1605 ·
3711 1594 3729 1624 ι
3790 1575 4039 1642 ’Λναιδὴς

2458 1663 2755 1735 προσώπῳ,
2793 1663 3179 1734 μισηθήσεται,
3215 1664 3308 1715 καὶ
3337 1663 3712 1734 αοεγγόμενος
3738 1666 3924 1729 ἄδικα,
3950 1666 4039 1717 οὐ·

2456 1756 2567 1816 δεὶς
2595 1757 2655 1808 οὐ
2691 1755 2767 1826 μὴ
2814 1755 2976 1824 λάθῃ.
3016 1756 3077 1807 ’0
3109 1757 3215 1827 γὰρ
3246 1754 3481 1825 πονηρὸς
3510 1757 3689 1826 ἑαυτῷ
3715 1800 3729 1820 ,
3762 1759 3869 1810 τίνι
3904 1759 4041 1825 ἀγα-

2918 1844 3193 1908 Ὡσαύτως
3241 1845 3334 1897 καὶ
3391 1847 3417 1897 ὁ
3462 1845 3749 1915 Σολομῶν·
3800 1867 3818 1898 ι
3856 1848 4040 1910 Raro;

2457 1936 2576 2006 μεθ’
2605 1935 2838 2007 ὕϐρεως,
2871 1938 3109 2006 πράσσει
3139 1938 3306 1991 κακά·
3342 1939 3389 1990 οἱ
3418 1938 3472 1990 δὲ
3496 1938 3703 1991 ἑαυτῶν
3728 1939 4042 2010 ἐπιγνώμο-

2454 2046 2563 2093 νες,
2586 2027 2763 2096 σοφοί.
2787 2047 2805 2080 ι
2824 2029 3160 2099 Φοΰηοῶμεν
3180 2029 3294 2094 οὖν,
3320 2031 3563 2097 ἀδελφοὶ,
3593 2031 3690 2099 τὴν
3720 2031 3878 2084 Θείαν
3901 2033 4041 2101 Γρα-

2456 2120 2583 2189 φὴν,
2617 2120 2711 2171 καὶ
2744 2120 3085 2188 παυσώμεθα
3116 2121 3209 2173 τοῦ
3234 2117 3377 2173 εἶναι
3404 2124 3586 2190 ἰταμοὶ
3615 2126 3705 2175 καὶ
3736 2124 4038 2191 ἀντίλογοι,

2454 2212 2542 2264 ἵνα
2581 2211 2654 2281 μὴ
2699 2211 2832 2284 εἴπῃ
2892 2213 2984 2265 καὶ
3034 2215 3161 2282 περὶ
3216 2214 3411 2284 ἡμῶν·
3442 2234 3458 2265 ι
3504 2215 3901 2285 Ἱατρεῦσαμεν
3943 2218 4043 2287 τὴν

2457 2301 2772 2365 Βαϐυλῶνα,
2798 2302 2892 2354 καὶ
2922 2303 3024 2356 οὐκ
3072 2303 3229 2372 Ician
3251 2322 3265 2333 ν
3313 2324 3330 2355 ι
3351 2307 3460 2358 Καὶ
3483 2306 3814 2375 ἀκούσωμεν
3843 2308 4043 2376 μᾶλλον

2456 2392 2791 2446 τοῦἩσαῒου
2828 2394 3095 2462 λέγοντος.
3131 2414 3148 2446 ι
3175 2396 3298 2447 Ἐὰν
3321 2396 3509 2466 Θέλητε
3547 2398 3642 2451 καὶ
3675 2400 4041 2468 είσακοὺσητὲ

2462 2506 2584 2559 μου,
2620 2490 2689 2543 τὰ
2733 2491 2913 2559 ἀγαθὰ
2950 2493 3047 2562 τῆς
3075 2493 3179 2561 γῆς
3229 2494 3489 2562 φάγεσοε.
3542 2514 3558 2545 ι
3606 2496 3801 2565 Ἡμεῖς
3851 2497 3949 2551 οὖν
3979 2500 4041 2567 τῇ

2458 2582 2932 2656 ταπεινοφροσύνῃ
2990 2585 3082 2637 καὶ
3119 2588 3184 2655 τῇ
3222 2587 3423 2655 ἡσυχίᾳ
3455 2586 3681 2649 ἑαυτοὺς
3727 2589 4044 2657 ἀσφαλισῶ-

2464 2672 2622 2740 μεοα.
2654 2674 2762 2726 Καὶ
2789 2674 3046 2742 ἑπόμενοι
3079 2678 3145 2745 τῇ
3187 2677 3304 2747 Θείᾳ
3331 2679 3519 2748 Γραφῇ
3569 2680 3942 2749 ὑποταγῶμεν
3970 2681 4045 2750 τῷ

2460 2761 2649 2831 κλήρῳ
2703 2763 2930 2816 παύοντι
2988 2766 3087 2827 τὰς
3149 2766 3482 2835 ἀντιλογίας.
3548 2770 3711 2845 Μέγα
3760 2772 3858 2825 οὖν
3895 2774 4044 2827 ἔστιν

2462 2853 2627 2905 ὅπλον
2654 2855 2751 2920 τῆς
2773 2854 2973 2923 ψυχῆς,
2994 2857 3026 2922 ἠ
3063 2856 3205 2909 κατᾶ
3233 2855 3366 2909 Θεὸν
3388 2856 3641 2927 ἄσκησις,
3674 2860 3735 2914 τὸ
3756 2861 3945 2914 λαλεῖν
3967 2864 4043 2931 τῷ

2463 2944 2584 3013 Θεῷ
2620 2944 2791 2997 πολλὰ
2816 2985 2831 3008 ,
2865 2946 2960 2998 καὶ
2997 2950 3111 3008 τοῖς
3157 2948 3466 3016 ἀνθρώποις
3512 2951 3775 3020 ἐλάχιστα
3800 2970 3815 2983 ·
3850 2956 4047 3017 νυκτὸς

2462 3035 2540 3098 δὲ,
2577 3038 2670 3089 καὶ
2718 3037 2952 3107 ἡμέρας,
2984 3038 3120 3108 πρὸς
3153 3039 3253 3109 τὴν
3285 3041 3521 3111 ἐσχάτην
3558 3044 3772 3115 ἡμέραν
3811 3048 4044 3102 ἀποϐλέ-

782 3129 1100 3183 hmnilitate
1135 3137 1192 3181 et
1230 3129 1477 3190 silentio,
1506 3144 1837 3198 sacramque
1880 3130 2058 3183 secuti
2098 3129 2357 3199 Scriptu-

2466 3143 2609 3180 πειν.
2662 3130 2773 3181 Καὶ
2808 3129 2881 3199 μὴ
2916 3131 3274 3200 ὁμοιωοῶμεν
3318 3135 3431 3196 τοῖς
3479 3136 3717 3205 ἱερεῦσιν
3763 3139 3875 3192 τῶν
3913 3140 4044 3194 ’1ου-

780 3236 922 3282 ram,
952 3220 1006 3273 in
1030 3235 1222 3273 eorum
1263 3229 1474 3275 sortem
1513 3221 1831 3289 redigantur
1862 3222 2066 3291 quibus
2094 3237 2240 3275 cura:
2280 3229 2366 3274 est

779 3311 975 3364 sedare
999 3311 1490 3365 contradictiones.
1523 3311 1666 3365 Sane
1692 3321 1751 3364 ut
1783 3312 1896 3365 Deo
1918 3326 2253 3366 consuescas
2284 3311 2366 3363 lo-

779 3403 874 3472 qui
904 3402 1233 3472 plurimum,
1266 3418 1392 3457 cum
1424 3402 1748 3457 hominibus
1785 3412 1968 3457 autem
2000 3417 2165 3472 quam
2191 3403 2361 3456 raris-

779 3496 941 3557 sime,
1000 3495 1114 3549 hzec
1148 3496 1454 3549 monastica
1498 3494 1842 3558 exercitatio,
1889 3495 2080 3563 ingens
2123 3500 2211 3547 est
2250 3492 2365 3546 ani-

784 3602 885 3639 mm
952 3594 1196 3638 scutum.
1239 3584 1337 3639 Die
1369 3602 1432 3639 ac
1486 3593 1672 3649 nocte,
1717 3584 1782 3638 ad
1823 3593 2128 3637 extremam
2183 3599 2359 3652 usque

778 3678 966 3730 exitus
1032 3678 1246 3740 horam,
1314 3678 1521 3730 intenta
1573 3677 1690 3730 acie
1743 3677 1946 3729 mentis
1999 3675 2359 3745 spectandum

778 3775 884 3829 est,
923 3765 1226 3834 nequando
1256 3765 1669 3834 comperiantur
1700 3765 2019 3819 Judzeorum
2057 3762 2362 3816 sacerdoti-

780 3858 886 3912 bus
916 3858 1212 3921 assimiles,
1238 3858 1331 3925 qui
1384 3856 1609 3925 quidem
1664 3854 2069 3909 consuetudine
2108 3869 2361 3908 exsecra-

2461 3220 2660 3282 δαίων,
2710 3221 2907 3284 οἵτινες
2956 3220 3182 3275 εἰώθασι
3237 3223 3324 3275 ἀεὶ
3368 3225 3724 3281 ἀντίστασυαι
3769 3231 3852 3300 τῷ
3906 3231 4041 3301 θεῷ.

2463 3312 2777 3381 Προσῆλοον
2802 3311 2934 3379 γὰρ,
2969 3314 3154 3381 φησὶν,
3202 3316 3250 3367 οἱ
3289 3318 3592 3386 ἀρχιερεῖς,
3620 3320 3697 3387 τῷ
3740 3322 3923 3389 Ἰησοῦ
3962 3324 4046 3376 λὲο

2460 3415 2671 3466 γοντες,
2707 3418 2726 3451 ι
2772 3403 2861 3454 Ἐν
2904 3403 3034 3473 ποίᾳ
3070 3402 3292 3475 ἐξουσία
3324 3407 3498 3460 ταῦτα
3527 3413 3727 3475 ποιείςς
3760 3412 3795 3482 ἢ
3835 3415 3923 3475 τίς
3967 3432 4046 3467 σοι

2458 3488 2688 3541 δέδωκεν
2728 3489 2827 3558 τὴν
2875 3489 3124 3554 ἐξουσίαν
3154 3493 3392 3563 ταύτηνς
3427 3516 3445 3548 ι
3494 3499 3551 3550 ’0
3583 3500 3640 3552 δὲ
3690 3504 4047 3575 μακρόθυμος

2463 3580 2666 3649 Κύριος
2686 3581 2945 3644 επιεικῶς
2962 3584 3297 3653 ἀπεκρίνατο
3314 3589 3517 3654 αὐτοῖς,
3536 3590 3731 3659 λέγων·
3756 3614 3775 3645 ι
3804 3596 4047 3666 Ἑττερω⁴

2462 3673 2612 3741 στήσω
2640 3674 2783 3742 ὑμᾶς
2818 3674 2973 3741 κάγὼ
3000 3675 3095 3727 ἕνα
3119 3677 3295 3745 λόγον,
3325 3679 3383 3732 ὃν
3410 3682 3503 3734 ἐὰν
3533 3685 3721 3753 εἴπητέ
3754 3705 3867 3757 μοι,
3895 3690 4049 3757 κάγὼ

2465 3763 2609 3829 λέγω
2642 3765 2771 3834 ὑμῖν
2799 3766 2857 3817 ὲν
2904 3765 3036 3838 ποία
3082 3768 3303 3840 ἐξουσίᾳ
3336 3771 3509 3827 ταῦτα
3556 3778 3719 3832 ποιῶ.
3768 3798 3786 3829 ι
3825 3781 3985 3853 Αὐτῷ
4014 3783 4047 3851 ἡ

2459 3853 2587 3919 δόξα
2618 3855 2698 3918 είς
2728 3857 2856 3918 τοὺς
2883 3857 3109 3921 αἰῶνας.
3169 3861 3363 3932 ’Δμήν.

781 3954 879 4006 bili
912 3952 1145 4007 Domino
1167 3953 1797 4019 restitueruntsemper.
1818 3951 2189 4005 Accesserunt
2211 3950 2358 4003 enim
2400 3949 2679 4017 principes
2708 3951 3061 4006 sacerdotum
3122 3953 3189 4008 ad
3239 3955 3427 4010 Jesum
3487 3959 3778 4017 dicentes:
3809 3983 3827 4015 ι
3848 3964 3910 4019 In
3940 3982 4045 4036 qua

780 4053 1053 4113 potestate
1089 4043 1204 4097 hzec
1232 4043 1414 4097 facis?
1453 4051 1547 4095 aut
1618 4043 1741 4112 quis
1775 4044 1873 4098 tibi
1915 4043 2070 4096 dedit
2113 4044 2253 4096 hanc
2286 4041 2663 4111 potestatem?
2706 4059 2725 4091 ι
2779 4044 3110 4112 longanimis
3139 4046 3427 4114 Dominus,
3468 4068 3631 4120 quam
3684 4054 3796 4110 illis
3818 4073 4045 4128 τεεροιι-

780 4136 863 4190 dit
903 4136 1226 4188 mansuete!
1271 4153 1288 4183 ι
1315 4135 1675 4204 Interrogaho
1708 4144 1764 4189 et
1800 4152 1903 4205 ego
1940 4151 2058 4199 vos,
2120 4150 2291 4187 unum
2352 4134 2584 4188 verbum
2621 4152 2635 4198 ;

2676 4140 2822 4205 quod
2856 4137 2931 4191 sis
2969 4137 3223 4196 dixeritis
3278 4143 3432 4209 mihi,
3454 4154 3509 4199 et
3544 4161 3647 4214 ego
3677 4147 3857 4204 dicam
3891 4153 4049 4207 vobis

782 4232 955 4286 inrua
974 4239 1244 4284 potestate
1272 4230 1385 4284 ha2c
1422 4230 1561 4283 faeio
1595 4231 1660 4284 ⁷⁰.
1690 4248 1708 4281 ι
1741 4230 1847 4299 Ipsi
1889 4231 2058 4300 gloria
2085 4231 2138 4284 in
2160 4232 2378 4285 smcula.
2420 4231 2613 4284 Amen.

1338 4354 1621 4409 IIOMIIJA
1658 4356 1902 4410 XXXIII.

1310 4464 1386 4516 De
1415 4467 1577 4516 otioso
1606 4481 1863 4517 sermone.

848 4571 1276 4640 Otiosiloquium
1318 4588 1383 4625 ex
1438 4588 1505 4624 eo
1554 4573 1854 4642 iugignitur
1898 4572 2022 4635 tibi,
2072 4573 2221 4643 quod
2258 4590 2356 4645 per

781 4663 958 4716 otium
999 4664 1169 4716 vitam
1210 4662 1561 4721 transmittis,
1594 4674 1651 4716 rt
1688 4679 1716 4716 a
1759 4672 1811 4717 te
1837 4665 2132 4719 excussisti
2154 4675 2359 4719 certam

781 4754 980 4807 futura:
1016 4755 1143 4807 vitae
1180 4769 1353 4822 spem.
1397 4752 1452 4806 Si
1494 4755 1642 4806 enim
1683 4754 1873 4807 :cterni
1916 4755 2065 4809 illius
2104 4756 2360 4825 supplicii

780 4845 1150 4900 formidabilis
1206 4846 1429 4908 horror,
1460 4855 1517 4899 et
1567 4856 1781 4909 contra,
1814 4846 1960 4900 beati
1999 4848 2150 4917 regni
2211 4847 2361 4901 desi-

780 4937 998 4990 derium
1029 4948 1271 4991 mentem
1304 4946 1606 5007 occuparet
1633 4945 1901 4999 nostram,
1924 4938 2085 4991 nullo
2115 4954 2358 5009 unquam

779 5038 1059 5083 momento
1086 5028 1167 5083 sic
1205 5044 1305 5097 per
1336 5028 1679 5096 inauiloquia
1706 5028 2137 5083 traduceremus
2162 5030 2351 5096 vitam;

783 5119 949 5189 idque
988 5134 1057 5174 eo
1080 5120 1336 5177 maxime.
1372 5120 1500 5188 quia
1546 5120 1892 5175 Dominicum
1920 5129 2080 5190 urget
2129 5122 2360 5176 manda-

779 5215 918 5267 tum,
943 5220 1055 5277 quo
1083 5205 1356 5275 signiﬁcat
1397 5207 1669 5260 rationem
1714 5210 2058 5277 reposituros
2089 5226 2188 5263 nos
2238 5226 2360 5264 esse

777 5296 869 5350 die
905 5296 1000 5350 illo
1019 5295 1237 5366 iudicii,
1271 5296 1341 5351 de
1372 5296 1542 5350 verbo
1564 5298 1743 5350 otioso
1767 5299 1829 5351 ".
1862 5298 2214 5369 Quzecunque
2236 5316 2363 5369 por—

777 5402 842 5444 ro
864 5386 1062 5442 animae
1082 5397 1188 5442 tua:
1217 5387 1352 5441 nihil
1384 5388 1626 5442 afferunt
1647 5389 2207 5449 cmolumcnti.verba
2227 5392 2367 5445 otio-

778 5493 838 5532 sa
888 5488 1039 5533 sunt.
1067 5477 1447 5548 Opermigitur
1479 5480 1717 5549 pretium
1761 5480 1853 5545 sit,
1895 5491 1957 5535 ut
1989 5481 2090 5551 ipsi
2142 5483 2212 5536 ab
2259 5483 2364 5535 im-

846 5619 891 5649 "
925 5620 967 5672 11
1008 5618 1150 5674 Tim.
1191 5636 1268 5682 ιιι,
1312 5618 1361 5672 8.

779 5693 818 5721 "
862 5689 1022 5744 Prov.
1058 5706 1186 5749 ιιι-ιι,
1226 5692 1310 5744 Η.

776 5762 817 5793 ⁸⁷
847 5759 1016 5815 Eeeli.
1040 5775 1147 5819 xlv,
1174 5760 1264 5813 2‘2.

1469 5620 1513 5651 "
1546 5621 1668 5676 Act.
1724 5637 1836 5687 xm,
1881 5621 1933 5675 8.
1976 5623 2061 5678 11.

1414 5691 1459 5720 ⁸³
1513 5690 1650 5744 ibid.
1705 5693 1795 5745 24.

1342 5760 1384 5789 ’⁸
1407 5759 1538 5813 Jeri.
1574 5776 1642 5825 ι,ι,
1676 5762 1731 5819 9.
1811 5763 1852 5795 "
1883 5762 1983 5816 Isa.
2018 5779 2056 5829 ι,
2099 5764 2177 5819 19.

1902 5626 1933 5675 1.
1976 5626 2061 5678 II.
2168 5626 2212 5655 "
2246 5642 2281 5679 ιι
2322 5626 2469 5682 Tim.
2524 5645 2598 5690 tv.
2638 5632 2723 5691 14,
2780 5632 2866 5685 15.

1902 5692 1948 5722 ⁸⁸
1989 5692 2155 5746 Eccli.
2218 5713 2304 5746 xx.
2342 5698 2391 5746 :‘i.
2499 5699 2544 5730 “
2585 5699 2713 5746 ςειι.-
2754 5718 2789 5746 1-
2822 5702 2855 5746 8

1989 5694 2155 5748 Eecli.
2218 5713 2304 5753 xx.
2342 5698 2391 5751 :‘i.
2499 5699 2544 5730 “
2585 5699 2715 5772 Sap.
2754 5718 2791 5763 ι,
2822 5702 2875 5759 8.

2018 5779 2056 5829 ι,
2099 5764 2177 5819 19.
2257 5768 2302 5797 "‘
2334 5767 2522 5822 Matth.
2554 5787 2663 5835 xxi,
2687 5771 2775 5836 25,
2812 5774 2903 5834 24.

3082 4351 3300 4405 ΛΟΓΟΣ
3321 4353 3445 4407 Al".

2982 4463 3119 4529 Περὶ
3159 4463 3528 4536 ἀργολογίας.

2542 4566 2604 4618 ’11
2636 4567 2932 4636 ἀργολογία
2960 4571 3025 4624 ὲκ
3054 4572 3147 4624 τοῦ
3197 4575 3392 4645 σχολὴν
3423 4577 3575 4645 ἄγειν
3636 4585 3919 4648 γεννᾶται.
3950 4590 4041 4642 καὶ

2462 4659 2539 4729 μὴ
2600 4661 2911 4732 προσδοκᾷν
2963 4664 3032 4715 τὰ
3082 4665 3365 4734 μέλλοντα.
3418 4670 3480 4723 El
3524 4672 3633 4743 γὰρ
3674 4675 3777 4745 τὴν
3820 4678 4040 4734 κόλασιν

2458 4750 2823 4821 ὲδεδοίκειμεν
2850 4793 2865 4815 ,
2892 4755 2985 4807 καὶ
3019 4754 3118 4824 τῆς
3154 4756 3432 4826 βασιλείας
3460 4761 3787 4833 ὠρεγόμεθα
3812 4808 3829 4833 ,
3851 4773 3953 4824 οὐκ
3974 4772 4040 4825 ἂν

2460 4843 2868 4913 ἀργολογοῦμεν
2898 4847 3052 4911 ποτέ,
3083 4848 3319 4917 μάλιστα
3349 4853 3431 4907 ὅτι
3464 4854 3559 4909 τοῦ
3595 4857 3809 4928 Κυρίου
3851 4862 4037 4934 ἐντολή

2461 4936 2629 5027 iam;
2647 4934 2804 5002 λόγον
2851 4936 3073 5004 ὑφέξειν
3118 4942 3264 5011 ἡμᾶς
3307 4945 3366 4996 tv
3410 4948 3590 5019 καιρῷ
3635 4952 3879 5021 κρίσεως
3911 4958 4040 5027 περὶ

2462 5024 2633 5094 ἀργοῦ
2665 5027 2935 5095 ρήματος’
2986 5029 3087 5083 ὅσα
3118 5032 3178 5084 δὲ
3215 5034 3400 5106 ὄνησιν
3438 5042 3503 5110 τῇ
3550 5040 3695 5114 ψυχῇ
3744 5046 3810 5098 οὐ
3864 5024 4037 5116 φέρει.

2462 5116 2608 5187 ἀργὰ
2656 5119 2875 5188 ῥήματα
2919 5120 3277 5193 ὑπάρχουσιν.
3325 5129 3648 5199 Ἀναγκαῖον
3699 5136 3797 5190 οὖν
3854 5139 4039 5209 βιαίως

2464 5210 2900 5279 ἑγκρατεύεσθαι
2927 5214 3023 5267 τοῦ
3057 5216 3130 5286 μὴ
3160 5218 3345 5273 δοῦναι
3374 5222 3557 5296 χώραν
3581 5229 3646 5296 τῇ
3693 5228 3994 5300 ιὶργολογίᾳ⁵
4020 5246 4036 5263 ⁸

2462 5302 2491 5353 ὁ
2514 5300 2621 5372 γὰρ
2656 5302 2762 5355 ὑπὸ
2790 5303 2898 5356 τῶν
2929 5309 3144 5377 μικρῶν
3173 5310 3414 5382 εὐχερῶς
3445 5316 3769 5386 νικώμενος,
3807 5322 4037 5383 καὶτοῖς

2467 5395 2725 5464 μεγάλοις
2754 5394 2814 5460 ἐξ
2844 5396 3089 5469 ἀνάγκης
3111 5401 3431 5457 δεδούλωται
3455 5421 3469 5435 ·
3495 5407 3523 5458 ὁ
3544 5406 3601 5460 δὲ
3630 5408 3841 5463 τούτων
3870 5428 4037 5464 κατα-

2464 5488 2701 5558 φρονῶν,
2737 5488 2836 5543 καὶ
2869 5492 2983 5554 τοῖς
3017 5492 3274 5560 μεγάλοις
3293 5496 3351 5548 εν
3379 5497 3589 5569 Κυρίῳ,
3624 5500 4031 5557 ἀντιτάσσεται.

2968 5633 3025 5708 '1
3067 5634 3235 5708 yieh.
3273 5652 3347 5701 ιη,
3388 5637 3475 5693 12.
3583 5641 3629 5674 ⁸⁸
3662 5642 3828 5698 Prov,
3857 5659 3941 5708 ιν,
3979 5645 4030 5698 ι,

2981 5703 3027 5779 ff
3055 5704 3237 5779 ΔξζειξΙ-ἰ.
3278 5708 3470 5779 xtv,5_.
3566 5711 3611 5745 "
3645 5713 3814 5769 Prov.
3845 5703 4029 5779 v1.15.

2979 5774 3017 5806 '"
3054 5774 3243 5830 Matth.
3269 5792 3364 5841 xu.
3395 5777 3484 5833 36.

2499 5699 2544 5730 ιι
2585 5699 2715 5772 8η»,
2754 5718 2791 5763 ι,
2822 5702 2875 5759 8.
