4178 6436
188 393 304 460 15H

1241 400 1566 459 HOMILIA
1610 399 1873 461 XXXIV.
1910 427 1976 435 -υ
2005 402 2101 460 DE
2141 405 2340 462 OTlO.

3288 391 3423 457 1552

186 510 293 578 Χρὴ
322 502 412 560 οῦν
465 506 616 577 πάσῃ
651 508 866 576 φυλακῇ
916 509 1105 577 τηρεῖν
1158 510 1256 577 τὴν
1298 510 1529 579 καρδίαν
1568 508 1658 561 καὶ
1689 509 1748 560 τὸ

1874 510 2088 564 nodicis
2110 512 2403 580 colloquiis
2435 511 2647 563 intenta
2676 522 2807 561 cura
2834 505 2991 560 nobis
3029 517 3419 575 temperemus.

186 603 347 671 οῶμα,
369 600 657 672 ἀραρότως
685 600 1023 668 φθέγγεσθαι
1045 600 1119 663 ὡς
1147 600 1476 664 αὐτοτελεῖς,
1511 601 1744 668 μάλιστα

184 694 318 761 ἡμᾶς
344 691 472 753 τοὺς
504 689 794 751 δοκοῦντας
825 691 1126 754 παιδεύειν,
1158 693 1252 744 καὶ
1278 692 1598 761 καθοδηγεῖν
1621 692 1745 754 τοὺς

185 787 236 834 ἐν
273 782 346 851 τῷ
397 783 610 851 κόσμῳ,
659 781 742 834 ἵνα
792 783 867 852 μὴ
907 782 1267 852 ἀκούσωμενο
1319 801 1337 833 ι
1385 782 1442 835 '0
1480 782 1746 836 διδάσκων

183 876 427 946 ἐτέρους,
489 873 716 927 σεαυτὸν
767 876 829 928 οὐ
865 876 1171 936 διδάσκειςς
1218 894 1235 926 ι
1309 876 1590 937 Ἀϐουλίας
1639 874 1748 945 γὰρ

183 971 474 1036 τεκμήριον
499 966 559 1019 τὸ
587 967 932 1036 ἀργολογεῖν,
959 967 1034 1030 ὡς
1067 968 1163 1019 καὶ
1193 969 1250 1019 ἐν
1281 971 1396 1029 ταῖς
1421 966 1748 1036 Παροιμίαις

185 1059 519 1126 γέγραπταιο
563 1059 712 1121 «Υἱὲ,
741 1061 816 1128 μὴ
847 1058 1096 1128 ζηλώσῃς
1127 1059 1322 1128 ἄνδρας
1349 1058 1574 1121 κακοὺς,
1615 1057 1749 1128 μηδὲ

185 1150 521 1220 ἐπιθυμήσῃς
575 1147 715 1204 εἶναι
769 1151 888 1221 μετ’
935 1151 1136 1204 αύτῶν.
1179 1170 1196 1202 ι
1240 1151 1347 1203 Καὶ
1393 1151 1626 1218 ἐπάγει,
1659 1150 1749 1202 λέ-

185 1257 285 1306 γων
311 1257 324 1269 ·
371 1259 388 1290 ι
429 1241 616 1306 Στόμα
651 1242 908 1307 ἀστεγον,
938 1245 1082 1293 ποιεῖ
1108 1242 1518 1300 ἀκαταστασίας
1548 1278 1560 1301 ,
1601 1241 1691 1292 καὶ
1722 1241 1751 1291 6

186 1333 364 1402 ἄφρων
396 1332 662 1402 πληθύνει
716 1332 928 1400 λόγους.
967 1353 984 1383 ι
1022 1334 1132 1384 Καὶ
1163 1333 1363 1384 πάλιν·
1404 1349 1421 1381 ι
1471 1333 1528 1382 'O
1563 1332 1751 1382 πλεον-

185 1425 317 1486 άζων
340 1424 516 1490 λόγον,
563 1424 1001 1494 βδελυχθήσεται.
1047 1424 1139 1476 Ἐκ
1170 1424 1492 1490 πολυλογίας
1522 1423 1631 1491 γὰρ
1653 1422 1751 1472 οὑκ

186 1514 496 1581 ἐκφεύξεται
524 1516 820 1585 ἁμαρτίας,
838 1515 1154 1585 φειδόμενος
1180 1516 1238 1566 δὲ
1262 1515 1505 1583 χειλέων,
1534 1514 1752 1582 νοήμων

185 1605 346 1657 ἔσται.
386 1625 403 1657 ι
453 1607 563 1658 Καὶ
603 1607 765 1659 πάλιν
793 1622 805 1636 ·
843 1625 860 1657 ι
920 1607 1043 1658 Ἐπὶ
1088 1605 1246 1671 φίλου
1289 1605 1385 1656 καὶ
1425 1603 1621 1673 ἐχθροῦ
1677 1603 1750 1674 μὴ

183 1693 362 1763 διηγοῦ
398 1694 549 1762 βίους
592 1695 929 1764 ἀλλοτρίους.
969 1715 986 1744 ι
1035 1694 1142 1748 Καί
1169 1708 1183 1722 ·
1228 1713 1245 1744 ι
1286 1694 1347 1744 Εἰ
1390 1692 1464 1760 μὴ
1492 1693 1640 1744 ἔστιν
1671 1709 1751 1743 σοι

186 1783 421 1852 ἁμαρτία
447 1824 464 1846 ,
518 1784 592 1854 μὴ
638 1783 1018 1836 ἀποκάλυπτε.
1077 1802 1095 1833 ι
1131 1783 1294 1848 Λέγει
1347 1782 1404 1834 δὲ
1437 1783 1532 1834 καὶ
1564 1783 1592 1833 6
1635 1781 1752 1832 Ἰὼϐ

185 1874 289 1933 τοῖς
348 1872 525 1939 φίλοις
573 1871 738 1924 αὑτοῦ
774 1888 788 1900 ·

187 1963 518 2031 ἀποϐήσεται
554 1964 681 2032 ὑμῖν
709 1963 893 2030 σοφία.
937 1983 954 2014 ι
990 1965 1097 2015 Καὶ
1145 1964 1367 2034 ἓτερος’
1413 1983 1430 2014 ι
1475 1965 1762 2034 Μακάριος

187 2054 335 2123 ἀνὴρ,
366 2055 424 2116 ὃς
455 2055 556 2106 ούκ
584 2055 886 2122 ὼλίσθησεν
917 2055 975 2106 ἐν
1003 2055 1082 2122 τῷ
1114 2055 1341 2124 στόματι
1379 2055 1566 2109 αὑτοῦ.
1605 2077 1621 2106 ι
1655 2057 1763 2108 Καὶ

187 2143 364 2204 πάλιν,
399 2159 416 2191 ι
474 2141 530 2194 ’0
576 2143 1039 2212 ἐγκρατευόμενος
1071 2143 1288 2214 γλώσσῃ
1329 2145 1538 2214 ἄμαχος
1570 2144 1762 2214 βιώσε-

188 2247 302 2284 ται·
335 2233 451 2295 καὶ,
482 2235 511 2285 6
540 2234 715 2303 μισὼν
746 2233 960 2300 λαλιὰν,
1004 2235 1325 2288 ἐλαττοῦται
1375 2237 1592 2291 κακίαν.
1626 2257 1646 2289 ι
1679 2240 1764 2291 Δια

189 2321 438 2390 ἀγορεύει
473 2322 527 2374 δὲ
551 2324 643 2374 καὶ
674 2324 700 2374 6
735 2323 1195 2393 Ἐκκλησιαστής·
1229 2342 1247 2375 ι
1291 2325 1454 2391 Λόγοι
1501 2327 1763 2394 στόματος

192 2411 348 2477 σοφοῦ
378 2454 391 2476 ,
424 2412 586 2480 χάρις
610 2427 621 2438 '
679 2412 772 2463 καὶ
806 2413 956 2482 χείλη
1001 2413 1237 2482 ἄφρονος
1283 2416 1762 2466 καταποντίσουσιν

190 2503 366 2554 αὐτόν’
393 2504 565 2572 ἀρετὴ
593 2503 702 2571 γὰρ
743 2507 1012 2572 στόματος
1047 2503 1212 2557 αὐτοῦ
1244 2505 1544 2575 ἀφροσύνη’
1588 2525 1607 2558 ι
1655 2507 1764 2560 Καί

197 2614 211 2644 ι
257 2594 314 2645 Ὀ
347 2595 542 2663 ἄφρων
601 2597 862 2664 πληθύνει
909 2597 1121 2663 λόγους.
1159 2616 1177 2648 ι
1223 2599 1329 2651 Καὶ
1363 2601 1557 2664 ἐπάγει
1587 2615 1600 2628 ⁸
1634 2617 1652 2650 ι
1707 2600 1764 2650 'O

192 2687 412 2751 ἀγαπῶν
445 2686 591 2756 ζωὴν
624 2689 870 2754 φείσεται
905 2689 1171 2756 στόματος
1202 2689 1390 2742 αὑτοῦ.
1425 2709 1443 2741 ι
1491 2690 1766 2751 Ὡσαύτως

193 2780 355 2832 δὲκαὶ
392 2782 420 2831 6
468 2780 790 2842 Ἀπόςτολος
819 2796 833 2809 ο
869 2799 886 2831 ι
921 2783 1033 2843 Πᾶς
1064 2781 1220 2847 λόγος
1255 2781 1461 2851 σαπρὸς
1491 2781 1546 2844 τ,
1584 2784 1646 2832 ἐκ
1673 2781 1764 2833 τοῦ

197 2870 457 2940 στόματος
489 2871 643 2940 ὑμῶν
685 2871 760 2941 μὴ
791 2873 1198 2941 ἐκπορευέσθω,
1224 2872 1337 2924 ἀλλ’
1365 2874 1417 2924 εἴ
1439 2889 1521 2933 τις
1566 2873 1766 2940 ἀγαθὸς

194 2960 324 3027 πρὸς
355 2963 682 3031 οἰκοδομεῖν,
742 2963 828 3015 ἵνα
883 2963 958 3031 δῷ
1010 2964 1169 3032 χάριν
1224 2967 1334 3026 τοῖς
1385 2963 1692 3016 ἀκούουσιν.
1743 2984 1760 3014 ι

198 3053 447 3121 Ἔχοντες
471 3050 588 3117 οῦν,
623 3054 922 3122 ἀγαπητοὶ,
951 3055 1220 3116 τοσαύτας
1269 3055 1571 3123 μαρτυρίας
1616 3055 1766 3126 πάσῃ

196 3147 392 3216 σπουδῇ
428 3145 884 3216 ἀποστῶμενστῆς
916 3145 1250 3213 ἀνωφελοῦς,
1281 3145 1480 3215 μᾶλλον
1517 3147 1573 3197 δὲ
1601 3147 1765 3214 ψυχο-

1851 616 1920 655 ne
1976 604 2099 670 quis
2131 603 2370 655 resideat
2413 602 2564 655 locus
2613 600 2793 652 otioso
2826 599 3091 651 sermoni.
3124 597 3226 663 Qui
3275 599 3424 650 enim

1853 693 2013 746 facile
2063 693 2196 746 sinit
2236 693 2490 761 intercipi
2523 707 2580 745 se
2611 690 2855 744 acvvinci
2909 705 2938 743 a
2990 705 3047 742 re
3088 688 3422 758 permodica,

1853 800 1882 836 a
1916 784 2126 852 magnis
2158 797 2386 836 necesse
2449 783 2506 835 fit
2562 782 2708 836 hunc
2743 781 2795 834 in
2849 780 3171 834 servitutem
3227 778 3423 848 redigi.

1855 873 1955 939 Qui
1998 890 2160 943 parva
2198 874 2313 928 lucc
2371 873 2724 942 contemptim
2766 873 3012 942 negligit,
3037 879 3094 926 et
3123 871 3232 927 illis
3259 872 3424 928 oblu-

1856 974 2037 1018 ctatur
2076 982 2197 1034 qum
2223 965 2427 1033 alioqui
2455 965 2596 1032 apud
2621 965 2910 1018 Dominum
2939 964 3119 1034 magni
3154 974 3286 1019 sunt
3312 982 3429 1020 mo-

1856 1057 2052 1110 menti.
2087 1055 2248 1110 Omni
2280 1056 2447 1123 igitur
2479 1054 2728 1108 custodia
2770 1054 3194 1109 custodiendum
3250 1071 3345 1112 cor
3372 1067 3429 1112 et

1856 1165 2079 1216 corpus,
2107 1164 2207 1201 nec
2241 1138 2419 1201 laxius
2449 1163 2615 1215 quam
2640 1147 2796 1200 decet
2843 1147 3138 1216 perfectos,
3193 1149 3432 1219 loquen-

1859 1242 2012 1303 dum,
2054 1221 2489 1293 nobismaxime
2529 1238 2623 1308 qui
2653 1239 2842 1292 mundi
2891 1240 3148 1294 homines
3175 1241 3430 1296 videmur

1857 1332 2106 1393 erudire,
2155 1347 2216 1383 ae
2258 1333 2358 1383 via:
2400 1329 2667 1384 salutaris
2704 1345 2824 1383 esse
2857 1329 2965 1383 illis
3009 1330 3312 1399 pra-duces,
3360 1348 3430 1388 ne

1857 1416 2080 1483 quando
2122 1417 2406 1485 contingat
2440 1417 2633 1470 audire
2656 1433 2757 1471 nos
2786 1437 2798 1470 :
2843 1438 2859 1468 ι
2886 1418 2991 1483 Qui
3031 1419 3201 1472 alium
3234 1421 3427 1485 doces,

1865 1508 2098 1575 tcipsum
2131 1523 2243 1560 non
2285 1507 2453 1561 doces
2480 1509 2524 1538 "‘
2548 1509 2570 1560 ?
2594 1529 2611 1559 ι
2640 1510 2993 1564 Temeritatis
3016 1513 3178 1581 plane
3205 1515 3435 1571 evidens

1857 1611 1941 1653 est
1979 1608 2370 1670 argumentum
2400 1600 2481 1654 sic
2503 1601 2681 1654 otiose
2717 1603 2884 1656 verba
2906 1604 3195 1660 effundere
3243 1615 3300 1660 et
3325 1623 3432 1661 nu-

1858 1692 1997 1758 gari,
2023 1691 2489 1759 quemadmodum
2515 1703 2571 1746 et
2601 1694 2653 1746 in
2679 1693 3002 1748 Proverbiis
3017 1697 3286 1766 scriptum
3316 1708 3429 1753 est:

1866 1800 1882 1830 ι
1916 1782 2040 1842 Fili,
2069 1797 2135 1834 ne
2167 1783 2451 1834 azmuleris
2483 1782 2630 1835 viros
2669 1783 2861 1846 malos,
2893 1799 3030 1839 neve
3070 1788 3433 1856 concupiscas

849 1893 866 1921 ι
929 1873 1028 1941 EH}
1056 1872 1113 1922 δέ
1148 1872 1275 1938 ὑμῖν
1309 1871 1588 1937 κωφεῦσαι
1619 1910 1632 1931 ,
1669 1871 1762 1924 καὶ

1868 1886 1987 1923 esse
2013 1887 2138 1923 cum
2171 1871 2254 1923 eis
2281 1871 2347 1923 ’³.
2377 1890 2394 1920 ι
2428 1871 2495 1924 Ει
2522 1872 2771 1925 inducit:
2806 1892 2822 1922 ι
2857 1873 2932 1927 Os
2953 1874 3101 1943 quod
3123 1892 3232 1930 non
3269 1877 3435 1932 habet

1863 1961 2209 2029 operculum,
2244 1962 2391 2029 parit
2415 1961 2720 2016 seditiones
2744 1964 2813 2015 ".
2832 1983 2848 2014 ι
2874 1964 2967 2017 Et:
3003 1983 3020 2014 ι
3055 1966 3266 2021 Stultus
3288 1970 3434 2022 ntul-

1865 2053 2080 2120 tiplicat
2117 2053 2285 2106 verba
2316 2054 2361 2084 ⁷⁵
2391 2070 2406 2117 ;
2434 2054 2529 2120 qui
2552 2053 2793 2106 abundat
2825 2069 3104 2119 sermone,
3146 2057 3433 2112 abomina-

1865 2145 1994 2200 bilis
2020 2146 2129 2198 erit
2158 2146 2226 2197 ⁷⁸.
2245 2146 2324 2198 Ex
2353 2145 2706 2214 multiloqnio
2730 2163 2840 2199 non
2863 2147 3092 2216 effugiet
3122 2159 3432 2218 peccatum,

1869 2252 2110 2305 parcens
2141 2246 2322 2289 autem
2348 2237 2530 2298 labiis,
2550 2237 2863 2305 intelligens
2890 2238 2998 2292 erit
3020 2240 3086 2292 ".
3123 2257 3142 2290 ι
3175 2239 3391 2296 Rursus
3417 2259 3430 2296 :

1871 2345 1888 2377 ι
1924 2326 2084 2395 Apud
2114 2328 2351 2379 amicum
2375 2337 2430 2379 et
2457 2327 2738 2379 inimicum
2771 2343 2838 2381 ne
2864 2343 3095 2383 enarres
3111 2330 3280 2385 vitam
3304 2333 3436 2387 alie-

1869 2433 1994 2470 nam
2031 2419 2095 2470 ⁷⁸.
2129 2437 2146 2468 ι
2170 2418 2380 2486 1083
2415 2419 2514 2471 Et:
2539 2437 2556 2469 ι
2592 2419 2646 2472 Si
2675 2434 2786 2472 non
2811 2419 2956 2473 adsit
2991 2419 3092 2474 tibi
3125 2430 3435 2490 peccatum,

1867 2525 1937 2563 ne
1975 2509 2186 2562 revelcs
2217 2510 2280 2560 τ’.
2319 2529 2336 2560 ι
2366 2509 2468 2563 Job
2491 2524 2712 2578 quoque
2744 2510 2939 2564 amicis
2966 2511 3082 2564 suis
3114 2529 3128 2564 :
3167 2530 3184 2562 ι
3216 2512 3438 2568 Utinam

1867 2601 2349 2664 obmutescerctis,
2372 2609 2432 2654 ιιι
2462 2602 2811 2670 contingeret
2842 2600 2999 2654 vobis
3015 2602 3285 2671 sapientia
3315 2603 3382 2657 ⁸⁸.
3411 2623 3430 2656 ι

1865 2691 2017 2744 Alter
2042 2709 2055 2743 :
2081 2710 2097 2741 ι
2125 2691 2324 2745 Beatus
2349 2692 2434 2744 vir
2456 2692 2551 2759 qui
2577 2708 2686 2745 non
2717 2701 2800 2745 est
2818 2693 3004 2760 lapsus
3031 2693 3211 2763 lingua
3233 2695 3430 2749 δαείη.»

1868 2780 2083 2834 llursus
2111 2798 2122 2833 :
2163 2801 2181 2832 ι
2206 2782 2308 2848 Qui
2351 2781 2672 2836 moderatur
2696 2783 2962 2851 linguam,
2987 2784 3107 2837 sine
3131 2785 3329 2855 jurgiis
3351 2787 3438 2838 vi-

1871 2880 1962 2924 vet
1988 2873 2030 2902 "
2059 2889 2074 2935 ;
2102 2873 2195 2939 qui
2241 2873 2360 2926 odit
2390 2873 2799 2941 loquacitatem,
2835 2876 3038 2930 minuit
3069 2877 3336 2932 malitiam
3368 2877 3435 2933 ⁸³.

1870 2964 1976 3018 Sed
2005 2974 2062 3018 et.
2086 2966 2475 3030 Ecclesiastes,
2507 2970 2724 3037 garrula
2758 2970 2859 3023 ista
2883 2971 3217 3039 loquacitate
3271 2973 3443 3027 inter-

1867 3057 2002 3110 dicit
2035 3057 2225 3111 nobis:
2262 3076 2278 3108 ι
2305 3058 2603 3113 Sermones
2620 3061 2734 3114 oris
2760 3062 3045 3130 sapientis,
3067 3064 3263 3133 gratia,
3296 3063 3438 3118 labia

1869 3146 2026 3200 stulti
2062 3147 2391 3214 demet-gent
2421 3165 2597 3217 eum;
2628 3152 2959 3221 principium
2995 3156 3143 3208 enim
3176 3156 3290 3208 oris
3321 3157 3443 3224 ejus

196 3237 423 3296 ϐλαϐοῦς
454 3237 800 3307 ἁργολογίας,
833 3236 1140 3298 ἐννοοῦντες
1177 3237 1557 3299 ἀδιαλείπτως,
1587 3237 1663 3298 ὡς
1688 3238 1765 3288 εῖ-

1872 3238 2110 3291 stultitia
2132 3239 2228 3291 ⁸⁸.»
2253 3240 2351 3292 Et:
2386 3261 2402 3290 ι
2435 3240 2649 3295 Stultus
2672 3245 2999 3313 multiplicat
3026 3261 3308 3301 sermones
3330 3223 3397 3300 ⁸⁵.
3418 3266 3441 3302 ι

195 3348 374 3400 ρηται,
409 3332 506 3400 τὴν
547 3331 782 3399 φοϐερὰν
812 3330 1043 3400 ἀπειλὴν
1077 3329 1170 3383 τοῦ
1203 3330 1433 3399 Κυρίου,
1474 3330 1722 3397 λέγοντος
1749 3345 1761 3356 ·

198 3440 216 3471 ι
260 3422 427 3492 Ἀμὴν
460 3422 605 3490 λέγω
634 3423 783 3491 ὑμῖν,
822 3424 905 3475 δτι
939 3424 1044 3474 πᾶν
1075 3423 1227 3492 ῥῆμα
1266 3421 1436 3490 ἀργὸν
1461 3463 1475 3483 ,
1500 3422 1528 3472 6
1555 3423 1648 3472 ἐὰν
1673 3421 1769 3471 λα-

196 3511 430 3581 λήσωσιν
473 3515 524 3566 οί
562 3513 844 3583 ἄνθρωποι
867 3553 882 3577 ,
917 3513 1292 3565 ἀποδώσουσιν
1328 3512 1486 3578 λόγον
1515 3513 1640 3579 περὶ
1675 3511 1770 3562 αύ-

195 3604 282 3655 τοῦ
314 3606 372 3657 ἐν
400 3605 590 3675 ἡμέρᾳ
617 3606 874 3674 κρίσεως.
915 3623 932 3655 ι
970 3603 1129 3673 Δύτῴ
1159 3605 1190 3673 ἡ
1220 3603 1347 3666 δόξα
1377 3605 1457 3664 εἰς
1486 3603 1610 3663 τοὺς
1643 3601 1774 3655 αἰῶ-

195 3713 307 3758 νας.
351 3697 553 3767 ’Λμήν.

1875 3329 2132 3384 lnducit:
2173 3349 2190 3379 ι
2229 3330 2331 3394 Qui
2367 3331 2547 3401 diligit
2568 3333 2758 3396 vitam,
2785 3346 2972 3403 parcet
3002 3337 3084 3390 ori
3112 3352 3214 3392 suo
3241 3336 3449 3393 “aliis

1869 3421 2432 3490 concinitApostolus
2471 3440 2482 3475 :
2526 3442 2544 3473 ι
2581 3424 2773 3480 Omnis
2807 3442 2988 3480 sermo
3022 3429 3200 3483 malus
3232 3445 3297 3483 ex
3347 3446 3444 3484 oro

1873 3522 2061 3565 vestro
2089 3529 2200 3565 non
2236 3513 2518 3582 procedat,
2542 3516 2636 3568 sed
2669 3517 2714 3569 si
2748 3522 2874 3585 quis
2909 3519 3087 3574 bonus
3113 3521 3180 3573 ad
3205 3521 3445 3576 aediﬁca-

1876 3601 2110 3664 tionem,
2136 3611 2196 3654 ut
2229 3602 2323 3655 det
2353 3604 2586 3673 gratiam
2634 3606 2988 3662 audientibus
3023 3609 3087 3660 ".
3128 3628 3146 3660 ι
3173 3609 3310 3665 Cum
3343 3611 3446 3681 igi-

1873 3701 1983 3757 tur,
2007 3693 2343 3759 charissimi,
2379 3703 2457 3748 tot
2487 3696 2625 3750 adeo
2652 3714 2980 3753 moneamur
3015 3696 3311 3771 Scriptura:
3364 3711 3448 3756 te-

195 3786 492 3849 stimoniis,
519 3785 669 3839 omni
725 3785 910 3838 studio
939 3785 1226 3838 vitabundi
1257 3784 1604 3852 defugiamus
1660 3783 1868 3836 otiosos
1902 3799 2209 3847 sermones,
2267 3801 2376 3838 non
2424 3786 2650 3840 inutiles
2679 3789 2863 3851 modo,
2886 3792 2979 3844 sed
3018 3801 3073 3844 et
3117 3807 3450 3862 magnopere

193 3881 485 3934 animabus
514 3880 725 3933 nostris
751 3880 1199 3943 detrimentosos,
1237 3895 1400 3948 aque,
1431 3879 1720 3932 utilictum
1756 3880 1867 3946 jam
1907 3889 2013 3942 est,
2057 3895 2244 3932 vocent
2294 3879 2440 3932 illam
2483 3881 2699 3934 Domini
2763 3884 2990 3936 terroris
3043 3894 3100 3937 et
3167 3884 3443 3938 fortitudi-

197 3977 277 4030 nis
341 3978 563 4046 plenam
631 3977 909 4045 perpetim
985 3976 1324 4045 cogitemus,
1383 3991 1489 4042 qua
1553 3991 1770 4044 pmnam
1811 3975 2201 4029 intermittatur
2235 3994 2248 4027 :
2281 3997 2297 4026 ι
2331 3981 2502 4028 Amen
2565 3977 2690 4030 dico
2719 3980 2893 4042 vobis,
2941 3980 3070 4048 quia
3135 3996 3297 4034 omne
3325 3995 3450 4033 ver—

196 4071 320 4122 bum
349 4069 597 4122 otiosum
628 4068 1012 4136 quodcunque
1065 4067 1236 4120 locuti
1284 4065 1493 4120 fuerint
1548 4066 1820 4132 homines,
1864 4067 2095 4121 reddent
2154 4069 2421 4122 rationem
2461 4070 2528 4123 (lc
2561 4085 2628 4123 eo
2661 4070 2714 4122 in
2744 4070 2832 4124 die
2878 4071 3066 4140 iudicii
3105 4072 3168 4127 “.
3193 4073 3295 4143 Ipsi
3336 4073 3452 4144 glo-

198 4167 270 4218 ria
311 4166 366 4218 in
395 4165 622 4219 sa:cula.
671 4163 868 4217 Amen.

797 4271 1014 4324 ΛΟΓΟΣ
1045 4270 1165 4323 ΛΝ.

727 4383 864 4450 Περὶ
901 4383 1254 4450 περιεργίας.

265 4504 340 4557 Τδ
370 4500 862 4571 πολυπραγμονεῖν
898 4497 993 4550 καὶ
1027 4494 1492 4565 περιεργάζεσθαι
1521 4495 1590 4548 τὰ
1618 4495 1772 4549 ἀλλό-

197 4611 360 4666 τρια,
423 4590 772 4661 ἀνάρμοστόν
819 4593 966 4643 ἐστιν
1017 4587 1291 4660 ἀνθρώπῳ
1333 4586 1410 4657 τῷ
1445 4586 1648 4640 θέλοντι
1680 4587 1771 4638 εὑ-

197 4687 501 4758 αρεστῆσαι
543 4683 682 4752 Θεῷ.
747 4681 806 4734 Ὀ
845 4682 954 4750 γὰρ
1007 4679 1329 4750 βουλόμενος
1362 4677 1623 4745 ἀϐέϐηλον
1658 4677 1771 4746 βίον

197 4776 584 4833 πολιτεύεσθαι
621 4779 679 4828 ἐν
708 4774 842 4843 τῷδε
873 4773 953 4842 τῷ
985 4771 1116 4842 βίῳ,
1151 4771 1497 4840 αὑτόστοιχος
1522 4769 1664 4822 θέλει
1692 4764 1771 4821 εἶ-

198 4888 320 4935 ναι,
373 4868 695 4932 τουτέστιν,
749 4864 927 4934 ἐαυτῷ
974 4865 1294 4934 προσέχειν,
1343 4862 1434 4915 καὶ
1481 4862 1537 4914 ἐν
1585 4860 1783 4931 ἡσυχίᾳ

198 4961 556 5034 προσομιλεῖν
587 4958 667 5028 τῷ
692 4957 814 5026 Θεῴ
846 4955 1182 5026 ἁρεμϐάστῳ
1217 4952 1485 5022 λογισμῷ,
1524 4953 1614 5004 καὶ
1643 4954 1776 5004 ἀπε-

201 5053 404 5124 ριέργῳ
449 5051 559 5121 νῷ,
607 5051 666 5104 ἐν
699 5050 846 5120 ἁπλῇ
880 5046 1143 5101 διαθέσει.
1205 5044 1390 5106 Οὕτως
1416 5046 1526 5114 γὰρ
1555 5043 1781 5096 ἐπελεύ-

202 5160 349 5196 σεται
392 5143 484 5195 ἐπ’
512 5141 677 5194 αὑτὸν
715 5139 987 5200 πλουσίως
1033 5140 1066 5206 ἡ
1101 5136 1261 5204 χάρις
1293 5134 1387 5186 τοῦ
1423 5135 1578 5202 ἁγίου
1610 5135 1779 5186 Πνεύ-

203 5250 392 5302 ματος.
415 5233 734 5300 Γέγραπται
759 5231 816 5283 δὲ
842 5231 901 5283 ἐν
921 5230 1041 5291 ταῖς
1067 5226 1399 5298 Παροιμίαις
1417 5244 1431 5257 ·
1461 5245 1478 5278 ι
1501 5226 1782 5296 Βαθύτερά

811 5390 856 5420 ⁷³
890 5391 1051 5443 Prov.
1082 5405 1133 5451 ι,
1185 5390 1274 5442 2i.

784 5461 826 5490 τ’
861 5460 1026 5513 Eccli.
1066 5475 1214 5518 xuii,
1282 5455 1365 5508 ll.

265 5391 482 5471 "_Sa_p.
526 5407 582 5455 tt,
622 5391 708 5471 [5.

200 5462 262 5514 ⁷⁸.
293 5461 470 5517 Eccli.
511 5478 603 5523 xu,
637 5461 688 5514 8.

198 5546 249 5595 ι,
280 5532 366 5586 l9.
447 5532 497 5564 ³³
527 5530 696 5584 Eccli.
733 5530 900 5593 xu,5.

197 5616 284 5666 xu,
318 5602 406 5656 56.

1377 5387 1422 5416 "'"
1477 5386 1610 5439 ibid.
1654 5402 1711 5439 tt.
1745 5384 1832 5438 12.

1508 5455 1552 5486 ⁸ο
1594 5455 1763 5509 Eccli.
1829 5472 1894 5508 xx
1939 5457 2011 5517 5;
2067 5457 2168 5508 Job
2202 5472 2349 5517 mn,
2393 5457 2443 5509 5.

975 5528 1022 5558 ⁸⁴’
1041 5530 1199 5583 Prov.
1236 5545 1286 5592 ν,
1315 5525 1427 5588 2,7.
1503 5526 1548 5558 ⁸⁵
1582 5526 1748 5581 Eccli.
1779 5542 1829 5594 ι,
1851 5527 1936 5581 14.
2011 5525 2234 5580 “Prov.
2262 5541 2404 5592 uix,
2438 5525 2521 5579 18.

2387 4272 2668 4327 ΙΙΟΜΙΗΑ
2705 4274 2919 4330 XXXIV

2542 4381 2620 4433 De
2653 4385 2776 4436 otio.

1949 4491 2156 4546 Rerum
2206 4492 2515 4546 alienarum
2571 4502 2816 4564 satagere
2867 4497 3177 4563 curiosius,
3229 4511 3285 4554 et
3327 4517 3452 4572 qua

1875 4598 2278 4653 supervacanea
2307 4594 2457 4648 sunt,
2487 4599 2587 4636 nec
2614 4586 2780 4640 ullius
2805 4585 2996 4656 frugis,
3025 4589 3240 4654 moliri,
3289 4607 3452 4661 pror-

1891 4690 1990 4728 sus
2038 4675 2452 4727 dissenlaneum
2501 4675 2754 4740 videtur,
2807 4693 2909 4731 nec
2942 4681 3241 4735 convenire
3270 4682 3322 4737 ei
3353 4684 3450 4753 qui

1887 4766 1998 4820 Deo
2053 4766 2340 4819 contendit
2390 4783 2554 4835 quam
2591 4770 2823 4822 maxime
2863 4786 2984 4824 esse
3014 4774 3310 4841 gratiosus.
3344 4775 3453 4842 Qui

1883 4859 2031 4912 enim
2056 4859 2181 4911 vita:
2203 4859 2622 4912 sanctimoniam
2649 4860 2895 4926 profiteri
2915 4863 3031 4916 vult
3050 4872 3215 4933 atque
3234 4866 3454 4921 mundi-

1884 4953 2011 5004 tiam
2039 4990 2054 5014 ,
2114 4966 2341 5004 necesse
2368 4960 2453 5003 est
2485 4952 2696 5019 perpeti
2768 4962 2954 5006 tenore
3000 4955 3167 5009 vitam
3200 4955 3453 5012 instituat

1882 5058 2038 5096 suam
2068 5059 2082 5094 :
2111 5042 2215 5096 hoc
2240 5051 2343 5104 est,
2377 5041 2481 5094 sibi
2519 5050 2575 5095 ut
2601 5044 2870 5106 attendat,
2896 5045 3116 5114 Deoque
3136 5063 3303 5116 quam
3324 5064 3453 5119 pro-

1883 5136 2028 5189 xime
2059 5145 2243 5206 potest
2273 5136 2669 5204 congrediatur
2695 5136 2846 5188 omni
2871 5151 2994 5189 cum
3026 5139 3452 5207 tranquillitate,

1880 5242 1984 5281 nec
2011 5226 2132 5280 istis
2155 5225 2400 5280 externis
2423 5235 2691 5295 occupata
2712 5227 3074 5296 cogitatione,
3094 5229 3294 5285 affectu
3316 5230 3449 5286 item

1928 5385 2325 5446 "Prov.x,H.
2402 5385 2633 5439 "Eccli.
2668 5402 2740 5448 Ix,
2789 5388 2880 5442 25.
2957 5389 2998 5418 ⁷⁷
3054 5389 3212 5442 Prov.
3269 5405 3324 5451 x,
3364 5390 3451 5444 l9.

1942 5457 2010 5490 li-
2075 5457 2325 5490 ῐιιΙιιννιιι
2397 5457 2425 5490 κ
2557 5457 2598 5487 ιι
2651 5457 2794 5490 li‘nnl;
2879 5473 2968 5490 νη.
3052 5459 3073 5490 Ι
3216 5457 3263 5490 Ol
3287 5459 3424 5490 Β-Αυ

2651 5457 2818 5510 Eccli.
2879 5473 2990 5522 xw,
3052 5459 3104 5512 l.
3216 5457 3263 5490 ⁸²
3287 5459 3447 5513 Prov.

2609 5527 2654 5560 ⁸⁷
2687 5525 2891 5598 Ephcs.
2923 5544 2993 5595 tv,
3016 5527 3104 5584 26.
3182 5528 3230 5561 ⁸³
3257 5528 3452 5586 Matth.

1441 5703 1669 5761 ἾΛΠΙΛΕ
1707 5702 2115 5762 LECTIONES.

310 5786 328 5824 ι
352 5785 516 5856 λόγος
544 5783 771 5852 σαπρὸς,
815 5782 1113 5847 marcidus,
1142 5781 1395 5835 vitiosus.
