4178 6436
164 440 306 502 1545

1150 443 1477 503 HOMILIA
1520 443 1777 503 XXXVI.
1822 466 1889 476 -
1933 441 2031 501 DE
2072 443 2435 502 PIGRITIA.

3284 444 3416 509 1546

161 561 251 612 ἵνα
310 557 389 628 μὴ
436 559 762 627 ἀκούσωμεν
801 560 953 630 παρὰ
984 559 1075 610 τοῦ
1115 557 1432 630 ’Λϐϐακούμ
1457 577 1470 588 ·
1532 579 1549 610 ι
1593 559 1650 610 '0
1683 558 1728 610 δὲ

1844 556 2132 611 deturbari
2159 558 2521 626 promeruil’.
2555 558 2674 610 Non
2701 557 2868 626 igitur
2892 556 3157 612 mediocri
3179 559 3416 614 cireum-

157 653 520 720 κατοιόμενος
577 653 672 703 καὶ
723 653 1146 723 καταφρονητὴς
1181 653 1350 721 ἀνὴρ,
1399 652 1615 714 ἀλαζὼν
1646 651 1742 705 καὶ

156 745 544 813 ὑπερήφανος,
582 742 737 796 οὐδὲν
769 747 863 796 καὶ
898 744 973 813 μὴ
1001 746 1245 814 περανεῖ.
1276 763 1294 795 ι
1330 745 1437 796 Καὶ
1467 744 1738 813 ἀλλαχοῦ·

161 856 180 889 ι
217 838 306 890 Ζὼ
335 834 467 903 ἐγὼ,
500 836 648 903 λέγει
682 836 909 902 Κύριος,
940 837 1022 888 ὅτι
1055 837 1169 888 ἀλλ’
1196 836 1230 907 ἧ
1261 837 1386 899 τοὺς
1415 836 1740 900 δοξάζοντάς

159 949 228 999 με
265 931 474 994 δοξασω
497 971 512 994 ,
564 931 658 982 καὶ
691 931 718 982 6
746 929 1043 992 ἐξουθενῶν
1074 947 1169 1000 με,
1222 930 1681 999 ἀτιμασθήσεται.
1716 949 1732 979 ι

156 1025 271 1075 Kal
308 1026 337 1075 6
371 1023 814 1093 Παροιμιαετήςο
859 1040 877 1072 ι
915 1022 974 1075 ’0
1001 1022 1359 1091 καταφρονῶν
1392 1022 1736 1091 πράγματος,

156 1113 710 1184 καταφρονηθήσεται
747 1113 838 1164 ὑπ’
871 1114 1038 1165 αὐτοῦ
1064 1131 1076 1144 ο
1130 1115 1157 1166 6
1191 1113 1246 1166 δὲ
1285 1113 1619 1181 φοϐούμενος
1649 1113 1736 1163 ἐν·

154 1206 346 1276 τολὴν,
375 1201 532 1268 οὗτος
559 1205 818 1272 ὑγιαίνει.
846 1225 863 1257 ι
898 1207 1008 1258 Kal
1037 1207 1064 1257 6
1086 1205 1330 1274 Μιχαίας
1356 1204 1521 1274 φησίν
1539 1220 1551 1234 ο
1581 1203 1739 1266 «Υἱὸς

154 1299 377 1363 δοξάζει
411 1299 646 1368 πατέρα,
687 1299 778 1350 καὶ
806 1297 1001 1359 δοῦλος
1033 1297 1124 1349 τὸν
1153 1296 1344 1368 κύριον
1381 1295 1570 1350 αὑτοῦ.
1604 1295 1734 1358 Kal,

157 1392 221 1442 ΕΞ
255 1389 439 1460 πατὴρ
464 1391 572 1458 ἐγώ
594 1391 729 1458 εἰμι,
762 1389 865 1441 ποῦ
890 1390 1038 1441 ἐστιν
1066 1389 1096 1457 ἠ
1126 1389 1251 1453 δόξα
1277 1405 1410 1458 μους
1443 1389 1554 1450 καὶ,
1580 1389 1628 1439 εί
1651 1387 1740 1439 κύ-

155 1485 276 1555 ριός
324 1488 463 1553 εἰμι,
518 1482 620 1534 ποῦ
667 1486 814 1534 ἐστιν
863 1481 891 1532 6
938 1480 1104 1548 φόϐος
1141 1497 1277 1549 μου;
1310 1500 1326 1531 ι
1381 1479 1612 1548 Ὁμοίως
1643 1479 1739 1532 καὶ

151 1578 182 1628 6
215 1574 419 1627 Δαυῖδ·
482 1590 499 1623 ι
535 1571 704 1639 Φησὶ-ι
750 1571 778 1623 6
826 1570 1185 1639 παράνομος,
1252 1567 1347 1621 τοῦ
1397 1569 1738 1638 ἁμαρτάνειν

153 1669 212 1718 ἐν
247 1665 428 1735 ἑαυτῷ
449 1682 462 1694 ’
500 1665 614 1716 Οὐκ
650 1663 798 1715 ἔστιν
829 1662 992 1730 φόϐος
1017 1659 1175 1725 Θεοῦ,
1214 1660 1474 1714 ἀπέναντι
1503 1660 1611 1712 τῶν
1634 1661 1734 1728 ὀφ-

149 1758 387 1827 θαλμῶν
423 1754 608 1808 αὐτοῦ.
630 1775 648 1806 ι
679 1755 737 1806 ὐ
764 1755 819 1806 δὲ
849 1755 1052 1822 Πέτρος
1085 1755 1272 1822 φησὶν,
1301 1754 1382 1805 ὃτι
1415 1770 1433 1803 ι
1463 1753 1522 1804 'U
1546 1752 1736 1822 καιρὸς

148 1852 248 1903 τοῦ
298 1849 575 1920 ἄρξασθαι
621 1847 683 1899 τὺ
725 1850 903 1917 κρῖμα
947 1846 1055 1898 ἀπὸ
1088 1845 1182 1897 τοῦ
1211 1847 1362 1897 οῑκου
1394 1844 1487 1896 τοῦ
1517 1843 1675 1898 Θεοῦ.
1709 1863 1726 1894 ι

1845 650 2132 717 spectionc
2156 665 2318 718 opus,
2351 649 2456 703 sibi
2488 660 2546 704 ut
2574 651 2810 720 quisque
2837 651 3108 715 attendat,
3131 667 3234 706 nec
3256 653 3421 722 quid--

1843 755 2008 810 quam
2066 756 2231 811 supra
2279 741 2542 795 viriculas
2585 743 2838 812 proprias
2887 757 3077 797 secum
3116 746 3420 802 constituat

1843 831 2100 902 aggredi,
2139 833 2435 901 nequando
2468 833 2602 886 illud
2633 833 2890 887 llabaeuc
2919 834 2974 887 in
3003 848 3060 887 se
3086 833 3288 890 habeat
3315 838 3414 892 de-

1843 924 2089 992 torqueri
2153 942 2166 978 :
2225 943 2242 975 ι
2290 927 2570 994 Arrogans
2621 935 2678 978 et
2724 935 3110 994 contemptor,
3166 926 3414 980 insolens

1839 1025 1896 1069 et
1944 1015 2257 1084 superbus,
2314 1016 2449 1068 nihil
2500 1016 2566 1068 ad
2604 1015 2768 1069 linem
2804 1034 2982 1087 usque
3032 1018 3363 1087 perducet‘.
3393 1040 3411 1070 ι

1841 1107 1964 1160 Alio
1996 1109 2126 1161 item
2157 1109 2278 1160 loco
2333 1125 2344 1160 :
2408 1129 2424 1158 ι
2456 1108 2595 1163 Vivo
2639 1122 2770 1178 ego,
2813 1111 2948 1163 dicit
2979 1112 3270 1174 Dominus,
3310 1112 3416 1164 nisi

1838 1201 2213 1269 gloriﬁcantes
2231 1199 2555 1269 gloriﬁcabo
2577 1219 2590 1267 ;
2614 1202 2708 1270 qui
2741 1210 2927 1256 autem
2958 1205 3274 1258 contemnit
3303 1221 3412 1269 me,

1839 1293 1952 1346 erit
1982 1293 2244 1363 ignobilis
2275 1295 2366 1346 ⁵-⁸.
2401 1313 2418 1345 ι
2478 1294 2867 1348 Partemiastes
2897 1312 2910 1347 :
2950 1314 2966 1345 ι
2989 1295 3090 1360 Qui
3126 1311 3240 1349 rem
3273 1313 3416 1366 qua-

1840 1383 2173 1453 lemcunque
2199 1387 2532 1449 contemnit,
2561 1394 2954 1440 contemnetur
2981 1387 3049 1440 ab
3073 1402 3170 1453 ea;
3197 1389 3292 1457 qui
3319 1403 3418 1443 au-

1841 1486 1950 1530 tem
1987 1488 2216 1531 veretur
2248 1479 2612 1546 praztergredi
2644 1479 2989 1543 mandatum,
3025 1494 3192 1533 sanus
3219 1482 3370 1535 est".
3391 1500 3410 1532 ι

1839 1570 2094 1625 Michzeas
2130 1571 2258 1624 item
2291 1589 2302 1623 :
2337 1590 2354 1620 ι
2384 1570 2559 1624 Filius
2577 1570 2850 1640 gloriﬁcat
2879 1581 3118 1642 patrem,
3148 1581 3204 1626 et
3222 1587 3418 1628 servus

1838 1663 2123 1716 dominum
2170 1679 2351 1717 suum.
2414 1663 2572 1729 Quod
2610 1664 2656 1718 si
2688 1673 2848 1732 pater
2877 1680 2980 1734 ego
3007 1680 3127 1720 sum
3150 1706 3165 1729 ,
3203 1665 3299 1719 ubi
3331 1674 3416 1720 est

1838 1754 2011 1824 gloria
2041 1755 2196 1808 mea?
2229 1765 2305 1820 et,
2329 1755 2372 1808 si
2407 1756 2668 1810 dominus
2696 1771 2798 1825 ego
2827 1772 2971 1818 sum,
3010 1757 3104 1810 ubi
3129 1766 3214 1811 est
3245 1758 3416 1812 timor

1841 1845 2128 1897 meus”?
2161 1864 2178 1893 ι
2220 1844 2426 1897 Eodem
2461 1855 2676 1914 spectat
2706 1846 2842 1900 illud
2875 1846 3097 1915 Davidis
3149 1865 3161 1901 :
3219 1868 3235 1899 ι
3268 1849 3416 1904 Dixit

147 1946 215 1997 Εἰ
246 1945 302 1996 δὲ
341 1945 434 2011 ἀφ’
458 1941 618 2011 ἡμῶν
649 1940 896 2010 πρῶτον,
945 1939 999 1990 τί
1031 1939 1089 1990 τὸ
1115 1938 1270 2002 τέλος
1301 1938 1409 1991 τῶν
1437 1938 1727 1991 ἀπειθούν-

1833 1936 2070 2004 injustus
2094 1974 2108 1998 ,
2168 1944 2229 1987 ut
2280 1935 2570 2004 delinquat
2603 1935 2656 1989 in
2693 1939 2994 2005 semetipso
3016 1979 3030 2002 ,
3082 1955 3191 1992 non
3224 1950 3308 1994 est
3341 1941 3415 1993 ti-

147 2055 300 2102 τωνς
339 2037 451 2088 Καὶ
486 2037 534 2088 εἰ
568 2037 595 2088 ὁ
620 2035 833 2096 δίκαιος
866 2033 1019 2102 μόλις
1050 2031 1307 2094 σώζεται,
1342 2035 1369 2084 6
1403 2031 1609 2101 ἀσεϐὴς
1639 2030 1734 2084 καὶ

147 2129 484 2200 ἁμαρτωλὸς
519 2127 622 2180 ποῦ
653 2129 935 2195 φανεῖται;
971 2126 1079 2178 Kal
1105 2128 1134 2177 6
1162 2125 1372 2186 Παῦλος
1401 2124 1730 2194 Κορινθίοις·

155 2243 174 2273 ι
205 2223 310 2274 Διὰ
344 2221 505 2273 τοῦτο
540 2224 596 2273 ἐν
626 2221 755 2288 ὑμῖν
788 2217 977 2270 πολλοὶ
1003 2216 1272 2281 ἀσθενεῖς,
1307 2217 1402 2269 καὶ⁵
1434 2217 1729 2286 ἄρρωστοι,

147 2314 248 2366 καὶ
304 2311 609 2380 κοιμῶνται
660 2309 863 2362 ἱκανοί.
919 2309 980 2360 El
1013 2308 1122 2378 γὰρ
1161 2309 1389 2370 ἑαυτοὺς
1419 2309 1729 2377 ὲκρίνομεν,

144 2405 253 2456 ούκ
282 2403 350 2456 ἂν
379 2401 742 2472 ἐκρινόμεθα’
780 2401 1097 2470 κρινόμενοι
1123 2399 1203 2462 δὲ,
1235 2399 1341 2451 ὑπὸ
1367 2399 1574 2469 Κυρίου
1606 2417 1732 2452 παι-

145 2492 460 2562 δευόμεθα,
517 2490 602 2543 ἵνα
659 2488 734 2559 μὴ
767 2491 864 2542 σὺν
893 2489 969 2559 τῷ
999 2489 1191 2558 κόσμῳ
1220 2488 1672 2559 κατακριθῶμεν.
1707 2508 1725 2539 ι

149 2584 264 2638 Kal
296 2579 484 2646 αὖθις·
523 2601 541 2634 ι
564 2583 627 2634 'H
655 2582 839 2651 ἡμέρα
864 2582 1070 2651 Κυρίου
1097 2581 1170 2643 ὡς
1197 2581 1436 2650 κλέπτης
1466 2583 1522 2632 ἐν
1551 2581 1727 2647 νυκτὶ,

143 2676 327 2737 οὕτως
361 2675 600 2744 ἔρχεται.
627 2676 797 2727 Ὅταν
821 2672 876 2726 δὲ
907 2674 1138 2741 λέγωσιν
1156 2690 1170 2704 ο
1195 2673 1400 2742 Εἰρήνη
1433 2674 1524 2725 καὶ
1551 2673 1728 2740 ἀσφά-

145 2771 306 2830 λεια,
361 2767 482 2819 τότε
549 2765 814 2833 αἰφνίδιος
872 2766 1118 2817 ἐίσταται
1166 2765 1353 2826 αὐτοῖς
1410 2763 1654 2833 ὄλεθρος.
1703 2783 1721 2814 ι

142 2861 327 2929 1ἱηειὶν
356 2859 411 2911 δὲ
441 2857 533 2911 καὶ
564 2857 722 2919 ἄλλος
740 2871 753 2883 ⁶
788 2874 807 2907 ι
837 2856 928 2926 Μὴ
953 2855 1135 2926 εἴπῃς,
1164 2855 1225 2908 '0
1252 2855 1533 2925 οἰκτιρμὸς
1560 2853 1727 2906 αὑτοῦ

147 2950 350 3012 πολὺς,
383 2949 477 3001 καὶ
506 2949 564 2999 τδ
589 2947 794 3015 πλῆθος
824 2947 935 3000 τῶν
958 2946 1245 3017 ἁμαρτιῶν
1268 2964 1370 3015 μου
1398 2945 1724 3010 ὲξιλὰσεται.

151 3041 348 3102 Ἔλεος
381 3040 490 3111 γαρ
528 3039 620 3092 καὶ
649 3038 788 3110 ὀργὴ
826 3039 955 3108 παρ’
983 3038 1186 3107 αὐτῷ.»
1227 3039 1338 3090 Kal
1371 3037 1562 3090 πάλιν
1597 3055 1614 3086 ι
1637 3038 1725 3107 Μὴ

145 3132 395 3201 ἀνάμενε
426 3128 775 3198 ἐπιστρέφειν
803 3128 940 3198 πρὸς
967 3127 1174 3198 Κύριον
1196 3167 1210 3191 ,
1262 3129 1358 3180 καὶ
1392 3125 1466 3198 μὴ
1493 3128 1726 3182 ἀναϐάλ-

144 3223 241 3274 λου
299 3221 517 3291 ἡμέραν
567 3223 624 3284 ἐξ
661 3219 908 3288 ἡμέρας,
970 3217 1129 3270 Καθὰ
1169 3219 1278 3286 γὰρ
1314 3218 1376 3269 τὸ
1409 3219 1542 3270 πολὺ
1579 3218 1726 3282 ἔλεος

145 3313 319 3366 αὐτοῦ
340 3355 354 3377 ,
400 3313 571 3374 οὕτως
604 3314 697 3364 καὶ
725 3312 892 3373 πολὺς
925 3311 953 3361 ὁ
985 3310 1205 3378 ἔλεγχος
1235 3309 1424 3364 αὐτοῦ.
1457 3328 1475 3359 ι
1519 3311 1724 3371 ¹Ἄνδρα

147 3405 294 3458 κατὰ
326 3405 393 3456 τὰ
423 3404 559 3473 ἔργα
590 3401 756 3455 αὑτοῦ
786 3404 985 3471 κρινεῖ.
1025 3402 1131 3452 Kal
1163 3402 1190 3452 6
1224 3401 1520 3471 Ἰεζεκιήλ·
1581 3419 1599 3452 ι
1641 3402 1731 3454 Ἐν

145 3494 224 3565 τῷ
272 3495 643 3562 ἀποστρέφειν
677 3493 888 3546 δίκαιον
938 3493 1002 3544 ἐκ
1029 3492 1129 3561 τῆς
1156 3492 1507 3562 δικαιοσύνης
1536 3491 1726 3555 αὑτοῦ,

146 3589 243 3641 καὶ
299 3586 524 3655 ποιῆσαι
576 3585 792 3637 ἀδικίαν
818 3625 832 3645 ,
893 3585 1069 3636 πᾶσαι
1109 3587 1162 3636 αἱ
1191 3585 1532 3638 δικαιοσύναι
1561 3584 1728 3638 αὐτοῦ

144 3679 207 3732 οὐ
267 3677 343 3747 μὴ
396 3676 738 3746 μνησοῶσιν,
776 3678 834 3729 ὲν
864 3679 929 3746 τῇ
959 3676 1203 3747 ἁμαρτία
1233 3675 1400 3728 αὑτοῦ
1436 3676 1728 3729 ἀποθανεῖ-

143 3789 256 3825 ται.
310 3771 582 3822 Ἐκαστον
634 3769 775 3821 κατὰ
828 3769 927 3837 τὴν
976 3768 1095 3821 ὁδὸν
1134 3767 1334 3830 αὑτοῦ,
1393 3770 1450 3821 ὲν
1583 3768 1729 3840 εὕρω

145 3864 338 3924 αὑτὸν,
377 3861 547 3930 κρινῶ
575 3861 756 3922 αὑτὸν,
784 3861 934 3927 λέγει
967 3859 1190 3930 Κύριος.
1235 3879 1252 3911 ι
1288 3861 1396 3912 Καὶ
1423 3863 1450 3912 6
1474 3861 1686 3924 Παῦλος
1710 3877 1725 3890 ·

152 3977 170 4008 ι
210 3958 364 4024 Ἄρα
394 3954 489 4006 οὖν
527 3954 600 4022 μὴ
634 3952 1008 4020 καθεύδωμεν,
1042 3953 1178 4005 ἀλλὰ
1205 3953 1592 4022 γρηγορῶμεν,
1632 3953 1727 4005 καὶ

141 4047 430 4114 νήφωμεν.
469 4045 530 4094 (ll
564 4042 672 4108 γὰρ
709 4041 1084 4104 καθεύδοντες,
1123 4042 1318 4104 νυκτὸς
1346 4042 1720 4106 καθεύδουσιν,

144 4137 242 4188 καὶ
277 4136 326 4187 οἱ
357 4133 740 4204 μεθύσκοντεε,
778 4133 972 4197 νυκτὸς
1001 4133 1386 4202 μεθύσκουσιν.
1437 4154 1454 4186 ι
1491 4137 1601 4188 Kal
1627 4137 1724 4189 ἐπ-

146 4229 278 4294 άγει
302 4244 318 4259 ·
377 4244 396 4276 ι
436 4226 522 4287 Ὡς
569 4225 735 4277 τέκνα
769 4225 946 4291 φωτὸς
982 4228 1360 4295 περιπατεῖτε,
1392 4225 1722 4297 ἐξαγοραζό-

149 4333 310 4385 μενοι
355 4316 446 4369 τδν
487 4316 718 4385 καιρὸν,
770 4317 853 4367 ὅτι
901 4316 955 4367 αῖ
992 4316 1197 4387 ἡμέραι
1233 4317 1468 4387 πονηραί
1502 4319 1660 4371 εἰσιν.
1699 4338 1716 4369 ι

142 4409 318 4479 ψησὶν
345 4407 402 4458 δὲ
432 4407 528 4459 καὶ
557 4409 584 4458 6
611 4406 842 4476 Κύριος’
881 4426 900 4456 ι
926 4407 1280 4478 Γρηγορεῖτε,
1315 4409 1398 4459 ὅτι
1423 4410 1525 4461 οὐκ
1545 4410 1720 4462 οῖδατε

145 4497 278 4568 ποία
303 4499 489 4567 ἡμέρᾳ
519 4499 546 4549 6
573 4497 780 4565 Κύριος
805 4498 962 4567 ὑμῶν
987 4498 1226 4567 ἔρχεται.
1247 4501 1455 4552 Ἐκεῖνο
1482 4501 1537 4552 δὲ
1565 4502 1720 4567 γινώ⁴

1837 2043 1960 2080 mor
1990 2027 2084 2080 Dei
2118 2034 2245 2080 ante
2274 2027 2470 2081 oculos
2497 2028 2620 2096 ejus
2640 2029 2702 2081 ‘°.
2743 2026 2939 2083 Petrus
2964 2045 3188 2099 quoque
3214 2048 3226 2082 :
3258 2031 3413 2087 «Jam

1837 2130 2055 2188 tempus
2086 2128 2200 2183 est,
2252 2130 2310 2173 ut
2347 2120 2577 2188 incipiat
2601 2121 2876 2190 judicium
2911 2137 2939 2175 a
2970 2123 3138 2177 domo
3169 2123 3268 2178 Dei
3292 2125 3355 2178 ¹¹.
3388 2144 3407 2175 ι

1839 2211 2050 2280 1085
2085 2211 2240 2276 Quod
2275 2211 2320 2264 si
2349 2227 2379 2263 a
2411 2211 2577 2265 nobis
2602 2212 2872 2280 primum,
2908 2214 3035 2281 quis
3064 2213 3189 2268 ﬁnis
3218 2229 3414 2270 eorum

1833 2305 1926 2371 qui
1963 2319 2071 2355 non
2102 2302 2371 2356 credunt?
2405 2302 2472 2356 Et
2507 2303 2550 2356 si
2572 2305 2761 2372 justus
2793 2304 2881 2357 vix
2910 2305 3182 2369 salvatur,
3210 2307 3414 2376 impius

1833 2400 1889 2444 et
1912 2399 2172 2458 peccator
2197 2391 2289 2443 ubi
2317 2390 2628 2458 parebunt?
2649 2392 2851 2446 Paulus
2871 2392 3212 2448 Corinthiis:
3237 2415 3254 2445 ι
3279 2397 3413 2451 Pro-

1833 2490 1958 2550 pter
2005 2481 2109 2535 hoc
2161 2482 2309 2535 inter
2340 2496 2442 2535 vos
2477 2483 2635 2536 multi
2668 2482 2869 2536 infirmi
2902 2495 2960 2540 et
2989 2484 3319 2547 imbecilles.
3356 2497 3414 2542 et

1832 2571 2119 2626 dormiunt
2149 2573 2330 2626 multi.
2396 2573 2451 2628 Si
2487 2575 2638 2628 enim
2686 2590 2787 2628 nos
2823 2575 2974 2644 ipsos
3001 2577 3407 2646 judicaremus,

1832 2680 1940 2719 non
1991 2666 2184 2733 utique
2223 2666 2640 2734 judicaremur;
2692 2667 2824 2720 dum
2855 2678 3040 2722 autem
3068 2671 3409 2740 judicamur,

1831 2771 1861 2809 a
1909 2757 2140 2810 Domino
2181 2758 2556 2825 corripimur,
2623 2768 2686 2812 ut
2736 2775 2848 2813 non
2903 2776 3028 2815 cum
3069 2762 3174 2818 hoc
3201 2766 3410 2820 mundo

1830 2847 2268 2902 damnemur‘b
2300 2849 2554 2903 Rursus:
2586 2870 2601 2900 ι
2625 2850 2752 2905 Dies
2776 2852 3018 2916 Domini,
3038 2863 3302 2924 tanquam
3320 2856 3410 2912 fur

1831 2939 1886 2992 in
1918 2950 2102 3004 nocte,
2139 2941 2215 2994 ita
2247 2934 2453 2995 veniet.
2493 2942 2631 2996 Cum
2660 2954 2844 2998 autem
2876 2945 3125 3001 dixerint
3162 2965 3175 3001 :
3212 2950 3320 3004 Pax
3354 2962 3411 3006 ct

1829 3032 2105 3086 securitas
2135 3070 2150 3092 ,
2207 3039 2338 3086 tunc
2374 3033 2702 3101 repentinus
2734 3038 3093 3105 superveniet
3119 3041 3203 3095 eis
3231 3041 3409 3096 inter-

1830 3123 1944 3177 itus
1973 3123 2038 3177 ".
2065 3142 2083 3175 ι
2148 3123 2254 3180 Sed
2285 3135 2341 3179 et
2368 3126 2508 3180 alius
2540 3144 2552 3179 :
2590 3146 2607 3178 ι
2634 3126 2714 3180 Ne
2743 3127 2975 3195 dixeris,
3013 3132 3142 3200 quia
3173 3135 3409 3190 misera-

1830 3216 1912 3269 tio
1933 3215 2152 3270 Domini
2193 3217 2384 3279 multa,
2407 3217 2752 3272 multitudini
2778 3231 3131 3289 peccatorum
3157 3239 3410 3281 meorum

1835 3307 2251 3377 propitiabitur.
2268 3308 2647 3364 Misericordia
2667 3321 2724 3365 et
2742 3312 2823 3366 ira
2846 3315 2992 3382 apud
3007 3330 3137 3370 eum
3160 3318 3404 3372 sunt‘lm

1833 3399 2037 3452 Iterum
2095 3416 2109 3452 :
2169 3418 2187 3448 ι
2224 3399 2302 3454 Ne
2347 3401 2535 3455 tardes
2571 3405 2823 3459 converti
2867 3406 2936 3459 ad
2961 3407 3300 3476 Dominum,
3353 3421 3410 3466 et

1830 3503 1900 3542 ne
1942 3488 2171 3543 diﬂ‘eras
2217 3490 2286 3544 de
2326 3490 2415 3545 die
2461 3493 2516 3546 in
2557 3493 2753 3561 diem;
2810 3498 3117 3552 secundum
3153 3502 3408 3557 multitu-

1830 3581 2018 3634 dinem
2035 3582 2434 3636 misericordia:
2452 3585 2594 3654 ejus,
2613 3586 2688 3640 ita
2709 3595 2766 3641 et
2789 3588 3098 3660 increpatio
3115 3593 3368 3664 ipsius".
3383 3617 3402 3650 ι

1831 3674 2021 3728 Virum
2040 3676 2347 3729 secundum
2370 3679 2760 3747 Operajudicat
2805 3682 3060 3740 Ezechiel
3083 3706 3096 3741 :
3125 3709 3141 3739 ι
3168 3689 3224 3744 Si
3249 3707 3411 3746 aver-

1829 3782 1925 3821 sus
1953 3766 2126 3822 fuerit
2147 3769 2331 3837 justus
2361 3785 2393 3822 a
2420 3771 2635 3839 justitia
2662 3788 2788 3837 sua,
2826 3786 2881 3828 et
2913 3776 3110 3833 fecerit
3136 3781 3405 3853 iniquita-

1829 3867 1939 3911 tem
1968 3897 1981 3918 ,
2038 3874 2232 3913 omnes
2270 3861 2503 3929 justitia:
2534 3863 2654 3931 ejus
2690 3880 2802 3919 non
2832 3871 3304 3939 recordabuntur,
3345 3879 3402 3933 in

1827 3956 2055 4016 peccato
2081 3963 2182 4001 suo
2211 3949 2502 4002 morietur.
2559 3951 3039 4026 Unumquemqne,
3070 3961 3226 4030 juxta
3256 3965 3402 4019 viam

1826 4053 1981 4090 suam
2036 4039 2090 4091 in
2131 4054 2237 4108 qua
2287 4039 2554 4094 invenero
2597 4057 2755 4106 eum,
2803 4047 3087 4115 judicabo,
3124 4051 3259 4107 dicit
3287 4056 3400 4108 Do-

1825 4130 2010 4182 minus
2035 4130 2097 4182 ".
2130 4149 2148 4180 ι
2193 4130 2394 4184 Paulus
2422 4132 2550 4184 item
2595 4150 2610 4185 :
2659 4153 2676 4184 ι
2709 4136 2896 4204 Itaque
2933 4155 3001 4192 ne
3030 4141 3395 4209 dormiamus,

1825 4220 1920 4274 sed
1947 4221 2240 4289 vigilemus
2269 4230 2324 4274 et
2355 4221 2526 4276 sobrii
2556 4224 2751 4278 simus.
2782 4228 2884 4292 Qui
2911 4231 3060 4284 enim
3087 4233 3394 4301 dormiunt,

1824 4322 1986 4366 nocte
2037 4313 2354 4378 dormiunt;
2415 4323 2471 4368 et
2524 4317 2616 4384 qui
2663 4319 2801 4371 ehrLi
2844 4331 3004 4384 sunt,
3056 4334 3219 4382 nocte
3249 4329 3395 4384 ebrii

1822 4414 1952 4458 sunt
1977 4406 2039 4457 ".
2061 4423 2078 4454 ι
2120 4404 2379 4461 lnducit:
2413 4427 2430 4458 ι
2456 4408 2612 4462 Sicut
2646 4410 2743 4463 lilii
2775 4412 2916 4466 lucis
2946 4415 3259 4480 ambulate,
3303 4436 3395 4476 re-

1822 4499 2093 4552 dimentes
2125 4508 2372 4567 tempus,
2423 4501 2553 4569 quia
2582 4501 2703 4555 dies
2729 4505 2855 4557 mali
2882 4515 3011 4559 sunt
3036 4507 3098 4561 ¹⁶.
3133 4529 3152 4561 ι
3197 4511 3304 4567 Sed
3338 4525 3394 4570 ει

147 4607 332 4652 σκετε,
367 4589 446 4641 ὅτι
476 4590 523 4640 εἰ
555 4589 667 4659 ᾔδει
696 4589 724 4640 6
747 4590 1136 4660 οἰκοδεσπότης
1161 4591 1289 4661 ποίᾳ
1311 4592 1526 4662 φυλακῇ
1552 4595 1577 4646 6
1598 4594 1721 4645 κλέ-

1832 4591 2088 4644 Dominus
2120 4608 2133 4642 :
2173 4610 2190 4640 ι
2226 4592 2458 4661 Vigilate
2483 4634 2496 4656 ,
2551 4595 2680 4663 quia
2714 4597 2945 4651 nescitis
2975 4613 3083 4667 qua
3111 4601 3246 4656 hora
3283 4607 3391 4660 Do-

145 4698 288 4750 πτης
321 4678 561 4748 Ξρχεται,
599 4681 980 4749 ἐγρηγόρησεν
1013 4681 1100 4745 ἂν,
1134 4683 1226 4733 καὶ
1260 4682 1359 4733 οὐκ
1420 4684 1601 4735 εἴασεν
1632 4685 1712 4735 δι-

145 4773 418 4838 ορυγῆναι
475 4769 573 4838 τὴν
621 4769 800 4820 οἰκίαν
838 4768 1028 4822 αὑτοῦ.
1060 4771 1157 4822 Διὰ
1206 4769 1366 4822 τοῦτο
1418 4773 1513 4825 καὶ
1553 4774 1711 4841 ὑμεῖς

143 4861 367 4927 γίνεσθε
411 4859 654 4928 ἕτοιμοι,
710 4860 813 4922 ὅτι,
924 4859 1045 4929 ὥρα
1080 4861 1142 4913 οὐ
1177 4861 1498 4926 γινώσκετε,
1537 4866 1563 4916 6
1590 4863 1716 4927 Υἱὸς

145 4951 239 5004 τοῦ
268 4950 559 5021 ἀνθρώπου
593 4952 829 5022 ἔρχεται.
857 4971 876 5002 ι
915 4953 1072 5021 Λύτῷ
1101 4955 1133 5020 ἡ
1160 4954 1288 5017 δόξα
1317 4955 1396 5016 είς
1425 4955 1551 5016 τοὺς
1582 4955 1716 5008 αἰῶ-

146 5061 241 5107 νας
273 5043 384 5096 τῶν
411 5043 644 5096 αἰώνων.
685 5043 879 5111 Ἀμήν.

740 5243 956 5294 ΑυΓοΣ
979 5245 1115 5309 AG".

691 5353 830 5420 Περὶ
859 5355 1162 5422 ὀκνηριάς.

223 5463 290 5517 Ἥ
319 5464 548 5535 ὀκνηρίσ
581 5467 937 5530 συνέζευκται
968 5470 1033 5536 τῇ
1063 5470 1318 5541 πονηρίᾳ.
1350 5489 1368 5521 ι
1389 5471 1552 5525 Δοῦλε
1575 5477 1703 5544 γὰρ,

241 5616 494 5688 ξῐγῐζοε.
548 5634 660 5682 xm,
713 5621 800 5674 15.
917 5620 1129 5676 ‘Prov.
1173 5640 1280 5688 xxx,
1337 5624 1424 5678 24.

148 5685 190 5715 ⁸⁸
220 5686 363 5740 Psal.
403 5685 559 5744 xxxv.
586 5691 639 5741 2.
756 5692 794 5722 ¹¹
835 5691 1029 5746 lPetr.
1063 5709 1134 5752 IV,
1172 5695 1253 5746 I7.

143 5756 357 5878 ;'.ibid.
391 5758 444 5810 8.
525 5759 602 5790 ‘“
639 5760 838 5815 Ezeelt.
878 5778 1026 5825 xvm,
1058 5764 1148 5825 2i,
1175 5765 1262 5817 50.

181 5845 236 5878 ’6.

463 5918 729 5979 ΡΑτιιοι..
774 5922 886 5980 Gn.
935 5922 1238 5984 LXXXIX.

1561 5629 1630 5658 M
1662 5628 1678 5682 I
1713 5629 1847 5697 Reg.
1903 5647 1960 5697 ιι,
2012 5632 2100 5685 50.

1369 5698 1408 5725 ¹¹
1448 5695 1618 5749 ICor.
1653 5715 1724 5762 xt,
1755 5695 1944 5753 30-52.

1378 5767 1419 5796 "
1458 5768 1473 5819 I
1509 5767 1702 5823 Thess.
1736 5785 1790 5835 ν,
1832 5771 1884 5832 6,
1946 5773 1993 5826 7.

1823 4683 2004 4735 mimis
2030 4691 2212 4736 vester
2240 4693 2509 4738 venturus
2531 4686 2619 4738 sit.
2649 4686 2785 4739 Illud
2808 4697 2990 4743 autem
3016 4692 3212 4748 scitote
3237 4698 3388 4766 quia,
3463 4753 3465 4755 ,

1820 4773 1864 4825 si
1896 4773 2064 4825 sciret
2094 4773 2489 4841 paterfamilias
2530 4791 2636 4844 qua
2669 4778 2852 4847 vigilia
2886 4779 2974 4833 fur
2998 4785 3247 4851 veniret,
3299 4791 3384 4843 vi-

1817 4866 2015 4934 gilaret
2033 4866 2246 4935 utique,
2276 4876 2330 4920 et
2356 4884 2462 4921 non
2481 4870 2694 4924 sineret
2713 4873 2928 4940 perfodi
2954 4877 3178 4932 domum
3205 4896 3384 4936 suam.

1813 4958 2163 5027 Quapropter
2211 4967 2266 5011 et
2313 4975 2410 5013 vos
2469 4971 2647 5015 estote
2682 4966 2882 5032 parati,
2921 4968 3070 5035 quia,
3108 4985 3214 5040 qua
3251 4972 3385 5026 hora

1814 5065 1919 5102 non
1957 5049 2185 5118 putatis,
2221 5049 2392 5103 Filius
2427 5050 2672 5108 hominis
2707 5055 2974 5111 veniet".
3007 5078 3024 5109 ι
3071 5061 3180 5130 Ipsi
3214 5062 3386 5131 gloria

1813 5138 1867 5192 in
1899 5141 2120 5192 saecula.
2153 5139 2349 5197 Amen.

2331 5255 2610 5311 IIOMIIJA
2643 5256 2882 5313 XXXVI.

2435 5370 2504 5422 De
2536 5373 2771 5440 pigritia.

1888 5479 2115 5548 Pigritia
2145 5480 2408 5548 nequitia:
2436 5482 2730 5550 conjuncta
2760 5493 2844 5538 est
2870 5493 2924 5539 et
2950 5485 3148 5540 amnis.
3178 5503 3197 5539 ι
3218 5489 3387 5546 Serve

2241 5634 2259 5663 "
2296 5634 2454 5687 Prov.
2494 5652 2604 5697 xix,
2660 5639 2746 5691 l6.

2058 5701 2151 5755 "I
2212 5703 2404 5757 Thess.
2445 5721 2497 5767 v,
2559 5708 2614 5767 2,
2676 5708 2726 5760 5.

2101 5772 2144 5803 ¹⁶
2173 5773 2375 5842 Eplies.
2415 5791 2466 5839 v,
2498 5776 2549 5839 8,
2582 5777 2666 5828 16.

2883 5641 2952 5672 '°’
2987 5642 3219 5698 Malach.
3257 5661 3296 5708 ι,
3331 5647 3382 5700 6.

2849 5709 2894 5739 ¹’δ
2968 5712 3135 5766 Eeeli.
3171 5731 3222 5778 ν,
3252 5715 3306 5776 6,
3333 5718 3384 5772 7.

2780 5780 2822 5809 ⁸⁸
2854 5780 3044 5836 Matth.
3075 5799 3221 5848 xxiv,
3284 5786 3384 5840 6‘2-

2949 5938 3020 5997 49
