4178 6436
191 421 318 486 1540

677 428 1003 489 ΗΟΜῘΙᾸΛ
1045 431 1336 489 XXXVII.
1371 455 1432 464 --
1464 430 1629 488 Λῡν.
1674 428 1755 487 ΟΡ

1875 429 2024 488 NON
2069 431 2249 488 ESSE
2278 431 2920 493 CONTENDENDUM.

3283 437 3303 498 l
3315 436 3418 501 550

185 541 256 602 ῶς
303 541 548 610 ἐργάτης
594 541 758 595 ἐστίν.
797 563 814 590 ι
882 543 991 610 Τὴν
1035 559 1093 594 τε
1145 543 1408 609 ἐργασίαν
1442 542 1515 604 ὡς
1549 542 1754 611 σεμνὴν

1859 541 2072 610 pigrum
2097 582 2112 602 ,
2170 557 2280 595 non
2329 544 2476 596 enim
2522 545 2714 598 volunt
2747 561 2943 598 manus
2973 547 3089 615 ejus
3120 547 3422 618 quidquam

187 634 453 694 ποιεῖται,
494 628 560 700 ἦς
596 635 718 695 τοὺς
753 632 948 694 πόνους
982 633 1218 701 βασιλεῖς
1253 637 1342 686 καὶ
1376 635 1580 686 ἰδιῶται
1616 634 1753 701 πρὸς

189 722 394 788 ὑγίειαν
427 723 851 791 προσφέρονται.
891 725 997 776 Καὶ
1032 725 1192 776 πάλιν
1213 743 1225 754 ο
1251 742 1268 773 ι
1301 725 1442 785 Ἕως
1473 724 1632 787 τίνος,
1665 725 1753 775 ὀκ-

184 828 243 879 νη
255 810 332 876 ρὲ,
351 812 708 876 κατάκεισαι;
731 814 858 863 πότε
884 811 938 862 δὲ
959 813 1015 874 ἐξ
1039 812 1208 863 ὕπνου
1230 812 1532 881 ἐγερθήσῃι
1559 812 1753 880 μικρὸν

186 902 477 971 κοιμάσαι,
528 903 704 971 ὀλίγον
750 902 806 953 δὲ
855 903 1189 974 ὲναγιιαλίζῃ
1219 905 1375 972 χερσὶ
1404 903 1594 971 στήθη.
1629 920 1646 952 ι
1687 932 1754 940 —

190 1016 205 1046 ι
233 992 362 1047 Εἶτα
394 997 764 1066 παραγίνεταί
794 1013 874 1048 σοι
905 997 936 1065 ἡ
967 997 1148 1058 πενία,
1176 999 1266 1048 καὶ
1293 1000 1324 1066 η
1349 995 1753 1064 ἔνδεια,ῶσπερ

184 1090 380 1155 ἀγαθὸς
408 1090 700 1158 δρομεύς.»
743 1090 800 1142 Ὀ
829 1091 885 1142 δὲ
924 1090 1193 1159 Ἱερεμίας
1221 1092 1416 1160 φησίνο
1454 1109 1472 1140 ι
1497 1091 1754 1159 Ἑκοιμή-

185 1182 352 1249 θημεν
388 1183 447 1232 ἐν
481 1185 546 1252 τῇ
578 1183 806 1253 αἰσχύνῃ
834 1183 994 1252 ἡμῶν
1017 1222 1030 1244 ,
1086 1185 1182 1237 καὶ
1229 1183 1574 1252 ἐπεκάλυψεν
1609 1185 1754 1254 ἡμᾶς

186 1273 215 1340 ἠ
258 1273 449 1340 ἀτιμία
495 1273 670 1342 ἡμῶν.
728 1277 866 1326 Οὐαὶ
913 1277 1044 1343 ἡμῖν
1093 1277 1174 1328 ὅτι
1221 1276 1694 1345 ταλαιπωροῦμεν.
1731 1295 1748 1325 ι

185 1364 343 1429 Λέγει
371 1365 428 1416 δὲ
467 1365 562 1416 καὶ
593 1365 748 1428 ἄλλος
773 1383 785 1394 ·
853 1383 870 1413 ι
903 1366 1049 1433 Λὶοῳ
1076 1366 1447 1436 ἡρδαλωμένῳ
1473 1383 1754 1435 παρασυνο

185 1457 385 1524 εδλῄθη
418 1459 445 1508 6
470 1457 702 1528 ὀκνηρὸς
727 1498 742 1520 ,
799 1459 892 1509 καὶ
926 1460 1032 1519 πᾶς
1066 1461 1313 1526 ὲκσυριεῖ
1341 1460 1433 1510 ἐπὶ
1463 1462 1530 1528 τῇ
1561 1458 1756 1528 ἀτιμία

187 1550 365 1601 αὐτοῦ.
396 1571 414 1600 ι
481 1553 592 1602 Καὶ
640 1548 832 1613 αὖθις·
895 1571 913 1602 ι
957 1550 1384 1619 Ὀνειδιζόμενος
1414 1552 1643 1620 ὀκνηρὸς
1693 1552 1753 1602 ού

187 1642 632 1710 καταισχύνεται.
687 1643 928 1712 Βολϐίτῳ
955 1643 1063 1712 γὰρ
1096 1642 1328 1710 κοπρίας
1356 1641 1753 1712 παρομοιοῦται

185 1735 210 1784 6
236 1733 490 1800 ὀκνηρός.
529 1752 546 1782 ι
593 1733 1057 1802 Ἀποῦαλλώμεθα
1101 1729 1217 1794 οὖν,
1257 1733 1499 1799 ἀδελφοὶ,
1537 1734 1636 1800 ὃση
1665 1732 1755 1783 δύ-

187 1839 342 1891 ναμις
376 1823 480 1892 τὴν
508 1824 770 1892 ὀκνηρίαν
806 1823 899 1874 καὶ
925 1824 1024 1890 τὴν
1050 1824 1268 1891 ἀργίαν,
1305 1822 1389 1874 ἵνα
1425 1821 1497 1892 μὴ
1527 1820 1626 1888 τῆς
1657 1821 1751 1888 βα-

190 1915 391 1978 σιλείας
446 1916 556 1967 τῶν
603 1915 848 1984 οὐρανῶν
897 1915 1283 1983 στερηθῶμεν,
1342 1915 1407 1982 τῇ
1455 1913 1511 1965 δὲ
1559 1913 1755 1983 γεέννῃ

1861 1912 2068 1965 nius”.
2099 1930 2116 1960 ι
2177 1911 2333 1964 Alius
2366 1911 2497 1963 item
2552 1927 2565 1961 :

187 2004 276 2056 τοῦ
323 2007 498 2075 πυρὸς
552 2005 1067 2074 παραπεμφοῶμεν.
1134 2005 1480 2072 Ἀκούσωμεν
1524 2001 1616 2055 οὖν
1661 2002 1754 2054 τοῦ

199 2096 523 2150 ’Λποστὸλου
557 2096 1019 2166 πμόουλεύοντος
1040 2113 1054 2126 ο
1094 2115 1111 2146 ι
1137 2097 1214 2164 Τῇ
1248 2096 1450 2163 σπουδῇ
1489 2095 1563 2162 μὴ
1593 2096 1756 2162 ὀκνη-

189 2188 288 2254 pol,
334 2187 414 2257 τῷ
466 2189 744 2256 πνεύματι
796 2187 1126 2254 ξέοντες,τῶ
1151 2187 1337 2256 Κυρίῳ
1357 2185 1751 2248 δουλεύοντες.»

187 2279 494 2342 ιι)’ά)ι).οντες
523 2281 580 2332 δὲ
612 2282 702 2332 καὶ
739 2280 874 2348 μετὰ
903 2279 997 2332 τοῦ
1025 2281 1186 2333 Δαυῖδ
1205 2296 1217 2309 ο
1263 2297 1280 2328 ι
1314 2277 1614 2346 Εὐλογητὸς
1643 2277 1756 2329 Κύ-

192 2387 328 2439 ριος,
363 2373 392 2422 6
424 2371 560 2433 Θεός
597 2389 697 2439 μου
721 2412 734 2431 ,
788 2373 816 2422 6
858 2371 1127 2424 διδάσκων
1174 2370 1272 2432 τὰς
1311 2369 1498 2439 χεῖράς
1535 2385 1634 2436 μου
1679 2369 1757 2427 εἰς

189 2463 495 2532 παράταξιν
520 2504 533 2526 ,
589 2464 684 2516 καί
715 2465 840 2525 τοὺς
869 2462 1166 2522 δακτύλους
1199 2479 1300 2529 μου
1332 2463 1409 2523 εἰς
1439 2461 1698 2527 πόλεμον.
1732 2475 1753 2510 ι

188 2552 518 2621 Φοϐηθῶμεν
547 2554 607 2605 τὸ
635 2553 941 2621 ὑπόδειγμα
966 2553 1058 2604 τοῦ
1083 2552 1391 2620 κρύψαντος
1417 2551 1478 2602 τὸ
1499 2551 1757 2603 τάλαντον

187 2644 262 2706 εἰς
305 2644 403 2712 τὴν
447 2645 572 2712 γῆν,
614 2645 701 2694 ἶνα
737 2646 812 2712 μὴ
842 2643 1166 2712 ἀκούσωμεν
1201 2643 1353 2710 παρὰ
1387 2640 1479 2692 τοῦ
1511 2639 1716 2708 Κυρίου
1740 2653 1753 2666 ⁸

194 2752 211 2785 ι
244 2735 403 2787 Δοῦλε
453 2735 661 2804 πονηρὲ
709 2736 804 2787 καὶ
842 2733 1062 2805 ὀκνηρέ.
1094 2754 1109 2782 ι
1173 2733 1318 2785 Καί·
1380 2751 1396 2781 ι
1429 2733 1628 2797 Ἀρατε
1661 2730 1756 2781 ἀπ’

191 2825 349 2877 αὐτοῦ
376 2825 438 2878 τὸ
463 2825 748 2888 τάλαντον,
781 2826 873 2877 καὶ
900 2826 990 2876 τὸν
1015 2827 1233 2894 ἀχρεῖον
1260 2822 1441 2874 δοῦλον
1465 2821 1757 2873 ἐκϐάλλετε

188 2915 264 2976 είς
305 2915 363 2967 τὸ
411 2915 683 2984 ἐξώτερον
739 2917 948 2976 σκότος.
991 2915 1138 2965 Ἑκεῖ
1193 2913 1346 2965 ἔσται
1393 2914 1421 2964 6
1453 2911 1754 2980 κλαυθμὸς,

191 3007 277 3059 καὶ
304 3009 330 3059 6
357 3007 606 3076 βρυγμὸς
637 3006 744 3058 τῶν
771 3006 1019 3058 ὀδόντων.
1037 3025 1052 3055 ι
1093 3005 1250 3057 Ἀλλά
1285 3004 1484 3072 μᾶλλον
1518 3003 1758 3054 σπουδά-

191 3115 364 3166 σωμεν
399 3098 636 3150 ἀκοῦσαι
667 3098 728 3150 τό
755 3115 769 3129 ο
836 3117 853 3149 ι
889 3095 960 3150 Εὖ
983 3141 995 3161 ,
1048 3097 1202 3149 δοῦλε
1235 3095 1413 3164 ἀγαθὲ
1447 3096 1542 3148 καὶ
1572 3093 1752 3156 πιστὲ,

191 3190 276 3242 ἐπὶ
320 3191 480 3258 ὀλίγα
532 3187 611 3253 εἰς
655 3193 842 3251 πιστὸς
866 3233 880 3254 ,
938 3192 1031 3243 ἐπὶ
1063 3188 1275 3241 πολλῶν
1312 3187 1371 3239 σὲ
1403 3187 1753 3254 καταστήσω,

1861 634 2078 700 operari
2103 635 2200 686 ".i
2233 634 2478 702 itemque
2510 653 2520 686 :
2554 654 2570 685 ι
2597 635 2742 689 Vade
2769 634 2835 688 ad
2863 635 3165 702 formicam,
3191 655 3222 690 ο
3247 640 3422 710 piger,

1861 732 1917 776 et
1943 723 2163 778 imitare
2196 725 2313 777 vias
2342 725 2552 794 ejus,et
2585 725 2674 778 illa
2700 733 2822 779 esto
2852 726 3153 793 sapientior
3174 729 3240 779 ’⁷.
3268 749 3284 779 ι
3329 729 3424 782 lila

1858 815 2028 876 enim,
2064 831 2187 868 cum
2254 817 2304 870 ei
2373 833 2480 868 non
2527 827 2781 885 suppetat
2814 819 2920 871 ulla
2949 818 3290 887 agricnlatio,
3330 836 3426 874 ne-

1860 923 1966 974 que
1999 907 2206 961 habens
2238 908 2330 976 qui
2364 925 2421 961 se
2449 923 2516 960 eo
2544 908 2748 963 laboris
2773 911 2990 980 adigat,
3046 919 3199 979 parat
3233 914 3427 968 messis

1864 1011 2104 1066 tempore
2140 1000 2344 1052 cibum.
2401 1001 2603 1052 lterum
2660 1017 2671 1052 ε
2730 1020 2747 1051 ι
2798 1003 2966 1070 Perge
3015 1002 3081 1055 ad
3125 1003 3424 1071 apicuiam,

1861 1107 1894 1143 0
1944 1093 2137 1160 piger,
2192 1099 2246 1144 et
2295 1092 2443 1144 disce
2485 1108 2651 1160 quam
2685 1093 2798 1146 hme
2844 1095 3078 1146 solerter
3103 1110 3167 1147 ac
3197 1103 3428 1148 strenue

1862 1193 2136 1250 operetur.
2172 1201 2190 1232 ι
2242 1181 2391 1250 Opus
2419 1183 2545 1236 facit
2573 1198 2704 1237 sane
2735 1199 2896 1252 quam
2931 1185 3211 1237 munditiae
3242 1194 3296 1237 et
3326 1185 3427 1236 ho—

1861 1275 2092 1327 nestatis
2117 1277 2365 1343 plenum,
2403 1276 2560 1343 cujus
2589 1275 2808 1328 labores
2842 1291 2997 1344 reges
3023 1277 3175 1344 juxta
3203 1293 3265 1330 ac
3291 1277 3430 1329 idio-

1864 1373 1930 1418 tae
1963 1365 2229 1418 adhibent
2266 1366 2479 1417 tuenda:
2505 1365 2747 1418 sanitati.
2808 1365 2941 1418 item
2987 1383 2998 1417 :
3050 1385 3066 1415 ι
3108 1367 3423 1435 Usquequo,

1862 1456 2035 1525 piger,
2061 1457 2338 1510 dormies?
2362 1456 2583 1524 quando
2610 1456 2676 1509 de
2712 1473 2904 1509 somno
2945 1458 3381 1528 expergisceris?
3405 1479 3422 1509 ι

1859 1557 1966 1600 etc.
2030 1568 2047 1599 ι
2094 1549 2287 1601 Postea
2340 1547 2595 1601 adveniet
2639 1549 2736 1600 tibi
2782 1561 3073 1616 paupertas
3105 1562 3160 1603 et
3188 1559 3425 1620 egestas.

1863 1647 2119 1708 tanquam
2143 1640 2322 1693 bonus
2339 1655 2532 1693 cursor
2552 1640 2614 1690 ²⁸.
2633 1658 2647 1684 ι
2662 1640 2872 1709 1087
2889 1640 3157 1694 Jereinias
3175 1658 3422 1712 quoque:

1869 1748 1885 1779 ι
1917 1731 2286 1784 Dormivimus
2321 1731 2374 1782 in
2405 1731 2728 1784 confusione
2758 1739 2965 1788 nostra.
3002 1741 3057 1784 et
3085 1732 3306 1800 operuit
3329 1743 3429 1787 nos

1862 1821 2162 1890 ignominia
2197 1831 2385 1874 nostra
2439 1838 2451 1873 :
2482 1821 2572 1873 Va:
2604 1820 2764 1873 nobis
2798 1822 2924 1888 quia
2959 1821 3142 1874 miseri
3177 1822 3303 1876 facti
3330 1839 3424 1876 su-

2625 1930 2640 1958 ι
2682 1909 2872 1977 Lapidi
2912 1911 3124 1978 polluto
3172 1927 3426 1979 exaequa-

1859 2011 1947 2056 tus
1977 2013 2061 2055 est
2088 2003 2260 2071 piger,
2302 2009 2356 2053 et
2387 2001 2568 2053 omnis
2594 2000 2906 2053 cxsihilabit
2932 2015 3100 2069 super
3126 2001 3426 2069 ignominia

1857 2095 2090 2163 ejus”.i
2121 2094 2322 2147 lterum
2353 2111 2364 2144 :
2398 2111 2412 2140 ι
2445 2092 2624 2159 Piger,
2653 2092 2754 2143 etsi
2782 2091 3096 2158 opprobriis
3121 2093 3424 2160 oppetitur,

1857 2185 1994 2238 nihil
2047 2194 2229 2237 tamen
2286 2183 2645 2251 suppudescit
2704 2198 2718 2233 :
2773 2181 2938 2233 boum
2991 2183 3139 2235 enim
3197 2185 3425 2236 stercori

1858 2282 2208 2343 comparatus
2241 2281 2324 2326 est
2353 2273 2506 2341 piger
2531 2272 2593 2325 ".
2629 2291 2646 2322 ι
2692 2271 2829 2324 Toto
2859 2271 3028 2339 igitur
3054 2281 3277 2335 conatu,
3315 2273 3426 2325 fra-

1861 2375 2000 2427 tres,
2059 2365 2483 2417 suhnioveainus
2530 2378 2629 2414 nos
2680 2361 2747 2413 ab
2793 2361 2894 2414 hac
2942 2362 3135 2414 incerti
3176 2361 3428 2416 socordia

1859 2465 2023 2524 atque
2050 2455 2187 2516 otio,
2226 2470 2292 2506 ne
2329 2468 2429 2505 nos
2459 2453 2554 2505 illo
2581 2467 2750 2520 regno
2780 2451 2992 2519 privet,
3029 2451 3197 2520 inque
3224 2451 3429 2521 gehen-

1859 2563 1984 2600 nam
2021 2547 2160 2616 ignis
2213 2555 2335 2615 agat
2368 2545 2683 2613 pnecipites
2714 2560 2775 2597 ac
2805 2545 3083 2597 deturbet.
3122 2545 3429 2598 Audiamus

1859 2639 2104 2706 Apostoli
2128 2636 2444 2698 consilium,
2468 2635 2704 2688 dicentis
2731 2653 2742 2686 :
2777 2655 2792 2685 ι
2816 2635 3198 2690 Sollicitudine
3217 2650 3326 2689 non
3347 2635 3430 2704 pi-

1857 2731 1962 2798 gri,
1993 2729 2190 2797 spiritu
2216 2727 2512 2789 ferventes,
2545 2726 2776 2778 Domino
2800 2727 3108 2779 servientes
3126 2727 3222 2778 ".i
3255 2726 3427 2780 David

1859 2835 2077 2889 quoque
2107 2819 2253 2871 hunc
2284 2818 2337 2870 in
2366 2817 2586 2869 modum
2612 2818 2990 2870 concinentem
3016 2817 3423 2871 auscultemus:

1867 2929 1884 2960 ι
1921 2908 2253 2964 Benedictus
2311 2907 2578 2961 Dominus
2612 2908 2706 2975 qui
2760 2907 2921 2960 docet
2954 2922 3150 2960 manus
3179 2922 3327 2961 meas
3357 2907 3424 2961 ad

1858 3004 2129 3073 pralium,
2166 3011 2222 3056 et
2255 3002 2455 3070 digitos
2487 3017 2637 3055 nieos
2670 3001 2736 3054 ad
2765 3001 2970 3055 bellum
2991 3002 3089 3053 “.i
3128 3001 3424 3056 Terrorem

1860 3094 2021 3146 nobis
2041 3094 2274 3147 incutiat
2299 3093 2443 3146 servi
2469 3093 2619 3146 illius
2641 3093 2976 3160 exemplum,
3000 3093 3094 3162 qui
3118 3093 3223 3146 sibi
3246 3094 3427 3149 credi-

1862 3191 1977 3237 tum
2001 3185 2264 3237 talentum
2301 3182 2497 3234 infodit
2521 3181 2711 3243 humo,
2745 3192 2800 3235 et
2824 3183 3088 3246 occuluit,
3131 3183 3425 3253 nequando

190 3283 388 3334 εἴσελθε
423 3285 504 3342 εἰς
523 3282 618 3351 τὴν
647 3283 822 3350 χαράν
847 3281 941 3333 τοῦ
973 3280 1177 3350 Κυρίου
1205 3296 1352 3331 σου.)
1390 3275 1547 3346 Δύτῷ
1573 3276 1751 3345 ὴδὸξα

1851 3275 2044 3329 audire
2069 3276 2351 3344 contingat
2381 3289 2410 3326 a
2443 3283 2648 3328 nostra:
2677 3274 2922 3326 omnium
2951 3275 3170 3330 vindice
3199 3276 3424 3330 salutis:

188 3375 264 3435 εἰς
290 3374 412 3434 τοὺς
439 3374 665 3434 αἰῶνας.
713 3373 910 3441 Ἀμήν.

1866 3385 1883 3416 ι
1915 3366 2083 3419 Serve
2114 3365 2253 3416 male
2278 3372 2332 3416 et
2359 3363 2626 3431 piger“.i
2663 3363 2766 3416 Et:
2798 3381 2815 3413 ι
2843 3364 3042 3418 Tollite
3070 3365 3137 3419 ab
3160 3382 3227 3420 eo
3253 3367 3428 3420 talen-

191 3469 410 3521 tum'h
449 3469 563 3522 Et:
601 3486 619 3518 ι
651 3467 807 3521 iiunc
838 3465 1088 3519 inutilem
1116 3478 1336 3517 servum
1369 3460 1552 3530 ejicite
1585 3460 1638 3513 in
1703 3459 1960 3511 tenebras
2005 3457 2327 3511 exteriores.
2390 3454 2469 3508 ibi
2519 3455 2626 3507 erit
2671 3455 2832 3509 fletus
2892 3464 2947 3509 et
3013 3456 3221 3510 stridor
3283 3456 3425 3513 den-

191 3562 318 3614 tium
336 3562 434 3614 ³⁸.»
467 3561 816 3614 Festinemus
843 3575 942 3626 pro
966 3558 1135 3621 virili,
1157 3554 1452 3625 aliquando
1511 3564 1571 3609 ut
1611 3552 1799 3605 audire
1837 3551 2115 3620 contingat
2143 3567 2155 3602 :
2187 3569 2204 3598 ι
2235 3550 2408 3618 Euge,
2457 3563 2616 3601 serve
2641 3548 2786 3602 bone
2810 3557 2865 3603 et
2890 3549 3090 3613 ﬁdelis.
3109 3566 3277 3621 super
3292 3567 3421 3621 pau-

190 3668 248 3706 ca
281 3653 430 3707 fuisti
462 3652 672 3713 fidelis,
711 3665 878 3720 super
907 3649 1074 3703 multa
1106 3658 1156 3703 te
1186 3647 1517 3701 constituam
1553 3662 1565 3698 :
1601 3645 1742 3697 intra
1783 3643 1836 3695 in
1868 3641 2128 3710 gaudium
2171 3640 2387 3696 Domini
2426 3640 2503 3692 tui
2561 3641 2626 3692 ³’.
2657 3658 2675 3689 ι
2738 3639 2845 3710 Ipsi
2877 3642 3048 3712 gloria
3079 3643 3136 3697 in
3195 3645 3422 3702 secula.

192 3745 377 3802 Amen.

775 3879 991 3931 ΛΟΓΟΣ
1038 3877 1157 3931 ΛΖ’.

391 3993 531 4059 Περί
568 3990 673 4044 τοῦ
702 3989 787 4058 μὴ
807 3990 1015 4057 ἐρίζειν
1036 3991 1186 4057 μετὰ
1210 3989 1537 4043 δυνάστου.

265 4189 398 4242 Ὑπὸ
425 4190 529 4258 τῆς
555 4189 707 4252 θείας
734 4189 956 4259 Γραφῆς
985 4189 1357 4258 παιδευόμεθα
1380 4191 1460 4243 ὅτι
1487 4190 1752 4260 ἀσύμφωο

192 4299 273 4334 νον
294 4283 423 4352 ἡμῖν
451 4284 601 4335 ἐστιν
632 4283 770 4351 μετά
801 4282 1060 4334 δυνάστου
1092 4282 1406 4350 ἐρίζειν.οὑ
1435 4283 1543 4352 γὰρ
1575 4282 1750 4334 ἱκανοί

194 4374 350 4442 ἐσμεν
389 4373 646 4444 κριθῆναι
707 4375 842 4442 μετά
898 4373 1256 4442 ἀσυγκρίτου.
1284 4374 1497 4442 Ὠσπερ
1535 4375 1643 4443 γάρ
1700 4375 1748 4425 oi

194 4465 374 4519 τέλειοι
412 4465 594 4536 ἰχθύες
619 4465 1027 4534 ἐφεδρεύοντες,
1051 4465 1388 4533 κατάϐρωμα
1419 4464 1595 4517 αὐτῶν
1621 4467 1748 4525 τοὺς

194 4555 408 4623 ἥττονας
441 4554 688 4608 ποιοῦσιν
713 4555 919 4623 ἰχθύας,
938 4554 1110 4614 οὕτως
1139 4555 1230 4606 καὶ
1257 4555 1304 4604 οἰ
1339 4555 1552 4606 δυνατοὶ
1576 4555 1746 4622 εὐμα-

2335 3873 2620 3928 HOMILIA
2662 3872 2926 3927 XXXVII.

1852 3989 2108 4043 Adversus
2132 3989 2408 4059 optimates
2442 3998 2490 4041 et
2537 3989 2809 4110 thefectos
2836 4005 2939 4040 non
2973 4004 3081 4041 esse
3104 3992 3424 4044 contenden-

2597 4076 2703 4110 um.

2597 4076 2703 4110 um.

1921 4193 2134 4248 Divinis
2165 4192 2392 4248 Litteris
2423 4193 2729 4257 erudimur,
2758 4208 2824 4244 ne
2858 4208 2982 4246 cum
3019 4208 3085 4246 eo
3114 4194 3206 4262 qui
3233 4195 3420 4264 publi-

1845 4301 1908 4340 ca
1933 4285 2182 4354 fungitur
2207 4284 2559 4344 auctoritate,
2598 4283 2926 4337 velitaribus
2959 4285 3148 4338 verbis
3177 4295 3272 4339 aut
3306 4287 3418 4340 liti-

1845 4377 1950 4431 bus
2013 4374 2414 4428 confiictemur.
2478 4374 2761 4444 Ejusmodi
2842 4375 2991 4428 enim
3073 4379 3418 4431 contentiosa

1845 4469 2092 4523 velitatio
2139 4483 2262 4521 cum
2313 4474 2543 4536 potente
2593 4467 2853 4534 quopiam
2891 4467 3028 4519 adeo
3067 4467 3208 4521 nihil
3257 4469 3420 4522 affert

1845 4557 2142 4619 commodi,
2169 4566 2230 4609 ut
2252 4555 2624 4610 incommodet
2650 4557 2968 4624 plurimum.
2999 4556 3246 4612 lnidonei
3269 4560 3418 4612 enim

201 4645 300 4714 ρῶς
329 4647 540 4716 ἔχουσιν
578 4646 673 4698 τοῦ
703 4646 958 4714 ἀδικῆσαι
1013 4646 1136 4707 τοὺς
1166 4645 1479 4708 ἀδυνάτους.
1507 4646 1748 4715 Κέκτην-

1852 4663 1952 4702 nos
2011 4661 2114 4700 nec
2164 4646 2496 4701 sntiicientes
2529 4647 2622 4715 qui
2667 4662 2886 4700 causam
2925 4648 3137 4718 judicio
3166 4651 3418 4717 experia-

196 4753 278 4788 ται
324 4737 378 4789 δὶ
422 4737 517 4788 καί
546 4737 606 4788 τὸ
634 4735 841 4798 ἀπηνὲς
896 4735 990 4786 καί
1024 4736 1322 4802 ἀνάλγητον
1344 4753 1358 4768 ο
1386 4737 1480 4787 καὶ
1506 4735 1737 4805 διαρπά-

197 4825 364 4891 ζοντες
385 4829 453 4880 τὰ
483 4828 591 4880 τῶν
619 4828 869 4894 πενήτων
890 4867 902 4888 ,
938 4826 1260 4895 θηρεύματα
1291 4827 1426 4878 αύτά
1461 4826 1742 4894 ἡγοῦνται.

197 4917 263 4968 Ού
284 4919 389 4988 γὰρ
411 4919 589 4971 ἷσασιν
610 4918 701 4970 τοῦ
728 4917 842 4987 βίου
863 4919 924 4970 τὸ
945 4917 1157 4986 ἄδηλον.
1182 4919 1240 4968 Εἰ
1263 4918 1369 4988 γὰρ
1390 4919 1480 4970 καὶ
1503 4918 1742 4986 ᾔδεισαν,

195 5007 284 5060 οὐκ
327 5009 388 5060 ἂν
443 5009 511 5060 τὰ
567 5010 919 5078 ὑστερήματα
972 5008 1079 5059 τῶν
1123 5008 1316 5060 ἐνδεῶν
1366 5008 1744 5079 προστεθήιια-

198 5113 272 5149 σιν
299 5102 374 5163 εἱς
402 5100 462 5153 τὸ
491 5101 672 5152 αὐτῶν
702 5101 1068 5168 περίσσευμα.
1108 5100 1524 5170 ’Δγωνιζόμενοι
1557 5102 1744 5171 ῶσπερ

197 5191 463 5262 ἀκυρῶσαι
511 5194 612 5261 τὴν
645 5192 866 5261 ἐντολὴν
893 5193 987 5244 τοῦ
1042 5194 1366 5246 Ἀποστόλου
1416 5194 1738 5261 φάσκοντος,

196 5280 262 5331 Τὸ
315 5300 331 5330 ι
384 5283 537 5351 ὑμῶν
620 5283 967 5352 περίσσευμα
1031 5286 1109 5346 εἰς
1173 5285 1232 5336 τὸ
1286 5285 1570 5354 ὑστέρημα
1636 5287 1744 5338 τῶν

199 5373 432 5441 πτωχῶν.
475 5393 493 5425 ι
535 5373 728 5435 Καλῶς
785 5373 915 5441 γοῦν
973 5377 1005 5444 ἡ
1067 5375 1186 5428 θεία
1253 5376 1440 5444 Γραφὴ
1490 5380 1748 5444 παραινεῖ

197 5461 313 5528 ἡμῖν
341 5463 705 5530 φυλάττεσθαι
741 5465 849 5517 ἀπὸ
881 5464 988 5518 τῶν
1035 5467 1293 5518 τοιούτων
1319 5483 1332 5496 ·
1367 5468 1533 5536 φησὶν
1584 5469 1690 5536 γάρ
1726 5484 1738 5496 ·

203 5569 217 5600 ι
251 5555 332 5624 Μὴ
374 5557 728 5626 παρεκτείνου
777 5557 946 5626 πένης
993 5557 1068 5610 ῶν
1111 5559 1384 5612 πλουσίου.
1429 5579 1446 5609 ι
1486 5561 1745 5623 Ιιλούσιος

845 5756 888 5785 ’⁷
928 5756 1087 5809 Prov.
1127 5773 1196 5816 v1,
1230 5759 1280 5808 6.
1361 5756 1404 5786 "
1441 5755 1575 5809 ibid.
1604 5757 1658 5815 9.
1695 5757 1781 5808 Η.

774 5826 819 5858 ³³
851 5827 992 5879 Psal.
1031 5841 1208 5889 cum,
1245 5827 1288 5879 i.

284 5756 325 5782 ¹⁴
355 5755 510 5808 Prov.
539 5771 647 5816 ni,
679 5755 766 5808 25.

197 5818 238 5852 "
267 5823 412 5877 Rom.
451 5841 542 5888 xu,
577 5825 660 5878 li.

1406 5827 1448 5855 ”
1478 5825 1665 5878 Matth.
1708 5842 1825 5889 xxv,
1876 5827 1963 5880 ‘26.

1846 4757 1970 4792 mur
2012 4755 2136 4793 cum
2171 4739 2682 4808 incomparabiliter
2725 4739 2885 4792 nobis
2923 4739 3313 4794 eminentiore.
3346 4741 3416 4795 Ut

1842 4834 1988 4886 enim
2043 4833 2224 4900 pisces
2276 4833 2369 4900 qui
2417 4833 2526 4901 jam
2586 4830 2948 4884 adoleverunt
2986 4832 3133 4900 justa
3164 4833 3414 4900 corporis

1843 4925 2255 4992 magnitudine,
2287 4939 2352 4976 ex
2409 4922 2628 4977 insidiis
2677 4923 2966 4977 imminent
3016 4922 3260 4975 nondum
3313 4940 3414 4992 per

1841 5022 2054 5066 aatatem
2115 5012 2335 5072 adultis,
2367 5027 2477 5078 quo
2533 5011 2657 5065 illos
2696 5021 2890 5080 parent
2941 5012 2996 5064 in
3033 5027 3188 5065 suam
3222 5013 3413 5067 alimo-

1841 5105 1987 5158 niam
2025 5123 2039 5157 :
2071 5106 2146 5158 ita
2171 5114 2225 5157 et
2253 5105 2338 5159 isti
2378 5105 2644 5173 primores
2670 5120 2735 5157 ac
2756 5106 3106 5170 magistratus
3131 5105 3284 5159 nullo
3311 5122 3411 5160 suo

1842 5198 2062 5266 negotio
2113 5197 2298 5266 injurii
2353 5206 2482 5250 sunt
2548 5196 2600 5249 in
2656 5196 2908 5250 imbelles
2946 5206 3001 5250 et
3037 5197 3407 5265 opprimunt:

1841 5289 1934 5359 qui
1964 5290 2007 5342 si
2039 5288 2170 5357 quid
2198 5288 2566 5345 obtinuerint.
2599 5288 2858 5342 indemne
2892 5290 2999 5342 illis
3043 5289 3197 5342 dedit
3225 5301 3282 5344 et
3311 5290 3412 5344 im-

1843 5396 2019 5448 pune,
2072 5395 2249 5449 neque
2299 5381 2429 5434 hinc
2490 5381 2791 5450 quidquam
2860 5382 3109 5435 sentiunt
3157 5381 3407 5444 doloris,

1842 5472 1979 5525 adeo
2016 5479 2073 5524 ut
2103 5486 2227 5524 cum
2261 5479 2420 5540 rapto
2455 5471 2677 5537 vivant,
2713 5472 2958 5540 rapinam
2995 5488 3024 5525 a
3069 5473 3410 5542 pauperibus

1841 5562 1893 5613 vi
1943 5569 2247 5626 extortam,
2291 5577 2444 5614 suam
2472 5561 2739 5630 deputent
2795 5564 3142 5618 venationem
3180 5583 3192 5616 :
3230 5579 3410 5633 neque

1857 5757 1898 5786 ’³
1935 5758 2138 5810 Jerem.
2180 5774 2254 5812 ιιι.
2287 5758 2373 5811 95.

2077 5829 2118 5858 ³⁵
2155 5829 2289 5880 ibid.
2359 5828 2446 5880 28.

3113 5760 3151 5789 ³¹
3185 5759 3316 5812 ibid.
3348 5763 3404 5818 Ε).

3134 5830 3268 5883 ibid.
3311 5837 3400 5888 Ἡ.

2495 5759 2538 5790 ³⁰
2575 5760 2745 5813 Eceli.
2785 5775 2909 5820 xxii,
2951 5761 2994 5812 i.

2562 5832 2604 5861 ³ο
2639 5831 2770 5882 ibid.
2843 5831 2926 5882 su.
3034 5830 3074 5861 ιτ
