4178 6436
704 466 709 471 -
774 427 905 491 1551

2025 431 2387 493 ANTIOCHI
2435 431 2774 491 MONMIIII

3872 436 3897 496 1
3911 438 4024 498 552

765 538 916 592 enim
975 551 1159 591 secum
1206 549 1463 609 reputare
1520 550 1763 606 norunt,
1791 541 1903 594 vita
1941 540 2055 593 lucc
2086 556 2249 608 quam
2278 540 2341 593 sit

2448 538 2556 606 γὰρ
2601 539 2877 608 ἠδίκησεν,
2911 544 3003 592 καὶ
3033 540 3191 603 αὐτὸς
3240 544 3781 611 πωσενεόριμήιτατο
3813 562 3825 574 ⁸
3860 563 4025 598 πτω-

767 628 997 680 incerta.
1035 626 1232 696 Utique
1258 629 1300 682 si
1330 642 1577 694 nossent,
1613 646 1893 699 nunquam
1921 646 2340 699 supervacanea:

769 722 857 775 isti
874 735 988 774 sua:
1010 721 1181 790 c0pia:
1213 720 1433 775 fuerant
1451 722 1721 793 adjecturi
1748 722 2059 793 indigorum
2088 722 2341 790 inopum-

769 828 831 867 ve
872 813 1181 882 penuriam.
1220 812 1279 865 In
1316 813 1421 867 hoc
1450 812 1633 868 studia
1667 814 1849 868 locant
1879 831 2006 880 sua,
2036 826 2096 869 ut
2124 824 2341 883 aposto-

766 903 875 957 lico
900 903 979 956 illi
1018 901 1277 957 mandato
1316 904 1706 959 auctoritatem
1741 904 2035 959 detrahant
2067 913 2123 959 ct
2171 905 2341 958 abro-

767 1005 945 1065 gent:
992 1011 1011 1044 ι
1056 995 1248 1049 Vestra
1297 995 1635 1050 abundantia
1696 1012 2002 1067 pauperum
2091 998 2342 1066 suppleat

771 1089 954 1159 inopia
981 1089 1046 1144 ³⁸.
1094 1110 1112 1142 ι
1144 1092 1312 1145 Recte
1344 1090 1510 1160 igitur
1544 1090 1731 1143 divina
1757 1105 1859 1143 nos
1899 1091 2155 1144 admonet
2202 1089 2343 1143 Scri-

770 1191 954 1250 ptura,
980 1181 1207 1235 istorum
1234 1196 1590 1251 congressum
1616 1181 1932 1236 utvitemus
1961 1200 1972 1233 :
2000 1182 2133 1234 dicit
2155 1184 2300 1235 enim
2324 1200 2336 1234 :

775 1292 792 1321 ι
830 1274 908 1328 Ne.
955 1282 1006 1327 te
1052 1273 1322 1328 extendas
1372 1290 1544 1343 usque
1580 1275 1646 1328 ad
1683 1274 1934 1340 divitem,
1968 1290 2175 1343 pauper
2215 1292 2337 1329 eum

770 1366 844 1418 sis
887 1364 952 1416 ”.
989 1383 1005 1414 ι
1046 1364 1211 1419 Dives
1245 1365 1414 1427 enim,
1467 1365 1783 1435 quempiam
1820 1366 1864 1420 si
1897 1366 2099 1435 injuria
2130 1366 2338 1430 affecit,

771 1459 1157 1514 iuterminatur
1186 1476 1250 1514 ac
1282 1459 1500 1514 frendet
1531 1460 1609 1514 ira
1641 1478 1652 1512 :
1690 1475 1897 1528 pauper
1927 1476 2058 1512 vero
2086 1460 2339 1529 injuriam

767 1551 813 1604 si
866 1552 1151 1614 sustinuit,
1186 1552 1411 1621 insuper
1446 1562 1502 1607 et
1549 1553 1714 1607 minis
1762 1553 2101 1606 deterrctur.
2142 1570 2159 1601 ι
2198 1550 2339 1616 Quid

768 1644 938 1708 enim,
996 1645 1071 1697 ait
1106 1644 1417 1713 Scriptura,
1456 1645 1895 1699 communicabit
1934 1646 2043 1697 olla
2081 1645 2146 1697 ad
2177 1660 2338 1696 caca-

768 1736 937 1789 bum?
957 1736 1074 1805 Ipsa
1098 1737 1289 1805 utique
1316 1738 1530 1805 1088
1548 1738 1833 1806 impinget,
1853 1737 2123 1790 eteadem
2154 1745 2342 1789 conte-

2442 628 2532 697 χὸς
2560 630 2836 700 ήδίκηται,
2881 633 2972 684 καὶ
3026 633 3186 696 αὐτὸς
3246 635 3838 704 προσαπειληοήσεται.
3878 657 3900 688 ι
3953 639 4026 689 Τί

2441 718 2551 789 γὰρ
2594 724 2910 791 κοινωνήσει
2936 763 2949 786 ,
2988 726 3174 792 φησὶν,
3210 725 3381 795 χύτρα
3413 726 3551 795 πρὸς
3579 727 3815 796 λέϐητας
3856 732 4032 797 Αὐτὴ

2443 813 2824 881 προσκρούσει,
2863 815 2954 866 καί
2982 816 3118 884 αὐτὴ
3151 817 3589 886 συντριϐήσεται.
3622 837 3640 868 ι
3666 822 3799 887 Φησὶ
3826 823 3885 872 δὲ
3924 823 4030 873 καὶ

2442 907 2469 957 ὁ
2502 905 2942 975 Παροιμιαστής·
2984 926 2999 958 ι
3031 909 3121 978 Μὴ
3158 912 3517 978 παρεκτείνειν
3552 911 3720 978 πένης
3746 911 3821 963 ὢν
3845 912 4029 963 πλου-

2444 996 2563 1064 σίῳ,
2597 998 2691 1048 καὶ
2736 998 2811 1067 μὴ
2864 998 3044 1068 φάγῃς
3096 999 3188 1050 τὸν
3252 1000 3439 1069 ψωμόν
3487 1017 3581 1053 σου
3644 1002 3757 1069 μετ’
3814 1002 4021 1053 αὑτοῦ·

2443 1088 2690 1158 ἐξεμέσει
2740 1090 2848 1159 γὰρ
2903 1092 3084 1154 αὐτὸν,
3122 1092 3212 1143 καὶ
3262 1092 3492 1160 λυμανεί
3532 1095 3655 1155 τοὺς
3686 1094 3878 1159 λόγους
3922 1112 4025 1147 σου

2440 1181 2565 1243 τοὺς
2615 1182 2837 1244 καλούς.
2874 1201 2891 1233 ι
2931 1183 3037 1234 Καὶ
3064 1184 3094 1235 ὁ
3138 1185 3418 1253 προφήτης
3462 1184 3641 1254 Ἀμὼς
3673 1187 3799 1255 περί⁸
3826 1186 4025 1238 αὐτῶν

2442 1290 2606 1341 φησιν
2626 1290 2639 1301 ·
2672 1293 2690 1325 ι
2729 1274 3094 1337 Ἐκονδύλιζον
3122 1278 3198 1339 εἰς
3222 1275 3460 1344 κεφαλὰς
3490 1277 3740 1344 πτωχῶν,
3771 1277 3864 1329 καὶ
3895 1277 4028 1329 ὁδὸν

2441 1366 2712 1419 ταπεινῶν
2752 1367 3047 1431 ἐξέκλιναν,
3067 1363 3208 1420 οἶνον
3240 1371 3304 1420 ἐκ
3341 1368 3713 1435 συκοφαντιῶν
3741 1369 3930 1419 ἔπινον
3950 1385 3965 1395 ·
4000 1388 4018 1415 ι

2439 1462 2467 1512 ὁ
2492 1460 2548 1513 δὲ
2586 1460 2748 1524 καλὸς
2797 1462 3096 1531 εἰσηγητὴς
3154 1462 3475 1523 ’Δπόστολος
3514 1462 3822 1531 Κορινθίοις
3868 1462 4022 1529 γρά-

2442 1569 2556 1618 φων
2603 1551 2789 1617 ἔλεγεν
2809 1569 2824 1582 ·
2855 1570 2872 1601 ι
2916 1552 3014 1603 Διὰ
3043 1552 3094 1604 τί
3124 1551 3183 1603 ού
3215 1551 3413 1619 μᾶλλον
3444 1552 3833 1619 ἀποστερείσῢε
3868 1568 3883 1614 ;
3916 1554 4024 1601 Δία

2440 1643 2492 1694 τί
2533 1644 2733 1712 μᾶλλον
2781 1643 2903 1711 οὐχὶ
2949 1644 3253 1707 ἁδικεῖσοες
3287 1644 3402 1695 ἀλλ’
3434 1644 3589 1713 ὑμεῖς
3620 1645 3877 1703 ἀδικεῖτε,
3919 1645 4020 1693 καὶ

2442 1735 2796 1802 ἀποστερεῖτε
2824 1779 2837 1800 ,
2876 1736 2970 1788 καὶ
3032 1734 3210 1799 τοῦτο,
3255 1735 3513 1802 ἀδελφούς
3540 1751 3554 1764 ·
3593 1754 3609 1785 ι
3646 1736 3971 1800 xuii-5:17;:
4002 1747 4017 1759 ⁵

771 1829 1033 1882 retur”.n
1056 1829 1123 1882 Et
1148 1848 1160 1881 :
1185 1847 1202 1879 ι
1231 1828 1306 1881 Ne
1329 1829 1638 1882 comederis
1655 1845 1779 1884 cum
1805 1844 1872 1883 eo
1896 1828 2120 1883 offulam
2145 1837 2292 1881 tuam
2323 1844 2335 1880 :

2448 1847 2465 1877 ι
2506 1828 2683 1891 ’Ὀλως
2738 1830 2956 1898 ἥττημα
3003 1829 3132 1895 ύμῖν
3170 1830 3336 1890 ἐστιν,
3368 1828 3447 1879 ὅτι
3478 1830 3650 1893 κρῖμα
3701 1828 3846 1894 ἔχετε
3887 1825 4020 1876 καθ’

767 1928 985 1973 evomct
1031 1919 1178 1971 enim
1238 1919 1404 1983 illam,
1437 1927 1492 1973 et
1551 1920 1835 1989 disperdet
1885 1934 2171 1975 sermones
2216 1929 2339 1972 tuos

767 2011 944 2066 bonos
961 2012 1024 2064 “.
1057 2030 1075 2061 ι
1096 2012 1170 2065 De
1194 2011 1278 2064 his
1316 2019 1370 2064 et
1398 2013 1562 2065 Amos
1588 2013 1852 2080 propheta
1883 2030 1895 2063 :
1928 2030 1945 2063 ι
1978 2012 2183 2081 Pugnis
2218 2021 2341 2064 tun-

766 2102 972 2158 debant
1010 2104 1187 2172 capita
1220 2118 1557 2171 pauperum,
1583 2114 1638 2156 et
1665 2104 1809 2156 viam
1848 2104 2141 2157 humilium
2169 2101 2341 2156 decli-

766 2206 1056 2249 naverunt.
1127 2196 1323 2249 Vinum
1385 2194 1842 2249 calumniantium
1915 2195 2181 2249 bibebant
2214 2195 2277 2247 δ’.
2322 2215 2339 2246 ι

766 2285 999 2340 Pulchre
1046 2296 1102 2341 et
1155 2287 1348 2341 doctor
1396 2288 1640 2355 gentium
1674 2287 2005 2356 Apostolus,
2038 2286 2344 2340 Corinthiis

766 2378 1016 2432 scribens
1043 2395 1054 2430 :
1096 2399 1113 2429 ι
1148 2380 1215 2433 Ut
1244 2379 1376 2447 quid
1408 2395 1516 2431 non
1549 2378 1719 2447 magis
1754 2379 2002 2432 fraudem
2048 2378 2344 2447 patimini?

765 2484 935 2538 quare
971 2486 1079 2523 non
1113 2469 1287 2538 magis
1319 2470 1577 2539 injuriam
1611 2470 1903 2539 accipitis?
1940 2469 2036 2523 sed
2069 2485 2164 2522 vos
2202 2468 2346 2539 inju-

2445 1918 2672 1970 ἑαυτῶν.
2705 1920 2772 1970 "II
2797 1919 2897 1970 οὐκ
2941 1918 3119 1970 οἴδατε
3163 1917 3244 1968 ὃτι
3277 1917 3448 1969 ἄδικοι
3475 1915 3751 1983 βασιλείαν
3778 1914 3922 1965 θεοῦ
3957 1915 4021 1965 οὑ

2445 2008 2985 2078 κληρονομήσουσινς
3035 2027 3052 2058 ι
3092 2008 3149 2059 '0
3181 2008 3236 2059 δὲ
3277 2008 3479 2076 Κύριος
3515 2008 3644 2075 περί
3674 2006 3781 2056 τῶν
3826 2006 3992 2073 Γραμ

2450 2102 2667 2172 ματέων
2707 2102 2801 2153 καὶ
2846 2101 3159 2170 Φαρισαίων
3188 2100 3382 2169 φησίν·
3413 2118 3431 2149 ι
3463 2101 3831 2166 Δεσμεύουσιν
3878 2116 4016 2165 φορ-

2436 2195 2525 2247 τία
2578 2194 2750 2264 βαρέα
2817 2194 2913 2246 καὶ
2959 2194 3363 2254 δυσϐάστακτα,
3397 2192 3490 2245 καὶ
3523 2193 3616 2243 ἐπί
3662 2191 3787 2252 τοὺς
3827 2190 4022 2257 ὤμους

2435 2289 2544 2341 τῶν
2594 2287 2897 2358 ἀνθρώπιον
2946 2287 3305 2349 ἐπιτιθέασιν,
3330 2286 3407 2354 τῷ
3445 2285 3498 2337 δὲ
3534 2283 3783 2352 δακτύλῳ
3829 2283 4021 2334 αὐτῶν

2435 2379 2497 2429 ού
2548 2378 2794 2430 θέλουσιν
2831 2379 3049 2446 κινῆσαι
3094 2378 3256 2429 αὐτὰ.
3302 2398 3320 2428 ι
3357 2376 3513 2445 Δύτῷ
3555 2378 3588 2442 ἡ
3619 2374 3746 2437 δόξα
3777 2375 3854 2435 εἰς
3886 2376 4021 2435 τοὺς

2437 2470 2663 2529 αἰῶνας.
2710 2471 2765 2522 ’Λ
2780 2473 2907 2539 μήν.

765 2562 901 2615 riam
948 2560 1127 2614 facitis
1159 2570 1216 2615 ct
1245 2562 1535 2625 fraudatis,
1570 2571 1626 2615 et
1658 2562 1761 2615 hoc
1799 2560 2063 2615 fratribus
2092 2560 2154 2613 ”.
2193 2581 2210 2610 ι
2246 2559 2463 2613 lnducit
2496 2578 2506 2587 ·
2552 2577 2570 2609 ι
2609 2560 2847 2615 Omnino
2911 2560 3118 2612 dictum
3186 2569 3271 2613 est
3302 2560 3447 2612 inter
3476 2574 3572 2612 vos
3602 2576 3614 2610 :
3644 2558 3728 2611 An
3789 2558 4023 2612 nescitis

764 2655 894 2724 quia
929 2654 1106 2723 iniqui
1134 2670 1360 2724 regnum
1393 2655 1488 2709 Dei
1515 2672 1620 2708 non
1646 2655 2057 2723 possidebunt?
2096 2673 2114 2707 ι
2149 2654 2418 2709 Dominus
2470 2654 2602 2708 item
2675 2656 2742 2710 de
2820 2654 3029 2708 Scribis
3072 2665 3128 2708 ct
3196 2656 3480 2710 Pharis'eis
3546 2655 3627 2709 ait
3662 2673 3676 2708 :
3715 2674 3734 2705 ι
3778 2654 4021 2722 Alligant

763 2764 933 2803 onera
983 2748 1168 2819 gravia
1217 2761 1273 2804 ct
1306 2749 1696 2819 importabilia,
1732 2761 1787 2805 et
1819 2750 2109 2820 imponunt
2142 2749 2197 2804 in
2234 2750 2495 2805 humeros
2524 2751 2831 2813 hominum,
2869 2750 3041 2821 digito
3068 2760 3251 2804 autem
3287 2752 3481 2803 uolunt
3518 2764 3583 2803 ea
3637 2764 3863 2803 movere
3890 2748 3961 2801 “.
3996 2765 4015 2795 ι

764 2841 872 2911 Ipsi
906 2841 1079 2912 gloria
1113 2842 1168 2896 in
1219 2842 1416 2897 saecula
1452 2840 1799 2895 szcculorum.
1831 2842 2021 2896 Amen.

1251 2974 1539 3030 IIOMILIA
1555 2975 1845 3030 XXXVIII.

1292 3086 1366 3139 De
1428 3087 1807 3139 inobellientia.

832 3198 1307 3266 Quemadmodum
1342 3198 1508 3251 vitam
1552 3196 1893 3260 obedientia,
1925 3197 1999 3251 ita
2052 3206 2108 3252 ct
2151 3198 2341 3253 inobc—

764 3292 973 3347 dientia
1027 3289 1322 3344 efﬁcaciter
1380 3300 1618 3343 mortem
1685 3298 1971 3358 operatur.
2036 3289 2158 3343 Meo
2210 3290 2340 3343 huic
2366 3336 2407 3392 Ο

767 3378 1004 3434 sermoni
1078 3379 1459 3433 testimonium
1498 3378 1661 3432 facile
1724 3378 1910 3433 reddit
1960 3378 2127 3432 homo
2163 3379 2207 3433 is
2242 3380 2337 3449 qui

768 3467 979 3536 primus
1011 3465 1104 3521 Dei
1137 3482 1303 3519 manu
1330 3466 1603 3520 formatus
1625 3474 1731 3521 est.
1760 3467 1900 3520 Dum
1932 3467 2081 3521 enim
2119 3469 2202 3521 sui
2226 3468 2342 3536 opi-

768 3561 886 3616 ficis
916 3561 1173 3616 mandato
1207 3560 1379 3631 gessit
1408 3576 1639 3622 morem,
1668 3561 1992 3630 neutiquam
2038 3561 2168 3631 ligni
2208 3561 2340 3614 vita-

765 3653 834 3706 lis
865 3653 1109 3721 privatus
1142 3661 1227 3705 est
1249 3667 1349 3705 usu
1387 3667 1401 3704 :
1435 3660 1650 3715 contra,
1681 3667 1710 3705 a
1752 3652 1990 3721 paradisi
2020 3651 2337 3706 animuitate

767 3744 822 3795 in
880 3743 1021 3796 hanc
1077 3740 1529 3811 complorationis
1568 3758 1631 3796 ac
1681 3742 1919 3797 miseria:
1978 3743 2174 3797 vallem
2239 3758 2339 3811 per

769 3832 1201 3886 inobedientiam
1240 3833 1535 3902 relegatus.
1570 3851 1628 3888 sc
1656 3848 1921 3902 suamque
1956 3834 2334 3903 posteritatem

767 3932 983 3975 :cterna:
1033 3922 1245 3975 addixit
1292 3922 1476 3975 morti.
1508 3923 1736 3975 Audivit
1782 3924 1964 3976 enim:
2005 3943 2022 3973 ι
2059 3923 2228 3977 Terra
2278 3937 2337 3976 es

767 4024 821 4067 et
859 4014 910 4064 in
970 4022 1172 4065 terram
1241 4013 1346 4065 ibis
1375 4014 1439 4066 ⁸⁸.
1487 4033 1503 4062 ι
1546 4013 1650 4067 Sed
1705 4023 1760 4066 et
1795 4013 1968 4067 Judaai
2005 4013 2237 4082 profecti
2268 4029 2335 4067 ex

768 4100 1019 4172 .Egypto,
1085 4118 1319 4169 quorum
1375 4102 1643 4155 cadavera
1703 4104 1756 4155 in
1816 4119 2002 4157 crcmo
2061 4113 2335 4172 prostrata

768 4204 917 4255 sunt,
958 4212 974 4243 ι
1019 4194 1135 4246 Non
1163 4193 1528 4247 exaudierunt
1562 4208 1751 4247 vocem
1781 4195 2018 4258 Domini,
2049 4204 2103 4248 ct
2134 4195 2187 4248 in
2217 4196 2334 4264 lege

767 4289 887 4356 ejus
941 4286 1238 4339 noluerunt
1300 4285 1581 4339 ambulare
1611 4287 1675 4338 ⁸⁷.
1715 4306 1731 4336 ι
1772 4286 1863 4339 Dei
1892 4287 2036 4340 enim
2079 4288 2335 4340 mandato

761 4380 1104 4450 jubebantur
1153 4379 1351 4449 singuli
1390 4380 1593 4447 quique
1632 4395 1739 4431 uno
1770 4394 1987 4447 quoque
2018 4378 2105 4429 die
2133 4392 2333 4431 manna

767 4482 827 4525 ut
888 4480 1268 4532 vescerentur,
1303 4488 1403 4523 nec
1432 4471 1729 4538 quidquam
1760 4486 1826 4523 ex
1858 4486 1924 4523 eo
1957 4469 2333 4536 relinquerent

768 4562 821 4615 in
851 4562 1171 4616 crastinum.
1199 4561 1445 4629 Cumque
1475 4564 1704 4614 istorum
1739 4558 1987 4613 nonnulli
2019 4560 2069 4611 in
2098 4559 2330 4610 alterum

3026 2974 3245 3026 ΛΟΓΟΣ
3292 2970 3422 3027 All'.

2963 3085 3099 3151 ΠειῬί
3146 3080 3481 3150 παρακοῆς.

2510 3200 2724 3267 Ὥσπερ
2767 3199 2800 3267 ἠ
2835 3195 3051 3264 ὑπακοὴ
3086 3195 3232 3264 ζωὴν
3264 3194 3688 3262 κατεργάζεται,
3715 3195 3893 3258 οὓτως
3926 3197 4019 3249 καὶ

2441 3291 2475 3360 ἡ
2508 3290 2759 3358 παρακοὴ
2825 3288 3073 3341 Θάνατον.
3103 3288 3210 3339 Καὶ
3264 3287 3529 3355 μαρτυρεῖ
3576 3302 3669 3352 μοι
3697 3287 3778 3355 τῷ
3828 3287 4019 3355 λόγῳὸ

2441 3382 2658 3451 πρῶτος
2708 3378 2847 3448 χειρί
2885 3377 3021 3429 θεοῦ
3076 3377 3333 3440 πλασθεὶς
3362 3377 3671 3447 ἄνθρωπος.
3704 3378 3764 3430 Εἰ
3798 3378 3912 3447 γὰρ
3945 3380 4018 3447 μὴ

2441 3472 2788 3542 παρήκουσεν
2838 3468 2939 3537 τῆς
2999 3468 3220 3535 ἐντολῆς
3268 3467 3362 3520 τοῦ
3399 3466 3769 3539 Δημιουργοῦ,
3805 3470 3909 3521 ούκ
3953 3469 4019 3521 ἂν

2443 3562 2541 3631 μὲν
2592 3560 2871 3628 ύστερεῖτο
2914 3556 3007 3610 τοῦ
3072 3557 3231 3623 ξύλου
3281 3557 3376 3624 τῆς
3418 3558 3561 3625 ζωῆς
3596 3573 3611 3587 ο
3652 3557 3934 3627 ἐξόριστος
3962 3558 4017 3609 δὲ

2437 3650 2533 3704 τοῦ
2599 3650 2926 3719 παραδείσου
2989 3650 3299 3717 γενόμενος,
3353 3649 3581 3701 θάνατον
3641 3648 4015 3719 κατεδικάσθη

2437 3741 2601 3804 αὐτὸς
2636 3741 2729 3793 καὶ
2757 3742 2805 3793 οἰ
2835 3741 2929 3793 ἀπ’
2960 3739 3124 3792 αὐτοῦ
3186 3738 3278 3791 τὸν
3322 3738 3560 3803 αἰώνιον,
3594 3740 3859 3803 ἀκούσας·
3893 3760 3912 3791 ι
3941 3741 4015 3810 Γῆ

2440 3832 2493 3887 εἴ
2529 3834 2621 3887 καὶ
2656 3836 2737 3896 εἰς
2766 3834 2871 3901 γῆν
2892 3832 3203 3887 ἀπελεύσει.
3239 3851 3256 3883 ι
3302 3830 3535 3900 Ὀμοῐως
3564 3831 3658 3883 καὶ
3690 3833 3741 3884 οἱ
3769 3832 4018 3897 causa.

2436 3944 2527 3988 τες
2565 3926 2623 3989 ἐξ
2657 3925 2955 3991 Αἰγύπτου.
2983 3918 3057 3977 ὧν
3098 3924 3168 3975 τὰ
3210 3923 3359 3975 κῶλα
3390 3923 3583 3975 ἔπεσεν
3614 3925 3673 3974 ἐν
3698 3926 3764 3993 τῇ
3798 3926 4013 3993 ἐρήμῳ,

2444 4037 2460 4067 ι
2493 4020 2607 4070 Οὐκ
2639 4018 2965 4085 εἰσήκουσαν
2994 4018 3091 4085 τῆς
3124 4016 3305 4084 φωνῆς
3336 4015 3430 4067 τοῦ
3462 4017 3691 4084 Κυρίου,
3720 4019 3818 4068 καὶ
3850 4018 3910 4069 ἐν
3938 4018 4016 4085 τῷ

2436 4111 2586 4178 νόμῳ
2627 4108 2792 4161 αὑτοῦ
2854 4110 2955 4160 ούκ
2999 4107 3384 4176 ἠϐουλήθησαν
3419 4106 3771 4174 πορεύεσθαι.
3818 4126 3837 4157 ι
3870 4109 4015 4178 Παρ-

2436 4202 2685 4270 ήγγειλεν
2728 4201 2834 4269 γὰρ
2883 4199 3067 4261 αὐτοῖς
3122 4200 3151 4251 ὁ
3207 4199 3338 4261 θεὸς
3383 4198 3693 4267 αύοήμερον
3735 4199 3796 4250 τὸ
3838 4200 4013 4268 μάννα

2435 4294 2635 4346 ἐσθίειν
2657 4333 2671 4355 ,
2705 4293 2797 4344 καὶ
2828 4292 2901 4361 μὴ
2932 4291 3362 4359 καταλιμπάνειν
3408 4294 3487 4355 εἰς
3514 4292 3613 4360 τὴν
3642 4292 3839 4360 αῡριον
3869 4310 3882 4323 ’
3920 4296 4014 4345 καὶ

2435 4378 2920 4448 παρακουσάντων,
2948 4378 3038 4430 καὶ
3071 4379 3511 4446 καταλειψάντων
3544 4381 3647 4441 ’ἕως
3692 4380 3840 4451 πρωῒ
3861 4423 3877 4445 ,
3928 4380 4013 4444 ἐξ·

2434 4471 2662 4539 ήνεγκεν
2692 4469 3002 4537 σκώληκας,
3032 4470 3127 4521 καὶ
3143 4470 3401 4531 ὲπόζεσεν
3422 4487 3434 4499 ’
3470 4473 3558 4523 καί
3581 4470 3771 4540 ὥσπερ
3793 4475 3871 4534 εἰς
3894 4475 4012 4525 ἀτι-

2437 4562 2567 4629 μίαν
2620 4560 2714 4613 καὶ
2764 4560 2969 4622 ὄνειδος
3012 4561 3291 4629 ἐχώρησεν
3332 4564 3443 4623 τοῖς
3472 4563 3914 4631 παρακούσασιν.
3948 4567 4012 4615 'u

766 4653 1070 4709 diluculum
1088 4652 1192 4705 sibi
1210 4652 1608 4720 scposuissent,
1634 4667 1733 4720 pro
1754 4667 1949 4703 manna
1977 4657 2330 4718 reportaruut

2437 4652 2532 4720 τῆς
2580 4652 2884 4720 παρακοῆς,
2918 4651 3010 4703 καὶ
3057 4650 3189 4703 αὐτὸ
3246 4651 3305 4703 τὸ
3356 4654 3529 4721 μάννα
3570 4654 3876 4721 σκωλήκων
3919 4656 4013 4705 καὶ

764 4761 1000 4805 vermes,
1039 4744 1184 4812 iique
1220 4744 1271 4795 in
1305 4744 1687 4812 [ultriIaginem
1718 4750 1845 4794 sunt
1870 4740 2013 4794 versi
2054 4758 2066 4793 :
2100 4740 2152 4793 id
2184 4739 2330 4807 quod

766 4838 819 4889 in
860 4836 1211 4905 ignominiam
1252 4846 1417 4903 atque
1449 4834 1691 4886 dedecus
1726 4835 1958 4886 istorum
1992 4832 2163 4886 cessit
2192 4832 2332 4885 male

766 4927 1204 4994 ntorigcrorum:
1248 4926 1477 4995 perinde
1537 4935 1702 4993 atque
1760 4925 1975 4977 diceres
2015 4943 2025 4975 :
2065 4924 2191 4977 Sola
2250 4934 2333 4977 est

764 5017 1134 5071 inobedientia
1185 5024 1375 5070 auctor
1406 5032 1619 5069 manna:
1654 5017 1706 5067 in
1748 5032 1963 5069 vermes
1996 5015 2322 5083 degeneran-

767 5110 855 5166 lis,
888 5116 939 5159 ct
972 5106 1158 5158 odoris
1180 5107 1336 5158 istius
1362 5104 1599 5174 graviter
1628 5104 1889 5173 spirantis
1921 5122 1934 5157 :
1969 5104 2121 5172 prius
2154 5104 2323 5167 enim,

763 5200 903 5253 nihil
970 5199 1099 5252 dum
1154 5199 1257 5251 talc
1307 5198 1604 5264 contigisse
1654 5197 2035 5264 conspicitur:
2081 5195 2161 5247 0b
2220 5196 2325 5248 hoc

762 5292 909 5343 enim
957 5291 1110 5359 juxta
1157 5289 1364 5358 regium
1408 5290 1643 5350 l‘salten,
1674 5288 2147 5341 nomenclaturam
2197 5303 2326 5356 pro-

764 5380 966 5435 meruit
998 5381 1255 5449 angelica:
1278 5380 1548 5432 alimoniie
1578 5398 1589 5432 :
1640 5398 1657 5429 ι
1706 5380 1905 5431 Panem
1931 5378 2078 5430 enim
2102 5379 2325 5446 angelo-

767 5489 885 5526 rum
942 5472 1293 5527 manducavi'i
1345 5471 1507 5524 homo
1540 5473 1602 5524 “.
1648 5491 1666 5522 ι
1730 5470 1852 5523 Filii
1918 5469 2148 5538 proinde
2186 5469 2325 5533 Ileli,

763 5564 940 5632 Uphni
972 5573 1028 5618 et
1056 5563 1311 5626 I’hinres,
1338 5561 1484 5631 quod
1519 5562 1692 5630 patris
1730 5561 1814 5614 sui
1846 5576 2033 5613 vocem
2058 5560 2326 5613 exaudire

832 5743 874 5773 ³⁸
911 5742 948 5794 Il
981 5743 1107 5797 (lor.
1139 5758 1256 5801 vm,
1292 5741 1373 5792 II.
1468 5740 1511 5770 ³⁹
1540 5739 1709 5793 Eecii.
1759 5755 1876 5800 xm,
1902 5740 1955 5793 ‘3.
2071 5740 2115 5769 ⁸ο
2148 5739 2277 5791 ibid.
2315 5742 2367 5792 5.

770 5810 816 5843 ⁸⁸
847 5812 977 5868 ibid.
1014 5817 1067 5868 υ.
1144 5815 1187 5844 ³⁸⁵
1216 5811 1405 5864 Matth.
1442 5826 1591 5873 xxm,
1619 5812 1671 5863 4.

1468 5740 1511 5770 ³⁹
1540 5739 1709 5793 Eecii.
1759 5755 1876 5800 xm,
1902 5740 1955 5793 ‘3.

1747 5810 1791 5840 “'
1820 5811 1955 5863 Gen.
1996 5825 2073 5874 In,
2113 5811 2192 5862 ιι).

2271 5811 2305 5838 ⁸⁷
2335 5811 2467 5864 Dan.
2495 5825 2568 5875 Iv,
2602 5810 2683 5863 10.

2430 4743 2692 4805 δυσωδίας
2728 4742 2899 4794 αἴτιον
2927 4741 3172 4809 γέγονεν.
3206 4743 3462 4795 ⁴βαίνεται
3516 4743 3624 4811 γὰρ
3674 4744 3782 4813 πρὸ
3820 4744 4010 4796 τούτου

2433 4835 2601 4903 μηδὲν
2637 4833 2883 4886 τοιοῦτον
2934 4834 3306 4901 γεγενημένον
3330 4849 3343 4862 ο
3371 4834 3457 4884 δια
3501 4835 3561 4885 τὸ
3614 4834 3852 4902 μάλιστα
3886 4853 4010 4904 τροο

2433 4927 2537 4996 φὴν
2569 4926 2816 4993 ἀγγέλων
2858 4926 3366 4995 κεχρηματικέναι·
3402 4926 3476 4987 ὣς
3525 4944 3693 4994 φησιν
3722 4930 3750 4979 ὁ
3786 4930 4011 4998 Προφή-

2430 5034 2529 5085 της
2554 5033 2568 5047 ο
2607 5036 2624 5066 ι
2673 5018 2875 5087 Ἀρτον
2902 5016 3152 5083 ἀγγέλων
3184 5016 3389 5083 ἔφαγεν
3415 5017 3729 5086 ἄνθρωπος.
3768 5038 3787 5066 ι
3832 5020 3933 5070 Καὶ
3958 5020 4009 5069 οἱ

2433 5108 2540 5159 υἱοὶ
2578 5108 2718 5171 Ἠλὶ,
2765 5108 2938 5172 Ὀφνὶ,
2965 5108 3170 5171 Φινεὲς,
3203 5107 3301 5159 οὐκ
3336 5109 3663 5176 εἰσήκουσαν
3692 5107 3795 5175 τῆς
3828 5108 4010 5176 φωνῆς

2430 5197 2525 5249 τοῦ
2550 5197 2755 5268 πατρὸς
2786 5197 2968 5251 αὐτῶν
2992 5213 3006 5227 ο
3044 5200 3136 5249 καὶ
3170 5198 3259 5251 διὰ
3289 5197 3449 5252 τοῦτο
3480 5201 3508 5250 ὁ
3548 5198 3778 5269 Κύριος,
3814 5201 4009 5261 αὐτοὺς

2428 5290 2549 5359 μὲν,
2573 5289 2666 5342 καὶ
2696 5290 2822 5351 τοὺς
2854 5289 3003 5349 υἱοὺς
3041 5288 3157 5341 ἸΙλὶ
3191 5292 3249 5340 ὲν
3280 5289 3526 5358 ῥομφαία
3559 5289 3882 5349 ἀπώλεσεν,
3908 5291 4009 5357 τὴν

2423 5382 2477 5433 δὲ
2513 5381 2743 5434 κιϐωτὸν
2790 5381 2870 5443 εἰς
2915 5384 3107 5450 χεῖρας
3155 5380 3265 5432 τῶν
3295 5380 3617 5449 ἀλλοφύλων
3663 5383 4007 5452 παρέδωκεν.

2427 5471 2636 5539 Ὥσπερ
2687 5471 2781 5524 καὶ
2830 5471 2912 5538 ἐφ’
2944 5473 3078 5540 ἡμῖν
3111 5471 3205 5523 νῦν
3235 5471 3462 5539 γέγονεν
3484 5488 3496 5500 ·
3529 5471 3622 5523 τὸν
3660 5474 3761 5541 μὲν
3802 5473 3928 5525 λαὸν
3956 5475 4008 5525 οἰ

2429 5558 2683 5611 Χαλδαῖοι
2704 5558 3033 5612 ἀπέκτειναν
3059 5562 3116 5611 ἐν
3149 5561 3414 5630 ῥομφαίᾳ,
3434 5562 3491 5613 ἐν
3524 5562 3675 5631 μέσῳ
3701 5561 3796 5614 καὶ
3825 5563 4011 5635 κύκλῳ

2473 5739 2515 5770 ⁸¹
2552 5740 2687 5825 ibid.
2723 5739 2804 5825 ϐε.
2838 5740 2918 5825 ’1³³
2944 5742 3113 5825 .AmOS
3146 5757 3198 5798 γ.
3252 5742 3337 5825 [Ιέ
3446 5741 3490 5772 ⁸³
3524 5742 3539 5794 Ι
3586 5741 3715 5796 Cor.
3745 5755 3822 5805 Vt.
3859 5742 3910 5805 ἲ,
3947 5739 4006 5793 8.

2761 5811 2805 5841 ⁸⁸
2838 5811 2975 5864 Ριιιιι.
3018 5828 3217 5875 nam,
