4178 6436
145 405 274 470 1553

988 421 1764 484 Ιιι,)λιι[.[.ι.ΧΧΧν[ΙΙ.-
1803 426 1899 485 DE
1943 427 2510 488 INOBEDIENTM.

3249 426 3269 487 Ῑ
3282 427 3384 489 554

147 523 503 592 Ἰερουσαλήμ
525 540 540 554 ⁸
579 528 672 577 καὶ
701 529 801 578 οὑκ
829 521 896 595 ἦν
929 532 957 581 ὁ
990 530 1230 584 θάπτων.
1257 532 1359 586 Τὸν
1384 533 1440 585 δὲ
1473 535 1704 603 σταυρὸν

1809 538 2110 599 noluerint,
2156 554 2262 591 una
2311 555 2435 593 cmn
2486 537 2614 591 filiis
2679 537 2846 591 lsrael
2914 539 2967 590 in
3049 537 3166 591 acie
3220 540 3388 608 gladii

137 617 191 666 ἐν
240 615 550 683 Ἀσσυρίοις
595 618 892 686 ἀπῴκισεν.
937 622 1213 685 Ὡσαύτως
1265 627 1358 676 καὶ
1413 626 1442 675 ὁ
1490 626 1705 686 Σαοὺλ.

138 707 647 777 παραλογισάμενος
674 711 775 779 τὴν
800 712 1016 782 ἐντολὴν
1053 714 1145 766 τοῦ
1171 715 1328 777 Θεοῦ,
1365 716 1702 786 έματαιώθη,

136 802 223 851 καὶ
251 801 347 866 τῆς
388 802 663 869 βασιλείας
713 805 992 869 ἐξέπεσεν,
1026 808 1115 858 καὶ
1156 806 1427 870 οἴκτιστον
1478 807 1709 862 θάνατον

138 893 477 958 ἀπενέγκατο
496 911 507 922 ·
536 897 628 948 καὶ
653 896 823 949 πολλὰ
855 899 1065 950 πενθῶν
1095 901 1221 969 περὶ
1254 899 1420 953 αὑτοῦ
1443 901 1471 952 6
1493 902 1705 972 προφή-

135 1003 229 1054 της
254 988 510 1055 Σαμουὴλ
531 1027 546 1048 ,
571 992 666 1041 καὶ
699 990 788 1041 τὸν
815 990 946 1041 Θεὸν
979 992 1336 1062 παρακαλῶν,
1360 992 1511 1045 οὐδὲν
1543 993 1707 1047 αὑτὸν

137 1079 361 1149 ὤνησεν,
387 1081 502 1133 ἀλλ’
538 1081 764 1150 ὕστερον
800 1084 1034 1152 ήκουσεν
1095 1086 1246 1156 παρά
1279 1085 1374 1138 τοῦ
1404 1089 1704 1157 προφήτου·

141 1190 156 1219 ι
195 1172 397 1242 ’Λγαθὴ
437 1173 652 1242 ὑπακοὴ
697 1175 836 1244 ὑπὲρ
880 1175 1092 1238 θυσίαν,
1129 1177 1222 1229 καὶ
1250 1179 1512 1247 ἀκρόασις
1568 1180 1708 1250 ὑπὲρ

137 1264 297 1332 στέαρ
324 1264 516 1333 κριῶν.
557 1283 574 1316 ι
613 1265 800 1320 Ταῦτα
837 1269 936 1335 μὲν
965 1269 1022 1320 ὲν
1057 1271 1122 1338 τῇ
1159 1269 1278 1336 θείᾳ
1306 1270 1518 1339 Γραφῇ.
1555 1270 1709 1322 Ἐπεὶ

137 1356 226 1405 καὶ
259 1356 493 1423 ἀνήκοος
527 1356 798 1427 μαθητὴς,
831 1360 1022 1428 ῶσπερ
1056 1359 1215 1425 ξύλον
1243 1360 1704 1430 διεστραμμένον,

136 1447 221 1498 καὶ
239 1445 300 1497 οὑ
337 1446 413 1515 μὴ
437 1447 671 1519 ὀρθωθῇ,
692 1448 1044 1518 ἐλεγχόμενος
1066 1451 1325 1521 συνεχῶς.
1355 1452 1460 1503 Καὶ
1484 1453 1513 1504 6
1531 1451 1630 1504 ἁσύ
1640 1469 1706 1520 μ-

135 1556 303 1606 φωνος
325 1540 575 1606 ἀδελφὸς,
607 1541 682 1601 ὡς
706 1543 994 1611 ἀπηχοῦσα
1023 1539 1165 1616 αὖρα
1190 1545 1414 1614 ἀνέμου,
1439 1548 1506 1616 τῇ
1534 1545 1708 1613 ἀσυμ-

135 1629 304 1698 φωνία
330 1631 566 1700 λυομένη
596 1632 691 1684 τοῦ
723 1636 908 1687 καινοῦ
942 1635 1158 1703 μέλους,
1182 1639 1273 1689 καὶ
1303 1635 1492 1705 ὥσπερ
1517 1637 1548 1706 ή
1582 1637 1706 1704 σφί-

135 1738 198 1786 κη
251 1721 380 1783 τοὺς
441 1723 638 1785 πόνους
674 1724 783 1776 τῶν
845 1726 1116 1796 μελισσῶν
1163 1728 1366 1794 ἐσθίει,
1399 1729 1573 1792 οὑτως
1612 1729 1707 1784 καὶ

136 1810 372 1879 ῥᾴθυμος
415 1813 671 1881 ἀδελφὸς,
713 1817 923 1884 ἀχρειοῖ
959 1818 1202 1882 συνοδίας
1242 1820 1514 1889 ἐναρέτων
1563 1822 1704 1889 πρα-

1811 629 2223 690 coueideruut,
2297 629 2530 682 Domino
2595 626 2861 691 vindice,
2923 627 3017 694 qui
3077 636 3134 682 et
3197 643 3382 684 arcam

1813 717 1867 769 in
1899 732 2093 771 manus
2129 716 2356 771 tradidit
2388 719 2846 789 alienigenarum.
2884 717 2965 772 Ad
3020 717 3164 774 hanc
3194 735 3386 774 exem-

1810 807 2012 876 plarcm
2050 807 2343 862 formulam
2371 809 2569 864 divina:
2600 809 2828 864 ultionis
2861 825 3010 863 nunc
3043 809 3206 864 nobis
3244 825 3384 879 quo-

1808 914 1914 967 que
1938 900 2189 969 contigit.
2217 900 2593 955 Circumcirea
2639 903 2945 956 Jerusalem
2974 942 2988 964 ,
3021 901 3286 970 populum
3328 902 3383 956 in

1810 991 1864 1045 in
1898 1007 1994 1048 ore
2018 993 2183 1062 gladii
2210 992 2449 1048 Chaldaei
2478 993 2820 1058 ceciderunt,
2858 1009 2962 1048 nec
2993 1003 3077 1047 est
3108 993 3200 1062 qui
3228 1009 3387 1063 sepe-

1808 1084 1906 1137 liat
1934 1083 2016 1150 M’;
2049 1099 2274 1140 crucem
2306 1101 2436 1139 vero
2467 1085 2592 1156 Syri
2621 1087 2771 1139 velut
2804 1087 2856 1139 in
2891 1086 3166 1138 coloniam
3194 1100 3383 1138 secum

1808 1185 2188 1243 exportarunt.
2221 1176 2577 1231 Consimilcm
2609 1178 2662 1230 iu
2690 1177 2912 1229 modum
2947 1177 3073 1231 Saul
3107 1176 3200 1230 Dei
3233 1191 3387 1229 mau-

1809 1266 1997 1321 datum
2072 1267 2357 1322 venatoria
2408 1279 2574 1338 atque
2632 1269 2868 1322 subdola
2925 1269 3384 1337 interpretatione

1807 1359 2060 1422 eludens,
2123 1370 2305 1414 mente
2332 1368 2478 1414 mota
2511 1360 2770 1415 vesanire
2797 1358 2966 1427 cmpit
2991 1369 3153 1426 atque
3178 1358 3385 1413 excidit

1809 1464 1999 1518 regno,
2033 1463 2098 1501 ac
2151 1448 2374 1503 demum
2424 1449 2726 1502 miserabili
2774 1448 3019 1502 concidit
3077 1459 3255 1502 morte
3285 1449 3378 1502 “z

1812 1533 2030 1603 1089
2065 1534 2280 1589 tametsi
2309 1535 2457 1590 hunc
2488 1535 2759 1605 propheta
2787 1535 3008 1590 Samuel
3037 1537 3211 1591 multo
3241 1545 3381 1590 tem-

1806 1641 1942 1693 pore
1977 1627 2208 1697 lugeret,
2243 1643 2456 1698 proque
2511 1628 2688 1682 salute
2722 1627 2843 1697 ejus
2870 1628 3294 1682 venerabundus
3320 1644 3384 1682 ac

1807 1717 2036 1785 supplex
2090 1729 2427 1785 precaretur,
2461 1718 2600 1771 adeo
2659 1717 2796 1770 nihil
2845 1716 3010 1786 juvit,
3043 1725 3104 1768 ut
3145 1715 3385 1770 audierit

1810 1808 2030 1860 tandem
2073 1808 2206 1861 illud
2257 1824 2389 1862 voce
2437 1808 2756 1876 prophetica
2788 1825 2799 1860 :
2833 1827 2850 1858 ι
2888 1807 3080 1861 Melior
3118 1817 3204 1862 est
3251 1807 3385 1860 obc-

135 1902 284 1965 ξεων.
324 1907 434 1957 Καὶ
467 1908 658 1977 ῶσπερ
687 1909 860 1970 δειλός
882 1910 1221 1980 στρατιώτης
1253 1913 1354 1976 τὰς
1380 1916 1569 1984 χεῖρας
1594 1914 1702 1965 τῶν

1809 1895 2016 1950 dientia
2068 1911 2230 1963 quam
2285 1897 2532 1960 victitna,
2561 1905 2618 1950 et
2671 1895 3004 1950 auscultatio
3062 1911 3174 1964 pra:
3223 1893 3383 1962 adipe

134 1997 474 2064 πολεμιστῶν
527 2001 710 2054 ἐκλύει
730 2041 743 2063 ,
778 2003 949 2067 οὕτως
981 2007 1074 2058 καὶ
1100 2008 1333 2076 μοναχδς
1361 2008 1572 2078 ἀμελὴς
1606 2008 1703 2077 τὴν

132 2090 233 2141 τῶν
290 2091 539 2158 ἀδελφῶν
587 2094 900 2163 προθυμίαν
957 2099 1167 2164 χαυνοῖ.
1219 2097 1555 2166 Φοϐηθῶμεν
1585 2095 1700 2160 οῦν,

133 2181 369 2246 ἀδελφοὶ,
432 2184 501 2236 τὰ
548 2185 784 2238 τοσαῦτα
831 2187 1274 2256 παραδείγματα,
1305 2190 1399 2240 καὶ
1439 2183 1717 2260 φύγωμεν

134 2271 217 2321 τὸν
242 2269 468 2340 ὄλεθρον
494 2273 593 2341 τῆς
632 2273 949 2341 παρακοῆς,
978 2275 1062 2326 ἵνα
1098 2275 1173 2344 μὴ
1215 2277 1312 2329 σὺν
1341 2277 1457 2339 τοῖς
1500 2277 1703 2348 προλαο

136 2358 315 2414 δοῦσιν
345 2363 791 2431 κατακριθῶμεν.
822 2365 980 2416 Ποῖον
1004 2366 1110 2432 γὰρ
1134 2365 1329 2434 ὄφελος
1352 2367 1505 2421 ἔσται
1531 2369 1616 2438 τῷ,
1641 2370 1703 2422 τὸ

136 2451 284 2520 σῶμα
318 2455 591 2522 παρθένον
623 2457 945 2525 τηρήσαντι.
981 2458 1081 2526 τὴν
1127 2458 1184 2511 δὲ
1217 2459 1398 2528 ψυχὴν
1443 2460 1549 2513 ὑπὸ
1601 2462 1703 2530 τῆς

135 2546 412 2614 παρακοῆς
452 2549 867 2618 μεμοιχευμένῳ
906 2549 1192 2618 δαίμονος;
1238 2552 1308 2603 Ἢ
1351 2552 1467 2614 πῶς
1499 2569 1701 2620 στεφα-

135 2632 434 2704 νωθήσεται
459 2638 486 2688 6
509 2636 952 2708 γαστριμαργίας
984 2638 1084 2706 μὲν
1110 2680 1124 2703 ,
1159 2639 1254 2690 καὶ
1292 2638 1472 2707 πάσης
1507 2639 1700 2692 ἐπιθυ-

139 2725 257 2793 μίας
279 2729 582 2796 κρατήσας,
616 2728 844 2798 οἰήσεως
877 2729 932 2781 δὲ
961 2729 1054 2781 καὶ
1081 2729 1385 2797 φιλοδοξίας
1410 2729 1483 2799 μὴ
1510 2731 1703 2799 ἐπιμε-

135 2816 472 2884 λησάμενοςς
511 2818 674 2884 Λέγει
717 2818 773 2870 δὲ
827 2820 921 2870 καὶ
975 2821 1003 2870 6
1052 2821 1496 2890 Παροιμιαστής·
1534 2839 1550 2869 ι
1578 2821 1703 2884 Υἱὸς

137 2907 460 2975 πανοῦργος,
519 2907 760 2972 ὑπήκοος
809 2905 1014 2976 πατρί·
1061 2907 1176 2970 υἱὸς
1225 2907 1282 2960 δὲ
1344 2909 1595 2976 ἀνήκοος,
1643 2909 1701 2960 ὲν

135 2996 373 3064 ἀπωλείᾳ
427 2996 601 3049 ἔσται.
644 3016 663 3048 ι
701 2998 809 3049 Καὶ
861 2993 1036 3060 αὖθις·
1081 3014 1100 3047 ι
1181 2997 1397 3067 Ἐπειδὴ
1447 2998 1699 3064 ἐκάλουν,

137 3091 225 3139 καὶ
246 3090 344 3158 οὑχ
373 3088 750 3158 ὑπηκούσατε,
774 3088 912 3141 ἀλλά
943 3089 1179 3158 ἀκύρους
1209 3090 1505 3159 ἐποιήσατε
1535 3091 1703 3158 ὲμοὺς

136 3179 336 3245 λόγους,
387 3180 679 3250 τοιγαροῦν
714 3179 869 3248 κάγὼ
917 3183 981 3250 τῇ
1034 3180 1273 3250 ὑμετέρᾳ
1305 3182 1552 3252 ἀπωλείᾳ
1584 3184 1705 3234 ὲπι-
1735 3210 1778 3268 c

137 3269 452 3335 γελάσομαι.
479 3270 671 3321 Ἔσται
713 3269 823 3340 γὰρ
871 3270 999 3322 ὅταν
1030 3269 1428 3339 ὲπικαλέσησθέ
1461 3288 1530 3338 με
1550 3310 1564 3334 ,
1594 3270 1706 3338 ἐγὼ

137 3361 186 3412 δὲ
210 3363 307 3413 οὑκ
342 3361 737 3428 είσακοὺσομαι
764 3377 777 3389 ⁸
811 3359 1106 3430 ζητήσουσι
1150 3362 1257 3431 γάρ
1291 3379 1359 3428 με
1402 3363 1581 3425 κακοὶ,
1616 3364 1707 3415 καὶ

138 3453 228 3519 οὑχ
265 3453 610 3520 εὑρήσουσιν,
645 3451 729 3503 ὅτι
765 3450 856 3503 τὸν
893 3451 1056 3519 φόϐον
1089 3452 1296 3521 Κυρίου
1333 3452 1393 3503 οὑ
1425 3453 1706 3521 προείλον-

140 3558 212 3594 το.
241 3541 544 3611 Τοιγαροῦν
600 3541 808 3594 έὸονται
862 3541 956 3593 καὶ
1018 3543 1118 3610 τῆς
1175 3541 1386 3593 ἑαυτῶν
1421 3542 1542 3595 ὀδοῦ
1572 3543 1700 3605 τοὺς

140 3635 394 3702 καρπούς.
439 3654 457 3684 ι
494 3634 602 3686 Καὶ
641 3633 824 3686 πάλιν·
865 3654 881 3683 ι
921 3633 1013 3703 Μὴ
1058 3633 1336 3704 ἀσεϐήσῃς
1366 3635 1576 3699 πολλὰ,
1611 3635 1706 3688 καὶ

143 3723 212 3791 μὴ
254 3723 404 3791 γίνου
454 3723 709 3793 σκληρὸς,
752 3724 836 3775 ἵνα
885 3722 959 3792 μὴ
1014 3722 1293 3793 ἀποθάνῃς
1344 3725 1401 3776 ὲν
1433 3724 1495 3776 οὑ
1527 3724 1706 3795 καιρῷ

143 3828 250 3867 σου.
279 3833 295 3863 ι
333 3815 443 3867 Καὶ
467 3815 649 3867 πάλιν·
677 3833 694 3864 ι
722 3813 782 3867 ’0
811 3812 1076 3866 ἐκκλίνων
1099 3813 1159 3865 τὸ
1180 3809 1273 3876 οὖς
1299 3812 1486 3877 αὑτοῦ,
1505 3813 1600 3866 τοῦ
1629 3814 1705 3884 μὴ

142 3906 447 3959 εἰσακοῦσαι
489 3897 677 3974 νόμου,
707 3908 801 3958 καὶ
843 3904 1004 3968 αὑτὸς
1060 3906 1160 3972 τὴν
1208 3905 1516 3975 προσευχὴν
1539 3905 1705 3958 αὑτοῦ

141 3997 469 4051 ὲϐδέλυκται.
511 3999 622 4050 Καὶ
658 3996 838 4060 ἄλλος’
876 4017 894 4048 ι
946 3996 1003 4049 ’0
1033 3996 1435 4065 ἀπολιπόμενος
1473 3997 1708 4065 φυλάξαι

140 4089 382 4141 παιδείαν
427 4089 653 4157 πατρὸς,
685 4088 972 4158 μελετήσει
1027 4087 1216 4154 ῥήσεις
1279 4087 1475 4150 κακάς.
1523 4105 1542 4136 ι
1595 4088 1709 4140 Καὶ

141 4181 311 4232 πάλιν·
345 4199 363 4231 ι
418 4181 478 4232 ’0
511 4182 750 4250 σπείρων
799 4178 1012 4248 φαῦλα,
1051 4179 1256 4248 θερίσει
1301 4180 1469 4233 κακά.
1515 4178 1706 4232 Ἀπαι-

141 4271 301 4341 δεύτῳ
320 4271 432 4342 γάρ
456 4271 688 4339 συναντᾷ
723 4255 970 4333 θάνατος,
1009 4288 1026 4321 ι
1063 4271 1225 4338 Λέγει
1251 4269 1309 4324 δδ
1341 4270 1437 4323 καὶ
1465 4272 1494 4322 6
1540 4270 1705 4339 Ἱερε-

147 4361 284 4428 μίας
322 4380 340 4412 ι
387 4361 796 4430 Ἐπιστράφητε
835 4361 968 4430 πρός
1001 4379 1090 4431 με.
1124 4361 1277 4428 λέγει
1313 4361 1517 4430 Κύριος
1551 4379 1565 4392 ·
1610 4363 1707 4415 καὶ

146 4451 234 4503 οὑκ
266 4448 333 4522 ἦν
379 4455 410 4506 6
451 4452 770 4506 είσακούων.
813 4472 832 4503 ι
870 4454 980 4506 Καὶ
1010 4455 1036 4506 6
1077 4453 1400 4516 Ἀπόστολος
1429 4469 1443 4482 ·
1479 4474 1498 4506 ι
1539 4454 1600 4507 Ei
1646 4455 1705 4507 δέ

1807 1985 2044 2040 arietum
2082 1987 2146 2039 ⁸³.
2189 2006 2206 2038 ι
2241 1987 2363 2041 Πωο
2396 2002 2525 2040 sane
2559 1987 2746 2041 divina
2789 1987 3035 2042 continet
3073 1986 3380 2055 Scriptura.

1807 2077 2117 2146 Diseipulus
2152 2078 2382 2147 proinde
2432 2079 2570 2132 male
2609 2079 2843 2133 audiens
2882 2077 3031 2131 dicto
3058 2077 3382 2146 superioris.

1805 2169 2036 2237 perinde
2089 2185 2152 2223 ac
2185 2169 2392 2238 lignum
2419 2170 2705 2223 obtortum
2740 2181 2795 2223 ct
2837 2168 3062 2238 oblique
3108 2169 3384 2223 interver-

1804 2275 1927 2314 sum
1955 2277 1968 2326 ;
2008 2262 2221 2315 tametsi
2265 2262 2617 2314 continenter
2638 2270 2924 2331 arguatur,
2953 2275 3022 2313 ue
3053 2261 3133 2314 sic
3158 2259 3381 2330 quidem

1807 2366 2048 2420 unquam
2081 2367 2139 2406 se
2176 2353 2240 2406 ad
2273 2352 2661 2407 rectitudinem
2695 2352 2946 2422 recipiet.
2973 2352 3166 2407 Frater
3194 2367 3386 2407 amans

1805 2441 2097 2496 discordiae
2125 2450 2181 2496 et
2215 2444 2348 2504 litis,
2385 2454 2443 2496 ut
2474 2443 2613 2496 lenis
2659 2449 2859 2496 ventus
2896 2442 2991 2497 sed
3021 2442 3295 2497 stridulus
3322 2459 3386 2498 ac

1805 2535 2101 2598 dissonus,
2145 2550 2247 2589 suo
2307 2537 2400 2590 illo
2450 2536 2692 2590 discordi
2757 2535 2997 2590 stridore
3053 2536 3384 2590 concordent

1804 2625 2037 2678 aliorum
2073 2625 2125 2677 iu
2162 2639 2454 2680 commune
2495 2626 2650 2679 vitiat
2679 2640 2743 2679 ac
2798 2624 2979 2694 perdit
3021 2634 3383 2691 concentum;

1806 2722 1975 2782 utque
2025 2713 2184 2767 fucus
2216 2715 2435 2769 labores
2473 2715 2540 2768 ad
2593 2715 2921 2769 industriam
2982 2723 3386 2784 argumentosa:

1805 2805 1926 2872 apis
1953 2805 2139 2860 exedit
2191 2822 2254 2861 ac
2305 2807 2646 2876 depascitur,
2682 2808 2756 2862 ita
2787 2817 2842 2863 et
2875 2807 3044 2860 frater
3081 2806 3237 2875 segni
3271 2807 3386 2861 otio

1806 2897 2140 2960 lentescens,
2171 2897 2341 2952 totius
2367 2899 2812 2968 congregationis
2838 2904 3215 2970 operationem
3243 2902 3383 2956 alio-

1805 2988 1900 3057 qui
1934 2988 2209 3042 eﬂicacem
2246 2988 2441 3042 reddet
2473 2988 2746 3044 inutilem.
2783 2990 2850 3045 Ut
2877 2991 3034 3046 miles
3061 2992 3287 3062 ignavus
3322 3008 3387 3047 ac

1809 3078 2094 3133 tintidulus
2158 3095 2355 3133 manus
2423 3079 2863 3134 commilitonum
2918 3081 3172 3137 dissolvit
3222 3093 3386 3153 atque

1811 3180 2060 3230 enervat,
2102 3170 2175 3224 ita
2239 3171 2544 3225 monachus
2603 3186 2833 3226 securus
2893 3188 3041 3228 cura:
3100 3174 3280 3229 omnis
3331 3184 3387 3229 et

1811 3265 1978 3328 iners,
2027 3264 2260 3318 fratrum
2310 3266 2646 3320 alacritatem
2690 3265 2921 3320 emollit.
2953 3266 3057 3321 Tot
3106 3283 3170 3322 ac
3222 3268 3388 3324 tantis

1807 3354 2013 3407 eruditi
2054 3355 2319 3422 exemplis
2349 3355 2665 3418 timeamus,
2690 3355 3027 3422 charissimi,
3063 3374 3126 3412 ae
3149 3358 3389 3414 vitemus

1811 3445 1974 3499 istius
2030 3446 2422 3500 inobedientize
2477 3447 2802 3516 perniciem,
2831 3465 2900 3504 ne
2959 3467 3084 3504 eum
3134 3451 3253 3507 istis
3291 3452 3389 3521 qui

1807 3543 2023 3588 aetatem
2073 3544 2317 3589 nostram
2370 3545 2817 3601 auteverterunt,
2863 3538 3208 3595 danmemur.
3244 3542 3386 3608 Quid

1810 3627 1959 3679 enim
2006 3627 2071 3680 ad
2127 3636 2178 3680 te
2239 3627 2450 3682 resiliet
2502 3629 2901 3693 emolumenti,
2934 3631 2978 3684 si
3014 3631 3388 3701 virginitatem

1811 3717 2168 3773 indelibatam
2213 3718 2436 3786 quidem
2486 3720 2823 3774 conservasti
2863 3722 3131 3789 corporis.
3169 3730 3226 3776 at
3263 3723 3384 3776 ani-

1810 3828 1955 3867 mam
2002 3812 2236 3867 daemoni
2278 3828 2376 3882 per
2409 3812 2841 3868 iuobedieutiam
2878 3813 3249 3883 prostituisti?
3279 3815 3389 3868 Aut

1809 3919 1916 3972 qua
1952 3904 2129 3958 fronte
2158 3920 2347 3973 speres
2378 3913 2429 3958 te
2456 3904 2720 3957 donatum
2759 3905 2825 3958 iri
2854 3920 3079 3966 corona,
3109 3905 3201 3974 qui
3250 3922 3386 3959 ven-

1813 3993 1911 4047 tris
1937 3992 2234 4062 ingluviem
2259 4001 2316 4046 et
2340 3993 2602 4062 reliquam
2634 4009 2854 4048 omnem
2885 3995 3387 4064 concupiscentiam

1814 4085 2196 4152 temperantia:
2231 4084 2388 4138 freno
2420 4085 2812 4154 suppressisti;
2847 4086 2940 4138 uui
2970 4095 3156 4140 autem
3185 4103 3394 4156 super-

1814 4176 1919 4231 bite
1947 4185 2004 4229 et
2056 4174 2345 4229 ambitioni
2404 4190 2470 4228 ex
2521 4174 2710 4228 animo
2763 4174 3144 4231 deturbandaa.
3179 4179 3385 4231 nullam

1812 4266 2130 4336 impendisti
2176 4266 2563 4335 diligentiam?
2594 4266 2738 4321 Dicit
2767 4268 3192 4322 l’arwmiastes:
3231 4288 3250 4320 ι
3296 4270 3386 4325 Fi-

1811 4361 1920 4416 lius
1944 4360 2116 4416 solers
2142 4360 2331 4414 obedit
2356 4361 2498 4428 patri
2533 4376 2655 4424 suo,
2673 4359 2818 4414 filius
2845 4369 3029 4414 autem
3062 4361 3388 4418 inobedieus

1815 4451 1871 4504 in
1924 4450 2233 4519 perditione
2267 4449 2458 4503 erit".
2497 4468 2515 4501 ι
2557 4451 2769 4504 Ιιυτοιιε
2801 4467 2814 4502 :
2857 4471 2874 4501 ι
2915 4451 3052 4516 Quia
3083 4452 3296 4516 vocavi,
3329 4463 3387 4507 et

143 4556 218 4603 τις
243 4543 337 4611 οὐχ
383 4541 650 4594 ὑπακούει
675 4541 851 4610 ήμῶν,
875 4540 964 4594 διὰ
1007 4541 1107 4610 τῆς
1159 4542 1449 4610 ἐπιπολῆς
1511 4546 1702 4599 τοῦτον

1809 4557 1916 4595 non
1972 4541 2315 4604 obedivistis,
2346 4541 2440 4596 sed
2491 4541 2641 4595 irrita
2693 4540 2902 4596 fecistis
2950 4543 3178 4596 consilia
3221 4559 3340 4598 mea
3369 4583 3384 4604 ,

149 4631 466 4701 σημειοῦσθε
492 4671 507 4695 ,
533 4633 627 4684 καὶ
663 4633 738 4701 μὴ
788 4648 853 4684 συ
867 4631 1263 4700 θαναμίγνυσθε
1309 4631 1478 4700 αὑτῷ,
1507 4632 1595 4684 ἵνα
1631 4630 1708 4701 μὴ

145 4722 462 4795 ἐντραπήτε.
511 4743 528 4774 ι
563 4724 674 4776 Καὶ
722 4722 861 4795 πρὸς
890 4722 1044 4776 Τῑτόν
1087 4740 1254 4795 φησιν
1290 4741 1304 4755 ’
1340 4741 1359 4774 ι
1401 4723 1554 4778 Εἰσὶν
1599 4723 1710 4793 γὰρ

147 4815 321 4867 πολλοὶ
353 4816 741 4882 ἀνυπότακτοι,
793 4816 1164 4886 ματαιολόγοι,
1207 4818 1299 4869 καὶ
1339 4816 1706 4884 φρεναπάται,

144 4904 227 4970 οὓς
255 4907 334 4961 δεῖ
370 4908 766 4978 ἐπιστομίζειν.
811 4927 830 4961 ι
865 4908 974 4962 Καὶ
1010 4908 1145 4979 πρὸς
1185 4908 1474 4979 Ἐϐραίους
1503 4925 1518 4939 ο
1549 4926 1568 4960 ι
1600 4909 1707 4962 Πε-

148 5001 464 5072 ρισσοτέρως
506 5002 562 5054 δὲ
593 5001 676 5054 δεῖ
697 5003 984 5072 προσέχειν
1023 5003 1170 5071 ἡμᾶς
1220 5002 1292 5072 μή
1337 5018 1469 5055 ποτε
1517 5018 1706 5072 παρα-

149 5091 370 5161 ρυῶμεν,
399 5112 418 5143 ι
453 5094 808 5164 Ἀποστῶμεν
828 5091 942 5162 οὖν,
965 5096 1263 5163 ἀγαπητοὶ,
1294 5095 1403 5147 ἀπὸ
1422 5095 1521 5163 τῆς
1538 5095 1704 5147 θανα-

145 5184 368 5252 τηφόρου
419 5184 622 5255 ταύτης
673 5186 981 5256 παρακοῆς,
1007 5186 1102 5238 καὶ
1136 5187 1369 5256 ὑπήκοοι
1412 5185 1704 5255 γενώμεθα

149 5274 200 5324 ὲν
235 5273 456 5340 ἅπασιν,
481 5277 593 5339 τοῖς
624 5281 1016 5346 πνευματικοῖς
1073 5277 1356 5347 Πατράσιν
1409 5277 1590 5348 ήμῶν,
1620 5279 1707 5330 ἴνα

148 5365 458 5435 ἀκούσωμεν
507 5367 659 5436 παρά
698 5368 796 5421 τοῦ
841 5370 1068 5440 Κυρίουο
1105 5389 1122 5420 ι
1177 5369 1234 5421 Ὀ
1263 5369 1479 5423 ἀκούων
1511 5369 1704 5438 ὑμῶν,

150 5454 272 5521 ίμοὺ
322 5456 534 5520 ἀκούει,
571 5458 663 5510 καὶ
691 5459 718 5510 ό
745 5457 1037 5529 δεχόμενος
1067 5459 1232 5527 ὑμᾶς,
1265 5458 1366 5526 ἐμὲ
1390 5458 1603 5528 δέχεται
1633 5474 1648 5489 ’
1676 5457 1706 5511 6

148 5545 200 5598 δι
230 5547 322 5616 ὲμὶ
369 5548 693 5618 δεχόμενος,
730 5549 942 5619 δέχεται
982 5550 1074 5603 τὸν
1106 5549 1504 5605 ἀποστείλαντά
1548 5565 1635 5620 με.
1681 5569 1700 5602 ι

152 5634 295 5701 Αὐτῷ
323 5638 354 5706 ή
383 5636 511 5702 δόξα
536 5639 615 5703 εἰς
649 5640 772 5701 τοὺς
795 5639 1016 5703 αἰῶνας.
1072 5640 1264 5710 Ἀμήν.

218 5746 258 5776 ⁸³
329 5749 578 5822 -Βοεηιν,
605 5751 655 5804 l‘i.
734 5751 780 5782 "
808 5752 824 5805 Ι
861 5753 991 5819 Reg.
1029 5770 1091 5806 xv
1134 5770 1285 5822 seqq.

155 5825 248 5881 Vn,
287 5818 365 5874 18.
421 5818 490 5852 "'
516 5821 674 5876 l‘rov.
711 5838 897 5885 unm,
940 5818 991 5878 ἓν.
1073 5825 1115 5855 ⁸⁵
1146 5818 1304 5877 Prov.
1341 5841 1425 5880 xv.
1459 5825 1508 5876 ὃ.

1366 5754 1405 5784 ιι
1442 5754 1627 5833 Inlteg.
1659 5773 1743 5833 xy.
1767 5754 1856 5808 ει.

1812 4632 1977 4703 igitur
2032 4640 2089 4686 et
2125 4641 2321 4687 vestrae
2373 4632 2670 4701 perditioni
2728 4633 3003 4686 iusultabo
3037 4648 3050 4686 :
3091 4634 3199 4687 erit
3236 4636 3388 4688 enim

1808 4723 2028 4793 quando
2055 4723 2384 4778 invocabitis
2407 4739 2514 4787 me,
2550 4739 2653 4793 ego
2682 4732 2864 4777 autem
2910 4739 3017 4778 non
3051 4724 3339 4778 exaudiam
3369 4741 3382 4778 :

1808 4824 2056 4883 quaerent
2118 4831 2206 4869 me
2269 4814 2420 4879 mali,
2453 4829 2555 4868 nec
2602 4814 2906 4878 invenient,
2941 4814 3070 4884 quia
3131 4815 3384 4869 timorem

1807 4906 2023 4961 Domini
2085 4907 2381 4961 noluerunt
2413 4923 2425 4959 :
2460 4905 2749 4960 comedent
2800 4905 2970 4974 igitur
3024 4903 3237 4960 fruetus
3285 4905 3388 4959 viae

1809 5017 1922 5056 suae
1947 5003 2010 5054 ⁵³.
2052 5021 2070 5052 ι
2099 5003 2300 5056 l-tcrum
2332 5018 2344 5054 '.
2385 5019 2404 5050 ι
2440 5000 2518 5054 Ne
2551 4998 2717 5068 impie
2742 5001 2923 5069 egeris
2953 5001 3208 5064 multum,
3237 5009 3292 5053 et
3317 5014 3385 5052 ne

1809 5093 1887 5148 sis
1909 5093 2082 5146 durus
2112 5111 2124 5144 :
2165 5099 2223 5144 ut
2255 5107 2321 5145 ne
2352 5091 2605 5145 moriaris
2633 5092 2686 5145 in
2729 5100 2976 5159 tempore
3007 5106 3116 5144 non
3153 5101 3246 5144 tuo
3276 5091 3377 5143 ".i

1809 5186 2046 5239 Rursum
2078 5202 2090 5237 :
2123 5203 2140 5233 ι
2177 5183 2282 5249 Qui
2312 5183 2552 5237 declinat
2599 5198 2788 5237 aurem
2842 5200 2911 5237 ne
2965 5183 3151 5237 audiat
3185 5184 3381 5252 legem,

1810 5277 1926 5346 ipse
1979 5291 2199 5346 quoque
2275 5275 2330 5330 in
2399 5276 2651 5330 oratione
2728 5291 2824 5330 sua
2877 5275 3234 5330 exsecrabilis
3260 5278 3382 5330 ⁵⁵.»

1813 5368 2014 5423 Alius:
2062 5387 2080 5419 ι
2127 5366 2232 5432 Qui
2284 5367 2464 5421 renuit
2495 5366 2776 5422 custodire
2820 5367 3167 5436 disciplinam
3216 5366 3388 5436 patris

1814 5459 1922 5522 sui,
1949 5459 2283 5528 excogitabit
2307 5458 2616 5513 locutiones
2647 5458 2816 5513 malas
2846 5458 2912 5511 ".
2949 5475 2966 5507 ι
2999 5458 3098 5513 Et:
3139 5476 3158 5509 ι
3205 5457 3386 5512 Semi-

1815 5568 1954 5608 nans
1981 5567 2264 5622 perversa,
2294 5561 2462 5606 metet
2489 5554 2629 5607 mala
2661 5572 2672 5605 :
2709 5552 2988 5607 inerudito
3011 5553 3157 5606 enim
3188 5567 3386 5606 occur-

1814 5644 1888 5697 rit
1937 5659 2087 5699 mors
2112 5645 2220 5697 ".i
2275 5644 2587 5699 Jeremias:
2630 5662 2646 5692 ι
2688 5642 3090 5697 Comertiuiiui
3147 5642 3214 5696 ad
3277 5657 3384 5706 me,

1971 5757 2015 5787 "
2049 5756 2208 5809 Prov.
2252 5773 2297 5814 κ,
2341 5757 2380 5808 1.
2463 5755 2504 5785 ⁵⁵⁸
2537 5755 2697 5808 l'ruv.
2737 5768 2772 5815 I,
2825 5753 2893 5806 24
2924 5752 3011 5806 51.
3123 5754 3169 5785 δ”
3203 5752 3386 5809 Eccle.

1615 5827 1656 5856 "
1688 5826 1848 5880 l’r0v.
1890 5842 2034 5888 xm,
2072 5827 2119 5877 8.
