4178 6436
801 387 941 451 1555
2052 407 2415 469 ANTIOCHI
2459 412 2801 474 MONACHI
3910 418 4053 479 1556

788 497 925 550 dicit
992 500 1255 558 Dominus
1290 514 1384 559 :et
1407 524 1514 561 non
1542 520 1661 563 erat
1683 512 1776 580 qui
1814 512 2033 567 audiret
2082 532 2183 570 nos
2212 519 2277 570 "'.
2318 537 2337 568 ι
2376 520 2715 589 Apostolus:
2754 543 2772 574 ι
2814 523 3016 593 Siquis
3046 542 3155 581 non
3213 529 3399 582 obcdit
3463 530 3641 590 nobis,
3703 546 3799 597 per
3829 527 4051 596 cpisto-

789 591 896 646 lam
929 592 1076 651 hunc
1103 608 1310 665 notate,
1344 611 1398 654 et
1428 618 1496 656 ne
1526 596 1993 662 commisceamini
2062 609 2159 673 illi,
2217 620 2275 665 ut
2330 613 2702 669 contundatur
2729 620 2793 670 ".
2867 637 2884 669 ι
2915 591 2923 593 7
2954 620 3085 674 Item
3123 620 3190 675 ad
3224 622 3407 676 Titum
3438 640 3452 676 :
3500 642 3516 673 ι
3558 624 3697 676 Sunt
3749 621 3905 675 multi
3966 621 4051 672 in-

789 686 1133 755 obedicntes,
1199 694 1484 761 loquentes
1538 714 1697 761 vana,
1754 708 1810 753 et
1864 702 2202 767 seductores,
2257 722 2396 775 quos
2432 718 2654 777 oportet
2719 712 2970 782 redargui
3012 715 3076 767 '°.
3115 736 3130 765 ι
3199 717 3279 770 Ad
3338 717 3632 771 Hebraeos:
3676 736 3693 767 ι
3739 714 4050 769 Abundan-

792 781 903 835 lius
927 792 1110 838 autem
1137 796 1357 855 oportet
1390 792 1674 846 attendere
1737 810 1860 856 nos.
1930 813 1997 851 uc
2061 797 2201 854 forte
2242 803 2728 868 prmtcrcﬂluamus
2766 806 2830 858 ".
2870 781 2901 858 »ί
2956 809 3037 861 Ab
3095 810 3195 864 hac
3252 812 3420 880 igitur
3486 811 3853 864 inobedientia
3924 824 4049 877 qua:

754 883 1225 967 Aprzesentancam
1280 880 1439 934 aﬂert
1489 892 1720 937 mortem
1758 886 1843 939 sui
1876 888 2159 954 studiosis,
2208 907 2369 959 quam
2409 894 2729 961 longissime
2783 913 2882 951 nos
2951 916 3265 966 avocemus,
3307 904 3617 957 charissimi
3685 913 3738 954 et
3781 900 4049 967 spiritua-

2212 940 2369 959 τη---
2411 940 2729 961 ,πο---.ων
2783 940 2882 951 η..-
2951 940 3265 966 υ...,υυ.....σ,
3308 940 3617 957 unum..."
3686 940 3738 954 ι.
3781 940 4022 967 ...η-.-η-

792 940 923 1015 lium
954 966 1174 1020 Patrum
1214 970 1557 1027 hortamenta
1629 990 2013 1034 consectcmur
2055 981 2110 1035 in
2174 984 2433 1037 omnibus
2471 988 2728 1055 morigeri
2769 1001 2827 1044 et
2866 992 3211 1055 obedientes.
3248 1005 3307 1048 ut
3345 996 3474 1047 illud
3514 1010 3541 1047 a
3574 996 3804 1048 Domino
3842 992 4047 1044 audia-

794 1073 916 1113 mus
945 1080 957 1112 :
1002 1080 1019 1111 ι
1065 1064 1167 1129 Οιιί
1195 1066 1348 1120 audit
1375 1084 1494 1134 vos,
1530 1082 1588 1126 et
1624 1090 1707 1127 me
1738 1078 1893 1130 audit
1922 1096 1934 1141 ;
1964 1078 2056 1147 qui
2087 1080 2288 1148 accipit
2321 1095 2437 1144 vos,
2474 1083 2679 1152 accipit
2710 1102 2836 1139 eum
2865 1089 2957 1157 qui
2991 1105 3076 1143 me
3108 1090 3259 1145 misit
3284 1092 3347 1142 ".
3391 1109 3407 1140 ι
3438 1090 3543 1158 Ipsi
3573 1090 3744 1157 gloria
3772 1087 3826 1140 in
3860 1101 4045 1140 sa-cu-

797 1152 865 1205 la.
906 1154 1097 1208 Amen.

1178 1275 1393 1345 1090
1418 1278 1697 1335 llOMILM
1753 1283 1991 1340 XXXIV.

1341 1391 1413 1443 De
1481 1396 1791 1450 obedientiu.

863 1495 966 1561 Qui
1002 1500 1219 1554 sincero
1261 1503 1457 1558 affectu
1504 1524 1599 1576 per
1631 1513 1811 1565 omnia
1850 1514 2214 1581 spiritualium
2268 1515 2363 1568 1³η-

797 1596 941 1641 trum
1005 1592 1335 1649 monitiones
1387 1608 1746 1660 sectatur,ct
1795 1602 2027 1668 obedit;
2067 1604 2202 1656 nihil
2252 1620 2360 1657 non

795 1694 985 1732 eorum
1041 1698 1165 1750 qua:
1217 1701 1317 1753 per
1365 1703 1422 1739 se
1474 1689 1619 1748 facit.
1664 1691 1730 1744 ad
1765 1692 1858 1745 Dei
1901 1694 2212 1748 transcribit
2244 1697 2359 1762 glu-

798 1771 973 1835 riam;
1039 1784 1094 1827 ct
1159 1776 1233 1829 illi
1299 1780 1391 1831 uni
1445 1780 1713 1849 quidquid
1770 1783 1930 1837 laude
1982 1801 2107 1837 cum
2170 1787 2362 1854 primis

796 1863 1018 1931 dignum
1046 1882 1238 1936 magna
1278 1872 1444 1924 animi
1482 1876 1831 1928 contentione
1860 1876 2129 1930 conficere
2169 1890 2361 1945 potue-

797 1953 899 2014 rit,
939 1956 1107 2008 multa
1175 1974 1299 2011 cum
1354 1962 1637 2015 alacritate
1692 1976 1997 2019 consecrat.
2057 1968 2151 2020 Vir
2202 1970 2362 2035 plane

796 2042 1081 2109 obcdieus,
1111 2050 1321 2103 tametsi
1353 2052 1404 2104 in
1436 2053 1544 2105 vita
1582 2057 1837 2122 prmsenti
1860 2065 1963 2120 est,
2018 2066 2256 2110 attamen
2291 2059 2361 2111 ita

794 2146 1157 2190 conversatur
1193 2146 1448 2207 tanquam
1485 2158 1513 2195 a
1571 2145 1777 2198 mundo
1809 2148 2047 2202 extorris
2078 2158 2133 2201 ct
2184 2149 2361 2203 exoti-

796 2241 934 2278 cus:
970 2230 1241 2295 propriam
1271 2233 1419 2284 enim
1466 2235 1798 2290 voluntatem
1838 2239 2204 2291 renuntiando
2237 2256 2361 2294 cutn

795 2332 826 2369 a
851 2333 909 2370 se
953 2323 1278 2378 excusserit.
1316 2339 1433 2376 eam
1469 2326 1684 2392 perlicit
1728 2328 1956 2381 liberius
1987 2345 2107 2397 qua:
2144 2331 2359 2383 Domini

796 2418 897 2461 est.
928 2409 1091 2479 Atqui
1123 2413 1245 2465 talis
1274 2414 1326 2466 in
1362 2432 1649 2469 numerqu
1682 2420 1877 2471 transit
1907 2420 2109 2473 Christi
2150 2421 2363 2475 confes-

796 2515 981 2552 sorum
1008 2518 1019 2552 :
1049 2516 1151 2555 nec
1196 2503 1247 2555 id
1294 2508 1605 2573 assequitur
1650 2510 1845 2571 solum,
1876 2510 1970 2563 sed
2002 2522 2057 2563 et
2090 2512 2234 2580 quod
2274 2529 2360 2565 re-

796 2590 1007 2659 liquum
1067 2595 1140 2647 illi
1201 2604 1285 2651 est
1343 2600 1604 2668 temporis
1669 2601 1754 2655 sui
1804 2602 2073 2657 iucelatus
2137 2618 2363 2672 prorsus

798 2683 933 2736 vivit
976 2699 1121 2739 curre
1155 2689 1334 2740 omnis
1371 2690 1527 2743 liber.
1558 2692 1636 2743 Ad
1674 2693 1806 2754 haec,
1841 2710 2006 2761 opere
2038 2694 2174 2761 ipso,
2202 2695 2361 2747 sedu-

798 2772 911 2826 lum
955 2790 1012 2827 se
1050 2777 1242 2843 prohat
1273 2780 1486 2833 Domini
1520 2782 1887 2836 imitatorem:
1922 2785 2038 2852 ipse
2058 2785 2205 2838 enim
2238 2806 2255 2836 ι
2285 2786 2363 2839 fa-

797 2876 920 2919 rtus
975 2876 1060 2920 est
1125 2870 1390 2925 obedicns
1445 2873 1510 2925 ad
1580 2887 1832 2938 mortem,
1876 2887 2106 2930 mortem
2180 2886 2361 2931 autem

797 2959 977 3011 erucis
1002 2960 1064 3011 ⁸³.
1107 2979 1124 3008 ι
1158 2961 1298 3014 Sane
1333 2963 1647 3017 obedientia
1678 2975 1758 3018 est
1785 3005 1798 3026 ,
1832 2982 1937 3034 qua
1981 2967 2106 3034 quis
2139 2982 2364 3035 persua-

796 3050 962 3103 detur
1014 3061 1070 3105 ct
1123 3053 1310 3106 obedit
1356 3055 1494 3108 citra
1531 3057 1695 3109 ullam
1724 3057 2197 3125 dijudicationem,
2224 3058 2363 3113 adeo

800 3150 859 3195 ut
886 3144 1031 3212 quod
1086 3146 1384 3212 superioris
1438 3149 1669 3215 imperio
1712 3149 2033 3216 imponitur,
2085 3150 2364 3217 jucundus

798 3233 922 3300 quis
949 3243 1004 3287 et
1030 3236 1230 3295 alacer.
1263 3254 1371 3290 non
1406 3240 1533 3291 item
1558 3240 1929 3300 turbulentus.
1956 3241 2186 3309 expleat.
2216 3240 2363 3294 Ohe-

798 3323 1006 3377 dientia
1066 3328 1401 3381 renuntiatio
1454 3330 1687 3398 propria:
1732 3341 1814 3384 est
1859 3332 2179 3394 voluntatis,
2214 3332 2361 3384 nulla

801 3431 906 3468 non
959 3417 1043 3470 sui
1082 3429 1235 3486 parte
1284 3420 1543 3487 perfecta.
1578 3438 1699 3490 qua:
1731 3424 1848 3476 solo
1878 3424 2243 3476 moderatoris
2278 3424 2362 3477 sui

796 3518 1007 3561 annutu
1056 3511 1123 3563 ad
1181 3511 1402 3579 quidvis
1454 3515 1793 3581 operandqu
1854 3515 1990 3568 nihil
2052 3515 2362 3569 turbulente

800 3610 1072 3654 movetur.
1104 3601 1183 3654 Ad
1231 3603 1497 3671 explenda
1544 3620 1709 3673 opere
1766 3607 2043 3671 mandata,
2092 3606 2327 3663 obedicn

799 3691 873 3744 tia
930 3692 1169 3760 primum
1248 3694 1477 3748 sortitur
1533 3696 1733 3750 locum.
1790 3699 1938 3757 Inter
1982 3718 2074 3756 eas
2130 3702 2363 3754 virtutes

797 3795 920 3846 quze
974 3781 1251 3837 hominem
1304 3784 1453 3842 velut
1518 3802 1683 3844 manu
1740 3792 1949 3847 ducunt
1974 3803 2029 3848 et
2065 3796 2364 3851 instituunt

3052 1298 3269 1350 Λ()Γ(1Σ
3330 1300 3451 1351 ΛΘ’.

3018 1410 3159 1478 Περὶ
3187 1407 3483 1475 ὑπακοῆς.

2555 1520 2610 1571 ’0
2640 1518 2947 1588 εἰλικρινῶς
2974 1520 3031 1571 ἐν
3064 1520 3230 1571 πᾶσιν
3260 1515 3555 1570 ὑπακούων
3584 1517 3697 1577 τοῖς
3736 1531 4041 1583 πνευματιο

2470 1610 2584 1670 κοῖς
2618 1611 2887 1679 πατράσιν
2916 1608 3101 1671 αὑτοῦ,
3128 1608 3196 1660 τά
3218 1609 3358 1661 κατά
3370 1607 3501 1660 Θεὸν
3528 1605 3604 1674 τῷ
3636 1605 3755 1674 Θεῷ
3782 1606 4040 1673 ἀνατίθη-

2473 1718 2578 1753 σ·.ν.
2598 1702 2655 1753 Ὀ
2688 1700 2930 1769 ὑπήκοος
2950 1699 3088 1769 ἀνὴρ
3120 1698 3221 1752 κᾶν
3243 1700 3299 1751 ὲν
3321 1699 3459 1769 τῷδε
3483 1698 3560 1767 τῷ
3590 1698 3690 1766 βίῳ
3714 1696 3903 1768 διάγῃ,
3926 1696 4040 1749 ἀλλ’

2466 1792 2540 1853 ὡς
2571 1792 2674 1854 ἔξω
2713 1792 2805 1844 τοῦ
2838 1793 3045 1860 κόσμου
3076 1792 3267 1845 τούτου
3302 1790 3667 1859 πομπεύεται.
3693 1787 3767 1840 Τὸ
3797 1788 3910 1856 γὰρ
3941 1787 4040 1839 αὑ-

2468 1885 2561 1936 τοῦ
2612 1883 2823 1953 θέλημα
2876 1884 3276 1955 ἀρνησάμενος,
3304 1883 3364 1934 τὸ
3418 1881 3511 1933 τοῦ
3558 1881 3764 1950 Κυρίου
3806 1878 4035 1931 ἐπιτελεῖ.

2473 1977 2579 2029 Καὶ
2606 1978 2634 2028 ὁ
2661 1975 2902 2037 τοιοῦτος
2950 1978 3061 2036 τοῖς
3100 1974 3461 2043 ὁμολογηταῖς
3513 1973 3948 2040 συναριθμεῖται·
3979 1970 4037 2021 οὑ

2473 2069 2630 2136 μόνον
2660 2067 2716 2118 δὲ
2746 2067 2923 2128 τοῦτο,
2948 2067 3083 2120 ἀλλὰ
3111 2069 3201 2121 καὶ
3228 2066 3545 2134 ἀμερίμνως
3571 2064 3677 2133 βιοῖ
3703 2064 3922 2115 ᾶπαντα
3952 2061 4038 2114 τὸν

2467 2157 2566 2222 ’τῆς
2603 2158 2889 2225 παρτιικίας
2924 2157 3086 2208 αὑτοῦ
3132 2159 3344 2225 χρόνον.
3384 2156 3528 2225 Πρὸς
3561 2155 3771 2215 τούτοις
3804 2154 3901 2204 καὶ
3953 2170 4041 2219 μι-

2473 2248 2646 2315 μητὴε
2679 2247 2772 2300 τοὺ
2809 2248 3013 2316 Κυρίου
3062 2248 3467 2309 ἀναδείκνυται,
3532 2246 3613 2298 ὅτι
3652 2264 3669 2295 ι
3716 2245 3891 2305 Αὐτὸς
3934 2245 4039 2295 ὑπ-

2471 2340 2628 2403 ήκοος
2656 2337 2872 2403 ἐγένετο
2895 2338 3058 2407 μέχρι
3092 2336 3344 2397 θανάτου,
3380 2335 3615 2387 θανάτου
3633 2334 3685 2385 δὲ
3714 2333 3975 2403 σταυροῦ.
4013 2351 4031 2382 ι

2483 2427 2726 2496 Ὑπακοὴ
2780 2427 2872 2480 οὑν
2934 2430 3083 2481 ἐστιν
3133 2427 3446 2495 ἀδιάκριτος
3491 2424 3698 2477 πειθώ·
3731 2424 3819 2475 ἴνα
3870 2423 4037 2483 τιςτὸ

2470 2518 2808 2584 προσταχθὲν
2853 2517 3071 2578 ἀλύπως
3115 2517 3421 2588 ἐπιτελέσῃ.
3467 2516 3712 2584 ’Υπακοή
3747 2515 3866 2566 ἐστι
3900 2530 4037 2564 παν-

2463 2606 2621 2677 τελὴς
2672 2607 2919 2677 ὑποταγεὶς
2965 2606 3058 2660 τοῦ
3106 2607 3240 2660 ἰδίου
3296 2608 3600 2677 θελήματος
3652 2604 4034 2673 ἑστερημένη,

2464 2701 2554 2751 καὶ
2590 2700 2733 2768 μόνῳ
2774 2700 2848 2769 τῷ
2874 2700 2969 2753 τοῦ
3005 2700 3421 2761 ἐπιστατοῦντος
3455 2699 3690 2767 νεύματι
3741 2695 4037 2763 ἀταράχως

2465 2794 2601 2861 πρὸς
2628 2796 2826 2863 πρᾶξιν
2854 2795 3146 2863 κινουμένη
3186 2795 3243 2846 ἐν
3277 2793 3477 2852 πάσαις
3521 2791 3785 2849 ἐντολαῖς.
3836 2789 3899 2841 Ἠ
3932 2789 4033 2839 ὑπ-

2465 2885 2602 2954 ακοὴ
2640 2887 2851 2954 πρῶτον
2881 2888 2936 2937 ὲν
2967 2886 3169 2946 πάσαις
3215 2887 3334 2945 ταῖς
3383 2884 3777 2949 εἰσαγωγικαῖς
3814 2880 4035 2949 ἀρεταῖς

2464 2978 2728 3044 ἔγνωσται
2754 2978 3019 3047 ὑπάρχειν
3045 2977 3224 3030 καλόν·
3251 2977 3345 3029 καὶ
3377 2977 3476 3045 τὴν
3505 2976 3605 3043 μὲν
3629 2975 3813 3043 οἴησιν
3830 2971 4031 3031 ἀθετεῖ,

2462 3070 2561 3136 τὴν
2599 3069 2655 3120 δὲ
2679 3069 3178 3136 ταπεινοφροσύνην
3217 3068 3409 3120 τίκτει.
3455 3066 3621 3136 Ἀρχὴ
3670 3064 3783 3131 γὰρ
3829 3064 4036 3129 γίνεται

2465 3160 2563 3227 τῆς
2617 3161 2696 3220 εἰς
2736 3158 2967 3227 Χριστὸν
3001 3159 3242 3227 ἀγάπης.
3273 3156 3435 3207 Ὀθεν
3470 3155 3563 3207 καί
3610 3156 3637 3206 ὁ
3684 3154 3923 3221 Χριστος
3963 3148 4036 3217 τῷ

2464 3251 2563 3316 τῆς
2606 3250 2919 3319 οἰκονομίας
2958 3250 3101 3317 λόγῳ
3155 3250 3283 3318 ἄχρι
3333 3246 3567 3316 σταυροῦ
3633 3247 3728 3297 καὶ
3778 3245 4033 3302 θανάτου.

2466 3342 2744 3411 ὑπήκουσε
2795 3341 2872 3408 τῷ
2926 3340 3120 3392 ἑαυτοῦ
3173 3339 3367 3407 “cupi,
3402 3339 3491 3391 ἵνα
3543 3337 3669 3398 τοὺς
3704 3338 3761 3388 ἐν
3820 3336 4033 3402 ὑπακοῇ

2466 3434 2756 3499 ζήσαντας,
2788 3434 2868 3494 είς
2930 3432 3150 3485 αἰώνιον
3188 3430 3333 3499 ζωὴν
3382 3429 3659 3500 ἐπαγάγῃ.
3698 3426 3797 3489 Τίς
3832 3422 3927 3479 οὖν
3962 3424 4037 3493 μὴ

2468 3515 2748 3594 μακάρίσῃ
2794 3523 2884 3574 τὸν
2916 3522 3155 3573 τοιοῦτον
3187 3537 3201 3583 ;
3238 3521 3454 3573 Μᾶλλον
3484 3521 3539 3574 δὲ
3571 3521 3653 3582 τίς
3698 3518 3776 3588 μὴ
3817 3518 4039 3588 ζηλώσῃ

2463 3616 2560 3685 τὴν
2598 3615 2849 3684 τοιαύτην
2903 3615 3210 3678 πολιτείανς
3238 3613 3309 3665 Τὸ
3344 3614 3450 3681 γὰρ
3510 3611 3739 3679 ἐκκόψαι
3786 3611 3851 3662 τὸ
3908 3610 4039 3662 ἴδιον

2464 3703 2673 3772 θέλημα
2716 3701 3118 3771 αίματεκχυσία
3142 3701 3279 3762 ἐστὶ,
3312 3701 3405 3752 καὶ
3440 3701 3518 3762 εἰς
3540 3700 3732 3751 θυσίαν
3759 3697 4038 3765 λογίζεται

2464 3792 2540 3861 τῷ
2561 3791 2829 3861 ἀνθρώπῳ
2856 3809 2870 3821 ·
2907 3793 2998 3843 καὶ
3028 3792 3291 3860 φρονίμου
3321 3792 3415 3842 καὶ
3440 3789 3647 3841 τελείου
3681 3789 3878 3855 ἀνδρός
3923 3790 4039 3840 ἐστι

796 3872 862 3923 ad
919 3873 1197 3940 pietatem,
1247 3880 1506 3948 quiddam
1556 3886 1833 3952 egregium
1885 3885 1939 3939 in
1979 3903 2036 3941 se
2072 3888 2362 3957 complecti

2467 3888 2527 3940 τὸ
2548 3886 2897 3955 κατόρθωμα.
2942 3886 3052 3937 Καὶ
3084 3886 3265 3953 σαφῶς
3293 3884 3533 3937 διδάσκει
3565 3885 3711 3952 ἡμᾶς
3742 3884 3772 3934 ὀ
3808 3881 4039 3937 Ἡσαΐας

797 3968 1129 4036 perspicitur
1163 3970 1505 4027 obedientia.
1540 3974 1665 4029 llscc
1697 3976 1920 4030 stultam
1954 3977 2103 4031 illam
2140 3980 2222 4032 sui
2252 3980 2367 4032 exi-

720 4090 721 4093 η
798 4058 1169 4113 stimationem
1228 4063 1343 4116 sive
1407 4065 1774 4133 arrogantiam
1844 4070 2362 4137 aspernaturzjure

797 4148 1043 4213 quidem.
1076 4166 1276 4219 parens
1306 4152 1587 4207 modestia:
1620 4170 1744 4208 cum
1776 4156 1845 4209 sit
1876 4166 2037 4226 atque
2084 4159 2365 4212 humilita-

800 4239 868 4291 tis
901 4259 912 4291 :
951 4242 1281 4310 principium
1312 4245 1457 4297 enim
1484 4245 1684 4300 divitirc
1718 4256 1801 4301 est
1835 4248 2183 4304 dilectionis:
2220 4250 2365 4304 umle

796 4339 852 4382 et
890 4331 1152 4384 Dominus
1191 4333 1343 4400 juxta
1399 4336 1664 4389 rationem
1710 4337 2139 4407 dispensationis
2191 4356 2364 4409 usque

796 4422 863 4473 ad
899 4436 1119 4475 crucem
1150 4433 1207 4478 et
1246 4434 1479 4479 mortem
1511 4427 1652 4481 Patri
1689 4444 1791 4483 suo
1832 4430 2097 4495 obcdivit,
2134 4432 2187 4485 in
2238 4432 2361 4494 hoc,

798 4522 861 4565 ιιι
888 4527 985 4565 eos
1011 4528 1151 4581 quos
1181 4517 1486 4583 comperiet
1509 4518 1562 4570 in
1595 4519 1695 4571 hac
1723 4520 1832 4574 vita
1868 4520 2195 4575 inoll‘ensum
2230 4522 2366 4575 obc-

797 4603 1016 4657 dientizc
1048 4606 1288 4659 tenuisse
1328 4608 1544 4667 callem.
1581 4610 1647 4662 ad
1682 4620 1942 4665 aeternam
1972 4613 2118 4666 illam
2144 4615 2369 4669 revehat

796 4696 986 4748 vitam.
1024 4696 1159 4760 Quis
1190 4714 1298 4750 non
1337 4698 1499 4752 talem
1534 4700 1839 4754 demiretur
1880 4718 1943 4755 ac
1978 4704 2197 4757 beatum
2228 4721 2356 4774 pra:-

797 4785 986 4839 dieet?
1012 4787 1156 4852 Quin
1188 4788 1372 4855 potius
1393 4790 1527 4857 quin
1556 4806 1663 4843 non
1704 4792 1847 4844 hanc
1876 4793 2220 4847 admirabilis
2244 4794 2368 4849 viue

801 4877 1069 4929 rationem
1107 4878 1329 4931 studeat
1370 4880 1616 4932 aetttulari
1642 4881 1665 4931 ?
1692 4882 2040 4937 Voluntatem
2088 4885 2366 4952 propriam

798 4982 828 5018 a
860 4975 911 5020 te
941 4969 1285 5030 exscindere.
1326 4970 1554 5038 perinde
1604 4981 1688 5025 est
1720 4988 1783 5025 ac
1827 4973 1871 5025 si
1904 4975 2189 5042 proprium
2241 4975 2367 5029 fun-

798 5060 896 5111 das
928 5060 1251 5127 sanguinem
1288 5079 1299 5113 :
1334 5061 1430 5115 scd
1463 5073 1518 5115 et
1549 5062 1662 5116 haec
1694 5064 1901 5116 homini
1942 5065 2246 5132 imputatur
2269 5082 2368 5135 pro

799 5151 1042 5203 victima.
1076 5150 1303 5205 Ftinctio
1357 5153 1492 5215 hmo,
1532 5154 1637 5207 hoc
1667 5171 1889 5217 munus,
1932 5156 2032 5208 viri
2085 5157 2243 5225 plane
2284 5169 2369 5212 est

2466 3979 2657 4043 λέγων·
2704 3976 2828 4029 Ἐὰν
2893 3979 2966 4046 μὴ
3015 3978 3245 4046 ποιήσῃς
3290 3976 3351 4028 τὸ
3397 3975 3609 4044 θέλημα
3652 3975 3715 4027 τὸ
3762 3974 3857 4027 σὸν
3888 3975 4037 4041 ivra

2466 4068 2649 4139 ἡμέρᾳ
2680 4070 2745 4138 τῇ
2804 4067 2960 4136 ἁγίᾳ,
2989 4066 3086 4119 καὶ
3129 4066 3229 4119 οὐκ
3292 4067 3431 4137 ἄρῃς
3475 4066 3566 4117 τὸν
3620 4064 3756 4116 πόδα
3822 4079 3923 4115 σου
3954 4062 4039 4115 ἐπ’

2466 4158 2644 4230 ἔργον,
2673 4157 2793 4209 οὑδὲ
2819 4157 3058 4227 λαλήσῃς
3083 4155 3241 4223 λόγον
3270 4156 3327 4207 ὲν
3358 4154 3519 4223 ὀργῇ.
3554 4154 3650 4206 καὶ
3688 4152 3788 4221 ἔσῃ
3838 4167 4039 4203 πεποι-

2467 4249 2575 4311 θὼς
2617 4249 2709 4301 ἐπὶ
2746 4246 2969 4319 Κύριον,
3004 4246 3099 4299 καὶ
3144 4246 3380 4315 ψωμιεῖς
3407 4244 3475 4296 τὰ
3501 4242 3686 4311 ἀγαθὰ
3710 4242 3810 4311 τῆς
3842 4242 3976 4311 γῆς.
4018 4260 4034 4291 ι

2465 4341 2633 4409 Φησὶν
2682 4339 2740 4392 δὲ
2795 4340 2823 4391 ὀ
2865 4337 3027 4405 σοφὸς
3075 4336 3348 4405 Σολομὼν·
3378 4353 3396 4385 ι
3439 4334 3562 4396 Υἱὸς
3621 4333 3895 4401 ἐγενόμην
3947 4333 4039 4385 καὶ

2466 4433 2633 4501 πατρὶ
2659 4432 2917 4499 ὑπήκοος,
2951 4429 3043 4481 καὶ
3082 4430 3139 4480 ἐν
3166 4425 3439 4496 προσώπῳ
3473 4426 3678 4495 μητρὸς
3730 4423 4041 4492 ἀγαπώμεο

2467 4524 2819 4585 νος-οἵτινες
2871 4521 3150 4574 ἐδίδασκον
3203 4535 3269 4587 με
3330 4519 3611 4586 λέγοντες’
3684 4516 4041 4586 Ἑρείδοιτοό

2465 4612 2622 4681 λόγος
2677 4611 2835 4681 ἡμῶν
2879 4611 2937 4662 ὲν
2965 4612 3032 4679 τῇ
3069 4607 3269 4677 καρδία
3309 4623 3428 4659 σου.
3469 4625 3487 4657 ι
3523 4607 3631 4658 Καὶ
3666 4606 3845 4663 ἄλλος·
3885 4625 3906 4656 ι
3944 4609 4039 4667 Ὃς

2466 4704 2729 4769 φυλάσσει
2790 4700 3032 4769 ἐντολὴν,
3056 4700 3214 4768 τηρεῖ
3270 4697 3370 4765 τὴν
3414 4694 3609 4748 ἑαυτοῦ
3660 4694 3843 4763 ψυχήν
3872 4710 3887 4723 ·
3928 4695 3958 4746 ὁ
3985 4693 4040 4745 δὲ

2466 4792 2825 4863 καταφρονῶν
2873 4789 2983 4843 τῶν
3028 4786 3220 4841 ἑαυτοῦ
3278 4786 3436 4847 ὁδῶν,
3463 4784 3839 4837 ἀποθανεῖται.
3871 4803 3895 4834 ι
3934 4786 4040 4836 Καὶ

2467 4884 2647 4937 πάλιν·
2679 4902 2697 4933 ι
2736 4880 3022 4951 Μακάριος
3053 4879 3112 4940 ὃς
3141 4878 3522 4947 καταπατήσει
3560 4877 3738 4930 πάντα
3772 4876 3845 4929 δι’
3874 4876 4041 4930 εὐλά-

2466 4977 2639 5029 ϐειαν.
2687 4975 2747 5027 'O
2777 4973 2886 5043 γὰρ
2927 4971 3215 5039 φυλάσσων
3245 4967 3487 5039 ἐντολὴν,
3531 4968 3592 5020 οὑ
3624 4966 3903 5033 γνώσεται
3950 4985 4042 5019 ποι

2467 5066 2626 5135 νηρά.
2660 5084 2677 5115 ι
2697 5065 2756 5116 '0
2785 5064 2839 5115 δὲ
2870 5064 3074 5132 Πέτρος
3103 5058 3410 5113 ὶπιστέλλει
3438 5058 3631 5124 λέγων·
3655 5076 3674 5107 ι
3702 5059 4041 5127 ’Υποτάγετε

2468 5153 2561 5210 οὖν
2599 5158 2749 5226 πάσῃ
2778 5152 3097 5224 ἀνθρωπίνῃ
3135 5151 3309 5204 κτίσει
3342 5150 3431 5202 διά
3465 5148 3556 5201 τὸν
3589 5147 3817 5217 Κύριον.
3850 5150 3970 5202 Καὶ
3997 5148 4041 5198 οἱ

798 5247 855 5291 et
893 5240 1182 5307 prudentis
1205 5250 1261 5294 et
1291 5242 1519 5309 perfecti
1548 5261 1562 5295 :
1598 5244 1652 5296 Id
1687 5245 1836 5312 quod
1864 5222 2167 5300 clarissiinc
2202 5248 2365 5303 docet

2472 5248 2681 5299 οἰκέται
2721 5222 3156 5310 ὑποτασσόμενοι
3216 5244 3274 5293 ἐν
3319 5239 3484 5291 παντὶ
3510 5239 3662 5307 τόπῳ
3704 5239 3818 5300 τοῖς
3847 5238 4045 5290 Beato—

800 5345 902 5382 nos
963 5331 1126 5385 Isaias
1184 5331 1377 5386 dicens
1415 5350 1427 5385 :
1475 5353 1492 5382 ι
1532 5334 1588 5388 Si
1633 5350 1740 5387 non
1775 5335 1977 5389 feceris
2026 5337 2366 5392 voluntatem

802 5428 949 5473 tuam
995 5420 1049 5472 in
1089 5420 1176 5473 die
1222 5430 1432 5483 sancto,
1468 5431 1520 5474 et
1546 5438 1653 5474 non
1687 5424 1949 5478 extuleris
1976 5427 2169 5493 pedem
2214 5436 2365 5481 tuum

802 5512 868 5565 ad
913 5528 1069 5582 opus.
1111 5530 1287 5583 neque
1341 5515 1558 5570 locutus
1583 5516 1753 5571 fueris
1793 5518 2019 5572 verbum
2047 5518 2101 5573 in
2129 5520 2228 5582 ira,
2259 5522 2369 5575 eris

873 5692 914 5717 -“
940 5690 1135 5744 Jei'cnt.
1172 5708 1250 5755 ιιι,
1283 5694 1370 5745 9'3.

806 5775 865 5824 ιι,
902 5761 952 5809 κ.

1449 5695 1489 5723 ⁵³³
1523 5695 1560 5747 ll
1625 5696 1817 5748 Thess.
1880 5714 1955 5757 ιιι,
1996 5699 2074 5751 Η.

2153 5700 2195 5723 ⁸⁸⁵
2257 5700 2361 5751 Tit.
2420 5715 2454 5759 ι,
2503 5699 2584 5751 ll.

2468 5355 2609 5400 ταις,
2639 5338 2698 5388 οὑ
2737 5336 2897 5404 μόνον
2942 5337 3052 5395 τοῖς
3104 5332 3350 5400 ἀγαθοῖς.
3390 5332 3485 5385 καὶ⁵
3530 5332 3642 5391 τοῖς
3706 5330 4040 5391 ἐπιεικέσιν.

2468 5429 2606 5483 ἀλλὰ
2637 5429 2868 5487 καὶτοῖς
2923 5424 3178 5485 σκολιοῖς.
3223 5443 3241 5474 ι
3288 5420 3563 5482 ὀσαύτως
3606 5421 3703 5474 καὶ
3744 5423 3772 5472 ὁ
3826 5419 4042 5480 Παὺλός

2471 5538 2656 5592 φησιν·
2696 5540 2712 5572 ι
2760 5519 2840 5571 Τά
2878 5518 3039 5569 τέκνα
3082 5514 3387 5569 ὑπακούετε
3427 5516 3538 5575 τοῖς
3566 5512 3788 5581 γονεῦσι
3819 5529 3834 5545 ’
3866 5532 3889 5565 ι
3929 5511 4038 5565 καί·

2662 5700 2700 5726 ⁸⁸
2733 5695 2894 5751 11ο·¹ιι·.
2948 5711 3002 5749 ιι.
3054 5696 3098 5747 l.
3212 5693 3409 5746 ¹⁴¹Ι.ιιο.
3446 5708 3505 5757 v,
3546 5692 3625 5743 lli.

3708 5694 3755 5727 ⁸³
3800 5693 4039 5765 Philipp.
