4178 6436
128 440 249 508 1557

1148 457 1473 516 IIOMILIA
1520 459 1637 517 XL.
1681 482 1750 495 —
1789 459 1886 518 DE
1925 460 2338 522 CALUMNIA.

3221 463 3355 527 1558

125 579 139 608 ι
175 562 231 608 (Ii
285 557 481 615 δοῦλοι.
538 559 841 613 ὑπακούετε
875 562 987 622 τοῖς
1038 565 1180 615 κατὰ
1236 566 1414 634 σάρκα
1462 566 1669 634 κυρίοις

1792 566 2026 621 iduciam
2056 567 2266 622 habens
2291 570 2343 622 in
2370 569 2620 634 Domino,
2657 576 2713 624 et
2745 568 2949 624 cibahit
2978 579 3029 624 tc
3058 569 3219 624 bonis
3249 580 3356 624 ter-

121 647 280 715 ὑμῶν,
307 651 380 717 μὴ
412 653 528 702 κατ’
546 651 1058 720 ὀφθαλμοδουλείας,
1087 654 1161 716 ὡς
1188 656 1665 725 ἀνθρωπάρεσκοι.

117 740 219 793 ἀλλ’
246 741 300 791 ἐν
319 740 424 808 ιρὸὗ
447 763 469 805 ς)
494 743 649 794 Θεοῦ.
673 762 690 792 ο
719 745 822 795 Καὶ
841 745 1096 814 ἀλλαχοῦ·
1124 765 1141 795 ι
1163 748 1259 798 Διὰ
1276 747 1434 799 τοῦτο
1455 747 1670 816 ἔγραψα

117 833 236 900 ὑμῖν
267 833 351 884 ἵνα
391 834 503 900 γνῶ
534 835 634 904 τὴν
667 835 896 906 δοκιμὴν
937 838 1110 904 ὑμῶν,
1149 840 1195 890 εἰ
1236 841 1314 898 εἰς
1348 841 1526 892 πάντα
1565 840 1670 892 ὑπ-

119 926 260 991 ήκοοί
293 928 438 981 ἐστε.
464 945 481 977 ι
528 927 546 999 l
581 929 708 981 Καί·
741 949 757 979 ι
788 929 854 981 Εἴ
894 948 978 993 τις
1007 932 1105 1001 οὐχ
1165 931 1429 985 ὑπακούει
1495 930 1668 1000 ὑμῶν,

115 1021 195 1070 τὸν
261 1018 504 1071 τοιοῦτον
591 1020 677 1072 διὰ
778 1023 876 1090 τῆς
934 1023 1227 1091 ἐπιστολῆς
1297 1023 1622 1092 σημειοῦσθε
1655 1065 1668 1084 ,

116 1113 199 1163 λαὶ
253 1113 325 1181 μὴ
379 1115 848 1181 συναναμίγνυσθε
893 1115 1059 1186 αὐτῷ.
1101 1115 1148 1186 ι]
1182 1117 1289 1169 Καὶ
1320 1113 1493 1177 αὖθις
1537 1134 1555 1163 ι
1608 1117 1670 1170 Ἦ

115 1201 211 1271 γάρ
237 1201 390 1270 ὑμῶν
425 1203 638 1274 ὑπακοὴ
681 1205 761 1267 είς
809 1206 1020 1266 πάντας
1063 1206 1311 1275 ἀφίκετο.
1351 1225 1369 1256 ι
1410 1207 1517 1258 Καὶ
1544 1208 1672 1274 περὶ

113 1294 195 1346 τοῦ
224 1296 426 1364 Κυρίου
452 1309 464 1322 '
509 1315 526 1346 ι
566 1297 782 1368 Καίπερ
809 1299 884 1351 ὢν
911 1299 1036 1362 Υἱὸς
1057 1298 1262 1370 εμαθεν
1286 1300 1378 1368 ἀφ’
1403 1294 1478 1353 ὧν
1502 1299 1671 1352 ἔπαθε

112 1387 201 1454 τὴν
255 1388 525 1457 ὑπακοὴν,
570 1391 666 1442 καὶ
715 1391 1026 1454 τελειωθεὶς
1079 1394 1299 1461 ἐγένετο
1358 1397 1495 1446 πᾶσι
1555 1397 1670 1457 τοῖς

115 1479 470 1532 ὑπακούουσιν
508 1481 658 1551 αύτῷ
692 1485 864 1546 αἴτιος
897 1486 1174 1555 σωτηρίας
1215 1486 1454 1540 αἰωνίου.
1501 1507 1519 1538 ι
1560 1488 1672 1540 Καὶ

111 1573 135 1620 ὁ
166 1570 382 1639 Κύριος·
423 1592 440 1624 ι
489 1574 884 1643 Καταὸἑὸηκα,
923 1579 1109 1646 φησὶν,
1160 1579 1225 1630 ὲκ
1267 1579 1359 1630 τοῦ
1415 1579 1668 1649 ούρανοῦ,

111 1662 197 1729 οὐχ
229 1663 312 1715 ἴνα
343 1664 484 1717 ποιῶ
504 1667 564 1717 τὸ
592 1665 803 1735 θέλημα
830 1669 892 1720 τὸ
913 1669 1066 1737 ἐμὸν,
1089 1670 1222 1722 ἀλλὰ
1248 1673 1307 1722 τὸ
1336 1670 1547 1740 θέλημα
1576 1672 1669 1725 τοῦ

111 1755 414 1823 πέμψαντος
454 1775 519 1827 με
567 1759 800 1829 Πατρός.
831 1758 966 1831 [Καὶ
1001 1761 1184 1814 πάλιν·
1224 1782 1241 1813 ι
1285 1762 1342 1815 '0
1386 1763 1671 1832 δεχόμενος

113 1845 266 1912 ὑμᾶς,
293 1848 391 1916 ἐμὲ
427 1850 662 1917 δέχεται.
704 1869 722 1901 ι
753 1853 861 1904 Καὶ
886 1849 1062 1916 αὖθις·
1107 1873 1125 1904 ι
1168 1855 1226 1905 Ὀ
1254 1854 1466 1907 ἁκούων
1506 1856 1667 1924 ὑμᾶς,

1777 656 1936 710 ne“.
1978 675 1995 706 ι
2033 656 2290 711 Salomon
2331 659 2459 713 item
2501 679 2514 714 :
2557 679 2575 711 ι
2612 658 2785 714 Filius
2837 657 2916 711 fui
2963 669 3015 712 et
3059 675 3160 728 ego
3214 659 3353 728 patri

1774 753 2062 819 urit-(licus,
2106 760 2162 806 et
2217 753 2454 806 dilectus
2494 753 2548 805 in
2602 759 2905 819 conspectu
2942 751 3135 804 matris
3163 765 3294 804 mea:
3332 769 3343 802 :

1774 845 1868 912 qui
1903 845 2176 899 docebant
2209 861 2293 899 me
2325 844 2573 898 dicentes
2603 860 2616 894 :
2642 842 3017 896 Conlirmetur
3047 855 3228 893 sermo
3259 857 3353 893 uo-

1775 947 1891 991 ster
1927 939 1982 991 in
2018 940 2185 992 corde
2214 948 2307 992 tuo
2327 938 2387 990 ⁸³.
2435 956 2453 988 ι
2489 937 2648 990 Alius
2680 935 2946 1004 insuper:
2988 955 3004 986 ι
3040 935 3143 999 Qui
3175 944 3356 988 custo-

1775 1029 1854 1082 dit
1888 1030 2225 1086 mandatum,
2247 1035 2538 1082 conservat
2561 1027 2797 1080 animam
2822 1041 2974 1079 suam
2996 1042 3010 1088 ;
3031 1025 3129 1093 qui
3166 1033 3352 1078 autem

1775 1119 2003 1188 negligit
2045 1118 2162 1171 vias
2207 1133 2355 1178 suas,
2383 1116 2653 1170 morietur
2690 1116 2754 1167 “.
2794 1133 2813 1165 ι
2852 1115 3064 1168 Rursus
3100 1133 3113 1166 :
3162 1134 3178 1164 ι
3222 1114 3358 1168 Bea-

1778 1217 1864 1261 tus
1889 1209 1973 1262 vir
1993 1209 2086 1279 qui
2118 1207 2274 1261 timet
2302 1208 2482 1260 omnia
2508 1222 2606 1276 per
2635 1204 3188 1273 circumspectionem
3219 1221 3233 1268 ;
3261 1204 3355 1272 qui

1774 1302 1920 1355 enim
1980 1302 2223 1356 custodit
2278 1303 2621 1365 mandatum,
2666 1317 2776 1356 non
2823 1300 3027 1354 sentiet
3056 1298 3354 1367 quidquam

1777 1399 1902 1452 mali
1943 1401 2007 1452 ".
2049 1419 2067 1449 ι
2127 1398 2368 1452 Proinde
2399 1399 2592 1452 Petrus
2649 1413 2748 1468 per
2806 1395 3110 1465 Epistolaln
3168 1393 3351 1448 dicit:

1783 1513 1800 1544 ι
1867 1491 2114 1561 Subjecti
2189 1491 2360 1560 igitur
2415 1499 2589 1544 estote
2663 1490 2808 1543 omni
2893 1489 3146 1542 humana:
3200 1501 3355 1538 crea-

1774 1595 1909 1639 tura:
1965 1594 2190 1653 propter
2261 1585 2553 1637 Dominum
2617 1583 2683 1634 ⁸⁸.
2764 1600 2781 1632 ι
2832 1582 2900 1634 Ει
2958 1598 2970 1632 ;
3045 1598 3063 1628 ‹
3148 1573 3355 1630 Famuli

1775 1677 2008 1747 subjecti
2071 1677 2124 1730 in
2174 1676 2322 1730 omni
2385 1676 2526 1738 loco,
2554 1672 2798 1728 dominis
2839 1687 2948 1725 non
2982 1671 3159 1723 solum
3197 1666 3360 1721 bonis

1775 1776 1830 1847 ςι
1862 1769 2145 1830 modestis,
2178 1767 2276 1822 sed
2334 1769 2500 1820 etiam
2556 1765 2796 1837 dyscolis
2825 1765 2889 1816 ".
2928 1783 2944 1813 ι
2998 1761 3245 1815 Similem
3302 1759 3356 1812 in

1779 1858 2001 1911 modum
2031 1858 2232 1912 Paulus
2267 1874 2279 1909 :
2322 1877 2338 1906 ι
2377 1855 2518 1916 Filii,
2551 1853 2771 1908 obedite
2796 1850 3135 1921 parentibus.
3178 1866 3194 1896 ι
3233 1847 3299 1901 Ει
3343 1864 3357 1898 ;

110 1938 232 2004 ἐμοῦ
256 1941 468 1994 ἀκούει.
501 1963 519 1994 ι
544 1941 565 2013 ]
591 1945 801 2014 Δύτῷή
826 1945 953 2007 δόξα
978 1947 1058 2007 εἰς
1081 1948 1205 2008 τοὺς
1227 1946 1450 2005 αἰῶνας.
1481 1949 1675 2018 ’Δμήν.

1790 1970 1804 1998 ι
1851 1949 2030 2012 Servi,
2073 1947 2294 2002 obedite
2352 1945 2670 2001 carnalibus
2717 1944 2959 1998 dominis
2998 1940 3219 1998 vestris,
3251 1952 3358 1990 nou

111 2029 168 2082 ad
191 2032 408 2086 oculum
432 2035 758 2098 servientes,
794 2037 950 2104 quasi
983 2037 1263 2105 placentes
1295 2038 1635 2105 hominibus,
1661 2039 1866 2108 1091
1892 2039 1986 2093 sed
2021 2041 2074 2094 in
2106 2041 2303 2094 timore
2335 2040 2428 2093 Dei
2458 2040 2553 2091 ⁷⁸.»
2588 2037 2709 2091 ΑΙίο
2733 2036 2863 2089 item
2895 2035 3016 2087 loco
3044 2051 3058 2085 :
3091 2051 3107 2082 ι
3134 2031 3361 2097 Propter

111 2123 206 2173 huc
251 2126 451 2194 scripsi
495 2127 675 2192 vobis,
707 2138 768 2181 ut
798 2128 1118 2197 intelligatis
1177 2129 1563 2197 probationem
1633 2141 1894 2193 vestram,
1921 2132 1966 2186 si
2002 2133 2054 2186 in
2095 2132 2354 2185 omnibus
2409 2131 2733 2185 obedientcs
2762 2131 2896 2183 estis
2929 2129 2995 2179 τ’.
3037 2145 3054 2176 ι
3093 2123 3304 2177 Rursus
3343 2138 3354 2172 ε

115 2233 129 2262 ι
167 2215 348 2269 Vestra
403 2221 550 2274 enim
592 2221 908 2275 obedientia
974 2223 1040 2275 ad
1086 2237 1278 2276 omnes
1331 2225 1583 2292 pervenit
1632 2226 1700 2278 ⁷³.
1764 2243 1784 2277 ι
1835 2228 1903 2281 Ει
1933 2228 2000 2280 de
2029 2227 2258 2280 Domino
2303 2244 2316 2280 :
2361 2245 2378 2276 ι
2431 2227 2498 2278 Ει
2535 2225 2760 2294 quidem
2789 2238 2915 2277 cum
2955 2229 3101 2275 esset
3167 2219 3359 2277 Filius,

111 2308 294 2364 didicit
337 2328 405 2366 ex
461 2315 528 2368 iis
593 2332 716 2384 qua:
749 2332 943 2385 passus
975 2325 1080 2378 est,
1112 2317 1512 2382 obedientiam,
1570 2328 1626 2373 et
1676 2332 2094 2374 consummatus
2163 2321 2340 2373 factus
2392 2330 2475 2373 est
2539 2318 2800 2372 omnibus
2854 2311 3357 2383 obtemperantibus

112 2402 230 2465 sibi,
269 2421 434 2460 causa
483 2407 677 2461 salutis
707 2420 930 2463 aeternae
964 2411 1032 2462 ".
1078 2429 1095 2460 ι
1143 2411 1406 2464 Dominus
1457 2411 1696 2480 denique
1737 2413 1810 2465 ait
1843 2430 1855 2465 :
1896 2432 1914 2463 ι
1961 2413 2228 2466 Descendi
2252 2414 2320 2466 de
2344 2413 2504 2474 cmlu,
2543 2428 2650 2464 non
2695 2419 2753 2465 ut
2792 2411 2984 2464 faciam
3021 2409 3360 2462 voluntatem

115 2515 299 2563 meam,
325 2499 422 2556 sed
451 2501 786 2556 voluntatem
805 2504 945 2573 ejus,
968 2504 1063 2572 qui
1084 2503 1231 2557 misit
1254 2521 1359 2568 me,
1387 2504 1562 2558 Patris
1594 2506 1636 2536 ⁷⁸
1684 2523 1695 2558 :
1725 2525 1743 2556 ›
1791 2506 1876 2560 cui
1913 2513 1969 2558 et
2013 2506 2184 2574 gloria
2233 2515 2289 2559 et
2325 2505 2617 2573 imperium
2657 2506 2710 2558 in
2768 2503 2965 2557 sarcula
3013 2499 3358 2555 sreeulorum.

118 2591 307 2643 Amen.

721 2708 940 2761 ΛΟΓΟΣ
967 2709 1055 2763 Μ’.

603 2820 738 2888 Περὶ
755 2823 1187 2891 συκοφαντίας.

183 2933 363 2982 Δεινὸν
403 2933 466 2984 τὸ
504 2935 604 3002 τῆς
633 2937 1001 3001 συκοφαντίας
1034 2937 1227 2999 πάθος,
1274 2938 1476 3004 μᾶλλον
1505 2940 1562 2992 δὲ
1591 2941 1686 2992 καὶ

118 3020 438 3086 διαϐολικδν,
469 3026 608 3079 κατὰ
641 3026 701 3077 τὸ
743 3028 872 3097 περὶ
901 3027 1066 3080 αὑτοῦ
1097 3031 1154 3081 ἐν
1185 3031 1434 3098 Ψαλμοῖς
1459 3032 1684 3102 εἰρημέ-

121 3131 202 3165 νον
224 3131 238 3145 ·
272 3113 642 3170 Ταπεινὼσει
678 3119 1094 3187 συκοφάντην.
1125 3122 1414 3174 Ἀσπονδοι
1453 3122 1562 3191 γὰρ
1595 3122 1684 3174 ὅν-

120 3219 202 3264 τες
251 3207 345 3257 καὶ
393 3207 704 3276 θεοστυγεῖς
747 3211 795 3261 oi
845 3211 1223 3279 συκοφάνται,
1273 3213 1554 3274 κοινωνοὶ,
1591 3213 1684 3266 καὶ

2357 2710 2636 2764 IIOMIUA
2679 2709 2792 2763 XL.

2377 2824 2450 2877 De
2493 2822 2786 2877 calumnia.

1861 2940 2116 2993 Pcrvicax
2151 2949 2206 2992 et
2237 2940 2493 3008 perplexa
2525 2948 2608 2992 est
2640 2937 2857 2990 all'cctio
2894 2936 3007 2988 lnec
3034 2931 3359 2996 calumnias;

1786 3031 1971 3085 verius
1999 3031 2229 3085 dixerim
2260 3046 2380 3085 esse
2411 3030 2762 3088 diabolicam.
2799 3027 3104 3081 secundum
3138 3025 3191 3080 id
3215 3025 3361 3095 quod

1788 3123 1855 3176 de
1881 3140 1943 3176 ca
1974 3125 2025 3176 in
2063 3122 2289 3176 Psalmis
2311 3121 2520 3175 dictmn
2551 3130 2636 3174 est
2671 3138 2682 3173 :
2719 3117 3032 3172 Humiliabit
3059 3116 3361 3169 calumnia-

1788 3216 2046 3267 torcm".
2106 3215 2266 3266 Tales
2327 3213 2533 3266 nemini
2602 3210 2990 3271 conciliantur,
3043 3207 3194 3261 inlidi
3237 3222 3362 3262 cum

123 3295 472 3364 συμμέτοχοι,
503 3297 597 3349 καὶ
630 3299 1062 3368 συγκληρονόμοι
1083 3299 1324 3366 γίνονται
1350 3304 1461 3363 τοῖς
1479 3301 1680 3370 προδώ-

1790 3307 1920 3366 sint,
1949 3316 2004 3358 ct
2033 3321 2130 3373 per
2162 3305 2285 3367 hoc,
2316 3305 2424 3357 Deo
2449 3303 2607 3356 invisi
2635 3303 2890 3356 maxime.
2924 3300 3145 3353 lllormn
3170 3313 3365 3353 accen-

124 3398 270 3435 σασιν
297 3385 389 3436 καὶ
415 3385 794 3453 σταυρώσασιν
819 3385 916 3455 τὴν
947 3386 1203 3454 ἀλήθειαν
1224 3405 1235 3416 ·
1268 3387 1566 3449 τουτέστιν,
1597 3387 1689 3438 τὸν

123 3474 316 3545 Κύριον
364 3477 523 3544 ἡμῶν
573 3477 782 3545 Ἰησοῦν
823 3477 1077 3547 Χριστόν.
1119 3497 1137 3528 ι
1189 3477 1329 3543 Ἐγὼ
1377 3477 1486 3548 γάρ
1535 3479 1685 3546 εἰμι,

123 3567 297 3632 φησὶν,
332 3569 364 3635 ἡ
392 3567 621 3633 ἀλήθεια
648 3609 662 3629 ,
692 3569 786 3621 καὶ
818 3569 849 3637 ἡ
878 3569 1014 3636 ζωή.
1051 3586 1069 3618 ι
1111 3568 1560 3638 Παρακελεύεται
1596 3565 1690 3621 οὖν

122 3656 147 3706 ὁ
173 3657 329 3725 νόμος
357 3657 554 3724 λέγων,
586 3659 697 3710 Οὐκ
732 3659 961 3726 ἐμμένει
997 3659 1209 3728 μάρτυς
1242 3652 1321 3720 εἷς
1346 3657 1488 3711 κατὰ
1510 3661 1692 3712 πᾶσαν

123 3747 327 3802 ἀδικίαν
349 3752 448 3803 καὶ
480 3752 758 3821 ἁμαρτίαν
791 3752 855 3820 ἦν
880 3753 1151 3821 ἥμαρτεν.
1183 3769 1200 3801 ι
1243 3752 1368 3805 Ἐπὶ
1400 3752 1689 3819 στόματος,

125 3840 280 3906 φησιν
304 3880 318 3901 ν
358 3840 455 3894 δύο
486 3841 518 3910 ἦ
547 3841 714 3910 τριῶν
759 3841 1058 3911 μαρτύρων
1092 3841 1420 3911 σταθήσεται
1457 3844 1565 3894 πᾶν
1598 3842 1693 3910 ρἧ

129 3947 215 3997 μα.
255 3948 274 3980 ι
324 3931 382 3983 '0
430 3931 484 3984 δὲ
533 3933 704 3985 Σαοὺλ
749 3933 1274 4002 παρακρουσάμενος
1321 3933 1419 3999 τὴν
1472 3933 1692 4004 ἐντολὴν

126 4022 341 4092 ταύτην.
364 4024 491 4084 τοὺς
513 4024 858 4092 τριακοσίους
885 4028 1047 4092 ἱερεῖς
1069 4024 1164 4077 τοῦ
1196 4027 1402 4095 Κυρίου
1436 4028 1696 4081 ἀπέκτει-

127 4128 210 4163 νεν
240 4112 328 4164 διὰ
371 4112 473 4178 τῆς
523 4114 835 4183 μαρτυρίας
867 4115 985 4177 ἑνὸς
1033 4117 1372 4182 συκοφάντου
1399 4118 1559 4187 Δωὴκ
1591 4118 1688 4172 τοῦ

130 4203 314 4272 Σύρου.
357 4205 476 4258 Καὶ
509 4200 685 4266 αὖθις⁸
725 4223 744 4256 ι
771 4206 845 4257 Οὐ
900 4207 1300 4276 συκοφαντήσει
1341 4209 1572 4272 ἕκαστος
1605 4210 1697 4263 τὸν

129 4295 348 4362 πλησίον
370 4293 558 4348 αὐτοῦ.
593 4313 610 4344 ι
640 4295 790 4348 Καὶό
811 4296 1244 4366 Παροιμιαστής·
1281 4317 1300 4348 ι
1349 4299 1408 4351 Ὀ
1433 4316 1697 4368 συκοφαν-

128 4385 228 4436 τῶν
253 4387 484 4454 πένητα,
527 4386 818 4456 παροξύνει
845 4388 934 4440 τὸν
967 4390 1272 4457 ποιήσαντα
1301 4391 1486 4443 αὐτόν.
1536 4409 1554 4442 ι
1586 4393 1698 4444 Καὶ

130 4479 350 4544 ἐπάγει·
413 4497 432 4529 ι
503 4478 640 4542 Δόξα
690 4480 846 4551 ἀνδρὶ
903 4481 1343 4550 ἀποστρέφεσθαι
1406 4483 1694 4554 λοιδορίας.

131 4569 235 4631 Πᾶς
257 4571 312 4622 δὲ
341 4571 530 4639 ἄφρων
555 4571 766 4634 τούτοις
796 4573 1266 4644 συμπλακήσεται.
1303 4593 1319 4623 ι
1341 4575 1398 4626 '0
1427 4575 1484 4627 δὲ
1511 4577 1693 4629 Δαυῒὸο

138 4680 154 4710 ι
204 4661 360 4729 Ἐμοὶ
392 4661 493 4731 μὲν
522 4662 774 4733 εἰρηνικὰ
801 4663 1047 4725 ἐλάλουν,
1077 4665 1169 4717 καὶ
1201 4666 1287 4716 ἐπ’
1313 4667 1481 4735 ὀργὴν
1511 4667 1696 4730 δόλους

131 4754 503 4822 διελογίζοντο.
552 4774 571 4807 ι
627 4757 737 4809 Καὶ
785 4756 946 4817 αὐτὸς
1004 4757 1300 4826 ἐπεύχεται
1355 4757 1699 4827 λυτρωθῆναι

133 4847 236 4898 ἀπὸ
265 4848 634 4915 συκοφαντίας
661 4847 967 4917 ἀνθρώπων
987 4864 1003 4880 ·
1031 4848 1125 4901 καὶ
1167 4849 1568 4916 ἐπαγγέλλεται
1598 4865 1701 4915 φυ-

133 4937 350 4991 λάσσειν
389 4938 490 5001 τὰς
517 4938 737 5000 ἐντολὰς
770 4938 958 4992 αὐτοῦ.
993 4940 1104 4991 Καὶ
1134 4937 1292 5002 αὖθις
1315 4955 1328 4968 ⁸
1361 4958 1380 4990 ‹
1417 4938 1702 4990 Σκέπασόν

137 5045 202 5096 με
248 5028 355 5080 ἀπὸ
399 5027 764 5096 συκοφαντίας
785 5027 1118 5098 ἀνθρώπων,
1152 5028 1248 5081 καὶ
1278 5029 1585 5098 συστροφῆς
1608 5046 1705 5080 πο-

137 5117 533 5186 νηρευομένων,
584 5117 639 5170 οἵ
681 5134 825 5180 τινες
869 5119 1144 5186 ἠκόνησαν
1186 5118 1260 5181 ὡς
1305 5119 1580 5188 ῥομφαίαν
1610 5118 1704 5179 τὰς

137 5207 382 5272 γλώσσας
425 5205 626 5260 αὐτῶν.
666 5228 684 5260 ι
721 5207 830 5260 Καὶ
873 5209 1090 5274 ἐπάγει·
1123 5226 1142 5258 ι
1180 5208 1465 5278 Μακάριος
1491 5208 1630 5278 ἀνὴρ
1664 5200 1708 5272 ᾧ

137 5298 196 5350 οὐ
229 5301 302 5368 μὴ
328 5299 611 5366 λογίσηται
643 5299 846 5366 Κύριος
869 5300 1148 5369 ἁμαρτίαν
1172 5340 1186 5363 ,
1219 5300 1339 5352 οὺδέ
1365 5303 1513 5353 ἐστιν
1543 5303 1600 5352 ὲν
1630 5299 1706 5367 τῷ

141 5389 361 5456 στόματι
410 5390 574 5444 αὑτοῦ
607 5390 775 5453 δόλος.
815 5408 832 5442 ι
884 5391 995 5443 Kal.
1027 5391 1218 5453 άλλοςο
1265 5410 1282 5441 ι
1337 5391 1397 5442 '(l
1433 5408 1705 5456 συκοφαν-

140 5478 242 5532 τῶν
270 5481 487 5551 πτωχὶρν
513 5522 528 5545 ,
557 5482 727 5535 πολλὰ
755 5485 898 5534 ποιεῖ
921 5483 989 5535 τά
1034 5482 1226 5536 ἑαυτοῦ
1268 5484 1434 5536 κακά.
1479 5502 1498 5533 ι
1538 5484 1647 5535 Καὶ
1678 5486 1706 5535 ὁ

209 5635 252 5663 "
281 5633 384 5687 lsa.
419 5650 562 5693 I.viu,
594 5633 679 5697 10,
717 5635 802 5687 ll.

146 5718 200 5758 ιι.
241 5704 320 5756 18.
396 5704 441 5734 ⁷⁸
477 5704 678 5772 Ephes.
725 5720 797 5770 vi,
852 5705 902 5757 1.

146 5786 216 5829 τι.
244 5774 330 5828 38.
409 5774 454 5804 "
487 5774 631 5828 Psal.
665 5790 806 5836 uxr,
835 5775 886 5828 4.

147 5843 186 5872 ⁸³
225 5844 382 5897 l‘rot.
427 5859 514 5903 xx.
539 5843 590 5896 5.
668 5847 710 5874 ¹¹²
747 5845 883 5900 l‘sal.
912 5860 1090 5905 xulv,
1118 5847 1206 5899 ‘20.

978 5706 1019 5735 ⁷⁸
1053 5705 1187 5762 ibid.
1206 5708 1260 5760 5.

1001 5775 1045 5804 ⁷⁷
1086 5775 1241 5830 Joan.
1272 5793 1379 5834 \Iv.
1406 5777 1456 5828 ϐ.

875 5634 919 5667 ⁸⁸
948 5635 1109 5689 Prov.
1134 5653 1207 5696 IV,
1238 5635 1291 5690 5,
1369 5638 1413 5667 ⁸⁸
1431 5636 1590 5690 Prov.
1624 5651 1734 5700 χιι,
1773 5636 1858 5690 16.
1935 5635 1978 5665 ⁸⁷
2016 5634 2197 5689 Eccle.
2227 5650 2344 5694 vm,
2382 5633 2432 5686 5.

1334 5708 1378 5737 τ’
1405 5707 1444 5759 Il
1482 5706 1607 5760 Cor.
1641 5723 1699 5761 ll.
1741 5707 1794 5759 9.
1872 5706 1918 5736 "
1952 5706 2112 5758 Rom.
2163 5721 2280 5762 xw.
2318 5704 2400 5757 19.

1570 5776 1615 5806 ⁷⁸
1653 5777 1694 5830 Il
1727 5776 1854 5830 Cor.
1889 5791 2004 5837 xm.
2042 5775 2092 5830 1.

1298 5848 1343 5875 ’⁸³
1376 5847 1513 5900 Ρδυὶ.
1547 5862 1691 5909 Lxm,
1721 5847 1774 5909 5,
1812 5847 1856 5898 1.

1792 3393 1945 3444 sendi
1975 3401 2103 3444 sunt
2137 3393 2435 3447 consortio.
2464 3390 2776 3460 participio,
2818 3405 2919 3444 nec
2939 3389 3143 3458 dispari
3186 3389 3366 3442 Interea

1793 3479 1980 3540 dilati,
2023 3480 2113 3547 qui
2156 3480 2442 3532 veritatem
2485 3480 2658 3545 ipsam
2696 3476 3061 3547 perﬁdissime
3100 3476 3364 3544 prodide-

1794 3577 1940 3628 runt,
1979 3568 2218 3636 denique
2244 3568 2392 3621 cruci
2425 3568 2714 3620 ailixer‘unt
2736 3606 2749 3628 ,
2795 3566 2898 3620 hoc
2925 3575 3028 3629 est,
3071 3564 3361 3618 Dominum

1793 3669 2040 3712 nostrum
2080 3659 2265 3712 Jesum
2287 3658 2590 3712 Christum.
2623 3659 2742 3727 Ipse
2771 3659 2918 3712 cnim
2967 3656 3106 3710 dixit
3140 3673 3154 3710 :
3194 3675 3212 3706 ι
3253 3656 3366 3724 Ego

1793 3765 1914 3804 sum
1955 3750 2161 3804 veritas
2185 3762 2240 3804 et
2273 3751 2382 3805 vita
2406 3753 2471 3803 ⁷⁷.
2510 3770 2526 3800 ι
2562 3750 2731 3804 Cavet
2757 3750 2904 3803 enim
2928 3750 3012 3804 lex
3039 3764 3107 3802 ne
3143 3763 3285 3801 unus
3311 3756 3367 3801 et

1794 3842 1946 3896 solus
1970 3843 2234 3896 consistat
2261 3845 2435 3906 testis,
2462 3843 2529 3896 ad
2556 3842 2960 3911 perhibendum
2990 3841 3367 3895 testimonium

1795 3934 2061 3988 adversus
2096 3944 2384 4003 peccatum
2425 3950 2587 3988 omne
2637 3949 2748 4002 quo
2780 3933 2905 4002 quis
2931 3932 3200 4001 peccavit.
3247 3946 3268 3982 ι
3307 3929 3368 3985 In

1795 4042 1916 4090 ore,
1958 4027 2058 4089 ait,
2102 4027 2337 4080 duorum
2387 4037 2482 4080 aut
2537 4027 2702 4079 trium
2751 4025 2973 4078 testium
3017 4023 3182 4077 stabit
3206 4037 3369 4076 omne

1796 4116 2029 4170 verbum
2059 4119 2127 4170 ".
2192 4135 2209 4168 ι
2250 4116 2358 4171 Sed
2393 4125 2449 4170 et
2502 4116 2654 4179 Saul,
2706 4122 3040 4184 praeceptum
3090 4114 3196 4166 hoc
3242 4128 3369 4166 cum

1794 4205 1983 4259 veluti
2001 4206 2221 4275 obiecto
2245 4207 2434 4260 cubito
2472 4221 2503 4258 a
2529 4220 2587 4258 se
2611 4205 2805 4270 luisset
2832 4204 3092 4257 amolitus
3115 4218 3180 4256 ac
3208 4217 3372 4268 repu-

1796 4296 2023 4357 diasset,
2055 4296 2121 4348 ad
2171 4294 2333 4349 unius
2374 4293 2725 4365 sycophanta:
2755 4294 2903 4361 Doeg
2954 4292 3078 4362 Syri
3119 4290 3369 4346 testimo-

1797 4388 1974 4452 nium,
2025 4396 2334 4442 tercentum
2383 4385 2703 4440 sacerdotes
2750 4383 2966 4437 Domini
3016 4383 3263 4452 peremit-
3303 4385 3367 4434 ἰ.

1800 4481 2011 4534 llursus
2060 4479 2240 4532 edicto
2280 4487 2455 4539 cavet,
2506 4493 2574 4531 ne
2621 4477 2746 4545 quis
2796 4477 3046 4545 proximo
3086 4492 3186 4530 suo
3215 4477 3373 4530 faciat

1801 4572 2152 4626 calumniam.
2191 4570 2576 4624 Parmmiastes
2601 4569 2732 4622 item
2766 4586 2778 4620 :
2813 4586 2831 4617 ι
2872 4568 2975 4633 Qui
3004 4568 3373 4621 calumniatur

1803 4678 2124 4733 pauperem»,
2176 4662 2477 4715 exacerbat
2507 4675 2632 4713 cum
2663 4660 2759 4728 qui
2789 4659 3090 4712 fecitillum
3125 4657 3194 4710 '°.
3238 4678 3256 4709 ι
3290 4658 3376 4710 In-

1799 4753 1952 4808 ducit
1985 4770 1998 4806 :
2043 4772 2060 4803 ι
2091 4753 2279 4808 Gloria
2311 4761 2396 4806 est
2431 4753 2552 4804 viro
2573 4751 2668 4819 qui
2705 4751 2905 4804 avertit
2929 4765 2986 4803 se
3017 4765 3046 4802 a
3075 4749 3366 4812 corivieiis,

1800 4844 1895 4912 qui
1941 4853 2126 4898 autem
2176 4844 2498 4912 imprudens
2540 4851 2627 4896 est
2679 4841 3082 4895 immiscebitur
3122 4841 3208 4895 his
3245 4840 3313 4893 ".
3349 4859 3368 4891 ι

1801 4935 1971 4990 David
2002 4952 2014 4988 :
2059 4954 2077 4985 ι
2113 4935 2241 4988 Mihi
2274 4934 2496 5002 quidem
2527 4933 2752 5001 paciﬁca
2787 4932 3153 5000 loquebantur
3179 4973 3192 4995 ,
3234 4939 3290 4986 et
3319 4931 3374 4986 in

1803 5026 2091 5081 iracundia
2123 5027 2279 5080 dolos
2304 5025 2620 5094 cogitabant
2649 5026 2716 5077 δ’.
2760 5045 2778 5075 ›
2813 5025 2960 5079 Idem
2995 5024 3222 5092 supplex
3255 5032 3378 5079 orat

1805 5119 1970 5172 eximi
1991 5119 2106 5172 sive
2133 5117 2329 5170 redimi
2352 5132 2382 5169 a
2405 5117 2696 5170 calumniis
2721 5117 3032 5178 hominum,
3059 5122 3225 5184 atque
3249 5115 3380 5171 hinc

1807 5209 2081 5276 promisso
2124 5207 2421 5276 obstringit
2445 5224 2502 5261 se
2534 5207 2600 5260 ad
2633 5207 2940 5261 custodiam
2996 5207 3378 5262 mandatorum

1809 5299 1926 5352 Dei.
1953 5301 2191 5354 Rursum
2227 5316 2241 5351 :
2275 5317 2292 5348 ι
2324 5300 2553 5369 Protege
2579 5314 2666 5353 me
2693 5315 2730 5352 at
2753 5309 3031 5354 conventu
3072 5299 3377 5368 malignan-

1809 5391 1942 5444 tium
1975 5431 1990 5453 ,
2027 5411 2042 5438 ι
2081 5391 2173 5457 qui
2205 5391 2428 5458 quidem
2469 5409 2485 5439 ι
2523 5399 2864 5444 exacuerunt
2909 5400 2970 5445 u-t
3000 5389 3242 5459 gladium
3274 5390 3380 5444 lin-

1803 5497 1938 5551 guas
1966 5497 2092 5536 suas
2114 5482 2180 5534 ⁸³.
2218 5499 2237 5532 ι
2271 5481 2524 5536 lnducit:
2562 5498 2580 5531 ι
2613 5481 2813 5536 Beatus
2837 5480 2921 5534 vir
2946 5480 3164 5534 cuinon
3200 5479 3379 5549 impu-

2511 5633 2599 5686 ⁸⁸1
2635 5634 2780 5687 Petr.
2828 5647 2886 5693 ιι.
2935 5633 3018 5686 15.
3097 5633 3140 5662 ⁸³
3168 5633 3182 5685 Ι
3213 5633 3359 5686 Petr.

2504 5704 2551 5733 τι
2584 5703 2749 5756 Hebr.
2785 5719 2834 5764 v,
2866 5701 2898 5754 8
2925 5744 2939 5764 ,
2981 5705 3034 5756 9.
3113 5703 3188 5748 ."
3214 5702 3371 5756 Joan.

2206 5776 2250 5805 τ’
2283 5777 2295 5828 Ι
2335 5775 2465 5841 Reg.
2510 5788 2637 5836 χχιι,
2666 5774 2747 5826 18.
2861 5773 2906 5803 ⁸⁸
2939 5773 3094 5826 I‘rov.
3126 5788 3255 5840 nu,
3288 5770 3374 5828 i6.
