4178 6436
791 394 811 456 1
823 396 926 458 559

2016 400 2378 462 ANTIOCHI
2419 404 2763 467 MONACIII

3911 394 4043 459 1500

785 514 923 567 tabit
958 509 1221 565 Dominus
1252 520 1557 579 peccatum,
1596 524 1772 578 neque
1798 520 1881 566 est
1909 512 1959 565 in
1991 528 2087 565 ore
2110 514 2232 582 ejus
2264 514 2352 568 do-

2466 519 2875 589 Παροιμιαστής
2899 535 3088 589 φησιν·
3125 536 3142 567 ι
3199 515 3466 585 Ἀνδρετος
3497 514 3556 565 ἐν
3590 510 3845 571 ἀσεῦεεα,
3884 528 4042 563 auxe-

782 604 867 656 lus
893 602 956 654 ".
1004 622 1021 653 ι
1067 600 1221 653 Alius
1258 619 1271 651 :
1306 619 1321 650 ι
1352 598 1455 663 Qui
1490 600 1821 653 calumniam
1872 603 2072 655 astruit
2100 607 2350 673 pauperi,

781 700 1040 761 aggravet
1070 706 1166 744 sua
1205 690 1376 758 ipsius
1398 700 1640 760 peccata.
1684 712 1700 739 ι
1730 692 2118 748 Ριιιστιιιιίιιεῑοε
2150 713 2163 747 :
2202 715 2218 745 ι
2251 696 2351 760 Qui

782 782 849 835 ad
885 784 1219 852 impietatem
1248 782 1407 837 fortis
1436 792 1538 847 est,
1564 784 1931 838 calumniatur
1965 801 2233 856 pauperes
2251 788 2349 840 ⁸⁸.»

786 874 987 928 lterum
1025 891 1037 925 :
1070 892 1087 922 ι
1138 872 1248 926 Leo
1282 873 1569 938 esuriens,
1601 883 1657 928 et
1696 877 1855 945 lupm
1886 876 2080 930 sitiens
2097 878 2162 939 ⁸⁸,
2209 897 2225 927 ι
2258 878 2353 946 qui

784 978 909 1015 cum
942 961 999 1015 fit
1022 977 1251 1030 pauper,
1279 963 1563 1033 tyrannide
1594 970 1793 1034 premit
1814 975 2030 1036 gentem
2053 982 2357 1036 paupercu-

785 1054 982 1107 lorum.
1018 1054 1228 1124 1092
1279 1055 1345 1107 Et
1379 1072 1390 1105 :
1430 1074 1448 1106 ι
1509 1056 1619 1109 Rex
1671 1058 1921 1127 indigens
1969 1069 2353 1128 proventuum,

783 1161 1014 1214 magnus
1036 1155 1119 1199 est
1150 1145 1538 1200 calumniator.
1586 1165 1603 1198 ι
1644 1148 1746 1201 Et:
1789 1168 1806 1199 ι
1843 1149 1945 1215 Qui
1977 1149 2113 1203 fodit
2143 1150 2354 1205 foveam

784 1238 1054 1307 proximo,
1096 1238 1305 1291 incidet
1330 1239 1383 1291 iu
1410 1254 1530 1292 eam
1557 1239 1623 1295 ⁸⁷.
1666 1260 1683 1289 ι
1720 1240 2079 1295 Ecclesiastes
2118 1259 2129 1293 :
2160 1260 2177 1290 ι
2211 1241 2359 1296 Con-

785 1327 923 1381 verti
987 1343 1089 1396 ego
1141 1344 1249 1392 me,
1307 1338 1362 1381 et
1419 1328 1530 1381 vidi
1569 1331 1858 1385 universas
1888 1331 2193 1386 calumnias
2237 1349 2358 1402 ιιιιιρ

785 1420 923 1473 tiunt
969 1421 1073 1474 sub
1112 1424 1246 1483 sole,
1294 1431 1348 1475 et
1372 1437 1501 1475 cccc
1530 1423 1785 1494 lacryma:
1806 1441 1997 1479 eorum
2037 1427 2127 1496 qui
2167 1429 2356 1496 oppri-

786 1518 1012 1564 tnuntur
1064 1513 1393 1577 calumniis,
1452 1523 1513 1568 et
1581 1531 1687 1568 non
1743 1524 1828 1570 est
1891 1517 1986 1586 qui
2043 1518 2360 1573 consoletur

783 1618 882 1657 eos
904 1601 969 1655 ³⁸.
1004 1623 1020 1653 ι
1052 1604 1297 1658 Rursus:
1324 1624 1341 1655 ι
1372 1605 1710 1675 Circutuagit
1730 1622 1793 1660 ac
1817 1608 2109 1677 perturbat
2138 1608 2357 1678 sapien-

786 1703 915 1755 tem.
959 1702 1013 1747 et
1048 1694 1232 1763 perdit
1283 1697 1710 1764 generositatem
1752 1700 1873 1767 ejus
1919 1698 1987 1752 ⁸⁹.
2024 1718 2043 1750 ι
2092 1699 2359 1769 Dominus

782 1791 965 1835 autem
1009 1803 1027 1833 ι
1066 1784 1257 1838 Salvos
1280 1784 1445 1839 faciet
1474 1786 1615 1841 lilios
1643 1802 1970 1856 pauperum,
2005 1799 2063 1843 et
2095 1771 2356 1844 humilia-

785 1872 863 1926 bit
896 1874 1349 1928 calumniatorem
1390 1877 1456 1928 ’⁸.
1503 1898 1520 1926 ι
1568 1877 2000 1933 Prannuniamus
2050 1879 2217 1948 igitur
2254 1895 2356 1934 nos

784 1962 954 2031 ipsos,
996 1964 1191 2019 fratres
1222 1968 1351 2029 mei,
1381 1968 1643 2021 adversus
1680 1968 2032 2032 calumniam,
2064 1969 2211 2022 nulla
2244 1984 2354 2022 non

781 2056 867 2108 sui
892 2065 1043 2123 parte
1076 2057 1424 2123 pestilentem
1458 2073 1521 2110 ac
1551 2058 1912 2126 perniciosam
1932 2099 1946 2122 ,
1971 2075 2161 2113 eorum
2182 2060 2355 2114 atroci

781 2148 1057 2216 supplicio
1115 2150 1385 2210 exterriti,
1427 2150 1519 2219 qui
1574 2150 1951 2203 amhitiosiore
2003 2151 2188 2203 studio
2235 2165 2356 2205 eam

779 2239 1167 2293 cxcolueruut.
1228 2240 1535 2293 Adversum
1596 2240 1735 2294 hanc
1792 2241 2052 2295 melicqu
2102 2240 2236 2293 illud
2299 2250 2358 2295 ct

780 2344 1047 2398 perquam
1076 2347 1242 2384 suave
1275 2331 1430 2384 Pauli
1469 2332 1697 2385 verbum
1732 2347 1858 2384 cum
1893 2332 2086 2386 eodem
2110 2332 2357 2385 eantillc-

780 2424 950 2475 musi
1018 2440 1035 2471 ι
1099 2422 1549 2476 I’ersecutioncm
1604 2422 1864 2490 patimur,
1913 2423 2356 2484 ctsustineums,

782 2513 1253 2581 blasphemamur,
1298 2522 1353 2567 et
1399 2514 1753 2567 obsecramus
1782 2554 1796 2575 ,
1848 2526 2106 2582 tauquam
2161 2530 2359 2581 purga-

781 2614 965 2657 menta
1018 2606 1206 2657 mundi
1275 2604 1402 2658 facti
1455 2621 1669 2661 sumus.
1734 2605 1979 2657 omnimn
2049 2603 2358 2672 peripsema

780 2711 953 2764 usque
973 2696 1153 2750 adhuc
1175 2699 1252 2749 ἰε
1282 2717 1298 2747 ι
1324 2704 1384 2749 ιιι
1402 2712 1468 2750 nc
1488 2712 1613 2750 eum
1634 2696 1838 2749 ludatis
1854 2695 1946 2764 qui
1971 2694 2251 2749 Christum
2282 2695 2364 2748 iu-

780 2787 937 2841 fenso
969 2797 1134 2856 atque
1172 2788 1359 2841 hostili
1386 2788 1619 2841 oderant
1651 2788 1859 2850 animo,
1888 2786 2131 2854 compari
2166 2785 2365 2838 multe-

778 2894 904 2933 mur
954 2878 1331 2933 damnatione.
1388 2880 1480 2934 Isti
1519 2881 1583 2933 ad
1632 2880 1865 2935 Pilatum
1900 2894 2023 2932 cum
2056 2878 2363 2940 venissent,

2454 612 2647 675 φαντεῖ
2676 608 2946 678 πτωχούς.
3002 628 3020 660 ι
3060 609 3170 661 Καὶ
3202 607 3365 660 πάλιν
3387 621 3400 634 ·
3442 625 3458 655 ι
3492 606 3642 656 Λέων
3673 601 3916 660 πεινῶν,
3954 602 4040 654 καὶ

2453 699 2613 762 λύκος
2639 700 2830 767 διψῶν.
2866 721 2884 752 ι
2922 700 2980 763 ὃς
3012 702 3285 771 τυραννεῖ,
3315 697 3529 766 πτωχὸς
3554 695 3662 760 ῶν,
3697 694 3861 755 ἔθνος
3895 709 4039 745 πενιο

2457 792 2610 861 χρόν.
2647 792 2771 846 Καί·
2796 811 2812 843 ι
2840 793 3102 855 Βασιλεὺς
3125 791 3305 860 ἐνδεὴς
3339 788 3636 858 προσόδων,
3671 786 3852 854 μέγας
3886 799 4039 835 συκο-

2454 884 2680 953 φάντης.
2747 905 2763 932 ι
2804 884 2933 936 Kal’
2965 903 2982 935 ι
3026 884 3086 936 Ὀ
3126 883 3377 953 ὀρύσσων
3432 878 3622 946 βόθρον
3668 877 3747 945 τῷ
3802 875 4036 944 πλησίω,

2454 976 2773 1043 ἐμπεσεῖται
2804 976 2882 1038 εἰς
2901 974 3085 1028 αὐτόν.
3112 994 3128 1025 ι
3147 974 3255 1028 Καὶ
3281 975 3309 1025 ό
3350 970 3789 1040 Ἰἰκκλησιαστής
3810 982 3825 995 ·
3855 985 3875 1016 ε
3916 966 4036 1018 Ἐπ-

2457 1066 2695 1135 έστρεψα
2741 1066 2871 1133 ἐγὼ,
2911 1066 3006 1118 καὶ
3045 1067 3153 1118 ίδον
3189 1066 3367 1125 πάσας
3400 1062 3499 1124 τας
3540 1059 3919 1127 συκοφαντίας
3942 1055 4035 1118 τὰς

2455 1157 2755 1226 γενομένας
2788 1158 2892 1211 ὑπὸ
2930 1157 3021 1209 τὸν
3047 1158 3199 1226 ἥλιον
3222 1174 3233 1185 ·
3280 1158 3374 1209 καὶ
3406 1155 3515 1208 ἰδοὺ
3548 1154 3763 1221 δάκρυα
3793 1149 3912 1203 τῶν
3945 1166 4035 1201 au-

2455 1249 2942 1318 κοφαντουμένων·
2977 1250 3072 1303 καὶ
3124 1249 3229 1302 ούκ
3278 1248 3427 1301 ἔστιν
3469 1246 3668 1307 αὐτοὺς
3712 1245 3740 1295 ό
3774 1257 4031 1312 παρακα-

2456 1341 2584 1395 λῶν.
2641 1358 2659 1392 ι
2694 1340 2803 1394 Kal
2838 1336 2996 1404 αὖθις
3022 1355 3037 1370 °
3088 1360 3106 1391 ι
3154 1340 3215 1392 'll
3253 1337 3587 1404 συκοφαντία
3623 1335 3922 1404 περιφέρει
3954 1348 4033 1383 σο-

2458 1428 2578 1497 φὸν,
2610 1430 2703 1481 καὶ
2726 1428 2980 1483 ἀπολλύει
3004 1429 3101 1499 τὴν
3134 1429 3361 1498 καρδίαν
3389 1426 3665 1491 εὐγενείας
3701 1422 3899 1476 αὑτοῦ.
3942 1420 4033 1474 »⁸0

2456 1518 2512 1571 δὲ
2542 1520 2744 1588 Κύριος
2778 1536 2797 1569 ι
2837 1518 2999 1571 σώσει
3032 1518 3162 1581 τοὺς
3189 1518 3337 1578 υἱοὺς
3366 1516 3473 1569 τῶν
3509 1516 3782 1583 πενήτων.
3816 1514 3917 1564 καὶ
3941 1528 4031 1564 τα-

2457 1608 2713 1661 πεινώσει
2743 1609 3102 1678 συκοφάντην.
3130 1627 3147 1659 ι
3184 1604 3631 1675 Ἀσιραλισὼμεοα
3653 1600 3749 1657 οὖν
3781 1602 4031 1662 ἑαυτοὺς,

2457 1697 2678 1766 ἀδελφοὶ
2706 1739 2721 1759 ,
2768 1699 2876 1751 ἀπὸ
2924 1699 3025 1768 τῆς
3053 1699 3341 1765 παγκὰκον
3376 1695 3765 1763 συκοφαντίας,
3797 1692 4031 1751 δεδιότες

2459 1788 2559 1856 τὴν
2588 1789 2793 1859 πικρὰν
2825 1788 3045 1841 κόλασιν
3079 1789 3189 1840 τῶν
3213 1788 3418 1854 ταύτην
3452 1787 3770 1854 μετιόντων.
3797 1784 4032 1835 “ro-sm.

2457 1881 2570 1931 τίον
2598 1879 2674 1942 δὲ,
2716 1879 2781 1932 τὰ
2818 1878 2913 1931 τοῦ
2948 1879 3160 1933 Παύλου
3185 1920 3199 1941 ,
3235 1880 3332 1931 σὺν
3363 1876 3442 1946 τῷ
3472 1877 3670 1944 Παύλῳ
3705 1874 4030 1944 μελῳδήσω-

2457 1987 2579 2039 μενο
2618 1990 2635 2022 ι
2674 1972 3088 2041 Λοιδορούμενοι
3120 1970 3470 2039 εὐλογοῦμεν,
3494 1969 3822 2035 διωκόμενοι
3849 1964 4032 2032 ἀνεχόο

2457 2060 2614 2129 μεοα,
2645 2060 3124 2129 βλασφημούμενοι
3159 2058 3605 2128 παρακαλοῦμεν.
3635 2056 3900 2123 Ὦσπερεὶ
3941 2070 4032 2105 κα·

2458 2151 2718 2221 οὰρματα
2739 2151 2834 2204 τοῦ
2858 2152 3062 2220 κόσμον
3095 2152 3458 2219 ἐγενήθημεν,
3490 2150 3711 2201 πάντων
3739 2163 3808 2197 πε
3820 2146 4031 2214 ρίψημα

2453 2241 2559 2302 ἕως
2589 2241 2734 2311 ἄρτι.
2774 2260 2792 2293 ι
2840 2241 2930 2309 Μὴ
2979 2238 3513 2308 συγκατακριοῶμεν
3547 2239 3661 2298 τοῖς
3707 2234 4031 2303 δυσμενέσιν

2453 2332 2667 2399 ἐχθροῖς
2696 2330 2789 2383 τού
2815 2329 3073 2401 Χριστοῦ,
3117 2330 3395 2390 Ἰουδαίοις
3417 2345 3430 2358 ’
3470 2328 3671 2387 οἵτινες
3711 2323 4035 2391 προσελθὸν.

2453 2440 2544 2484 τες
2588 2421 2666 2491 τῷ
2708 2423 2927 2490 ῐιιλάτῳ
2949 2461 2965 2485 ,
3005 2420 3150 2475 κατά
3174 2420 3268 2473 τοῦ
3300 2420 3507 2489 Κυρίου
3530 2418 3739 2485 ελεγονι
3785 2434 3804 2467 ι
3836 2415 4034 2467 Τοῦτον

2456 2514 2702 2583 ηύραμεν
2738 2512 3126 2582 διαστρέφοντα
3167 2512 3230 2564 τὸ
3269 2511 3439 2572 ἔθνος,
3468 2511 3562 2562 καὶ
3592 2508 3873 2561 κωλύοντα
3905 2504 4034 2557 Καί-

2459 2622 2585 2672 σαρι
2613 2603 2813 2655 διδόναι
2858 2602 3080 2671 φόρους,
3123 2602 3353 2668 λέγοντα
3393 2599 3584 2653 ἑαυτὸν
3618 2596 3857 2667 Χριστὸν
3886 2596 4034 2665 Ιενασι-

2459 2694 2557 2745 λὲα
2584 2687 2745 2746 εἶναι.
2791 2711 2809 2745 ι
2848 2692 3019 2755 Αὐτὸς
3052 2692 3109 2745 δὲ
3144 2694 3321 2745 πάντα
3357 2690 3432 2753 ὡς
3464 2690 3647 2760 ἀρνίον
3689 2689 3901 2742 ἄκακον
3935 2702 4035 2753 μαο

2463 2783 2753 2853 κροθύμως
2792 2782 3005 2853 ἔφερεν.
3054 2781 3215 2853 Αύτῷ
3261 2782 3295 2853 ἡ
3344 2780 3472 2845 δόξα
3514 2782 3593 2843 είς
3644 2780 3774 2841 τοὺς
3811 2776 4031 2837 αίῶνας.

2478 2876 2531 2928 '.~\
2544 2875 2618 2942 μή
2626 2893 2673 2927 ν.

778 2981 995 3028 exserta
1036 2989 1168 3027 voce
1201 2975 1467 3028 adversus
1497 2973 1787 3027 Dominum
1824 2972 2080 3025 dicebant
2116 2988 2129 3023 :
2168 2989 2184 3020 ι
2234 2968 2387 3023 Hunc
2428 2967 2742 3020 invenimus
2779 2966 3192 3020 subvertentcm
3245 2973 3484 3035 gentem,
3524 2973 3582 3019 et
3643 2961 4033 3033 prohibentem

783 3062 989 3117 tributa
1032 3063 1148 3117 dari
1190 3063 1413 3120 Ctesari.
1446 3063 1721 3118 dicentem
1771 3076 1830 3117 se
1858 3062 2140 3115 Christum
2210 3072 2395 3129 regem
2432 3072 2556 3110 esse
2578 3058 2625 3089 η
2662 3072 2677 3109 :
2716 3075 2733 3105 ι
2772 3055 2888 3126 ipse
2916 3065 3098 3111 autem
3145 3064 3205 3109 ut
3265 3071 3440 3127 agnus
3470 3056 3757 3117 innocens,
3781 3049 4035 3122 longani-

780 3154 857 3209 Ini
894 3155 1179 3209 tolerantia
1210 3166 1405 3210 cuncta
1450 3155 1783 3224 perferebat.
1830 3154 1935 3224 lpsi
1964 3153 2135 3223 gloria
2165 3152 2219 3205 in
2264 3146 2465 3204 saecula
2498 3147 2692 3202 Amen.

1343 3288 1620 3343 IIOMILIA
1663 3288 1794 3341 XLI.

1428 3400 1501 3455 De
1535 3401 1696 3468 furto.

3046 3281 3266 3335 ΔΟῙὊΣ
3298 3283 3351 3335 Μ
3358 3282 3437 3335 A'.

3024 3395 3165 3461 Περὶ
3207 3393 3468 3461 κλοπῆς.

854 3513 1076 3570 Daemon
1115 3513 1205 3568 hic
1249 3512 1594 3582 improbamli
1648 3513 1780 3566 furti
1834 3515 2105 3581 reprobus
2157 3515 2352 3568 artifex

2533 3501 2701 3569 Οὗτος
2745 3508 2774 3560 ό
2800 3506 3129 3575 κακότεχνος
3170 3506 3269 3575 τῆς
3296 3506 3506 3575 κλοπῆς
3547 3505 3784 3576 δαίμων,
3822 3507 4035 3579 πρῶτον

782 3602 1023 3674 primunt
1040 3601 1263 3671 quidem
1287 3616 1314 3654 a
1338 3600 1541 3654 vilibus
1563 3609 1617 3655 et
1640 3601 1852 3670 exiguis
1870 3603 2035 3655 rebus
2053 3602 2358 3669 auspicium

782 3694 955 3749 sumit
996 3708 1111 3747 sua:
1166 3693 1322 3747 artis.
1378 3692 1540 3761 Atqui
1597 3692 1860 3761 temporis
1932 3707 2228 3762 progressu
2291 3691 2359 3745 ad

783 3800 979 3852 magna
1007 3784 1210 3838 sensim
1239 3783 1585 3853 provehitur,
1613 3798 1675 3837 ac
1703 3783 1925 3837 tandem
1955 3785 2008 3838 in
2041 3782 2361 3838 diﬂieillima

784 3889 1018 3944 qut-apte
1046 3874 1269 3927 desiuit.
1305 3873 1507 3926 Eorum
1530 3874 1675 3925 enim
1701 3888 1822 3941 qua:
1858 3872 1994 3926 fiunt
2016 3872 2364 3942 unumquod-

787 3980 916 4034 que,
946 3981 976 4018 a
1016 3964 1242 4017 minimo
1276 3978 1434 4017 suum
1476 3964 1625 4032 capit
1662 3964 1992 4021 exordium:
2034 3964 2125 4017 ubi
2176 3977 2360 4017 autem

786 4073 851 4109 ea
878 4070 964 4109 res
992 4063 1207 4124 stnnpta
1246 4054 1508 4123 paulatim
1553 4055 1811 4107 alimonia
1840 4053 2166 4117 adoleverit,
2198 4069 2355 4122 gran-

788 4146 970 4200 descit
1014 4147 1127 4215 jam
1184 4145 1507 4214 quotidiana
1562 4147 1897 4199 accessione.
1948 4145 2163 4199 Malitia:
2211 4144 2360 4198 enim

790 4233 952 4287 istius
982 4232 1435 4302 deploratissima:
1458 4248 1567 4293 ars.
1618 4243 1733 4285 rete
1759 4231 2034 4299 quoddam
2074 4241 2158 4286 est
2207 4230 2363 4285 miris

792 4324 1009 4378 tcclmis
1043 4324 1340 4392 implexum
1374 4332 1431 4376 et
1459 4323 1766 4375 involutum
1802 4339 1815 4374 :
1844 4322 1937 4391 qui
1972 4322 2157 4389 aliquo
2187 4337 2363 4390 usque

792 4432 850 4470 se
899 4417 1011 4485 jam
1068 4416 1196 4469 sivit
1255 4416 1360 4469 hoc
1438 4414 1705 4482 implicari
1786 4414 2022 4481 laqueo,
2087 4412 2362 4482 siquidem

792 4516 1085 4565 cunctetur
1114 4516 1171 4561 et
1195 4507 1431 4576 negligat
1465 4506 1549 4559 his
1572 4505 1723 4559 tricis
1743 4504 2019 4572 explicare
2052 4518 2111 4558 se
2137 4512 2192 4557 et
2217 4504 2367 4557 evol-

792 4616 943 4663 vere,
976 4601 1122 4652 omni
1171 4615 1294 4652 mox
1324 4613 1390 4652 ex
1433 4607 1587 4666 parte
1639 4597 1984 4664 astringitur.
2032 4595 2169 4649 Dum
2214 4595 2363 4649 enim

791 4695 1051 4741 extenuat
1099 4686 1230 4739 furti
1269 4685 1614 4755 gravitatem,
1664 4698 1851 4737 secum
1880 4683 2365 4737 admurmuratu-

793 4780 940 4831 eitus
973 4795 985 4829 :
1048 4792 1215 4846 parva
1257 4784 1386 4829 sunt
1426 4776 1561 4838 lucc,
1617 4773 1751 4827 nihil
1788 4773 1903 4827 inec
1941 4782 2095 4838 sunt,
2140 4783 2368 4829 nonest

2466 3598 2567 3668 μὲν
2590 3598 2803 3669 μικρῶν
2827 3598 2937 3650 τῶν
2960 3598 3300 3667 πραγμάτων
3321 3598 3653 3667 ἀπάρχεται.
3684 3598 3799 3651 Kal
3833 3599 4034 3669 προῖὼν

2462 3689 2543 3750 είς
2578 3687 2792 3758 μεγάλα
2826 3688 2917 3741 καὶ
2953 3688 3131 3758 παχέα
3159 3688 3474 3756 καταλήγει.
3508 3689 3616 3741 Καὶ
3646 3688 3757 3759 γὰρ
3796 3690 3889 3742 καὶ
3918 3691 4037 3743 Ξκαο

2464 3796 2588 3833 στον
2600 3779 2707 3832 τῶν
2730 3779 3029 3849 γινομένων
3056 3780 3163 3831 ἀπὸ
3194 3779 3396 3848 μικροῦ
3424 3779 3751 3849 ἀπάρχεται,
3779 3782 3876 3834 καὶ
3898 3781 4037 3835 κατά

2467 3870 2632 3940 μέρος
2672 3872 3002 3940 τρεφόμενον
3053 3870 3319 3938 λαμῦἀνει
3367 3870 3466 3939 τὴν
3510 3870 3781 3940 αὔξησιν’
3840 3875 3922 3927 δτι
3964 3874 4036 3926 δί-

2464 3961 2623 4012 κτυόν
2652 3960 2799 4012 ἔστιν
2825 3958 3160 4012 πολύπλοκον
3186 3960 3283 4026 τῆς
3308 3961 3504 4023 κακίας
3528 3962 3765 4028 μέθοδος.
3809 3964 3870 4017 '0
3896 3980 4038 4033 μερι-

2464 4050 2576 4111 κῶς
2606 4048 2928 4117 ἐμπλακεὶς,
2963 4051 3057 4102 ἐὰν
3105 4050 3374 4121 ἀμελήσῃ,
3412 4052 3779 4121 περιεκτικῶς
3813 4052 4038 4121 σφίγγε·-

2463 4158 2551 4193 ται
2573 4157 2589 4172 ’
2623 4139 2922 4203 Εύτελίζων
2968 4140 3077 4208 γὰρ
3106 4140 3173 4193 τὰ
3203 4140 3375 4211 μικρὰ
3398 4180 3414 4204 ,
3448 4142 3632 4209 φησὶν,
3663 4140 3841 4196 Οὐδέν
3883 4145 4035 4207 εἰσιν,

2465 4233 2563 4286 οὐκ
2607 4233 2752 4284 ἐστιν
2807 4232 3085 4300 ἁμαρτία*
3119 4232 3215 4284 καὶ
3250 4232 3437 4286 λοιπον
3481 4232 3770 4301 συνηθείας
3805 4237 4035 4306 intpr-

2464 4322 2683 4391 τούσης,
2709 4322 2785 4384 ὡς
2808 4322 3116 4391 γάγγραινα
3140 4321 3309 4391 νομὴν
3332 4322 3763 4391 εύρίσκει.”Εοος
3789 4325 3919 4394 γὰρ,
3949 4342 4038 4396 φη·

2467 4417 2573 4479 σιν,
2600 4414 2829 4483 δευτέρα
2866 4413 3051 4483 φύσις.
3087 4414 3197 4466 Kal
3232 4412 3410 4481 πολλῷ
3433 4414 3586 4483 κόπῳ
3611 4414 3697 4476 τίς
3723 4414 4037 4482 ἐλευθερού-

2465 4524 2554 4561 ται
2601 4505 3133 4574 κατακυριευόμενος
3170 4505 3261 4559 ὑπ’
3303 4504 3495 4570 αὑτοῦ,
3547 4507 3596 4559 εἱ
3643 4506 3717 4575 μὴ
3748 4508 4037 4570 ἀνενδότως

2467 4600 2561 4652 καὶ
2588 4596 2819 4659 ἀναιδῶς
2851 4595 3127 4667 προσέλθῃ
3147 4595 3223 4664 τῷ
3242 4597 3483 4666 Δεσπότῃ
3506 4595 3726 4666 Χριστῷ
3756 4597 3851 4650 διὰ
3872 4614 4033 4666 προσ-

2467 4689 2636 4759 ευχῆς
2684 4690 2777 4741 καὶ
2832 4688 3107 4758 νηστείας.
3144 4689 3237 4740 καὶ
3287 4688 3679 4756 ἐλεημοσύνης,
3714 4690 3939 4757 κράζων
3964 4688 4034 4757 τῷ

2467 4780 2663 4850 Ἰησοῦ,
2683 4781 2772 4833 καὶ
2794 4780 2985 4846 λέγων’
3015 4777 3409 4847 Ἐλευοέρωτόν
3442 4795 3530 4847 με,
3557 4780 3831 4837 Δέσποτα.
3860 4780 3933 4841 ὡς
3950 4780 4033 4831 τὸν

797 4879 1081 4938 peceatum
1123 4888 1134 4920 :
1165 4885 1228 4922 ac
1269 4869 1341 4922 ita
1374 4868 1638 4937 deinceps
1673 4867 2045 4922 invaleseente
2068 4876 2360 4922 consuetu-

2469 4848 2921 4938 συνσταυρωθέντα
2948 4884 3029 4920 σοι
3057 4866 3282 4937 λῃστὴν,
3319 4866 3413 4919 καὶ
3437 4868 3618 4927 Λευὶν,
3646 4868 3741 4919 καὶ
3770 4871 4034 4937 Ζακχαῑον

796 4961 949 5021 dine,
996 4974 1293 5029 gangnnnac
1342 4959 1396 5012 in
1442 4972 1673 5019 morem,
1722 4957 1775 5011 in
1819 4958 1977 5011 ulcus
2023 4956 2367 5011 fedissimum

798 5063 1123 5118 proserpere
1174 5048 1473 5101 invenitur.
1526 5048 1883 5103 Consuetudo
1927 5048 2097 5111 enim,
2130 5048 2208 5102 ait
2254 5047 2367 5113 ille,
2417 5038 2421 5042 ’

797 5139 968 5194 altera
1011 5150 1097 5193 est
1140 5148 1355 5193 natura.
1410 5141 1611 5209 Ecquis
1643 5139 1864 5194 tandem
1898 5140 1968 5194 ab
2015 5140 2117 5194 hac
2145 5140 2367 5193 furandi

798 5230 1221 5293 consuetudine,
1265 5231 1708 5300 quantiscunque
1782 5231 2063 5285 laboribus
2106 5232 2369 5286 eximitur

799 5333 857 5377 et
880 5324 1274 5393 emancipator,
1318 5323 1401 5377 vel
1429 5325 1598 5378 semel
1629 5325 1697 5377 ab
1721 5339 1785 5377 ea
1818 5324 2129 5378 edomitus?
2161 5324 2215 5378 ni
2252 5324 2363 5377 for-

802 5428 899 5467 san
929 5414 974 5467 is
1000 5429 1107 5466 non
1136 5413 1507 5482 perfunctorie
1547 5429 1609 5467 ac
1642 5415 1795 5467 nullo
1824 5424 2132 5469 remorante
2156 5416 2367 5485 pudore

801 5501 1005 5556 Christi
1032 5503 1245 5555 Domini
1270 5504 1501 5572 suple
1532 5505 1777 5572 procidat
1814 5504 2045 5572 pedibus
2065 5545 2080 5567 ,
2114 5521 2212 5574 per
2241 5523 2366 5559 ora-

878 5684 923 5712 “
960 5683 1101 5738 Psal.
1133 5699 1276 5744 xxxi,
1303 5682 1356 5736 9..

810 5753 852 5783 "
886 5752 1060 5808 Eccle.
1092 5770 1183 5816 vn,
1210 5753 1259 5805 8.

1473 5684 1516 5715 ⁸³
1551 5685 1719 5739 Eccli.
1758 5704 1868 5747 ML,
1892 5688 1977 5739 50.

1338 5755 1383 5785 ⁹⁹
1414 5754 1548 5809 l‘sal.
1578 5773 1714 5816 tm.
1754 5759 1803 5811 ιι.

2092 5688 2136 5717 ⁸⁸
2165 5689 2320 5742 Prov.
2360 5701 2540 5746 xxvm.
2569 5687 2656 5739 iii.

1880 5761 1919 5789 "
1956 5759 1973 5811 Ι
2004 5760 2126 5811 Cor.
2168 5776 2239 5818 tv,
2277 5758 2356 5821 I2,
2396 5757 2473 5809 l5.
2536 5759 2580 5789 θ’
2622 5757 2752 5810 Luc.
2789 5770 2935 5820 χχιιι,
2973 5756 3027 5809 9..

2466 4963 2592 5024 τοὺς
2622 4960 2892 5023 τελώναςς
2933 4959 3052 5030 Χρὴ
3088 4959 3144 5011 δὲ
3175 4958 3268 5011 καὶ
3296 4959 3507 5027 δάκρυα
3542 4961 3921 5027 προσκομίσαι
3946 4958 4032 5011 aa-

2466 5052 2568 5121 τῷ,
2613 5053 2695 5106 δτι
2731 5051 2799 5104 τὰ
2826 5050 3035 5119 δάκρυα
3079 5050 3245 5103 δεκτά
3276 5050 3425 5117 αὑτῷ
3446 5051 3601 5103 εἰσιν.
3629 5050 3739 5103 Καὶ
3771 5049 3983 5118 ﬁlium
4006 5049 4032 5099 ό

2465 5144 2598 5205 Θεὸς
2656 5141 2757 5209 τὴν
2797 5142 3086 5211 μετάνοιαν
3136 5140 3321 5204 αὐτοῦ,
3366 5141 3597 5209 παρέχει
3640 5140 3796 5210 αὐτῷ
3840 5141 4031 5206 ἀγαθὸν

2467 5233 2726 5303 λογισμὸν
2746 5233 2842 5285 τοῦ
2876 5233 2949 5303 μὴ
2973 5232 3256 5301 ὀρέγεσθαι
3288 5233 3356 5285 τὰ
3377 5232 3468 5284 τού
3494 5232 3742 5300 πλησίον.
3786 5235 3848 5284 '0
3872 5233 4031 5285 Θέλω-ι

2469 5322 2583 5389 οὖν,
2612 5324 2686 5387 ὡς
2716 5324 2927 5392 εἴρηται
2951 5364 2965 5386 ,
2995 5323 3095 5391 τῆς
3122 5323 3328 5392 ἀνόμου
3361 5323 3564 5394 ταύτης
3592 5324 3859 5392 ἐργασίας
3888 5324 4031 5375 ἔλευ-

2475 5417 2660 5486 Θερὶας
2682 5417 2886 5483 τυχεῖν,
2910 5414 3188 5484 εὐμαρῶς,
3215 5414 3283 5466 δι’
3306 5415 3710 5483 ἀκτημοσύνης,
3737 5416 3834 5466 καὶ
3861 5413 4031 5478 ὀλιγο-

2477 5507 2673 5569 σιτέας,
2728 5507 2823 5560 καὶ
2871 5505 3218 5577 προσευχῆς,
3266 5505 3361 5558 καὶ
3415 5505 3515 5574 τῆς
3568 5504 3678 5557 τῶν
3732 5504 4033 5574 μελλόντων

3480 5679 3525 5712 ⁸³
3560 5678 3736 5734 Ecclc.
3797 5693 3873 5739 tv,
3911 5677 3959 5739 ι,
3981 5674 4033 5730 5.

2769 5684 2812 5716 "
2862 5686 3021 5740 Prov.
3097 5696 3241 5737 xm.
3300 5680 3389 5735 ‘27.
