4178 6436
146 448 276 515 1561

1247 459 1573 520 IIOMILIA
1614 462 1767 523 XLI.
1801 487 1871 500 -
1910 465 2006 526 DE
2047 467 2318 528 FURTO.

3218 474 3223 478 ’
3257 468 3394 534 1562

146 560 511 630 προσδοκίας,
571 559 767 631 ῥᾳδίως
824 560 1257 620 ἀπαλλάσσεται.
1319 566 1378 620 ⁸0
1424 569 1715 635 φυλάττων

1824 576 2048 640 tionem,
2097 577 2392 646 jejunium,
2427 588 2484 633 et
2531 577 2963 649 cleemosynam,
2988 591 3205 636 exserta
3261 596 3391 635 voce

141 651 251 719 γὰρ
283 650 373 703 τὸν
398 652 565 720 νόμον
585 691 599 714 ,
638 652 968 721 φυλάττεται
997 657 1102 708 ὑπὸ
1131 660 1418 727 νομοδότου
1452 663 1711 731 Χριστοῦ.

140 742 228 807 Μὴ
258 738 353 793 οὖν
382 742 768 812 ἀμελήσωμεν,
792 748 1085 816 ἀγαπητοὶ,
1111 749 1207 801 τοῦ
1241 752 1519 821 συντόμως
1548 755 1717 807 ἀπαλ-

142 832 374 901 λαγῆναι
404 833 502 901 τῆς
536 834 791 905 τοιαύτης
822 836 1104 908 αἰσχύνης·
1141 838 1289 892 ἐστιν
1316 842 1424 911 γὰρ
1452 842 1513 894 τὸ
1544 843 1716 907 πάθος

140 921 296 976 τοῦτο
316 924 761 978 δυσαπάλλακτον
787 942 801 955 ⁸
834 929 1022 999 ἐπειδὴ
1045 930 1344 999 θυμηδέστε
1354 949 1444 1000 ρον
1466 933 1715 1000 φαίνεται

138 1014 215 1085 τῷ
241 1015 452 1088 κλέπτῃ
479 1017 768 1087 ἐπιθυμεῖν
793 1019 901 1071 τῶν
931 1020 1249 1091 ἀλλοτρίων.
1285 1024 1395 1077 Kal
1424 1026 1596 1078 δοκῶν
1629 1026 1719 1096 θη-

144 1105 325 1171 ρεύειν
356 1107 426 1159 τά
467 1109 541 1176 μὴ
569 1109 757 1171 αὑτοῦ,
786 1110 1084 1164 ἀπόλλυσιν
1110 1112 1181 1166 τὰ
1212 1114 1399 1168 αὑτοῦ.
1436 1117 1714 1184 Συνῆπται

140 1197 194 1249 δὲ
230 1200 327 1251 καὶ
354 1202 422 1268 τῇ
461 1200 632 1271 κλοπῇ
663 1201 724 1253 τὸ
751 1201 946 1270 ψεῦδος
983 1205 1079 1258 καὶ
1108 1206 1140 1275 ή
1182 1209 1539 1275 συκοςςαντία.
1578 1211 1717 1277 Φησὶ

139 1291 248 1360 γὰρ
279 1292 310 1343 6
348 1292 511 1363 νόμος
534 1309 548 1323 ⁸
586 1312 605 1345 ε
648 1295 722 1348 Ού
759 1296 999 1365 κλέψεις,
1029 1298 1091 1351 ού
1118 1298 1363 1367 ψεύσεις,
1393 1302 1515 1354 οὐδὲ
1556 1319 1718 1356 συκο-

140 1384 438 1451 φαντὴσεις
468 1389 561 1437 τὸν
588 1384 813 1454 πλησίον
842 1404 957 1441 σου.
999 1407 1018 1440 ι
1056 1388 1115 1443 '0
1144 1390 1201 1442 δὲ
1238 1392 1416 1463 Ἀχαρ
1447 1394 1497 1458 δ,
1533 1411 1715 1464 παρα-

140 1474 312 1543 ϐάτης
338 1476 505 1546 νόμου
542 1479 635 1531 καὶ
671 1481 893 1551 ἐντολῆς
919 1483 1230 1551 γενόμενος,
1257 1485 1484 1554 ἔκλεψεν
1529 1490 1591 1541 ἐκ
1619 1487 1714 1542 τοῦ

139 1564 306 1619 ἀναθέ
316 1584 506 1635 ματος,
523 1569 742 1640 ψελλὴν,
756 1574 850 1626 καὶ
866 1574 1122 1641 γλῶσσαν
1143 1577 1371 1647 χρυσῆν,
1392 1581 1486 1631 καὶ
1504 1581 1717 1650 δεδραγ-

141 1672 217 1724 μα
253 1657 546 1713 διακόσιαο
593 1664 688 1716 καὶ
730 1663 817 1717 διὰ
859 1665 958 1737 τὴν
988 1667 1154 1720 αὑτοῦ
1204 1670 1480 1739 ἁμαρτίαν
1522 1674 1550 1725 ό
1589 1673 1718 1736 λαὸς

137 1746 333 1812 ὤλετο,
374 1752 423 1803 εί
458 1752 534 1824 μὴ
563 1756 592 1807 6
643 1755 900 1827 θεράπων
941 1758 1147 1829 Ἰησοῦς
1176 1760 1407 1830 ἐϐόησεν
1440 1763 1575 1832 πρὸς
1602 1766 1717 1818 Κύ-

141 1856 275 1907 ριον,
314 1842 407 1895 καὶ
435 1842 597 1907 αὐτὸς
640 1846 985 1916 ἐφανέρωσεν
1014 1851 1164 1921 αύτῷ
1206 1851 1393 1907 αὐτόν.
1431 1855 1539 1907 Καὶ
1563 1852 1717 1908 εἶπεν

1815 668 2008 722 dicens
2042 685 2055 721 :
2093 668 2246 729 Jesu,
2282 678 2361 731 tu,
2396 670 2468 723 mi
2518 670 2771 734 Domine,
2810 670 3008 734 libera,
3038 687 3246 740 quaeso,
3281 688 3389 737 me,

1817 758 2024 811 utolim
2053 758 2298 811 liberasti
2322 758 2591 812 latronem
2622 776 2729 814 una
2755 769 2937 815 tecum
2960 761 3114 815 cruci
3143 762 3387 828 allixum,

1816 850 1945 904 Levi
2007 851 2233 919 insuper
2273 860 2331 905 et
2382 850 2702 905 Zaechazum
2749 853 3108 921 publicanos?
3157 854 3392 909 Necesse

1817 944 2048 1013 proinde
2107 943 2200 1007 sit,
2251 945 2397 998 hunc
2439 944 2601 997 talem
2643 942 2710 997 ad
2774 945 3065 999 Dominum
3125 946 3395 1016 lacrymas

1817 1038 2149 1106 prmmittere
2202 1048 2258 1091 et
2305 1036 2506 1090 offerre
2549 1053 2563 1089 :
2615 1037 2821 1091 ctenim
2874 1038 3126 1107 lacrymze
3161 1039 3239 1093 illi
3271 1054 3399 1109 per-

1816 1143 1977 1196 quam
2014 1136 2253 1195 accepta:
2291 1135 2438 1180 sunt.
2467 1126 2638 1180 Simul
2674 1126 2822 1179 enim
2860 1127 3006 1180 Dens
3031 1137 3092 1181 ut
3122 1128 3280 1181 istius
3308 1126 3396 1181 vi-

1817 1219 1909 1272 det
1949 1218 2349 1287 pmnitentiam,
2398 1218 2596 1270 bonam
2651 1232 2776 1270 mox
2810 1218 3018 1286 aspirat
3058 1217 3214 1272 cordi
3248 1217 3398 1288 cogi-

1819 1310 2080 1363 tationem
2102 1350 2117 1371 ,
2152 1316 2213 1361 ut
2251 1323 2320 1361 ne
2351 1309 2405 1360 in
2446 1314 2730 1375 postertun
2763 1306 3064 1376 quidquam
3095 1308 3233 1363 male
3258 1324 3397 1362 con-

1816 1398 2066 1465 cupiscat
2110 1413 2304 1451 eorum
2361 1412 2483 1464 qua:
2546 1396 2601 1449 in
2665 1395 2886 1464 peculio
2937 1405 3066 1451 sunt
3130 1398 3394 1466 proximi.

1822 1488 2033 1558 1093
2082 1487 2346 1556 Quisquis
2393 1489 2577 1556 igitur,
2624 1487 2694 1542 ab
2736 1487 2839 1542 hac
2874 1487 3065 1557 exlege
3102 1498 3159 1543 et
3202 1489 3396 1560 iniqua

1817 1580 2138 1649 operatione
2192 1596 2299 1633 non
2360 1596 2559 1649 magno
2615 1581 2912 1636 admodum
2966 1580 3189 1651 negotio
3240 1581 3396 1651 cupit

1816 1676 2156 1744 emancipari
2203 1685 2259 1729 ct
2306 1675 2561 1730 libertate
2601 1677 2832 1746 perfrui,
2875 1693 3007 1732 sane
3048 1678 3096 1732 is
3126 1692 3225 1747 per
3251 1678 3397 1733 elee-

1818 1778 2101 1833 mosynam
2138 1773 2194 1817 et
2235 1763 2601 1832 frugalitatem
2630 1766 3166 1833 siveparcimoniam
3190 1766 3391 1827 victus,

1819 1870 1920 1925 per
1960 1854 2267 1908 orationem
2313 1862 2369 1907 et
2408 1853 2721 1907 futurormn
2753 1870 2905 1924 spem
2946 1855 3202 1909 neutrobi
3230 1856 3398 1911 vacil-

152 1930 369 1997 Ίησοῦς
397 1949 412 1963 ·
450 1951 470 1984 ε
519 1935 585 1987 Τί
631 1936 713 1989 ὅτι
758 1936 968 2005 ὤλεσας
1005 1943 1191 2010 ήμάςς
1236 1943 1612 2014 ἐξολοθρεύσαι
1658 1962 1717 1998 σε

1824 1948 2043 2010 Iantcm,
2104 1946 2260 2001 facile
2288 1946 2401 1999 voti
2458 1945 2547 2000 fiet
2571 1961 2817 2014 compos.
2849 1944 2954 2012 Qui
3002 1955 3186 2002 autem
3215 1953 3399 2001 servat

142 2022 373 2091 Κύριος.
422 2044 441 2076 ι
489 2028 599 2081 Kal
643 2030 919 2085 ἀπέλαϐεν
950 2034 1235 2106 ίσόῤῥοπον
1280 2037 1375 2090 τοῦ
1403 2037 1719 2108 κλέμματος

138 2113 242 2180 τῆς
288 2120 661 2188 παρανομίας.
716 2123 1126 2192 Ἑλιθοϐόλησεν
1171 2129 1282 2198 γάρ
1330 2129 1496 2183 αὑτὸν
1533 2132 1644 2194 πᾶς
1690 2132 1719 2185 6

140 2203 269 2269 λαὸς
332 2207 431 2261 σὺν
487 2212 657 2265 πᾶσιν
708 2216 819 2278 τοῖς
859 2217 1046 2281 αὑτοῦ,
1080 2219 1175 2271 καὶ
1224 2220 1512 2273 ἀπέθανεν.
1544 2222 1653 2274 Kal
1691 2224 1720 2276 6

142 2298 433 2369 προφήτης
458 2301 734 2373 Ζαχαρίας
760 2305 1018 2375 περὶτῶν
1046 2308 1305 2362 τοιούτων
1336 2310 1522 2378 φησίνο
1559 2329 1578 2363 ε
1610 2311 1721 2364 Kal

141 2390 518 2448 εἰσελεύσεται
558 2398 591 2467 ἡ
653 2399 763 2468 ἀρα
795 2402 876 2463 είς
906 2400 1000 2454 τὸν
1025 2397 1176 2455 οἷκον
1199 2403 1295 2457 τοῦ
1326 2403 1560 2457 κλέπτου
1579 2443 1596 2468 ,
1627 2403 1722 2457 καὶ

142 2483 221 2544 είς
242 2482 341 2536 τὸν
361 2480 509 2540 οἶκον
541 2487 632 2541 τοῦ
656 2489 973 2558 ὀμνύοντος.
1014 2494 1111 2547 καὶ
1139 2494 1437 2547 καταλύσει
1469 2494 1531 2546 ἐν
1570 2494 1722 2565 μέσῳ

142 2573 333 2626 αὐτοῦ.
362 2594 381 2627 ι
421 2575 575 2647 Ἔχει
596 2576 652 2632 δέ
678 2580 773 2633 καὶ
800 2583 829 2635 ό
857 2583 1121 2654 κλέπτης,
1154 2585 1251 2638 καὶ
1280 2584 1375 2637 τὸν
1400 2586 1562 2655 ὅρκον
1592 2602 1721 2638 συν·

145 2666 503 2734 επισχύοντα,
532 2668 672 2723 ὥστε
699 2673 808 2725 πάν
838 2672 1072 2744 κλέμμα
1102 2674 1369 2742 ἀνάθεμα.
1401 2674 1459 2728 ’0
1486 2674 1543 2729 δέ
1574 2676 1722 2745 [lap-

143 2759 477 2827 οιμιαστήςο
514 2777 534 2811 ε
586 2760 772 2826 Ὁδοὺς
800 2764 1015 2817 ἀσεϐῶν
1048 2766 1122 2836 μὴ
1176 2767 1434 2840 ὲπέλθῃς,
1476 2767 1723 2821 ἔκκλινον

144 2845 239 2897 ἀπ’
270 2848 465 2918 αὐτῆς,
497 2851 592 2904 καὶ
616 2855 979 2925 παράλλαξον.
1025 2876 1044 2910 ι
1100 2858 1350 2911 Ἀσέϐεια
1394 2859 1505 2928 γάρ
1551 2860 1718 2924 ἐστιν,

144 2939 213 2991 τὰ
263 2940 378 2992 τῶν
428 2943 606 2996 ἄλλων
645 2946 1053 3002 οίκειὼσασθαι.
1094 2950 1205 3002 Kal
1239 2950 1469 3016 ἐπάγει·
1506 2951 1567 3003 El
1613 2951 1722 3021 γὰρ

146 3029 480 3102 ἐπορεύοντο
543 3035 763 3102 τρίϐους
815 3026 1047 3105 ἀγαθάς,
1102 3039 1337 3110 εὖροσαν
1384 3042 1452 3097 ἂν
1499 3041 1724 3113 τρίϐους

144 3123 518 3193 δικαιοσύνης.
551 3129 662 3182 Kal
696 3130 725 3181 6
778 3130 987 3195 Παῦλος
1024 3134 1307 3202 παραινῶν
1328 3151 1495 3205 φησιν
1524 3150 1538 3165 ο
1569 3154 1588 3187 ι
1618 3136 1722 3207 Μὴ

1820 2041 2015 2112 legem,
2069 2040 2257 2109 utique
2307 2039 2376 2091 ab
2433 2053 2501 2091 co
2543 2038 2851 2107 protegitur
2893 2047 2951 2092 et
2994 2046 3249 2091 servatur
3297 2036 3395 2106 qui

1819 2135 1999 2190 sanxit
2044 2134 2242 2203 legem,
2287 2130 2527 2184 Christo.
2567 2129 2645 2183 Ne
2679 2129 2868 2199 igitur,
2908 2129 3221 2183 charissitni
3262 2144 3400 2183 cun-

1820 2237 2034 2282 ctemur
2065 2225 2134 2278 ab
2165 2224 2271 2277 hoc
2295 2237 2394 2292 per
2422 2236 2480 2275 se
2510 2220 2769 2291 pudendo
2791 2230 2847 2275 et
2888 2219 3255 2288 ignominioso
3297 2219 3395 2274 dc-

1821 2318 2041 2379 decore,
2069 2330 2234 2384 quam
2264 2312 2518 2368 ocissime
2542 2311 2901 2380 emancipari.
2946 2311 3072 2365 llaec
3100 2310 3250 2364 enim
3280 2309 3401 2364 ani-

1822 2406 1896 2462 mi
1918 2405 2190 2477 mgritudo
2214 2405 2461 2459 insidens
2484 2404 2670 2457 animo
2700 2403 2893 2464 semel,
2918 2403 2987 2456 ab
3016 2418 3083 2456 eo
3111 2401 3399 2470 aegerrime

1821 2517 1879 2556 se
1906 2501 2039 2555 sinit
2070 2498 2253 2560 avelli,
2295 2513 2419 2551 cum
2460 2496 2549 2551 fur
2577 2496 2787 2559 credat,
2821 2494 3181 2563 cupiditatem
3220 2491 3400 2549 aliena

1822 2591 2122 2661 suppilare,
2148 2606 2262 2644 rem
2299 2604 2422 2643 esse
2455 2602 2789 2658 magnopere
2814 2584 3177 2655 expetendam
3211 2598 3276 2637 ac
3298 2582 3400 2637 de-

1821 2682 2131 2738 lectabilem
2169 2697 2183 2734 :
2222 2679 2348 2733 inde
2374 2679 2433 2732 lit
2453 2689 2532 2741 ut,
2560 2693 2685 2732 cum
2717 2677 2939 2731 videtur
2968 2691 3077 2729 non
3105 2691 3202 2729 sua
3229 2687 3401 2727 vena-

1825 2782 2003 2829 torum
2047 2787 2199 2826 more
2234 2770 2562 2832 consectari,
2585 2785 2707 2837 qu:e
2751 2767 2834 2822 sui
2873 2775 3004 2821 sunt
3036 2765 3178 2835 juris
3207 2762 3401 2834 perdat

1822 2866 2009 2919 miser.
2042 2862 2210 2917 Furto
2240 2861 2587 2915 mendacium
2616 2868 2780 2928 atque
2810 2858 3086 2912 calumnia
3117 2855 3234 2926 pari
3268 2855 3402 2926 jugo

1824 2955 2279 3011 confoederantur
2316 2971 2329 3007 :
2384 2952 2659 3021 siquidem
2701 2952 2786 3004 lex
2817 2951 2895 3004 ait
2927 2967 2941 3003 :
2974 2968 2991 3000 ι
3032 2949 3152 3004 Non
3190 2947 3401 3002 furtutn

1824 3046 2013 3104 facies,
2034 3060 2145 3097 non
2169 3041 2475 3107 mentieris,
2502 3058 2612 3095 non
2636 3039 3069 3094 calumniaberis
3088 3039 3400 3108 proximum

1827 3144 1983 3189 tuum
2011 3134 2080 3186 ”.
2125 3150 2143 3183 ι
2176 3131 2359 3187 Achar
2398 3131 2489 3184 ille
2524 3129 2750 3183 saucita:
2790 3128 2927 3198 legis
2954 3128 3113 3183 istius
3150 3141 3215 3181 ac
3244 3142 3403 3180 man-

144 3212 316 3266 δίδοτε
353 3214 519 3270 τόπον
553 3216 630 3286 τῷ
658 3218 923 3289 διαϐόλῳ·
958 3222 987 3273 6
1035 3223 1306 3286 κλέπτων,
1357 3225 1555 3294 μηκέτι
1594 3224 1719 3278 κλε-

1829 3226 1941 3280 dati
1998 3222 2388 3294 praevaricator
2434 3220 2630 3283 factus,
2681 3218 2895 3273 furatus
2929 3226 3015 3273 est
3062 3233 3130 3272 ex
3168 3216 3403 3272 anathe-

146 3304 348 3368 πτέτω,
396 3306 595 3374 μᾶλλον
622 3308 680 3361 δέ
705 3311 971 3374 κοπιάτω,
1012 3312 1381 3383 ἐργαζόμενος
1411 3316 1534 3376 ταῖς
1565 3313 1725 3376 ίδίαις

147 3397 335 3464 χερσὶν
374 3398 436 3450 τὸ
463 3398 705 3467 ἀγαθὸν,
764 3402 849 3455 ἵνα
885 3402 984 3472 εχῃ
1037 3404 1379 3473 μεταδιδόναι
1418 3403 1496 3473 τῷ
1534 3405 1726 3475 χρείαν

146 3486 345 3555 ἔχοντι.
399 3507 418 3540 ι
462 3491 569 3543 Kal
617 3490 793 3554 αὖθις·
846 3510 865 3543 ε
928 3492 1109 3560 Ἔγνω
1161 3494 1362 3565 Κύριος
1400 3495 1525 3558 τοὺς
1567 3494 1726 3559 ὄντας

145 3578 338 3634 αὐτοῦ.
373 3597 393 3631 ι
421 3580 545 3633 Καί’
575 3602 592 3631 ε
618 3583 937 3653 Ἀποστήτω
969 3585 1076 3637 ἀπὸ
1102 3584 1315 3647 ἀδικίας
1340 3587 1448 3648 πᾶς
1477 3587 1506 3639 6
1528 3584 1727 3655 ὀνομά-

146 3667 257 3730 ζων
280 3671 346 3723 τδ
378 3671 549 3741 δνομα
585 3674 813 3743 Κυρίου.
857 3693 875 3725 ι
929 3674 1037 3727 Kal
1065 3676 1353 3745 ἐπιφέρειο
1400 3694 1419 3729 ε
1478 3676 1607 3729 'an
1632 3675 1728 3730 οὖν

146 3759 437 3831 ἐκκαθάρῃ
480 3779 565 3826 τις
592 3764 786 3818 ἐαυτὸν
814 3764 923 3818 ἀπὸ
960 3764 1167 3818 τούτοιν
1187 3806 1203 3830 ,
1241 3766 1395 3820 ἐσται
1424 3765 1616 3830 σκεῦος
1648 3767 1729 3829 είς

146 3850 314 3921 τιμὴν
344 3854 702 3921 ἡγιασμένον.
741 3873 760 3907 ι
795 3856 903 3908 Kal
928 3856 1232 3909 ἐπιστέλλει
1257 3856 1335 3926 τῷ
1356 3857 1521 3923 Τίτῳο
1551 3875 1569 3907 ι
1598 3856 1729 3909 Δού-

148 3940 276 4003 λους
303 3942 601 4007 δεσπόταις
635 3944 784 4007 ἰδίοις
815 3945 1220 3999 ὑποτάσσεσθαι
1246 3948 1303 3999 ἐν
1326 3947 1513 4009 πᾶσιν,
1533 3947 1729 4017 εὐαρέ-

148 4051 309 4097 στους
345 4031 507 4098 εἶναι,
557 4054 575 4086 ι
622 4036 697 4107 μὴ
737 4037 1140 4105 ἀντιλέγοντας,
1175 4038 1250 4109 μὴ
1279 4039 1724 4108 νοσφιζομένους,

148 4126 286 4180 ἀλλὰ
327 4129 511 4178 πᾶσαν
557 4126 741 4180 πίστιν
791 4128 1233 4198 ἐνδεικνυμένους
1261 4129 1493 4199 ἀγαθήν.
1526 4131 1586 4184 El
1617 4131 1728 4202 γάρ

149 4221 214 4271 ἐκ
246 4219 364 4272 τῶν
407 4218 625 4271 οἰκείων
664 4220 1053 4289 νοσφισάμενοι
1074 4260 1089 4283 .
1116 4220 1367 4275 τοιοῦτον
1400 4222 1556 4285 τέλος
1582 4223 1728 4292 ἀπη-

148 4310 441 4377 νέγκαντο,
497 4308 746 4371 ’Δνανίας
777 4310 873 4362 καὶ
904 4311 1192 4381 Σάπφειρα
1222 4312 1294 4380 (οί
1319 4315 1376 4365 ἐν
1404 4314 1527 4375 ταῖς
1578 4313 1729 4383 Πρά-

152 4401 327 4467 ξεσιν,
362 4400 551 4470 φημὶ),
579 4401 730 4469 πόσῳ
766 4401 965 4469 μᾶλλον
991 4404 1040 4455 οί
1063 4403 1127 4456 ἐκ
1151 4404 1262 4456 τῶν
1288 4403 1583 4475 ἀλλοτρίων
1607 4421 1623 4469 ;
1658 4404 1731 4456 T6

152 4494 260 4560 γάρ
318 4491 547 4560 κλέμμα
599 4491 871 4561 σύμϐολόν
916 4494 1064 4547 ἐστιν
1113 4494 1208 4549 τοῦ
1264 4495 1595 4562 ἀφίστασθαι
1631 4496 1731 4564 τῆς

1828 3324 1970 3369 male
2010 3311 2248 3367 militare
2294 3310 2518 3380 pallium
2555 3318 2613 3362 ct
2658 3308 2900 3377 linguam
2941 3322 3166 3361 auream
3196 3315 3255 3362 et
3301 3305 3406 3360 du-

1826 3414 2015 3460 centas
2055 3403 2409 3457 didrachmas
2441 3418 2454 3453 :
2492 3410 2659 3469 atque
2691 3398 2764 3452 ob
2801 3398 2907 3451 hoc
2948 3405 3237 3468 peccatum
3271 3410 3405 3467 per-

1828 3499 1967 3553 ierat
2018 3495 2280 3565 popnlus,
2349 3491 2457 3546 nisi
2523 3490 2691 3545 Josue
2744 3490 2986 3543 famulus
3040 3487 3258 3543 Domini
3333 3485 3402 3543 ad

1826 3589 1998 3644 Deum
2049 3585 2277 3655 supplex
2319 3583 2701 3637 exclamasset.
2732 3581 2802 3636 At
2848 3581 2941 3636 hic
2992 3580 3201 3635 furtum
3240 3594 3403 3634 suum

1829 3675 2074 3746 prodidit
2124 3674 2310 3735 Josue,
2346 3672 2441 3742 qui
2485 3681 2541 3726 et
2588 3670 2770 3724 dixit:
2810 3687 2830 3719 ε
2867 3669 2939 3725 Ut
2977 3668 3112 3738 quid
3163 3666 3403 3722 turbasti

1829 3768 1961 3822 nos?
2011 3764 2269 3821 exturbet
2322 3771 2373 3817 te
2432 3760 2781 3816 Dominus“.
2826 3780 2845 3809 ι
2893 3760 3133 3828 Ecquem
3196 3757 3406 3828 recepit

1829 3858 2071 3911 fructum
2096 3856 2166 3910 de
2217 3852 2365 3908 furto
2416 3850 2929 3922 prawaricationis?
2974 3848 3110 3902 Cum
3145 3848 3405 3903 universo

1829 3950 2101 4021 siquidem
2131 3947 2346 4017 peculio
2381 3946 2497 4015 ipse
2535 3943 2837 4005 intercidit,
2868 3957 2931 3995 ac
2958 3948 3209 3994 mortuus
3231 3948 3339 4003 est,
3371 3954 3403 3994 a

1830 4042 2034 4113 populo
2083 4037 2365 4108 appetitus
2439 4033 2737 4103 lapidibus.
2769 4032 3064 4086 Zacharias
3109 4031 3401 4101 propheta,

1828 4136 1895 4187 de
1921 4130 2191 4201 ejusmodi
2216 4147 2229 4181 :
2263 4147 2281 4179 ε
2312 4128 2381 4182 Et
2403 4125 2744 4200 ingredietur
2766 4122 3079 4177 maledictio
3101 4121 3155 4175 in
3179 4122 3403 4175 domum

1830 4225 1985 4286 furis,
2014 4232 2069 4277 et
2106 4224 2162 4276 iu
2198 4221 2421 4275 domum
2447 4216 2705 4287 jurantis,
2745 4225 2802 4268 et
2831 4215 3047 4269 eversio
3078 4214 3168 4268 fiet
3201 4215 3255 4268 in
3288 4229 3406 4269 me-

1830 4317 1922 4370 dio
1943 4316 2139 4369 domus
2171 4314 2385 4367 illorum
2400 4312 2466 4364 ".
2507 4330 2525 4362 ι
2554 4309 2730 4362 llabet
2752 4307 2899 4361 enim
2925 4307 3404 4375 furjurameutum

1830 4424 1941 4478 quo
1987 4422 2044 4461 se
2077 4405 2231 4459 fulcit
2261 4418 2325 4457 ac
2369 4402 2568 4455 firmat.
2605 4400 2790 4470 Itaque
2822 4399 3030 4453 furtum
3074 4413 3237 4454 omne
3281 4415 3409 4454 ana-

1833 4502 2013 4555 thema
2050 4506 2153 4552 cst.
2199 4494 2584 4551 Parmmiastcs
2623 4508 2637 4544 :
2678 4509 2697 4542 ε
2729 4491 2808 4545 Ad
2837 4491 2955 4543 vias
2989 4490 3290 4560 impiorum
3335 4507 3404 4546 ne

154 4582 421 4653 ἀληθείας
444 4599 460 4613 ⁸
498 4583 700 4653 μᾶλλον
721 4584 777 4638 δέ
801 4586 894 4637 καὶ
924 4585 1023 4655 τῆς
1055 4585 1381 4658 δεσποτικῖκ
1412 4588 1723 4658 προδοσίας.

1834 4588 2152 4651 accesseris,
2182 4585 2279 4640 sed
2325 4582 2542 4639 declina
2575 4582 2644 4635 ab
2670 4582 2752 4636 eis
2777 4590 2832 4634 et
2859 4580 3082 4636 discede
3107 4580 3172 4634 ".
3211 4599 3230 4633 ι
3262 4579 3405 4636 Sane

155 4677 476 4745 Γέγραπται
531 4675 639 4744 γὰρ
692 4676 751 4728 ἐν
790 4676 868 4746 τῷ
905 4677 1049 4731 κατά
1089 4678 1344 4749 Ἰωάννην
1386 4679 1728 4749 Εὖαγγελίῳ·

161 4784 179 4816 ε
220 4766 393 4834 Λέγει
419 4760 514 4818 οὖν
555 4760 635 4827 εἷς
659 4766 726 4819 ἐκ
767 4766 876 4820 τῶν
905 4766 1197 4836 μαθητῶν.
1250 4768 1449 4831 Ἰούδας
1496 4770 1677 4840 Σίμων
1704 4771 1734 4823 6

168 4852 550 4923 Ἰσκαριώτης’
603 4854 703 4908 Διά
757 4855 811 4907 τί
860 4856 1020 4909 τοῦτο
1058 4856 1120 4910 τὸ
1139 4856 1341 4951 ,μύρον
1371 4858 1471 4911 οὑκ
1518 4858 1731 4929 ἐπράθη

156 4945 495 5011 τριακοσίων
535 4944 807 5015 δηναρίων
834 4986 848 5009 ,
887 4948 978 5001 καὶ
1025 4944 1179 5017 ἐδόθῆ
1240 4952 1512 5019 «naxon;
1565 4946 1733 5003 Εἶπεν

156 5038 213 5091 δὲ
251 5036 417 5091 τοῦτο
438 5076 454 5099 ,
496 5038 593 5107 οὐχ
622 5038 703 5091 ὃτι
731 5040 861 5110 περὶ
892 5040 1003 5093 τῶν
1050 5040 1279 5111 πτωχῶν
1307 5042 1510 5111 ἔμελεν
1558 5043 1732 5113 αύτῷ.

158 5128 276 5181 ἀλλ’
304 5128 392 5181 ὅτι
433 5126 674 5196 κλέπτης
702 5125 790 5199 ἦν,
818 5131 913 5183 καὶ
942 5132 1002 5184 τὸ
1026 5132 1413 5202 γλωσσόκομον
1445 5135 1608 5204 έχων,
1643 5136 1736 5188 καὶ

158 5219 229 5272 τά
254 5218 565 5289 βαλλόμενα
591 5219 910 5286 ἐϐάσταζεν.
950 5242 968 5274 ι
1019 5225 1083 5276 '0
1111 5222 1167 5277 δὲ
1197 5223 1399 5292 Κύριος
1458 5226 1734 5295 μακροθύο

164 5330 281 5382 μως
325 5312 508 5367 πάντα
545 5312 762 5384 ἔφερεν.
791 5315 948 5387 Δύτῷ
986 5316 1019 5387 ἠ
1068 5317 1196 5383 δόξα
1224 5319 1301 5382 εἰς
1338 5320 1463 5383 τοὺς
1508 5321 1731 5381 αἰῶνας.

174 5402 375 5473 Ἀμήν.
1014 5412 1021 5419 ’

267 5554 515 5628 f‘jxod.
556 5570 655 5628 xv,
682 5555 762 5609 15.
853 5557 911 5628 γ’*
940 5558 1105 5616 Josuc
1128 5578 1216 5628 vn,
1251 5562 1341 5619 2'3.

167 5623 278 5679 ⁸⁸11
315 5624 457 5678 Tini.
496 5640 530 5677 ll
564 5664 579 5688 ,
609 5626 693 5679 19.
770 5628 816 5658 ’³
850 5626 985 5681 ibid.

1441 5564 1487 5597 ”
1526 5564 1753 5619 Zachar.
1786 5579 1841 5627 ν,
1888 5563 1941 5617 5.

1831 4678 2129 4749 impietatis
2155 4684 2240 4729 est
2271 4674 2375 4729 sibi
2422 4673 2702 4727 vindicare
2738 4687 2861 4742 qua:
2899 4671 3064 4726 alieni
3093 4680 3222 4725 sunt
3238 4671 3403 4743 juris.

1831 4772 1887 4826 Si
1918 4770 2063 4824 enim
2111 4768 2198 4821 isti
2244 4775 2389 4820 recta
2427 4764 2655 4834 ingressi
2696 4762 2951 4824 fuissent,
3000 4761 3260 4815 nimirum
3315 4761 3405 4817 in-

1832 4860 2109 4913 venissent
2166 4854 2388 4911 semitas
2447 4852 2694 4923 justitiaa.
2746 4850 2876 4906 Jure
2926 4850 3093 4919 igitur
3143 4848 3404 4904 admonet

1832 4951 2034 5007 Paulus
2063 4966 2076 5002 :
2114 4966 2133 4999 ι
2187 4946 2265 5001 Ne
2303 4944 2568 4999 dederitis
2597 4944 2775 4997 locum
2805 4941 3027 4995 diabolo
3059 4959 3073 4994 ε
3108 4939 3202 5010 qui
3247 4938 3402 4993 fura-

1836 5041 2017 5101 batur,
2048 5039 2159 5108 jam
2190 5052 2257 5090 ne
2290 5035 2529 5097 furetur;
2572 5033 2741 5103 magis
2768 5040 2950 5085 autem
3001 5030 3236 5094 laboret,
3268 5042 3404 5100 ope-

1835 5147 1964 5185 rans
1994 5130 2110 5185 suis
2140 5129 2391 5183 manibus
2415 5127 2559 5197 quod
2585 5127 2786 5180 bonum
2814 5134 2919 5189 est,
2950 5134 3011 5179 ut
3031 5125 3233 5181 habeat
3260 5123 3408 5178 unde

1836 5225 2041 5277 tribuat
2096 5220 2478 5277 necessitatem
2523 5219 2830 5274 habenti".
2882 5238 2900 5271 ι
2944 5219 3200 5274 Rursus:
3245 5216 3407 5272 Novit

1834 5316 2102 5371 Dominus
2140 5314 2235 5384 qui
2282 5322 2410 5368 sunt
2448 5315 2568 5384 ejus
2585 5313 2652 5365 "'.
2698 5312 2764 5366 Et
2797 5327 2812 5365 :
2852 5330 2871 5363 ε
2907 5311 3180 5367 Abscedat
3207 5310 3276 5365 ab
3306 5308 3383 5363 ini

1834 5408 2045 5479 quitate
2067 5407 2247 5461 omnis
2273 5406 2367 5477 qui
2406 5406 2650 5460 nominat
2680 5420 2882 5459 nomen
2928 5402 3232 5459 Domini”.
3269 5421 3287 5455 ι
3339 5400 3407 5457 Ει

2040 5563 2085 5594 ⁹⁰
2114 5562 2273 5618 Prov.
2330 5578 2402 5626 tv,
2448 5561 2533 5627 H,
2576 5561 2666 5616 15.
2783 5561 2829 5595 ’⁷
2855 5560 3059 5631 Ephes.
3085 5576 3157 5625 tv,
3189 5559 3281 5627 27,
3311 5557 3405 5617 28.

1457 5739 1685 5795 VARle
1730 5738 2127 5795 ιεατιυδιεδ.

247 5827 273 5867 ι
307 5826 509 5896 Ἀχαρ,
541 5827 652 5895 dic,
677 5830 903 5885 Aeliam.
