4178 6436
733 349 753 413 l
766 355 868 420 563

1965 357 2324 415 ANTIOCHI
2367 358 2707 418 MONACHI

3865 361 3887 422 1
3901 363 4010 422 504

731 460 894 517 infert
932 485 942 516 :
977 485 992 514 ι
1025 463 1079 518 Si
1112 465 1238 533 quis
1269 464 1436 532 igitur
1461 481 1516 516 se
1555 463 1940 518 eitmndaverit
1999 465 2068 518 ab
2095 465 2201 526 his,
2233 466 2338 519 erit
2379 483 2472 520 vas
2518 468 2571 520 in
2621 467 2890 522 honorem
2954 471 3354 524 sanctilicatum
3382 472 3422 524 ‘.
3478 489 3497 524 ι
3541 472 3648 527 Per
3685 473 4005 540 Epistolam

724 555 876 621 jubet
910 568 964 608 et
1000 557 1124 611 Tito

1175 577 1186 610 :
1228 578 1244 606 ι
1279 557 1433 610 Servi
1472 565 1530 607 ut
1556 555 1665 609 sint
1693 556 1934 609 dominis
1974 558 2089 610 suis
2119 558 2321 625 sulqccl

2459 579 2476 609 ι
2513 571 2682 627 utque
2713 560 2765 612 in
2835 564 3094 615 omnibus
3162 565 3274 618 sint
3306 566 3470 634 grati,
3534 582 3642 619 non
3704 566 3840 617 item
3868 581 4006 618 cou-

729 649 1082 716 tradiccntes,
1116 668 1223 704 non
1251 652 1517 712 furantes,
1559 650 1654 702 sed
1683 659 1739 702 ut
1767 665 1980 701 omnem
2009 649 2169 702 tidem
2202 649 2580 703 demonstrent
2613 653 2831 709 bonam.
2864 656 2920 708 Si
2951 658 3096 709 enim
3163 660 3256 728 qui
3321 677 3387 714 ex
3455 662 3677 729 prmdiis
3751 661 4005 729 propriis

726 742 1109 810 suppilarunt,
1156 743 1316 796 talem
1369 750 1720 809 reportarunt
1763 757 1830 793 ex
1883 740 2030 793 furto
2087 739 2294 792 exitutn
2333 740 2622 807 (Ananiam
2654 744 2780 796 dico
2846 755 2902 797 et
2966 745 3317 814 Saphiram';
3367 759 3428 800 ut
3469 751 3521 802 in
3556 751 4001 818 apostolicorum

729 836 962 888 Aetuum
1012 836 1238 888 historia
1298 837 1572 903 proditum
1620 836 1749 901 est),
1800 844 2007 902 quanto
2057 833 2300 887 atrocius
2339 832 2461 884 illos
2493 846 2676 888 manet
2735 838 3088 906 supplicium,
3125 839 3220 907 qui
3262 854 3326 893 cx
3386 839 3567 893 alieno
3595 841 3905 907 compilant
3947 848 4004 892 et

730 926 996 978 arrodunt
1031 926 1294 995 peculio?
1334 924 1611 993 Ejusmodi
1679 924 1824 976 enim
1882 923 2081 976 furtiva
2115 921 2432 989 eompilatio
2473 926 2686 990 pararia
2723 935 2807 980 est
2855 928 3070 980 consilii
3107 945 3219 996 quo
3275 929 3344 981 ab
3378 930 3493 998 ipsa
3557 929 3784 984 delicias
3849 932 4002 983 veri-

734 1029 864 1078 tate.
914 1022 1084 1087 magis
1128 1031 1311 1075 autem
1355 1029 1549 1075 auctor
1606 1021 1901 1075 Donninicac
1945 1018 2293 1088 proditionis.
2339 1019 2615 1088 Scriptum
2643 1024 2848 1091 quippe
2881 1034 2965 1078 est
3027 1026 3078 1078 in
3139 1025 3365 1080 Joannis
3395 1026 3690 1093 Evangelio
3726 1047 3738 1080 :
3783 1027 4003 1098 1095,

738 1134 756 1164 ι
798 1114 937 1168 Dicit
970 1116 1136 1183 igitur
1165 1132 1306 1168 unus
1325 1132 1388 1168 cx
1413 1115 1700 1183 discipulis
1763 1116 1932 1183 ipsius
1993 1114 2164 1168 Judas
2195 1113 2436 1165 Simonis
2473 1114 2560 1168 ille
2601 1117 2890 1172 lscariotcs
2921 1136 2934 1172 :
2961 1141 2977 1169 ι
3024 1120 3221 1188 L'tquid
3262 1130 3599 1189 unguentum
3674 1123 3824 1174 istud
3886 1139 3998 1175 non

737 1207 902 1260 reuiit
940 1209 1200 1260 trecentis
1221 1208 1482 1269 denariis,
1508 1217 1564 1260 ct
1584 1209 1769 1260 datum
1808 1215 1891 1259 est
1916 1205 2300 1274 pauperibus?
2341 1205 2691 1261 Dixitautem
2721 1210 2848 1272 hoc,
2884 1225 2994 1263 non
3064 1212 3190 1279 quia
3232 1211 3299 1265 de
3357 1214 3696 1281 pauperibus
3739 1230 3877 1268 cura
3917 1215 3994 1267 illi

730 1309 869 1358 erat.
921 1301 1015 1354 sed
1053 1302 1179 1370 quia
1219 1300 1307 1353 fur
1347 1311 1465 1355 erat
1503 1311 1558 1355 et
1633 1301 1843 1354 loculos
1913 1298 2170 1360 habebat,
2213 1307 2268 1350 et
2308 1313 2371 1350 ea
2409 1314 2530 1366 qua:
2559 1303 2957 1366 mittebantur,
2988 1305 3312 1372 exportabat
3343 1307 3386 1358 ⁸.
3435 1325 3453 1356 ι
3488 1306 3760 1362 Dominus
3805 1320 3993 1362 autem

737 1393 872 1445 nihil
923 1410 1028 1445 non
1075 1391 1388 1462 perferebat
1424 1391 1826 1460 longanimiter.
1853 1389 1967 1459 .lpsi
2027 1387 2197 1456 gloria
2250 1387 2306 1440 in
2346 1391 2543 1442 sarcula
2579 1393 2926 1446 saeculorum.
2958 1395 3150 1446 Amen.

1287 1502 1570 1557 IIOMILIA
1603 1503 1763 1556 XLII.

1323 1617 1397 1669 De
1431 1617 1721 1669 mendacio.

813 1730 1158 1784 Mendacium
1195 1745 1420 1800 prorsus
1458 1729 1814 1783 interdictum
1847 1727 2176 1784 Christianis
2206 1735 2312 1780 est.

742 1823 810 1877 lft
840 1824 986 1876 enim
1015 1840 1138 1875 vera
1175 1823 1268 1891 qui
1317 1822 1582 1890 loquitur,
1621 1823 1774 1875 verbi
1805 1821 2050 1875 veritatis
2076 1836 2133 1874 se
2176 1819 2312 1872 nihil

741 1915 976 1966 ηυδε-ητα
1010 1914 1253 1966 declarat
1277 1929 1398 1967 esse
1421 1930 1639 1967 servum
1662 1931 1676 1978 ;
1703 1916 1775 1967 ita
1805 1913 1897 1982 qui
1924 1929 2018 1966 ore
2042 1913 2176 1965 nihil
2206 1911 2311 1964 du-

746 2006 878 2057 bitat
927 2005 1210 2059 mendacia
1240 2006 1585 2074 depromere,
1638 2007 1941 2074 mancipem
1975 2020 2032 2058 se
2066 2020 2185 2058 esse
2212 2003 2313 2056 de-

745 2107 1010 2150 monstrat
1039 2099 1190 2151 verbi
1232 2101 1544 2163 mendacis;
1577 2101 1750 2169 magis
1783 2116 1912 2153 vero
1961 2100 2132 2168 patris
2160 2114 2312 2152 meu-

743 2191 894 2244 dacis
932 2209 944 2244 :
1003 2212 1019 2241 ι
1061 2193 1102 2246 Α
1131 2209 1240 2261 quo
1290 2195 1435 2247 enim
1463 2195 1589 2263 quis
1622 2195 1801 2249 victus
1853 2202 1958 2254 est,
1992 2193 2120 2246 huic
2151 2202 2207 2246 et
2260 2193 2312 2246 in

745 2283 1062 2336 servitutem
1103 2286 1369 2355 redigitur
1397 2291 1439 2347 ³.
1482 2307 1499 2339 ι
1529 2290 1606 2340 ait
1633 2288 1847 2340 l'etrus.
1890 2286 2030 2339 Sunt
2051 2285 2198 2338 enim
2227 2284 2313 2338 in-

748 2384 829 2426 ter
858 2375 1053 2428 anin'nc
1088 2377 1312 2430 vitiosas
1346 2378 1666 2430 allec-tiones
1698 2379 1971 2446 pleraeque
2002 2379 2142 2441 alite,
2177 2393 2316 2447 quas

746 2467 828 2520 \cl
864 2466 981 2534 ipso
1016 2478 1225 2521 natura:
1261 2485 1424 2523 sensu
1468 2469 1935 2537 deprehendimus
1971 2486 2092 2524 esse
2117 2485 2316 2538 pecca-

747 2567 838 2619 ta;
885 2558 1233 2612 metulacium
1278 2569 1460 2614 autem
1490 2600 1503 2622 ,
1551 2561 1640 2613 ubi
1694 2560 2011 2614 assiduitate
2057 2561 2317 2615 occalluit

745 2658 910 2714 atque
957 2648 1249 2710 induruit,
1284 2665 1350 2702 ne
1383 2664 1525 2702 unus
1566 2649 1787 2717 quidem
1835 2651 2111 2721 intelligit.
2150 2666 2314 2720 quam

747 2739 817 2792 sit
865 2738 977 2792 ha'e
1039 2738 1206 2792 animi
1258 2740 1524 2808 a-gritudo
1572 2742 1832 2806 molesta,
1887 2742 1996 2796 imo
2054 2744 2313 2799 exitialis.

3009 1508 3225 1559 ΛΟΓΟΣ
3263 1509 3398 1562 MB'.

2965 1622 3101 1687 Περὶ
3138 1621 3427 1688 ψεύδους.

2486 1730 2558 1780 T6
2580 1729 2772 1797 ψεῦδος
2794 1731 2961 1801 ἄρδην
2985 1735 3358 1803 ἀπηγόρευται
3376 1735 3745 1804 Χριστιανοῖς.
3779 1737 3992 1804 Ὥσπερ

2415 1822 2523 1889 γὰρ
2550 1821 2578 1871 6
2619 1822 2997 1891 ἀληθινολάλος
3045 1825 3229 1886 ὃοίλός
3287 1828 3434 1878 ἐστιν
3478 1825 3572 1877 τοῦ
3611 1827 3871 1891 ἀληθινοῦ
3901 1828 3987 1879 λόο

2415 1931 2512 1980 γου
2535 1930 2547 1941 ·
2581 1914 2752 1975 οὕτως
2770 1916 2861 1966 καὶ
2884 1915 3246 1984 ὁψευδολόγος
3270 1915 3365 1966 τοῦ
3392 1914 3618 1983 ψευδοῦς
3643 1916 3828 1981 λόγου,
3858 1918 3993 1984 μᾶλ-

2416 2004 2506 2056 λον
2534 2005 2590 2056 δὲ
2619 2003 2711 2056 τοῦ
2733 2005 2938 2074 πατρὸς
2969 2005 3060 2058 τοῦ
3077 2006 3324 2075 ψεύδους·
3363 2025 3380 2056 ι
3417 1999 3486 2074 ᾯ
3517 2008 3624 2074 γαρ
3653 2024 3737 2068 τις
3758 2049 3771 2066 ,
3807 2010 3992 2074 φησιν,

2416 2099 2681 2166 ἥττηται,
2750 2098 2927 2168 τούτῳ
2990 2100 3087 2152 καὶ
3138 2099 3481 2152 δεδούλωται.
3529 2119 3546 2150 ι
3583 2100 3664 2150 Ti
3736 2099 3841 2166 μὲν
3885 2102 3992 2166 γὰρ

2417 2189 2636 2241 πλείονα
2671 2189 2780 2242 τῶν
2807 2190 2982 2243 ἄλλων
3015 2189 3204 2242 παθῶν
3234 2189 3604 2256 αἰσθανόμεθα
3629 2190 3712 2242 ὅτι
3745 2191 3993 2258 ἁμαρτία

2417 2281 2584 2343 ἐστὶν,
2613 2282 2673 2333 τὸ
2706 2283 2762 2334 δὲ
2805 2281 2997 2350 ψεῦδος
3029 2284 3094 2334 ὲκ
3126 2281 3220 2335 τοῦ
3250 2282 3418 2335 αὑτοῦ
3461 2281 3822 2351 ἐνδελεχίξειν
3870 2281 3991 2334 οὐδὲ

2419 2373 2578 2439 ἴσμεν
2604 2387 2616 2402 ·
2655 2373 2738 2424 ὅτι
2788 2371 3022 2439 χαλεπὸν
3071 2374 3165 2426 καὶ
3201 2373 3445 2442 ὀλέθριόν
3487 2376 3655 2426 ἐστιν.
3703 2375 3859 2426 Πάνυ
3887 2373 3994 2442 γὰρ

2419 2463 2571 2532 παρὰ
2603 2467 2669 2532 τῇ
2705 2464 2826 2530 θεία
2860 2463 3054 2532 Γραφῆ
3086 2465 3483 2534 ἀπηγόρευται.
3509 2466 3605 2518 καὶ
3643 2466 3798 2518 ἔστιν
3831 2470 3995 2535 χαλε-

2420 2553 2667 2621 πώτερον
2696 2555 2909 2608 πάντων
2937 2555 3047 2608 τῶν
3079 2557 3287 2608 παθῶν.
3325 2555 3537 2621 Ὠσπερ
3563 2555 3674 2625 γὰρ
3721 2557 3785 2608 τὸ
3822 2557 3994 2624 στόμα

2419 2645 2512 2699 τοῦ
2556 2645 2827 2714 ἀψεύστου
2855 2649 3142 2714 ἁγιάζεται
3186 2650 3250 2700 ὲκ
3301 2648 3398 2716 τῆς
3431 2647 3686 2716 ἀληθείας
3728 2652 3746 2714 (
3787 2668 3804 2699 ι
3857 2648 3994 2715 Ἐγὼ

2420 2743 2528 2808 γὰρ
2569 2743 2680 2808 εἰμι
2720 2743 2751 2808 ἡ
2789 2741 3037 2807 ἀλήθεια,
3077 2742 3241 2807 φησὶν
3263 2743 3291 2794 6
3323 2739 3526 2808 Κύριος
3558 2757 3576 2790 ι
3607 2741 3623 2807 )
3649 2756 3661 2768 ο
3690 2739 3869 2802 οὕτως
3904 2757 3997 2809 μο-

750 2828 980 2882 l'rorsus
1020 2832 1302 2886 sanctione
1340 2833 1540 2887 divina:
1581 2835 1878 2902 Scriptura:
1932 2837 2316 2890 interdicimur

2425 2833 2636 2883 λύνεται
2676 2835 2703 2883 6
2739 2832 3066 2900 ψευδόμενος
3097 2834 3160 2883 ἐκ
3201 2831 3296 2884 τοῦ
3323 2831 3530 2900 πατρὸς
3559 2829 3724 2882 αὐτοῦ
3755 2829 3856 2883 τοῦ
3884 2830 3994 2882 δια·

749 2919 1057 2974 mendacio.
1101 2921 1196 2976 Est
1223 2924 1371 2976 enim
1419 2925 1630 2978 caeteris
1661 2927 2167 2993 perturbationibus
2197 2929 2317 2981 ani-

751 3029 850 3064 llt:l'
875 3030 981 3066 non
1003 3015 1161 3081 paulo
1189 3016 1311 3083 plus
1335 3015 1571 3068 aﬂercns
1590 3018 1853 3072 molestia:
1876 3028 2038 3086 atque
2065 3020 2314 3087 periculi.

758 3124 774 3153 ι
826 3105 937 3174 Ego
967 3106 1113 3159 enim
1147 3124 1288 3169 sum,
1321 3108 1398 3160 ait
1423 3109 1708 3166 Dominus,
1746 3111 1949 3162 veritas
1971 3121 2025 3163 et
2058 3112 2166 3165 vita
2189 3115 2209 3143 ⁶
2238 3131 2251 3165 :
2296 3131 2313 3164 ι

751 3197 887 3250 adeo
924 3213 980 3250 se
1007 3197 1256 3267 inquinat
1285 3215 1347 3252 ac
1367 3200 1607 3253 ili-fmilat
1630 3203 1880 3270 quisquis
1905 3203 2076 3271 patris
2117 3206 2320 3260 diaboli

753 3289 1110 3356 persuasione
1166 3291 1363 3343 falsum
1393 3292 1495 3344 sibi
1530 3305 1746 3359 arrogat
1787 3311 1986 3348 nomen
2014 3313 2025 3348 :
2055 3312 2141 3348 res
2173 3297 2319 3350 enim

752 3380 866 3447 ipsa
907 3381 1214 3437 luculenter
1259 3382 1420 3437 docet
1468 3383 1812 3439 mendacium
1879 3403 1908 3439 a
1951 3387 2091 3439 malo
2154 3389 2321 3455 proli-

751 3471 906 3524 risri.
935 3471 1036 3537 Qui
1064 3473 1230 3542 igitur
1251 3474 1535 3527 veritatem
1567 3476 1765 3544 diligit,
1797 3476 1936 3529 nihil
1967 3476 2202 3530 obscure
2233 3477 2322 3531 hic

755 3563 1043 3616 Dominum
1071 3575 1128 3616 et
1160 3565 1357 3634 diligit.
1395 3566 1500 3618 Lex
1536 3568 1624 3619 illa
1655 3568 1808 3634 prior
1835 3566 2017 3620 edicto
2052 3579 2228 3630 cavet,
2255 3583 2324 3622 ne

754 3657 878 3724 quis
900 3657 1166 3709 adversus
1187 3658 1496 3724 proximum
1524 3660 1718 3713 falsum
1743 3660 1884 3714 dicat
1915 3661 2281 3714 testimonium
2307 3676 2320 3712 :

752 3747 1056 3814 eademque
1104 3748 1282 3816 jubet,
1325 3749 1551 3802 verbum
1577 3765 1738 3802 omne
1804 3749 2053 3817 iniqumn
2091 3761 2326 3803 utaver-

756 3855 899 3892 sere.
933 3838 1037 3892 Sed
1062 3848 1117 3892 et
1142 3840 1420 3908 Sapientia
1456 3858 1468 3892 :
1499 3859 1516 3890 ι
1549 3840 1622 3894 Os
1646 3841 1789 3909 quod
1818 3842 2102 3905 mentitur,
2123 3841 2324 3895 occidit

757 3928 993 3980 animam
1026 3929 1065 3980 ⁷.
1108 3948 1125 3978 ι
1176 3929 1436 3982 Rursus:
1485 3949 1500 3978 ι
1556 3929 1632 3982 Ne
1685 3947 1880 3983 exares
1919 3939 1975 3984 ct
2028 3931 2327 3984 concinnes

759 4019 1104 4072 mendaeimn
1148 4019 1412 4074 adversus
1459 4021 1681 4074 fratrem
1737 4032 1912 4082 tuum,
1960 4031 2017 4074 et
2060 4037 2128 4074 ne
2190 4022 2328 4075 velis

760 4110 978 4162 mentiri
1033 4126 1195 4163 onme
1247 4111 1634 4175 mendacium;
1683 4111 1975 4165 assiduitas
2023 4112 2168 4164 enim
2208 4113 2328 4180 ejus

761 4215 868 4253 non
921 4199 1062 4252 cedit
1095 4200 1298 4254 bonum
1325 4201 1365 4252 ⁸.
1410 4219 1427 4251 ι
1475 4203 1723 4255 llursus:
1759 4221 1777 4251 ι
1812 4203 2079 4256 Accendit
2109 4203 2328 4256 menda-

761 4290 905 4342 cium
938 4290 1093 4344 testis
1126 4291 1348 4359 iniquus
1369 4291 1410 4354 9,
1452 4310 1470 4342 ι
1507 4292 1676 4346 mittit
1707 4293 2090 4348 accusationes
2129 4293 2183 4347 in
2215 4310 2328 4348 me-

762 4379 914 4432 dium
971 4379 1220 4432 fratrum.
1266 4381 1431 4436 Isaias
1473 4383 1600 4435 item
1646 4383 1712 4437 de
1760 4384 1854 4437 illo
1883 4400 2161 4453 nunquam
2218 4404 2329 4440 non

764 4467 1009 4521 memlaci
1047 4470 1250 4537 popqu
1266 4470 1332 4523 ad
1358 4471 1496 4524 hanc
1523 4472 1766 4539 loquitur
1788 4471 2077 4526 formulam
2109 4491 2121 4526 :
2156 4495 2172 4523 ι
2199 4474 2334 4529 Pro-

766 4569 886 4625 pter
919 4558 1177 4611 malitiam
1215 4560 1518 4623 labiorum,
1550 4577 1647 4629 per
1677 4562 1916 4631 linguam
1941 4564 2169 4617 alteram
2201 4567 2266 4618 '°.
2307 4584 2325 4617 ι

769 4648 976 4700 llursus
1013 4666 1025 4700 :
1062 4667 1078 4698 ι
1114 4650 1180 4702 Et
1209 4651 1493 4719 posuimus
1519 4653 1863 4706 mendacium
1887 4670 2039 4722 spem
2065 4665 2329 4720 nostram,

767 4745 822 4792 et
855 4739 1138 4793 mendacio
1169 4742 1398 4808 protecti
1433 4758 1623 4797 sumus
1655 4745 1719 4797 “.
1752 4763 1769 4793 ι
1808 4745 1914 4798 Sed
1939 4753 1996 4801 et
2023 4747 2290 4802 Jeremias
2317 4765 2330 4802 :

777 4849 793 4880 ι
826 4829 963 4895 Quia
994 4831 1339 4886 mendacium
1367 4842 1423 4888 et
1448 4850 1556 4887 non
1588 4833 1724 4888 ﬁdes
1760 4835 1990 4890 invaluit
2021 4854 2186 4907 super
2222 4849 2334 4894 ter-

771 4937 886 4975 ram
920 4923 982 4974 ".
1013 4923 1178 4976 David
1209 4940 1427 4993 quoque
1462 4943 1474 4978 :
1515 4945 1532 4977 ι
1565 4926 1686 4980 Filii
1709 4928 1873 4982 alieni
1901 4929 2184 4985 inveterati
2209 4942 2336 4987 sunt

768 5020 826 5065 et
855 5010 1302 5067 claudicaverunt
1327 5030 1356 5067 a
1389 5017 1600 5070 semitis
1632 5017 1747 5073 suis
1778 5019 1845 5074 ".
1879 5039 1897 5070 ι
1933 5020 2216 5089 Siquidem
2243 5025 2336 5092 qui

771 5104 934 5158 alieni
969 5121 999 5158 a
1047 5107 1276 5160 veritate
1307 5118 1438 5162 sunt
1482 5110 1671 5177 utique
1711 5111 2042 5177 claudicant,
2077 5130 2273 5184 nempe
2307 5132 2336 5169 a

776 5195 1108 5251 rectitudine
1148 5197 1248 5250 via:
1299 5199 1456 5267 (quae
1501 5200 1751 5255 Christus
1775 5207 1893 5269 est)
1945 5207 2244 5260 transversi
2275 5222 2338 5262 ac

772 5284 970 5339 detorti
1007 5306 1019 5340 :
1048 5306 1066 5336 ι
1098 5289 1208 5358 Ego
1232 5291 1380 5343 enim
1408 5291 1493 5345 via
1523 5308 1644 5346 sum
1662 5303 1718 5348 et
1746 5296 1950 5349 veritas
1973 5296 2036 5360 ",
2077 5315 2095 5346 ι
2125 5298 2201 5351 ait
2232 5298 2337 5353 Do-

774 5375 977 5431 minus.
1033 5378 1099 5432 Et
1124 5379 1255 5434 illud
1301 5398 1313 5433 :
1371 5399 1388 5431 ι
1445 5383 1659 5438 inimici
1701 5386 1915 5440 Domini
1947 5388 2162 5441 mentiti
2209 5398 2337 5443 sunt

2420 2924 2597 2976 δόλου.
2640 2923 2712 2975 T6
2740 2925 2846 2991 γὰρ
2873 2922 3066 2990 ψεῦδος
3097 2924 3158 2974 ὲκ
3185 2921 3279 2974 τοῦ
3313 2919 3551 2990 πονηροῦ
3594 2916 3731 2972 εἶναι
3761 2919 3995 2988 σαφιὴό

2420 3016 2623 3084 Κύριος
2650 3015 2910 3068 διδάσκει.
2947 3015 3003 3067 Ὀ
3026 3011 3118 3066 οὖν
3144 3014 3370 3080 ἀγαπῶν
3400 3013 3495 3081 τὴν
3525 3012 3810 3081 ἀλήθειαν,
3842 3012 3998 3081 δῆλον

2419 3108 2500 3158 ὃτι
2532 3106 2622 3158 τὸν
2657 3104 2859 3173 Κύριον
2893 3105 3115 3172 ἀγαπᾷ·
3148 3105 3242 3155 καὶ
3276 3106 3304 3154 6
3342 3103 3549 3172 χαίρων
3579 3101 3658 3166 τῷ
3694 3101 3906 3168 ψεύδει,
3937 3101 3998 3151 τὸ

2422 3199 2632 3264 Θέλημα
2659 3196 2751 3248 τοῦ
2774 3195 3068 3263 δυσμενοῦς
3092 3196 3298 3262 ἀγαπᾷ.
3330 3194 3547 3262 Πρῶτος
3571 3195 3597 3244 6
3627 3192 3793 3260 νόμος
3825 3209 4000 3259 παρα⁹

2426 3287 2705 3339 κελεύεται
2726 3303 2739 3316 ’
2763 3285 2838 3337 Οὐ
2871 3284 3417 3352 ψευδομαρτυρήσεις
3459 3282 3600 3333 κατὰ
3631 3280 3727 3332 τοῦ
3772 3280 4000 3350 πλησίον

2426 3395 2518 3430 σου
2562 3378 2865 3446 μαρτυρίαν
2890 3376 3061 3445 ψευδῆ
3097 3391 3110 3403 ·
3145 3376 3252 3428 ἀπὸ
3286 3374 3485 3435 παντὸς
3527 3375 3772 3444 ῥήματος
3812 3372 4000 3425 ἀδίκου

2426 3469 2734 3535 ἀποστήσῃ.
2777 3467 2886 3518 Καὶ
2921 3469 2954 3537 ἡ
2993 3467 3180 3532 Σοφία·
3221 3485 3239 3516 ι
3303 3465 3484 3532 Στόμα
3523 3463 4000 3532 καταψευδόμενον

2426 3562 2640 3628 ἀναιρεί
2667 3560 2865 3627 ψυχήν.
2915 3577 2932 3608 ι
2979 3559 3084 3610 Καὶ
3136 3557 3319 3608 πάλιν·
3353 3575 3372 3608 ι
3411 3556 3505 3626 Μὴ
3540 3555 3772 3627 ἀροτρία
3803 3555 4002 3622 ψεῦδος

2428 3654 2517 3703 ἐπὶ
2539 3653 2768 3718 ἀδελφόν
2793 3668 2908 3712 σου,
2938 3652 3032 3702 καὶ
3071 3650 3144 3717 μὴ
3170 3649 3289 3702 Θέλε
3320 3647 3614 3716 ψεύδεσθαι
3644 3651 3752 3700 πᾶν
3783 3647 4000 3716 ψεῦδος.

2438 3743 2495 3793 ’0
2527 3743 2635 3811 γὰρ
2681 3741 3058 3809 ὲιιδελεχισμὸς
3109 3739 3274 3792 αὑτοῦ
3305 3741 3405 3792 οὐκ
3440 3741 3519 3802 είς
3561 3740 3789 3805 ἀγαθόν.
3834 3759 3852 3789 ο
3894 3739 4001 3792 Καὶ

2429 3833 2612 3896 πάλιν,
2681 3853 2697 3882 ι
2749 3831 2993 3885 Ἑκκαίει
3052 3830 3246 3899 ψεῦδος
3305 3831 3518 3898 μάρτυς
3571 3830 3778 3891 ἄδικος.
3841 3847 3859 3880 ι
3911 3829 4004 3882 καὶ

2430 3923 2734 3992 ἐπιπέμπει
2759 3922 2966 3991 κρίσεις
2994 3922 3094 3974 ἀνά
3123 3922 3285 3988 μέσον
3309 3921 3574 3987 ἀδελφῶν.
3615 3921 3674 3973 ὐ
3702 3921 3758 3974 δὲ
3776 3921 4004 3983 ἸΙσαῖας

2429 4015 2554 4082 περι.
2586 4012 2678 4064 τοῦ
2706 4011 3029 4078 ἀειψεύστου
3060 4009 3188 4061 λαοῦ
3239 4009 3412 4072 οὕτως
3442 4010 3628 4078 φησίν.
3667 4028 3684 4058 ι
3722 4010 3823 4062 Διὰ
3865 4027 4004 4078 vam

2430 4104 2620 4172 λισμδν
2650 4105 2891 4172 χειλέων,
2928 4106 3020 4154 καὶ
3041 4103 3128 4155 διὰ
3166 4100 3415 4171 γλώσσης
3451 4103 3666 4169 ἑτέρας.
3715 4121 3732 4151 ο
3761 4103 3876 4154 Καὶ
3917 4096 4007 4154 αὖ·

2355 4163 2397 4218 C
2432 4163 2550 4255 0t;"
2595 4214 2612 4243 ι
2647 4163 2757 4246 iisti.
2780 4194 3059 4262 ἐθήκαμεν
3099 4163 3292 4260 ψευδος
3320 4163 3416 4260 την
3463 4163 3653 4244 ἐλπίδα
3676 4192 3836 4260 ἡμῶν
3858 4211 3880 4257 ’,
3921 4193 4008 4245 καὶ

2430 4283 2507 4353 τῷ
2554 4284 2743 4352 ψεύδει
2790 4281 3309 4349 σκεπασθησόμεοα.
3382 4299 3400 4330 ι
3465 4282 3576 4333 Καὶ
3632 4282 3661 4332 6
3702 4280 4006 4349 Ἱερεμίας,

2438 4396 2456 4428 ι
2494 4377 2616 4429 Ὅτι
2671 4374 2865 4444 ψεῦδος
2892 4414 2906 4434 .
2959 4375 3051 4427 καὶ
3105 4375 3166 4425 οὐ
3210 4373 3394 4436 πίστις
3447 4372 3730 4440 ἐνίσχυσεν
3775 4372 3874 4424 ἐπὶ
3915 4373 4010 4441 τῆς

2432 4469 2554 4537 γῆς.
2595 4487 2612 4518 ι
2651 4469 2708 4518 ὐ
2737 4468 2793 4520 δὲ
2821 4468 3012 4520 Δαυῖδ·
3051 4487 3069 4519 ι
3108 4467 3229 4519 Υἱοὶ
3258 4464 3529 4533 ἀλλότριοι
3555 4463 3858 4531 ἐψεύσαντο
3891 4480 4008 4533 μοι·

2435 4562 2538 4614 uio".
2588 4560 2857 4628 ἀλλότριοι
2905 4558 3325 4628 ἐπαλαιώθησαν
3358 4576 3371 4588 ·
3425 4557 3520 4610 καὶ
3567 4555 3849 4624 ὲχὼλαναν
3910 4555 4011 4608 ἀπὸ

2432 4652 2542 4704 τῶν
2563 4651 2763 4722 τρίϐων
2791 4651 2989 4705 αὐτῶν.
3030 4670 3048 4702 ι
3071 4653 3132 4703 Ui
3149 4651 3260 4720 γὰρ
3294 4648 3568 4718 ἀλλότριοι
3601 4648 3702 4714 τῆς
3730 4647 4010 4716 ἀληθείας.

2437 4743 2786 4813 χωλαίνουσιν
2826 4742 3192 4811 ἐκτραπέντες
3211 4742 3311 4811 τῆς
3331 4740 3543 4802 εὐθείας
3559 4738 3704 4803 ὀδοῦ,
3737 4739 4012 4792 τουτέστιν

2438 4836 2546 4888 ἀπὸ
2564 4835 2790 4905 Κυρξου.
2813 4837 2863 4902 (ι
2890 4833 3031 4901 Ἐγὼ
3056 4835 3162 4904 γάρ
3183 4836 3298 4902 εἰμι
3322 4836 3355 4901 ἠ
3382 4833 3500 4895 ὁδὸς
3526 4832 3623 4884 καὶ
3647 4833 3682 4901 ἡ
3711 4831 3967 4899 ἀλήθεια,
3990 4848 4006 4880 ι

2439 4927 2604 4994 φησιν
2640 4927 2668 4977 6
2722 4926 2944 4997 Κύριος.
2981 4927 2998 4994 )
3033 4926 3178 4978 Καί·
3221 4945 3238 4976 ι
3281 4925 3344 4976 Ol
3374 4923 3561 4994 ἐχθροὶ
3608 4922 3821 4993 Κυρίου
3863 4923 4015 4991 ἐψεῦ-

2445 5036 2603 5072 σαντο
2635 5017 2814 5087 αὐτῷ’
2861 5037 2881 5070 ι
2913 5019 3008 5070 καὶ
3050 5018 3138 5071 διὰ.
3168 5017 3328 5070 τοῦτο
3363 5017 3628 5086 ἐμίσησεν
3649 5015 3862 5076 πάντας
3896 5016 4015 5076 τοὺς

2441 5110 2840 5181 ἐργαζομένους
2867 5110 2966 5180 τὴν
3008 5109 3262 5178 ἀνομίαν.
3290 5109 3398 5161 Καί
3419 5125 3432 5138 ο
3473 5126 3491 5159 ι
3534 5109 3782 5170 Ἀπολεῖς
3810 5107 4015 5168 πάντας

2438 5205 2564 5266 τοὺς
2619 5203 2914 5265 λαλοῦντας
2960 5203 3020 5254 τὸ
3067 5201 3282 5270 ψεῦδος.
3323 5218 3343 5250 ι
3367 5230 3437 5240 -
3465 5218 3484 5250 ι
3525 5201 3649 5252 Ὀτι
3678 5199 3954 5268 ἐψεύσατο
3987 5199 4015 5266 ἡ

2442 5296 2624 5349 ἀδικία
2650 5296 2838 5364 ἑαυτῇ.
2885 5295 3054 5362 Χείλη
3084 5296 3194 5363 γὰρ
3224 5295 3374 5348 δόλια
3401 5296 3458 5346 ὲν
3499 5293 3702 5362 καρδία
3748 5291 4017 5362 ἐλάλησαν

2441 5386 2634 5456 ψευδῆ.
2678 5405 2695 5435 ι
2736 5387 2794 5438 Ὀ
2822 5387 2876 5439 δὲ
2909 5387 3219 5454 σοφώτατος
3241 5385 3495 5454 Σολομὼν
3522 5401 3536 5414 ·
3573 5405 3590 5435 ι
3623 5382 3727 5437 Δύο
3760 5383 4016 5453 αἰτοῦμαι

773 5468 904 5521 ei".
937 5486 952 5518 ι
984 5467 1324 5538 Quapropter
1350 5472 1478 5525 odio
1507 5472 1671 5528 habet
1697 5490 1890 5530 omnes
1918 5477 2011 5544 qui
2040 5488 2321 5546 operantul

2449 5478 2587 5547 προς
2613 5477 2767 5539 θεὸν,
2804 5477 2968 5546 φησίν
2991 5494 3007 5509 ο
3038 5478 3129 5546 Μὴ
3157 5476 3362 5546 ἀφέλῃς
3391 5475 3486 5530 ἀπ’
3521 5474 3656 5544 ἐμοῦ
3690 5473 3801 5543 πρὸ
3826 5474 3924 5528 τοῦ
3959 5474 4017 5543 μὶ

853 5605 864 5631 ¹
898 5603 936 5655 ΙΙ
968 5603 1108 5656 Tim.
1141 5623 1199 5664 tr.
1232 5607 1320 5658 2|.
1399 5609 1418 5637 ’
1448 5606 1559 5660 Tit.
1588 5627 1644 5669 ιι,
1682 5611 1732 5662 9.

785 5673 864 5722 Il.
963 5675 982 5702 "
1018 5676 1182 5728 I‘Ircli.
1211 5693 1301 5730 \‘II.
1350 5677 1428 5735 l5,
1468 5679 1550 5732 Η.

780 5757 907 5804 λιιι,
935 5746 1023 5796 loti.
1103 5749 1142 5775 “
1171 5747 1330 5801 Joan.
1377 5764 1481 5808 MV,
1520 5750 1570 5801 li.

1813 5611 1832 5640 ³
1863 5613 1983 5664 Act.
2014 5628 2065 5674 ν,
2113 5612 2160 5662 l.

1627 5681 1646 5711 ’
1674 5680 1826 5731 Prov.
1858 5697 1926 5738 γι.
1967 5682 2048 5734 lt).

1655 5751 1695 5781 "
1742 5751 1879 5803 I‘sul.
1912 5767 2071 5810 Lxxx.
2107 5752 2186 5806 l6.

2239 5619 2260 5642 ⁵
2277 5613 2437 5666 Joao.
2460 5630 2551 5668 xu.
2582 5612 2700 5666 4-6.

2130 5683 2169 5712 ⁸⁸
2203 5683 2302 5738 lsa.
2334 5701 2520 5744 xxviii,
2552 5684 2632 5736 ll.

2779 5614 2798 5643 ⁸
2829 5613 2868 5666 Il
2903 5614 3050 5666 l‘etr.
3083 5630 3140 5668 tt.
3163 5613 3216 5666 6.

2715 5684 2753 5713 ”
2791 5683 2924 5737 ihid.
2954 5684 3034 5738 l3.

3293 5612 3486 5667 ‘Joan.
3514 5628 3625 5673 xw,
3649 5613 3705 5664 6.

3783 5613 3804 5642 ⁷
3827 5612 3960 5680 Sap.
3984 5624 4017 5672 ι.

3115 5685 3156 5714 "
3207 5683 3325 5736 luto
3359 5681 3498 5736 Osee
3540 5699 3618 5743 tv,
3643 5683 3698 5735 ‘.’.

3805 5682 3850 5713 "
3883 5680 4015 5736 Psal.
