4178 6436
131 395 274 460 1565

123 513 420 565 ἀποθανεῖν
459 529 471 542 ο

124 605 260 672 ἐμοῦ
305 606 555 676 ποίησον.
586 605 871 676 Βδέλυγμα
913 613 1018 681 γὰρ
1047 613 1234 682 Κυρίῳ
1261 616 1412 684 χείλη
1441 614 1611 682 ψευδῆ
1645 630 1656 641 ·
1688 616 1716 665 ὁ

122 700 175 749 δὲ
214 699 392 750 ποιῶν
429 703 661 764 πίστεις.
691 703 880 765 δεκτὸς
912 706 1042 774 παρ’
1073 707 1261 760 αὑτοῦ.
1311 728 1327 757 ι
1376 739 1443 748 -——
1477 729 1494 760 ι
1533 716 1627 774 Ὃς
1659 712 1715 764 δὲ

126 790 402 855 ἐρείδεται
439 793 531 842 ἐπὶ
562 793 834 859 ψεύδεσιν,
880 791 1033 859 οὗτος
1069 803 1324 865 ποιμανεῖ
1361 801 1615 867 ἀνέμους,
1653 803 1714 854 ’Π

125 883 235 946 γὰρ
261 880 469 950 ψευδὴς
496 883 718 948 γλῶσσα
779 889 928 954 μισεῖ
961 887 1238 956 ἀλήθειαν.
1283 911 1300 941 ι
1334 893 1440 944 Καί
1472 910 1484 923 ·
1519 913 1534 943 ι
1565 896 1718 962 Μάρ-

125 988 220 1025 τυς
269 970 474 1040 ψευδὴς
515 972 615 1024 οὐκ
672 975 1020 1044 ἀτιμώρητος
1062 979 1216 1032 ἔσται
1247 997 1261 1011 ·
1296 983 1322 1031 ὁ
1379 983 1434 1034 δὲ
1469 983 1718 1048 ἐγκαλῶν

125 1061 358 1120 ἀδίκως.
414 1063 473 1114 ού
518 1065 590 1131 μὴ
642 1065 901 1136 διασωθῇ.
951 1089 966 1118 ι
1010 1070 1156 1122 Καί·
1200 1090 1217 1121 ι
1253 1073 1479 1142 Μάρτυς
1512 1073 1718 1143 ψευδὴς

127 1154 443 1207 ἀπολεῖται.
480 1156 644 1226 Ἀνὴρ
677 1159 731 1210 δὲ
765 1161 1001 1228 ὑπήκοος
1031 1162 1464 1233 φυλασσόμενος,
1496 1165 1720 1234 λαλήσει

127 1247 419 1314 ἀλήθειαν.
463 1269 479 1298 ι
521 1252 629 1304 Καὶ
667 1252 829 1304 πάλιν
856 1272 868 1283 ·
916 1273 933 1304 ι
974 1256 1063 1323 Μὴ
1101 1257 1208 1308 ι’σθι
1250 1257 1450 1326 ψευδὴς
1511 1258 1723 1328 μάρτυς

129 1339 225 1390 ἐπὶ
266 1342 361 1392 σὺν
403 1343 651 1413 πολίτην,
687 1363 705 1397 ι
755 1348 1053 1410 τουτέστιν,
1103 1349 1195 1400 ἐπὶ
1246 1349 1336 1401 σὺν
1374 1350 1670 1419 όμόπιστον
1705 1367 1718 1380 ·

136 1448 152 1476 ι
191 1428 348 1495 Μηδὲ
384 1430 657 1483 πλατύνου
689 1433 784 1484 ἐπὶ
825 1435 939 1495 σοῖς
995 1435 1248 1502 χείλεσιν.
1287 1455 1303 1486 ›
1357 1437 1466 1490 Καὶ
1523 1437 1680 1498 ἀλλος
1705 1451 1720 1466 ο

136 1539 153 1568 ι
198 1520 396 1588 μῶμος
438 1524 698 1592 πονηρὸς,
727 1523 926 1592 ψεῦδος
957 1529 1014 1577 ἑν
1036 1528 1328 1598 ἀνθρώπῳ.
1367 1529 1426 1581 '0
1446 1530 1499 1582 δὲ
1535 1528 1725 1592 πιστὸς

133 1612 352 1678 μάρτυς
394 1615 454 1664 ού
505 1613 780 1681 ψεύδεται.
851 1637 867 1665 ι
918 1617 1028 1668 Καὶ
1065 1619 1226 1670 πάλιν
1253 1633 1269 1649 ⁸
1312 1637 1330 1669 ι
1363 1621 1603 1681 ’Δκακος
1636 1637 1724 1671 πι-

133 1702 322 1754 στεύει
357 1704 521 1755 παντὶ
553 1704 717 1770 λόγῳ,
769 1707 1074 1775 πανοῦργος
1119 1709 1174 1761 δὲ
1209 1709 1425 1779 ἔρχεται
1452 1711 1531 1772 είς
1558 1710 1722 1778 μετά-

130 1811 309 1847 νοιαν.
343 1814 360 1845 ι
418 1797 526 1848 Καὶ
564 1798 768 1851 πάλινο
833 1817 851 1849 ι
883 1799 992 1867 υύχ
1039 1801 1269 1869 ἁρμόσει
1323 1803 1516 1871 ἄφρονι
1567 1801 1720 1872 χείλη

1067 407 1392 466 ΠΟΜΙΙΛΛ
1437 408 1655 465 XLIII.
1695 433 1761 441 ο-
1805 409 1900 466 DE
1949 407 2164 466 INANI
2207 408 2515 466 GLORIA.

534 515 768 582 μάταιον
799 514 975 582 λόγον,
1014 520 1109 569 καὶ
1137 519 1331 588 ψευδῆ,
1369 523 1587 590 μακρὰν
1615 519 1708 574 ἀπ’

1824 524 2181 592 iniquitatem.
2206 523 2271 576 Et
2291 538 2305 574 :
2333 541 2349 572 ι
2374 521 2579 576 Perdes
2597 535 2790 576 omnes
2806 518 2900 589 qui
2925 519 3228 588 loquuntur
3249 533 3404 574 men-

3266 397 3401 462 I566

1819 612 2038 665 daeium
2064 613 2124 665 “.
2154 633 2172 662 ›
2200 612 2300 665 Et:
2338 631 2355 661 σ
2381 608 2518 676 Quia
2546 609 2774 664 mentita
2804 619 2889 663 est
2911 607 3174 677 iniquitas
3200 605 3304 662 sibi
3335 608 3399 672 ",

1819 706 1960 758 labia
1985 705 2131 758 enim
2155 703 2344 758 dolosa
2369 704 2428 756 in
2443 701 2610 756 corde
2622 711 2679 755 et
2696 703 2750 755 in
2771 701 3134 756 cordeloeuta
3151 707 3281 753 sunt
3303 701 3346 732 "
3376 724 3395 751 ο

1819 798 2188 852 mendacium.
2208 796 2351 862 Quin
2381 794 2829 865 sapientissimus
2855 795 3115 849 Salomon
3143 794 3257 847 Deo
3286 794 3398 847 ait:

1825 911 1842 942 ι
1872 893 1988 946 Duo
2013 903 2144 946 sunt
2169 908 2290 962 quae
2321 900 2469 962 peto,
2499 907 2568 945 ne
2595 891 2833 960 deneges
2857 890 2971 944 sive
2998 889 3217 943 auferas
3240 904 3270 942 a
3293 903 3403 950 me,

1822 987 2140 1054 priusquam
2163 986 2384 1038 moriar.
2413 983 2738 1038 Sermonem
2766 997 2969 1035 vanum
2992 997 3056 1035 ae
3083 980 3404 1034 mendacem

1825 1075 2034 1144 1095
2053 1076 2212 1143 longe
2233 1075 2317 1128 fac
2342 1090 2369 1126 a
2393 1090 2476 1127 me
2494 1070 2931 1126 ".Abominatio
2954 1068 3102 1123 enim
3128 1067 3270 1136 apud
3296 1066 3406 1120 Do-

1822 1166 2030 1218 minum
2052 1165 2194 1218 labia
2223 1164 2542 1228 mendacia;
2569 1163 2665 1232 qui
2695 1174 2880 1216 autem
2915 1159 3094 1214 fidelis
3111 1167 3219 1220 est,
3248 1171 3408 1211 acce-

1823 1263 1951 1324 ptus
1974 1264 2056 1308 est
2075 1255 2220 1324 apud
2259 1254 2432 1306 Deum
2460 1254 2527 1306 ὀ.
2567 1271 2584 1301 ι
2617 1252 2685 1306 Et
2720 1268 2734 1303 :
2777 1269 2795 1300 ι
2817 1249 2923 1314 Qui
2950 1248 3150 1303 nititur
3176 1243 3408 1300 menda-

1823 1347 1945 1408 ciis,
1981 1347 2072 1401 hic
2091 1357 2278 1416 pascet
2307 1355 2501 1400 ventos
2531 1347 2612 1410 ";
2642 1342 2880 1399 mendax
2908 1342 3056 1397 enim
3083 1341 3268 1408 lingua
3287 1337 3406 1392 odit

1823 1441 2110 1495 veritatem
2130 1442 2196 1493 “.
2211 1457 2228 1490 ι
2251 1440 2317 1493 Et
2338 1455 2351 1490 :
2378 1457 2394 1489 ι
2431 1437 2609 1492 Testis
2629 1436 2866 1490 mendax
2888 1450 2996 1488 non
3019 1440 3143 1488 erat
3170 1429 3409 1499 impuni—

1824 1539 1937 1594 tus;
1964 1531 2057 1600 qui
2080 1539 2264 1584 autem
2287 1529 2468 1584 defert
2489 1528 2712 1598 injuste,
2732 1542 2844 1580 non
2860 1521 3244 1579 salvabitur".
3260 1540 3278 1573 ι
3299 1520 3366 1575 Et
3389 1537 3402 1573 :

1829 1639 1848 1672 ι
1887 1621 2066 1675 Testis
2122 1619 2358 1674 mendax
2404 1617 2732 1688 peribit“;
2773 1616 2858 1669 vir
2909 1624 3093 1669 autem
3140 1611 3408 1668 obediens

1821 1710 1916 1778 qui
1952 1710 2054 1764 sibi
2079 1719 2255 1773 cavet,
2280 1710 2539 1778 loquetur
2562 1707 2856 1762 veritatem
2896 1705 2963 1758 ".
3005 1722 3023 1754 ι
3060 1702 3168 1756 Et:
3205 1702 3285 1757 Ne
3330 1701 3409 1755 sis

1824 1803 1983 1856 testis
2015 1802 2250 1856 mendax
2285 1801 2552 1855 adversus
2591 1799 2876 1853 concivem
2924 1805 3081 1850 tuum
3129 1795 3194 1857 “,
3235 1811 3253 1844 ι
3303 1792 3409 1846 hoc

131 1886 330 1946 πιστὰ,
360 1888 478 1940 οὐδὲ
505 1888 698 1958 δικαίῳ
718 1890 870 1957 χείλη
897 1889 1087 1958 ψευδῆ.
1127 1911 1145 1943 ι
1182 1893 1290 1946 Καὶ
1314 1895 1506 1960 ἐπάγει
1525 1910 1536 1922 ·
1583 1913 1599 1942 ι
1628 1871 1721 1944 AI?

1824 1907 1908 1952 est
1930 1887 2196 1949 adversus
2230 1892 2581 1956 confidelem,
2642 1909 2659 1941 ι
2695 1899 2750 1945 et
2813 1906 2882 1945 ne
2942 1887 3190 1943 dilateris
3246 1883 3409 1940 labiis

135 1977 450 2044 ρετὼτερον
487 1979 726 2041 κλέπτης
775 1981 807 2051 ἢ
847 1983 876 2033 ὁ
907 1981 1256 2050 ἐνδελεχίξων
1287 1983 1477 2052 ψευδῆ.
1520 2003 1537 2034 ι
1581 1985 1638 2037 Ὀ
1667 1984 1722 2036 δὲ

130 2066 442 2129 ἀπόστολος
497 2068 709 2133 Παῦλος
740 2084 755 2098 ⁶
816 2094 832 2122 ι
875 2072 965 2138 Μὴ
1013 2072 1270 2140 ψεύδεσθε
1315 2077 1395 2136 είς
1438 2074 1720 2144 ἀλλήλους,

131 2157 279 2209 ἀλλά
313 2158 647 2228 ἀποθέμενοι
687 2162 746 2214 τὸ
792 2162 1008 2230 ψεῦδος,
1045 2164 1257 2217 λαλεῖτε
1289 2165 1564 2234 ἀλήθειαν,
1593 2166 1722 2218 Exa-

134 2265 267 2311 στος
304 2251 442 2317 μετὰ
479 2252 574 2303 τοῦ
607 2253 835 2320 πλησίον
865 2255 1052 2308 αὑτοῦ.
1090 2274 1108 2307 ι
1145 2256 1253 2308 Καὶ
1285 2258 1340 2308 ὲν
1366 2259 1483 2319 ταῖς
1515 2257 1723 2327 Πράξεο

136 2357 228 2391 σιν
254 2343 282 2392 ὁ
314 2342 518 2410 Πέτρος
553 2343 631 2411 τῷ
669 2344 888 2416 Ἀνανίᾳ.
915 2364 929 2376 ·
969 2365 986 2396 ι
1023 2347 1120 2399 Διά
1148 2347 1221 2406 τί,
1255 2348 1440 2416 φησὶν,
1468 2348 1723 2417 ἐπλήρω-

137 2446 237 2481 σεν
270 2431 299 2479 ὁ
329 2432 575 2494 Σατανᾶς
624 2433 725 2501 τὴν
766 2435 995 2504 καρδίαν
1051 2453 1144 2487 σου
1197 2436 1500 2504 ψεύσασθαί
1553 2455 1609 2490 σε
1666 2437 1726 2489 τὸ

135 2522 374 2589 Πνεῦμα
403 2523 462 2575 τὸ
516 2524 694 2592 ἅγιον,
737 2527 829 2578 καὶ
863 2526 1220 2595 νοσφίσασθαι
1260 2530 1367 2581 ἀπὸ
1431 2530 1533 2596 τῆς
1561 2532 1726 2599 τιμῆς

134 2613 233 2666 τοῦ
269 2616 474 2684 χωρίου
496 2634 509 2676 ς
534 2636 552 2667 ι
587 2618 692 2669 Καὶ
714 2619 941 2686 ἐπάγει·
976 2640 992 2669 ι
1021 2622 1133 2674 υύκ
1161 2622 1374 2689 ἐψεύσω
1399 2622 1721 2691 ἀνθρώποις,

135 2706 278 2757 ἀλλά
337 2707 414 2775 τῷ
463 2705 600 2776 Θεῷ.
641 2728 657 2758 ι
719 2711 827 2762 Καὶ
853 2714 880 2763 ὀ
923 2713 1175 2772 Ἰάκωϐος
1206 2728 1219 2742 ⁶
1282 2730 1301 2763 ι
1342 2715 1493 2766 Ἐπεὶ
1533 2716 1725 2783 μικρὸν

135 2794 310 2862 ζῆλον
339 2797 490 2863 ἔχετε
524 2801 580 2850 ὲν
621 2802 729 2861 ταῖς
758 2801 1003 2868 καρδίαις
1030 2804 1202 2870 ὑμῶν,
1251 2805 1325 2872 μὴ
1360 2806 1721 2872 καταυχᾶσθε,

139 2887 242 2938 καὶ
284 2885 550 2952 ψεύδεσθε
612 2891 751 2941 κατὰ
786 2890 883 2957 τῆς
923 2890 1200 2960 ἀληθείας.
1242 2909 1259 2941 ι
1329 2891 1386 2944 ’0
1428 2893 1481 2944 δὲ
1524 2895 1725 2963 Κύριος

136 2976 402 3046 περὶτοῦ
442 2980 854 3048 Ἀντιχρίστου⁶
922 3001 940 3033 ι
1001 2983 1172 3037 Ὀταν
1236 2985 1407 3046 λαλεῖ,
1461 2987 1613 3054 φησὶ,
1666 2987 1725 3038 τὸ

134 3068 363 3135 ψεῦδος,
389 3071 452 3120 ἐκ
483 3070 589 3121 τῶν
622 3071 765 3124 ἰδίων
809 3073 978 3138 λαλεῖ,
1013 3076 1092 3127 ὅτι
1134 3076 1375 3144 ψεύστης
1427 3078 1596 3140 ἐστὶν,
1651 3078 1725 3140 ὡς

1827 1989 1936 2041 tuis
1969 1988 2035 2040 ".
2070 2005 2087 2038 ι
2131 1987 2289 2040 Alius
2325 1986 2454 2038 item
2492 2001 2505 2036 :
2559 2003 2576 2036 ι
2617 1981 2998 2051 Reprehensio
3035 1979 3199 2042 mala,
3248 1992 3408 2030 men-

1824 2079 2043 2133 daciqu
2080 2078 2134 2131 iu
2167 2076 2433 2139 homine;
2467 2074 2563 2142 qui
2623 2081 2809 2127 autem
2859 2069 3040 2124 fidelis
3092 2075 3177 2122 est
3230 2066 3406 2129 testis,

1826 2189 1934 2226 non
1965 2170 2228 2223 mentitur
2258 2169 2323 2221 ".
2366 2186 2383 2216 ι
2429 2167 2607 2219 ltem:
2661 2182 2678 2215 ι
2715 2164 2990 2217 lnnoeens
3031 2158 3211 2214 credit
3256 2156 3407 2211 onmi

1824 2264 2017 2324 verbo,
2047 2269 2413 2314 veteratorem
2441 2267 2625 2311 autem
2649 2264 2706 2308 et
2729 2261 2970 2308 astutum
2996 2249 3285 2319 pmnitebit
3303 2250 3401 2302 ε’.»

1825 2353 1935 2406 Et:
1970 2371 1987 2402 ι
2018 2351 2136 2405 Non
2167 2348 2510 2403 conveniunt
2565 2345 2737 2400 stulto
2786 2341 2931 2396 labia
2982 2340 3187 2402 fidelia,
3230 2353 3410 2406 neque
3451 2353 3459 2360 '

1822 2446 1973 2513 justo
1997 2441 2162 2495 verba
2212 2437 2501 2494 mendacia
2552 2437 2617 2488 '°.
2647 2452 2664 2484 ι
2725 2433 2986 2489 lnducit:
3048 2451 3065 2482 ι
3101 2429 3413 2501 Eligibilius

1825 2532 1955 2602 quid
1991 2539 2074 2584 est
2105 2530 2211 2593 fur,
2246 2543 2410 2598 quam
2445 2527 2540 2596 qui
2571 2525 2794 2580 assidue
2824 2521 3092 2576 mentitur
3113 2523 3179 2574 ".
3216 2540 3234 2572 ι
3259 2520 3409 2590 Apo-

1827 2625 2001 2677 stolus
2029 2623 2160 2676 item
2204 2621 2409 2675 Paulus
2441 2637 2454 2672 :
2499 2638 2517 2669 ‹
2554 2615 2873 2686 Loquimini
2907 2615 3200 2669 veritatem
3242 2629 3415 2668 unus-

1827 2713 2068 2783 quisque
2092 2729 2216 2767 eum
2241 2711 2492 2780 proximo
2521 2725 2622 2764 suo
2659 2710 2724 2760 ³⁸.
2768 2726 2785 2759 ι
2817 2709 2877 2761 In
2910 2707 3141 2760 Actibus
3189 2720 3412 2775 quoque

1826 2806 2022 2860 Petrus
2055 2803 2281 2857 Ananiae
2312 2803 2451 2855 dixit
2487 2820 2499 2855 :
2543 2819 2560 2851 ι
2595 2801 2665 2855 Ut
2704 2799 2838 2868 quid
2883 2798 3134 2867 implevit
3176 2796 3408 2852 Satanas

1825 2911 1921 2949 cor
1960 2904 2137 2955 tuum,
2177 2893 2397 2946 mentiri
2443 2901 2494 2945 te
2542 2889 2776 2959 Spiritui
2827 2899 3040 2954 sancto,
3074 2899 3130 2942 et
3159 2887 3415 2942 fraudare

1827 2985 1894 3039 de
1920 2985 2096 3052 pretio
2128 2983 2242 3052 agri
2270 2983 2350 3034 ³³ἳ
2389 3001 2406 3032 ι
2438 2981 2657 3035 lnducit
2690 2999 2702 3034 :
2742 2999 2760 3030 ι
2791 2980 2988 3034 Nones
3011 2978 3282 3033 mentitus
3306 2978 3411 3033 ho-

1827 3074 2090 3136 minibus,
2139 3072 2236 3126 sed
2283 3073 2396 3126 Deo
2437 3072 2500 3124 ³⁴⁵.
2540 3091 2556 3121 ι
2603 3071 2878 3126 Jacnbus:
2932 3089 2950 3121 ι
2989 3069 3126 3124 Cum
3166 3085 3412 3124 amarum

138 3162 239 3211 καὶ
275 3163 306 3212 ὁ
337 3162 518 3230 πατὴρ
561 3163 744 3215 αὐτοῦ.
784 3183 802 3214 ι
866 3165 1220 3229 Ἀκούσαντες
1263 3164 1377 3226 οὖν,
1423 3169 1721 3235 ἀγαπητοὶ,

1829 3166 2004 3219 zelum
2045 3164 2298 3218 habeatis
2335 3165 2387 3217 in
2431 3163 2696 3218 cordibus
2730 3162 2954 3226 vestris,
2984 3162 3155 3216 nolite
3185 3160 3412 3232 gloriari

135 3252 232 3301 τὶν
296 3254 531 3319 πονηρὸν
560 3253 727 3321 ψόγον
773 3255 870 3306 τοῦ
911 3256 1218 3309 διαδολικοῦ
1262 3258 1509 3325 ψεύδους,
1570 3259 1722 3332 πάσῃ

139 3340 352 3408 σπουδῇ
388 3342 648 3411 φύγωμεν
679 3345 772 3396 ἀπ’
817 3345 1002 3407 αὐτοῦ,
1037 3347 1130 3399 καὶ
1177 3349 1613 3417 προσδράμωμεν
1656 3353 1720 3419 τῇ

136 3429 398 3500 ἀληθείᾳ,
455 3434 514 3494 ὃς
567 3435 715 3486 ἐστιν
762 3437 996 3504 Χριστὸς
1026 3438 1053 3488 6
1099 3438 1350 3506 ἀληθινὸς
1380 3439 1510 3502 Θεὸς
1542 3441 1718 3508 ἡμῶν.

134 3523 361 3590 Λὺτῷὴ
393 3524 518 3586 δόξα
550 3527 628 3585 είς
655 3527 781 3588 τοὺς
817 3527 1040 3589 αἰῶνας.
1077 3529 1272 3598 Ἀμήν.

1827 3267 1882 3312 et
1909 3257 2128 3311 mentiri
2155 3256 2420 3310 adversus
2454 3256 2766 3309 veritatem.
2801 3253 2907 3308 Sed
2942 3262 2997 3308 et
3028 3254 3316 3317 Dominus,
3346 3251 3414 3308 dc

1829 3349 2174 3403 Antichristo
2207 3367 2218 3401 :
2264 3368 2280 3398 ι
2311 3347 2447 3402 Cum
2481 3347 2627 3401 enim
2661 3346 2908 3414 loquitur
2933 3344 3306 3410 mendacium,
3345 3360 3414 3399 ex

1831 3439 2071 3508 propriis
2100 3439 2384 3508 loquitur;
2437 3438 2563 3506 quia
2600 3436 2833 3492 mendax
2881 3446 2987 3500 est,
3043 3443 3105 3490 ut
3149 3443 3205 3491 et
3257 3445 3416 3506 pater

1834 3530 1953 3598 ejus
1980 3530 2045 3581 ³⁵.
2077 3549 2094 3578 ι
2123 3529 2325 3582 Audita
2352 3529 2542 3597 igitur,
2573 3525 2910 3588 cliarissimi,
2955 3524 3218 3578 diabolici
3256 3539 3414 3579 men-

137 3615 292 3668 dacii
318 3616 670 3685 vituperabili
705 3620 1064 3689 malignitate,
1092 3639 1256 3690 quam
1294 3624 1613 3694 longissime
1655 3625 1722 3678 ab
1763 3625 1858 3678 illo
1883 3624 2207 3678 secedamus
2243 3641 2256 3689 ;
2322 3623 2388 3676 ad
2426 3623 2774 3692 complexum
2812 3636 2943 3675 vero
3009 3619 3262 3673 veritatis
3301 3626 3417 3673 stu-

137 3705 234 3758 dio
285 3707 438 3761 omni
483 3710 881 3765 contendamus
928 3715 1265 3784 pertingere,
1319 3717 1414 3786 qui
1466 3717 1720 3772 Christus
1758 3726 1841 3771 est
1873 3717 2018 3770 Deus
2051 3725 2238 3769 noster
2269 3730 2454 3768 verus.
2482 3713 2587 3783 Ipsi
2647 3713 2819 3782 gloria
2873 3713 2928 3765 in
2970 3710 3412 3766 saecula.Amen.

747 3825 964 3878 ΛΟΓΟΣ
1005 3829 1134 3882 ΜΓθ.

2363 3826 2650 3881 IIOMILIA
2679 3824 2867 3878 XLIII.

666 3939 803 4003 Περὶ
844 3940 1216 4006 κενοδοξίας.

2380 3938 2456 3992 De
2482 3939 2634 3991 inani
2661 3936 2859 4007 gloria.

230 4050 294 4102 '0
322 4049 599 4114 κενόδοξος
648 4051 800 4120 δηλοῖ
858 4053 939 4105 ὅτι
997 4055 1320 4123 πρόσκειται
1373 4059 1436 4125 τῇ
1493 4058 1721 4128 μισοοέῳ

1898 4053 2246 4123 Vaniglorius
2291 4051 2473 4120 reipsa
2503 4037 2749 4103 declarat
2769 4063 2990 4103 exosam
3009 4062 3068 4101 se
3092 4045 3296 4100 habere
3316 4044 3414 4101 Dei

139 4140 298 4210 δόξῃ.
361 4141 593 4195 Ἥδιστα
640 4142 748 4211 γὰρ
804 4142 1024 4211 θηρεύει
1055 4147 1183 4208 τοὺς
1216 4147 1471 4210 ἐπαίνους
1497 4148 1608 4200 τῶν
1637 4151 1721 4201 ἀν·

1826 4146 2054 4215 gloriam
2095 4162 2107 4196 :
2145 4145 2214 4196 ab
2244 4142 2566 4196 hominibus
2595 4139 2744 4193 enim
2781 4138 2974 4192 laudes
2999 4145 3184 4206 captat
3218 4152 3281 4192 ac
3315 4151 3415 4192 ve-

142 4229 410 4299 θρὼπων,
448 4232 542 4282 καὶ
571 4232 652 4293 είς
697 4233 895 4295 αὖτοὺς
944 4234 1300 4304 ἐναϐρύνεται
1347 4236 1489 4309 ὑπὲρ
1546 4238 1721 4307 ἐσμῶν

1824 4246 1986 4290 natur
2015 4250 2276 4304 perquam
2305 4233 2572 4286 suaviter.
2608 4229 2748 4284 Hinc
2779 4229 2847 4283 ad
2882 4245 2978 4284 eas
3007 4244 3193 4284 secum
3237 4228 3414 4283 ambi-

144 4319 471 4381 ἑστιάσεως.
505 4321 564 4372 Ὀ
602 4321 843 4384 τοιοῦτος
871 4323 946 4384 ὡς
968 4325 1427 4396 ἀνθρωπάρεσκος
1458 4328 1721 4399 κρίνεται,

1827 4328 2019 4382 tiosius
2054 4327 2327 4380 subsultat
2357 4339 2420 4377 ac
2451 4322 2733 4393 praegestit
2763 4321 3058 4391 gloriosius
3106 4335 3277 4389 quam
3326 4319 3415 4374 vel

141 4413 226 4462 ὅτι
254 4412 450 4480 ἀγαπᾷ
471 4411 570 4480 τὴν
596 4412 754 4475 δόξαν
782 4413 891 4465 τῶν
924 4415 1226 4484 ἀνθρώπων
1280 4418 1419 4488 ὑπὲρ
1444 4420 1542 4489 τὴν
1576 4420 1721 4484 δόξαν

1826 4418 2193 4486 eoepulonum
2220 4414 2597 4485 quantuslibet
2635 4425 2833 4467 cretus.
2871 4412 3019 4466 Talis
3076 4421 3137 4465 ut
3189 4411 3414 4466 humani

145 4501 241 4553 τοῦ
297 4501 456 4563 Θεοῦ,
491 4504 631 4554 κατά
662 4503 752 4554 τὸν
808 4505 1198 4577 εύαγγελιστὴν
1257 4508 1510 4580 Ἰωάννην
1543 4526 1556 4540 ·
1617 4512 1721 4563 ἀλλ

1826 4509 2030 4564 favoris
2055 4517 2310 4576 captator
2331 4505 2649 4576 judicatur:
2677 4504 2745 4558 ab
2777 4504 3096 4558 hominibus
3124 4502 3272 4556 enim
3305 4502 3413 4558 sibi

144 4594 344 4663 ὥσπερ
388 4593 476 4646 διὰ
515 4593 745 4660 θλίψεως
785 4596 854 4648 τὰ
897 4597 1080 4665 ἀγαθά
1108 4601 1221 4662 τοῖς
1249 4600 1556 4672 ἀνθρώποις
1585 4603 1721 4672 ἡτοί-

1831 4602 2127 4656 exhibitam
2179 4599 2430 4669 gloriam,
2487 4613 2599 4667 pra:
2651 4597 2822 4667 gloria
2875 4595 2972 4650 Dei
3017 4595 3215 4665 diligit,
3259 4595 3415 4664 juxta

147 4701 385 4753 μασται.
433 4684 606 4749 οὕτως
660 4687 755 4739 καὶ
814 4688 881 4742 τὰ
942 4691 1086 4743 κακά
1153 4692 1242 4744 διὰ
1285 4695 1586 4759 κενοδοξίας
1638 4697 1721 4750 καῚ

1831 4694 2218 4763 evangelistam
2239 4693 2506 4746 Joannem
2534 4706 2547 4743 :
2579 4704 2712 4743 sane
2743 4697 2804 4742 ut
2827 4697 2955 4742 sunt
2981 4687 3297 4741 hominibus
3322 4701 3419 4755 ap-

145 4777 370 4845 ἠδονῆς,
417 4776 568 4841 Ῥίζα
595 4779 704 4848 γὰρ
756 4782 989 4852 αἰσχρᾶς
1042 4784 1337 4854 ἐπιθυμίας
1389 4788 1721 4856 ἀνθρώπινος

1832 4793 2017 4855 parata
2050 4784 2190 4837 bona
2223 4799 2321 4852 per
2341 4781 2701 4835 afﬂictionum
2729 4779 3099 4843 tolerantiam,
3129 4780 3201 4832 ita
3230 4788 3286 4832 et
3319 4792 3419 4847 per

144 4867 378 4930 ἔπαινος
412 4883 426 4896 ⁸
463 4870 562 4939 οὐχ
585 4871 715 4922 ὅταν
747 4872 1036 4941 ἀκούωμεν
1068 4875 1227 4938 αὐτὰ,
1262 4877 1376 4930 ἀλλ’
1430 4880 1558 4933 ὅταν
1594 4883 1721 4934 αὺτᾶ

1831 4875 2046 4928 inanem
2094 4875 2319 4944 gloriam
2363 4883 2526 4941 atque
2555 4872 2869 4926 illecebram
2905 4870 3203 4940 voluptatis
3234 4869 3390 4924 conci

147 4957 594 5026 καταδεχὼμεθα
623 4961 816 5030 ἡδέως.
863 4964 925 5015 Ἢ
966 4965 1076 5036 γὰρ
1108 4968 1403 5035 κενοδοξία,
1434 4973 1526 5024 καὶ
1544 4974 1721 5044 ἡδονὴ,

1829 4967 2033 5021 liautur
2065 4968 2226 5020 mala.
2262 4966 2434 5020 Radix
2462 4965 2699 5034 proinde
2719 4965 2978 5018 obscena:
3000 4979 3064 5018 ac
3089 4961 3268 5031 turpis
3287 4976 3418 5017 con-

148 5047 305 5122 αἴτια
338 5050 578 5120 ὑπάρχει
629 5053 811 5123 πάσης
845 5056 1060 5119 κακίας.
1105 5058 1176 5110 Τὸ
1216 5061 1385 5124 πάθος
1436 5064 1593 5115 τοῦτο
1634 5065 1721 5132 τῆς

1833 5058 2188 5127 eupiseeutia:
2222 5066 2306 5110 est
2354 5072 2421 5110 ex
2472 5056 2792 5110 hominibus
2848 5053 3109 5122 aucupari
3167 5051 3412 5117 laudem,

151 5139 471 5205 κενοδοξίας
496 5141 636 5195 πάνυ
669 5145 1021 5217 πολύμορφόν
1060 5149 1208 5202 ἐστιν
1255 5153 1349 5203 καὶ
1389 5151 1721 5219 λεπτότατον,

1833 5165 1939 5203 non
1964 5149 2186 5218 quidem
2217 5149 2335 5214 ipso
2370 5146 2555 5201 statim
2616 5147 2853 5200 articulo
2911 5144 3255 5208 tentationis,
3318 5143 3415 5198 sed

150 5230 251 5282 καὶ⁸
281 5231 342 5282 ού
373 5233 600 5300 ταχέως,
626 5235 734 5286 οὐδ’
762 5238 852 5289 ὑπ’
877 5239 1041 5290 αὐτοῦ
1082 5241 1175 5292 τοῦ
1210 5245 1603 5313 πειραζομένου
1640 5264 1721 5299 κα-

1832 5249 1965 5294 tunc
1982 5256 2104 5293 cum
2124 5248 2384 5307 exceptas
2408 5239 2552 5291 illam
2580 5246 2635 5290 et
2659 5253 2922 5306 perquam
2955 5237 3197 5291 suaviter
3215 5234 3417 5288 admit-

149 5321 658 5393 ταλαμϐανὸμενον.
719 5327 843 5380 Ἐπὶ
893 5330 1000 5400 γὰρ
1052 5331 1160 5383 τῶν
1211 5335 1385 5386 ἄλλων
1434 5338 1617 5390 παθῶν
1681 5358 1710 5391 α

1836 5332 1924 5385 tis.
1959 5334 2122 5386 Plane
2160 5332 2383 5386 malitia:
2425 5332 2606 5385 omnis
2645 5330 2845 5383 artifex
2890 5345 3029 5382 vana
3091 5336 3175 5381 est
3221 5327 3414 5396 gloria,

153 5415 466 5484 προσϐολαὶ
516 5419 890 5490 φανερώτεραι
937 5425 1338 5493 τυγχάνουσιν·
1389 5429 1483 5480 καὶ
1532 5430 1721 5500 ἡψυχὶ

1838 5432 1999 5485 simul
2037 5441 2090 5485 et
2127 5432 2402 5500 voluptas.
2441 5429 2655 5498 1096
2699 5427 2936 5483 Aﬂ‘ectio
2970 5427 3200 5497 proinde
3242 5424 3417 5480 ambi-

232 5569 280 5650 ’.ξ
308 5569 452 5621 Psal.
489 5586 541 5630 v,
579 5573 667 5650 7.___
708 5574 747 5604 "’
772 5575 919 5650 Psal.
958 5594 1100 5639 xxvi,
1138 5581 1221 5633 12.
1299 5581 1342 5612 ¹⁸
1383 5583 1523 5639 I’sal.
1559 5603 1628 5644 δι,
1667 5588 1718 5639 5.

1824 5587 1841 5618 ³
1876 5589 2033 5642 Prov.
2067 5603 2191 5647 xxx,
2215 5588 2267 5650 7,
2301 5587 2351 5640 8.
2433 5586 2478 5616 ²⁹
2506 5586 2666 5640 Prov.
2705 5599 2799 5645 xu,
2828 5584 2916 5637 22.
2997 5584 3038 5614 ²¹
3077 5583 3242 5637 Prov.
3273 5583 3412 5645 1,,4.

153 5640 199 5672 τι
242 5640 405 5691 I’rov.
439 5643 690 5694 “W23.
769 5647 812 5674 υ
855 5647 1011 5698 Prov.
1056 5665 1161 5716 χιιι,
1201 5653 1282 5705 ιδ.
1362 5657 1406 5684 ιι
1441 5655 1576 5706 una.
1607 5640 1659 5709 si.

159 5710 209 5736 II
250 5708 391 5736 D—nu
446 5726 532 5736 ε...
589 5713 615 5736 r:
746 5714 929 5736 99:14.:
992 5717 1052 5736 ιιι·
1185 5723 1224 5736 η
1260 5723 1296 5736 ι.
1632 5728 1642 5736 .

1824 5640 1968 5736 Prov.
2001 5673 2109 5717 xvi,
2142 5640 2354 5736 23.4"
2388 5659 2555 5736 Pr_ov_.‘
2581 5671 2736 5736 μιν,
2779 5640 2921 5736 282⁸..
2969 5654 3012 5684 ⁸⁷
3043 5654 3217 5736 ξιον.Δ
3271 5640 3326 5714 v,
3445 5667 3453 5676 '

187 5712 209 5794 ξ
250 5708 413 5794 Plrplv.
446 5713 662 5794 δικέλ-
746 5716 790 5744 "
818 5714 952 5768 ibid.
991 5717 1072 5769 I5.
1151 5708 1224 5752 ’³ο
1259 5723 1416 5776 Prov.
1458 5741 1583 5789 xm,
1628 5708 1670 5779 id.

1824 5708 1828 5756 ί
1867 5708 2026 5781 l‘rov.
2088 5708 2327 5788 καί-22.
2388 5708 2407 5712 ⁷
2444 5728 2486 5758 ³⁸
2517 5708 2823 5794 Ephesum
2853 5725 2942 5778 25.
3040 5725 3083 5756 ³³
3122 5723 3242 5778 Act.
3284 5708 3414 5788 v',3.

168 5777 214 5807 ὐ
259 5777 394 5829 ibid.
438 5779 485 5831 ιι.
566 5782 608 5812 ³⁵
639 5782 792 5836 Joan.
828 5802 941 5848 vm,
976 5787 1060 5839 Η.
