4178 6436
747 367 884 433 155⁸7

2007 367 2374 429 ANTIOCHI
2419 368 2761 428 MONACIII

3863 367 4013 427 1568

746 477 936 531 tiosior
965 471 1151 542 gloria:
1185 471 1342 526 istius
1367 471 1564 532 inanis,
1589 486 1752 538 quam
1791 480 1876 523 est
1925 470 2308 524 multiformis!

2439 473 2598 540 ιᾲδιον
2642 473 2997 538 ἐπιγινώσκει
3033 475 3122 525 τὸν
3163 477 3295 543 πρὸς
3330 476 3464 526 αὑτὰ
3496 475 3748 544 πόλεμον,
3779 475 3880 526 καὶ
3918 477 4012 528 διὰ

743 581 908 634 quam
935 573 1022 616 est
1058 564 1259 615 malum
1291 561 1490 613 subtile
1517 562 1529 612 Ξ
1570 560 1720 613 Adeo
1749 560 1895 612 enim
1933 561 2122 626 nequit
2161 561 2318 628 plane

743 653 1069 715 internosci,
1125 660 1180 705 ut
1237 667 1304 704 ne
1356 651 1438 703 vel
1475 651 1543 702 ab
1594 666 1661 704 eo
1690 650 1782 717 qui
1823 658 2089 713 tentatur,
2121 650 2318 717 deprc-

747 748 912 801 bendi
975 744 1131 799 facile
1183 743 1397 812 possint
1444 743 1829 810 impressiones
1881 740 2027 794 illius
2077 741 2157 794 sic
2190 741 2320 793 iusi-

744 841 930 893 diosre.
966 839 1215 892 Attamen
1248 851 1369 904 qua:
1394 835 1682 888 adversum
1732 849 1790 887 se
1848 833 2044 887 instrui
2092 833 2318 897 bellum,

750 933 906 986 initio
939 931 1058 1000 ipso
1083 931 1235 983 novit
1292 929 1497 991 anima,
1555 925 1823 996 ejusmodi
1879 928 2134 980 incursus
2178 941 2206 977 a
2260 940 2318 978 se

747 1025 906 1078 facile
940 1023 1246 1076 remollilur
1283 1036 1348 1075 ac
1377 1020 1622 1090 depellit,
1656 1020 1698 1072 si
1747 1019 1969 1086 quidem
2002 1017 2068 1071 ad
2105 1018 2318 1087 asylum

747 1114 1037 1181 suffugerit
1105 1112 1388 1166 orationis.
1463 1111 1529 1164 Et
1603 1109 1824 1178 quidem
1871 1110 2059 1163 isthzee
2116 1109 2320 1161 malitia

749 1221 872 1258 cum
904 1211 983 1257 tot
1021 1202 1211 1256 induat
1248 1201 1471 1262 formas,
1521 1199 1626 1252 dici
1675 1199 1760 1251 vix
1810 1197 1982 1267 possit
2032 1213 2195 1265 quam
2239 1207 2322 1250 est

749 1296 985 1350 difficilis
1030 1305 1363 1363 expugnato.
1404 1293 1459 1345 in
1503 1291 1649 1344 omni
1693 1306 1860 1360 prope
1885 1288 2100 1358 negotio
2131 1289 2323 1356 irrepit

749 1389 909 1451 ciam,
946 1389 1000 1442 in
1027 1387 1238 1446 habitu,
1274 1386 1328 1439 in
1376 1384 1646 1452 elegantia
1693 1383 1899 1439 formae.
1951 1383 2006 1435 in
2062 1382 2178 1448 ipso
2235 1384 2320 1433 iii-

749 1496 928 1542 cessu,
969 1481 1022 1532 in
1053 1495 1186 1532 voce
1217 1492 1281 1529 ac
1311 1491 1585 1538 sermone,
1633 1475 1686 1527 in
1732 1472 1971 1534 silentio,
2028 1472 2081 1524 in
2131 1487 2318 1540 opere,

752 1570 806 1623 in
852 1568 1072 1637 vigiliis,
1109 1567 1163 1620 in
1215 1567 1460 1636 jejuniis,
1506 1567 1558 1618 in
1587 1564 1857 1626 oratione,
1891 1563 1944 1615 in
1974 1562 2230 1620 lectione.
2267 1560 2321 1614 in

751 1661 957 1727 quiete,
995 1659 1047 1712 in
1081 1659 1374 1726 Ionganimi
1414 1656 1726 1710 tolerantia.
1751 1656 1854 1708 l’er
1876 1654 1990 1708 haec
2012 1654 2195 1706 omnia
2225 1653 2323 1706 lio-

751 1750 954 1802 minem
989 1747 1079 1801 Dei
1143 1760 1470 1814 magnopere
1524 1744 1709 1798 studct
1759 1741 1932 1811 gloria
1988 1740 2167 1794 inanis
2209 1739 2324 1792 suis

749 1839 1019 1891 eoiiliccre
1057 1836 1197 1889 telis.
1234 1813 1290 1888 Si
1329 1813 1552 1902 quando
1581 1829 1920 1900 perspexerit
1946 1843 2050 1880 non
2080 1825 2323 1893 potuisse
2359 1813 2396 1866 Β

751 1954 809 1992 se
836 1955 932 2007 per
967 1937 1416 1990 vestimentorum
1444 1935 1631 1986 luxum
1660 1931 2020 2000 profusiorem
2049 1926 2324 1980 hominem

753 2030 1018 2098 prolicere
1048 2028 1114 2081 ad
1142 2027 1226 2081 sui
1249 2040 1600 2083 consensum,
1629 2023 1780 2075 illum
1810 2019 2081 2081 adoritur,
2121 2027 2179 2070 ut
2205 2027 2326 2069 ten-

755 2127 828 2171 Iet
844 2135 940 2186 per
961 2117 1130 2170 vestis
1153 2114 1457 2170 sorditiem.
1475 2111 1646 2180 Cujus
1661 2110 1904 2164 animum
1924 2106 2235 2175 nequiverit
2257 2104 2324 2157 ad

753 2221 1079 2259 consensum
1109 2205 1366 2258 elationis
1407 2201 1697 2256 deﬂectere
1729 2199 2040 2267 objectione
2078 2195 2324 2256 honoris,

755 2298 901 2350 hunc
922 2313 988 2349 eo
1013 2296 1172 2359 tollit,
1208 2304 1265 2348 ιιι
1298 2295 1378 2347 vel
1401 2295 1510 2362 jam
1528 2292 1839 2346 consentiat
1859 2289 2204 2358 arrogantim,
2232 2303 2327 2352 per

753 2386 859 2439 hoc
881 2384 1028 2454 quod
1047 2401 1204 2452 aequo
1222 2383 1525 2437 fertanimo
1539 2398 1596 2435 se
1617 2381 1912 2450 ignominia
1932 2379 2165 2448 aspergi.
2190 2378 2329 2430 Ilur-

754 2493 868 2537 sus,
905 2476 948 2530 si
980 2475 1202 2544 quando
1231 2473 1563 2543 persuadere
1598 2471 1929 2540 nequiverit,
1963 2479 2023 2523 ut
2052 2468 2178 2537 quis
2209 2482 2326 2520 ma-

753 2566 946 2633 gnilicc
980 2565 1246 2633 glorietur
1277 2563 1422 2632 quod
1446 2563 1517 2616 sit
1541 2562 1827 2629 eloquens,
1860 2558 2113 2612 eumdem
2137 2572 2327 2626 aggre-

754 2659 905 2710 ditur
927 2656 1084 2724 quasi
1115 2657 1206 2723 qui
1243 2656 1524 2724 requietus
1549 2653 1620 2707 sit
1641 2663 1697 2706 et
1725 2653 2054 2711 taciturnus,
2104 2664 2165 2702 ac
2201 2664 2328 2717 pro—

754 2747 1046 2816 peumdum
1114 2747 1320 2800 inescat
1371 2756 1427 2799 et
1491 2743 1709 2813 prolicit
1753 2742 1819 2795 ad
1855 2754 2182 2795 consensum
2234 2753 2331 2806 per

759 2838 1209 2891 uicilurnitatem.
1262 2837 1434 2900 Quem
1463 2851 1570 2888 non
1606 2833 1848 2904 potuerit
1873 2833 1939 2886 ad
1973 2830 2329 2885 ambitionem

755 2929 940 2999 gloria:
962 2929 1208 2982 emollire
1243 2944 1339 2995 per
1371 2926 1681 2979 cduliorum
1709 2933 1959 2992 sumptus
1992 2920 2328 2990 magnificos,

759 3017 1348 3073 buncdissolvitlaudi
1381 3016 1613 3085 prepria:
1643 3023 1704 3068 ut
1743 3012 2053 3068 consentiat
2105 3027 2200 3080 per
2246 3011 2332 3080 je-

2422 562 2726 628 προσευχῆς
2757 560 2945 614 τοῦτον
2969 564 3288 632 ἀνατρέπει.
3335 565 3400 615 'll
3435 563 3492 615 δὲ
3533 563 3631 632 τῆς
3688 566 4008 627 κενοδοξίας

2422 651 2612 716 κακία,
2656 651 2730 713 ὡς
2771 648 2905 704 οὖσα
2934 653 3304 722 πολύμορφος,
3332 654 3834 720 δυσκαταγώνιστος
3867 671 4007 721 τυγ-

2421 743 2592 809 χάνει.
2640 743 2728 794 Ἐν
2753 744 2917 797 παντὶ
2945 744 3054 812 γὰρ
3107 744 3505 812 ἐπιτηδεύματι
3560 746 4003 814 παρυφίσταται,

2422 832 2475 884 tv
2533 850 2590 884 τε
2647 835 2884 901 σχήματι
2947 835 3044 887 καὶ
3099 836 3155 886 tv
3207 837 3389 904 pop-gf}
3437 835 3529 886 καὶ
3564 838 3620 887 tv
3677 835 4003 904 βαδίσματι,

2423 925 2517 974 καὶ
2548 925 2604 975 ὲν
2635 927 2806 994 φωνῇ.
2837 927 2930 977 καὶ
2977 928 3034 978 tv
3064 925 3224 996 λόγῳ.
3277 926 3370 978 καὶ
3426 927 3485 978 tv
3538 929 3734 995 σιωπῇ.
3789 928 3890 978 καὶ
3946 931 4005 978 ἐν

2423 1013 2588 1081 ἔργῳ,
2617 1016 2709 1066 καὶ
2741 1017 2798 1066 tv
2824 1015 3175 1084 ἀγρυπνίαις,
3211 1016 3303 1068 καὶ
3333 1017 3391 1067 tv
3437 1018 3730 1086 νηστείαις,

2424 1106 2576 1173 εὐχῇ.
2618 1107 2712 1158 καὶ
2753 1109 2810 1158 tv
2845 1107 3172 1173 ἀναγνώσει,
3205 1109 3299 1159 xal
3325 1108 3383 1158 tv
3419 1109 3638 1176 ἠσυχίᾳ,
3677 1110 3770 1160 καὶ
3805 1110 3864 1160 ἐν
3896 1127 4000 1175 μα-

2425 1196 2692 1264 κροθυμίᾳ
2727 1197 2859 1250 ’διὰ
2903 1197 3107 1249 τούτων
3164 1198 3382 1250 πάντων
3437 1199 3707 1264 ἐπιχειρεῖ
3761 1199 3851 1249 τὸν
3903 1198 3999 1250 τοῦ

2423 1284 2558 1336 Θεοῦ
2614 1284 2902 1354 ἄνθρωπον
2944 1286 3349 1350 κατατοξεύειν.
3408 1287 3575 1338 Ὅταν
3619 1286 3726 1356 γὰρ
3790 1288 3865 1355 μὴ
3919 1289 4005 1340 δυ-

2423 1375 2559 1444 νηθῇ
2581 1373 2669 1427 διὰ
2696 1376 3000 1429 πολυτελῶν
3031 1377 3343 1446 ἐνδυμάτων
3366 1377 3502 1447 πρὸς
3527 1379 3834 1442 κενοδοξίαν
3860 1382 4000 1431 ἀπο-

2427 1467 2643 1535 στῆσαι,
2675 1466 2742 1519 δι’
2780 1468 3012 1520 εὐτελῶν
3035 1470 3304 1540 ἐπιχειρεί
3334 1471 3635 1540 πειράζειν.
3665 1473 3774 1524 Kal
3806 1473 3867 1522 δν
3899 1473 4001 1524 οὐκ

2424 1559 2661 1628 ἠδυνήθη
2702 1561 2791 1613 διὰ
2843 1561 3006 1631 τιμῆς
3053 1563 3276 1632 ἐπᾶραι,
3327 1562 3514 1615 τοῦτον
3565 1563 3650 1616 διά
3701 1564 3763 1616 τὸ
3811 1565 4003 1630 φέρειν

2423 1650 2585 1718 δῆθεν
2615 1652 2859 1721 ἀτιμίαν,
2891 1654 2972 1714 εἰς
3004 1653 3261 1705 ἀπόνοιαν
3301 1653 3467 1722 αἴρει.
3499 1653 3609 1706 Καὶ
3638 1654 3697 1706 ὃν
3726 1655 3830 1706 οὐκ
3882 1655 4004 1722 ἠδυο

2427 1741 2565 1811 νήθη
2599 1747 2786 1796 πεῖσαι
2818 1743 2884 1795 δι’
2925 1745 3231 1814 ἐπιστήμην
3258 1745 3432 1811 λόγων
3461 1743 3776 1809 κενοδοξεῖν,
3812 1746 4002 1798 τοῦτον

2425 1832 2512 1884 διὰ
2562 1834 2774 1902 σιωπῆς
2822 1833 2898 1897 ὡς
2942 1835 3143 1904 ἥσυχον
3174 1836 3333 1905 δῆθεν
3356 1835 3600 1898 δελεάζει
3633 1855 3647 1868 ·
3684 1837 3782 1888 καὶ
3810 1837 3870 1888 ὃν
3903 1838 4004 1890 οὐκ

2425 1924 2670 1993 ἠδυνήθη
2704 1925 2791 1978 διὰ
2819 1925 3168 1988 πολυτελείας
3204 1926 3508 1996 βρωμάτων
3537 1928 3845 1996 χαυνῶσαι.
3874 1928 4002 1980 τοῦ-

2424 2030 2515 2066 τον
2533 2014 2620 2066 διά
2660 2014 2913 2084 νηστείας
2936 2015 3072 2084 πρὸς
3107 2016 3326 2068 ἔπαινον
3380 2017 3584 2072 ἐκλύει.
3639 2019 3749 2070 Καὶ
3815 2017 4004 2080 ἀπλῶς

2427 2108 2535 2158 πᾶν
2576 2107 2914 2176 ἐπιτήδευμα
2955 2107 3228 2175 πρόφασιν
3252 2109 3482 2179 παρέχει
3513 2109 3752 2177 πολέμου
3793 2110 3874 2177 τῷ
3910 2128 4004 2162 πο-

2428 2197 2578 2267 νηρῷ
2606 2198 2780 2266 τούτῳ
2811 2198 3044 2266 δαίμονι.
3082 2199 3281 2251 Λοιπὸν
3311 2200 3624 2267 εὑρίσκεται
3655 2203 3684 2252 6
3719 2201 4004 2262 κενόδοξος

2432 2287 2657 2356 μοναχὸς
2682 2287 2756 2350 ὡς
2779 2288 3018 2358 ἐργάτης
3048 2287 3297 2356 ἄμισθος.
3325 2288 3430 2340 Τὸν
3448 2291 3556 2358 γὰρ
3581 2290 3746 2342 πόνον
3769 2290 4002 2358 ὑπέστη,

2431 2379 2522 2432 καὶ
2548 2379 2642 2430 τὸν
2675 2379 2864 2446 μισθὸν
2892 2381 2990 2432 οὐκ
3022 2380 3232 2434 ἐλαὸεν.
3273 2380 3336 2433 ἸΙ
3367 2381 3478 2452 γὰρ
3508 2381 3787 2445 κενοδοξία
3842 2383 4008 2435 ἀπόλ-

2429 2469 2582 2521 λυσιν
2639 2470 2864 2538 μισθοὺς
2919 2472 3147 2539 ἀρετῶν.
3203 2471 3311 2523 Kal
3342 2471 3534 2540 ῶσπερ
3584 2471 3736 2524 λίθου
3780 2473 3912 2542 βολὴ
3947 2473 4004 2525 οὐ

2431 2560 2608 2631 φθάνῃ
2636 2565 2713 2622 εἰς
2744 2561 2993 2630 οὐρανὸν,
3028 2562 3201 2625 οὕτως
3249 2563 3370 2615 οὐδὲ
3409 2564 3689 2632 προσευχὴ
3739 2566 4007 2631 ἀνθρωπ-

2431 2653 2669 2723 αρέσκου
2687 2653 3023 2722 ἀναϐήσεται
3049 2654 3183 2724 πρὸς
3204 2654 3294 2705 τὸν
3319 2655 3472 2706 Θεόν.
3498 2656 3556 2706 ’0
3573 2656 3844 2724 φρόνιμος
3868 2655 4008 2725 ἀνὴρ

2431 2742 2660 2814 κρύπτει
2684 2743 2976 2813 θησαυρὸν,
3009 2746 3103 2796 καὶ
3139 2744 3339 2812 ἀρετῆς
3368 2744 3528 2796 πόνον
3559 2761 3572 2774 ο
3627 2745 3853 2807 συνετὸς
3916 2763 4011 2813 μο-

2432 2834 2593 2904 ναχὸς
2623 2834 2718 2904 τὴν
2749 2835 3014 2902 μέλισσαν
3045 2838 3317 2904 μιμεῖται,
3366 2836 3563 2900 ἔξωθεν
3616 2837 3802 2905 φέρων
3845 2838 4007 2906 ἄνθη,

2433 2927 2523 2978 καὶ
2571 2925 2772 2976 ἔσωθεν
2819 2925 3009 2992 κηρίον
3043 2925 3429 2994 ἐργαςόμενος.
3461 2927 3552 2994 Μὴ
3584 2926 3852 2998 πωλήσῃς
3883 2930 4010 2991 τοὺς

2434 3019 2630 3080 πόνους
2693 3035 2786 3068 σου
2843 3017 2969 3086 δόξῃ
3012 3016 3344 3087 ἀνθρωπίνῃ,
3406 3018 3540 3086 μηδὲ⁹
3567 3019 3668 3085 τὴν
3705 3019 4012 3086 μέλλουσαν

3784 1019 3882 1068 καὶ
3943 1019 4003 1069 tv

755 3112 972 3182 junium
1008 3121 1064 3163 ct
1098 3110 1225 3163 Viue
1256 3108 1645 3177 frugalitatem.
1673 3107 1846 3172 thue
1874 3102 2199 3172 compendio
2238 3101 2332 3155 ab-

2439 3109 2594 3172 δὸξαν
2618 3105 2828 3176 προδῷς
2854 3106 2918 3158 δι’
2945 3105 3131 3173 εὐτελῆ
3165 3107 3460 3175 εὐφημίαν.
3485 3107 3624 3171 Δόξα
3655 3109 3766 3176 γὰρ
3795 3110 3998 3176 ἀνθρω-

761 3205 992 3265 solvam,
1025 3201 1236 3254 nullum
1278 3216 1384 3253 non
1415 3213 1588 3267 genus
1634 3193 2050 3251 exercitationis
2098 3192 2331 3246 dtemoni

762 3291 893 3345 huic
927 3289 1159 3357 reprobo
1202 3288 1546 3341 occasionem
1602 3284 1844 3353 suggerit
1899 3280 2188 3336 coni-iendi
2237 3280 2336 3334 ad-

761 3397 980 3436 versum
1009 3396 1107 3434 nos
1151 3380 1298 3433 belli.
1341 3378 1586 3446 Denique
1639 3375 1941 3428 monachus
2000 3370 2338 3438 compcritur

766 3475 995 3528 honoris
1033 3489 1154 3526 esse
1212 3470 1618 3531 ainbitiosulus,
1668 3476 1728 3520 ut
1785 3465 1876 3536 qui
1932 3462 2214 3518 beneficus
2267 3461 2340 3515 sit

766 3567 904 3619 citra
940 3563 1263 3632 condignam
1305 3560 1611 3614 mercedem
1645 3575 1657 3610 :
1695 3558 1936 3611 laborem
1974 3554 2120 3608 enim
2177 3553 2340 3606 susti-

769 3654 910 3716 nuit,
965 3667 1068 3706 nee
1130 3651 1322 3718 recipit
1368 3649 1451 3702 sui
1519 3645 1825 3700 mercedem
1869 3644 2094 3697 laboris.
2147 3641 2340 3695 lstbaec

771 3745 956 3814 glori:c
1013 3751 1291 3796 momento
1347 3738 1725 3794 evanescentis
1775 3735 2086 3804 cupiditas,
2141 3731 2339 3785 misere

772 3833 954 3902 perdit
985 3830 1268 3884 mercedes
1291 3827 1506 3880 debitas
1538 3825 1750 3879 virtuti.
1782 3825 1848 3878 Et
1874 3820 2337 3892 quemadmodum

775 3924 915 3991 lapis
957 3924 1010 3977 iu
1063 3937 1187 3974 aera
1247 3928 1551 3979 contortus,
1601 3915 1668 3969 ad
1710 3915 1834 3968 caeli
1877 3928 2048 3982 usque
2101 3927 2342 3965 convexa

777 4028 1054 4082 nunquam
1103 4011 1382 4080 pertingit,
1433 4009 1506 4062 ita
1549 4023 1651 4062 nec
1679 4006 1918 4060 hominis
1947 4005 2124 4058 oratio
2152 4005 2347 4056 huma-

777 4120 877 4157 nos
901 4103 1114 4156 favores
1134 4101 1403 4170 captantis
1451 4099 1517 4154 ad
1566 4115 1728 4152 aures
1771 4098 1866 4152 Dei
1925 4112 2165 4165 unquam
2215 4110 2348 4148 con-

777 4195 1022 4249 seeudet.
1050 4195 1160 4258 Vir,
1206 4192 1449 4262 prudens
1481 4191 1526 4246 si
1572 4199 1676 4249 est.
1740 4191 2078 4247 thesaurum.
2121 4203 2345 4256 suaeque

780 4285 1002 4338 virtutis
1051 4284 1294 4337 laborem
1349 4283 1551 4336 occulit
1600 4297 1664 4334 ac
1720 4279 1988 4335 recondit.
2054 4278 2350 4333 Monachus

783 4376 1093 4444 intelligens
1145 4373 1477 4443 ingeniosam
1523 4380 1579 4425 et
1601 4372 1859 4425 solertem
1889 4370 2133 4424 imitatur
2161 4369 2350 4438 apicu-

2439 3198 2569 3268 πίνη
2606 3199 2683 3259 εἰς
2714 3197 2843 3264 χοῦν
2867 3199 3222 3264 κατασκηνοί,
3256 3198 3348 3249 καὶ
3376 3197 3440 3249 τὸ
3471 3196 3625 3259 κλέος
3651 3199 3830 3266 αὐτῆς
3856 3200 4012 3253 σϐέν·

2437 3305 2611 3341 νυται.
2659 3287 2721 3338 'll
2747 3288 2804 3339 δὲ
2838 3287 2933 3356 τῆς
2958 3287 3158 3356 ἀρετῆς
3193 3286 3320 3350 δόξα
3368 3288 3516 3356 μένει
3563 3292 3643 3350 εἰς
3687 3290 3782 3341 τὸν
3813 3290 4012 3345 αίῶνα.

2449 3377 2640 3445 Ἡμεῖς
2671 3372 2784 3439 οὖν,
2838 3378 3134 3445 ἀγαπητοὶ,
3189 3377 3263 3447 μὴ
3312 3378 3492 3447 δῶμεν
3543 3378 3727 3448 χώραν
3774 3379 3921 3433 ὥστε
3955 3380 4018 3433 τὸ

2439 3469 2606 3529 πάθος
2632 3467 2786 3520 τοῦτο
2819 3468 3105 3536 κυριεῦσαι
3159 3468 3316 3537 ἡμῶν
3349 3485 3362 3498 ⁸
3417 3470 3743 3538 φοϐούμενοι
3785 3472 3878 3523 τὸν
3931 3472 4020 3523 λέ-

2439 3574 2624 3627 γοντα·
2658 3579 2676 3610 ι
2725 3559 2783 3610 'D
2806 3559 2935 3620 Θεὸς
2963 3559 3288 3629 ὲσκόρπισεν
3313 3561 3448 3612 ὀστᾶ
3469 3560 4013 3629 ἀνθρωπαρέσκων.ι

2451 3649 2736 3716 ⁹Ιηίπόμενοι
2779 3650 2835 3701 δὲ
2880 3649 3079 3718 μᾶλλον
3113 3651 3191 3720 τῷ
3213 3652 3557 3722 ἀποστολικῷ
3589 3653 3739 3723 ρητῷ
3769 3654 4022 3723 εἴπωμεν

2441 3741 2749 3810 εἰλικρινῶς
2785 3757 2797 3770 ·
2845 3760 2863 3791 ι
2907 3742 3065 3810 ’Ἄρτι
3092 3742 3198 3810 γάρ
3227 3741 3546 3812 ἀνθρώπους
3586 3745 3778 3806 πείθω,
3837 3747 3869 3813 ἢ
3929 3748 4026 3799 τὸν

2441 3831 2612 3895 Θεὸν,
2675 3831 2707 3899 ἦ
2765 3830 2910 3900 ζητῶ
2959 3830 3267 3900 ἀνθρώποις
3320 3834 3616 3900 ἀρέσκεινς
3669 3835 3728 3885 Εἰ
3785 3835 3897 3902 γὰρ
3941 3835 4024 3889 ἔτι

2443 3919 2754 3990 ἀνθρώποις
2785 3922 3040 3989 ἡρεσκον,
3071 3920 3308 3990 Χριστοῦ
3339 3921 3523 3984 δοῦλος
3547 3925 3647 3976 οὐκ
3681 3924 3746 3976 ἂν
3776 3926 3953 3994 ῆμην.
4001 3943 4021 3976 ι

2447 4015 2555 4067 Kal
2588 4009 2745 4075 αὖθις
2773 4029 2786 4042 ·
2825 4032 2840 4062 ι
2878 4012 3062 4074 Οὕτως
3095 4011 3386 4081 λαλοῦμεν,
3416 4014 3514 4081 οὐχ
3564 4014 3640 4076 ὡς
3691 4016 4027 4085 ἀρέσκοντες

2448 4103 2770 4172 ἀνθρώποις,
2798 4101 2933 4155 ἀλλά
2953 4101 3032 4170 τῷ
3054 4101 3172 4170 Θεῷ
3191 4101 3267 4171 τῷ
3293 4101 3638 4170 δοκιμάζοντι
3667 4105 3764 4167 τὰς
3789 4106 4028 4175 καρδίας

2447 4193 2626 4265 ἡμῶν.
2663 4191 2798 4246 Οὔτε
2821 4191 2929 4261 γάρ
2959 4192 3168 4260 (φησὶν)
3197 4192 3253 4244 tv
3277 4191 3419 4260 λόγῳ
3447 4192 3733 4256 κολακείας
3757 4195 4032 4266 ἐγενήθη-

2453 4299 2552 4354 μεν
2573 4283 2713 4354 πρὸς
2732 4284 2902 4352 ὑμᾶς,
2928 4281 3110 4344 καθὼς
3134 4283 3332 4342 οἴδατε.
3364 4282 3490 4335 οὔτε
3516 4284 3789 4353 προφάσει
3825 4284 4030 4338 πλεον-

2451 4379 2599 4443 εξίας
2625 4377 2776 4447 (Θεὸς
2810 4374 3064 4445 μάρτυς),
3115 4371 3237 4424 οὔτε
3289 4371 3578 4441 ζητοῦντες
3610 4371 3669 4436 ἐξ
3718 4373 4033 4442 ἀνθρώπιον

781 4466 910 4519 iam.
963 4465 1110 4530 Quos
1160 4475 1386 4518 esterno
1438 4463 1695 4531 selegerit
1742 4461 2018 4526 ﬂosculos,
2069 4460 2248 4515 defert
2298 4461 2335 4514 il

2452 4467 2630 4532 δόξαν.
2653 4486 2672 4519 ι
2694 4495 2762 4506 -—
2786 4487 2802 4512 ι
2831 4467 2904 4517 Οὐ
2935 4464 3046 4534 γὰρ
3069 4465 3099 4515 6
3127 4463 3317 4517 ἑαυτὸν
3339 4463 3690 4527 συνιστάνων,
3713 4465 3925 4525 ἐκεῖνος
3944 4465 4036 4516 δό-

781 4556 1107 4615 alvearium,
1149 4556 1360 4609 interne
1395 4555 1728 4608 mellilieium
1753 4553 2047 4622 [avumque
2071 4552 2359 4623 operosius

783 4647 1024 4702 conficit.
1044 4646 1121 4700 Ne
1144 4645 1358 4699 labores
1379 4645 1586 4713 1097
1606 4654 1728 4698 tuos
1744 4645 1993 4697 humanae
2011 4643 2095 4696 isti
2115 4643 2357 4712 gloriola:

785 4755 1024 4807 exponas
1066 4737 1251 4796 venui.
1277 4753 1413 4790 neve
1440 4738 1678 4790 futuram
1717 4737 1945 4806 gloriam
1998 4736 2198 4804 prodas
2245 4745 2352 4788 tam

787 4831 881 4884 vili
905 4828 1235 4889 mercedula,
1261 4842 1454 4896 nempe
1481 4827 1552 4880 ob
1585 4827 2024 4896 qualemcunque
2070 4827 2353 4879 hominum

789 4921 1050 4976 favorem.
1079 4920 1326 4974 Humana
1365 4918 1537 4989 gloria
1576 4919 1832 4972 deorsum
1857 4918 1910 4972 in
1937 4919 2160 4987 pulvere
2201 4932 2360 4971 suum

791 5013 908 5082 figit
934 5011 1344 5065 tabernaculum
1376 5027 1391 5067 :
1429 5026 1600 5080 quare
1637 5011 1755 5079 ejus
1788 5011 1908 5064 laus
1946 5019 2221 5064 momento
2271 5025 2365 5063 ex-

793 5103 1086 5172 stinguitur
1107 5119 1172 5157 ac
1193 5101 1445 5172 deperit;
1492 5119 1612 5172 qua:
1669 5113 1850 5157 autem
1902 5103 2090 5155 virtuti
2135 5102 2367 5156 debetur

795 5188 984 5256 gloria,
1025 5189 1178 5242 nullo
1223 5188 1601 5259 intercipietur
1628 5205 1765 5244 aevo.
1803 5190 1912 5244 Nos
1940 5189 2128 5260 igitur,
2153 5189 2366 5244 charis-

797 5278 943 5341 sinii,
975 5279 1103 5334 huic
1127 5279 1323 5334 anima:
1354 5281 1755 5349 perturbationi
1779 5281 1958 5336 locum
1990 5297 2060 5336 ne
2082 5280 2360 5345 cedamus,

797 5385 866 5422 ne
897 5371 1115 5438 quando
1171 5372 1345 5425 nostri
1399 5373 1734 5428 dominetur.
1789 5373 1926 5427 Cum
1980 5374 2173 5426 timore
2235 5387 2362 5424 eum

799 5459 1156 5514 rxaudiamus
1194 5461 1287 5529 qui
1333 5461 1469 5516 dicit
1499 5481 1510 5516 :
1571 5483 1588 5514 ι
1629 5464 1770 5516 Deus
1802 5464 2086 5533 dissipavit
2115 5479 2238 5516 ossa
2271 5478 2364 5514 eo-

803 5564 922 5618 ruip
953 5549 1049 5619 qui
1076 5551 1389 5608 hominibus
1417 5555 1629 5624 placent
1653 5556 1713 5609 “.
1749 5576 1764 5607 ι
1794 5556 2158 5627 ΛιιυειυΙίριιιιι
2184 5555 2362 5625 potius

882 5729 924 5760 ³⁸
968 5728 1105 5784 Psal.
1154 5745 1244 5791 Ill,
1278 5732 1328 5782 ti.

2455 4574 2638 4628 κιμος,
2665 4555 2776 4610 ἀλλ’
2795 4555 2855 4608 6v
2875 4557 2902 4608 6
2927 4555 3129 4626 Κύριος
3158 4553 3492 4622 συνίστησιν·
3525 4573 3543 4603 ι
3575 4553 3754 4616 καθώς
3789 4569 3967 4622 φησιν
3999 4556 4034 4622 ή

2460 4650 2708 4721 μακαρία
2740 4650 2906 4701 Ἀννα
2937 4649 2970 4715 ἡ
2997 4645 3091 4699 τοῦ
3116 4645 3370 4714 Σαμουὴλ
3405 4662 3418 4676 ·
3461 4664 3481 4696 ι
3516 4644 3955 4715 Μὴ’καυχάσθω
4007 4649 4037 4699 6

2459 4741 2718 4810 φρόνιμος
2767 4741 2824 4791 tv
2874 4741 2940 4806 τῇ
2993 4737 3255 4807 φρονήσει
3295 4734 3484 4798 αὐτοῦ,
3513 4743 3606 4789 καὶ
3647 4738 3676 4788 6
3708 4737 3942 4799 δυνατὸς
3977 4739 4038 4789 ὲν

2457 4833 2525 4900 τῇ
2549 4831 2774 4899 δυνάμει
2819 4827 3003 4887 αὐτοῦ.
3037 4828 3130 4882 καὶ
3183 4830 3211 4881 6
3265 4827 3517 4889 πλούσιος
3565 4829 3623 4879 tv
3676 4827 3753 4896 τῷ
3804 4827 4040 4898 πλούτῳ

2460 4919 2624 4974 αὑτοῦ
2659 4937 2672 4952 ·
2701 4918 2813 4973 ἀλλ’
2841 4922 2898 4972 tv
2938 4916 3017 4988 τῷ
3049 4916 3307 4977 συνιέναι,
3352 4917 3445 4968 καὶ
3491 4917 3667 4968 ποιεῖν
3713 4918 3888 4985 κρίμα
3933 4917 4039 4968 καὶ

2459 5011 2828 5082 δικαιοσύνην.
2869 5030 2888 5063 ι
2943 5011 3000 5062 Ὀ
3027 5010 3082 5061 δὲ
3128 5008 3382 5078 βασιλεὺς
3427 5007 3694 5070 Ἐζεκίας,
3734 5009 3832 5075 τὴν
3863 5007 4039 5071 δόξαν

2461 5104 2568 5158 τῶν
2597 5103 2898 5173 ἀνθρώπων
2933 5099 3268 5170 θηρώμενος,
3301 5099 3393 5152 καὶ
3435 5097 3760 5167 ττεριχαρείτι⁵
3797 5098 4043 5166 κρατού.

2467 5213 2646 5266 μενος,
2681 5193 2848 5257 ἰδειξε
2879 5193 2991 5254 τοῖς
3031 5189 3318 5251 Χαλδαίοις
3347 5188 3473 5249 τοὺς
3503 5188 3807 5259 θησαυροὺς
3834 5189 4039 5244 αὑτοῦ.

2471 5287 2578 5340 Kal
2629 5283 2916 5340 ἀπέστειλε
2972 5283 3174 5351 Κύριος
3219 5281 3311 5334 τὸν
3367 5280 3596 5332 Ἡσαΐαν
3626 5320 3640 5342 ,
3687 5280 3821 5346 πρὸς
3865 5281 4045 5333 αὐτὸν

2469 5375 2642 5442 λέγων
2672 5393 2684 5405 ·
2725 5393 2742 5425 ι
2786 5373 2916 5426 Ἰδοὺ
2955 5372 3163 5442 ἡμέραι
3196 5371 3467 5441 ἔρχονται,
3516 5371 3611 5423 καὶ
3661 5370 4048 5438 ληφθήσονται

2471 5468 2646 5519 πάντα
2691 5464 2726 5518 ἃ.
2769 5463 2898 5529 ίδον,
2941 5463 3019 5525 εἰς
3063 5461 3376 5515 Βαϐυλῶνα.
3421 5480 3438 5511 ι
3500 5460 3588 5521 Ὠς
3646 5461 3738 5511 xal
3770 5457 3852 5527 ἐφ’
3907 5463 4052 5528 ἡμῖν

2471 5553 2563 5607 νῦν
2591 5554 2829 5622 γέγονεν.
2874 5547 3288 5620 Ἐπαχύνθημεν
3310 5547 3417 5618 γὰρ
3451 5547 3547 5601 καὶ
3568 5547 4047 5619 ἀπελακτίσαμεν,
