4178 6436
131 412 268 474 1369
1151 409 1480 469 IIOMILIA
1518 409 1721 469 XLIV.
1766 433 1815 441 -
1850 408 1945 468 DE
1985 410 2381 471 SUPERllIA.
3248 413 3385 480 1570

124 528 221 580 καὶ
244 524 564 597 παρέδωκεν
600 524 807 594 Κύριος
851 522 954 594 τὴν
996 523 1149 592 ἰσχὺν
1189 524 1369 595 ἡμῶν,
1398 523 1489 575 τὸν
1524 524 1686 593 τίμιοι

1805 524 2043 576 aemulati
2105 524 2434 577 sententiam
2486 524 2703 579 sincero
2754 534 2977 595 pectore
3028 542 3383 595 promaums:

122 615 383 683 σταυρὸν,
419 615 531 675 τοῖς
563 612 876 677 Χαλδαίοις,
922 611 1018 665 καὶ
1046 612 1116 665 τὰ
1146 612 1276 680 ἅγια
1305 611 1461 683 ἡμῶν
1486 611 1686 681 ἐρήμωι

1808 632 1825 663 ι
1868 614 2026 669 Modo
2052 615 2203 669 enim
2242 616 2559 672 hominibus
2582 618 2804 681 suadeo,
2840 633 2909 671 an
2934 617 3080 671 Deo?
3104 634 3172 672 an
3200 637 3386 689 qmero

122 722 246 756 σαν.
284 703 481 767 Καλῶς
510 699 607 757 οὖν
630 704 659 755 6
700 703 1115 774 Παροιμιαστὴς
1142 702 1291 769 λέγει
1315 716 1328 730 ·
1368 721 1387 753 ι
1422 702 1686 771 Κρείσσωε

1802 704 2122 762 hominibus
2150 707 2407 776 placere?
2441 707 2498 761 Si
2528 707 2677 762 enim
2708 709 2889 763 adhuc
2918 709 3239 766 hominibus
3265 714 3383 781 pla-

118 796 261 866 ἁνὴρ
318 799 377 848 ὲν
434 797 629 866 ἀτιμίᾳ
675 794 856 864 ἐαυτῷ
898 793 1183 859 δουλεύων,
1219 793 1305 865 ἢὸ
1333 792 1501 863 τιμὴν
1531 793 1686 862 ὲαυτι]

1800 812 2005 863 cercm,
2044 797 2251 853 Christi
2302 813 2495 854 servus
2544 815 2655 853 non
2706 814 2882 854 essem
2936 803 2999 853 ".
3044 821 3062 852 ι
3114 802 3327 857 ltursus
3368 826 3379 857 ;

121 886 394 955 περιθεὶς,
421 889 515 940 καὶ
542 887 857 956 ἐνδεόμενος
886 885 1075 955 ἄρτου.
1099 902 1119 936 ι
1157 882 1267 936 Καὶ
1294 882 1458 936 πάλιν
1480 899 1493 912 ⁸
1528 901 1545 933 ι
1583 884 1686 951 Ἐγ

1806 904 1825 937 ι
1866 887 1956 943 Sic
1981 889 2260 958 loquimur
2280 905 2391 943 non
2426 890 2582 945 quasi
2605 889 2926 943 hominibus
2954 892 3253 960 placentes,
3286 892 3384 946 sed

119 980 456 1049 κωμιαζέτω
488 997 544 1032 σε
568 981 597 1031 6
639 979 828 1041 πέλας,
850 979 945 1029 καὶ
986 977 1063 1046 μὴ
1094 978 1156 1027 τὸ
1191 975 1281 1027 σὺν
1309 976 1507 1043 στόμα·
1543 974 1686 1028 ἀλλόι

1802 978 1934 1046 Deo,
1965 981 2061 1050 qui
2097 981 2296 1051 probat
2324 981 2495 1035 corda
2529 992 2716 1037 nostra
2747 1000 2762 1049 ;
2796 998 2978 1051 neque
3006 983 3176 1049 enim,
3204 985 3301 1047 ait,
3329 985 3384 1039 in

116 1086 292 1139 τριος,
330 1071 421 1122 καὶ
444 1070 519 1141 μὴ
541 1069 608 1124 τὰ
642 1070 713 1122 σὰ
739 1069 915 1139 χείλη.
956 1088 975 1121 ι
1016 1068 1073 1119 '0
1100 1067 1156 1120 δὲ
1182 1066 1490 1139 Ψαλμῳδός
1522 1084 1536 1099 ο
1573 1085 1590 1117 ι
1640 1064 1686 1118 Ἰ.

1800 1088 2053 1128 sermone
2075 1073 2409 1129 adulationis
2434 1074 2641 1128 fuimus
2665 1075 2810 1144 apud
2830 1091 2950 1139 vos,
2976 1076 3121 1129 sicut
3139 1085 3195 1130 et
3209 1077 3381 1142 scitis,

115 1162 249 1223 θεὸς
270 1161 659 1230 διεσκόρπισεν
692 1159 826 1212 ὀστᾶ
845 1160 942 1213 ἀνθ
952 1159 1328 1231 ρωπαρέσκων
1346 1174 1359 1189 ·
1388 1176 1490 1210 κατ
1501 1157 1686 1227 ῃσχὺν-

1797 1180 1978 1234 neque
2013 1167 2068 1219 in
2099 1167 2387 1219 occasione
2436 1165 2720 1220 avaritim:
2753 1166 2898 1221 Deus
2953 1167 3146 1221 testis:
3206 1183 3385 1236 neque

115 1252 291 1321 θησαν
327 1255 409 1305 ὅτι
442 1255 469 1305 6
492 1253 625 1316 Θεὸς
656 1251 1019 1316 ὲξουδένωσεν
1048 1251 1264 1316 αὐτούς.
1304 1270 1322 1302 ι
1352 1251 1462 1305 Καὶ
1481 1254 1508 1303 6
1543 1250 1686 1303 ’Λπὸε

1796 1268 2104 1327 quaerentes
2130 1258 2199 1312 ab
2230 1259 2548 1312 [nominibus
2572 1255 2881 1327 gloriam".
2908 1276 2926 1308 ι
2948 1288 3015 1297 -
3040 1279 3056 1307 ι
3082 1258 3201 1313 Non
3234 1258 3383 1313 enim

115 1349 308 1409 στολος
330 1362 341 1372 ·
384 1366 402 1398 ι
438 1348 503 1398 Τί
536 1346 643 1415 γὰρ
668 1345 834 1414 ἔχεις,
870 1343 899 1395 ὃ
920 1343 1019 1395 οὐκ
1049 1343 1240 1405 ἔλαὸες
1268 1359 1283 1407 ;
1318 1344 1367 1395 εἰ
1397 1342 1453 1394 δὲ
1485 1342 1686 1403 ἔλαϐες1

1798 1351 1893 1420 qui
1916 1352 2159 1421 seipsqu
2187 1350 2559 1413 connuendat,
2582 1351 2673 1403 ille
2696 1350 2962 1418 probatus
2978 1359 3083 1412 est,
3102 1350 3197 1405 sed
3219 1366 3383 1420 quem

112 1438 162 1489 τί
182 1440 461 1506 καυχᾶσαι
486 1437 562 1499 ὡς
586 1438 663 1506 μὴ
684 1435 895 1493 λαϐών;
926 1453 942 1484 ι
970 1436 1079 1487 Καὶ
1106 1437 1217 1496 τοῖς
1240 1436 1296 1485 ὲν
1318 1434 1531 1505 Κρήτῃ·
1557 1452 1575 1483 ι
1607 1432 1686 1501 Μὴ

1803 1444 2067 1497 Dominus
2098 1442 2452 1497 commendat
2483 1443 2547 1495 ".
2584 1459 2601 1490 ι
2647 1441 2704 1495 ln
2749 1442 2897 1495 hunc
2942 1442 3108 1495 etiam
3160 1442 3381 1496 modum

114 1530 169 1579 ἐν
191 1527 666 1597 ὀφθαλμοδουλείᾳ
686 1566 700 1588 ,
736 1526 812 1589 ὡς
863 1525 1338 1596 ἀνθρωπάρεσκοι,
1395 1524 1510 1577 ἀλλ’
1542 1524 1570 1576 ὃ
1603 1525 1686 1576 tab.

1800 1533 2044 1603 loquitur
2074 1535 2235 1587 beata
2268 1535 2358 1587 illa
2385 1534 2656 1600 Samuelis
2680 1543 2853 1587 mater
2876 1534 3034 1588 Anna
3066 1551 3079 1586 :
3110 1552 3127 1583 ι
3158 1534 3235 1587 Ne
3268 1534 3385 1603 glo-

112 1624 344 1679 ποιείτε,
378 1625 443 1673 ἐκ
471 1620 647 1691 ψυχῆς
680 1619 1005 1691 ἐργάζεσθε,
1039 1618 1113 1681 ὡς
1133 1619 1213 1689 τῷ
1245 1618 1453 1689 Κυρίῳ,
1476 1618 1567 1672 καὶ
1596 1618 1686 1695 οὑξ

1801 1625 1977 1678 rietur
2021 1625 2265 1693 prudens
2304 1625 2356 1678 in
2404 1625 2699 1695 prudentia
2731 1642 2850 1689 sua,
2878 1636 2933 1679 et
2965 1635 3160 1694 potens
3192 1626 3245 1679 in
3282 1640 3383 1695 po-

111 1712 426 1781 ἀνθρώποις
450 1714 810 1776 δουλεύοντες.
848 1731 867 1764 ι

1802 1715 1973 1769 tentia
2016 1731 2134 1779 sua,
2172 1725 2229 1770 ct
2257 1716 2412 1770 dives
2436 1716 2490 1769 in
2529 1716 2742 1770 divitiis
2766 1717 2901 1780 suis,
2931 1716 3026 1770 sed
3061 1717 3115 1769 in
3141 1717 3245 1770 hoc
3268 1717 3383 1787 glo-

113 1811 315 1874 rietur,
341 1813 388 1865 si
415 1811 672 1882 intelligit
702 1820 759 1864 et
783 1809 1200 1880 facitjudicium
1228 1818 1287 1863 et
1326 1809 1591 1879 justitiam
1630 1809 1695 1863 ⁸ο.
1746 1828 1763 1857 ι
1809 1809 1924 1863 Rex
1966 1812 2266 1865 etiamnum
2304 1812 2573 1866 Ezechias
2623 1811 2908 1865 hominum
2956 1812 3182 1880 gloriam
3224 1815 3381 1880 quasi

108 1902 349 1970 quadam
383 1904 772 1956 venatiuncula
808 1910 1054 1970 captans,
1106 1916 1170 1955 ac
1211 1900 1524 1969 profusiore
1562 1899 1761 1969 gaudio
1783 1900 1982 1964 vietus,
2027 1916 2157 1956 suos
2214 1916 2411 1967 omnes
2466 1900 2760 1953 thesauros
2787 1897 3061 1953 Cbaldwis
3127 1900 3382 1953 visendos

108 1995 438 2062 explicuitu
464 1992 1693 2063 :etceceinvestigiomisitDominuslsaiam,
1735 1990 1830 2059 qui
1868 1991 2122 2046 diceret:
2160 2010 2178 2041 ι
2214 1992 2356 2045 Ecce
2384 1978 2503 2045 dies
2524 1992 2751 2045 venient
2783 1998 2838 2043 et
2868 2000 3088 2045 sument
3121 2006 3242 2060 qua:
3297 1991 3380 2046 vi-

111 2088 324 2141 derunt
356 2087 565 2153 omnia,
601 2088 658 2141 in
700 2088 1035 2157 Babylonem
1063 2087 1129 2152 δ’,
1167 2108 1184 2136 ι
1218 2086 1362 2141 sicut
1411 2085 1571 2138 nobis
1604 2100 1823 2153 quoque
1863 2100 2012 2139 nunc
2050 2086 2304 2155 contigit.
2353 2086 2633 2139 Dedecore
2681 2094 2847 2153 atque
2892 2084 3195 2154 ignominia
3249 2100 3375 2153 per-

107 2185 217 2239 l'usi
250 2198 470 2246 sumus,
509 2192 566 2239 et
606 2198 734 2238 ecce
766 2182 1087 2238 rebellionis
1120 2184 1299 2238 calces
1337 2181 1708 2236 obtrudimus.
1752 2181 2004 2235 Tradidit
2049 2181 2313 2235 Dominus
2359 2182 2485 2236 lidei
2544 2191 2745 2235 nostra:
2788 2180 2960 2235 robur
2998 2181 3376 2237 venerabilem

106 2289 161 2333 et
203 2280 419 2332 honore
453 2279 731 2347 praecipuo
770 2277 990 2347 dignam
1042 2292 1261 2331 crucem
1312 2276 1602 2340 Chaldaeis,
1652 2276 1966 2329 sanctuaria
2013 2286 2201 2329 nostra
2256 2275 2311 2327 in
2352 2274 2710 2328 solitudinem
2763 2276 2984 2330 redacta
3047 2282 3196 2327 sunt.
3247 2273 3380 2326 Pul-

106 2375 245 2427 chre
301 2374 474 2443 igitur
510 2373 895 2427 Parmmiastcs
923 2372 1096 2426 dicit:
1133 2393 1151 2423 ι
1207 2371 1400 2425 Melior
1433 2372 1516 2423 vir
1543 2370 1719 2440 quiin
1758 2369 2058 2439 ignominia
2093 2384 2193 2423 sua
2247 2368 2438 2432 servit,
2484 2384 2647 2437 quam
2706 2369 2801 2437 qui
2853 2368 3075 2422 asciscit
3116 2366 3220 2420 sibi
3279 2365 3382 2418 ali-

106 2455 293 2523 cunde
340 2470 629 2531 honorem,
688 2477 744 2522 et
798 2468 1008 2536 indiget
1060 2482 1200 2536 pane
1256 2468 1318 2520 ”.
1360 2486 1377 2517 ι
1436 2467 1688 2519 llursus:
1739 2484 1757 2515 ι
1785 2464 2068 2519 Laudette
2100 2464 2400 2532 proximus,
2454 2472 2510 2518 et
2558 2480 2668 2517 non
2697 2479 2759 2517 os
2794 2472 2993 2527 tuum;
3043 2462 3280 2525 alienus;
3322 2468 3380 2514 et

106 2577 219 2614 non
248 2560 396 2614 labia
427 2568 519 2613 tua
576 2559 643 2611 “.
685 2577 703 2608 ι
764 2559 974 2612 Psaltes
1029 2551 1157 2612 item
1216 2558 1441 2626 regius:
1506 2575 1523 2606 ι
1555 2556 1699 2609 Deus
1735 2555 2024 2624 dissipavit
2060 2569 2185 2609 ossa
2224 2570 2417 2608 eorum
2474 2555 2571 2623 qui
2611 2555 2931 2609 hominibus
2957 2556 3194 2623 placent,
3245 2569 3379 2608 con-

108 2656 215 2711 fusi
238 2664 375 2710 sunt
396 2654 655 2724 quoniam
678 2654 823 2708 Deus
845 2657 1053 2723 sprevit
1080 2670 1177 2708 eos
1201 2657 1267 2706 “.
1310 2672 1329 2705 ι
1374 2653 1703 2721 Apostolus:
1749 2670 1767 2703 ι
1798 2652 1940 2718 Quid
1980 2652 2130 2706 enim
2174 2651 2345 2705 habes
2377 2652 2525 2720 quod
2553 2666 2663 2705 non
2697 2653 2959 2721 accepisti
2991 2654 3013 2704 ?
3074 2651 3207 2720 quid
3260 2652 3376 2721 glo-

107 2750 297 2812 riaris,
328 2749 487 2817 quasi
514 2763 623 2801 non
654 2750 931 2817 acceperis
981 2748 1066 2800 “?
1095 2768 1113 2799 ι
1163 2746 1521 2803 Colosscnses
1560 2747 1691 2801 item
1730 2747 2035 2800 admonens
2066 2762 2077 2797 :
2115 2763 2133 2795 ι
2181 2747 2303 2798 Non
2334 2745 2401 2799 ad
2436 2747 2657 2799 oculum
2684 2747 2990 2801 servientes
3010 2746 3165 2813 quasi
3196 2744 3376 2799 homi-

104 2843 274 2897 nibus
304 2842 605 2911 placentes,
644 2843 739 2896 sed
769 2844 1139 2911 quodcunque
1176 2841 1377 2905 facitis,
1416 2856 1484 2895 ex
1516 2839 1700 2894 animo
1738 2839 2068 2910 operemini,
2120 2839 2278 2909 quasi
2327 2839 2561 2893 Domino
2607 2847 2663 2893 et
2718 2854 2827 2892 non
2876 2837 3195 2891 hominibus
3241 2850 3363 2891 ser-

104 2938 328 2993 vientes
358 2938 423 2992 “.
462 2958 480 2987 ι

175 3033 368 3084 Δεινὸν
391 3026 484 3085 οὖν
508 3034 676 3095 ἐστιν,
714 3030 791 3095 ὼς
839 3032 1074 3102 εἴρηται,
1132 3031 1194 3085 τὸ
1238 3031 1337 3099 τῆς
1390 3030 1686 3094 κενοδοξίας

1870 3024 1996 3078 Haec
2031 3024 2211 3077 inanis
2240 3024 2429 3095 gloria:
2454 3022 2673 3077 affectio
2701 3036 2831 3076 sane
2868 3038 3032 3091 quam
3084 3024 3381 3081 vehemens

100 3123 282 3186 πάθος
312 3137 327 3151 '
360 3125 456 3176 καὶ
480 3124 660 3186 πάσας
683 3124 782 3187 τὰς
812 3124 1017 3194 ἀρετὰς
1071 3123 1137 3187 ἃς
1170 3124 1462 3195 ἐργάζεται
1517 3124 1544 3175 6
1597 3122 1693 3175 ἇν-

100 3216 348 3283 θρωπος,
385 3215 755 3285 παρεμϐάλλει
805 3217 982 3285 ἐαυτῷ
1005 3232 1020 3245 ·
1047 3217 1140 3267 καὶ
1179 3216 1469 3278 σπουδάζει
1499 3216 1693 3284 ἀχρει-

99 3308 242 3359 ὧσαι
292 3308 416 3368 τοὺς
474 3308 721 3376 καρποὺς
769 3306 865 3360 τοῦ
922 3306 1182 3377 μοναχοῦ.
1215 3307 1324 3359 Καὶ
1355 3308 1417 3359 τὸ
1446 3305 1693 3376 χαλεπώ-

96 3413 263 3466 τερον
295 3415 310 3430 ο
342 3398 427 3449 ὅτι
487 3397 582 3449 ἐπὶ
628 3398 728 3466 μὲν
780 3397 889 3450 τῶν
952 3397 1125 3451 ἄλλων
1172 3396 1384 3455 παθῶν,
1432 3397 1693 3465 πορνείας

97 3486 275 3555 φημὶ,
301 3488 394 3539 καὶ
422 3486 614 3556 ὀργῆς,
651 3487 970 3556 λυπύμεθα
1010 3486 1178 3551 εἰκὸς,
1224 3487 1318 3540 καὶ
1355 3485 1687 3556 θρηνοῦμεν,

96 3580 197 3633 καὶ
230 3579 511 3648 εὐχόμεθα
534 3581 920 3649 ἀπαλλαγῆναι
947 3597 961 3610 ·
1000 3580 1093 3633 ἐπὶ
1134 3579 1192 3631 δὲ
1235 3580 1334 3648 τῆς
1385 3578 1689 3643 κενοδοξίας

93 3669 223 3721 οὔτε
259 3669 553 3738 πονοῦμεν,
596 3671 719 3723 οὔτε
760 3670 1103 3740 λυπούμεθα,
1140 3670 1266 3722 οὔτε
1293 3670 1385 3721 τὸν
1421 3669 1553 3721 Θεὸν
1580 3685 1689 3719 πα-

99 3760 457 3829 ρακαλοῦμεν
510 3761 949 3831 ἑλευθερωθῆναι
1002 3762 1060 3829 ἑξ
1098 3762 1291 3831 αὐτῆς.
1349 3760 1690 3831 Μισήσωμεν

92 3846 213 3910 οὖν,
270 3848 517 3918 ἀδελφοὶ,
558 3850 619 3902 τὸ
665 3850 874 3903 τέλειον
918 3852 1094 3919 μῖσος,
1141 3849 1202 3902 τὸ
1238 3848 1341 3919 τῆς
1381 3848 1688 3913 κενοδοξίας

92 3938 300 4002 πάθος,
325 3938 414 3991 ἴνα
433 3938 506 4008 μὴ
529 3939 890 4008 ἀπολέσωμεν
924 3938 1052 4001 τοὺς
1077 3937 1358 4007 καμάτους
1378 3936 1536 4007 ἡμῶν
1554 3952 1568 3967 ο
1590 3937 1688 4005 τῆς

91 4033 207 4102 γὰρ
240 4030 339 4083 τοῦ
365 4030 605 4100 Χριστοῦ
627 4031 875 4094 δουλείας
898 4032 992 4083 καὶ
1027 4031 1127 4101 τῆς
1153 4030 1233 4092 είς
1268 4029 1403 4081 Θεὸν
1448 4028 1685 4089 πίστεως

90 4124 399 4193 ἀφίστησιν
417 4123 508 4175 τὸν
527 4123 831 4192 ἄνθρωπον,
851 4122 1033 4185 καθώς
1048 4138 1210 4190 φησιν
1227 4123 1254 4173 6
1271 4120 1491 4189 Κύριος
1520 4137 1537 4169 ι
1563 4119 1687 4181 Πῶς

88 4214 334 4267 δύνασθε
365 4213 649 4266 πιστεύειν
684 4217 763 4275 εἰς
786 4212 905 4281 ἐμὲ,
927 4210 1084 4274 δόξαν
1111 4210 1242 4280 παρ’
1267 4209 1515 4277 ἀλλήλων
1540 4208 1681 4276 λαμ·

1799 3124 1855 3170 et
1876 3116 2135 3185 perplexa
2169 3125 2275 3179 est,
2299 3117 2455 3184 juxta
2486 3113 2829 3182 superiorem
2858 3114 3187 3169 sententiam
3214 3133 3225 3167 :
3254 3118 3380 3171 nul-

1797 3206 1905 3260 lam
1956 3205 2102 3259 cnim
2137 3206 2404 3274 relinqult
2429 3204 2696 3258 virtutum
2727 3220 2865 3272 quas
2894 3214 3157 3274 operetur
3192 3206 3378 3271 homo,

1797 3294 1885 3348 cui
1919 3310 2031 3347 non
2055 3294 2433 3364 impudentius
2455 3294 2792 3356 obluctetur,
2829 3309 3000 3363 seque
3036 3295 3282 3364 objieiat.
3318 3297 3378 3351 In

1794 3384 1898 3438 hoc
1922 3400 2141 3453 operam
2167 3393 2329 3438 navat
2348 3385 2838 3447 accuratissimam,
2874 3386 3086 3439 fructus
3118 3388 3372 3441 monachi

1795 3476 2128 3544 intercipere
2172 3486 2233 3529 ut
2276 3476 2453 3543 possit
2503 3486 2560 3531 et
2586 3477 2817 3531 reddere
2854 3477 3097 3531 inutiles.
3125 3478 3378 3533 llabetin

1790 3582 1848 3621 se
1884 3567 2073 3621 ethoc
2130 3567 2346 3620 caeteris
2393 3566 2780 3635 periculosius.
2848 3568 2995 3621 Inter
3047 3570 3182 3623 alias
3228 3571 3376 3627 enim

1791 3657 1959 3711 animi
2012 3657 2454 3726 perturbationes
2503 3660 2803 3714 constituta
2859 3660 3010 3731 (puta
3047 3662 3100 3715 in
3136 3661 3379 3717 fornica-

1792 3749 1965 3812 tione,
2006 3756 2063 3803 et
2101 3748 2201 3819 ira)
2251 3764 2490 3804 mmrore
2532 3752 2880 3814 conlicimur,
2914 3767 3017 3806 nec
3041 3752 3263 3823 injuria,
3295 3754 3380 3807 lu-

1790 3853 1984 3908 gemus
2036 3852 2279 3907 quoque,
2331 3854 2555 3894 oramus
2609 3841 2835 3909 insuper
2871 3841 3035 3896 eximi
3069 3858 3258 3898 carum
3301 3844 3381 3899 la-

1790 3932 1997 4002 queis:
2053 3930 2319 3987 adversus
2376 3932 2594 3987 inanem
2653 3935 2881 4004 gloriam
2936 3952 3005 3989 ne
3062 3936 3378 3993 laboramus

1790 4024 2034 4094 quidem,
2085 4022 2222 4077 nihil
2273 4039 2377 4078 nos
2417 4026 2749 4080 contristant
2778 4027 3016 4095 pellaccs
3064 4028 3212 4082 illius
3258 4030 3378 4084 ille-

1789 4117 1990 4182 cebrae,
2024 4116 2120 4171 sed
2155 4131 2260 4171 nec
2286 4117 2458 4170 Deum
2484 4117 2857 4181 obsecramus,
2882 4135 2984 4174 nos
3014 4128 3076 4175 ut
3102 4121 3299 4176 liberet
3320 4131 3376 4176 et

1786 4206 2059 4261 subducat
2097 4205 2248 4260 illius
2288 4207 2440 4276 jugo.
2466 4207 2608 4261 Sane
2658 4208 3068 4264 blandissimam
3106 4213 3247 4266 hanc
3276 4213 3373 4267 sed

90 4304 381 4363 ϐάνοντες.
419 4303 513 4356 καὶ
546 4302 645 4372 τὴν
671 4302 828 4365 δόξαν
852 4303 950 4370 τὴν
994 4300 1148 4369 παρὰ
1189 4299 1284 4352 τοῦ
1336 4300 1498 4368 μόνου
1545 4296 1682 4351 Θεοῦ

1789 4306 1841 4351 et
1869 4298 2266 4352 veteratoriam
2302 4298 2689 4367 intemperiem
2726 4300 2917 4370 gloria:
2968 4302 3148 4357 inanis
3191 4303 3376 4358 oderi-

88 4396 153 4449 οὖ
196 4394 541 4464 ζητοῦντεςς
581 4413 599 4445 ι
655 4393 816 4463 Αὐτῷ
866 4394 899 4463 ἡ
947 4392 1075 4457 δόξα
1136 4393 1215 4454 είς
1270 4393 1398 4453 τοὺς
1447 4390 1673 4452 αἰῶνας.

1789 4404 1928 4453 mus,
1960 4404 2168 4458 quaeso,
2202 4389 2421 4452 fratres,
2454 4389 2584 4443 odio
2611 4405 2843 4457 prorsus
2875 4392 3142 4460 perfecto,
3198 4402 3258 4447 ut
3303 4410 3373 4448 ne

88 4488 280 4555 Δμήν.

1776 4496 1873 4551 per
1898 4496 2018 4535 eam
2064 4480 2479 4549 quanticunque
2509 4482 2682 4535 nostri
2718 4482 2937 4537 labores
2970 4492 3098 4538 eant
3120 4501 3365 4553 pessum,

88 4578 323 4649 sintQue
353 4578 511 4632 vacui
536 4586 593 4631 et
614 4577 804 4631 inanes
830 4576 1003 4647 frugis
1041 4577 1218 4631 boum.
1260 4576 1547 4631 Hominem
1590 4575 1741 4629 enim
1800 4577 1915 4645 ipsa
1948 4584 2195 4630 evocata
2224 4575 2428 4630 Christi
2465 4578 2767 4631 servitute:
2820 4577 3059 4647 denique
3098 4590 3153 4633 et
3188 4597 3219 4634 a
3262 4581 3367 4639 ﬁde

86 4687 201 4739 qua
255 4672 312 4724 in
352 4671 521 4724 Deum
601 4670 898 4733 credimus,
949 4670 1287 4741 transfugam
1335 4670 1520 4725 reddit
1584 4678 1641 4724 et
1702 4670 2066 4734 desertorem,
2118 4670 2205 4723 vel
2258 4680 2397 4724 teste
2457 4672 2689 4725 Domino
2726 4690 2738 4726 :
2774 4692 2792 4722 ι
2822 4673 3129 4737 Quomodo.
3169 4676 3365 4745 inquit,

88 4761 333 4830 potestis
381 4760 607 4816 credere
653 4762 707 4814 in
742 4775 851 4825 me,
884 4762 977 4830 qui
1008 4762 1238 4831 gloriam
1266 4762 1566 4833 vobisipsis
1632 4762 1854 4830 capitis,
1917 4770 1973 4815 et
2037 4761 2264 4831 gloriam
2313 4778 2435 4831 qua:
2482 4778 2511 4816 a
2564 4764 2683 4817 solo
2733 4764 2845 4818 Deo
2893 4774 2998 4829 est,
3052 4781 3159 4819 nou
3211 4784 3334 4835 quae

88 4853 216 4907 ritis
242 4854 335 4906 ”?
367 4872 385 4901 ι
410 4851 516 4921 lpsi
549 4852 721 4922 gloria
753 4852 807 4906 in
836 4854 1055 4907 saecula.
1089 4854 1284 4908 Amen.

701 4965 919 5018 ΛΟΓΟΣ
950 4966 1078 5017 ΜΔ’.

580 5076 720 5143 Περὶ
759 5079 1195 5146 ὑπερηφανίας.

157 5186 240 5240 T6
267 5186 370 5255 τῆς
394 5185 773 5255 ὑπερηφανίας
805 5188 1020 5255 νόσημα
1050 5190 1229 5257 χεῖρον
1252 5187 1511 5255 τυγχάνει
1540 5188 1676 5240 ὅλων

82 5280 199 5332 τῶν
229 5277 451 5342 παθῶν,
484 5278 580 5331 καὶ
601 5277 963 5347 θεοστύγητον
1001 5281 1145 5331 πάνυ
1182 5282 1276 5333 καὶ
1322 5280 1398 5351 μὴ
1437 5282 1676 5349 ἁρμόζον

81 5372 227 5433 ὅλως
266 5367 600 5437 ἀνθρώποις,
638 5366 755 5421 ἀλλ’
790 5367 941 5437 αὐτῴ
984 5368 1129 5438 μόνῳ
1164 5368 1241 5437 τῷ
1275 5369 1531 5439 δυσμενεῖ
1558 5371 1673 5423 δια-

83 5462 257 5531 ϐόλῳ,
294 5459 435 5529 πρὸς
462 5460 561 5529 τὴν
589 5458 756 5514 αὑτοῦ
797 5460 1016 5525 κακίαν,
1051 5458 1129 5529 τῷ
1174 5460 1243 5512 δι’
1295 5460 1671 5531 ὑπερηφανίαν

192 5639 241 5670 ³⁷
281 5636 458 5692 Galat.
495 5636 644 5701 ι,1θ.

84 5712 131 5741 δ’
166 5710 280 5762 Isa.
307 5723 401 5767 LII,
425 5708 515 5760 20.
626 5708 673 5740 ”
698 5708 857 5762 Prov.
886 5723 979 5773 xu,
1010 5709 1063 5763 9.

81 5782 129 5813 “
162 5780 335 5835 Joan.
366 5793 419 5840 ν,
441 5777 530 5830 44.

752 5637 796 5669 ³⁸
831 5637 848 5691 l
881 5637 1076 5693 Thess.
1114 5654 1173 5703 ιι,
1207 5639 1324 5693 4-6.

1431 5639 1473 5672 ³⁹
1502 5641 1543 5694 ll
1574 5641 1701 5695 Cor.
1739 5659 1791 5699 ιι.
1832 5644 1918 5696 18.

1170 5708 1215 5740 ⁸⁵
1244 5709 1402 5765 Prov.
1434 5726 1597 5773 χχιιι,
1634 5712 1686 5764 2.
1766 5714 1809 5744 “
1834 5714 1969 5768 Psal.
2002 5728 2090 5781 LII,
2118 5718 2170 5769 6.

2311 4963 2592 5019 ιιοιιιιιΑ
2658 4966 2841 5021 XLIV.

2251 5077 2467 5146 1098
2499 5078 2575 5130 Dc
2617 5080 2881 5146 superbia.

1854 5184 2143 5257 Superbim
2204 5190 2473 5259 aegritudo
2547 5192 2814 5261 gravitate
2870 5192 3092 5247 malitia:
3140 5204 3369 5249 caeteras

1780 5281 1949 5336 animi
2014 5285 2363 5338 turbulentas
2416 5285 2737 5339 alfectiones
2794 5286 2954 5356 longe
3031 5298 3364 5356 exsuperat:

1780 5390 1943 5442 quam
1993 5386 2050 5430 et
2104 5377 2244 5430 Deus
2296 5377 2413 5431 odit
2446 5378 2836 5439 infensissime,
2878 5395 2980 5434 nec
3012 5380 3105 5434 ulli
3140 5397 3369 5450 prorsus

1780 5465 2066 5521 hominum
2101 5476 2469 5521 consentanea
2503 5475 2587 5521 est
2614 5477 2711 5521 aut
2749 5484 3080 5537 congruens.
3129 5470 3362 5525 Pulchre

2821 5648 2861 5678 δ’
2895 5648 2962 5701 IV
2988 5645 3121 5715 Reg.
3157 5664 3247 5710 xx,
3279 5648 3363 5701 13.

2847 5720 2888 5749 ⁵⁷
2920 5716 3130 5773 Coloss.
3167 5734 3248 5782 ιιι,
3274 5719 3363 5771 22.

2021 5645 2065 5676 ⁸ο
2101 5644 2305 5700 Jcrcm.
2356 5663 2429 5704 Ix.
2482 5647 2570 5709 9.5,
2628 5648 2718 5701 24.

2284 5718 2328 5746 δθ
2360 5716 2378 5767 Ι
2417 5717 2542 5769 Cor.
2579 5734 2649 5782 iv,
2682 5719 2732 5771 7.
