4178 6436
782 421 915 489 1571

2055 418 2413 478 ANTIOCHI
2465 418 2803 477 MONACIll

3911 418 3933 482 1
3946 421 4053 482 572

776 532 856 587 illi
879 529 1140 601 competit
1168 539 1224 584 et
1250 530 1350 583 soli
1385 529 1477 599 qui
1510 539 1709 585 nostrae
1751 541 1840 585 est
1870 531 2103 585 :emulus
2140 532 2351 596 salutis,

2461 530 2513 594 ἐξ
2542 530 2773 601 οὑρανοῦ
2805 546 3045 582 πεσοντι.
3090 530 3151 581 Ὀ
3194 529 3302 599 γάρ
3346 529 3787 599 καυχησάμενος,
3827 534 3930 586 καὶ
3962 532 4053 587 λέ-

772 637 971 691 nempe
998 622 1239 680 diabolo.
1260 622 1325 674 ad
1353 637 1505 674 suam
1534 622 1706 691 ipsius
1720 624 2043 692 eXpIcndam
2064 623 2349 685 malitiam,

772 731 897 768 cum
934 732 1030 784 per
1051 732 1171 769 eam
1208 715 1537 768 deturbatus
1556 715 1628 767 sit
1651 731 1819 783 regno
1842 716 2128 769 malorum.
2159 716 2207 768 ls
2226 731 2350 767 cum

773 808 1069 874 gloriosius
1135 805 1507 865 sulisultaret,
1567 821 1631 858 ac
1666 806 2021 874 pnegestiens
2085 807 2344 859 diceret:

780 912 797 944 ι
840 896 1039 948 l'onam
1072 894 1330 947 thronum
1368 908 1551 945 meum
1611 909 1777 963 super
1841 903 1987 947 astra
2038 894 2157 948 (εαξΙί
2221 893 2287 957 ⁸³,
2331 913 2347 943 ι

772 997 1050 1040 momento
1075 986 1330 1039 iuventus
1346 994 1429 1038 cst
1456 1003 1562 1039 non
1595 987 1802 1039 habens
1837 988 2007 1039 ullum
2044 986 2353 1054 tranquillae

781 1078 988 1147 quietis
1014 1082 1217 1137 locum,
1253 1078 1347 1131 sed
1382 1079 1536 1147 quasi
1569 1093 1711 1131 unus
1738 1078 1935 1145 aliquis
1972 1093 2230 1146 manceps
2254 1077 2355 1131 ιιιί-

774 1170 1020 1223 serrimze
1056 1170 1426 1238 captivitatis,
1473 1169 1668 1238 quovis
1702 1170 1947 1223 locorum
1986 1169 2355 1238 triumphatus

776 1271 1085 1315 ostentatur
1114 1262 1179 1314 ad
1212 1263 1438 1330 gloriam
1481 1261 1679 1314 summi
1714 1262 1829 1315 Dei.
1870 1262 2047 1330 Atque
2084 1263 2155 1315 ita
2191 1278 2357 1331 pecu-

773 1353 924 1407 liaris
952 1354 1041 1405 hie
1082 1353 1296 1406 daemon
1326 1353 1620 1421 superbi.e,
1652 1368 1773 1405 cum
1807 1362 2005 1422 pra-ter
2024 1362 2250 1406 eteteras
2276 1353 2357 1406 οἷς

773 1448 1039 1500 lectiones
1061 1448 1298 1500 animum
1353 1444 1664 1498 miserrime
1724 1443 1946 1497 aﬂlictet
2000 1452 2050 1495 et
2103 1444 2353 1510 cruciet;

774 1555 871 1592 ros
902 1550 1079 1591 tamen
1106 1541 1353 1590 omnium
1394 1539 1628 1591 maxime
1660 1538 1960 1607 impugnat,
1990 1551 2045 1591 et
2075 1546 2131 1590 ut
2162 1538 2354 1590 detur-

777 1632 869 1685 l;et
895 1640 1059 1699 atque
1087 1639 1321 1689 evertat,
1353 1630 1690 1700 aggreditur,
1748 1632 1841 1698 qui
1891 1631 2137 1699 profectu
2177 1634 2355 1687 virtu-

776 1730 891 1775 tum
922 1722 1284 1790 aliquousque
1307 1724 1417 1790 jam
1471 1731 1881 1789 promoveruut.
1923 1722 2187 1793 Superbia
2230 1741 2355 1795 per-

778 1814 904 1867 inde
953 1824 1038 1867 est
1087 1830 1150 1865 ac
1201 1815 1427 1866 morbus
1464 1815 1683 1882 quidam
1713 1817 1973 1884 pestilens
1996 1826 2050 1869 et
2083 1819 2352 1881 labilieus,

2456 638 2593 688 γων·
2637 639 2654 670 ι
2687 620 2850 689 Θήσω
2883 620 2977 673 τὸν
3014 620 3204 689 θρόνον
3237 636 3338 691 μου
3383 620 3468 672 ἐπ’
3513 622 3626 674 ἄνω
3665 620 3774 673 τῶν
3823 624 4049 693 ἄστρων

2455 713 2549 765 τοῦ
2574 711 2828 781 οὑρανοῦ,
2863 732 2880 763 ι
2924 712 3126 782 εὑρέθη
3159 713 3235 781 μὴ
3272 712 3408 782 ἔχων
3435 713 3620 782 χώραν
3653 716 4045 780 ἀναπαύσεως,

2456 806 2573 858 ἀλλ’
2604 807 2680 869 ὠς
2720 806 3067 874 αἰχμάλωτος
3109 804 3388 873 πανταχοῦ
3417 804 3832 874 θριαμδεὺεται.
3867 802 4047 870 Οὗτος

2454 898 2482 948 ὁ
2539 897 2639 966 τῆς
2692 896 3073 965 ὑπερηφανίας
3128 896 3339 965 δαίμων
3385 896 3773 965 χαλεπώτατος
3819 900 4047 952 πάντων

2455 986 2565 1038 τῶν
2596 987 2782 1039 παθῶν
2807 986 3089 1056 ὑπάρχων,
3118 988 3258 1039 πάνυ
3285 986 3408 1049 τοὺς
3430 989 3488 1039 ἐν
3514 992 3762 1057 προκοπῇ
3788 989 4040 1055 πολεμεῖ,

2455 1080 2550 1133 καὶ
2576 1079 2848 1149 ἐπιχειρεῖ
2878 1082 3299 1151 καταστρέφειν.
3334 1081 3445 1134 Ka‘t
3476 1082 3729 1153 καθάπερ
3754 1085 3911 1148 νόσος
3937 1087 4045 1138 λοι-

2459 1172 2594 1242 μικὴ
2652 1175 2747 1226 καὶ
2779 1173 3104 1242 φθοροποιδς
3134 1174 3233 1243 οὑχ
3280 1172 3337 1225 ἓν
3393 1174 3555 1243 μέλος
3610 1176 3705 1229 τοῦ
3758 1176 4043 1248 σώματος,

2454 1263 2568 1314 ἀλλ’
2598 1264 2718 1315 ὅλον
2757 1264 3079 1335 διαφθείρει,
3114 1264 3259 1315 οὑτω
3295 1265 3385 1317 κα)⁸
3422 1266 3482 1317 τὸ
3514 1267 3685 1329 πάθος
3720 1268 3902 1322 τοῦτο.
3936 1273 4046 1323 Καὶ

2455 1355 2522 1407 τὰ
2547 1355 2644 1424 μὲν
2675 1354 2811 1408 ἄλλα
2841 1356 2990 1424 πάθη
3015 1357 3077 1407 ἐκ
3119 1356 3317 1425 μέρους
3341 1357 3688 1411 ἐπισκοποῦσι
3711 1360 3810 1425 τὴν
3838 1361 4041 1429 ψυχὴν,

2454 1445 2488 1513 ἢ
2521 1447 2614 1497 καὶ
2652 1448 3022 1515 ταράσσουσιν
3067 1448 3239 1517 αὑτήν
3264 1462 3279 1476 ⁸
3332 1448 3394 1500 τὸ
3425 1448 3483 1501 δὲ
3520 1449 3617 1517 τῆς
3656 1452 4043 1519 ὑπερηφανίας

2456 1537 2630 1598 πάθος
2662 1538 2843 1590 πᾶσαν
2875 1539 3047 1609 αὑτὴν
3085 1543 3288 1601 σκοτεῖ,
3324 1540 3418 1591 καὶ
3446 1542 3525 1603 είς
3550 1541 3793 1609 μεγάλην
3832 1543 4043 1592 πτῶσιν

2456 1628 2706 1694 κατάγει.
2764 1625 2826 1677 'll
2862 1628 2968 1695 γάρ
3027 1627 3175 1697 ψυχὴ
3221 1628 3312 1680 τοῦ
3362 1625 3714 1695 ὑπερηφάνου
3768 1627 3849 1687 είς
3904 1624 4041 1692 Dato;

2460 1718 2607 1786 μέγα
2638 1718 2918 1770 άναδαίνει
2938 1734 2951 1747 ’
2982 1719 3237 1771 κάκείθεν
3260 1718 3449 1771 ἑαυτὸν
3475 1719 3553 1780 είς
3577 1718 3736 1786 βυθὸν
3762 1718 4042 1770 καταϐάλ-

2430 1807 2559 1861 νλει,
2614 1809 2825 1878 Ὠσπερ
2870 1810 2976 1879 γάρ
3026 1811 3189 1878 βάρος
3245 1808 3478 1874 κατέαξε
3518 1810 3699 1864 κλῶνα
3731 1812 4039 1881 ἔγκαρπον,

775 1903 871 1972 qui
897 1920 1003 1957 non
1035 1919 1203 1956 unum
1231 1904 1395 1955 modo
1418 1904 1664 1973 corporis
1689 1905 2014 1959 membrum.
2037 1909 2128 1961 sed
2161 1924 2359 1976 corpus

2461 1896 2635 1960 οὕτως
2674 1900 3024 1968 ὑπερηφανία
3052 1901 3226 1970 ψυχὴν
3261 1902 3514 1969 ἐνάρετον
3542 1901 3893 1954 καταϐάλλει.
3936 1902 4044 1953 Καὶ

776 1994 958 2063 ipsum
998 1993 1117 2048 dira
1168 1995 1499 2063 putrilagine
1543 1996 1879 2063 depascitur,
1910 1998 2088 2058 vitiat,
2113 1999 2352 2052 conficit.

775 2084 915 2139 Alite
966 2087 1112 2139 enim
1181 2094 1617 2154 quanhecuuque
1672 2088 1953 2155 passiones
2009 2088 2139 2149 sint.
2191 2105 2354 2142 unam

776 2177 1015 2247 aliquam
1045 2179 1352 2245 portionem
1381 2177 1575 2230 anima:
1613 2178 1727 2231 suis
1756 2178 2048 2231 offundunt
2090 2178 2353 2241 tenebris,

776 2279 940 2339 atque
958 2286 1076 2324 eam
1100 2271 1435 2323 obturbant:
1466 2270 1741 2337 superbia:
1769 2270 2118 2338 intemperies
2148 2272 2355 2325 nullam

779 2376 889 2414 non
921 2360 1118 2413 anima:
1144 2360 1250 2412 vim
1280 2359 1554 2412 horrenda
1580 2360 1808 2427 caligine
1839 2360 2251 2422 circumfundit,
2277 2361 2360 2413 in-

779 2466 1012 2521 qne‘non
1039 2452 1343 2520 simplicem
1370 2452 1585 2505 ruinam
1614 2453 1725 2521 agit
1771 2452 2125 2520 pnecipitem.
2165 2454 2357 2507 Anima

779 2544 928 2599 enim
973 2542 1199 2612 superbi
1234 2542 1287 2596 in
1322 2543 1641 2612 pnecelsum
1664 2544 1887 2612 aliquod
1921 2559 1986 2596 ac
2012 2545 2246 2598 sublime
2278 2544 2360 2597 fa-

778 2634 1001 2703 stigium
1039 2633 1239 2687 sinitur
1274 2632 1667 2696 conscendere,
1718 2632 1862 2686 unde
1897 2632 2240 2686 commodius
2271 2633 2362 2687 de-

781 2726 1035 2780 turbctur
1078 2726 1133 2777 in
1190 2725 1492 2793 sulijcctam
1543 2724 1775 2777 foveam.
1836 2724 1904 2778 Ut
1949 2739 2158 2777 rammn
2203 2724 2359 2792 copia

780 2818 1062 2871 fructuum
1096 2817 1488 2869 rxuberanlcm
1549 2816 1721 2869 moles
1759 2829 1992 2869 onerosa
2040 2816 2359 2885 dill'ringere

782 2910 947 2973 solet,
1009 2908 1089 2962 sic
1140 2908 1377 2961 animam
1437 2924 1756 2977 generosam
1813 2909 2213 2978 multiplicique
2246 2908 2358 2962 fetu

782 3001 1048 3053 virtutum
1090 2998 1439 3067 przefertilem
1492 3000 1817 3068 plerumque
1866 3001 2119 3068 superbia
2174 3000 2361 3069 dejicit

782 3091 978 3161 gradu.
1008 3090 1479 3156 Queuuulnmdum
1539 3093 1752 3144 fruetus
1798 3107 2045 3146 marcore
2078 3102 2173 3145 aut
2212 3092 2360 3146 carie

786 3183 1011 3236 vitiatus
1038 3182 1237 3236 cultori
1266 3198 1368 3235 suo
1396 3182 1534 3235 nihil
1560 3183 1720 3236 aflcrt
1748 3184 2041 3248 commodi,
2084 3184 2157 3237 ita
2186 3193 2243 3237 et
2263 3199 2359 3237 su-

782 3273 940 3343 perbi
973 3274 1149 3325 oratio
1172 3273 1307 3325 nihil
1338 3288 1403 3325 ex
1428 3273 1539 3325 Deo
1593 3273 1833 3326 relatura
1864 3281 1948 3325 est
1978 3272 2152 3341 frugis
2181 3272 2357 3326 home.

781 3361 863 3416 Ne
908 3362 1127 3414 dederis
1181 3361 1456 3430 superbia:
1499 3360 1736 3414 animam
1774 3369 1965 3425 tuam;
2005 3371 2061 3414 et
2096 3361 2361 3431 imagines

785 3453 1089 3509 horrendas
1113 3461 1279 3523 atque
1303 3453 1491 3522 plenas
1519 3452 1826 3506 formidinis
1862 3469 1970 3506 non
1997 3453 2209 3523 cogeris
2238 3469 2364 3522 per-

784 3545 1043 3615 spicere;
1101 3545 1283 3597 anima
1343 3543 1491 3596 enim
1542 3541 1764 3609 superbi
1815 3541 2002 3594 divino
2045 3542 2365 3596 destituitur

786 3635 1081 3704 praesidio:
1121 3648 1231 3703 quo
1258 3633 1339 3695 fit,
1376 3641 1438 3686 ut
1471 3632 1527 3686 in
1559 3632 1869 3686 daemonum
1925 3641 2172 3686 vertatur
2220 3632 2363 3686 ludi-

788 3722 969 3778 brium
1024 3737 1090 3775 ac
1137 3720 1499 3774 deridiculam
1564 3721 2013 3790 gratulationem.
2066 3721 2367 3775 Monachus

789 3812 1064 3882 superbus
1085 3812 1252 3865 arbor
1278 3826 1505 3881 prorsus
1532 3810 1849 3881 iufrugifcra
1870 3818 1986 3865 est:
2013 3812 2215 3881 quippe
2240 3827 2363 3881 quae

788 3904 1030 3957 radicem
1063 3918 1170 3955 nou
1205 3902 1389 3964 habet,
1434 3916 1610 3969 eoque
1658 3902 1931 3956 violentas
1976 3901 2365 3971 impressiones

787 4003 1081 4047 ventorum
1118 3990 1482 4045 assilientium
1531 4005 1810 4060 nunquam
1874 3991 2035 4045 feret.
2089 3990 2364 4057 Quemad-

791 4088 1013 4141 modum
1057 4086 1380 4140 inundantis
1412 4101 1568 4155 aqua:
1602 4086 1771 4150 bulla,
1809 4101 1933 4140 mox
1969 4095 2031 4141 ut
2068 4087 2363 4156 rumpitur,

791 4194 918 4233 mox
946 4178 1248 4239 evanescit,
1287 4177 1361 4231 ita
1404 4177 1629 4246 superbi
1662 4178 1927 4232 memoria
1975 4193 2007 4232 α
2056 4188 2233 4232 morte
2280 4180 2366 4233 vel

790 4273 1071 4335 momento
1100 4264 1318 4334 deperit
1336 4275 1500 4334 atque
1522 4265 1873 4335 intercipitur
1893 4267 2187 4321 oblivione.
2215 4268 2368 4323 Sicut

792 4357 1027 4411 modesti
1065 4357 1181 4410 sive
1203 4356 1430 4410 humilis
1454 4356 1632 4409 oratio
1679 4356 1776 4410 Dei
1817 4356 2047 4412 inflectit
2081 4358 2244 4422 iram,
2293 4359 2366 4412 ita

793 4447 1017 4517 superbi
1069 4445 1389 4515 deprecatio
1442 4446 1735 4501 exacerbat
1790 4447 1984 4501 Deum.
2041 4447 2367 4516 Quicunque

2456 1987 2643 2059 ὥσπερ
2692 1993 2902 2059 καρπὸς
2948 1990 3202 2059 σεσηπὼς
3254 1992 3530 2061 ἄχρηστος
3572 1990 3827 2063 γεωργῷ,
3861 1994 4041 2054 οὕτως

2456 2078 2626 2149 ἀρετὴ
2674 2080 3025 2149 ὑπερηφάνου
3070 2082 3130 2133 οὑ
3171 2082 3498 2152 χρησιμεύει
3533 2083 3611 2152 τῷ
3636 2082 3773 2152 Θεῷ.
3810 2084 3903 2151 Μὴ
3936 2083 4043 2151 δῷς

2458 2171 2807 2241 ὑπερηφανίᾳ
2839 2172 2936 2241 σὴν
2972 2172 3175 2243 ψυχὴν,
3210 2177 3305 2226 καὶ
3336 2174 3394 2225 οὑ
3444 2174 3518 2242 μὴ
3566 2175 3695 2236 ἴδοις
3734 2174 4044 2243 φαντασίας

2459 2263 2710 2331 φρικτάς.
2770 2263 2928 2332 Ψυχὴ
2983 2266 3088 2334 γάρ
3143 2265 3495 2335 ὑπερηφάνου
3562 2266 4042 2334 καταλιμπάνεται

2458 2354 2564 2407 ὑπὸ
2614 2354 2707 2406 τοῦ
2762 2355 2919 2420 Θεοῦ,
2987 2359 3081 2408 καὶ
3134 2357 3350 2423 γίνεται
3402 2358 3671 2425 δαιμόνων
3721 2358 4041 2426 ἐπίχαρμα.

2469 2442 2849 2516 ’Υπερήφανος
2876 2448 3104 2518 μοναχὸς
3133 2449 3351 2519 δένδρον
3371 2450 3642 2521 ἄκαρπον,
3668 2452 3763 2503 καὶ
3787 2452 4042 2521 ἄρριζον,

2459 2537 2554 2588 καὶ
2608 2537 2669 2587 οὑ
2726 2537 2801 2607 μὴ
2854 2538 3056 2611 ἐνέγκῃ
3119 2541 3250 2594 ποτὲ
3312 2542 3617 2611 προσϐολὴν
3664 2544 3893 2610 ἀνέμου.
3930 2542 4045 2594 Καὶ

2459 2626 2649 2697 ὥσπερ
2697 2630 2981 2697 πομφόλυξ
3008 2634 3238 2700 ραγείσα
3272 2632 3591 2699 ἀφανίζεται
3622 2646 3635 2660 ·
3671 2632 3817 2685 οὕτω
3850 2634 4042 2702 μνήμη

2460 2717 2814 2787 ὑπερηφάνου
2847 2719 2987 2787 μετὰ
3013 2720 3243 2773 θάνατον
3267 2722 3485 2774 ὄλλυται
3506 2739 3520 2753 ο
3546 2722 3641 2774 καὶ
3661 2721 3853 2791 ὥσπερ
3880 2736 4048 2791 προσ.

2460 2807 2594 2876 ευχὴ
2624 2807 2884 2859 ταπεινοῦ
2943 2810 3183 2878 κάμπτει
3220 2810 3375 2873 Θεὸν,
3405 2810 3549 2864 οὑτω
3583 2812 3884 2881 παροξύνει
3907 2813 4044 2865 Θεδν

2460 2898 2643 2965 δέησις
2673 2900 3045 2969 ὑπερηφάνου.
3080 2901 3191 2952 Καὶ
3220 2902 3334 2954 ὅσοι
3375 2902 3442 2955 δι’
3480 2904 3866 2973 ὑπερηφανίαν
3934 2905 4047 2972 ἀφ-

2460 2990 2744 3059 ηνιάζουσι
2774 2991 2864 3043 τὸν
2895 2989 3144 3059 ἀδελφὸν,
3192 2991 3270 3062 τῷ
3312 2993 3541 3064 διαϐόλῳ
3571 2994 3937 3063 ἁμιλλῶνται.
3965 2996 4043 3047 υὺ

2461 3084 2570 3149 γάρ
2618 3085 2824 3153 φυσική
2871 3084 3084 3153 ἐστινὴ
3124 3086 3495 3153 ὑπερηφανία.
3542 3086 3656 3139 ἀλλ’
3688 3087 3922 3155 ἰνδαλμα
3945 3087 4044 3138 τοῦ

2463 3174 2796 3241 ἀφηνιαστοῦ
2847 3175 3137 3243 δαίμονος·
3191 3176 3373 3239 καθὼς
3431 3181 3699 3247 μαρτυρεί
3742 3181 3774 3249 ἡ
3822 3179 4042 3248 Γρσξή.

2416 3264 2431 3283 ⁸
2462 3266 2631 3333 Φησὶν
2672 3265 2781 3333 γάρ
2806 3281 2821 3295 ⁸
2864 3285 2883 3315 ι
2921 3267 2997 3318 Οὑ
3034 3267 3382 3320 συνέκτισται
3409 3268 3721 3338 ἀνθρώποις
3753 3270 4046 3340 ὑπερηφα-

2462 3357 2567 3409 νία.
2608 3377 2626 3407 ο
2673 3356 2779 3408 Καὶ
2804 3353 2959 3421 αὖθις
2988 3374 3001 3386 ·
3051 3376 3069 3408 ι
3098 3358 3336 3427 Θρόνους
3366 3360 3641 3428 ἀρχόντων
3669 3361 4049 3431 ὑπερηφάνων

2463 3448 2680 3499 καθεῖλε
2712 3447 2938 3518 Κύριος.
2980 3468 2997 3499 ι
3059 3448 3229 3519 Ἀρχὴ
3279 3448 3391 3521 γὰρ
3430 3452 3813 3521 ὑπερηφανίας
3833 3452 4049 3523 ἀνθρώ-

2464 3556 2565 3591 που
2585 3540 2887 3609 ἀποστῆναι
2918 3541 3026 3594 άπὸ
3055 3542 3263 3613 Κυρίου
3315 3543 3438 3595 Ὅτι
3486 3562 3504 3595 ι
3554 3542 3721 3613 Ἀρχὴ
3760 3545 4047 3614 ἁμαρτίας

2463 3630 2816 3699 ὑπερηφανία
2847 3647 2861 3661 ’
2900 3632 2997 3685 καὶ
3039 3634 3067 3685 ὁ
3100 3632 3320 3702 κρατῶν
3352 3632 3544 3703 αὑτὴν,
3570 3633 3886 3703 ἑξομϐρίσει
3924 3634 4046 3703 βδέ-

2463 3720 2668 3791 λυγμα,
2694 3726 2787 3777 καὶ
2821 3726 3339 3795 καταστραφήσεται
3368 3727 3449 3788 είς
3478 3725 3649 3788 τέλος.
3680 3743 3699 3776 ι
3735 3727 3847 3779 Καὶ
3879 3727 3944 3778 ὲν
3969 3727 4050 3795 τῷ

2464 3815 2615 3884 νόμῳ
2642 3814 2711 3868 δὲ.
2734 3816 3043 3885 γέγραπται
3072 3833 3083 3845 ·
3119 3836 3137 3868 ι
3167 3816 3327 3888 Ψυχὴ
3366 3818 3488 3887 ἥτις
3518 3818 3773 3887 εποίησεν
3802 3821 3861 3872 ἐν
3900 3822 4051 3889 χειρὶ

2468 3905 2870 3974 ὑπερηφανίας,
2916 3904 3301 3975 ὲκτριδήσεται
3342 3909 3405 3959 ἐκ
3450 3906 3546 3958 τοῦ
3592 3908 3747 3962 λαοῦ.
3781 3926 3802 3959 ι
3857 3910 3976 3962 Καὶ
4023 3914 4052 3961 ὁ

2478 3992 2749 4054 Ἡσαΐας·
2825 4009 2843 4041 ι
2878 3993 2987 4044 Καὶ
3054 3992 3240 4045 ἀπολῶ
3297 3995 3506 4056 πάντας
3562 3995 3975 4065 ὑπερηφάνους.
4028 4019 4046 4049 ι

2468 4084 2579 4137 Καὶ
2637 4084 2665 4134 ὁ
2698 4081 3000 4151 Ψαλμῳδός
3024 4097 3037 4112 °
3098 4102 3116 4133 ι
3147 4083 3246 4136 Διά
3293 4083 3454 4135 τοῦτο
3500 4085 3807 4152 ἐκράτησεν
3844 4088 4052 4152 αὑτοὺς

2468 4173 2820 4243 ὑπερηφανία
2856 4174 2935 4235 είς
2987 4172 3159 4236 τέλος,
3217 4174 3300 4226 ὅτι
3353 4175 3771 4244 περιεϐάλλοντο
3830 4178 4052 4233 ἀδικίαν

2468 4261 2565 4314 καὶ
2587 4262 2845 4315 ἀσέϐειαν
2907 4261 3110 4316 αὐτῶν.
3151 4282 3170 4314 ι
3215 4264 3324 4316 Καί
3352 4278 3366 4291 ο
3415 4283 3433 4315 ι
3485 4264 3762 4330 Ἐξέλιπον
3801 4268 3901 4320 καὶ
3941 4270 4053 4321 άπ-

2468 4352 2668 4405 ώλοντο
2695 4353 2781 4406 διά
2815 4354 2913 4423 τὴν
2948 4355 3178 4425 ἀνομίαν
3228 4354 3429 4408 αὑτῶν.
3458 4375 3479 4408 ι
3519 4356 3630 4409 Καὶ
3661 4352 3823 4421 αὖθις
3856 4374 3870 4389 '
3914 4378 3937 4412 ε
3990 4361 4055 4413 Ἡ

2471 4442 2820 4513 ὑπερηφανία
2854 4441 2961 4496 τῶν
2984 4444 3289 4513 μισούντων
3326 4461 3385 4495 σε
3417 4445 3586 4514 ἀνέὸη
3618 4445 3704 4499 διά
3750 4448 3989 4513 παντός.
4028 4467 4048 4501 ι

795 4546 1085 4606 turgentes
1109 4553 1170 4590 su
1179 4536 1385 4606 perbia:
1424 4544 1638 4591 tumore
1662 4552 1726 4591 ac
1757 4536 2087 4592 dissidentes
2110 4554 2233 4592 cum
2258 4542 2359 4593 fra-

2473 4534 2638 4587 Ὅθεν
2672 4535 2821 4605 πάσῃ
2850 4536 3051 4606 σπουδῇ
3081 4537 3376 4607 κέχρηνται
3404 4538 3472 4589 τά
3500 4536 3621 4606 ίερά
3652 4554 3745 4590 σου
3770 4538 4051 4604 καθελεῖν,

798 4628 972 4693 tribus
1006 4627 1318 4681 detrectant
1358 4626 1674 4696 imperium,
1704 4628 1952 4683 eamdem
1989 4645 2112 4683 cum
2148 4630 2369 4685 diabolo

795 4727 1091 4774 conserunt
1136 4733 1395 4788 pugnam.
1437 4718 1625 4787 Neque
1661 4719 1809 4772 enim
1859 4723 2125 4776 naturalis
2165 4732 2249 4777 est
2274 4740 2370 4777 su-

797 4808 1012 4876 perbia,
1056 4806 1150 4860 sed
1190 4804 1657 4859 contumacissimi
1705 4806 1969 4861 daemonis
1991 4808 2369 4873 simulacrum,

796 4900 1089 4947 atlestante
1116 4891 1401 4960 Scriptura
1432 4908 1445 4944 :
1482 4910 1499 4940 ι
1539 4891 1657 4945 Non
1707 4903 1995 4947 conereata
2039 4904 2123 4948 est
2160 4895 2369 4949 homini

799 4984 1076 5054 superbia.
1106 5003 1124 5035 ι
1157 4984 1400 5038 Rursus:
1434 5002 1451 5034 ι
1482 4983 1653 5037 Sedes
1672 4984 1984 5055 principum
2006 4988 2369 5055 superborum

798 5073 1068 5126 destruxit
1096 5072 1360 5125 Dominus
1387 5072 1452 5123 ”.
1495 5090 1512 5122 ι
1568 5070 1902 5141 Principium
1950 5072 2099 5125 enim
2146 5074 2368 5142 superbi

800 5162 1039 5216 hominis
1088 5170 1171 5215 est
1218 5160 1476 5215 recedere
1526 5179 1557 5215 ιι
1609 5161 1861 5223 Domino.
1912 5163 2043 5230 quia
2094 5181 2111 5212 ι
2150 5165 2365 5217 initium

802 5255 1008 5323 peccati
1043 5253 1297 5323 superbia
1326 5270 1341 5318 ;
1374 5264 1433 5308 et
1464 5254 1555 5323 qui
1596 5255 1833 5308 tenuerit
1876 5254 2046 5318 illam,
2079 5255 2371 5311 inundabit

804 5345 860 5398 in
887 5345 1039 5398 illum
1066 5344 1425 5405 abominatio.
1466 5354 1523 5399 et
1574 5346 1628 5399 in
1683 5344 1789 5399 fine
1834 5347 2187 5401 subvertetur
2234 5349 2301 5400 ⁵¹.
2343 5368 2360 5400 ι

802 5435 860 5489 In
906 5437 1021 5506 lege
1059 5436 1189 5490 item
1240 5436 1504 5505 scriptum
1539 5446 1669 5490 est:
1714 5455 1731 5487 ι
1764 5437 1956 5491 Anima
1996 5453 2116 5507 qua:
2148 5438 2369 5507 quidvis

805 5527 1000 5582 fecerit
1026 5528 1081 5580 in
1108 5543 1271 5581 manu
1306 5527 1596 5597 superbia,
1620 5536 1900 5583 exteretur
1933 5527 2001 5583 de
2031 5530 2231 5597 populo
2260 5530 2360 5582 η.»

810 5620 1023 5690 1099
1072 5620 1132 5674 In
1173 5620 1310 5674 Isaia
1349 5638 1363 5673 :
1431 5640 1449 5672 ι
1478 5621 1546 5675 Et
1598 5622 1910 5691 disperdam
1953 5637 2144 5676 omnes
2177 5639 2368 5692 super-

875 5792 920 5823 "
946 5792 1049 5847 lsa.
1076 5810 1182 5861 xw,
1216 5793 1303 5849 l4.
1382 5794 1428 5827 ”
1456 5795 1625 5852 Eceli.
1660 5813 1714 5863 κ,
1744 5797 1833 5851 22.
1910 5800 1950 5830 "
1980 5797 2118 5852 ibid.
2145 5799 2229 5857 l5.

2471 4624 2567 4677 καὶ
2606 4626 2673 4677 τά
2708 4624 2841 4691 ἅγιά
2881 4642 2974 4677 σου
3004 4626 3317 4697 ἐρημῶσαι.
3378 4626 3517 4679 Ἀλλ’
3553 4626 3756 4697 ἐπαρον
3795 4630 3897 4693 τὰς
3937 4635 4053 4701 χεῖ-

2469 4715 2573 4784 ράς
2605 4732 2698 4767 σου
2726 4715 2821 4768 ἐπὶ
2852 4716 2951 4777 τὰς
2979 4718 3357 4788 ὑπερηφανίας
3387 4718 3567 4771 αὐτῶν
3594 4720 3672 4781 είς
3697 4720 3875 4785 τέλος,
3902 4724 4052 4785 ὅπως

2467 4806 2891 4876 αἰσχυνθείησαν
2933 4809 2985 4860 οί
3016 4809 3375 4879 ὑπερήφανοι,
3411 4811 3492 4863 δτι
3525 4810 3725 4874 ἀδίκως
3759 4812 4051 4883 ηνόμησαν

2467 4900 2547 4960 είς
2578 4900 2748 4969 ἡμᾶς.
2802 4900 2914 4951 ’Δεὶ
2943 4900 3050 4970 γάρ
3086 4901 3429 4971 ὑπερήφανοι
3463 4902 3538 4965 ὡς
3569 4904 3620 4954 of.
3648 4906 3707 4955 ἐν
3744 4907 3813 4974 τῇ
3851 4904 4051 4976 ἐρήμῳ

2470 4989 2707 5059 πατέρες
2737 4990 2915 5041 αὑτῶν
2940 4991 3291 5061 παρηνόμουν
3311 4992 3415 5055 ἕως
3436 4993 3662 5062 σφόδρα.
3702 4994 3762 5045 '0
3778 4995 3837 5047 δὲ
3858 4996 4049 5061 δοῦλός

2471 5096 2563 5132 σου
2594 5080 2756 5133 Δαυῒδ
2785 5081 2893 5133 ἀπὸ
2918 5082 3010 5134 τοῦ
3057 5083 3224 5152 νόμου
3266 5099 3360 5136 σου
3404 5087 3507 5137 οὐκ
3567 5084 3813 5149 ἐξέκλινε
3844 5102 3858 5117 ·
3925 5089 4049 5141 οὔτε

2470 5191 2489 5221 σ
2530 5172 2865 5244 ὑπερηφάνῳ
2894 5173 3156 5245 ὀφθαλμῷ
3182 5177 3274 5228 καὶ
3317 5174 3583 5245 ἀπλήστῳ
3623 5177 3827 5248 καρδίᾳ
3860 5196 3880 5227 ι
3928 5197 4052 5231 συν-

2470 5264 2680 5333 ήσθιεν,
2711 5265 2818 5317 οὐδ’
2865 5266 3001 5329 ὅλως
3040 5268 3279 5336 κατῴκει
3323 5286 3341 5319 ι
3378 5270 3436 5320 ὲν
3482 5271 3635 5337 μέσῳ
3668 5268 3772 5336 τῆς
3808 5272 3995 5331 οίκίας
4029 5290 4047 5322 ι

2472 5353 2659 5417 αὑτοῦ,
2686 5355 2947 5426 λογισμὸς
2976 5358 3145 5409 ποιῶν
3199 5359 3600 5429 ὑπερηφανίαν.
3653 5362 3765 5416 Kal.
3790 5364 3820 5415 δ
3851 5366 4055 5435 Παροι-

2477 5445 2709 5514 μιαστής
2732 5460 2747 5474 ⁶
2780 5464 2799 5496 ι
2834 5445 3002 5510 Φόΰος
3023 5447 3230 5519 Κύριον
3257 5452 3405 5519 μισεί
3430 5451 3648 5516 κακίαν,
3683 5451 3845 5522 ὕϐριν
3868 5472 3931 5508 τε
3963 5458 4056 5509 καὶ

2477 5535 2879 5605 ὑπερηφανίαν,
2906 5536 2999 5589 καὶ
3028 5536 3179 5600 ὁδοὺς
3203 5538 3463 5609 πονηράς.
3483 5558 3502 5591 ι
3548 5540 3776 5608 Ἐπάγει
3803 5559 3817 5572 ·
3852 5563 3869 5594 ι
3907 5545 4057 5614 Ὀσῳ

2480 5626 2651 5695 μέγας
2685 5620 2757 5692 εἴ,
2808 5627 3062 5681 τοσοῦτον
3108 5630 3340 5684 ταπείνα
3378 5629 3627 5696 σεαυτὸν,
3662 5633 3760 5687 καὶ
3800 5635 4058 5707 εὑρήσεις

2308 5802 2351 5834 ⁸¹
2389 5801 2565 5858 Levit.
2600 5818 2745 5871 sxw,
2775 5804 2859 5859 l9.
