4178 6436
138 477 276 542 1573

632 474 960 535 iIOMILIA
997 474 1167 535 XLV.
1199 472 1496 544 —QUOD
1536 472 1684 532 NON
1729 474 1846 532 SIT
1890 475 1985 534 DE
2024 475 2113 534 SE
2151 476 2340 536 ALTE
2379 472 2899 534 SEN'I‘IENDUM.

3239 471 3377 537 1574

134 590 298 659 χάριν
334 586 515 641 ἔναντι
546 584 769 654 Κυρίου.
804 602 823 634 ι
864 584 973 635 Καί
1008 599 1020 612 ο
1063 601 1081 634 ι
1114 582 1205 654 Μὴ
1238 582 1435 652 ἑξύψου
1479 582 1705 635 σεαυτὸν

1810 582 1907 634 hos
1938 582 2005 633 ³³.
2035 601 2052 632 ι
2093 581 2301 635 Psaltes
2337 581 2519 650 regius
2554 598 2566 632 :
2602 598 2617 628 ‹
2651 579 2779 633 Ideo
2824 582 2999 636 tenuit
3044 599 3141 639 eos
3179 599 3375 654 super-

134 680 221 733 ῖνα
257 678 332 748 μὴ
365 678 563 746 πέσῃς,
596 677 678 729 ὃτι
719 674 942 744 μισητὸς
972 673 1151 726 ἑναντι
1201 674 1403 741 Κυρίου
1468 673 1563 724 καὶ
1609 672 1704 724 ἀν-

131 770 354 841 θρὼπου
388 768 495 829 πᾶς
525 766 894 837 ὑπερήψανος.
933 784 950 816 ι
991 764 1146 817 Καὶὸ
1187 763 1478 823 ’1ἀκω6ο;’
1518 762 1707 831 Ὑπερ⁹

131 862 364 930 ηφάνοις
393 856 599 928 Κύριος
633 855 1037 917 ἀντιτάσσεται,
1080 855 1359 915 ταπεινοῖς
1390 853 1572 906 δίδωσι
1621 855 1708 923 χά-

135 969 241 1020 ριν.
286 968 305 999 ι
345 950 453 1001 Καὶ
492 948 744 1015 ἐπιφέρει
770 963 785 978 ο
828 964 847 996 ι
879 947 922 997 Τ
926 945 1267 1014 απεινώοητε
1309 941 1403 997 οὖν
1459 944 1566 997 ὑπὸ
1609 948 1707 1013 τὴν

134 1039 407 1109 κρατέιάν
437 1040 594 1107 χεῖρα
627 1035 719 1089 τοῦ
745 1034 902 1099 Θεοῦ,
936 1035 1022 1087 ἵνα
1058 1034 1247 1103 ὑψώσῃ
1278 1035 1443 1103 ὑμᾶς.
1483 1054 1501 1086 ι
1533 1035 1703 1101 Φοϐη-

133 1130 323 1199 Θιῖιμεν
362 1123 475 1189 οὖν,
516 1128 757 1195 ἀδελφοὶ,
802 1126 896 1178 καὶ
943 1125 1093 1198 πάσῃ
1138 1126 1349 1194 φυλακῇ
1379 1127 1708 1197 τηρήσωμεν

130 1220 227 1287 τὴν
255 1218 466 1270 ἑαυτῶν
489 1218 719 1287 καρδίαν
739 1218 847 1268 ἀπὸ
876 1215 969 1268 τοῦ
998 1216 1372 1287 θανατηφόρου
1402 1218 1708 1287 πνεύματος

130 1309 233 1378 τῆς
294 1308 700 1378 ὑπερηφανίας.
755 1307 924 1359 Ὅταν
975 1305 1084 1377 γὰρ
1136 1308 1545 1378 κατακυριεὺσῃ
1610 1308 1709 1375 τῆς

130 1401 328 1461 ἀθλίας
360 1400 562 1469 ψυχῆς,
588 1397 779 1467 ὥσπερ
800 1414 881 1459 τις
911 1397 1294 1467 χαλεπώτατος
1324 1401 1584 1467 τύραννος
1611 1416 1709 1468 με-

132 1494 309 1560 γάλην
344 1491 498 1543 πόλιν
548 1490 641 1543 καὶ
699 1489 908 1557 ὑψηλὴν
958 1488 1311 1558 παραλαϐὼν,
1363 1490 1491 1559 ὃλην
1539 1491 1711 1559 αὐτὴν

132 1584 501 1654 καταστρέφει
540 1582 634 1634 καὶ
667 1581 1062 1633 κατασκάπτει.
1103 1581 1209 1633 Καὶ
1238 1581 1297 1632 τὸ
1330 1583 1708 1646 ἐλεεινότατον,

132 1676 211 1727 ὃτι
246 1671 404 1737 οὗτος
430 1676 456 1726 ὁ
488 1673 891 1742 ἑπικατὰρατος
928 1674 1138 1739 δαίμων
1171 1674 1295 1735 τοὺς
1337 1673 1595 1736 τελείους,
1637 1672 1711 1736 ὡς

133 1766 377 1834 εἴρηται,
419 1767 674 1834 μάλιστα,
701 1764 795 1815 καὶ
835 1765 915 1824 εἰς
938 1762 996 1815 τὸ
1038 1762 1170 1831 ὕψος
1198 1763 1308 1815 τῶν
1340 1763 1551 1833 ἀρετῶν
1583 1767 1712 1816 ἁνα-

132 1852 443 1921 6ε6ηκότας
492 1854 759 1922 ἐπιχειρεῖ
807 1854 1245 1919 καταςτρέφειν·
1294 1854 1387 1904 καὶ
1419 1854 1540 1905 est:
1574 1854 1710 1923 πρὸς

1808 673 1893 727 bia
1930 674 1985 727 in
2016 673 2200 737 finem,
2228 672 2356 741 quia
2378 672 2554 740 operti
2588 679 2717 725 sunt
2745 671 3033 740 iniquitate
3078 684 3133 731 ct
3184 675 3378 745 impie-

1808 777 1916 823 tate
1948 783 2045 822 sua
2079 767 2146 822 “.
2181 784 2198 816 ι
2239 766 2343 820 Et:
2381 782 2399 814 ι
2430 764 2755 819 Defecerunt
2802 775 2857 820 et
2904 766 3191 835 perierunt
3242 783 3374 837 pro-

1806 869 1927 929 pter
1957 858 2293 927 impietatetn
2328 871 2481 910 suam
2519 856 2587 908 ".
2628 876 2645 905 ι
2675 856 2741 909 Et
2770 874 2781 908 :
2822 876 2839 907 ι
2880 856 3153 927 Superbia
3183 874 3373 914 eorum

1806 953 1898 1018 qui
1926 959 1977 1004 te
2001 950 2256 1011 oderunt,
2286 947 2533 1002 ascendit
2560 962 2778 1016 semper
2807 949 2873 1004 “.
2894 968 2911 999 ι
2952 949 3106 1003 Unde
3142 957 3200 1003 et
3227 950 3376 1004 onmi

1807 1042 1991 1103 studio
2025 1040 2107 1095 usi
2140 1048 2287 1104 sunt,
2315 1049 2502 1094 sancta
2546 1046 2638 1093 tua
2668 1048 2727 1091 ut
2777 1038 3193 1103 demolirentur,
3252 1055 3376 1094 san-

1807 1137 2015 1192 etuaria
2039 1148 2130 1191 tua
2162 1136 2216 1189 in
2245 1134 2593 1189 solitudinem
2622 1133 2953 1203 redigerent.
2995 1132 3285 1196 Caeterum.
3316 1141 3375 1187 tu

1807 1230 1979 1283 alleva
2006 1242 2201 1283 manus
2224 1236 2345 1280 tuas
2376 1226 2427 1280 in
2475 1226 2760 1295 superbias
2790 1240 2982 1279 eorum
3022 1225 3074 1277 in
3114 1226 3276 1279 linem
3306 1226 3375 1291 ",

1809 1330 1870 1374 ut
1899 1318 2307 1374 confundantur
2354 1318 2598 1385 superbi,
2648 1317 2775 1386 quia
2825 1317 3025 1387 injuste
3075 1326 3130 1371 et
3192 1318 3377 1386 inique

1807 1414 2040 1474 egerunt
2062 1415 2252 1459 contra
2280 1419 2383 1457 nos
2426 1404 2492 1457 ⁵³.
2531 1406 2760 1473 Semper
2804 1407 2952 1459 enim
2996 1406 3218 1473 superbi
3264 1406 3375 1469 isti,

1810 1496 2268 1564 quemadmodum
2297 1503 2479 1563 patres
2504 1512 2692 1549 eorum
2720 1496 2772 1548 in
2796 1511 3002 1559 eremo,
3030 1497 3193 1550 nimis
3216 1512 3376 1565 quam

1809 1585 2145 1654 przevaricati
2198 1594 2325 1639 sunt
2385 1586 2557 1654 legem
2595 1595 2762 1640 tuam.
2817 1589 2982 1656 Atqui
3021 1603 3214 1641 servus
3254 1596 3382 1642 tuus

1813 1677 1981 1729 David
2013 1692 2121 1731 non
2150 1677 2445 1730 declinavit
2470 1693 2500 1730 a
2526 1677 2643 1746 lege
2668 1688 2775 1739 tua,
2811 1694 2915 1732 nec
2942 1693 3065 1731 cum
3097 1698 3113 1728 ι
3140 1679 3380 1748 superbo

1811 1768 1972 1821 oculo
1998 1777 2055 1821 et
2082 1768 2375 1821 insatiabili
2407 1770 2575 1822 corde
2610 1771 2654 1802 "
2695 1789 2712 1820 ›
2753 1770 2914 1823 simul
2943 1768 3160 1833 edebat,
3193 1780 3248 1824 et
3278 1786 3381 1825 nec

1812 1860 2036 1911 omnino
2071 1859 2195 1912 talis
2224 1860 2504 1915 habitabat
2533 1880 2547 1910 ι
2588 1861 2640 1914 in
2670 1862 2850 1915 medio
2876 1862 3072 1915 domus
3096 1863 3168 1913 ⁸⁸»
3194 1862 3377 1927 illius;

137 1946 435 2015 μετάνοιαν
483 1946 682 2005 αὐτοὺς
730 1946 1004 2013 συγχωρεῖ
1052 1943 1396 2012 ἐπιστρέψαι.
1450 1944 1573 2006 Πῶς
1603 1946 1709 2013 γὰρ

1812 1952 2072 2021 cogitatio
2117 1951 2372 2005 videlicet
2401 1952 2508 2005 ulla
2537 1953 2804 2021 resipiens
2832 1953 3166 2022 superbiam.
3198 1953 3383 2009 Parte-

136 2037 552 2103 μετανοήσωσιν
596 2037 644 2086 οἱ
683 2036 801 2087 ὅλον
830 2035 1072 2087 διάϐολον
1103 2035 1381 2103 δεχόμενοι
1413 2038 1469 2087 ἑν
1498 2038 1711 2098 ἑαυτοῖς

131 2128 222 2180 διὰ
247 2127 351 2195 τῆς
380 2126 785 2194 ὑπερηφανίας,
825 2131 917 2176 καὶ
956 2126 1045 2175 τὸν
1084 2123 1216 2175 Θεὸν
1257 2126 1712 2192 ἀντιτασσόμενον

132 2221 323 2280 αὐτοῖς
369 2219 768 2280 καθιστώντε;;
815 2217 1006 2283 Ἡμεῖς
1042 2214 1135 2266 οὖν
1166 2214 1253 2266 διὰ
1309 2214 1407 2282 τῆς
1463 2230 1711 2266 ταπεινο-

135 2309 417 2380 φροσύνης
456 2306 928 2377 ἁποκρουσώμεοα
954 2306 1046 2356 τὸν
1084 2305 1432 2374 ὑπερήφανον
1459 2305 1707 2373 δαίμοναο

133 2400 486 2466 ἐπιλέγοντες
526 2400 734 2460 ἑαυτοῖς
763 2398 827 2449 τὸ
845 2395 941 2449 τοῦ
984 2395 1328 2456 Ἀποστόλου,
1357 2395 1484 2448 ὅταν
1513 2396 1712 2465 ἀρετήν

133 2510 256 2545 τινα
307 2488 751 2560 κατορθώσωμεν
785 2504 799 2518 ·
862 2507 880 2540 ι
924 2488 1036 2540 Οὐκ
1089 2485 1198 2553 ἐγὼ
1218 2487 1294 2550 δὲ,
1328 2486 1463 2538 ἀλλὰ
1487 2488 1520 2555 ἡ
1554 2485 1712 2555 χάρις

133 2582 230 2635 τοῦ
268 2581 411 2634 Θεοῦ
456 2583 488 2650 ὴ
532 2582 631 2632 σὺν
662 2579 785 2647 ἐμοί
823 2595 838 2609 ο
888 2597 905 2628 ι
950 2579 1044 2630 καὶ
1086 2577 1251 2630 πάλιν
1283 2594 1296 2607 ’
1344 2595 1362 2627 ι
1395 2576 1470 2629 Οὐ
1498 2576 1592 2628 τοῦ
1628 2577 1715 2628 Θέ-

135 2672 326 2735 λοντος
350 2671 471 2725 οὐδὲ
494 2671 590 2723 τοῦ
612 2673 924 2738 τρέχοντος,
948 2668 1082 2721 ἀλλὰ
1102 2666 1197 2720 τοῦ
1216 2666 1491 2730 ἐλεοῦντος
1508 2666 1664 2720 Θεοῦ.
1690 2687 1708 2718 ι

135 2764 247 2816 Καὶ
286 2766 349 2815 τι,
388 2760 494 2813 ὑπὸ
529 2760 625 2813 τοῦ
681 2760 886 2830 Κυρίου
929 2759 1221 2826 εἰρημένον
1247 2774 1260 2786 ·
1295 2775 1314 2808 ι
1356 2758 1539 2827 Χωρὶς
1579 2757 1712 2827 ἐμοῦ

132 2858 195 2908 οὐ
224 2856 459 2909 δύνασθε
504 2856 677 2906 ποιεῖν
714 2854 885 2905 οὐδέν.
926 2870 944 2902 ι
996 2850 1181 2913 Οὕτως
1231 2851 1339 2919 γὰρ
1374 2849 1715 2920 δυνησόμεθα

136 2949 305 3001 πάλιν
336 2945 568 3000 ἀκοῦσαι
594 2945 762 2999 αὑτοῦ
791 2944 885 2997 τοῦ
916 2943 1120 3012 Κυρίου
1148 2942 1393 3009 λέγοντος
1414 2958 1426 2971 ·
1457 2960 1477 2992 ι
1521 2942 1713 2994 Ἐθεώ-

138 3056 272 3109 ρουν
320 3040 414 3089 τον
455 3038 701 3089 Σατανᾶν
724 3035 800 3098 ὼς
830 3036 1117 3104 ἀστραπὴν
1149 3035 1212 3085 ἐκ
1238 3031 1332 3085 τοῦ
1359 3031 1587 3101 οὐρανοῦ
1621 3048 1715 3083 πε-

136 3132 303 3183 σόντα
332 3146 346 3161 ο
391 3129 523 3191 ιδοι,
548 3128 721 3180 ἐδωκα
754 3130 879 3197 ὑμῖν
900 3126 997 3196 τὴν
1033 3125 1280 3188 ἐξουσίαν
1311 3127 1501 3177 πατεῖν
1530 3124 1715 3176 ἑπάνω

136 3221 318 3289 ὃφιων
351 3220 447 3273 καὶ
475 3221 753 3289 σκορπίων
786 3219 879 3270 καὶ
907 3218 1000 3269 ἐπὶ
1030 3218 1208 3268 πᾶσαν
1235 3216 1333 3285 τὴν
1360 3215 1588 3284 δύναμιν
1616 3214 1710 3267 τοῦ

1814 2043 2037 2096 miastes
2073 2060 2085 2095 :
2123 2061 2139 2091 ι
2183 2043 2369 2095 Timor
2401 2042 2615 2095 Domini
2641 2043 2758 2095 odit
2787 2043 3071 2107 malitiam,
3101 2051 3383 2096 contume-

1814 2133 2077 2201 liamque,
2105 2140 2161 2186 et
2190 2132 2527 2201 superbiam,
2553 2148 2615 2186 ac
2636 2134 2752 2185 vias
2777 2147 2971 2199 pravas
2998 2133 3063 2186 ⁶·¹.
3094 2150 3112 2181 ι
3145 2132 3379 2187 lnducit:

1820 2239 1836 2270 ι
1876 2221 2089 2286 Quanto
2116 2222 2288 2290 major
2318 2236 2398 2284 es,
2426 2228 2577 2274 tanto
2607 2221 2836 2275 humilia
2860 2222 3116 2291 teipsum,
3149 2231 3207 2275 et
3231 2221 3384 2275 inve-

1814 2313 1933 2365 nies
1961 2314 2189 2380 gratiam
2220 2311 2273 2363 in
2311 2320 2611 2378 conspectu
2646 2311 2860 2363 Domini
2906 2312 2971 2363 ".
3004 2330 3021 2361 ι
3080 2310 3147 2365 Ει
3177 2328 3190 2362 :
3251 2330 3269 2359 ι
3301 2309 3381 2364 Nc

1814 2403 2019 2456 exaltes
2061 2402 2315 2470 teipsnm,
2358 2411 2417 2455 ut
2456 2418 2524 2455 ne
2557 2403 2721 2455 cadas
2754 2402 2819 2465 ⁸³,
2850 2402 2977 2471 quia
3007 2402 3229 2456 odibilis
3254 2412 3381 2457 ante

1817 2492 2101 2544 Dominum
2133 2501 2188 2545 et
2221 2491 2472 2545 homines
2503 2492 2684 2544 omnis
2729 2492 2998 2560 superbus
3057 2492 3122 2545 “.
3155 2511 3173 2541 ι
3227 2490 3385 2546 Jaco-

1821 2585 1958 2636 bus:
1987 2602 2004 2631 ι
2038 2582 2302 2635 Dominus
2324 2582 2579 2650 superbis
2608 2582 2834 2645 resistit,
2866 2582 3169 2635 humilibus
3198 2592 3381 2636 autem

1814 2672 2156 2741 datgratiam
2195 2672 2263 2722 η.
2298 2690 2315 2720 ι
2353 2671 2522 2725 Infert
2558 2688 2569 2722 :
2621 2690 2639 2720 ι
2672 2672 3046 2725 llumiliamini
3081 2673 3249 2740 igitur
3280 2673 3384 2726 sub

1815 2762 2025 2831 potenti
2057 2777 2219 2814 manu
2243 2760 2363 2824 Dei,
2395 2769 2455 2815 ut
2492 2775 2590 2813 vos
2637 2760 2841 2814 e'xaltet
2890 2761 2955 2814 “.
2986 2780 3004 2810 ι
3069 2760 3384 2814 Timeamus

1817 2852 2022 2920 itaque,
2062 2851 2278 2908 fratres.
2320 2861 2376 2905 et
2409 2853 2556 2904 omni
2589 2852 2840 2904 custodia
2874 2866 2971 2906 cor
3003 2851 3106 2905 hoc
3132 2858 3382 2906 nostrum

1815 2943 2050 2995 liberum
2079 2957 2490 3005 conservemus,
2512 2958 2575 2995 ac
2603 2957 2800 3011 purum
2827 2943 3063 2996 exitialis
3101 2951 3159 2996 et
3186 2943 3384 2996 morti-

1814 3033 1914 3088 feri
1945 3034 2171 3102 spiritus
2190 3034 2479 3101 superbim.
2518 3032 2572 3086 Si
2598 3034 2816 3101 quando
2836 3033 2982 3086 enim
3019 3033 3165 3087 illius
3198 3040 3384 3104 tyran-

1816 3126 1870 3178 ni
1917 3126 2179 3179 adversus
2221 3126 2589 3178 miserabilem
2618 3140 2843 3193 prorsus
2867 3126 3103 3178 animam
3136 3126 3383 3178 invalue-

1817 3217 1909 3277 rit,
1944 3216 2085 3268 haud
2111 3231 2271 3269 secus
2295 3215 2423 3268 facit
2454 3231 2518 3268 ac
2544 3216 2588 3268 si
2624 3226 2885 3285 tyrannus
2918 3216 3188 3285 quispiam
3220 3232 3383 3285 supra

136 3313 362 3385 ἐχθροῦ.
409 3333 428 3363 ι
462 3314 621 3381 Αὐτῷ
648 3312 725 3381 τῷ
755 3309 944 3379 ἁγαθῴ
989 3310 1187 3380 πρέπει
1235 3310 1267 3376 ἡ
1306 3306 1547 3374 δόξαβίς
1584 3308 1709 3370 τοὺς

1819 3307 2038 3360 modum
2075 3306 2223 3360 ferox
2248 3316 2303 3361 et
2337 3307 2609 3369 immanis,
2644 3323 2805 3360 unam
2840 3308 3077 3375 aliquam
3108 3308 3383 3363 civitatem

138 3405 369 3466 αἰῶνας.
434 3405 489 3456 Ἀ
500 3405 625 3475 μήν.

1820 3408 1876 3451 et
1918 3398 2277 3466 amplitudine
2311 3399 2415 3451 loci
2452 3410 2510 3453 et
2552 3398 2690 3451 situs
2729 3399 3064 3453 sublimitate
3110 3400 3383 3453 celebrem

140 3497 297 3550 velut
352 3512 450 3564 per
483 3510 677 3548 manus
723 3500 935 3562 captam
979 3508 1011 3546 a
1071 3490 1442 3547 fundamentis
1477 3498 1643 3545 totam
1691 3490 1931 3556 sub'rnit,
1985 3501 2259 3561 aequatum
2297 3492 2435 3553 solo.
2465 3491 2709 3546 sutfodit.
2741 3490 2924 3561 Longe
2972 3499 3029 3546 et
3074 3492 3179 3546 hoc
3232 3497 3381 3548 omni

136 3587 573 3655 comploratione
604 3586 1024 3655 dignissimum;
1078 3585 1428 3640 exsecrabilis
1475 3586 1746 3653 siquidem
1786 3587 1998 3639 daemon
2052 3586 2163 3644 hic.
2218 3587 2388 3649 viros,
2424 3595 2484 3639 ut
2529 3586 2662 3639 mihi
2706 3586 2915 3640 dictum
2952 3594 3055 3650 est,
3102 3587 3154 3639 in
3208 3586 3387 3657 perfe-

136 3678 342 3733 ctionis
389 3678 627 3731 culmine
686 3678 795 3745 jam
841 3677 1197 3736 constitutos,
1236 3692 1299 3729 ac
1340 3676 1593 3738 maxime,
1643 3678 1737 3745 qui
1777 3676 2031 3729 sublimis
2071 3675 2298 3730 theorire
2340 3676 2539 3730 merito
2576 3676 2642 3728 ad
2688 3677 2953 3730 caelorum
3001 3691 3173 3743 usque
3233 3677 3386 3731 fasti—

138 3776 292 3845 giutn
356 3770 743 3824 conscendisse
806 3768 1175 3831 videbantur,
1230 3768 1408 3821 modis
1463 3767 1720 3821 omnibus
1758 3767 2056 3821 admolitur
2112 3775 2172 3820 ut
2217 3768 2449 3822 subruat
2499 3783 2562 3821 ac
2606 3769 2928 3836 przeeipitet.
2988 3767 3095 3821 Sed
3144 3783 3213 3821 nc
3260 3767 3385 3821 illos

136 3866 366 3937 quidem
408 3872 531 3932 post
574 3863 785 3930 lapsum
833 3861 965 3915 sinit
1009 3860 1075 3913 ad
1120 3859 1453 3929 paenitentiae
1492 3868 1711 3929 portum
1783 3875 1883 3913 ceu
1945 3858 2281 3930 postliminio
2329 3858 2551 3914 reverti.
2593 3861 2713 3923 Quo
2772 3859 2919 3913 enim
2965 3866 3123 3925 pacto
3175 3858 3265 3912 isti
3313 3856 3380 3911 ad

136 3956 507 4029 paenitudinis
531 3969 594 4007 ac
638 3954 1031 4022 resipiscentiae
1065 3955 1244 4007 sinuin
1307 3968 1365 4007 se
1410 3953 1715 4015 conferant,
1755 3954 1848 4021 qui
1913 3962 2087 4007 totum
2137 3953 2414 4007 diabolum
2458 3954 2511 4007 in
2554 3970 2611 4007 se
2646 3952 2984 4021 excipientes
3031 3966 3128 4021 per
3182 3967 3381 4021 super-

136 4050 315 4109 biam,
350 4047 524 4100 Deum
549 4061 647 4113 per
674 4044 779 4098 hoc
821 4046 1237 4098 colluetatorem
1288 4044 1394 4098 sibi
1413 4047 1755 4099 constituere
1792 4055 1849 4098 et
1897 4046 2321 4099 adversarium?
2367 4045 2477 4098 Nos
2519 4044 2689 4113 igitur
2729 4042 3061 4096 humilitatis
3124 4042 3383 4111 prmsidio

135 4138 386 4202 subnixi,
422 4136 733 4206 principem
780 4134 930 4189 hune
986 4135 1265 4204 superbia:
1312 4136 1494 4188 omnis
1529 4150 1559 4188 a
1612 4134 1775 4189 nobis
1813 4151 1976 4203 quam
2034 4134 2349 4204 longissime
2396 4131 2749 4202 proﬂigemus
2789 4140 2845 4184 et
2888 4130 3237 4194 amoliamur,
3276 4147 3381 4187 no-

136 4235 360 4288 biscum
394 4231 547 4285 taciti
586 4229 946 4283 mussitantes
977 4229 1112 4282 illud
1150 4230 1397 4291 Apostoli
1454 4229 1718 4299 elosium,
1758 4245 1885 4283 cum
1916 4229 2199 4299 quidpiam
2225 4230 2412 4296 operis
2457 4226 2862 4281 confecerimus
2889 4225 3109 4279 virtutis
3155 4229 3381 4281 nomine

135 4326 414 4395 dignum:
482 4341 500 4374 ι
537 4324 655 4376 Non
711 4335 815 4391 ego
870 4329 1076 4384 autem,
1141 4321 1236 4375 sed
1270 4322 1444 4391 gratia
1468 4323 1565 4377 Dei
1600 4338 1816 4376 mecum
1842 4323 1908 4374 ι’.
1945 4341 1962 4372 ι
1998 4321 2203 4374 lterum
2250 4338 2263 4372 :
2312 4340 2329 4371 ι
2359 4320 2478 4373 Non
2522 4318 2780 4375 volentis.
2835 4332 3014 4386 neque
3076 4318 3378 4383 currentis,

134 4417 231 4473 scd
299 4416 621 4471 miserentis
672 4414 769 4469 Dei
831 4415 898 4468 ⁸⁸.
948 4433 966 4465 ι
1018 4415 1124 4469 Sed
1171 4426 1229 4469 et
1296 4416 1432 4471 illud
1470 4418 1766 4471 aDomino
1804 4417 2013 4471 dictum
2079 4431 2279 4470 arcana
2342 4415 2678 4484 cogitatione
2752 4415 3045 4469 adversum
3110 4414 3382 4485 superbia:

138 4508 510 4563 tentationem
564 4505 1098 4559 admurmurandum
1154 4506 1350 4560 venit:
1390 4526 1408 4559 ι
1440 4507 1573 4564 Sine
1631 4524 1718 4563 me
1753 4508 1895 4562 nihil
1926 4508 2161 4577 potestis
2209 4508 2393 4560 facere
2427 4506 2492 4558 θ’.
2528 4524 2546 4555 ι
2618 4505 2691 4559 Ita
2725 4507 2873 4560 enim
2902 4506 2972 4558 ab
3021 4506 3216 4560 eodem
3276 4506 3377 4560 Do-

135 4606 294 4659 mino
338 4602 785 4673 promerebimur
841 4600 1037 4653 audire
1087 4609 1144 4655 et
1176 4601 1311 4655 illud
1358 4620 1369 4654 :
1411 4622 1426 4653 ι
1465 4603 1729 4657 Videbam
1771 4603 2029 4659 Satanam
2070 4612 2330 4670 tanquam
2361 4601 2541 4670 fulgur
2587 4599 2655 4655 de
2700 4602 2843 4655 cmlo
2887 4600 3175 4654 cadentem
3206 4617 3220 4665 ;
3251 4616 3381 4654 ecce

134 4698 269 4756 dedi
310 4697 475 4751 vobis
510 4704 837 4765 potestatem
870 4695 1121 4753 ealeandi
1147 4711 1315 4765 super
1352 4706 1639 4766 serpentes
1667 4706 1721 4751 et
1761 4696 2111 4766 scorpionem
2144 4705 2199 4749 et
2220 4711 2389 4763 super
2417 4710 2635 4748 onmem
2686 4694 2943 4746 virtutem
2974 4692 3181 4746 in?iniei
3217 4694 3283 4745 ⁷ο.
3356 4712 3375 4745 ι

132 4793 485 4847 Clementem
534 4797 592 4842 ct
632 4788 929 4860 benignum
970 4790 1143 4843 Deum
1190 4789 1420 4844 addecet
1454 4790 1626 4860 gloria
1673 4791 1725 4843 in
1765 4790 1962 4843 smeula
2003 4790 2353 4843 smeulormn.
2379 4789 2573 4841 Amen.

740 4900 955 4951 ΛΟΓΟΣ
982 4901 1111 4952 ιιιῖν.
1344 4971 1349 4976 ν

2237 4900 2277 4967 l
2293 4900 2447 4967 100
2485 4897 2766 4952 llOlllLlA
2808 4899 2967 4954 XLV.

564 5014 701 5079 Περὶ
754 5015 1293 5081 demiramur}qu

1812 5012 1888 5065 De
1916 5013 2088 5082 specie
2114 5012 2389 5081 superbire,
2430 5027 2534 5079 qua
2567 5014 2683 5082 quis
2727 5013 2790 5063 de
2834 5028 2889 5064 se
2934 5028 3095 5080 quam
3144 5012 3210 5064 sit
3256 5028 3377 5078 par,

426 5128 429 5131 λ
2381 5083 2539 5133 sentit
2579 5082 2802 5136 altiora.

215 5190 275 5241 Ὀ
306 5186 637 5256 ὑψηλόφρων
666 5186 851 5254 ἕτερος
889 5186 988 5253 μέν
1021 5187 1169 5238 ἐστιν
1190 5186 1285 5237 τοῦ
1330 5187 1709 5256 ὑπερηφάνου·

132 5280 523 5351 παρήλλακται
560 5277 615 5330 δὲ
651 5277 783 5345 πρὸς
813 5277 903 5328 τὸν
934 5277 1228 5340 κενόδοξον.
1277 5277 1425 5339 Ἐνὸς
1460 5280 1565 5346 γὰρ
1596 5279 1708 5330 631v-

129 5373 261 5441 ὅρου
295 5369 479 5423 κλάδοι
510 5370 666 5431 εἰσιν,
688 5370 717 5421 ὁ
745 5368 801 5421 δὲ
821 5368 1029 5438 καρπὸς
1059 5368 1457 5438 ἐνηλλαγμένας
1488 5384 1500 5398 ·
1541 5371 1568 5422 ὁ
1606 5369 1702 5437 μὲν

128 5465 207 5532 τῷ
236 5464 419 5516 δοκεῖν
447 5460 721 5530 κεκυφὼς,
760 5462 787 5513 ὀ
820 5461 875 5513 δὲ
910 5460 1367 5529 μετεωρόκλαδος.
1405 5461 1513 5513 Καὶ
1540 5462 1567 5512 ὁ
1603 5461 1702 5529 μὲν

134 5551 555 5615 πιστακοκενὸς,
617 5554 645 5604 ὁ
700 5551 758 5604 δὲ
810 5552 1222 5621 καρυόκουφος’
1289 5552 1588 5623 ἀμφότεροι
1648 5552 1703 5607 δὲ

1877 5192 1979 5259 Qui
2004 5194 2072 5248 de
2101 5210 2179 5257 se,
2220 5211 2382 5262 quam
2411 5211 2628 5263 aequum
2663 5196 2757 5259 sit,
2790 5195 2955 5249 sentit
2979 5195 3195 5258 altiora,
3226 5211 3381 5249 coni-

1807 5282 1933 5351 plex
1985 5283 2173 5353 utique
2221 5286 2447 5353 superbi
2493 5296 2597 5345 est,
2645 5294 2703 5339 et
2738 5286 2935 5340 eodem
2964 5287 3261 5354 conspirat.
3298 5287 3376 5340 Ad

1807 5374 2170 5444 vaniglorium
2237 5385 2419 5429 tamen
2477 5377 2711 5430 collatus
2763 5377 3013 5430 nonnihil
3062 5377 3273 5430 evariat
3323 5389 3381 5434 et

1808 5464 1925 5517 abit
1955 5465 2228 5519 diversus.
2258 5467 2323 5521 Et
2346 5467 2566 5535 quidem
2619 5469 2784 5522 unius
2829 5470 3044 5523 arboris
3083 5485 3207 5523 cum
3268 5471 3379 5524 sint

1812 5556 1970 5619 rami,
1999 5556 2215 5610 fruetus
2250 5559 2572 5626 utriusque,
2628 5560 2833 5614 habent
2873 5561 3226 5615 discerniculi
3277 5562 3377 5615 ali-

216 5710 265 5741 ⁸³
304 5709 425 5785 Δ1εὲ.
459 5724 520 5785 ιι,
553 5708 666 5785 12.“
744 5709 963 5785 ιχιξξεδι.
992 5708 1273 5785 t._xxn,_1t_i.
1385 5711 1429 5742 "
1464 5709 1706 5785 ibid._19

1812 5714 1879 5785 ξε
1909 5712 2051 5785 I_-‘_sal.
2099 5730 2284 5777 1.xxm,
2317 5716 2403 5767 2'5.
2506 5716 2549 5746 "’
2589 5716 2723 5769 ibid.
2765 5717 2819 5771 ζ’).
2929 5718 2973 5749 ⁸³
3006 5718 3143 5772 Psal.
3179 5734 3366 5785 cum,

133 5780 221 5834 78.
253 5849 270 5852 _
304 5780 346 5810 "
380 5779 526 5852 Psal.
562 5793 611 5832 c.
636 5778 688 5831 5.
761 5781 808 5852 ξ’
842 5778 982 5852 ibid.
1147 5780 1190 5810 “
1226 5779 1383 5852 Prov.
1419 5796 1533 5852 vni,
1577 5780 1663 5833 15.
1740 5782 1785 5812 ⁶¹
1812 5782 1978 5836 Eeeli.
2007 5800 2084 5843 Ill.
2119 5786 2207 5837 20.
2287 5785 2332 5815 ⁸³
2359 5785 2522 5839 l'Iecli.
2553 5803 2605 5849 κ,
2633 5788 2721 5839 ‘29.
2799 5788 2844 5817 “
2873 5788 3004 5841 ibid.
3039 5790 3089 5841 7.
3169 5789 3215 5818 "
3245 5778 3368 5852 Jac.

133 5862 205 5911 Iv,
242 5849 297 5902 6.
377 5850 422 5879 ⁵⁸
447 5848 467 5901 1
496 5848 637 5901 l’etr.
671 5864 722 5913 v,
753 5848 804 5902 6.
881 5849 922 5881 '"
966 5849 1136 5903 lCor.
1168 5865 1256 5913 xv,
1284 5849 1367 5902 10.
1447 5850 1490 5881 "
1516 5850 1672 5904 Rom.
1716 5867 1788 5918 ix,
1824 5853 1907 5905 16.
1986 5854 2204 5909 "Joan.
2234 5870 2319 5916 xv,
2353 5855 2404 5909 5.
2487 5856 2529 5885 ⁷ο
2553 5856 2685 5910 Luc.
2718 5872 2771 5916 ι.
2808 5858 2891 5921 18,
2931 5858 3016 5911 19.
