4178 6436
803 396 946 461 1575

2067 393 2432 454 ANTIOCHI
2475 393 2812 452 MONACIII

3935 393 4071 460 1575

798 508 956 579 quid.
983 505 1116 559 Nam
1146 501 1258 566 hic,
1283 513 1346 558 ut
1370 519 1438 557 ne
1468 502 1738 566 videatur,
1772 503 2077 572 propendet
2107 505 2160 556 iu
2187 513 2384 556 terram

2491 504 2775 572 ἄχρηστοι.
2814 506 2876 556 Ol
2909 505 2964 556 δὲ
2992 504 3278 574 μισοῦντες
3299 507 3396 570 τὰς
3426 506 3602 576 ψυχὰς
3627 505 3786 575 ἡμῶν
3811 508 4069 578 δαίμονες

799 597 1074 660 declivis;
1119 596 1212 648 ille
1250 611 1382 647 vero
1409 611 1561 647 vana:
1587 593 1775 662 gloriae
1837 610 2020 646 ranms
2075 594 2128 645 in
2178 594 2380 646 cwlum

801 705 975 758 usque
1007 697 1342 757 prospectat.
1373 685 1494 748 llic,
1527 685 1689 738 fidem
1743 694 1800 737 ut
1835 684 2152 738 conuuodet
2203 685 2381 746 vanis,

799 783 938 835 mire
989 781 1168 834 alacer
1202 793 1266 832 ac
1318 777 1629 842 credulus;
1693 779 1806 842 ille,
1877 777 1943 829 ad
2010 777 2383 830 consectanda

800 875 939 944 gula:
993 872 1338 924 irritamenta
1391 871 1552 939 agilis
1589 870 1887 922 admodum
1923 879 1979 922 et
2001 878 2381 937 cxpromptus.

799 966 895 1019 Vis
924 964 1149 1016 dicam?
1181 964 1348 1016 l'lanc
1388 961 1591 1028 infrugi
1630 961 1719 1012 isti
1768 962 1982 1013 fructus
2032 970 2089 1013 et
2137 959 2381 1011 inutiles.

800 1056 902 1120 Qui
927 1055 1074 1107 enim
1103 1054 1318 1106 animas
1348 1063 1566 1104 nostras
1596 1051 1809 1104 infense
1833 1051 2384 1111 oderuutdmruoncs,

801 1146 1136 1214 quibusdam
1206 1144 1561 1196 insusurrant
1604 1159 1669 1195 ac
1705 1150 2028 1211 suggerunt,
2067 1142 2224 1210 quasi
2260 1157 2383 1209 gra-

803 1239 928 1291 tuiti
979 1237 1230 1290 beneficii
1277 1237 1397 1288 loco
1448 1234 1609 1286 nobis
1651 1249 1772 1287 eam
1819 1234 2169 1286 instillentet
2200 1235 2387 1285 confe-

803 1341 923 1384 rant
994 1330 1164 1382 animi
1220 1328 1579 1380 inflationem.
1641 1325 1846 1379 Deinde
1898 1335 1957 1378 ut
2009 1327 2384 1389 indulgentius

801 1425 966 1476 solito
993 1439 1093 1476 nos
1146 1423 1296 1489 ipsos
1345 1421 1613 1480 laxemus,
1670 1419 2062 1470 adhortantur.
2126 1419 2283 1482 Quod
2339 1418 2382 1470 si

800 1517 985 1568 animo
1025 1512 1359 1583 pr:cmolliti,
1386 1512 1567 1562 locum
1615 1511 1950 1562 cesserimus
1990 1511 2169 1562 stulte
2203 1509 2293 1561 isti
2317 1508 2384 1561 de

801 1607 961 1660 nobis
988 1601 1383 1659 existimationi
1417 1619 1430 1665 ;
1479 1599 1616 1652 nihil
1652 1611 1737 1653 est
1776 1599 1921 1667 quod
1958 1599 2224 1666 deinceps
2278 1598 2382 1650 ini-

801 1699 929 1750 inici
983 1696 1237 1748 laborent
1290 1703 1348 1745 ut
1401 1706 1499 1743 nos
1543 1691 1596 1742 in
1648 1690 2023 1758 captivitatem
2081 1691 2382 1744 abducant.

801 1787 1207 1843 Providendum
1239 1785 1405 1853 igitur
1445 1797 1512 1834 ne
1559 1781 1640 1833 vel
1677 1791 1924 1850 tempore
1969 1781 2238 1833 orationis
2290 1797 2384 1833 no-

2491 600 2836 653 ὐποτίθενταί
2876 619 3021 653 τισιν
3045 601 3185 653 ὥστε
3213 606 3333 654 τινα
3371 603 3638 669 φυσίωσιν
3675 605 3804 670 ἡμῖν
3838 608 4071 672 χαρίσα-

2491 692 2614 744 σοαι
2648 709 2661 721 ·
2706 689 2822 744 εἶτα
2873 694 3010 764 πρὸς
3052 694 3258 762 ταύτην
3291 696 3438 763 ἡμᾶς
3482 695 3798 764 διαλυῢῆναι
3835 699 4070 766 προτρέ-

2492 800 2705 838 πουσιν.
2761 785 2886 838 Ἐὰν
2934 787 3116 838 τοίνυν
3165 786 3530 855 χαυνωθέντες
3560 791 3623 856 τῇ
3658 789 3851 856 οἰήσει,
3883 790 4069 856 δὼμῑν

2490 875 2654 925 τόπον
2687 878 2751 944 τῇ
2806 875 3252 944 ὑψηλοφροσύνῃ,
3311 877 3369 927 οὐ
3437 877 3740 944 κὰμκοοτιν
3803 878 4068 931 λοιτὶινοί

2492 967 2678 1034 ἐχθροὶ
2706 968 2860 1035 ἡμῶν
2895 968 3296 1035 αἰχμαλωτίσαι
3327 971 3494 1037 ἡμᾶς.
3537 969 3624 1038 Μὴ
3651 969 3744 1022 οὖν
3774 970 4068 1036 γε-ιιςιμειρα

2490 1058 2817 1127 δοξοχαρεῖς,
2861 1061 2956 1111 καὶ
2999 1061 3387 1129 ὒνᾷηλὸςαρονες,
3432 1061 3518 1112 ἴνα
3563 1061 3636 1129 μὴ
3680 1062 3740 1112 οὗ
3786 1061 3950 1121 μόνον
3977 1064 4068 1112 ἐπὶ

2491 1150 2584 1202 τοῦ
2619 1152 2810 1213 νώτου,
2844 1152 2980 1204 ἀλλὰ
3019 1155 3111 1204 καὶ
3146 1153 3202 1204 ὲν
3237 1151 3314 1220 τῷ
3345 1151 3622 1220 προσώπῳ
3654 1153 3813 1220 ἡμῶν
3847 1153 4066 1204 τεκταί-

2491 1259 2652 1294 νωσιν
2675 1243 2723 1294 οἱ
2747 1244 3080 1312 ἁμαρτωλοὶ,
3111 1244 3206 1295 καὶ
3235 1241 3524 1311 γενώμεθα
3561 1243 3847 1311 ἐπίχαρμα
3884 1244 4068 1305 αὐτοῖς

2493 1335 2632 1385 κατὰ
2671 1334 2762 1385 τὸν
2805 1334 2993 1400 καιρὸν
3033 1335 3129 1401 τῆς
3171 1333 3498 1403 προσευχῆς,
3554 1333 3923 1401 ὲξελκὸμενοι,
3975 1336 4067 1384 καὶ

2491 1423 2866 1490 δελεαζόμενοι
2907 1423 2999 1474 ὑπ’
3058 1423 3237 1476 αὐτῶν
3285 1426 3341 1476 ἐν
3382 1424 3659 1491 λογισμοῖς
3703 1425 4017 1484 ἀλλοκότοις
4053 1442 4064 1451 ·

2493 1514 2674 1576 καθὼς
2732 1516 2827 1567 καὶ
2882 1517 2910 1567 ὁ
2958 1515 3370 1583 Παροιμιαστὴς
3415 1516 3653 1566 διδὰςκει
3690 1517 3842 1582 ἡμᾶς
3873 1532 3886 1542 ο
3929 1533 3947 1564 ι
3980 1516 4070 1582 Μὴ

2493 1603 2875 1674 ὖψηλοφρόνει,
2905 1607 3092 1672 φησὶν,
3121 1604 3216 1657 καὶ
3246 1604 3320 1673 μὴ
3355 1605 3504 1671 γίνου
3531 1606 3737 1667 δίκαιος
3766 1605 3927 1667 πολὺ,
3977 1608 4070 1656 καὶ

2494 1694 2568 1762 μὴ
2600 1694 2820 1761 σοφίζου
2861 1697 3115 1765 περισσὰ,
3164 1698 3376 1765 μήποτε
3416 1696 3687 1767 ἐκκλίνῃς.
3738 1699 3848 1749 Καί
3877 1714 3890 1728 °
3951 1719 3967 1747 ι
4010 1699 4069 1750 '0

2493 1783 2694 1850 ὑψηλὸν
2740 1785 2908 1836 ποιῶν
2954 1785 3045 1836 τὸν
3093 1785 3287 1838 ἑαυτοῦ
3329 1781 3500 1849 οἷκον,
3537 1785 3692 1854 ζητεῖ
3721 1788 4020 1856 συντριῦἠν
4052 1804 4064 1814 ·

801 1881 1048 1950 διταξίρςί
1079 1879 1421 1932 occasionem
1445 1876 1607 1928 ullam
1646 1873 1948 1928 insultaudi
1986 1873 2147 1930 nobis
2177 1872 2380 1926 demus

2487 1875 2511 1923 ὁ
2540 1872 2596 1923 δὲ
2635 1873 2936 1935 σκολιάζων
2963 1875 3059 1927 τοῦ
3107 1875 3322 1945 μαθεῖν,
3367 1879 3690 1945 ἐμπεσεῖται
3721 1880 3800 1938 είς
3836 1881 4003 1930 κακά.
4046 1899 4062 1928 ι

803 1971 1029 2024 inimico
1079 1986 1092 2021 :
1137 1968 1282 2036 quod
1329 1968 1386 2021 fit
1425 1969 1555 2020 dum
1584 1968 1926 2020 extrahimur
1962 1976 2166 2027 mente,
2195 1975 2250 2019 et
2282 1982 2380 2034 per

800 2079 992 2118 eorum
1047 2064 1453 2130 suggestionem
1493 2060 1746 2113 absurdis
1771 2074 2025 2127 prorsum
2059 2059 2382 2112 et‘exteruis

803 2150 1119 2204 inescamur
1142 2148 1591 2216 cogitationibus,
1612 2147 2073 2216 quemadmodum
2093 2146 2254 2200 docet
2279 2147 2380 2199 l’a-

801 2241 1142 2295 raemiastes:
1193 2258 1210 2288 ι
1248 2239 1366 2292 Noli
1414 2240 1586 2292 altum
1639 2254 1856 2305 sapere,
1891 2246 1947 2290 et
1988 2254 2055 2291 ne
2099 2239 2174 2290 sis
2204 2239 2382 2305 justus

801 2332 1033 2384 inultum
1062 2346 1076 2393 ;
1108 2338 1163 2381 et
1193 2343 1260 2380 ne
1291 2329 1473 2397 sapias
1520 2329 1819 2395 superllua,
1878 2343 1944 2379 ne
2007 2327 2146 2378 forte
2200 2326 2378 2378 decli-

803 2438 900 2475 nes
944 2422 1010 2472 ⁷¹.
1054 2439 1070 2470 ι
1133 2421 1246 2472 lit:
1295 2440 1312 2470 ι
1347 2421 1523 2472 Altam
1578 2418 1670 2487 qui
1735 2418 1869 2472 facit
1923 2419 2145 2471 domum
2201 2433 2377 2479 suam,

801 2513 1002 2584 quaerit
1035 2512 1424 2566 contritioucm
1459 2510 1591 2578 ;qui
1620 2519 1805 2564 autem
1833 2509 2018 2562 renuit
2039 2508 2274 2569 discere,
2303 2508 2381 2559 in-

803 2607 952 2660 cidet
987 2606 1040 2658 in
1067 2605 1206 2657 mala
1229 2606 1296 2654 ".
1329 2623 1347 2652 ι
1398 2605 1636 2656 llursum
1665 2619 1677 2654 :
1720 2621 1739 2653 ι
1776 2601 2097 2655 lmmundus
2130 2609 2213 2653 est
2238 2599 2380 2668 apud

803 2699 1097 2753 Dominum
1128 2695 1308 2748 omnis
1328 2695 1421 2763 qui
1460 2695 1569 2746 alto
1615 2703 1702 2746 est
1730 2692 1895 2746 corde
1951 2693 2015 2744 ⁷³.
2052 2711 2068 2741 ι
2130 2693 2330 2745 lterum
2364 2708 2376 2742 :

808 2813 826 2842 ι
863 2792 938 2845 Ne
965 2790 1240 2858 gloriosus
1267 2803 1534 2856 appareas
1571 2801 1756 2838 coram
1815 2800 1963 2852 rege,
2017 2793 2074 2836 et
2130 2784 2184 2836 in
2249 2782 2383 2836 locis

803 2882 1117 2952 principum
1141 2895 1207 2933 ue
1233 2880 1490 2942 steteris;
1516 2878 1713 2931 melius
1738 2876 1886 2928 enim
1914 2886 1972 2928 ut
1998 2875 2215 2928 dicatur
2248 2875 2378 2927 tibi:

803 2972 1049 3027 Ascende
1079 2971 1146 3024 ad
1181 2986 1286 3031 me,
1314 2985 1478 3037 quam
1513 2978 1571 3020 ut
1604 2968 1859 3021 humiliet
1891 2974 1941 3020 te
1970 2981 2151 3019 coram
2182 2967 2385 3033 princi-

804 3065 970 3134 pibus
994 3065 1062 3118 ⁷⁸.
1107 3083 1123 3113 ι
1158 3063 1313 3116 Alius
1341 3080 1354 3113 :
1397 3082 1414 3111 ι
1443 3061 1520 3114 Ne
1548 3059 1862 3130 gloriemini
1893 3068 1950 3112 et
1983 3076 2050 3111 ne
2081 3058 2380 3126 loquamini

2485 1963 2590 2013 Kal.
2655 1966 2818 2016 πάλιν
2846 1981 2860 1994 °
2917 1986 2935 2017 ι
2987 1967 3321 2038 ’ΛκάΘαρτος
3349 1970 3499 2038 παρὰ
3526 1971 3728 2039 Κυρίου
3764 1973 3876 2030 πᾶς
3928 1974 4067 2041 ὑψηο

2484 2053 2785 2124 λοκάρδιος.
2825 2075 2842 2106 ι
2885 2060 2993 2109 Καὶ
3031 2055 3186 2122 αὖθις
3220 2076 3234 2090 ⁸
3287 2078 3304 2110 ι
3335 2063 3424 2130 Μὴ
3461 2062 3788 2123 ἀλαζονευου
3835 2064 4067 2115 ἐνώπιον

2485 2145 2772 2213 βασιλέως,
2826 2153 2921 2200 καὶ
2964 2151 3020 2200 ἐν
3080 2154 3266 2211 τόποις
3316 2152 3596 2204 δυναστῶν
3653 2155 3728 2222 μή
3781 2157 4066 2220 ὲνέίστασο.

2485 2244 2748 2308 Κρείσσον
2782 2243 2890 2311 γάρ
2930 2258 3012 2292 σοι
3040 2243 3291 2311 ῥηθῆναι,
3327 2245 3585 2313 Ἀνάϐηοι
3617 2247 3752 2314 πρός
3784 2263 3876 2314 με,
3900 2248 3934 2315 ἢ
3971 2265 4066 2299 τα-

2484 2333 2749 2384 πεινῶσαξ
2779 2349 2835 2383 σε
2864 2332 3095 2384 ἐνώπιον
3127 2333 3421 2386 δυναστῶν.
3462 2353 3479 2382 ι
3515 2336 3621 2386 Καὶ
3668 2336 3828 2396 ἄλλος
3866 2350 3878 2360 ·
3927 2355 3946 2385 ι
3983 2337 4067 2404 Μὴ

2485 2428 2783 2494 καυχᾶσθε,
2821 2427 2914 2476 καὶ
2948 2427 3022 2494 μὴ
3044 2426 3252 2476 λαλεῖτε
3286 2426 3462 2494 ὑψηλὰ
3496 2430 3575 2490 είς
3607 2428 3904 2496 ὑπεροχὴν,
3935 2428 4067 2495 μηδὲ

2483 2517 2746 2582 ἐξελθέτω
2790 2517 3279 2586 μεγαλορημοσυνη
3317 2521 3378 2570 ὲκ
3406 2518 3500 2569 τοῦ
3533 2519 3799 2587 στόματος
3834 2521 4010 2587 ὑμῶν.
4044 2537 4058 2569 ι

2485 2608 2592 2659 Καὶ
2615 2609 2642 2659 δ
2679 2607 2888 2670 Παῦλος
2919 2610 3170 2678 Τιμοθέῳ
3211 2609 3374 2676 φησίν
3409 2627 3422 2640 ⁸
3473 2629 3488 2659 ι
3529 2611 3653 2670 Τοῖς
3689 2610 3974 2670 πλουσίοις
4013 2613 4065 2662 ἐν

2482 2699 2559 2767 τῷ
2578 2698 2672 2750 νῦν
2694 2699 2848 2751 αἰῶνι
2872 2701 3222 2769 παράγγελλε
3255 2703 3328 2770 μὴ
3359 2700 3771 2770 ὑψηλοφρονεῖν,
3802 2702 3943 2770 μηδὲ
3969 2703 4064 2768 ἠλ-

2485 2798 2706 2849 πικέναι
2735 2800 2826 2850 ἐπὶ
2855 2798 3086 2851 πλούτου
3120 2799 3430 2867 ἀδηλότητι,
3458 2799 3572 2851 ἀλλ’
3591 2802 3684 2852 ἐπὶ
3713 2799 3790 2868 τῷ
3822 2798 3969 2865 Θεῷ,
3989 2799 4063 2866 τῷ

2485 2884 2781 2950 παρέχοντι
2850 2887 3030 2938 πάντα
3080 2887 3210 2954 ἡμῖν
3247 2886 3537 2947 πλουσίως.
3574 2904 3591 2933 ι
3644 2887 3752 2937 Καὶ
3781 2884 4018 2953 ἑτέρωθι
4048 2901 4062 2916 ·

2491 2993 2508 3025 ι
2554 2975 2819 3041 Ἀδελφοὶ,
2860 2977 2934 3044 μὴ
2969 2977 3034 3027 τὰ
3067 2977 3248 3046 ὑψηλὰ
3284 2977 3624 3046 φρονοῦντες,
3658 2977 3794 3027 ἀλλὰ
3819 2978 3935 3036 τοῖς
3977 2994 4066 3028 τα-

2487 3068 2691 3117 πεινοῖ;
2722 3067 3175 3135 συνεπαγόμενοι.
3213 3087 3230 3119 ι
3271 3069 3382 3119 Καὶ
3431 3068 3726 3136 Ῥωμαίοις
3760 3083 3773 3096 ·
3821 3086 3841 3118 ι
3889 3070 4065 3139 Ἐρεῖς

804 3156 1062 3210 sublimia
1099 3155 1165 3207 ad
1203 3153 1425 3214 fastum,
1473 3167 1652 3220 neque
1690 3151 2010 3220 egrediatur
2043 3150 2273 3202 verbum
2304 3150 2376 3217 ja-

2489 3156 2582 3208 οὖν
2613 3173 2724 3224 μο;,
2769 3156 3202 3225 Ἐξεκλάσθησαν
3232 3157 3440 3221 κλάδοι,
3490 3160 3579 3210 ἶνα
3621 3158 3732 3226 ἑγὼ
3780 3162 4066 3229 ἐγκεντρι-

805 3248 1026 3304 οιαιιιὶω
1053 3247 1121 3300 de
1145 3262 1242 3300 ore
1274 3254 1480 3298 vestro.
1521 3263 1540 3295 ι
1577 3244 1780 3296 Paulus
1823 3258 2044 3310 quoque
2092 3242 2382 3293 Timotheo

2488 3249 2618 3300 σΟῶ.
2662 3248 2877 3313 Καλῶς,
2908 3251 2971 3318 τῇ
3011 3250 3241 3318 ἀπιστίᾳ
3279 3250 3686 3318 ἐξεκλάσθησαν
3719 3267 3734 3282 ·

804 3339 925 3393 ait:
965 3358 982 3390 ι
1016 3336 1261 3391 Dominis
1292 3336 1456 3404 hujus
1495 3334 1680 3386 szeeuli
1731 3332 1964 3401 prwcipe
1997 3348 2105 3384 non
2150 3332 2384 3386 sublime

805 3447 1021 3500 sapere,
1057 3445 1233 3496 neque
1257 3441 1478 3496 Sperarc
1505 3426 1557 3478 in
1591 3426 1801 3478 incerto
1829 3424 2170 3486 divitiarum,
2205 3423 2298 3475 sed
2332 3423 2382 3474 iu

805 3520 918 3574 Deo
942 3520 1035 3588 qui
1071 3524 1291 3587 pnestat
1316 3517 1369 3568 in
1395 3515 1557 3568 nobis
1583 3513 1766 3566 omnia
1789 3513 2009 3566 abunde
2042 3513 2104 3561 ⁷⁵.
2152 3532 2168 3561 ι
2203 3513 2384 3566 Alibi:

811 3631 828 3661 ι
870 3609 1114 3669 Fratres,
1158 3621 1266 3660 non
1313 3606 1420 3658 alta
1468 3605 1770 3671 sapientes,
1798 3602 1893 3655 sed
1929 3600 2228 3654 lunuilibus
2253 3617 2385 3654 cou-

805 3699 1196 3756 sentientcs".
1232 3716 1250 3748 ι
1296 3697 1558 3750 Romanis
1589 3696 1717 3748 item
1755 3712 1767 3746 :
1803 3714 1820 3743 ι
1858 3694 1999 3746 Dicis
2031 3709 2162 3763 ergo
2195 3693 2326 3747 mihi
2367 3712 2381 3747 :

807 3789 986 3846 Fracti
1043 3797 1172 3843 sunt
1232 3786 1370 3840 rami
1411 3796 1470 3838 ut
1516 3802 1618 3853 ego
1679 3785 1912 3836 inserar.
1968 3784 2112 3836 Belle
2184 3802 2197 3836 :
2262 3800 2385 3853 pro-

805 3893 930 3954 pter
956 3880 1398 3936 incredulitatem
1428 3877 1584 3930 fracti
1611 3886 1777 3939 sunt,
1807 3885 1862 3929 tu
1895 3887 2076 3930 autem
2113 3876 2218 3930 fide
2249 3886 2383 3942 stas,

805 3972 919 4027 noli
951 3971 1119 4026 altqu
1151 3985 1367 4037 sapere,
1404 3967 1501 4021 sed
1540 3968 1666 4019 time
1697 3985 1710 4027 ;
1751 3967 1796 4019 si
1821 3967 1964 4019 enim
1993 3967 2136 4020 Deus
2162 3977 2384 4021 natura-

805 4064 954 4118 libus
972 4061 1139 4115 ramis
1157 4076 1266 4114 non
1287 4059 1642 4128 pepercit,ne
1658 4059 1796 4112 forte
1815 4075 1916 4112 nec
1946 4059 2039 4112 tibi
2073 4067 2259 4127 parcat
2279 4061 2378 4112 ⁷⁷.»

804 4155 916 4209 Nos
949 4154 1117 4223 igitur
1151 4151 1444 4207 sinceriter
1482 4165 1545 4202 ea
1605 4151 1720 4218 ipsa
1781 4165 1902 4219 quae
1944 4165 2108 4218 opere
2156 4150 2387 4219 perfecit

805 4245 978 4308 David
1009 4285 1023 4308 ,
1062 4245 1259 4297 melico
1286 4251 1558 4296 concentu
1606 4241 2030 4295 emodulemur:
2077 4259 2094 4290 ι
2135 4242 2384 4306 Domine,

3787 3256 3853 3304 συ
3898 3252 3956 3304 δὲ
4003 3256 4062 3320 τῇ

2485 3340 2663 3390 πίστει
2705 3339 2941 3406 ἕστηκας
2976 3355 2990 3369 ·
3039 3339 3113 3408 μή
3151 3339 3553 3407 ὑψηλοφρόνει,
3604 3340 3741 3392 ἀλλὰ
3771 3340 3969 3406 φοῦοὖ.
4009 3343 4066 3392 Η,

2483 3426 2590 3494 γὰρ
2620 3427 2647 3476 ὁ
2677 3425 2810 3485 Θεὸς
2851 3424 2961 3477 τῶν
3001 3425 3144 3477 κατά
3193 3425 3354 3491 φύσιν
3399 3425 3608 3478 κλάδων
3645 3427 3743 3478 οὐκ
3781 3428 4062 3494 ἐφείσατο,

2486 3522 2559 3584 μή
2591 3533 2703 3576 πως
2731 3516 2852 3567 οὐδὲ
2896 3516 2988 3568 σοῦ
3044 3516 3314 3583 φείσεται.
3349 3535 3368 3567 ι
3430 3517 3620 3586 ἹΙμεῖς
3657 3513 3750 3570 οὖν
3796 3519 3938 3586 μετὰ
3975 3519 4063 3570 τοῦ

2482 3604 2646 3657 Δαυῒδ
2694 3605 3130 3675 διαπράξωμεν,
3187 3606 3498 3674 εἰλικρινῶς
3552 3608 3688 3677 μετὰ
3749 3609 3846 3660 τοῦ
3900 3609 4064 3661 Δαυῖδ

2482 3695 2776 3762 ψάλλωμεν
2806 3711 2820 3725 ο
2856 3713 2876 3744 ι
2910 3696 3104 3764 Κύριε,
3142 3695 3238 3764 οὐχ
3269 3696 3457 3766 ὑψώθη
3497 3699 3530 3767 ἠ
3556 3698 3751 3768 καρδία
3785 3716 3916 3766 μου,
3946 3700 4062 3751 obit

2483 3786 2792 3856 ἐπορεύθην
2843 3789 2901 3839 ὲν
2956 3789 3235 3856 μεγαλοις,
3291 3788 3414 3840 οὐδὲ
3461 3789 3518 3841 ὲν
3558 3789 3882 3858 θαυμασίοις
3923 3791 4062 3858 ὑπὲρ

2483 3875 2582 3944 ἐμέ
2613 3891 2626 3903 ο
2659 3873 2777 3926 ἀλλ’
2807 3875 3289 3945 ἑταπεινοφρὸνουν
3321 3875 3397 3935 ὡς
3429 3877 3489 3927 τὸ
3515 3878 4061 3947 ἀπογεγαλακτισμέ-

2486 3983 2575 4018 νον
2611 3967 2704 4019 ἐπὶ
2741 3964 2839 4034 τὴν
2885 3969 3099 4036 μητέρα
3141 3967 3328 4022 αὐτοῦ.
3371 3986 3389 4019 ι
3455 3968 3724 4032 Ὡσαύτως
3767 3971 3864 4024 καὶ
3924 3973 4058 4038 μετὰ

2487 4057 2596 4110 τῶν
2621 4057 2788 4128 τριῶν
2811 4058 3017 4111 παίδων
3043 4073 3058 4088 ο
3103 4078 3121 4110 ι
3152 4059 3296 4124 Ὅτι,
3319 4061 3584 4122 Δέσποτα,
3611 4060 4058 4132 ἐσμικρυνθημεν

2489 4151 2641 4220 παρὰ
2664 4149 2841 4203 πάντα
2868 4148 2938 4201 τὰ
2959 4149 3108 4219 ἔθνη,
3139 4150 3233 4203 καί
3264 4150 3429 4219 ἐσμὲν
3458 4154 3704 4204 ταπεινοὶ
3723 4153 3784 4204 ὲν
3808 4159 3965 4225 πασῃ
3997 4157 4056 4222 τῇ

2490 4245 2560 4312 γῇ
2591 4242 2854 4311 σήμερον,
2879 4240 2965 4293 διὰ
2981 4241 3077 4302 τὰς
3102 4242 3377 4310 ἁμαρτίας
3399 4243 3576 4310 ήμῶν.
3615 4263 3635 4296 ι

807 4355 921 4394 non
955 4349 1041 4393 est
1061 4338 1362 4390 exaltatum
1387 4351 1483 4388 eor
1510 4351 1714 4399 meum,
1742 4352 1920 4404 neque
1944 4336 2072 4389 elati
2097 4337 2390 4390 suntoculi
2425 4338 2532 4390 mei
2565 4353 2580 4400 ;
2617 4351 2798 4406 neque
2823 4335 3098 4390 ambulavi
3153 4337 3208 4391 iu
3234 4341 3466 4410 magnis,
3499 4356 3678 4410 neque
3713 4342 3769 4395 in
3835 4344 4053 4397 mirabi-

807 4434 953 4486 libus
976 4447 1145 4498 super
1169 4445 1274 4490 me,
1301 4429 1395 4482 sed
1425 4427 1715 4481 humiliter
1771 4427 2100 4491 sentiebam,
2163 4427 2303 4480 sicut
2325 4428 2630 4483 ablactatus
2660 4444 2827 4497 super
2851 4436 3080 4482 matrem
3112 4445 3265 4483 suam
3289 4429 3356 4483 ⁷⁸.
3387 4451 3404 4482 ι
3429 4432 3781 4486 Consimilem
3817 4435 3872 4487 in
3943 4451 4052 4488 mo-

807 4528 938 4581 dum
1020 4540 1144 4578 cum
1202 4523 1380 4575 tribus
1431 4523 1541 4576 illis
1598 4522 1826 4590 pueris:
1886 4541 1903 4569 ι
1977 4521 2150 4585 Quia,
2196 4521 2445 4582 Domine,
2490 4522 2766 4575 imminuti
2812 4535 3005 4575 sumus
3061 4536 3228 4590 super
3271 4537 3464 4578 omnes
3519 4532 3730 4594 gentes,
3770 4537 3829 4580 et
3871 4543 4052 4581 sumus

805 4618 1043 4675 humiles
1071 4615 1234 4670 hodie
1260 4623 1484 4683 propter
1516 4624 1737 4683 peccata
1759 4625 1943 4668 nostra
1973 4615 2038 4665 "’.
2075 4633 2091 4664 ι

882 4709 1090 4777 1101
1124 4725 1142 4756 ι
1173 4705 1308 4770 Quis
1329 4706 1477 4758 enim
1529 4706 1855 4776 gloriabitur
1909 4706 2173 4759 mundum
2202 4721 2259 4760 se
2295 4705 2383 4757 ha-
2418 4707 2458 4760 D

806 4800 941 4855 bere
985 4796 1263 4851 cor?Aut
1315 4796 1439 4863 quis
1493 4795 1850 4863 profitebitur
1908 4811 2102 4864 purum
2153 4810 2211 4848 se
2268 4809 2386 4847 esse

809 4905 838 4942 a
872 4887 1112 4958 peccatis
1136 4882 1216 4937 '°?
1243 4884 1299 4937 Si
1328 4885 1473 4935 cuitu
1513 4884 1828 4952 iniquitates
1857 4883 2252 4942 observaveris,
2285 4882 2388 4932 Do-

811 4980 980 5038 mine,
1011 4976 1260 5037 Domiuc,
1296 4975 1419 5043 quis
1461 4975 1757 5027 sustinebit
1785 4975 1807 5026 ?
1837 4975 1962 5041 quia
1999 4972 2140 5041 apud
2187 4980 2236 5024 te
2262 4985 2387 5038 pro-

811 5069 1021 5139 pitiatio
1045 5076 1126 5119 est
1155 5069 1220 5117 “‘.
1252 5087 1268 5115 ι
1309 5067 1379 5120 Ut
1409 5066 1550 5119 haue
1585 5067 1742 5134 plane
1767 5066 2013 5119 melicam
2045 5064 2383 5116 harmoniam

809 5163 1118 5215 recinentes
1162 5158 1326 5211 corde
1372 5158 1608 5219 sincero,
1654 5159 1721 5210 ab
1763 5159 1881 5226 ipso
1923 5159 2153 5210 Domino
2194 5153 2384 5207 audire

812 5265 1221 5322 promereamur
1259 5266 1269 5299 :
1314 5267 1328 5295 ι
1357 5247 1459 5313 Qui
1501 5264 1560 5300 se
1593 5248 1865 5310 humiliat,
1892 5247 2218 5300 exaltabitur
2241 5246 2283 5274 ‘“
2310 5263 2321 5296 :
2360 5262 2378 5293 ι

811 5353 859 5396 ct
899 5344 989 5410 qui
1023 5341 1088 5394 de
1112 5355 1168 5392 se
1199 5355 1361 5406 quam
1384 5355 1481 5406 par
1511 5339 1600 5400 sit,
1642 5339 1933 5392 sublimius
1984 5337 2188 5404 aliquid
2247 5350 2373 5386 sen-

813 5433 978 5489 tiunt,
998 5437 1380 5496 coarguentur.
1401 5428 1468 5481 lit
1490 5438 1542 5480 et
1567 5429 1823 5482 Pharismi
1852 5429 1920 5481 ab
1945 5429 2062 5497 ipso
2093 5428 2372 5481 Salvatore

811 5529 1021 5582 nostro,
1056 5519 1147 5586 qui
1180 5527 1233 5571 et
1265 5518 1373 5571 illis
1402 5517 1575 5572 dixit:
1607 5541 1623 5570 ι
1658 5521 1764 5573 Vos
1789 5520 1920 5572 estis
1947 5518 2038 5586 qui
2063 5518 2370 5587 jttstifiealis

915 5637 956 5665 "
987 5635 1162 5688 Eccle.
1193 5650 1284 5693 vn,
1321 5636 1403 5686 Π.
1483 5635 1524 5665 ⁷³
1553 5636 1709 5688 Prov.
1751 5651 1878 5697 xvu,
1907 5636 1986 5687 l6.

812 5720 906 5765 xu,
938 5705 1018 5757 lli.
1094 5704 1137 5733 ⁷⁷
1171 5703 1320 5756 lloiit.
1357 5721 1427 5768 xu,
1457 5705 1635 5759 19-21.
1714 5707 1755 5737 τ’
1782 5705 1921 5759 Psal.
1954 5720 2108 5766 εχιτ,
2142 5705 2191 5768 l,
2224 5705 2273 5758 '2.

813 5774 858 5806 "
885 5774 1014 5828 Luc.
1044 5790 1151 5836 xxv,
1179 5773 1261 5826 ll.

2061 5635 2105 5664 ⁷³
2134 5635 2291 5687 Prov.
2322 5651 2430 5691 xvi,
2461 5635 2513 5685 :‘i.

2353 5706 2396 5735 ⁷⁷
2427 5704 2558 5756 Dan.
2594 5719 2669 5768 ιιι,
2707 5704 2794 5758 57.

2567 4720 2584 4750 ι
2632 4701 2729 4763 Τίς
2771 4701 2881 4767 γὰρ
2933 4701 3268 4769 καυχήσεται
3298 4701 3469 4769 ἁγνὴν
3491 4700 3637 4770 ἔχειν
3661 4704 3759 4771 τήν
3793 4708 4044 4774 καρδίαν.

2490 4794 2556 4844 Ἤ
2592 4793 2675 4853 τίς
2699 4793 3136 4861 παρρησιὰσεται
3157 4791 3392 4859 καθαρὸς
3413 4790 3554 4844 εἷναι
3586 4795 3695 4845 ἀπὸ
3724 4797 4004 4866 ἁμαρτιῶν
4032 4819 4044 4863 ;

2512 4883 2621 4933 Ἐὰν
2655 4883 2763 4948 γὰρ
2792 4882 3023 4950 ἀνομίας
3068 4885 3482 4953 παρατηρήσῃς.
3524 4884 3716 4952 Κύριε,
3747 4888 3944 4958 Κύριε,
3973 4894 4044 4952 τίς

2484 4975 2848 5042 ὑποστήσεται
2887 4975 2967 5025 σοι
3000 4991 3014 5037 ;
3045 4975 3126 5026 ὅτι
3175 4975 3324 5043 παρὰ
3369 4976 3451 5025 σοὶ
3490 4977 3518 5026 ὁ
3560 4975 3787 5044 ἱλασμός
3832 4983 3995 5035 ἐστιν.
4027 5006 4037 5026 ι

2483 5064 2698 5132 Ταύτην
2733 5060 2824 5115 οὖν
2870 5066 2927 5115 ἐν
2972 5064 3254 5134 εἱλικρινεί
3292 5065 3487 5134 καρδίᾳ
3527 5067 3938 5134 ἀναμέλποντες
3975 5073 4042 5139 τῷ

2481 5155 2599 5224 Θεῷ
2625 5156 2722 5224 τήν
2750 5155 2911 5224 ᾠδὴν,
2952 5154 3241 5222 ἀκούωμεν
3282 5156 3414 5223 παρ’
3447 5155 3631 5214 αὑτοῦ.
3677 5156 3759 5208 ὅτι
3811 5177 3830 5208 ι
3875 5159 3930 5213 Ὀ
3959 5178 4040 5212 τα-

2479 5243 2682 5295 πεινῶν
2702 5244 2912 5307 ὲαυτὸν,
2939 5243 3303 5312 ὑψωθήσεται,
3327 5263 3344 5293 ι
3375 5246 3423 5295 oi
3448 5244 3503 5295 δὲ
3531 5245 4037 5315 ὑψηλοφρονοῦντεε,

2482 5335 2927 5405 ἐλεγχθήσονται.
2979 5335 3064 5398 Ὠς
3092 5337 3139 5387 οἱ
3168 5337 3448 5403 Φαρισαῖοι
3473 5337 3624 5406 παρὰ
3649 5338 3744 5390 τοῦ
3776 5341 4036 5411 Σωτῆρος,

2479 5426 2727 5494 λέγοντος
2759 5427 2892 5495 πρὸς
2914 5427 3108 5489 αὐτούς
3135 5444 3149 5458 -
3178 5444 3196 5474 ι
3253 5427 3436 5496 Ὑμεῖς
3489 5429 3609 5480 ἐστε
3641 5433 3688 5482 οἱ
3717 5431 4035 5494 δικαιοῦντες

2479 5519 2701 5578 ἑαυτοὺς
2730 5516 2957 5569 ἐνώπιον
2987 5517 3094 5569 τῶν
3125 5517 3449 5586 ἀνθρώπων.
3483 5538 3501 5569 ι
3555 5521 3612 5572 Ὀ
3646 5521 3702 5572 δὲ
3729 5524 3864 5585 Θεὸς
3895 5525 4034 5589 γινώ-

2589 5633 2634 5663 ⁷⁵
2667 5633 2824 5686 Prov.
2859 5650 2978 5694 xxv,
3016 5635 3068 5690 6.
3104 5633 3155 5685 7.
3232 5633 3277 5664 ⁷⁸
3309 5633 3326 5687 l
3367 5633 3508 5686 Tim.
3541 5652 3616 5696 vi,
3655 5638 3738 5689 l7.
3820 5640 3867 5668 "
3893 5639 4030 5691 Rem.

2871 5705 2915 5732 ⁸⁸
2942 5705 3097 5756 l’rov.
3139 5719 3225 5765 xx,
3266 5705 3316 5756 9.
3391 5706 3434 5734 "
3469 5705 3612 5758 Psal.
3647 5723 3828 5770 cum,
3869 5710 3927 5770 5,
3958 5713 4002 5762 4.
