4178 6436
152 475 284 538 15Ἱ7

923 464 1242 525 ΙΙΟΜῘΙᾸΛ
1286 459 1484 520 XLVI.
1514 482 1581 495 -
1619 456 1715 515 DE
1752 451 2161 513 SPECIEBUS
2197 447 2618 511 SUPERBIB.

3265 442 3397 508 1578

144 606 265 641 σκει
290 590 389 650 τὰς
411 586 639 655 καρδίας
664 581 839 653 ὑμῶν,
861 583 944 634 ὅτι
973 580 1034 632 τὸ
1061 581 1120 631 ὲν
1152 573 1462 644 ἀνθρώποις
1492 568 1715 638 ὑψηλὸν,
1749 611 1757 629 ί

1837 582 1920 619 vos
1955 566 2102 634 ipsos
2137 565 2191 618 in
2221 572 2520 632 conspectu
2547 558 2832 614 hominum
2863 560 2910 591 ⁸³
2938 577 2952 624 ;
2982 577 3000 609 ι
3039 560 3185 613 Deus
3215 571 3397 613 autem

145 681 425 751 βδέλυγμα
458 678 688 730 ἐνώπιον
723 674 817 727 τοῦ
846 672 1003 725 Θεοῦ.
1040 671 1202 737 Λέγει
1236 668 1293 721 δὲ
1330 665 1425 718 καὶ
1457 665 1571 724 τοῖς
1615 678 1721 731 μα-

145 775 342 840 θηταῖς
365 770 585 825 ἑαυτοῦο
612 787 631 819 ι
671 767 843 836 Ἀμὴν
864 765 1007 832 λέγω
1030 765 1178 834 ὑμῖν,
1198 760 1293 812 ὲάν
1317 759 1393 828 μὴ
1420 752 1721 822 στραφῆτε,

144 865 243 916 καὶ
272 863 508 932 γένησθε
539 858 701 923 ὠςτά
731 858 939 921 παιδία,
975 856 1037 908 ού
1072 854 1148 925 μὴ
1193 849 1469 916 εἰσέλθητε
1504 845 1587 906 εἰς
1625 843 1724 913 τὴν

146 954 432 1023 βασιλείαν
474 950 584 1004 τῶν
632 947 898 1019 οὐρανῶν.
935 964 955 998 ι
994 942 1101 995 Καὶ
1140 938 1393 1006 ἐπιφέρει
1419 951 1434 965 ·
1479 952 1497 984 ι
1533 932 1724 991 Ὅστις

144 1044 240 1100 οὖν
267 1044 598 1099 ταπεινώσει
624 1041 815 1094 ἑαυτὸν
845 1036 921 1097 ὡς
961 1033 1023 1086 τὸ
1061 1031 1298 1090 παιδίον,
1335 1023 1490 1087 οὗτός
1517 1025 1664 1075 ἐστιν
1695 1023 1724 1073 ὁ

148 1139 354 1207 μείζων
402 1137 483 1198 εἰς
534 1137 623 1201 τὴν
667 1126 945 1198 βασιλείαν
980 1121 1091 1175 τῶν
1131 1118 1397 1191 οὐρανῶν.
1432 1136 1451 1169 ι
1499 1112 1655 1182 Λύτῷ
1689 1112 1722 1180 ὴ

142 1230 270 1295 δὶξα
303 1229 385 1292 εἰς
407 1227 532 1287 τοὺς
557 1221 779 1283 αἰῶνας.
826 1217 1018 1287 Ἀμήν.

739 1412 959 1471 ΛΟΓΟΣ
991 1406 1138 1475 mcr.

288 1557 433 1612 Πεοί
464 1554 571 1609 τοῦ
589 1552 675 1623 μὴ
696 1542 1169 1619 μεγαλοφρονεῖν
1203 1538 1339 1606 παρ’
1369 1531 1579 1599 ἐαυτῷ.

218 1697 333 1748 Kal
380 1694 445 1745 τὸ
500 1686 929 1761 μεγαλοφρονεῖν
985 1677 1115 1747 παρ’
1157 1672 1357 1743 ἑαυτῷ,
1382 1668 1583 1738 ψεκτὸν
1635 1664 1729 1717 καὶ

142 1784 610 1858 ἀπηγορευμένον
661 1779 991 1849 εὑρίσκομεν
1038 1770 1191 1840 παρά
1236 1770 1304 1838 τῇ
1350 1764 1473 1858 θεία
1513 1761 1725 1858 Γραφῇ.

1826 657 1980 711 novit
2011 655 2177 711 corda
2213 664 2416 715 vestra,
2456 653 2585 722 quia
2608 650 2753 721 quod
2786 650 2929 704 inter
2950 652 3203 706 homines
3227 654 3399 706 altum

1825 751 2065 813 videtur,
2096 747 2434 802 ahominatio
2484 755 2568 797 est
2596 744 2738 814 apud
2770 743 2964 796 Deum.
2995 744 3135 797 Dicit
3168 744 3402 812 proinde

1824 838 2113 907 discipulis
2139 838 2297 891 suis:
2349 855 2367 886 ι
2407 836 2599 894 Amen,
2665 848 2823 887 amen
2875 833 3003 885 dico
3061 832 3236 894 vobis,
3294 835 3399 886 nisi

1825 929 2076 983 conversi
2111 927 2330 981 fueritis
2363 936 2421 981 et
2449 924 2758 980 clliciamini
2799 926 2943 978 sicut
2997 924 3237 992 parvuli,
3291 940 3401 978 non

1827 1019 2105 1073 intrabitis
2136 1019 2190 1069 in
2216 1031 2443 1085 regnum
2474 1015 2740 1069 cmlorum
2775 1014 2841 1066 ⁸⁵.
2879 1033 2899 1065 ι
2946 1014 3117 1067 Infert
3153 1031 3166 1065 :
3219 1032 3238 1062 ι
3274 1011 3396 1077 Qui-

1824 1125 2043 1179 cunque
2070 1109 2238 1179 igitur
2267 1108 2643 1161 humiliaverit
2692 1121 2750 1159 se
2796 1106 2936 1159 sicut
2978 1106 3239 1172 parvulus
3279 1105 3402 1161 istc.

1828 1203 1916 1255 hic
1950 1202 2124 1269 major
2142 1209 2229 1253 est
2257 1201 2314 1254 in
2344 1215 2512 1268 regno
2539 1200 2805 1253 cmlorum
2828 1196 2895 1251 ⁸⁸.
2938 1215 2957 1247 ι
3002 1196 3108 1265 Ipsi
3142 1196 3316 1265 gloria
3350 1196 3406 1249 in

1825 1291 2038 1345 srecnla.
2062 1290 2258 1343 Amen.

2357 1398 2641 1455 "OMILIA
2684 1398 2866 1452 XLVI.

1866 1542 2019 1610 Apud
2063 1536 2489 1607 tcmctipsum’ue
2526 1538 2651 1607 quid
2680 1537 2744 1588 de
2786 1546 2835 1589 te
2866 1536 3048 1604 magni
3082 1540 3368 1607 concipias.

1902 1675 2158 1744 Magnum
2182 1672 2448 1742 quiddam
2480 1670 2549 1723 de
2578 1685 2636 1723 se
2666 1670 2896 1735 sentire,
2928 1680 3024 1723 aut
3055 1671 3407 1729 insolescere.

1828 1774 1883 1819 et
1918 1765 2024 1818 sibi
2057 1764 2299 1833 placere,
2326 1759 2690 1829 vituperabile
2722 1769 2826 1814 est.
2858 1760 3142 1831 Ejusmodi
3173 1762 3409 1815 elatione

154 1882 218 1931 ὐ
242 1850 491 1939 τοιοῦτος
523 1876 582 1927 ἐν
612 1875 728 1932 τοῖς
773 1869 974 1937 ἄφροσι
1015 1864 1295 1922 τέτακται,
1338 1856 1541 1926 μᾶλλον
1577 1853 1633 1905 δὲ
1668 1853 1728 1905 ὲν

1837 1855 1996 1909 animi
2036 1852 2422 1908 insolescentis
2451 1866 2620 1905 sacra:
2649 1850 2947 1921 Scriptura:
2975 1853 3200 1907 decreto
3240 1852 3386 1905 inter

305 1929 528 2038 popa}.
549 1929 721 2030 Φησὶν
746 1929 895 2027 γάρ’
927 1973 946 2006 ι
983 1953 1201 2023 Μωρὸς,
1224 1948 1346 2003 καθ’
1373 1946 1569 2038 ὲαυτού
1597 1942 1730 2011 φρό-

1837 1947 2094 2009 dicimur,
2123 1960 2247 1999 cum
2279 1945 2403 1998 talis
2432 1946 2557 2015 jure
2586 1945 2641 1996 in
2669 1959 2833 1998 sensu
2862 1953 3183 1998 numeretur
3203 1944 3410 2012 impru—

142 2036 328 2130 νιμος.
367 2077 385 2108 ι
425 2055 515 2124 Μὴ
536 2053 631 2106 οὖν
663 2050 1052 2120 κρατήσωμεν,
1078 2040 1376 2112 ἀγαπητοὶ,
1402 2039 1467 2091 τὸ
1488 2036 1731 2130 μάταιον

142 2128 309 2206 τούτο
328 2150 605 2220 φρόνημα·
628 2143 767 2197 ἀλλὰ
791 2138 993 2210 μᾶλλον
1016 2136 1338 2204 κατέχωμεν
1361 2132 1462 2193 τὰς
1480 2128 1733 2220 διδασκα-

141 2247 269 2306 λίας
292 2219 404 2296 τῶν
431 2234 905 2308 πνευματοφόρων
934 2229 1166 2299 ἀνδρῶν.
1199 2223 1479 2278 τουτέστιν
1511 2219 1611 2289 τὴν
1634 2234 1732 2269 τα-

145 2332 618 2404 πεινοφροσύνην.
680 2328 777 2380 καὶ
830 2324 1105 2394 βαίνωμεν
1155 2314 1482 2372 κατόπισθεν
1529 2309 1731 2404 αὐτῶν,

144 2426 249 2479 καὶ
399 2398 734 2490 ὲπαρθῶμεν
771 2416 832 2467 ὲν
865 2414 933 2483 τῇ
972 2408 1174 2480 καρδίᾳ
1206 2403 1363 2493 ἡμῶν
1384 2401 1447 2454 τδ
1473 2398 1734 2493 παράπαν

147 2516 213 2568 ἐν
251 2488 391 2577 τινί,
421 2511 455 2580 ἢ
492 2488 550 2562 tv
581 2507 750 2578 ἔργῳ,
782 2503 815 2573 ἢ
850 2498 1271 2569 ἐπιτηδειότητι,
1320 2492 1354 2562 ἢ
1388 2494 1446 2544 ὲν
1478 2488 1731 2580 διαταγῇ,

147 2610 183 2678 ῆ
218 2609 277 2657 ἐν
302 2579 570 2670 διοικήσει
602 2594 969 2666 πραγμάτων,
992 2590 1026 2660 ἢ
1055 2591 1113 2642 ὲν
1144 2587 1284 2678 λόγῳ
1312 2581 1524 2678 σοφίας,
1550 2580 1584 2647 ἢ
1614 2579 1735 2629 ἐπι·

146 2668 395 2764 νοήμασι
422 2668 743 2760 Γραφικοῖς,
778 2682 990 2752 μήποτε
1018 2678 1111 2731 τὸν
1132 2675 1265 2727 Θεὸν
1289 2668 1733 2764 παροργίσωμεν,

147 2757 361 2853 καί-τῷ
384 2757 655 2849 πνεύματι
680 2777 777 2845 τῆς
807 2770 1156 2844 βλασφημίας
1181 2764 1568 2835 περιπέσωμεν
1597 2757 1740 2853 κατὰ

146 2875 305 2926 νοῦν.
334 2849 521 2922 ⁷Καλὸν
547 2867 605 2922 δὲ
634 2864 927 2936 μανθάνειν
960 2859 1182 2931 μᾶλλον,
1213 2856 1314 2908 κᾶν
1342 2854 1461 2906 λίαν
1491 2868 1573 2913 τις
1606 2849 1738 2919 φρό-

147 2979 318 3032 νιμος
350 2958 631 3026 τυγχάνει.
688 2954 736 3005 ll
775 2951 885 3020 γὰρ
917 2945 1200 3015 οἰκονομία
1229 2941 1324 2995 τοῦ
1348 2938 1506 3003 Θεοῦ,
1539 2936 1736 3032 ὠφελιῗ

151 3024 386 3123 μῶτέρα
432 3024 581 3101 εστὶν
620 3045 720 3115 τῆς
765 3041 1041 3112 ἡμετέρας
1087 3035 1424 3123 φρονήσεως.
1463 3028 1639 3123 Itali”
1681 3024 1737 3076 δέ

148 3115 331 3200 ἐστιν,
366 3138 547 3190 πάντα
587 3132 826 3202 ἐνεργῶς
864 3127 1064 3181 λαλεῖν.
1130 3125 1186 3174 ’0
1229 3121 1337 3191 γὰρ
1377 3115 1533 3178 ὲκτδς
1576 3115 1739 3184 ἔργου

152 3232 546 3301 σοφιζόμενος,
581 3227 676 3279 καὶ
713 3222 888 3290 λέγων
926 3218 1108 3285 λόγον,
1144 3214 1203 3277 ἐξ
1238 3210 1450 3272 ἀδικίας
1492 3206 1737 3301 πλουτεῖ.

152 3297 269 3378 Kal
300 3297 373 3373 oi-
406 3319 559 3371 πόνοι
590 3313 755 3368 αὐτοῦ
792 3313 872 3374 είς
908 3310 1091 3368 οἴκους
1122 3302 1437 3373 ἀλλοτρίους
1460 3297 1740 3368 εἰσέρχον-

152 3432 248 3467 ται
274 3410 420 3464 κατά
444 3410 544 3477 τὴν
569 3400 1055 3476 Γραφήν.Πρῶτος
1085 3399 1113 3449 ὁ
1145 3391 1555 3465 Παροιμιαστὴς
1596 3405 1741 3457 παρ-

151 3502 331 3558 αινῶν
386 3502 537 3567 λέγει
566 3514 582 3530 ο
621 3515 639 3547 ι
676 3497 808 3547 Ἐσο
852 3489 1126 3550 πεποιθὼς
1181 3488 1241 3539 ὲν
1275 3486 1372 3555 ὅλῃ
1416 3480 1617 3551 καρδίᾳ
1647 3494 1740 3528 σου

154 3597 255 3648 ἐπὶ
293 3592 502 3660 Κύριον
526 3604 538 3616 ·
576 3585 759 3640 ὲπὶδὲ
786 3586 854 3654 τῇ
896 3580 1060 3651 σοφίᾳ
1110 3579 1185 3648 μὴ
1227 3574 1477 3643 ὲπαέρου.
1518 3589 1536 3620 ι
1588 3568 1697 3660 Καί
1725 3583 1737 3596 ·

162 3708 181 3738 ι
217 3685 315 3751 Μὴ
380 3657 491 3731 ίσθι
538 3677 803 3746 φρόνιμος
851 3673 1005 3744 παρά
1054 3665 1286 3721 σεαυτοῦ
1312 3680 1326 3693 ο
1368 3660 1536 3731 φοὸοὖ
1562 3659 1617 3712 δὲ
1650 3657 1743 3751 τδν

157 3749 398 3843 Κύριον,
431 3769 527 3821 καὶ
566 3767 676 3820 ἀπὸ
722 3764 925 3824 παντὸς
973 3758 1144 3814 κακοῦ
1200 3755 1468 3808 ἕκκλινον.
1510 3770 1528 3802 ι
1586 3749 1694 3804 Καί
1727 3764 1740 3779 ν

159 3886 179 3917 ι
220 3840 316 3932 illi;
352 3858 540 3929 καυχῶ
563 3858 631 3910 τὰ
665 3857 745 3918 εἰς
775 3853 996 3923 αὔριον·
1025 3851 1088 3902 ού
1128 3847 1237 3917 γὰρ
1276 3840 1426 3906 οἶδας
1453 3842 1509 3932 τί
1529 3841 1744 3932 τέξεται

154 3959 191 4027 ἡ
228 3930 489 4008 ἐπιοῦσα.
521 3968 539 3999 ι
586 3946 698 3999 Kal
764 3939 919 4006 αὖθις
950 3958 964 3972 ·
1027 3960 1044 3991 ι
1081 3939 1198 4003 Υἱὲ,
1251 3936 1346 3989 ἐὰν
1398 3930 1746 4027 σοφδςὼγένη

157 4021 411 4113 σεαυτῷ,
444 4040 604 4108 σοφὸς
651 4037 752 4107 ἔσῃ
792 4036 885 4088 καὶ
932 4035 1042 4094 τοῖς
1082 4029 1311 4100 πλησίον
1354 4042 1467 4078 σου.
1527 4022 1651 4075 Ἐὰν
1686 4021 1744 4113 δε

153 4137 334 4197 κακὸς
359 4111 370 4113 _
400 4130 695 4200 ἀποὸἡσῃ,
746 4126 903 4195 μόνος
942 4123 1231 4191 ἁντλήσεις
1266 4118 1335 4171 τὰ
1372 4115 1535 4169 κακά.
1569 4133 1587 4165 ι
1634 4111 1744 4200 Καὶ

154 4227 331 4282 πάλιν
360 4240 375 4255 ο
444 4240 462 4273 ι
497 4198 643 4272 ’Ἰδον⁷
696 4216 863 4285 ἄνδρα
909 4213 1136 4276 δόξαντα
1186 4210 1318 4278 παρ’
1370 4204 1549 4273 ἑαυτῷ
1604 4198 1743 4258 εἶναι

156 4317 356 4384 σοφὸν,
403 4310 595 4363 ἐλπίδα
642 4308 828 4377 μέντοι
879 4321 935 4373 γε
973 4303 1129 4371 ἔσχεν
1157 4300 1358 4370 μᾶλλον
1383 4298 1413 4348 ό
1436 4297 1624 4366 ἄφρων
1651 4294 1743 4384 αύ-

151 4382 281 4462 τού.
315 4423 334 4456 ι
371 4403 482 4456 Kal
508 4400 670 4453 πάλιν
700 4414 713 4428 ·
758 4415 777 4447 ι
812 4395 980 4462 Σοφδς
1016 4393 1144 4463 παρ’
1175 4388 1376 4457 ἑαυτῷ,
1414 4386 1554 4457 ἀνὴρ
1582 4382 1745 4436 πλού-

156 4515 283 4559 σιος
312 4512 324 4523 °
357 4496 527 4562 πένης
555 4492 613 4544 δὲ
640 4490 859 4558 νοήμων
890 4482 1305 4550 καταγνώσεται
1345 4477 1532 4532 αὑτοῦ.
1565 4494 1583 4527 ι
1635 4474 1744 4528 Kal

1830 2039 2101 2102 dentium,
2130 2037 2304 2106 magis
2329 2053 2461 2091 vero
2485 2037 2802 2091 stultorum.
2836 2036 2927 2090 Ait
2960 2037 3109 2091 enim
3145 2055 3158 2092 :
3202 2054 3222 2087 ι
3261 2036 3411 2089 Stul-

1834 2141 1921 2185 tus
1947 2130 2089 2198 apud
2121 2130 2475 2198 semetipsum
2533 2129 2749 2183 videtur
2802 2130 3020 2198 sapiens
3077 2128 3141 2182 ⁸⁸.
3182 2149 3201 2181 ι
3262 2128 3409 2182 Nihil

1832 2223 2019 2293 igitur,
2059 2222 2395 2282 charissimi,
2436 2222 2598 2275 nobis
2630 2222 2701 2275 sit
2730 2236 2896 2286 curm,
2933 2220 3216 2275 ﬂaccidam
3272 2222 3413 2275 hanc

1830 2321 1885 2365 et
1916 2313 2131 2364 inanem
2161 2312 2381 2380 assequi
2413 2312 2786 2380 prudentiam,
2821 2312 2997 2381 magis
3023 2328 3155 2366 vero
3188 2312 3411 2366 illorum

1831 2404 2137 2457 doctrinam
2168 2404 2416 2456 virorum
2458 2418 2597 2465 quos
2624 2402 2863 2471 Spiritus
2893 2403 3113 2466 aﬂlavit,
3153 2404 3205 2458 in
3238 2421 3413 2458 arma-

1834 2494 1974 2548 riolo
2005 2496 2285 2549 memoriae
2330 2494 2576 2563 pressius
2617 2495 2999 2559 recondamus,
3046 2505 3175 2563 puta
3223 2496 3415 2548 mode-

1834 2586 1994 2639 stiam
2024 2586 2189 2639 animi
2219 2602 2381 2655 quam
2410 2586 2714 2639 humillima
2735 2586 2802 2639 de
2825 2601 2883 2639 se
2907 2587 3228 2641 sentientis:
3254 2598 3416 2655 atque

1833 2677 2153 2730 eorumdem
2176 2677 2551 2746 ingrediamur
2570 2676 2839 2745 vestigiis,
2872 2692 2975 2730 nec
3001 2678 3168 2731 ullam
3197 2677 3269 2732 ob
3300 2694 3416 2732 rem

1835 2768 2003 2822 corde
2062 2768 2359 2822 eﬂeramur
2412 2775 2507 2821 aut
2554 2767 2959 2822 insolescamus
2997 2770 3248 2831 omnino,
3304 2786 3415 2823 non

1837 2867 2063 2927 propter
2095 2857 2281 2926 Operis
2326 2856 2629 2921 solertiam,
2679 2856 3037 2912 idoneitatem
3086 2859 3203 2912 sive
3252 2859 3418 2913 indu-

1839 2946 2050 3011 striam,
2081 2947 2353 3008 ordinem.
2380 2945 2822 3015 iurisdictionem
2866 2946 2983 3001 sive
3028 2964 3211 3002 rerum
3244 2949 3420 3003 admi—

1839 3038 2243 3102 nistrationem,
2299 3053 2410 3092 non
2454 3038 2525 3091 ob
2578 3053 2890 3093 sermonem
2947 3040 3253 3109 sapientiae,
3303 3042 3419 3096 sive

1840 3130 2203 3198 multiplicem
2230 3128 2644 3198 Scripturarum
2686 3129 3130 3200 intelligentiam,
3166 3147 3235 3185 ne
3277 3133 3420 3187 forte

1842 3218 2060 3272 Domini
2091 3218 2357 3272 adversus
2389 3233 2492 3272 nos
2514 3219 2851 3286 proritemus
2884 3220 3019 3275 iram
3048 3231 3103 3275 et
3124 3237 3419 3291 exaspere-

1788 3298 1813 3320 ⁴
1845 3322 1969 3362 mus
2001 3325 2016 3373 ;
2048 3324 2154 3377 qua
2188 3308 2300 3375 ﬁat,
2332 3317 2390 3361 ut
2425 3316 2608 3361 mente
2636 3319 2821 3364 emota
2864 3311 3113 3365 sinamur
3149 3312 3206 3366 in
3252 3314 3422 3382 spiri-

1845 3409 1960 3455 tum
1982 3400 2198 3453 devolvi
2227 3412 2391 3469 atque
2424 3399 2671 3455 incidere
2696 3401 3071 3471 blasphemiae.
3106 3404 3249 3458 Sane
3281 3420 3422 3472 pra:-

1843 3491 2065 3554 stiterit,
2120 3500 2172 3544 te
2206 3503 2267 3543 ut
2296 3490 2482 3546 tradas
2512 3492 2569 3545 in
2605 3492 2962 3563 discipulum,
2998 3496 3216 3550 tametsi
3252 3498 3421 3551 multa

1842 3582 2097 3636 obrueris
2123 3581 2494 3650 prudentiam.
2530 3582 2878 3651 Dispensatio
2924 3585 3072 3638 enim
3112 3586 3230 3650 Dei,
3273 3602 3423 3640 com-

1844 3672 2167 3742 parabiliter
2220 3671 2562 3726 commodior
2612 3684 2776 3742 atque
2829 3675 3019 3729 utilior
3068 3685 3175 3738 est,
3234 3687 3421 3742 nostra

1845 3764 1950 3817 hac
1984 3762 2359 3833 qualicunque
2388 3763 2716 3831 prudentia:
2739 3764 2898 3834 longe
2933 3766 3081 3820 enim
3112 3783 3209 3835 per
3237 3769 3422 3821 omnia

1845 3856 1969 3925 plus
1994 3854 2155 3909 all‘ert
2173 3855 2556 3918 emolumenti,
2590 3853 2639 3908 si
2664 3854 2962 3911 ellicaciter
2992 3858 3256 3927 loquaris.
3282 3860 3423 3913 Dum

1844 3946 1993 4000 enim
2028 3945 2195 4000 doces
2233 3945 2583 4014 sapientiam,
2643 3956 2741 4001 aut
2792 3962 3101 4009 sermonem
3162 3951 3425 4005 edisseris

1845 4035 2052 4104 absque
2084 4034 2268 4103 cperis
2300 4034 2585 4105 suffragio,
2617 4035 2844 4091 ditescis
2866 4036 3090 4106 quidem
3124 4046 3205 4101 tu,
3228 4041 3321 4093 sed
3353 4040 3423 4093 de

1846 4122 2157 4190 iniquitate.
2189 4120 2353 4191 Atqui
2385 4122 2462 4175 tui
2494 4123 2585 4177 isti
2613 4123 2851 4188 labores,
2884 4124 3033 4193 juxta
3055 4123 3419 4194 Scripturam,

1847 4213 1901 4266 in
1925 4214 2134 4281 alienas
2164 4214 2530 4282 commigrant
2578 4213 2792 4268 domos.
2848 4215 3069 4269 Primus
3114 4216 3419 4271 Parmmia-

1848 4312 1959 4356 stes
1988 4318 2085 4372 per
2113 4303 2548 4359 admonitionem
2581 4304 2718 4359 dicit
2748 4324 2760 4359 :
2813 4323 2831 4356 ι
2866 4305 2997 4360 Esto
3032 4306 3282 4362 ﬁduciam
3318 4308 3420 4363 ha-

1848 4394 1985 4448 bens
2002 4404 2203 4463 extoto
2219 4396 2386 4449 corde
2411 4406 2507 4448 tuo
2531 4395 2585 4448 in
2614 4396 2926 4461 Dominum,
2962 4398 3034 4451 ob
3064 4409 3211 4452 tuam
3239 4410 3420 4454 autem

1848 4484 2169 4555 sapientiam
2212 4500 2282 4538 ne
2332 4486 2568 4539 elcveris
2609 4485 2676 4539 ".
2717 4505 2734 4537 ι
2768 4487 2837 4541 Ει
2868 4505 2880 4541 :
2917 4506 2935 4537 ι
2972 4488 3048 4543 Ne
3078 4489 3155 4542 sis
3179 4490 3423 4558 prudens

154 4589 331 4643 πάλιν
360 4600 375 4615 ·
414 4602 432 4634 ι
465 4582 756 4652 [Ἔγγονον
810 4575 1003 4637 κακὸν,
1048 4571 1256 4623 δίκαιον
1302 4568 1495 4621 ἑαυτὸν
1542 4564 1738 4633 κρίνει.

1846 4573 1991 4643 apud
2048 4574 2422 4641 temetipsum,
2466 4574 2598 4627 time
2640 4589 2773 4628 vero
2802 4576 3092 4629 Dominum
3122 4588 3177 4632 et
3206 4578 3421 4633 declina

154 4681 280 4750 Τὴν
335 4676 395 4727 δὲ
446 4671 626 4737 ἑξοδον
663 4665 857 4722 ἑαυτοῦ
881 4667 982 4718 οὐκ
1004 4659 1249 4732 ἔνηψεν.]
1272 4660 1538 4750 Ἕγγονον
1572 4655 1744 4750 κακὸν

1842 4666 1911 4719 ab
1953 4664 2101 4716 omni
2143 4665 2288 4717 malo
2329 4664 2395 4715 ³⁸.
2436 4682 2454 4713 ι
2519 4665 2629 4717 Et:
2705 4682 2724 4714 ι
2755 4665 2834 4719 Ne
2884 4666 3135 4735 glorieris
3192 4668 3247 4722 in
3299 4684 3423 4723 cra-

160 4747 415 4840 ὐιιέηλοὺς
443 4765 596 4829 ,τοὺς
637 4757 951 4828 ὀφθαλμοὺς
990 4753 1128 4824 ἔχει,
1166 4753 1263 4806 καὶ
1294 4751 1408 4812 τοῖς
1455 4747 1747 4840 βλεφάροις

1842 4757 2069 4819 stinum,
2108 4770 2218 4809 non
2250 4758 2398 4811 enim
2428 4757 2535 4811 scis
2564 4758 2698 4826 quid
2758 4758 3002 4826 paritura
3063 4761 3136 4815 sit
3180 4762 3422 4816 crastina

157 4838 343 4915 αύτοῦ
370 4854 683 4923 ἐπαίρεται.
730 4869 747 4900 ι
783 4849 994 4919 Γράφει
1024 4847 1080 4898 δὲ
1102 4846 1196 4899 καὶ
1231 4842 1488 4903 Ἰάκωϐος
1522 4857 1535 4868 ·
1567 4858 1585 4887 ι
1613 4838 1748 4890 Νυνὶ

1845 4848 1962 4902 dies
1983 4848 2051 4900 ".
2088 4867 2106 4899 ι
2139 4848 2389 4902 Rursus:
2429 4867 2446 4899 ι
2482 4850 2693 4918 1102
2729 4849 2855 4915 Fili,
2889 4851 2934 4904 si
2964 4851 3187 4919 sapiens
3225 4853 3419 4916 fueris.

158 4954 221 5007 δὲ
258 4944 545 5016 καυχᾶσθε
569 4946 625 4996 tv
647 4943 767 5003 ταῖς
797 4936 1142 5003 ἀλαζονείαις
1177 4934 1332 5003 ὑμῶν
1362 4946 1377 4962 ·
1425 4933 1575 4985 πᾶσα
1614 4928 1751 4982 καύ-

160 5059 330 5115 χησις
350 5037 602 5105 τοιαύτη,
628 5032 843 5103 πονηρά
871 5032 1039 5083 εστιν.
1081 5047 1099 5079 ι
1135 5026 1409 5087 Ὡσαύτως
1438 5024 1533 5076 καὶ
1553 5024 1581 5074 ό
1603 5020 1748 5115 Παύ-

280 5151 296 5164 ·
339 5151 360 5185 ε
400 5129 495 5199 Μὴ
531 5124 747 5196 γίνεσθε
784 5122 1039 5195 φρόνιμοι
1079 5118 1212 5189 παρ’
1245 5119 1478 5178 ἑαυτοῖς.
1521 5132 1540 5166 ι
1583 5113 1694 5166 Καὶ
1720 5114 1749 5164 ό

173 5226 418 5287 Ἠσατας
450 5238 467 5254 ο
508 5238 527 5272 ι
561 5219 698 5271 Ούαὶ
719 5216 769 5269 οἱ
800 5215 1012 5267 συνετοὶ
1041 5214 1099 5265 ὲν
1127 5212 1359 5273 ἑαυτοῖς,
1390 5208 1485 5262 καὶ
1518 5205 1747 5259 ἐνώπιον

160 5318 389 5373 ἑαυτῶν
444 5311 828 5380 ἐπιστήμονες.
859 5326 879 5358 ι
931 5304 991 5358 ’0
1021 5302 1076 5355 δὲ
1106 5299 1410 5371 Ψαλμῳδός
1434 5314 1448 5327 ⁸
1496 5316 1514 5348 ι
1547 5296 1747 5366 Κύριος

160 5409 438 5481 γινώσκει
460 5403 586 5464 τοὺς
612 5396 992 5467 διαλογισμοὺς
1021 5393 1132 5448 τῶν
1154 5390 1477 5461 ἀνθρώπων,
1499 5389 1579 5443 ὃτι
1598 5388 1748 5481 εἰσιν

209 5496 240 5517 ⁸ο

167 5478 423 5572 μᾶταιοι.
453 5514 473 5547 ι
503 5492 612 5547 Καί
632 5508 645 5520 ·
679 5510 697 5542 ι
724 5489 928 5557 Κύριος
955 5483 1299 5549 eamearn
1332 5481 1525 5551 βουλὰς
1557 5478 1746 5572 ἐθνῶν,

165 5571 362 5648 ἀθετεῖ
387 5587 447 5640 δὲ
477 5582 772 5654 λογισμοὺς
795 5580 963 5645 λαῶν,
989 5577 1084 5631 xal
1113 5576 1297 5631 ἀθετεῖ
1331 5573 1530 5643 βουλὰς
1554 5571 1746 5641 ἀρχόν-

281 5767 329 5798 ⁸³
352 5765 491 5820 Luc.
541 5778 653 5825 xvr,
700 5761 787 5814 15.
887 5757 932 5789 ⁸⁸
969 5756 1159 5812 Matth.
1191 5772 1345 5818 xvm.
1395 5757 1447 5811 5.

170 5840 219 5875 ⁸⁹
253 5839 421 5893 Prov.
468 5848 632 5892 xxvu.
663 5832 715 5884 1.
792 5828 837 5859 ’⁸
855 5828 1018 5881 Prov.
1059 5844 1132 5883 Ix.
1171 5826 1255 5879 12.

528 5931 798 5988 Ριτιιοι..
848 5925 964 5985 Gn.
1013 5924 1350 5985 LXXXIX.

1554 5754 1599 5784 ⁸⁵
1632 5752 1765 5807 ibid.
1792 5750 1845 5805 ι.

1352 5829 1393 5857 ⁹¹
1423 5828 1583 5880 ι’τογ.
1614 5840 1758 5889 xxvr,
1788 5822 1872 5875 12.

1848 4938 2174 5006 tibimetipsi
2198 4939 2415 5006 sapiens
2443 4940 2558 4993 eris
2578 4949 2636 4993 et
2672 4942 2926 5008 proximo
2958 4958 2973 5003 ;
3012 4941 3058 4994 si
3086 4951 3268 4996 autem
3303 4960 3421 4997 ma-

1851 5030 1939 5083 lus
1966 5028 2229 5091 evaseris,
2246 5028 2396 5081 solus
2421 5027 2644 5083 hauries
2672 5030 2812 5083 mala
2837 5030 2903 5083 ⁹⁶.
2925 5048 2943 5083 ι
2969 5032 3172 5086 lterum
3198 5052 3210 5085 :
3252 5050 3270 5083 ι
3299 5034 3425 5088 Vidi

1854 5120 2033 5173 virum
2061 5119 2156 5188 qui
2179 5118 2321 5188 apud
2347 5120 2702 5190 semetipsum
2733 5121 3020 5177 videbatur
3038 5139 3159 5179 esse
3180 5127 3420 5196 sapiens,

1846 5223 1999 5277 spem
2025 5223 2138 5277 pra:
2169 5207 2263 5260 illo
2295 5206 2533 5262 habebat
2560 5209 2763 5264 stultus
2788 5210 2855 5263 ⁹¹.
2901 5231 2918 5262 ι
2947 5212 3187 5267 Rursum
3216 5231 3226 5266 :
3262 5234 3281 5265 ι
3320 5215 3422 5269 Sa-

1846 5300 2006 5369 piens
2033 5299 2174 5367 apud
2202 5299 2559 5368 semetipsum
2597 5302 2682 5354 vir
2730 5301 2905 5366 dives,
2968 5319 3177 5373 pauper
3235 5315 3420 5361 autem

1848 5391 2159 5461 intelligens
2181 5389 2573 5444 condemnabit
2600 5407 2726 5445 eum
2775 5396 2842 5445 ".
2884 5413 2902 5444 ι
2957 5395 3135 5449 Item:
3197 5413 3216 5446 ι
3246 5396 3421 5450 Filius

1848 5482 2024 5535 malus
2046 5480 2310 5536 sublimes
2332 5481 2500 5535 habet
2526 5484 2739 5548 oculos,
2779 5485 3057 5553 palpebris
3090 5496 3274 5542 autem
3308 5488 3420 5541 suis

1846 5572 2127 5627 extollitur
2163 5573 2233 5625 ".
2271 5591 2290 5624 ι
2327 5572 2529 5627 Scribit
2555 5583 2612 5628 et
2652 5575 2890 5629 Jacobus
2921 5594 2933 5629 :
2984 5596 3003 5629 ι
3036 5577 3193 5633 Nunc
3238 5588 3423 5634 autem

1961 5752 2007 5783 "
2036 5753 2199 5809 Prov.
2229 5766 2325 5815 xu,
2361 5749 2445 5802 15.

1985 5822 2029 5852 ’⁸
2059 5822 2224 5875 Prov.
2248 5835 2436 5885 χιι-ιιι,
2465 5819 2548 5871 Η.

2558 5749 2601 5779 ⁸⁷
2645 5750 2803 5804 Prov.
2841 5768 2923 5813 ιιι,
2954 5753 3003 5807 5.
3117 5754 3161 5786 ⁸⁸
3189 5755 3327 5810 ibid.
3365 5757 3423 5810 7.

2626 5821 2669 5851 ”
2689 5821 2848 5875 l'rov.
2885 5838 3005 5885 xxx,
3046 5823 3127 5876 15.

3063 5917 3138 5975 50
