4178 6436
750 348 884 412 157!)

2010 339 2373 399 ANTIOCHI
2418 341 2758 401 MONACIII

3882 352 4026 413 1580

742 460 1029 513 exsultatis
1086 461 1136 509 in
1198 454 1479 523 superbiis
1528 453 1743 505 vestris.
1785 451 1976 504 (lmuis
2030 452 2325 504 exsultatio

2435 466 2555 502 των.
2598 470 2615 500 ι
2647 453 2772 514 Τοῖς
2810 453 2864 506 δὲ
2906 455 3213 525 Κορινθίοις
3252 460 3278 510 6
3318 457 3565 523 Παῦλος·
3602 480 3617 510 ι
3649 461 3817 528 Κάγὼ
3842 463 4030 515 ἐλθὼν

746 554 870 605 talis
899 551 1131 617 maligna
1162 555 1246 599 est
1270 548 1338 596 ⁸⁸⁵.
1377 564 1393 595 ι
1430 544 1631 597 Eodem
1660 543 1940 610 conspirat
1978 541 2108 595 illud
2134 543 2284 595 Pauli
2310 560 2319 594 ε

751 664 766 692 ι
790 641 966 696 Nolite
990 652 1111 692 esse
1136 636 1436 706 prudentes
1459 631 1604 701 apud
1630 633 2105 700 vosmetipsos”.i
2136 632 2321 685 Isaias:

749 752 767 784 ι
803 734 886 784 Va:
912 731 1006 799 qui
1039 729 1340 797 prudentes
1369 726 1503 778 estis
1552 725 1694 792 apud
1744 722 2126 790 vosmetipsos,
2173 733 2227 775 et
2272 723 2323 775 in

743 831 1040 890 conspectu
1072 826 1255 874 vestro
1284 818 1522 870 scientes
1544 816 1609 866 9".
1643 833 1661 865 ι
1697 814 1906 867 Psaltcs
1941 813 2069 865 item
2102 812 2322 881 regius:

750 932 767 962 ι
782 911 1046 965 Dominus
1073 908 1176 961 scit
1192 906 1556 974 cogitationes
1572 903 1878 963 hominum,
1897 900 2158 969 quoniam
2178 916 2328 953 vamc

745 1010 874 1055 sunt
902 1000 969 1050 ¹⁹⁷.
997 1016 1014 1048 ι
1052 998 1119 1050 Et
1143 1013 1156 1049 :
1197 1015 1213 1046 ι
1245 997 1511 1049 Dominus
1537 992 1770 1061 dissipat
1798 991 2028 1045 consilia
2057 991 2325 1059 gentium,

746 1090 1004 1160 reprobat
1032 1096 1216 1141 autem
1244 1085 1609 1154 cogitationes
1645 1084 1995 1152 populorum,
2036 1092 2094 1136 ct
2141 1097 2327 1149 repro-

745 1182 838 1234 bat
870 1179 1102 1233 consilia
1133 1177 1445 1246 principum
1482 1174 1547 1226 ³⁸.
1592 1194 1607 1224 ι
1641 1172 1946 1226 Corinthiis
1977 1186 2076 1239 per
2108 1170 2327 1237 Episto-

748 1274 853 1326 lam
906 1272 1148 1324 l’aulus:
1206 1289 1223 1319 ι
1254 1268 1321 1321 l'lt
1370 1283 1491 1335 ego,
1546 1267 1642 1329 ait,
1687 1264 1908 1333 quando
1957 1264 2079 1317 veni
2111 1262 2178 1316 ad
2210 1278 2326 1328 vos,

746 1365 968 1426 fratres,
1005 1378 1113 1415 non
1143 1362 1266 1413 veni
1301 1360 1352 1412 in
1394 1358 1735 1411 sublimitate
1787 1357 2059 1409 sermonis
2102 1363 2197 1408 aut
2246 1372 2330 1409 sa-

746 1453 990 1522 picntiw,
1021 1452 1353 1504 annuntians
1398 1448 1555 1501 vobis
1580 1448 1907 1517 mysterium
1940 1447 2167 1499 Christi.
2211 1445 2329 1500 Non

746 1544 1150 1613 cnimjudicavi
1176 1558 1261 1595 me
1291 1540 1500 1609 aliquid
1538 1538 1680 1593 scire
1708 1539 1852 1593 inter
1881 1554 1979 1592 vos
2008 1539 2113 1592 nisi
2141 1538 2328 1592 Jesum

747 1640 1052 1701 Christum,
1105 1646 1161 1690 et
1208 1635 1356 1687 hunc
1385 1633 1708 1687 cruciﬁxum
1746 1649 1760 1695 ;
1792 1640 1851 1685 ct
1880 1648 1981 1700 ego
2012 1632 2066 1684 in
2102 1631 2330 1683 inﬁrmi-

753 1741 858 1784 tate
888 1739 944 1784 ct
980 1730 1035 1782 in
1064 1729 1259 1781 timore
1286 1736 1341 1781 et
1369 1737 1605 1780 tremore
1630 1724 1704 1778 fui
1732 1724 1799 1777 ad
1832 1738 1929 1776 vos
1947 1725 2013 1776 θ’.
2040 1741 2057 1773 ι
2093 1723 2327 1776 lnducit:

2430 542 2566 609 πρὸς
2594 541 2757 609 ὑμᾶς,
2797 545 3036 613 ἀδελφοὶ,
3070 543 3234 617 ἦλθον
3262 550 3323 601 οὐ
3363 550 3483 603 καθ’
3517 552 3791 623 ὑπεροχὴν
3821 554 4027 621 λόγου,

2429 631 2461 699 ἢ
2498 633 2711 698 σοφίας,
2764 639 3149 705 καταγγέλλων
3181 641 3311 709 ὑμῖν
3335 641 3395 693 τὸ
3425 646 3723 713 μυστήριον
3748 646 3847 698 τοῦ
3878 647 4027 716 Χρι-

2430 724 2578 775 στοῦ.
2620 724 2694 775 Οὐ
2730 730 2839 795 γὰρ
2865 729 3055 798 ἔκρινα
3093 732 3292 786 εἰδέναι
3334 734 3392 785 ὲν
3433 733 3563 802 ὐμῖν
3600 737 3646 787 εί
3682 737 3756 805 μὴ
3803 737 4031 805 Ἰησοῦν

2430 815 2687 883 Χριστὸν,
2718 818 2812 868 καὶ
2840 818 3029 871 τοῦτον
3073 822 3495 894 ἐσταυρωμένον
3525 842 3540 857 ·
3574 828 3728 894 κάγὼ
3759 830 3816 880 ἐν
3851 829 4027 883 ἀσθε-

2429 905 2546 973 νείᾳ
2571 907 2665 957 καὶ
2698 908 2754 957 ἐν
2780 908 2932 976 φόϐῳ
2949 909 3044 961 καὶ
3058 909 3116 962 ἐν
3138 911 3327 980 τρόμῳ
3350 916 3616 986 ἐγενόμην
3640 919 3775 988 πρὸς
3796 920 3971 987 ὑμᾶς.
4003 938 4019 968 ι

2430 995 2540 1046 Καὶ
2570 997 2767 1063 ἐπάγει
2799 1014 2811 1027 ·
2850 1017 2867 1048 ι
2910 1000 3023 1051 Οὐκ
3055 1003 3112 1054 ἐν
3134 1002 3403 1066 διδακτοῖς
3438 1003 3786 1080 άνῡρωπίνης
3820 1015 4029 1073 σοφίας

2429 1088 2632 1154 λόγοις,
2674 1089 2791 1141 ἀλλ’
2835 1092 2893 1142 ἐν
2926 1092 3194 1156 διδακτοῖς
3224 1095 3564 1165 Πνεύματος,
3622 1106 4028 1167 πνευματικοῖς

2431 1182 2785 1249 πνευματικά
2824 1183 3230 1253 συγκρίνοντες.
3265 1187 3509 1256 Ψυχικὸς
3549 1188 3606 1241 δὲ
3642 1190 3931 1259 ἄνθρωπος
3960 1195 4027 1246 οὐ

2429 1272 2645 1341 δέχεται
2676 1274 2744 1327 τά
2775 1274 2871 1325 τοῦ
2911 1276 3231 1346 Ιινεύματος
3252 1278 3349 1331 τοῦ
3371 1280 3529 1334 Θεοῦ.
3557 1283 3756 1353 Μωρία
3781 1285 3895 1354 γὰρ
3927 1288 4025 1337 αἱ.-

2432 1364 2506 1431 τῷ
2539 1364 2712 1428 ἔσται,
2745 1366 2839 1418 καὶ
2872 1367 2934 1419 οὐ
2972 1367 3198 1423 δύναται
3229 1371 3451 1438 γνῶναι,
3495 1373 3576 1426 ὅτι
3628 1376 4030 1444 πνευματικῶς

2433 1457 2807 1525 ἀνακρίνεται.
2891 1458 2948 1511 Ὀ
3002 1459 3060 1512 δὲ
3111 1465 3485 1530 πνευματικὸς
3562 1466 3848 1535 ἀνακρίνει
3928 1468 4028 1534 μὲν

2432 1548 2635 1607 πάντα,
2677 1550 2843 1612 αὐτὸς
2869 1550 2927 1602 δὲ
2956 1551 3047 1603 ὐπ’
3078 1553 3291 1616 οὐδενὸς
3327 1557 3700 1627 ἀνακρίνεται.
3731 1578 3751 1609 ι
3784 1561 4029 1612 K111251-

2432 1636 2517 1689 λιν
2548 1656 2561 1669 ·
2598 1658 2616 1689 ι
2652 1640 2986 1710 Πεποίθησιν
3018 1642 3074 1693 δὲ
3094 1646 3353 1715 τοιαύτην
3382 1648 3580 1718 ἔχομεν
3599 1650 3735 1718 πρὸς
3760 1650 3854 1701 τὸν
3872 1650 4029 1712 Θεὸν,

2434 1728 2533 1796 οὐχ
2568 1728 2651 1780 ὅτι.
2682 1730 2777 1798 ἀφ’
2810 1730 3020 1783 ἑαυτῶν
3056 1732 3232 1784 ἱκανοί
3268 1734 3438 1801 ἐσμεν
3473 1736 3799 1803 λογίσασθαί
3839 1755 3915 1802 τι,
3953 1738 4032 1799 ὡς

756 1842 773 1873 ι
811 1824 927 1876 Νοιι
958 1822 1014 1875 in
1045 1821 1225 1876 doctis
1248 1821 1499 1873 humana:
1538 1816 1825 1886 sapientia:
1874 1815 2082 1879 verbis,
2127 1815 2226 1869 sed
2276 1816 2331 1869 in

2435 1818 2495 1882 ἐξ
2540 1821 2773 1887 ἑαυτῶν,
2822 1821 2941 1875 ἀλλ’
2972 1825 3006 1894 ἡ
3047 1823 3301 1894 ἱκανότης
3335 1824 3497 1894 ἡμῶν
3528 1826 3593 1878 ἐκ
3640 1828 3735 1879 τοῦ
3776 1828 3939 1893 Θεοῦ,
3972 1830 4034 1891 ὃς

751 1915 1003 1969 doctrina
1034 1915 1278 1984 spiritus,
1326 1910 1713 1981 spiritualibus
1757 1910 2064 1979 spiritualia
2106 1924 2331 1978 compa-

753 2016 959 2061 rantes.
991 2006 1257 2061 Animalis
1286 2015 1470 2057 autem
1502 2004 1667 2055 homo
1693 2018 1803 2054 non
1841 2001 2079 2070 percipit
2114 2016 2180 2054 ca
2209 2016 2331 2069 qua:

2437 1913 2993 1983 καὶίκάνωσενήμᾶς
3047 1916 3333 1979 διακόνους
3384 1917 3581 1985 καινῆς
3625 1918 3921 1988 διαθήκης,
3969 1924 4033 1974 οὐ

2436 2005 2789 2075 γράμματος,
2818 2006 2959 2059 ἀλλὰ
2988 2009 3300 2077 πνεύματος
3325 2025 3339 2039 ·
3372 2010 3434 2063 τὸ
3470 2010 3580 2081 γάρ
3612 2012 3855 2081 γράμμα
3895 2014 4035 2066 ἀπο-

750 2108 878 2155 sunt
901 2098 1253 2168 spiritusDei
1290 2115 1303 2150 :
1336 2096 1567 2150 stultitia
1603 2094 1749 2148 enim
1773 2102 1858 2146 est
1883 2093 1984 2157 illi,
2013 2102 2070 2147 et
2098 2108 2208 2146 non
2234 2107 2333 2162 po-

2435 2098 2657 2160 κτείνει,
2692 2098 2755 2151 τὸ
2775 2099 2830 2151 δὲ
2853 2099 3075 2168 πνεῦμα
3105 2100 3380 2165 ζωοποιεῖ.
3409 2122 3427 2152 ι
3458 2103 3571 2156 Καὶ
3594 2104 3762 2156 πάλιν
3781 2120 3796 2134 ο
3830 2124 3848 2154 ι
3890 2104 4033 2171 Ἐγὼ

752 2199 858 2243 test
917 2189 1258 2257 intelligere,
1319 2185 1448 2254 quia
1507 2184 1873 2253 spiritualiter
1940 2184 2332 2246 exatninatur;

2435 2189 2673 2255 ἐμαυτὸν
2690 2188 2843 2241 οὐπω
2868 2190 3155 2260 λογίζομαι
3184 2192 3596 2262 κατειληφέναι,
3630 2194 3691 2246 ἒν
3718 2195 3800 2257 δὲ,
3830 2193 3903 2246 τά
3933 2194 4038 2263 μὲν

751 2280 1059 2349 spiritttalis
1085 2287 1270 2333 autem
1300 2275 1569 2346 dijudicat
1595 2274 1800 2337 omnia,
1832 2283 1889 2327 et
1916 2273 2031 2341 ipse
2065 2289 2094 2326 ιι
2118 2274 2333 2327 nemine

2435 2277 2658 2330 ὄπισθεν
2701 2280 3213 2350 ἐπιλανθανόμενος,
3244 2284 3358 2345 τοῖς
3404 2282 3463 2335 δέ
3499 2282 3822 2353 ἔμπροσθεν
3864 2286 4035 2336 ἐπεκα

746 2370 1025 2440 judieatnr
1056 2370 1092 2421 ¹.
1130 2388 1147 2421 ι
1179 2369 1416 2422 Rursum
1444 2383 1455 2417 :
1486 2384 1504 2415 ι
1534 2362 1936 2417 Confidentiatn
1973 2363 2134 2416 talem
2167 2364 2333 2418 habe-

2438 2385 2493 2421 τε
2504 2371 2764 2437 ινόμενος.
2802 2391 2819 2421 ι

753 2479 876 2516 mus
900 2463 965 2515 ad
990 2462 1184 2525 Deum,
1214 2474 1324 2513 non
1347 2458 1492 2527 quod
1516 2454 1849 2511 sulﬁcientes
1878 2456 2055 2510 simus
2079 2457 2323 2526 cogitare
2363 2458 2569 2529 aliquid
2594 2478 2622 2514 a
2652 2465 2832 2527 nobis,
2863 2465 3017 2533 quasi
3076 2481 3141 2520 ex
3203 2465 3366 2520 nobis
3432 2467 3567 2535 ipsis
3596 2484 3610 2530 ;
3659 2468 3757 2522 sed
3804 2468 4033 2528 idoneos

752 2572 854 2611 nos
886 2555 1015 2607 ferit
1042 2554 1325 2609 ministros
1354 2553 1479 2605 novi
1514 2550 1850 2616 testamenti,
1876 2566 1986 2603 non
2008 2550 2212 2611 littera,
2239 2551 2334 2605 sed
2374 2553 2602 2621 spiritus
2633 2572 2645 2607 :
2672 2555 2853 2609 littera
2884 2558 3031 2611 enim
3097 2557 3321 2623 occidit,
3352 2560 3583 2628 Spiritus
3634 2570 3826 2615 autem
3852 2562 4034 2614 \‘ivili‘

753 2659 851 2700 rat
877 2651 917 2698 ².
960 2665 977 2695 ι
1026 2645 1225 2698 Iterum
1262 2663 1273 2697 :
1314 2662 1331 2694 ι
1366 2645 1479 2713 Ego
1505 2661 1590 2698 me
1623 2646 1801 2713 ipsum
1830 2643 2075 2697 nondum
2108 2642 2348 2697 arbitror
2387 2646 2872 2714 comprehendisse
2904 2667 2919 2704 :
2949 2666 3118 2704 unum
3151 2662 3358 2712 autem,
3424 2668 3489 2706 ea
3553 2667 3677 2721 qua:
3706 2665 3840 2708 sunt
3882 2663 4033 2708 retro

757 2741 1117 2803 obliviseens;
1149 2737 1217 2791 ad
1243 2753 1306 2791 ea
1339 2752 1468 2791 vero
1497 2752 1620 2805 qua:
1643 2744 1775 2789 sunt
1800 2735 2011 2804 priora,
2038 2733 2343 2789 extendens
2382 2738 2655 2807 meipsum
2694 2739 2734 2791 ³.
2774 2760 2789 2789 ι

826 2858 969 2909 Sane
998 2854 1139 2906 hanc
1168 2850 1417 2919 Apostoli
1451 2846 1775 2901 modestiam
1806 2861 1925 2899 sese
1956 2845 2020 2899 ad
2053 2862 2180 2897 cum
2214 2861 2331 2899 mo-

754 2950 885 3001 dum
913 2944 1256 3001 demittentis
1286 2957 1386 3011 pro
1426 2940 1597 3001 virili,
1642 2939 1858 2999 fratres,
1916 2936 2217 2998 imitemur.
2271 2952 2335 2991 ac

755 3039 1075 3092 desinamus
1103 3033 1391 3102 magniﬁce
1411 3030 1479 3084 de
1500 3030 1661 3083 nobis
1693 3029 1828 3097 ipsis
1861 3027 2066 3081 sentire
2099 3026 2171 3079 ob
2195 3042 2335 3096 qua-

2512 2850 2900 2922 Μιμησώμεοα
2934 2848 3048 2917 οὖν,
3085 2854 3326 2922 ἀδελφοὶ,
3370 2857 3472 2924 τὴν
3518 2860 4031 2929 ταπεινοφροσύνην

2440 2939 2534 2991 τοῦ
2579 2942 2930 3009 ’Λποστόλου,
2962 2948 3055 2997 καὶ
3082 2947 3492 3017 άποὸαλὼμεθα
3511 2949 3571 3002 τὸ
3612 2950 3759 3019 μέγα
3814 2956 4031 3024 φρονεῖν

2441 3032 2535 3084 ἐπὶ
2565 3036 2631 3105 τῇ
2665 3036 2879 3089 ἑαυτῶν
2922 3040 3085 3109 σοφίᾳ
3118 3038 3213 3091 καὶ
3266 3039 3481 3092 συνέσει
3516 3056 3529 3070 '
3562 3041 3899 3112 φοϐούμενοι
3926 3046 4029 3113 μά-

757 3133 1088 3197 lemcunqnc
1114 3124 1276 3177 nobis
1328 3121 1596 3176 indultam
1651 3118 1975 3188 sapientiam
2029 3127 2086 3171 et
2132 3118 2333 3173 intelli-

2439 3124 2597 3179 λιστα
2620 3126 2718 3198 τὴν
2750 3106 3071 3202 παραϐολὴν
3096 3131 3191 3185 τοῦ
3228 3133 3459 3201 Κυρίου,
3631 3106 3769 3206 περὶ
3796 3138 3894 3192 τοῦ
3927 3106 4027 3210 με-

756 3222 1016 3291 gcntiam,
1048 3215 1306 3287 parabola
1338 3213 1585 3268 exterriti
1613 3228 1775 3281 quam
1820 3212 2039 3265 induxit
2077 3212 2333 3266 Dominus

2440 3215 2715 3286 γαλαύχου
2744 3218 3064 3290 Φαρισαίου,
3090 3221 3186 3274 καὶ
3215 3219 3309 3274 τοῦ
3339 3220 3595 3277 τελώνου.

757 3316 825 3365 ale.
855 3310 1134 3367 Pharisaao
1163 3322 1282 3362 sese
1318 3304 1613 3375 gloriosius
1666 3303 1984 3357 venditante
2016 3313 2179 3371 atque
2231 3302 2336 3357 Pu-

757 3403 993 3457 bheano.

829 3495 916 3548 Ait
945 3492 1093 3546 enim
1130 3509 1141 3543 :
1196 3510 1214 3541 ι
1259 3488 1424 3544 Stans
1459 3488 1767 3543 Pharisaeus
1802 3486 1946 3555 apud
1983 3486 2337 3554 semetipsum

758 3584 872 3635 luce
905 3580 1098 3634 orabat
1131 3598 1142 3632 :
1195 3579 1361 3639 Deus,
1392 3577 1592 3647 gratias
1620 3590 1722 3645 ago
1758 3574 1881 3638 tibi,
1921 3574 2048 3643 quia
2076 3590 2182 3628 non
2216 3590 2337 3628 sum

757 3675 903 3727 sicut
945 3671 1129 3725 cmteri
1164 3670 1468 3732 hominum,
1504 3675 1772 3735 raptores,
1806 3665 2015 3735 injusti,
2047 3674 2142 3718 aut
2172 3666 2337 3719 etiam

760 3774 818 3816 nt
850 3763 939 3816 hic
966 3761 1293 3831 publicanus
1319 3776 1333 3823 ;
1376 3758 1711 3813 Publicanus
1740 3764 1932 3809 contra
1988 3755 2338 3824 percutiebat

759 3864 963 3925 pectus
999 3868 1184 3915 suum,
1217 3851 1412 3905 dicens
1444 3864 1462 3904 :
1511 3847 1680 3909 Deus,
1704 3847 1977 3916 propitius
2032 3855 2151 3900 esto
2202 3846 2336 3900 mihi

762 3945 1032 4014 peeratori
1065 3945 1107 3995 ⁸.
1141 3961 1159 3994 ι
1204 3940 1418 3996 lnducit
1447 3958 1459 3992 :
1507 3959 1525 3989 ι
1558 3940 1691 3993 Dico
1726 3940 1900 3999 vobis,
1929 3936 2216 3992 descendit
2248 3937 2338 3991 hic

755 4035 1090 4107 justiﬁeatus
1118 4035 1175 4087 in
1206 4032 1433 4086 domum
1459 4045 1615 4084 suam
1646 4029 1817 4100 magis
1849 4044 2015 4098 quam
2046 4028 2137 4083 ille
2162 4045 2175 4092 ;
2209 4029 2335 4097 quia

759 4130 940 4183 mimis
961 4129 1054 4198 qui
1086 4142 1145 4181 se
1184 4124 1409 4187 esaltat,
1444 4121 1867 4185 humiliabitur;
1897 4131 1954 4175 et
1993 4121 2086 4190 qui
2135 4137 2193 4175 sc
2232 4121 2336 4174 hu-

760 4219 956 4283 miliat,
989 4216 1321 4271 exaltabitur
1355 4215 1396 4265 ⁵.
1444 4230 1461 4261 ι
1504 4212 1609 4282 Ipsi
1639 4211 1807 4282 gloria
1852 4211 1906 4263 in
1938 4211 2131 4264 saecula
2163 4224 2337 4264 Stern-

761 4312 959 4364 lnrum.
988 4310 1181 4363 Amen.

1150 4419 1361 4490 1103
1419 4417 1698 4474 IIOMILIA
1737 4416 1939 4471 XLVII.

1137 4537 1412 4590 Neminem
1462 4535 1646 4585 debere
1678 4533 1960 4585 contemni.

2508 3480 2676 3548 Φησὶν
2723 3482 2832 3553 γάρ
2856 3500 2869 3513 ο
2910 3500 2929 3533 ι
2955 3484 3181 3547 Σταθεὶς
3216 3487 3245 3540 6
3290 3488 3607 3560 Φαρισαῖος,
3650 3492 3792 3561 πρὸς
3834 3494 4026 3547 ἑαυτὸν

2437 3568 2611 3622 ταῦτα
2642 3570 2839 3641 ηὔχετο
2865 3572 2954 3626 ο⁹Ο
2983 3574 3136 3639 Θεὸς,
3171 3577 3479 3648 εὐχαριστῶ
3516 3596 3618 3645 σοι,
3648 3580 3733 3632 ὅτι
3754 3582 3859 3634 οὐκ
3890 3584 4023 3651 εἰμὶ,

2436 3662 2511 3723 ὡς
2539 3663 2587 3713 οἱ
2628 3662 2802 3715 λοιποὶ
2829 3663 2940 3717 τῶν
2966 3664 3292 3737 ἀνθρώπων,
3333 3669 3605 3738 ἅρπαγες,
3639 3671 3844 3732 ἄδικοι.
3881 3673 4025 3744 [μοι-

2438 3751 2567 3820 xei],
2612 3752 2645 3822 ἢ
2691 3754 2786 3807 καὶ
2823 3755 2899 3817 ὡς
2936 3751 3092 3820 οὗτος
3143 3758 3171 3809 6
3229 3757 3492 3828 τελώνης.
3563 3760 3622 3813 Ὀ
3674 3762 3733 3813 δὲ
3786 3764 4028 3835 τελώνης

2438 3840 2671 3894 ἔτυπτεν
2704 3843 2765 3895 τὸ
2803 3845 2999 3914 στῆθος
3048 3847 3215 3900 αὐτοῦ
3245 3849 3419 3917 λέγων
3452 3868 3466 3882 ο
3487 3850 3547 3904 '0
3583 3852 3737 3917 Θεὸς,
3776 3855 4028 3924 ἱλάσθητί

2441 3952 2530 4004 μοι
2573 3934 2652 4004 τῷ
2683 3936 3014 4007 ἁμαρτωλῷ.
3048 3957 3067 3989 ι
3102 3940 3208 3991 Καὶ
3239 3941 3434 4009 ἐπάγει
3464 3958 3477 3972 ο
3518 3962 3537 3993 ι
3573 3944 3731 4010 Λέγω
3760 3946 3918 4014 ὑμῖν,
3948 3949 4028 3999 ὅτι

2440 4024 2645 4093 κατέὸη
2669 4018 2838 4094 ςούτος
2868 4028 3291 4099 δεδικαιωμένος
3337 4033 3416 4095 είς
3446 4032 3540 4087 τὸν
3580 4029 3732 4086 οἷκον
3770 4037 3965 4101 αὐτοῦ,
3994 4040 4027 4107 ἢ

2439 4116 2664 4178 ἐκεῖνος.
2693 4115 2819 4169 Ὀτι
2868 4121 2977 4180 πᾶς
3018 4121 3047 4170 6
3093 4121 3245 4187 ὑψῶν
3293 4122 3484 4174 ἐαυτὸν
3530 4126 4024 4197 ταπεινωθήσεται,

2440 4206 2532 4258 καὶ
2565 4208 2593 4259 6
2622 4209 2892 4261 ταπεινῶν
2922 4211 3136 4275 ἐαυτὸν,
3168 4212 3538 4284 ὑψωθήσεται.
3580 4235 3598 4266 ι
3639 4218 3805 4288 Αὐτῷ
3839 4221 3873 4289 ὴ
3904 4220 4029 4286 δόξα

2440 4298 2518 4359 είς
2547 4296 2676 4360 τούς
2700 4298 2926 4363 αἰῶνας.
2974 4302 3172 4372 Ἀμήν.

3045 4418 3265 4471 ΛΟΓΟΣ
3288 4418 3417 4472 MZ'.

2758 4531 2898 4599 Περὶ
2927 4531 3034 4585 τοῦ
3054 4530 3141 4599 μὴ
3174 4530 3520 4595 ἐξουθενεῖν
3550 4548 3704 4585 τινα.

833 4652 1159 4720 Neutiquam
1204 4650 1285 4703 fas
1322 4649 1393 4702 sit
1426 4646 1599 4701 ullum
1636 4646 1921 4699 hominum
1960 4651 2333 4707 contemnere,

2516 4643 2592 4696 Οὐ
2622 4643 2842 4715 θεμιτόν
2872 4645 3021 4697 ἐστιν
3058 4642 3359 4706 ἐξουθενείν
3389 4660 3533 4707 τινα,
3571 4644 3606 4713 ἦ
3646 4644 4024 4717 εὐτελίζειν,ῆ

763 4754 857 4797 aut
887 4743 1038 4795 illius
1079 4739 1416 4794 inuninuere
1454 4735 1677 4798 famam,
1726 4744 1821 4788 aut
1873 4743 2023 4787 certe
2071 4733 2338 4787 adversus

2435 4738 2755 4807 ἐπαίρεσθαι
2776 4738 2919 4790 κατά
2948 4754 3114 4799 τινος,
3136 4736 3212 4799 ὡς
3247 4736 3329 4788 ὅτι
3364 4734 3583 4805 ἰδιώτης
3614 4738 3789 4803 ἐστὶν,
3818 4740 3855 4811 ἢ
3882 4742 4025 4796 ἁνεί-

762 4834 930 4886 alium
968 4844 1089 4884 sese
1120 4828 1319 4881 ellerre
1366 4825 1742 4896 impotentius,
1785 4831 1917 4892 pu'ta
1967 4822 2112 4891 quod
2169 4822 2333 4876 idiota

2435 4830 2572 4895 δεος,
2594 4828 2627 4898 ἦ
2645 4827 2884 4897 ἀμαθὴς,
2903 4827 2934 4898 ἢ
2955 4827 3182 4897 ἀμελὴς,
3201 4827 3233 4898 ἢ
3252 4830 3366 4898 ἁμα
3376 4828 3597 4899 ρτωλὸς,
3615 4832 3646 4901 ἢ
3665 4833 3798 4901 περὶ
3822 4836 4028 4905 οίουδή-

763 4926 854 4982 sit.
886 4939 987 4976 nec
1022 4930 1146 4990 agat
1169 4935 1270 4989 pro
1308 4926 1577 4987 potestate
1614 4915 1709 4970 sed
1748 4917 2015 4984 privatus,
2071 4923 2167 4967 aut
2209 4916 2339 4983 quia

763 5015 1031 5071 deformis
1060 5024 1165 5076 est,
1199 5018 1488 5066 cunctator
1514 5018 1571 5062 et
1607 5008 1854 5077 ignavus,
1886 5014 2164 5074 peccator,
2186 5006 2341 5060 rudis

762 5119 819 5162 et
854 5108 1058 5160 inscius
1088 5106 1421 5165 litterarum,
1456 5102 1698 5170 denique
1746 5101 1820 5155 ob
1859 5102 2090 5155 similem
2146 5115 2339 5170 quam-

764 5212 981 5266 cunque
1058 5210 1301 5248 causam.
1361 5192 1511 5257 Quos
1568 5192 1715 5246 enim
1776 5190 1914 5243 nihil
1963 5190 2217 5244 ducimus
2286 5199 2342 5243 et

765 5302 1147 5358 aspernamur,
1182 5286 1327 5339 Deus
1363 5284 1663 5338 clementer
1698 5290 1988 5350 respectat,
2019 5289 2075 5335 et
2105 5295 2339 5349 quorum

767 5379 1150 5434 imminuimus
1184 5377 1406 5439 famam,
1457 5376 1580 5429 illos
1631 5374 1726 5428 Dei
1770 5374 2079 5441 benignitas
2124 5380 2371 5426 revocat-

765 5471 832 5525 ad
868 5470 1205 5525 moderatam
1236 5469 1361 5522 vitae
1399 5467 1741 5536 temperiem.
1777 5466 1991 5519 Rursus
2026 5483 2037 5517 :
2089 5463 2146 5517 Si
2192 5464 2337 5517 ouod

842 5677 887 5705 θ’
918 5674 1031 5727 Jac.
1076 5688 1146 5732 tv,
1200 5668 1284 5723 16.
1384 5669 1427 5698 ’⁸
1455 5667 1609 5721 Rom.
1668 5682 1764 5727 xu,
1806 5667 1888 5719 16.

776 5747 824 5811 1,
864 5745 915 5797 2.
1000 5747 1011 5773 ¹
1050 5741 1185 5799 ibid.
1212 5741 1266 5804 4,
1300 5738 1383 5803 1-1,
1420 5739 1502 5792 15.
1583 5738 1600 5766 ²
1633 5737 1672 5789 ll
1703 5738 1829 5791 (lor.
1862 5753 1941 5798 ιιι,
1976 5737 2094 5790 ι1-ίί.

2000 5665 2047 5695 ⁸⁸
2074 5664 2176 5719 lsa.
2210 5681 2262 5726 v,
2298 5664 2386 5717 2i.

2176 5736 2195 5767 ³
2226 5734 2461 5803 ΡΙιὶΙὶιιιι.
2493 5750 2571 5801 ιιι,
2606 5734 2689 5790 15.

2439 4936 2571 4972 ποτε
2627 4919 2976 4989 πράγματος.
3036 4918 3143 4982 Οὓς
3202 4920 3312 4991 γὰρ
3380 4924 3543 4992 ἡμεῖς
3605 4924 4023 4997 ἐξουθενοῦμεν,

2436 5013 2661 5073 τούτους
2688 5014 2716 5064 6
2745 5010 2877 5074 Θεὸς
2907 5011 3224 5080 ἐπιλέγεται
3244 5030 3257 5042 ο
3297 5016 3391 5067 καὶ
3421 5014 3515 5078 οὓς
3559 5018 3727 5086 ἡμεῖς
3753 5019 4023 5085 εὐτελίζο-

2443 5120 2565 5172 μεν,
2589 5102 2812 5166 τούτους
2828 5104 2857 5155 6
2879 5102 3013 5167 Θεὸς
3036 5107 3119 5169 εἰς
3142 5105 3340 5177 μέτρον
3359 5106 3482 5175 ἄγει
3503 5126 3517 5138 ο
3544 5109 3708 5180 πλὴν.
3730 5113 3780 5163 εί
3798 5114 4025 5183 εἴληφας

2441 5194 2690 5265 χάρισμα
2721 5194 3115 5263 πνευματικὸν,
3142 5196 3236 5248 καὶ
3254 5195 3414 5263 λόγον
3440 5198 3655 5265 σοφίας,
3681 5199 3715 5269 ἢ
3749 5201 4023 5267 γνώσεως,

2442 5283 2474 5351 ἦ
2502 5283 2853 5345 διδασκαλίας
2880 5285 2911 5350 ἢ
2948 5285 3303 5354 προφητείας,
3335 5286 3368 5355 ἢ
3393 5285 3694 5350 διακονίας,
3732 5289 4025 5361 εὐλογητὸς

2439 5376 2468 5425 6
2500 5372 2631 5435 Θεὸς
2660 5374 2689 5424 6
2715 5373 3087 5443 πάμπλουτος.
3120 5395 3136 5425 ι
3173 5378 3202 5428 6
3230 5374 3383 5441 Θεὸς,
3443 5379 3471 5430 6
3501 5377 3679 5441 διδοὺς
3724 5382 3896 5434 πᾶσιν
3938 5385 4025 5434 άν-

2444 5464 2706 5533 θρώποις,
2734 5465 2830 5519 καὶ
2863 5465 2939 5535 μὴ
2982 5465 3279 5530 ὀνειδίζων.
3318 5486 3336 5518 ι
3399 5468 3471 5522 Σὺ
3512 5465 3604 5523 οὖν
3664 5471 3742 5541 μὴ
3788 5473 4020 5543 ἐπαίρου

2465 5664 2509 5695 ’τ
2537 5663 2681 5737 Psal.
2713 5679 2861 5737 xctn,
2892 5666 2977 5718 ll.
3056 5666 3104 5695 "'
3125 5666 3270 5722 Psal.
3304 5683 3474 5729 xxxii,
3502 5666 3584 5722 l0.
3662 5670 3709 5701 ”
3743 5670 3763 5724 l
3795 5671 3927 5728 Cor.
3958 5693 4012 5737 ιι,

2770 5736 2789 5767 ⁸
2824 5734 2952 5792 Luc.
2987 5753 3137 5805 xvm,
3188 5737 3374 5793 11-13.
3448 5742 3467 5770 '
3500 5739 3633 5794 ibid.
3668 5741 3754 5796 1-1.
