4178 6436
166 451 297 517 1581
868 449 1189 509 nonum
1231 445 1896 505 Xl.\'l[.-—NEMINEM
1940 443 2237 505 DEBERE
2274 444 2686 504 CONTEMNI.
3256 441 3394 506 1532

165 566 308 619 κατὰ
330 562 424 615 τοῦ
456 560 703 630 πλησίον,
740 558 861 611 ἐπεὶ
889 558 949 609 οὐ
987 554 1293 623 παραμένει
1322 570 1404 604 σοι
1450 553 1483 620 ὴ
1532 552 1689 620 χάρις
1718 567 1731 580 ·
1762 556 1806 611 Α

1762 556 1806 611 Α
1835 553 2092 621 accepisti
2132 553 2412 621 spirituale
2463 552 2690 611 donum,
2742 558 2894 618 puta,
2943 565 3249 606 sermonem
3304 570 3392 608 sa-

164 658 227 709 οὐ
260 655 603 725 βδελύττεται
648 651 756 720 γὰρ
785 651 912 711 τοὺς
953 646 1248 706 τοιούτους.
1292 646 1553 714 Χάρισμα
1591 642 1732 711 ἔχεις

1835 643 2074 711 pientim,
2110 653 2205 697 aut
2235 644 2498 705 scientiae,
2524 651 2618 696 aut
2642 641 2927 704 doctrinae,
2950 651 3044 696 aut
3074 645 3394 713 prophetim,

167 748 324 816 παρᾶ
372 748 610 817 Κυρίου,
656 742 975 809 διακόνησον
1012 740 1124 798 τοῖς
1176 737 1587 805 πνευματικοῖς,
1625 735 1735 795 τοῖς

1835 744 1929 788 aut
1956 736 2399 798 ministrationis,
2432 735 2755 788 benedictus
2798 734 2944 787 Deus
2965 748 3062 803 per
3089 738 3270 788 omnia
3314 736 3398 790 di-

168 841 556 907 γινώσκουσιν,
587 838 668 889 ὅτι
696 835 730 888 ὃ.
758 833 958 901 λέγεις,
992 829 1196 897 Κυρίου
1230 828 1398 889 ἐστὶν,
1428 827 1507 883 είς
1536 824 1737 876 οἰκοδο-

1835 844 1931 882 vos
1965 845 1977 879 :
2017 847 2035 879 ι
2067 829 2230 892 Deus,
2266 829 2510 896 inquam,
2545 827 2636 894 qui
2666 826 2758 879 dat
2785 825 3041 879 omnibus
3062 825 3396 888 hominibus.

172 929 283 998 μὴν
310 932 407 993 τῆς
435 928 491 978 ἐν
519 924 738 995 Χριστῷ
787 920 1162 987 ἀδελφότητος,
1203 919 1260 968 ὲν
1294 915 1442 984 πάσῃ
1484 931 1736 968 ταπεινοο

1838 930 1939 971 nec
1961 916 2294 986 impropera’t
2318 918 2360 969 ο.
2392 935 2409 966 ι
2445 916 2569 969 Tibi
2591 915 2812 968 interim
2836 916 3305 984 prospiciendum,
3332 932 3399 971 ne

171 1020 417 1089 φροσύνῃ
452 1016 547 1069 καὶ
576 1015 845 1085 πραότητι
874 1025 887 1038 °
916 1010 1053 1078 ὅπερ
1083 1009 1229 1061 ἐστὶν
1261 1007 1424 1059 καλὸν
1468 1006 1562 1057 καὶ
1597 1003 1738 1072 ὠφέ-

1838 1012 2057 1080 quando
2089 1012 2193 1065 hoc
2233 1012 2454 1065 nomine
2505 1010 2720 1063 elevcre
2779 1008 3040 1061 adversus
3094 1008 3400 1077 proximum

170 1108 333 1176 λιμον
369 1109 480 1168 τοῖς
525 1100 849 1170 ἀνθρώποις.
878 1097 1193 1165 Γέγραπται
1223 1092 1277 1145 δὲ
1312 1095 1369 1144 ἐν
1390 1093 1511 1153 ταῖς
1533 1092 1736 1158 Παροι-

1842 1101 2187 1156 insolentius.
2225 1101 2416 1154 lstluec
2450 1100 2596 1152 enim
2645 1098 2836 1167 gratia,
2890 1112 3012 1151 cum
3071 1099 3402 1167 temporaria

174 1197 370 1266 μίαις·
415 1215 431 1243 ι
466 1192 556 1261 Μὴ
606 1188 896 1255 ἐπαινέσῃς
962 1185 1129 1253 ἄνδρα
1189 1184 1249 1235 ὲν
1304 1180 1489 1234 κάλλει
1548 1178 1738 1239 αὑτοῦ,

1841 1187 1930 1250 sit,
1961 1205 2071 1242 non
2104 1195 2190 1241 est
2219 1201 2387 1255 penes
2419 1195 2470 1239 te
2501 1200 2669 1237 unum
2712 1199 3087 1252 permansura.
3114 1183 3272 1238 Tales
3300 1186 3407 1238 Do-

171 1290 271 1336 καὶ
301 1282 378 1350 μὴ
411 1279 671 1349 βδελύξῃς
701 1277 984 1345 ἄνθρωπον
1015 1278 1073 1327 ὲν
1106 1274 1294 1343 ὁράσει
1338 1273 1524 1325 αὑτοῦ.
1551 1269 1739 1337 Μικρὰ

1843 1279 2026 1331 minus
2059 1276 2451 1331 abominationi
2485 1275 2651 1328 habet
2697 1284 2752 1327 et
2803 1282 3139 1327 exsecratur.
3194 1277 3404 1330 Donum

170 1374 232 1422 ὲν
266 1372 536 1431 πετεινοῖς
565 1370 598 1437 ὴ
656 1368 917 1438 μέλισσα,
969 1364 1065 1416 καὶ
1110 1363 1255 1433 ἀρχὴ
1294 1362 1677 1431 γλυκάσματος
1715 1361 1743 1411 6

1842 1368 2137 1436 quodpiam
2172 1367 2367 1420 sortito
2418 1364 2707 1434 accepisti,
2766 1364 2860 1417 Dei
2915 1364 3267 1433 benignitate,
3322 1367 3407 1420 fac

170 1462 392 1531 καρπὸς
445 1460 638 1526 αὐτῆς.
672 1479 690 1508 ν
729 1460 839 1510 Καὶ
892 1455 1060 1507 πάλιν
1088 1471 1104 1486 ο
1163 1473 1181 1504 ‹
1231 1452 1422 1505 Πολλοὶ
1488 1451 1743 1521 τύραννοι

1846 1458 1977 1511 illud
2012 1458 2326 1526 impertiare
2354 1455 2719 1510 connuuniter
2760 1464 2816 1508 et
2864 1455 3216 1509 administros
3250 1456 3409 1524 spiri-

172 1549 439 1601 ἐκάθισαν
486 1548 573 1598 ἐπ’
602 1546 830 1612 ἐδάφους
857 1561 870 1574 ·
903 1545 932 1594 6
970 1542 1026 1594 δὲ
1062 1541 1423 1609 ἀνυπονόητος
1488 1540 1747 1610 ἐφόρεσεν

1847 1549 2104 1602 tualibus.
2140 1547 2339 1614 Utique
2363 1546 2451 1600 isti
2471 1560 2789 1614 persuasum
2810 1546 3012 1599 habent
3040 1554 3094 1600 et
3128 1562 3225 1614 pro
3256 1562 3408 1601 com-

173 1639 440 1707 διάδημα.
484 1655 502 1687 ι
540 1636 651 1690 Kal
694 1638 753 1687 ἐν
795 1637 865 1704 τῇ
906 1630 1097 1702 πρώτῃ
1130 1631 1237 1683 τῶν
1265 1629 1580 1691 Βασιλειῶν,
1620 1628 1748 1698 περὶ

1846 1650 2023 1712 perto,
2051 1638 2179 1709 quia
2208 1654 2330 1707 quae
2358 1638 2500 1691 dicis
2532 1645 2613 1699 tu,
2648 1637 2862 1690 Domini
2897 1637 3085 1705 utique
3123 1646 3272 1701 sunt,
3324 1637 3410 1691 id-

176 1732 289 1782 τῶν
352 1729 482 1780 υἱῶν
547 1727 747 1781 Ἰεσσαὶ
792 1722 947 1779 εἶπεν
1006 1725 1205 1793 Κύριος
1259 1722 1394 1792 πρὸς
1450 1719 1743 1791 Σαμουὴλ·

1848 1748 1953 1802 quc
1981 1732 2047 1784 ad
2074 1728 2517 1791 tedilicationem,
2548 1743 2671 1781 cum
2710 1727 2857 1781 omni
2881 1727 3146 1780 modestia
3175 1736 3231 1781 et
3256 1744 3409 1781 man-

184 1841 205 1874 ε
239 1824 335 1893 Μή
385 1821 683 1890 ὲπιδλέῲῃς
731 1820 809 1880 είς
863 1818 961 1886 τήν
1010 1817 1132 1884 ὃψιν
1157 1814 1343 1881 αὐτοῦ,
1372 1811 1505 1884 μήδὲ
1540 1816 1617 1877 είς
1649 1813 1748 1883 τήν

1851 1822 2164 1885 suetudine,
2200 1820 2347 1890 quod
2376 1820 2441 1874 ad
2483 1834 2828 1874 communem
2851 1820 3093 1872 omnium
3119 1819 3267 1873 cedit
3298 1836 3412 1873 ma-

179 1914 300 1977 ἓξιν
329 1914 422 1966 τοῦ
456 1909 720 1979 μεγέθους
750 1908 939 1974 αὑτοῦ,
969 1909 1052 1960 ὃτι
1095 1905 1389 1976 ἀπώσομαι
1428 1905 1589 1957 αὐτόν
1622 1921 1633 1932 ·
1669 1905 1749 1956 ὅτι
1781 1898 1823 1951 Β

1781 1898 1823 1951 Β
1850 1930 2090 1985 gnopere
2134 1912 2203 1967 ad
2237 1912 2725 1967 commendandam
2774 1912 3084 1965 utilitatem.
3138 1912 3411 1981 Scriptum

179 2005 282 2071 οὐχ
317 2004 392 2064 ὡς
426 2001 524 2053 ἴδοι
562 2002 590 2052 6
632 2003 783 2063 Θεὸς,
821 2000 1013 2068 ὄψεται
1063 1998 1348 2067 ἄνθρωπος
1373 2013 1385 2025 ·
1427 1998 1509 2049 ὅτι
1543 1996 1751 2066 ἄνθρω-

1850 2003 2052 2073 quippe
2074 2011 2159 2057 est
2188 2002 2242 2055 in
2278 2000 2593 2056 Proverbiis
2627 2017 2639 2051 :
2703 2018 2722 2048 ι
2757 1998 2835 2052 Ne
2883 1999 3196 2053 laudaveris
3225 1999 3404 2052 virum

180 2110 288 2154 πος
325 2091 511 2159 bal/stat
549 2092 629 2153 είς
667 2091 976 2159 πρόσωπον,
1004 2090 1033 2141 ὁ
1057 2090 1113 2141 δὲ
1138 2089 1268 2151 Θεὸς
1323 2090 1403 2150 εἰς
1436 2087 1684 2156 καρδίαν.
1726 2106 1745 2138 ι

1851 2096 1905 2148 in
1947 2094 2131 2163 specie
2162 2092 2331 2155 illius,
2363 2101 2511 2144 etne
2537 2090 2872 2143 abomineris
2903 2089 3180 2144 hominem
3208 2090 3265 2143 in
3295 2090 3413 2144 visu

184 2186 298 2237 Kal
330 2185 651 2253 παρήγαγεν
688 2182 888 2233 Ἰεσσαὶ
918 2182 1042 2242 τοὺς
1070 2179 1209 2232 ἑπτὰ
1238 2180 1385 2240 υἱοὺς
1415 2177 1600 2238 αὐτοῦ,
1628 2177 1753 2239 τοὺς

1850 2187 2007 2255 ejus:
2037 2184 2221 2238 brevis
2251 2183 2305 2234 in
2336 2179 2655 2234 volatilibus
2684 2180 2822 2247 apis,
2855 2186 2911 2232 et
2935 2178 3149 2232 initium
3175 2177 3417 2232 dulcoris

180 2274 466 2335 δυνατούς.
498 2274 609 2326 Kal
663 2270 786 2324 οὔτε
825 2271 922 2325 ἕνα
960 2272 1020 2335 ἐξ
1052 2270 1232 2324 αὐτῶν
1267 2266 1548 2333 ἐξελέξατο
1580 2271 1608 2321 6
1639 2267 1751 2321 Κύ-

1851 2276 2062 2329 l'ructus
2095 2274 2215 2341 ejus
2252 2279 2339 2324 est
2383 2270 2425 2321 ⁷.
2460 2286 2477 2318 ι
2529 2268 2572 2321 Ε
2627 2267 2885 2321 diverso;
2946 2286 2963 2317 ι
3001 2268 3151 2321 Multi
3201 2266 3415 2338 tyranni

184 2383 325 2435 ριος,
359 2367 407 2416 εί
433 2365 509 2434 μὴ
531 2363 622 2415 τὸν
660 2362 1014 2432 μειρακίσκον
1038 2359 1221 2423 Δαυῒδ,
1253 2361 1345 2413 τὸν
1383 2362 1513 2430 παρ’
1545 2358 1752 2429 ἀνθρὼ-

1853 2366 2114 2420 sederunt
2144 2376 2310 2430 super
2345 2359 2740 2430 pavimentum,
2782 2358 3184 2427 insuspieabilis
3234 2366 3416 2410 autem

183 2472 310 2517 ποις
338 2455 668 2521 ἀψήφιστον,
699 2453 850 2521 παρά
875 2451 932 2503 δὲ
958 2450 1076 2520 Θεῷ
1104 2450 1372 2519 ψηφιστόν
1404 2468 1417 2481 ·
1447 2450 1539 2501 τὸν
1559 2450 1752 2516 πρᾶον,

1854 2455 2084 2524 portavit
2113 2453 2359 2507 diadema
2389 2453 2463 2505 ⁸.»
2496 2449 2601 2505 Sed
2628 2459 2684 2504 et
2714 2450 2769 2503 in
2800 2450 2980 2518 primo
3016 2451 3328 2518 Regnorum
3351 2448 3420 2502 de

184 2548 281 2598 καὶ
306 2544 583 2606 ταπεινὸν,
614 2542 644 2595 ὃ
672 2542 765 2594 καὶ
790 2541 1171 2611 ἐμαρτύρησεν
1200 2542 1228 2592 6
1254 2540 1406 2602 Θεὸς,
1434 2537 1568 2606 μετὰ
1586 2538 1755 2589 ταῦτα

1854 2545 1981 2599 ﬁliis
2012 2545 2163 2599 .lessc
2192 2542 2332 2596 dixit
2358 2542 2624 2596 Dominus
2650 2540 2887 2595 Samueli
2920 2558 2933 2591 :
2992 2558 3009 2590 ι
3042 2540 3121 2594 Ne
3161 2540 3422 2607 respicias

182 2636 382 2703 λέγων,
425 2654 443 2686 ι
480 2629 650 2705 Εὗρον
679 2632 839 2686 Δαυῒδ
878 2632 970 2684 τὸν
1010 2631 1104 2683 τοῦ
1156 2630 1374 2692 Ἰεσσαὶ,
1413 2629 1579 2698 ἄνδρα
1615 2628 1753 2681 κατὰ

1854 2636 1920 2690 ad
1954 2636 2163 2689 vultum
2205 2636 2343 2704 ejus,
2380 2648 2560 2702 neque
2610 2632 2677 2686 ad
2730 2632 2980 2685 habitum
3028 2632 3423 2700 magnitudinis

181 2729 286 2798 τὴν
318 2727 545 2798 καρδίαν
571 2742 696 2795 μου.
729 2744 746 2776 ι
779 2725 888 2778 Kal
907 2724 964 2775 ὲν
982 2726 1048 2793 τῇ
1066 2722 1303 2791 τετάρτῃ
1330 2721 1438 2773 τῶν
1465 2719 1755 2772 Βασιλειῶν

1856 2724 2048 2792 ipsius,
2078 2724 2206 2791 quia
2248 2723 2423 2791 abjeci
2470 2738 2638 2787 eum;
2692 2722 2818 2791 quia
2876 2738 2983 2776 non
3028 2723 3171 2775 sicut
3219 2722 3424 2777 viderit

183 2813 342 2871 εἶπεν
407 2818 635 2879 ’ίηισαῖας
686 2819 714 2869 6
746 2815 1030 2884 προφήτης
1059 2812 1194 2882 πρὸς
1239 2813 1521 2874 Ἐζεκίαν’
1566 2830 1583 2860 ι
1617 2810 1755 2862 Τάδε

1856 2816 2021 2877 Deus,
2052 2813 2263 2867 videbit
2287 2814 2452 2867 homo
2485 2831 2497 2865 :
2531 2813 2695 2867 homo
2726 2813 2872 2866 enim
2906 2813 2959 2866 in
2987 2812 3182 2867 faciem
3211 2815 3424 2883 prospi—

185 2907 336 2974 λέγει
395 2907 602 2977 Κύριος
633 2922 647 2935 ·
716 2902 1102 2969 Ἐξουδένωσέν
1144 2919 1201 2954 σε
1253 2901 1543 2971 παρθένος,
1592 2899 1758 2965 θυγά-

1857 2905 1985 2966 ciet,
2029 2905 2173 2958 Deus
2233 2913 2417 2957 autem
2468 2905 2717 2957 intuetur
2776 2919 2872 2957 cor
2932 2905 2973 2958 ’.
3009 2922 3028 2955 ι
3087 2905 3154 2958 Ει
3200 2905 3426 2958 adduxit

185 3014 297 3065 τηρ
326 2997 463 3049 Σιὼν
490 2995 585 3047 ἐπὶ
613 2995 672 3047 σὲ
702 2994 943 3063 κεφαλήν
986 2993 1259 3059 ἐκίνησεν.
1300 3009 1318 3041 ι
1368 2989 1478 3042 Kal
1522 2990 1715 3054 ἐπάγει
1742 3004 1755 3017 ·

1857 2992 2008 3047 Jesse
2040 3002 2248 3061 septem
2288 2992 2429 3047 ﬁlios
2466 3007 2613 3054 suos,
2666 2993 2855 3061 utique
2898 3002 3159 3062 potentes
3207 2995 3424 3061 robore,

193 3107 216 3139 ι
245 3088 361 3139 Οὐκ
381 3084 741 3137 εἰσελεύσεται
760 3084 839 3143 εἰς
862 3082 963 3147 τὴν
986 3079 1138 3131 πόλιν
1158 3076 1377 3145 ταύτην.
1404 3077 1511 3127 Καὶ
1541 3074 1759 3143 ἐξῆλθεν

1859 3084 2243 3151 neminemque
2287 3083 2499 3137 existis
2540 3084 2709 3152 elegit
2753 3084 3037 3148 Dominus,
3090 3084 3192 3139 nisi
3240 3086 3426 3141 adole-

183 3177 420 3243 ἄγγελος
455 3174 685 3244 Κυρίου,
714 3171 806 3224 καὶ
840 3169 1049 3223 ἀνεῖλεν
1067 3171 1130 3221 ἐκ
1155 3170 1252 3237 τῆς
1275 3166 1623 3237 παρεμῶλῆς
1649 3165 1759 3218 τῶν
1786 3216 1829 3273 C

1786 3216 1829 3273 ο
1860 3173 2168 3227 scentulum
2200 3174 2353 3226 illum
2390 3174 2581 3239 David,
2636 3174 2730 3243 qui
2779 3174 2832 3228 in
2876 3175 3159 3229 hominum
3205 3177 3427 3245 quidem

195 3265 505 3335 Ἀσσυρίων
563 3261 759 3315 ἑκατὸν
824 3258 1151 3328 ὀγδοήκοντα
1206 3256 1366 3308 πέντε
1413 3256 1656 3324 χιλιάδας
1684 3271 1696 3285 ·
1736 3274 1754 3305 ι
1788 3256 1829 3273 ν

1788 3256 1829 3273 ν
1864 3271 2157 3334 prospectu
2201 3264 2254 3317 in
2286 3264 2440 3317 nullo
2495 3262 2787 3318 videbatur
2825 3279 2991 3319 censu
3038 3266 3428 3333 numerandus,

202 3357 265 3409 ὐ
286 3357 343 3408 δὲ
369 3354 531 3407 Δαυῖδ
556 3371 570 3386 ο
610 3370 630 3403 ε
660 3350 831 3418 Κάγὼ
868 3348 1133 3419 ἐγενήθην
1160 3347 1361 3409 ὄνειδος
1398 3345 1582 3407 αὐτοῖς
1607 3360 1621 3375 ο
1658 3344 1761 3398 ἴδο-

1864 3362 1922 3407 at
1954 3354 2096 3422 apud
2127 3355 2297 3408 Deum
2325 3353 2504 3422 magni
2538 3353 2845 3409 habebatur
2890 3356 3012 3410 loco
3055 3356 3326 3427 sull‘ragii,
3371 3366 3431 3411 ut

187 3451 297 3505 σάν
345 3464 436 3516 με,
485 3445 577 3500 καὶ
640 3444 932 3498 ἐσάλευσαν
988 3439 1233 3509 κεφαλὰς
1286 3439 1485 3492 αὐτῶν.
1526 3457 1545 3487 ι
1614 3438 1758 3491 Καί·

1866 3443 1958 3511 qui
1995 3452 2315 3498 mansuetus
2337 3454 2457 3497 erat
2478 3443 2772 3498 admodum
2805 3453 2859 3499 et
2878 3446 3123 3501 modeste
3157 3446 3383 3502 humilis
3415 3465 3428 3501 :

193 3560 215 3591 ι
256 3540 406 3591 Ὠσε“ι
433 3538 598 3607 τέρας
624 3534 887 3604 ἐγενήθην
911 3535 1022 3595 τοῖς
1057 3531 1269 3593 πολλοῖς
1299 3547 1313 3560 ⁸
1347 3532 1440 3584 καὶ
1474 3531 1539 3583 σὺ
1572 3528 1762 3598 βοηθός

1865 3533 1954 3587 cui
1988 3543 2043 3587 et
2072 3534 2373 3589 secundum
2412 3534 2528 3588 haec
2568 3536 2938 3591 testimonium
2982 3537 3221 3593 reddidit
3266 3539 3431 3604 Deus,

191 3645 304 3699 μου
345 3626 625 3696 κραταιός.
657 3643 675 3675 ι
718 3623 830 3677 Kal
878 3624 908 3674 6
978 3622 1097 3675 ’1ὡὸ
1126 3637 1140 3653 ο
1203 3639 1221 3673 ι
1260 3620 1396 3673 Νυνὶ
1452 3621 1509 3673 δὲ
1564 3621 1765 3689 κιθάρα

1868 3621 2059 3675 dicens
2092 3638 2105 3674 :
2159 3640 2177 3671 ι
2215 3621 2399 3675 Inveni
2441 3622 2609 3676 David
2650 3623 2821 3675 tilium
2843 3623 2999 3678 Jesse
3031 3626 3212 3679 virum
3239 3641 3434 3681 secun-

187 3719 314 3786 εἰμῖι
343 3716 541 3778 αὐτῶν,
567 3715 661 3769 καὶ
693 3714 792 3782 ἐμὲ
819 3713 1101 3783 θρόλλημα
1133 3711 1362 3780 ἔχουσιν.
1398 3729 1416 3761 ι
1448 3710 1557 3763 Καὶ
1578 3708 1764 3779 ἐπειδὴ

1869 3710 2000 3764 dum
2033 3725 2130 3764 eor
2172 3726 2351 3765 meum
2380 3711 2442 3763 ’°.
2486 3731 2504 3762 ι
2540 3712 2644 3765 Sed
2670 3723 2726 3766 et
2753 3728 3046 3782 regnorum
3073 3725 3269 3783 quarto
3297 3716 3436 3771 dixit

192 3805 488 3878 θρύλλημα
519 3804 681 3858 αὑτὸν
731 3802 907 3870 ἔσχον,
959 3801 988 3852 6
1036 3801 1094 3853 δὲ
1150 3800 1283 3863 Θεὸς
1339 3799 1552 3868 ὕψωσεν
1605 3799 1764 3851 αὑτὸν

1868 3799 2035 3853 Isaias
2082 3798 2347 3867 propheta
2409 3798 2476 3852 ad
2526 3798 2863 3854 Ezechiam:
2907 3819 2925 3851 ι
2962 3800 3306 3871 Contempsit
3355 3813 3432 3867 te.

191 3894 644 3957 πολλαπλασίως.
713 3891 770 3945 '0
832 3890 890 3944 δὲ
942 3889 1352 3963 Παροιμιαστής
1383 3903 1399 3918 ο
1463 3906 1484 3937 ι
1532 3888 1764 3950 Πλοῦτος

1869 3888 2023 3956 virgo
2055 3887 2164 3940 lilia
2192 3886 2359 3952 Sion;
2396 3902 2559 3957 super
2581 3897 2632 3941 te
2659 3900 2823 3958 caput
2848 3892 3020 3944 movit
3049 3893 3109 3943 ¹¹.
3134 3911 3151 3942 ο
3183 3893 3433 3948 lnducit:

193 3983 560 4053 προστίθησιν
590 3983 775 4050 φίλους
806 3978 1036 4041 πολλούς
1062 3994 1075 4008 '
1110 3981 1138 4031 6
1174 3979 1232 4030 δὲ
1278 3978 1487 4047 πτωχὸς
1529 3980 1623 4030 καὶ
1657 3979 1767 4031 ἀπὸ

1876 3994 1893 4025 ι
1931 3975 2071 4028 Num
2105 3975 2443 4044 ingredietur
2467 3975 2740 4030 civitatem
2768 3977 2912 4031 hanc
2934 3979 2957 4030 ?
2981 3989 3036 4033 et
3059 3980 3191 4033 exiit
3210 3982 3437 4051 angelus

189 4074 295 4127 τοῦ
317 4073 652 4142 ὑπάρχοντος
679 4068 1081 4139 διαχωρίζεται.
1129 4088 1149 4119 ι
1179 4068 1364 4121 Ταῦτα
1387 4069 1498 4120 τῶν
1521 4067 1765 4120 κολάκων

1871 4067 2087 4119 Domini
2114 4075 2169 4119 et
2199 4067 2474 4121 interfecit
2506 4066 2573 4120 de
2608 4069 2803 4121 castris
2838 4070 3182 4139 Assyriorum
3212 4082 3434 4126 centum

192 4165 296 4218 καὶ
336 4161 704 4215 κοιλιοδούλων
738 4160 896 4222 εἰσὶν,
929 4157 977 4210 οἳ
1006 4158 1077 4210 τὰ
1117 4158 1424 4228 πρόσκαιρα
1457 4157 1767 4225 ἀφορῶντες

1871 4158 2146 4227 octoginta
2173 4158 2417 4226 quinque
2445 4157 2613 4210 millia
2637 4160 2701 4210 ".
2744 4178 2762 4209 ι
2794 4159 2962 4213 David
2987 4161 3113 4214 item
3142 4180 3153 4213 :
3204 4181 3223 4212 ι
3252 4163 3319 4217 Ει
3336 4178 3438 4233 ego

196 4256 369 4324 μόνον
404 4268 419 4282 ⁸
454 4252 551 4304 καὶ
610 4254 645 4319 ἡ
690 4250 851 4317 σοφία
891 4248 986 4301 τοῦ
1039 4249 1268 4318 πένητος
1305 4247 1671 4313 ὲξουδένωται,
1716 4249 1766 4299 οί

1872 4247 2049 4300 factus
2073 4261 2194 4300 sum
2222 4247 2577 4315 approbrium
2604 4248 2732 4313 illis,
2764 4250 3025 4305 viderunt
3060 4267 3145 4304 me
3168 4262 3225 4306 et
3254 4268 3439 4306 move-

194 4346 359 4412 λόγοι
388 4341 555 4395 αὐτοῦ
587 4342 688 4393 οὐκ
715 4342 851 4393 εἰσὶν
895 4339 1235 4409 ἀκουόμενοι.
1276 4338 1389 4391 Kal
1436 4336 1606 4391 ταῦτα
1659 4338 1767 4389 τῶν

1873 4344 2005 4389 runt
2045 4339 2223 4405 capita
2273 4351 2372 4391 sua
2415 4337 2479 4390 ¹³.
2514 4355 2533 4388 ι
2581 4338 2691 4392 Et:
2748 4356 2768 4390 ι
2809 4339 3088 4410 Tanquam
3126 4343 3436 4413 prodigium

195 4433 663 4501 πεφυσιωμένων.
699 4432 807 4483 Kal
849 4433 909 4482 ὲν
952 4427 1031 4497 τῷ
1080 4426 1397 4497 Εὐαγγελίῳ
1424 4440 1437 4453 '
1478 4446 1496 4478 ι
1544 4425 1765 4490 Ἐλθὼν,

1875 4423 2052 4477 factus
2079 4439 2199 4478 sum
2234 4426 2443 4489 multis,
2467 4434 2524 4480 et
2571 4436 2629 4481 tu
2673 4428 2892 4498 adjutor
2944 4430 3101 4485 fortis
3160 4433 3224 4485 ".
3256 4454 3273 4484 ι
3334 4434 3436 4488 Job

195 4526 393 4593 φησὶν,
412 4524 442 4575 6
481 4520 689 4592 Ἰησοῦς
721 4523 780 4574 ὲν
812 4522 879 4589 τῇ
909 4516 1127 4587 πατρίδι
1150 4516 1313 4570 αὑτοῦ
1349 4517 1625 4570 ἐδίδασκεν
1657 4520 1769 4580 τοῖς
1803 4553 1845 4611 D

1803 4553 1849 4611 υ
1874 4528 2093 4581 quoque
2122 4529 2134 4565 :
2177 4532 2194 4562 ι
2228 4513 2385 4568 Nunc
2404 4522 2586 4569 autem
2622 4517 2831 4571 cithara
2867 4533 2988 4572 sum
3022 4536 3235 4587 eorum,
3263 4533 3317 4576 et
3352 4540 3435 4578 mc

197 4615 484 4670 Σάδὸασιν
512 4616 571 4667 ἐν
604 4617 671 4683 τῇ
721 4610 1016 4679 Συναγωγῇ
1050 4609 1252 4673 αὐτῶν,
1292 4608 1387 4660 καὶ
1426 4606 1629 4673 ἔλεγον,
1667 4606 1773 4659 Πόο
1803 4605 1836 4611 ⁷

1803 4605 1836 4611 ⁷
1874 4605 1929 4658 ίη
1957 4605 2307 4674 proverbium
2340 4606 2545 4660 habent
2574 4609 2639 4663 ¹⁵.
2676 4628 2694 4659 ι
2727 4608 2974 4680 Cumque
3004 4613 3152 4668 hunc
3204 4615 3259 4669 in
3314 4633 3439 4685 pro-

197 4708 296 4761 θεν
324 4704 503 4774 τούτῳ
527 4702 720 4764 ταῦτα,
756 4700 850 4753 καὶ
881 4702 967 4763 τίς
997 4702 1031 4769 ἠ
1078 4700 1238 4767 σοφία
1275 4700 1309 4767 ἡ
1349 4697 1559 4751 δοθεῖσα
1604 4696 1771 4766 αὐτῷ,

1871 4696 2044 4750 verbii
2071 4695 2361 4751 deridiculi
2383 4698 2560 4752 vicem
2581 4698 2921 4768 habuissent,
2949 4712 3079 4757 tunc
3095 4705 3247 4759 illum
3267 4711 3438 4760 multo

199 4799 303 4853 καὶ
348 4796 611 4865 δυνάμεις
662 4791 913 4846 τοιαῦται
940 4790 1027 4843 διὰ
1060 4790 1168 4842 τῶν
1192 4789 1389 4860 χειρῶν
1415 4789 1579 4842 αὑτοῦ
1607 4790 1777 4856 γίνονο

1870 4786 2146 4855 copiosius
2182 4788 2380 4841 extulit
2424 4788 2481 4841 in
2526 4790 2778 4846 sublime.
2810 4792 3195 4849 Parmmiastes
3226 4798 3438 4869 1104

197 4905 341 4953 ται;
381 4888 493 4956 οὐχ
549 4879 703 4948 οὗτός
753 4886 900 4937 ἔστιν
952 4883 980 4933 6
1028 4880 1236 4933 τέκτων
1284 4881 1313 4932 6
1366 4880 1481 4943 υίὸς
1532 4880 1772 4949 Μαρίας,

1876 4875 2053 4930 item:
2105 4897 2122 4928 ι
2155 4877 2370 4932 Divitia:
2417 4879 2627 4934 addunt
2680 4882 2883 4937 multos
2933 4885 3177 4951 amicos;
3231 4903 3438 4957 pauper

200 4974 442 5043 ἀδελφὸς
484 4973 542 5026 δὲ
596 4971 854 5025 Ἰακώῦου
895 4970 990 5022 καὶ
1048 4968 1292 5037 Ἰωσήφ;
1332 4968 1427 5020 καὶ
1462 4966 1776 5020 ἐσκανδαλί-

1875 4975 2056 5019 autem
2078 4966 2244 5021 etiam
2278 4967 2347 5021 ab
2378 4982 2445 5021 eo
2470 4969 2564 5037 qui
2594 4979 2737 5034 erat,
2766 4972 3083 5028 destituitur
3111 4976 3173 5029 “.
3208 4997 3226 5027 ι
3268 4979 3437 5033 Plane

200 5067 365 5130 ζοντο
408 5067 467 5117 ὲν
523 5062 690 5132 αὐτῷ.
729 5082 746 5112 ι
792 5062 852 5114 '0
879 5061 936 5112 δὲ
968 5058 1340 5129 ἀμνησίκακος
1372 5056 1575 5128 Κύριος
1602 5059 1776 5109 πάντα

1877 5055 1993 5108 hmc
2039 5064 2438 5110 assentatorum
2480 5066 2609 5112 sunt
2627 5067 2684 5113 et
2711 5062 2889 5115 ventri
2920 5076 3019 5116 suo
3052 5065 3436 5131 servientium,

199 5160 423 5225 ἔφερεν.
455 5154 612 5224 Αὐτῷ
630 5156 664 5224 ὴ
690 5152 815 5217 δόξα
839 5152 919 5213 εἰς
948 5152 1072 5213 τοὺς
1103 5148 1324 5210 αίῶνας.
1373 5148 1566 5216 Ἀμήν.

1876 5145 1970 5214 qui
2026 5144 2082 5198 in
2109 5146 2224 5200 haec
2273 5147 2448 5200 solum
2494 5163 2615 5216 qua:
2648 5152 2977 5218 temporaria
3013 5164 3161 5219 sunt,
3195 5155 3439 5226 deﬁgunt

199 5249 387 5304 aciem
433 5246 634 5301 mentis
683 5260 749 5299 ac
798 5243 1106 5312 suspiciunt
1154 5238 1550 5295 venerabundi.
1602 5237 1765 5307 Atqui
1804 5237 2060 5306 pauperis
2102 5237 2319 5291 interim
2354 5239 2620 5307 sapientia
2652 5244 3043 5309 contemnitur,
3106 5261 3208 5300 nec
3270 5248 3441 5315 ipsius

201 5355 495 5399 sermones
518 5338 909 5394 exaudiuntur.
940 5337 1065 5390 Haec
1082 5335 1205 5404 quis
1221 5333 1435 5387 dubitet
1483 5347 1605 5387 esse
1652 5346 1841 5386 eorum
1880 5331 1973 5399 qui
2002 5331 2101 5384 toti
2122 5330 2445 5385 extuberant
2471 5348 2535 5386 ac
2576 5343 2794 5403 turgent
2843 5344 3059 5391 tumore
3119 5340 3443 5409 superbize?

201 5436 391 5494 simile
415 5433 549 5504 quid
578 5449 645 5488 ex
673 5430 965 5500 Evangelio
994 5446 1007 5481 :
1044 5448 1062 5478 ι
1090 5427 1227 5482 Cum
1254 5427 1494 5481 venisset
1523 5426 1681 5480 Jesus
1714 5425 1766 5477 in
1807 5425 2031 5491 patriam
2072 5438 2247 5485 suam,
2279 5422 2509 5478 docebat
2541 5424 2794 5481 Sabbatis
2823 5427 2875 5481 in
2920 5429 3197 5499 Synagoga
3226 5446 3443 5487 eorum.

201 5537 263 5583 et
328 5525 630 5581 dicebant:
664 5522 819 5580 Unde
875 5520 1007 5574 huic
1063 5518 1235 5572 talia?
1314 5526 1367 5570 et
1416 5533 1537 5585 qua:
1582 5515 1846 5585 sapientia
1882 5515 2006 5568 data
2032 5525 2115 5568 cst
2145 5513 2196 5567 ei
2218 5515 2238 5565 ἐ
2273 5514 2367 5567 sed
2416 5524 2470 5567 ct
2500 5516 2733 5572 virtutes
2773 5519 2906 5573 tales
2946 5536 3043 5590 per
3080 5538 3275 5577 manus
3322 5525 3444 5594 ejus

279 5711 303 5742 ⁶
334 5708 451 5764 Jac.
477 5722 517 5768 ι,
542 5705 594 5760 5.
640 5698 881 5774 7"_Eccli.
907 5714 985 5762 xx,
1016 5698 1114 5774 2.“
1147 5696 1169 5727 ⁸
1199 5695 1333 5774 ibid.
1488 5694 1509 5725 ’
1537 5694 1937 5774 Illeg.‘!_tv'l,_7.
2018 5692 2059 5723 ‘°
2088 5692 2353 5774 ρει-ξιξ.
2382 5691 2471 5745 2‘2.
2552 5693 2590 5724 "
2617 5693 2720 5774 lsa.
2758 5712 2960 5764 xxxvii,
2983 5698 3073 5753 22.
3143 5702 3185 5734 ⁸³
3211 5704 3274 5756 IV
3305 5705 3436 5774 lteg.

207 5762 554 5845 “$33-55.
635 5770 842 5827 “Psal.
866 5784 1016 5827 cvm.
1046 5766 1135 5822 25.
1215 5768 1258 5797 “
1281 5765 1422 5820 Psal.
1449 5779 1571 5829 Lxx,
1595 5766 1646 5818 7.
1666 5762 1683 5765 '
1726 5764 1768 5795 ¹⁸
1800 5763 1857 5818 .lo

1800 5762 1900 5818 Job
1930 5778 2052 5827 xxx,
2087 5763 2140 5817 9.
2222 5764 2263 5793 '°
2286 5763 2445 5817 Prov.
2488 5778 2598 5831 xix,
2628 5764 2679 5818 4.
2948 5762 2954 5764 ⁷
3385 5762 3415 5774 ν
3446 5828 3448 5831 ,
