4178 6436
776 395 911 459 1583

2037 392 2397 454 ANTIOCHI
2442 395 2781 455 MONACHI

3899 409 4041 473 1584

768 509 924 567 lium,
954 507 1201 574 nunquid
1228 523 1334 561 non
1364 508 1451 561 hic
1483 518 1565 560 est
1600 507 1735 561 fabri
1771 508 1936 572 filius,
2001 507 2167 559 frater
2189 509 2374 561 Jacobi
2416 518 2471 560 et
2510 507 2757 575 Josepli?
2802 519 2857 563 et
2903 514 3413 567 seamlalizabautur
3469 517 3523 569 in
3598 533 3663 571 eo
3721 520 3789 574 ".
3828 540 3847 571 ι
3914 522 4039 591 ipse

764 607 946 651 autem
986 599 1257 651 malorum
1303 599 1548 651 omnium
1587 601 1879 653 immemor
1906 599 2040 651 nihil
2074 615 2182 651 non
2215 598 2482 654 tolerabat
2508 600 2852 653 mitissimus.
2894 602 2997 670 Ipsi
3035 606 3207 673 gloria
3241 606 3296 658 iu
3337 610 3552 660 secula.
3588 612 3781 665 Amen.

1276 712 1559 768 IlO.\lll.l.\
1600 716 1834 770 XLVIII.

1120 805 1194 857 Ne
1224 808 1525 876 quempiam
1560 807 1755 859 derisui
1785 807 1990 861 habeto.

835 914 1050 967 Derisui
1087 914 1292 968 habere
1325 932 1494 969 unum
1526 915 1767 983 aliquem
1802 926 1968 985 atque
2003 920 2345 986 contemptui

764 1008 933 1076 parile
987 1007 1209 1076 quidem
1259 1009 1448 1078 jugum
1511 1019 1615 1070 est,
1677 1016 1733 1061 et
1791 1026 1983 1062 unum.
2041 1010 2345 1078 ljtrumque

762 1100 907 1151 enim
944 1098 1185 1151 vicissim
1214 1108 1269 1150 et
1292 1098 1529 1151 absurda
1564 1108 1731 1168 atque
1765 1100 2077 1153 indecentia
2106 1110 2245 1162 arat,
2291 1108 2347 1154 et

763 1189 1021 1241 loliaceos
1074 1188 1306 1241 demetit
1355 1189 1694 1242 zizaniorum
1754 1191 1986 1255 fruetus,
2022 1192 2075 1243 in
2114 1192 2345 1245 combu-

761 1281 996 1331 stium-in
1060 1279 1222 1348 ignis.
1258 1279 1589 1348 Coutingcre
1624 1280 1676 1333 id
1710 1282 1835 1334 mali
1865 1282 2024 1335 nobis
2057 1282 2346 1336 consuevit

761 1386 859 1439 per
896 1372 1000 1425 hoc
1028 1371 1176 1440 quod
1209 1371 1275 1423 ad
1301 1371 1658 1439 expendenda
1695 1374 1917 1442 propria
1964 1383 2186 1442 peccata
2234 1387 2343 1426 tam

761 1464 1116 1516 lentescimus
1137 1463 1458 1526 oscitanter,
1490 1464 1639 1533 quod
1677 1465 1746 1518 de
1780 1465 1861 1518 eis
1894 1466 2033 1519 nihil
2073 1466 2232 1519 anxie
2280 1481 2344 1519 ac

763 1553 958 1607 sedulo
991 1555 1380 1624 recogitemus,
1418 1570 1517 1609 nec
1538 1556 1941 1609 formidabilem
1977 1556 2341 1626 illumjudicii

764 1645 910 1699 diem
948 1646 1186 1699 sollicita
1222 1646 1559 1714 pensitemus
1594 1653 1777 1699 mente
1808 1662 1820 1698 :
1862 1662 1972 1715 quo
1998 1647 2220 1715 quidem
2252 1647 2341 1701 die

764 1737 895 1788 nudi
934 1751 1156 1790 necesse
1190 1737 1260 1789 sit
1308 1746 1367 1789 ut
1397 1746 1793 1805 prmsentemur
1827 1737 2021 1807 judici,
2062 1748 2118 1793 et
2147 1755 2341 1809 magno

763 1836 999 1879 tremore
1050 1827 1517 1881 inhorresceutes.
1555 1829 1728 1881 Nemo
1756 1845 1862 1882 non
1892 1830 2002 1883 illic
2037 1846 2135 1899 pro
2162 1847 2220 1885 se
2255 1843 2341 1886 est

763 1931 1153 1981 responsurus,
1189 1932 1252 1967 ae
1304 1932 1493 1984 pmnas
1537 1917 1884 1985 depensurus
1948 1935 2057 1971 non
2111 1936 2337 1989 operum

3045 721 3263 773 ΛΟΓΟΣ
3289 721 3428 776 Mll'.

2839 809 2977 875 Περὶ
3007 810 3111 863 τοῦ
3144 814 3229 879 μὴ
3264 815 3620 884 καταγελᾲν.

2518 916 2593 970 Τὸ
2656 919 2987 989 καταγελᾷν,
3036 921 3130 973 καὶ
3188 923 3248 974 τὸ
3293 925 3612 992 ὲξουθενεῖν,
3670 931 3862 999 ζεῦγος
3931 936 4033 1001 μέν

2446 1027 2593 1063 εστιν
2626 1010 3055 1080 ἐνηλλαγμένον,
3085 1015 3352 1083 ἀροτριῶν
3388 1018 3445 1069 δὲ
3475 1019 3541 1069 τὰ
3567 1021 3767 1086 ἄτοπα,
3806 1026 3900 1077 καί
3941 1027 4029 1077 θε-

2450 1103 2596 1172 ρίξον
2623 1102 2870 1171 καρποὺς
2906 1103 3242 1167 mammae;
3282 1109 3359 1170 εἰς
3389 1107 3585 1161 καῦσιν
3621 1115 3811 1178 rupi;
3856 1118 4030 1170 Τοῦῖο

2446 1192 2499 1244 δὲ
2526 1195 2657 1261 ἡμῖν
2686 1195 2998 1261 συμϐαίνει,
3034 1195 3121 1247 διὰ
3142 1197 3203 1248 τὸ
3238 1197 3315 1266 μὴ
3340 1197 3559 1265 βλέπειν
3584 1203 3732 1271 ἡμᾶς
3764 1206 3863 1267 τὰς
3896 1211 4029 1270 ἰξίας

2446 1280 2742 1349 ἁμαρτίας,
2783 1283 2918 1350 μηδὲ
2951 1286 3221 1353 μεριμνᾷν
3258 1289 3386 1355 περὶ
3430 1290 3650 1355 αὐτῶν,
3700 1294 3840 1361 μηδὲ
3882 1296 4030 1363 ἔχειν

2446 1373 2503 1424 ἐν
2539 1371 2613 1441 νῷ
2634 1373 2732 1441 τὴν
2757 1371 2994 1440 φοϐερὰν
3029 1377 3243 1445 ἡμέραν
3272 1378 3369 1446 τῆς
3391 1381 3649 1448 κρίσεως,
3681 1385 3740 1435 ἐν
3828 1392 4029 1454 γυμνοὶ

2447 1465 2540 1518 καί
2593 1466 3088 1534 τετραχηλισμένα
3153 1472 3619 1541 παραστησόμεθα
3674 1476 3753 1544 τῷ
3819 1481 4022 1547 κριτῇ,

2444 1557 2675 1620 ἕκαστος
2704 1558 2844 1627 ὑπὲρ
2888 1559 3080 1611 ἑαυτοῦ
3134 1562 3596 1634 ἀπολογούμενος,
3648 1573 3741 1621 καὶ
3793 1571 4027 1632 εὐθύνας

2443 1649 2925 1717 εἰσπραττόμενος,
2979 1651 3039 1702 οὐ
3107 1653 3283 1720 μόνων
3333 1657 3441 1709 τῶν
3489 1659 3687 1727 ἔργων,
3740 1660 3881 1713 ἀλλὰ
3935 1667 4026 1714 καὶ

2442 1738 2639 1802 λόγων,
2669 1741 2764 1791 καὶ
2796 1741 3041 1806 ἐννοιῶν,
3075 1745 3167 1795 καὶ
3218 1746 3485 1814 κινήσεων
3514 1765 3529 1779 '
3564 1755 3612 1802 εί
3657 1752 3767 1819 γὰρ
3819 1755 4025 1805 τούτων

2442 1830 2838 1899 ἁμεριμνῶμεν
2856 1833 3133 1899 ἁπάντων,
3154 1836 3253 1888 οὐκ
3275 1837 3339 1890 ἂν
3356 1839 3724 1911 ἐγαυριῶμεν,
3744 1848 3841 1896 καὶ
3871 1850 4024 1899 ἐπαι-

2448 1920 2649 1989 ρόμεθα
2708 1924 2850 1976 κατὰ
2901 1924 3010 1978 τῶν
3068 1929 3394 1995 κρειττόνων
3433 1932 3611 2000 ἡμῶν.
3662 1936 3738 1986 Οὐ
3786 1938 3896 2005 χρὴ
3945 1940 4020 2002 δὲ,

762 2004 944 2064 modo,
974 2004 1068 2055 sed
1103 2013 1157 2055 et
1189 2004 1507 2067 verborum,
1559 2014 1614 2057 et
1649 2006 2065 2074 cogitationum,
2108 2024 2326 2062 arcana-

2442 2011 2659 2077 ἀδελφοί
2695 2029 2814 2072 μου,
2848 2015 3205 2084 Χριστιανοὺς
3248 2020 3398 2086 ἡμᾶς
3434 2022 3617 2087 ὄντας,
3656 2026 3832 2089 οὕτως
3872 2030 4022 2081 πολι-

762 2109 881 2144 rum
910 2094 1132 2161 insuper
1165 2093 1333 2146 animi
1371 2097 1696 2149 motionum.
1760 2098 1964 2151 llormn
2020 2102 2335 2154 memoriam

758 2182 805 2233 si
865 2181 1056 2234 sedula
1120 2184 1447 2251 cogitatione
1490 2200 1901 2250 renovaremus,
1952 2189 2136 2241 nullus
2179 2191 2339 2244 nobis

761 2270 1031 2324 resideret
1081 2272 1235 2325 locus
1296 2272 1374 2325 sic
1434 2273 1799 2327 insolesceudi
1865 2290 1962 2343 per
1997 2276 2335 2344 iactantiam,

758 2362 912 2414 nullo
954 2377 1191 2430 unquam
1228 2370 1472 2429 tempore
1498 2379 1595 2431 per
1617 2366 1985 2432 arrogantiam
2010 2366 2338 2419 efferrentur

757 2452 1025 2505 adversus
1042 2460 1194 2506 tanto
1212 2452 1370 2505 nobis
1392 2452 1666 2506 meliores.
1693 2454 1810 2506 Non
1838 2456 2117 2517 convenit,
2142 2456 2337 2509 fratres

758 2541 886 2604 mei,
915 2557 1018 2594 nos
1042 2540 1136 2609 qui
1175 2542 1409 2610 ingenue
1438 2540 1785 2596 Christianos
1814 2543 2159 2611 profitemur,
2196 2545 2339 2599 hanc

760 2633 1135 2701 improbandae
1178 2634 1305 2685 vitae.
1358 2633 1558 2687 sectari
1615 2632 1931 2697 formulam,
1967 2635 2033 2688 ad
2063 2650 2226 2705 quam
2259 2637 2339 2690 vi-

758 2735 893 2779 vunt
926 2726 1015 2780 isti
1051 2727 1145 2795 qui
1177 2742 1331 2795 spem
1362 2741 1581 2780 onmem
1610 2742 1640 2780 a
1676 2742 1733 2780 se
1795 2727 2201 2796 dispunxerunt
2246 2729 2335 2783 fu-

760 2826 896 2869 tura:
923 2816 1074 2870 illius
1105 2818 1571 2881 resurrectionis;
1604 2820 1714 2872 imo
1746 2818 1957 2871 luctum
1983 2820 2155 2889 magis
2179 2836 2334 2874 exer—

758 2921 983 2961 ceamus
1002 2909 1328 2977 prml’ervido
1350 2909 1710 2979 lacrymarum
1739 2909 1978 2963 defluvio
2002 2912 2331 2978 madentem,

758 3014 991 3065 quarum
1014 3000 1187 3069 gratia
1219 3016 1319 3053 nos
1351 3000 1616 3053 Dominus
1649 3001 1717 3052 ab
1750 3001 2115 3055 amaritudine
2140 3004 2336 3058 liberet

758 3086 1016 3154 supplicii
1057 3089 1271 3140 aeterni.
1331 3105 1349 3139 ι
1383 3088 1530 3141 Beati
1576 3090 1723 3141 enim
1769 3091 1859 3156 qui
1920 3092 2111 3160 lugent
2166 3109 2331 3156 nunc,

758 3177 1018 3242 quoniam
1074 3178 1176 3246 ipsi
1239 3177 1673 3231 consolabuntur
1729 3180 1791 3231 ".
1834 3200 1851 3231 ι
1898 3180 2085 3246 Plane,
2112 3185 2206 3252 qui
2237 3200 2334 3238 sua

756 3269 906 3333 luget
928 3277 1174 3335 peccata,
1205 3268 1334 3323 huic
1356 3270 1542 3323 nullus
1565 3272 1894 3339 relinquitur
1918 3274 2071 3328 locus
2101 3276 2333 3330 alterum

2441 2098 2714 2163 τεύεσθαι,
2749 2101 2824 2164 ῶς
2854 2104 2950 2154 xui.
2976 2104 3023 2155 οί
3061 2104 3136 2173 μὴ
3167 2104 3382 2174 ἔχοντες
3407 2110 3598 2163 ἐλπίδα
3628 2115 3985 2181 ἀναστάσεως
4006 2138 4019 2148 ·

2440 2190 2577 2243 ἀλλά
2610 2192 2810 2258 μᾶλλον
2838 2193 3169 2263 ἀσκήσωμεν
3206 2197 3267 2249 τὸ
3304 2199 3519 2264 πένθος,
3558 2204 3622 2255 τὸ
3657 2211 4020 2279 μεμεστωμέ-

2439 2299 2528 2334 νον
2558 2284 2667 2335 τῶν
2708 2284 2981 2355 δακρύων,
3027 2287 3114 2339 ἴνα
3172 2287 3405 2358 ρύσηται
3451 2294 3601 2363 ἡμᾶς
3654 2299 3755 2367 τῆς
3815 2305 4022 2372 πικρᾶς

2439 2374 2734 2438 κολάσεως.
2790 2394 2809 2426 ι
2864 2376 3143 2446 Μακάριοι
3192 2380 3301 2452 γὰρ
3338 2384 3388 2435 οἱ
3427 2385 3753 2451 πενθοῦντες
3788 2391 3909 2457 νῦν,
3941 2394 4023 2446 ὅτι

2436 2464 2593 2515 αὐτοὶ
2627 2464 3163 2535 παρακληθήσονται.
3192 2487 3211 2520 ι
3258 2472 3317 2524 '0
3350 2473 3459 2543 γὰρ
3498 2477 3712 2529 πενθῶν
3739 2481 3810 2533 τὰ
3846 2486 4021 2535 οἰκεῖα

2439 2553 2602 2615 κακὰ,
2642 2554 2701 2605 οὐ
2734 2556 3033 2626 καταγελᾷ,
3059 2559 3178 2612 οὐδὲ
3212 2564 3540 2632 μυκτηρίζει
3572 2567 3752 2623 ἄλλον.
3807 2572 4021 2625 ’Λκούει

2436 2644 2544 2713 γὰρ
2588 2644 2682 2697 τοῦ
2730 2646 3143 2716 Παροιμιαστοῢ
3188 2650 3438 2720 λέγοντος
3464 2671 3479 2684 ·
3523 2674 3542 2707 ι
3570 2659 3662 2725 Μὴ
3708 2664 4021 2729 καταγελά-

2438 2749 2534 2804 an;
2560 2734 2842 2803 ἄνθρωπον
2867 2736 2996 2788 ὄντα
3028 2740 3085 2789 ὲν
3115 2740 3309 2811 πικρίᾳ
3339 2741 3519 2812 ψυχῆς
3549 2746 3740 2800 αὑτοῦ.
3774 2768 3794 2799 ι
3855 2752 3965 2803 Καί
4000 2766 4017 2781 ⁸

2442 2841 2460 2875 ι
2500 2824 2559 2876 '0
2598 2826 2915 2893 καταγελῶν
2954 2829 3191 2898 πτωχὸν,
3231 2834 3524 2901 παροξύνει
3571 2836 3661 2889 τὸν
3712 2842 4020 2909 ποιήσαντα

2436 2912 2619 2965 αὐτόν.
2662 2932 2682 2965 ›
2748 2916 2859 2967 Καὶ
2909 2916 3070 2968 πάλιν
3100 2934 3114 2948 ο
3188 2936 3207 2967 ι
3256 2918 3563 2989 Ὀφθαλμὸν
3624 2929 4017 2993 καταγελῶντα

2436 3002 2664 3069 πατρὸς,
2698 3003 2790 3054 καὶ
2812 3004 3148 3070 ἀτιμάζοντα
3190 3007 3365 3076 γῆρας
3405 3012 3631 3081 μητρὸς,
3677 3017 4017 3085 ὲκκᾶιηιαισαν

2437 3094 2600 3145 αὑτὸν
2632 3095 2867 3163 κόρακες
2908 3097 2970 3148 ἐκ
3000 3097 3109 3153 τῶν
3139 3103 3442 3168 φαράγγων
3473 3120 3485 3133 ·
3528 3124 3545 3153 ›
3583 3106 3721 3174 πρὸς
3750 3109 3860 3177 γὰρ
3890 3112 4017 3173 τοὺς

2437 3183 2684 3246 σκολιοὺς
2732 3186 2953 3249 σκολιὰς
3005 3187 3159 3250 ὀδοῦς
3221 3190 3605 3253 ἐξαποστέλλει
3654 3199 3682 3247 ὁ
3710 3198 3869 3260 Θεὸς.
3907 3202 4016 3253 Καὶ

2437 3275 2597 3327 πάλιν
2618 3288 2633 3304 '
2669 3293 2687 3325 ι
2725 3277 3067 3347 Μυκτηρίζει
3101 3280 3323 3344 πολίτας
3356 3284 3538 3353 ἐνδεὴς
3572 3288 3791 3354 ᾳρενῶν
3820 3306 3834 3319 ·
3873 3291 4014 3359 ἀνὴρ

760 3366 819 3409 ιιι
842 3357 1115 3421 derideat,
1146 3367 1241 3411 aut
1267 3357 1589 3412 deridiculis
1626 3362 1811 3414 sannis
1845 3374 2095 3434 aspergat
2123 3374 2327 3420 etexa-

2435 3366 2487 3417 δὲ
2522 3366 2804 3436 φρόνιμος,
2842 3369 3072 3439 ἡσυχίαν
3101 3373 3243 3439 ἄγει.
3286 3394 3303 3424 ι
3346 3376 3403 3429 Ὀ
3441 3378 3496 3429 δὲ
3556 3380 3817 3443 Ἰάκωϐος
3874 3357 4016 3453 παρ-

756 3448 947 3499 cerbet
973 3446 1219 3500 fratrem.
1250 3448 1391 3501 Audi
1427 3450 1596 3513 enim,
1646 3451 1779 3517 quld
1840 3452 1989 3507 dicat
2038 3454 2332 3510 l’arazmia-

757 3545 898 3589 stes:
930 3555 947 3587 ι
974 3536 1051 3590 Ne
1073 3537 1633 3593 deriserishomiuem
1660 3540 1714 3592 in
1737 3542 2105 3598 amaritudine
2135 3546 2331 3599 animm

758 3640 870 3677 suae
906 3626 967 3677 ".
1017 3625 1130 3679 Et:
1187 3646 1205 3676 ι
1238 3625 1341 3691 Qui
1400 3627 1615 3682 deridet
1668 3644 1987 3698 pauperem,
2037 3634 2331 3690 exaeerbat

761 3713 1046 3767 l-‘actorem
1110 3717 1232 3783 ejus
1263 3716 1330 3769 '°.
1363 3734 1381 3767 ι
1439 3718 1690 3771 ltursus:
1733 3737 1751 3768 ι
1791 3718 2021 3774 Oculum
2077 3723 2197 3791 ejus
2234 3726 2329 3792 qui

758 3801 970 3855 deridet
998 3815 1228 3872 patrem,
1246 3814 1301 3860 et
1319 3806 1412 3875 qui
1439 3808 1732 3863 inhonorat
1752 3819 2092 3866 senectutem
2117 3815 2326 3881 matris,

756 3890 1023 3944 etl'oilient
1052 3892 1203 3945 corvi
1226 3894 1554 3948 convallium
1601 3898 1665 3949 ¹¹.
1698 3915 1717 3947 ι
1767 3896 2032 3967 Malignos
2079 3910 2137 3954 et
2190 3902 2328 3957 obli-

754 3996 917 4047 quos,
944 3982 999 4034 in
1018 3984 1133 4037 vias
1149 3983 1400 4053 obliquas
1416 3987 1599 4040 mittet
1614 3988 1778 4042 Deus.
1799 3989 2067 4044 Rursum:
2089 4010 2107 4041 ι
2127 3991 2230 4057 Qui
2244 3994 2329 4047 vir

755 4071 973 4124 deridet
988 4072 1135 4125 cives
1151 4088 1302 4139 suos,
1329 4075 1384 4128 in
1398 4075 1837 4133 deminoratioue
1854 4094 2053 4134 sensus
2076 4082 2184 4136 erit
2209 4100 2224 4147 ;
2246 4085 2329 4137 vir

755 4168 937 4211 autem
979 4160 1223 4228 prudens
1247 4172 1390 4218 tacet
1422 4166 1491 4219 ”.
1522 4183 1542 4217 ι
1570 4166 1804 4222 Iacobus
1824 4168 2126 4226 admonens
2152 4173 2287 4226 dicit
2310 4191 2323 4227 :

762 4246 972 4315 1105
1007 4267 1027 4299 ι
1050 4248 1184 4313 Quis
1203 4253 1420 4321 sapiens
1442 4264 1501 4308 et
1528 4256 1707 4310 sciens
1738 4258 1882 4311 inter
1910 4261 2042 4312 vos?
2074 4261 2327 4315 ostendat

758 4350 857 4401 per
889 4333 1087 4389 bonam
1116 4341 1594 4397 conversationem
1627 4358 1794 4412 opera
1820 4360 1943 4410 sua,
1977 4347 2033 4400 in
2068 4362 2323 4403 mansue-

762 4425 951 4479 tudine
998 4428 1281 4496 sapientia:
1331 4431 1398 4485 ³³.
1439 4449 1459 4483 ι
1521 4434 1762 4491 Paulus:
1808 4455 1826 4487 ι
1867 4437 2196 4506 Turpitudo,
2230 4449 2325 4494 aut

760 4515 1182 4584 stultiloquium,
1212 4529 1307 4573 aut
1336 4523 1639 4578 scurrilitas
1665 4541 1786 4595 quae
1809 4526 1877 4581 ad
1908 4542 2022 4581 rem
2055 4543 2164 4583 non
2194 4546 2321 4599 per-

760 4607 955 4669 tinent,
987 4623 1056 4661 ne
1084 4610 1437 4665 nominentur
1466 4614 1688 4682 quidem
1722 4617 1779 4671 in
1811 4618 1968 4673 vobis
2003 4620 2067 4673 “.
2101 4638 2117 4669 ι
2155 4620 2323 4674 Multo

756 4696 918 4763 igitur
949 4696 1220 4765 profuerit
1247 4699 1489 4756 derideri
1514 4714 1587 4767 te,
1623 4721 1792 4773 quam
1852 4723 2023 4761 unum
2081 4711 2317 4778 aliquem

2435 4696 2593 4785 πίνος-
2632 4726 2765 4777 Ἀπὸ
2803 4727 2910 4796 γὰρ
2941 4696 3173 4795 ἀφοϐίας
3204 4728 3343 4782 Θεοῦ
3385 4732 3599 4798 γίνεται
3646 4696 3710 4786 τὸ

755 4795 813 4837 ιιι
850 4786 965 4853 ipse
1005 4788 1278 4844 derideas.
1340 4793 1479 4847 Justi
1526 4795 1672 4849 enim
1722 4796 1931 4852 derisui
1968 4814 2031 4853 ac
2072 4801 2316 4857 ludibrio

753 4872 942 4927 haberi
975 4877 1173 4940 solent,
1209 4894 1319 4934 non
1346 4881 1476 4936 item
1504 4882 1799 4951 deridere;
1828 4888 2119 4942 traduntur
2165 4892 2316 4946 enim

754 4963 805 5015 iu
832 4980 1025 5021 manus
1044 4980 1393 5036 peccatorum
1416 4975 1480 5039 ",
1500 4976 1653 5045 juxta
1679 4977 1823 5033 beati
1840 4980 1944 5034 Job
1964 4984 2313 5040 sententiain.

752 5056 819 5109 Et
842 5059 1090 5114 me‘licus
1110 5062 1198 5116 ille
1229 5076 1529 5121 eoneentor
1553 5070 1879 5140 hymnorum
1906 5091 1918 5126 :
1959 5092 1977 5124 ι
2008 5076 2311 5131 Adversum

750 5158 835 5195 me
888 5146 1274 5214 loquebantur,
1332 5156 1427 5223 qui
1466 5157 1731 5216 sedebant
1765 5163 1821 5215 in
1855 5172 2033 5231 porta,
2058 5177 2114 5219 et
2144 5167 2198 5219 in
2227 5183 2315 5222 mc

752 5239 1074 5305 psallebant,
1106 5244 1201 5312 qui
1226 5245 1486 5303 bibebant
1506 5251 1695 5305 vinum
1731 5255 1796 5305 ".
1835 5273 1851 5305 ι
1890 5255 1997 5309 Ει;
2048 5274 2065 5307 ι
2100 5256 2312 5326 Oppro-

751 5327 867 5381 bria
902 5334 1349 5401 exprobrantium
1382 5341 1478 5396 tibi
1518 5344 1838 5400 ceciderunt
1872 5364 2037 5417 super
2074 5366 2160 5404 me
2188 5352 2251 5404 ".
2291 5370 2308 5401 ›

2432 3458 2600 3510 αινῶν
2652 3458 2836 3525 ἔλεγεν
2865 3476 2878 3489 ·
2918 3479 2936 3510 ι
2967 3461 3062 3523 Τίς
3089 3464 3251 3529 σοφὸς
3279 3465 3371 3516 καὶ
3408 3468 3728 3537 ἐπιστήμων
3752 3473 3814 3522 ἐν
3842 3472 3969 3539 ὑμῖν
3994 3490 4010 3535 ;

2430 3547 2660 3611 δειξάτω
2689 3551 2754 3601 ὲκ
2783 3549 2883 3615 τῆς
2908 3551 3076 3621 καλῆς
3126 3554 3475 3625 ἀναστροφῆς
3527 3560 3594 3609 τὰ
3653 3560 3792 3626 ἔργα
3844 3563 4013 3615 αὑτοῦ

2430 3638 2490 3689 ὲν
2523 3640 2788 3708 πραότητι
2815 3642 3024 3708 σοφίας.
3061 3660 3079 3692 ι
3116 3645 3225 3696 Καὶ
3263 3647 3291 3697 ὁ
3319 3646 3530 3709 Παῦλός
3565 3665 3731 3717 φησιν
3763 3662 3779 3676 ⁸
3848 3669 3867 3700 ι
3911 3652 4015 3705 Δί-

2432 3732 2686 3798 σχρότης,
2711 3729 2755 3797 ,ἦ
2790 3730 3119 3799 μωρολογία,
3144 3734 3176 3801 ἢ
3202 3734 3557 3805 εὐτραπελία,
3588 3738 3623 3791 ἆ
3649 3740 3750 3793 οὐκ
3781 3743 4011 3811 ἀνῆκεν,

2434 3820 2566 3891 μηδὲ
2631 3820 2981 3890 ὀνομαζέσθω
3030 3824 3089 3875 ὲν
3142 3825 3291 3894 ὑμῖν.
3333 3845 3353 3877 ι
3397 3829 3860 3901 Λυσιτελέστερον
3916 3830 4012 3887 οὖν

2430 3914 2581 3963 ἐστιν
2614 3911 2840 3980 μᾶλλον,
2887 3913 3315 3981 καταγελᾶσθαι,
3347 3917 3379 3986 ἦ
3417 3920 3745 3990 καταγελᾷν.
3794 3924 4010 3978 Δίκαιοι

2427 4000 2538 4069 γὰρ
2586 4001 3015 4067 καταγελῶνται.
3070 4004 3463 4074 Παραδίδονται
3510 4009 3619 4079 γὰρ
3672 4013 3752 4072 εἰς
3814 4017 4010 4084 χεῖρας

2429 4090 2771 4159 ἁμαρτωλῶν
2801 4090 2922 4163 [καὶ
2961 4093 3225 4164 ἁσεδῶν],
3274 4098 3415 4150 κατὰ
3460 4098 3551 4151 τὸν
3617 4100 3761 4154 Ἰὼϐ.
3813 4106 3929 4157 Καὶ
3979 4111 4011 4160 ό

2443 4178 2718 4249 Ὑμνῳδός
2740 4197 2905 4250 φησιν
2927 4198 2940 4210 ⁸
2969 4201 2987 4232 ι
3015 4184 3149 4237 Κατ’
3178 4186 3312 4251 ἐμοῦ
3336 4187 3659 4257 ἡδολέσχουν
3682 4192 3731 4242 oi
3753 4193 4011 4262 καθήμε-

2426 4286 2506 4321 νοι
2539 4271 2597 4322 ὲν
2632 4270 2804 4341 πύλῃ,
2835 4273 2929 4324 καὶ
2950 4273 3031 4335 είς
3055 4273 3157 4343 ἐμὲ
3188 4274 3418 4343 ἔψαλλον
3443 4278 3491 4328 οἱ
3517 4278 3769 4342 πίνοντες
3798 4280 4003 4338 οἶνον.»

2426 4362 2535 4413 Καί
2558 4379 2572 4393 ο
2615 4379 2634 4413 ι
2670 4364 2733 4415 Ol
2760 4363 3058 4433 ὀνειδισμοὶ
3075 4366 3185 4417 τῶν
3214 4366 3587 4432 ὀνειδιζόντων
3614 4387 3697 4435 σε,
3725 4374 4010 4427 ἐπέπεσαν

2425 4452 2511 4504 ἐπ’
2542 4452 2662 4521 ἐμέ.
2697 4471 2715 4505 ι
2760 4454 3091 4524 Φοόηθῶμεν
3121 4452 3215 4509 οὖν
3245 4458 3343 4509 τοῦ
3388 4460 3597 4528 Κυρίου
3636 4463 3737 4531 τὴν
3766 4464 4007 4536 ἀπειλὴν

2423 4541 2671 4610 λέγοντος
2696 4560 2710 4575 ·
2742 4564 2760 4595 ι
2787 4545 2922 4597 Οὐαὶ
2951 4549 2999 4599 οί
3025 4548 3293 4614 γελῶντες
3316 4549 3434 4615 νῦν,
3455 4552 3536 4604 ὅτι
3560 4553 3828 4607 κλαύσετε
3859 4600 3874 4621 ,
3910 4561 4008 4611 καὶ

2424 4633 2740 4703 θρηνήσετε.
2779 4654 2801 4688 ι
2862 4637 3214 4707 ’Δποστῶμεν
3264 4639 3360 4692 οὖν
3406 4644 3501 4694 καὶ
3547 4643 3642 4696 τοῦ
3686 4649 4005 4718 καταγελᾷν

3760 4752 4003 4803 καταγε-

2421 4814 2521 4883 λᾷν
2545 4829 2559 4843 ·
2592 4814 2678 4866 ἵνα
2702 4815 2776 4884 μὴ
2805 4816 3132 4885 ἀκούσωμεν
3160 4821 3255 4872 καὶ
3273 4822 3434 4890 ἡμεῖς
3458 4824 3610 4892 παρὰ
3630 4824 3728 4876 τοῦ
3759 4827 4000 4895 Κυρίου,

2428 4922 2446 4955 ι
2470 4904 2792 4975 Ὑποκριτὰ,
2822 4906 3018 4960 ἔκϐαλε
3050 4909 3265 4979 πρῶτον
3280 4906 3384 4981 ’τὴν
3405 4913 3561 4965 δοκὸν
3584 4916 3648 4966 ὲκ
3668 4915 3765 4968 τοῦ
3789 4918 3999 4984 ὀφθαλ-

2423 4995 2525 5065 μοῦ
2558 5013 2674 5072 σου.
2704 5014 2722 5047 ι
2755 4997 2866 5049 Καὶ
2900 4999 3062 5052 πάλιν
3095 5015 3111 5030 ⁸
3164 5020 3183 5051 ι
3227 5002 3288 5053 '0
3330 5004 3565 5073 πονηρὸς
3600 5005 3893 5075 ἄνθρωπος
3932 5012 3999 5063 ἐκ

2420 5084 2514 5137 τοῦ
2539 5086 2780 5156 πονηροῦ
2807 5087 3082 5158 θησαυροῦ
3109 5094 3209 5159 τῆς
3237 5093 3464 5161 καρδίας
3495 5095 3662 5148 αὑτοῦ
3690 5100 3998 5168 προσφέρει

2421 5175 2480 5227 τὸ
2501 5176 2759 5244 πονηρόν.
2810 5177 2904 5229 Ἐκ
2934 5178 3043 5248 γὰρ
3088 5180 3183 5232 τοῦ
3218 5183 3658 5252 περισσεύματος
3700 5187 3803 5254 τῆς
3866 5204 4001 5256 καρ-

2421 5266 2537 5328 δίας
2572 5266 2737 5318 αὺτοῦ
2771 5267 2922 5319 λαλεῖ
2941 5270 3002 5321 τὸ
3035 5271 3231 5340 στόμα.
3271 5291 3289 5323 ι
3327 5273 3417 5343 Τῷ
3444 5274 3499 5327 δὲ
3534 5275 3759 5345 Χριστῷ
3792 5282 3998 5346 πρέπει

2422 5354 2546 5418 δόξα
2575 5358 2653 5418 είς
2677 5358 2801 5419 τοὺς
2830 5359 3049 5422 αἰῶνας.
3089 5362 3280 5431 ’Λμήν.

752 5418 963 5475 Domini
1013 5425 1195 5493 itaque
1238 5429 1739 5491 interminationem
1775 5439 1921 5492 illam
1984 5441 2076 5510 pio
2107 5454 2343 5496 tremore
2384 5450 2597 5500 accensi
2668 5464 3020 5504 revereamur
3064 5469 3170 5520 qua
3220 5454 3397 5509 dicit:
3463 5476 3481 5507 ι
3515 5457 3606 5510 Va:
3654 5458 3751 5526 qui
3796 5459 3997 5515 ridetis

749 5525 913 5572 nunc.
945 5517 1070 5583 quia
1108 5519 1309 5575 flebitis
1354 5534 1409 5577 et
1447 5525 1704 5596 lugebitis
1726 5530 1790 5583 “.
1830 5548 1848 5581 ι
1905 5532 2187 5588 Neminem
2221 5536 2482 5604 deinceps
2538 5538 2839 5593 habeamus
2903 5541 3109 5597 derisui
3132 5546 3359 5614 (derisio
3415 5548 3563 5600 enim
3613 5550 3853 5617 proximi
3891 5567 3996 5619 per

819 5646 869 5717 ”_
892 5645 1079 5717 Matth.
1115 5667 1225 5717 xm,
1264 5653 1446 5708 fil—57.

753 5730 823 5772 xi,
856 5715 934 5785 li.
1045 5723 1088 5752 ³³
1119 5715 1231 5778 Jac.
1266 5740 1346 5785 Ill,
1379 5725 1461 5778 15.

749 5802 823 5847 Vl,
852 5784 938 5836 ἐξ).

1525 5656 1567 5687 ’⁸
1601 5658 1789 5714 Matth.
1824 5678 1874 5723 γ,
1902 5664 1951 5717 5.

1575 5730 1618 5758 “
1650 5729 1848 5798 Ephcs.
1874 5749 1924 5795 v,
1952 5735 2001 5786 .i.

2030 5667 2074 5698 ⁴⁹
2104 5667 2271 5721 Eceli.
2306 5685 2398 5729 vu.
2433 5670 2520 5723 l2.

2119 5739 2161 5767 ⁸⁵
2188 5737 2287 5791 Job
2322 5756 2395 5805 γι,
2442 5740 2516 5791 12.

3742 5683 3791 5712 ¹¹
3818 5682 3991 5737 Prov.

3764 5753 3811 5782 "
3847 5752 3990 5808 Luc.

2592 5671 2636 5701 ²⁰
2664 5671 2826 5725 Prov.
2860 5688 2991 5735 xv",
3019 5676 3071 5729 5.
3148 5677 3191 5708 ¹¹
3214 5678 3375 5732 Prov.
3414 5697 3538 5741 xxx.
3576 5682 3661 5734 l7.

2635 5742 2679 5769 "‘
2715 5743 2855 5797 Psal.
2902 5760 3086 5810 vam,
3128 5747 3213 5801 i5.
3309 5752 3350 5780 "
3393 5752 3525 5805 ibid.
3580 5750 3668 5803 10.
