4178 6436
146 429 288 495 1585

721 438 1046 498 ΠΟΜΙΜΛ
1090 440 1474 498 ΧΙΛΧκ-ΒΕ
1516 437 1716 496 PROX

1826 437 1861 494 ὖ
1899 437 2052 497 NON
2091 439 2405 498 TEMERE
2444 431 2831 496 CONDEMN.

3281 426 3418 490 1586

140 543 248 597 hoc
279 545 375 603 sit,
407 548 536 613 quia
570 546 725 599 abest
750 547 843 600 Dei
884 548 1088 614 timor),
1116 564 1184 601 ne
1221 549 1412 601 audire
1445 547 1726 614 contingat
1767 559 1867 597 nos
1905 563 1933 598 a
1979 547 2210 599 Domino
2240 563 2251 598 :
2296 566 2312 595 ι
2347 546 2661 615 llypocrita,
2700 542 2839 612 ejice
2903 539 3134 606 primum
3203 541 3415 592 trabem

136 651 201 685 ex
232 636 402 688 oculo
439 648 532 690 tuo
587 638 652 689 ".
696 657 712 688 ι
768 639 836 692 Et
895 654 1086 692 rursus
1148 658 1158 690 :

1222 657 1239 689 ι
1283 640 1455 691 Malus
1513 640 1676 690 homo
1729 636 1797 689 de
1872 637 2013 688 nian
2082 637 2341 688 thesauro
2396 635 2580 688 cordis
2631 634 2714 686 sui
2772 629 2985 700 profert
3037 631 3284 696 malum;
3345 649 3414 688 ex

136 728 486 782 abundantia
513 728 657 782 enim
681 729 864 783 cordis
884 744 946 782 os
982 730 1225 798 loquitur
1255 731 1322 783 '°.
1360 749 1378 781 ι
1415 729 1518 797 Ipsi
1546 727 1716 798 gloria
1757 726 1811 778 in
1842 728 2057 780 saecula.
2093 729 2286 779 Amen.

731 847 969 900 ΛΟΓΟΣ.
1007 847 1138 901 MU'.

504 959 642 1024 Περὶ
682 957 789 1010 τοῦ
842 959 930 1026 μὴ
969 963 1371 1028 κατακρίνειν.

214 1068 294 1118 Τὸ
352 1069 702 1135 κατακρίνειν
744 1072 758 1108 ί
800 1074 981 1141 χεῖρον
1027 1073 1244 1125 πάντων
1278 1076 1444 1128 ἐστίν.
1478 1077 1585 1140 υῦς
1618 1076 1726 1147 γὰρ

141 1161 419 1230 δοκοῦμεν
447 1163 605 1229 ἡμεῖς
628 1164 1004 1233 κατακρίνειν,
1041 1167 1240 1219 ἐκεῖνοι
1274 1167 1373 1237 μὲν
1399 1167 1494 1221 τοῦ
1529 1169 1729 1239 βάρους

142 1249 534 1317 ὲλαφροῦνται,
563 1252 724 1320 ἡμεῖς
748 1253 802 1305 δὲ
827 1252 943 1306 ἀντ’
961 1253 1144 1307 αὐτῶν
1172 1256 1605 1327 ἀχθοφοροῦμεν,
1633 1260 1728 1311 καὶ

142 1340 521 1408 εὑρισκόμεθα
600 1342 826 1405 ἑαυτοὺς
889 1346 1335 1414 κατακρίνοντες.
1402 1348 1560 1421 Πάσῃ
1635 1345 1728 1403 οῦν

145 1433 381 1502 σπουδῇ,
403 1435 698 1502 ἀγαπητοὶ,
743 1435 1008 1505 φύγωμεν
1031 1438 1126 1490 τοῦ
1163 1438 1240 1507 μὴ
1261 1443 1613 1508 κατακρίνειν
1645 1460 1728 1495 τι-

144 1526 265 1587 νάς.
299 1526 542 1587 Ὄνειδος
565 1527 674 1595 γὰρ
702 1529 836 1596 ἡμῖν
858 1531 971 1580 ἐστι
1000 1531 1163 1597 μέγα,
1197 1531 1390 1584 ἀνίατα
1412 1535 1723 1601 νοσοῦντας,

144 1619 241 1670 καὶ
267 1618 496 1670 δυσίατα
520 1618 650 1688 ἕλκη
677 1619 917 1688 ἔχοντας,
954 1621 1051 1672 καὶ
1072 1621 1374 1690 ὑποχρέους
1397 1625 1557 1690 ὄντας
1581 1629 1726 1698 ἡμᾶς

145 1711 366 1782 μυρίων
389 1710 742 1779 ὀφλημάτων,
758 1709 828 1762 τὰ
857 1708 1114 1780 ἀλλότρια
1149 1711 1470 1782 πταίσματα
1508 1733 1726 1787 περιερ-

141 1803 418 1870 γάζεσθαι
472 1804 568 1855 καὶ
600 1802 982 1880 κατοπτεύειν.
1006 1801 1079 1854 Ού
1120 1803 1230 1872 γὰρ
1262 1807 1429 1859 καλὸν
1463 1815 1728 1880 κατακρῖ-

141 1913 237 1946 ναι
279 1895 376 1946 τὸν
414 1896 638 1965 πόρνον,
676 1894 773 1947 ἐὰν
807 1877 908 1948 τοῦ
933 1895 1124 1948 λοιποῦ
1158 1900 1509 1970 σωφρονήσῃ.
1544 1877 1724 1953 Καλὸν

135 1984 196 2037 δὲ
233 1987 428 2062 φυγεῖν
475 1985 576 2053 τὴν
605 1986 826 2054 πρᾶξιν,
855 1985 931 2058 μὴ
963 1985 1154 2054 ψέγειν
1183 1986 1275 2040 τὸν
1313 1976 1618 2058 πράξαντα.
1665 1990 1723 2044 Ὀ

137 2078 251 2144 γάρ
281 2074 471 2140 εἰπὼν,
511 2095 528 2126 ι
563 2076 638 2128 Ού
673 2076 942 2147 φονεύσῃς
970 2118 986 2141 ,
1020 2096 1038 2128 ι
1079 2072 1256 2142 εἶπεν,
1293 2097 1310 2130 ι
1346 2080 1419 2133 υύ
1455 2083 1723 2152 κατακρί-

2371 843 2658 899 ιιυιιιιικι
2699 843 2885 896 XLIX.

1975 953 2098 1006 Non
2126 961 2317 1007 temere
2349 955 2808 1008 condenmandum
2830 971 2939 1008 esse
2955 957 3273 1023 proximum.

1901 1063 2264 1118 Pronuntiare
2307 1065 2360 1118 in
2407 1066 2629 1119 fratrem
2677 1066 3046 1122 damnationis
3088 1067 3413 1121 sententiam

1831 1155 2078 1223 nunquid
2101 1171 2210 1209 non
2232 1163 2429 1209 caetera
2448 1162 2639 1224 suapte
2657 1157 2993 1226 malignitate
3015 1157 3415 1226 antegreditur?

1831 1248 1962 1302 Nam
1989 1266 2126 1318 quos
2149 1251 2228 1306 sic
2257 1261 2459 1306 temere
2488 1251 2854 1307 condemnare
2885 1254 3156 1314 videmur,
3185 1252 3324 1305 adeo
3347 1251 3412 1304 il-

1829 1339 1910 1393 los
1937 1357 2046 1394 non
2067 1357 2379 1410 gravanius,
2405 1352 2463 1396 ut
2483 1343 2784 1399 allevemus
2812 1344 3006 1413 magis,
3038 1343 3167 1396 dum
3193 1343 3412 1397 interim

1829 1448 1950 1500 quae
1967 1432 2088 1486 illos
2110 1433 2338 1503 urgebat
2362 1436 2561 1490 molem
2580 1437 2797 1506 judicii,
2815 1437 2868 1491 in
2889 1445 3104 1491 nosmet
3125 1445 3308 1490 nostra
3332 1447 3413 1493 te-

1831 1525 2078 1577 meritate
2099 1525 2452 1589 reclinamus,
2475 1529 2914 1597 etcomperimur
2933 1529 2986 1581 in
3009 1543 3109 1581 nos
3131 1527 3278 1596 ipsos
3290 1544 3410 1582 eam

1827 1617 2194 1671 damnationis
2254 1633 2545 1673 censuram
2595 1621 2946 1690 detorquere.
3001 1619 3162 1675 Omni
3227 1621 3412 1690 itaque

1828 1710 2032 1772 studio,
2083 1710 2457 1772 dilectissimi,
2524 1713 2931 1779 providendum
2993 1714 3176 1775 nobis,
3231 1723 3290 1767 ut
3343 1730 3411 1766 ne

1827 1816 1990 1868 quem
2041 1801 2493 1855 condemnemus.
2521 1801 2738 1867 Quanto
2764 1803 2908 1856 enim
2955 1803 3227 1857 dedecore
3263 1803 3412 1872 digni

1827 1906 1948 1953 nos,
1981 1892 2073 1960 qui
2123 1907 2248 1945 cum
2302 1892 2595 1946 incurabili
2639 1909 2706 1947 ex
2754 1908 2814 1946 se
2853 1893 3046 1947 morbo
3074 1894 3410 1958 laboremus,

1824 2001 1949 2038 cum
1981 1985 2189 2038 animas
2213 1985 2512 2039 habeamus
2535 1983 2817 2038 ulceribus
2838 1985 2991 2038 nullo
3021 2000 3199 2053 prope
3229 2000 3410 2038 reme-

1824 2074 1916 2128 dio
1937 2075 2195 2129 sanandis
2225 2077 2424 2128 misere
2456 2075 2769 2145 suggillatas
2797 2090 2812 2138 ;
2837 2089 2962 2127 cum
3011 2075 3186 2128 simus
3212 2075 3413 2129 debitis

136 2185 260 2239 νῃς.
304 2187 321 2218 ι
357 2170 418 2222 Εἰ
449 2169 506 2221 δὲ
537 2169 911 2239 κατακρίνεις,
946 2171 1044 2223 σὺν
1072 2170 1249 2240 τούτῳ
1283 2174 1590 2245 κατακρίνῃ
1611 2215 1624 2237 ,
1658 2174 1724 2226 δι’

1829 2165 2077 2230 obnoxii,
2105 2166 2240 2218 nulli
2293 2165 2636 2234 explicandis
2680 2163 2814 2229 (tam
2838 2163 3013 2217 multa
3069 2165 3245 2231 sunt),
3280 2165 3416 2219 alie-

135 2255 215 2312 ῶν
245 2263 408 2313 αὑτὸν
445 2262 818 2330 κατακρίνεις.
844 2261 919 2313 Οῦ
953 2262 1062 2332 γὰρ
1086 2263 1242 2331 ήμῶν
1271 2264 1387 2315 ἐστι
1421 2265 1482 2315 τὸ
1513 2267 1720 2334 κρῖναι,

137 2353 170 2418 ἦ
217 2352 573 2420 κατακρῖναι,
601 2349 735 2402 ἀλλὰ
768 2349 932 2416 μόνου
955 2347 1090 2400 Θεοῦ
1123 2349 1220 2401 καὶ
1244 2349 1482 2417 μεγάλου
1509 2349 1720 2418 κριτοῦ,

137 2441 236 2491 τοῦ
271 2439 642 2507 ἐπισταμένου
675 2439 772 2498 τὰς
809 2438 1042 2506 καρδίας
1064 2436 1244 2504 ἡμῶν,
1276 2438 1370 2490 καὶ
1407 2439 1476 2489 τά
1505 2440 1724 2508 κρυπτά

137 2531 290 2598 πά.οη
328 2532 427 2598 τῆς
460 2529 695 2596 φύσεως.
733 2528 831 2589 Τίς
863 2527 974 2597 γὰρ
1002 2529 1341 2596 καυχήσεται
1376 2529 1548 2598 ἁγνὴν
1579 2530 1724 2596 ἔχειν

135 2622 237 2689 τὴν
266 2619 585 2687 καρδίαν;ἢ
618 2617 704 2678 τίς
734 2617 1204 2687 ιταρῤησιάσεται,
1241 2616 1439 2682 λέγων,
1472 2635 1489 2666 ι
1533 2617 1724 2668 Καθα-

139 2713 234 2780 ρός
298 2713 415 2778 εἰμι
469 2708 578 2762 ἀπὸ
614 2708 929 2778 ἀμαρτιῶν;
968 2727 985 2757 ι
1022 2707 1114 2776 Μὴ
1149 2705 1243 2758 οὗν
1291 2707 1582 2775 προπετῶς
1633 2709 1724 2758 καὶ

136 2802 526 2862 ἀϐασανίστως
563 2797 1031 2867 ἀπογινώσκωμεν
1072 2800 1197 2860 τοὺς
1243 2798 1537 2861 πταίοντας
1568 2839 1581 2861 ,
1621 2798 1723 2850 κᾶν

134 2897 219 2956 εἰς
247 2895 390 2946 αύτά
415 2892 485 2944 τὰ
506 2893 712 2960 ἔσχατα
734 2891 835 2959 τῆς
863 2891 1064 2952 κακίας
1093 2890 1420 2957 ἀφίκωνται,
1463 2888 1564 2940 κᾶν
1595 2889 1722 2956 ἔρη-

137 3001 233 3053 μοι
263 2987 364 3052 τῆς
398 2982 602 3051 ἀρετῆς
635 2981 924 3048 γένωνται,
951 2981 1047 3032 καὶ
1084 2979 1470 3048 ἀποσχυνθῶσι
1512 2978 1724 3048 μακρό-

132 3091 320 3144 τερον,
355 3074 459 3125 κᾶν
483 3074 686 3136 πᾶσαν,
717 3071 859 3124 κατὰ
890 3070 950 3122 τὸ
974 3069 1324 3138 φαινόμενον,
1353 3069 1723 3136 ἐξαφανίσωσι

131 3167 236 3235 τὴν
295 3163 436 3216 κατὰ
489 3162 653 3230 φύσιν
696 3162 992 3232 καλλίστην
1023 3161 1384 3215 κατάστασιν.
1423 3162 1584 3223 Εἰκὸς
1613 3162 1723 3232 γὰρ

133 3259 265 3318 τοῦς
295 3254 570 3315 τοιούτους
598 3253 730 3304 ποτὲ
772 3252 1201 3318 ὲξυπνισθέντας
1248 3253 1390 3322 πρὸς
1422 3252 1557 3304 Θεὸν
1589 3254 1722 3306 ἀνα-

134 3347 359 3414 ϐλέψαι,
393 3346 488 3397 καὶ
516 3343 769 3396 τοσοῦτον
798 3343 1057 3410 γενέσθαι
1089 3345 1256 3411 ἐγγὺς
1285 3343 1395 3395 τῶν
1419 3344 1596 3396 ποδῶν
1627 3344 1720 3397 τοῦ

135 3438 394 3506 Κυρίου,
426 3438 535 3505 ὅσῳ
601 3436 944 3506 μακρότερον
997 3435 1269 3504 ὑπῆρχον.
1319 3436 1478 3487 Ἐστι
1531 3435 1722 3502 γοῦνὸ

133 3493 463 3583 ὀλισθαίνων
507 3493 682 3594 λόγῳ,
709 3493 803 3578 καὶ
844 3493 946 3579 οὐκ
978 3493 1291 3596 ἀπὸῖιιῦχῆς
1312 3543 1326 3558 ο
1365 3527 1451 3589 τίς
1487 3493 1554 3580 δέ.
1575 3528 1721 3580 ὲστιν
1749 3493 1792 3548 C

133 3625 196 3682 ὃς
251 3623 354 3690 οὐχ
412 3621 662 3691 ἥμαρτεν
703 3621 762 3670 ὲν
791 3619 1012 3687 γλώσσῃ
1069 3617 1268 3684 aii-:05;
1315 3617 1512 3687 Ἡμεῖς
1563 3615 1656 3672 οὖν
1687 3619 1722 3673 ἀ

137 3713 599 3783 προετάχθημεν,
632 3708 808 3762 ταῦτα
852 3709 1248 3780 διανοηθῶμεν,
1285 3710 1587 3771 τουτέστιν,
1625 3712 1721 3764 τοῦ

137 3803 361 3856 πενθεῖν
386 3803 482 3854 καὶ
501 3801 710 3853 κλαίειν
732 3801 800 3853 τά
826 3801 1039 3853 ἑαυτῶν
1069 3801 1452 3870 ἐλαττώματα,
1479 3803 1575 3855 καὶ
1606 3802 1723 3854 δέε-

138 3898 269 3950 σθαι
306 3895 404 3948 τοῦ
462 3895 596 3947 Θεοῦ
643 3893 941 3963 καθαρίσαι
997 3895 1148 3964 ἡμᾶς
1182 3894 1293 3947 ἀπὸ
1343 3895 1443 3964 τῆς
1477 3895 1720 3966 σαπρίας

137 3988 322 4058 ἡμῶν,
360 3986 457 4040 καὶ
491 3986 836 4054 συμπάσχειν
873 3985 970 4037 καὶ
1003 3985 1289 4052 συναλγεῖν
1323 3989 1434 4048 τοῖς
1461 3988 1720 4056 ὁμογενέ-

137 4097 214 4139 σι,
250 4079 348 4130 καὶ
380 4075 714 4145 ωσσώμοις,
733 4075 828 4128 καὶ
853 4075 1222 4144 ὁμοχρίστοις.
1261 4077 1350 4128 Ἐν
1377 4078 1585 4141 τούτοις
1612 4079 1721 4148 γάρ

136 4169 521 4236 εὐαρεστεῖται
549 4167 576 4217 ὁ
611 4165 764 4227 Θεός.
805 4163 1142 4216 Ἐπιστέλλει
1188 4164 1244 4216 δὲ
1279 4165 1373 4218 καὶ
1400 4168 1428 4218 ὁ
1461 4167 1721 4220 Ἀπόστο·

135 4259 229 4322 λος
254 4301 268 4323 ,
299 4258 500 4324 λέγων,
537 4274 556 4306 ι
594 4257 665 4307 Συ
709 4254 762 4306 τί
809 4256 1016 4324 κρίνεις
1057 4254 1148 4305 τὸν
1177 4255 1408 4321 ἀδελφόν
1455 4272 1592 4318 σου;
1634 4276 1651 4308 ι
1687 4257 1719 4327 ἦ

138 4351 236 4402 καὶ
269 4349 336 4401 σὺ
363 4347 414 4399 τί
441 4345 744 4412 ἐξουθενεῖς
771 4344 861 4397 τὸν
889 4343 1118 4412 ἀδελφόν
1154 4361 1247 4395 σου
1275 4362 1287 4408 ;
1322 4362 1339 4393 ι
1376 4345 1583 4407 Πάντες
1615 4345 1722 4415 γάρ

137 4437 618 4509 παραστησόμεθα
666 4434 744 4505 τῷ
784 4434 992 4504 βήματι
1021 4432 1113 4486 τοῦ
1151 4432 1416 4502 Χριστοῦ.
1453 4429 1601 4503 τΑρα
1627 4430 1722 4487 οῦν

138 4532 376 4591 ἕκαστος
424 4529 555 4597 περὶ
604 4526 801 4579 ἑαυτοῦ
837 4527 994 4594 λόγον
1021 4525 1183 4578 δώσει
1211 4525 1290 4595 τῷ
1332 4525 1476 4596 Θεῷ.
1508 4528 1724 4596 Μηκέτι

138 4621 232 4675 οῦν
259 4621 529 4689 ἀλλήλους
564 4620 844 4687 κρίνωμεν
863 4659 878 4682 ,
913 4617 1050 4669 ἀλλά
1079 4616 1237 4670 τοῦτο
1266 4617 1488 4686 κρίνατε
1519 4619 1724 4687 μᾶλλον

140 4717 199 4766 τὸ
237 4714 316 4783 μὴ
353 4712 560 4764 τιθέναι
608 4712 945 4778 πρόσκομμα
992 4707 1071 4777 τῷ
1109 4708 1326 4778 ἀδελφῷ
1361 4711 1441 4772 είς
1493 4711 1726 4763 σκάνδα-

1830 2273 1899 2310 na
1929 2257 2148 2310 interim
2179 2258 2449 2310 minutula
2485 2265 2664 2311 errata
2695 2256 3005 2310 excutimus
3032 2257 3324 2319 curiosius,
3348 2272 3414 2310 ac

1827 2356 1941 2402 tota
1974 2348 2170 2401 mentis
2201 2349 2319 2401 acie
2355 2349 2794 2418 contemplamur
2823 2357 2880 2402 et
2908 2350 3263 2418 exploramus
3288 2350 3311 2399 ?
3340 2349 3412 2403 At

1825 2453 1895 2492 ne
1954 2439 2305 2493 fornicarium
2338 2439 2561 2507 quidem
2592 2440 2764 2493 debes
2805 2441 3076 2493 sententia
3108 2441 3412 2508 percellere

1827 2530 2215 2593 damnationis,
2247 2531 2294 2582 is
2328 2530 2493 2582 modo
2536 2530 2640 2582 sibi
2683 2529 3040 2596 imposterum
3083 2539 3346 2598 temperet
3381 2547 3414 2585 a

1827 2621 2212 2684 fornicatione,
2236 2629 2293 2674 et
2325 2620 2392 2672 ad
2416 2619 2538 2674 vitae
2571 2621 2814 2674 melioris
2839 2635 2896 2674 se
2921 2621 3150 2688 recipiat
3177 2621 3409 2688 frugem.

1825 2712 2220 2780 Operationein
2256 2711 2427 2777 ipsam
2476 2711 2860 2764 fornicationis
2884 2713 3089 2765 bonum
3120 2721 3204 2765 est
3241 2722 3294 2765 ul
3331 2713 3412 2766 vi-

1827 2811 1949 2866 tes;
1985 2818 2110 2855 eum
2136 2812 2319 2855 autem
2351 2803 2444 2870 qui
2487 2802 2540 2856 id
2574 2801 2799 2854 admisit
2825 2801 3036 2870 flagitii,
3075 2820 3142 2857 ne
3176 2819 3411 2857 concer-

1827 2908 1924 2960 pas
1948 2893 2366 2949 amarulentius.
2382 2892 2484 2959 Qui
2501 2893 2650 2947 enim
2670 2893 2811 2946 dixit
2839 2910 2849 2946 :
2877 2913 2894 2943 ι
2926 2897 3047 2948 Non
3067 2895 3286 2948 occides
3305 2897 3405 2961 ³¹,›

1826 2985 2016 3052 utique
2067 2991 2124 3039 et
2184 2984 2318 3038 illud
2364 2984 2541 3050 dixit,
2586 3004 2604 3036 ι
2644 2985 2762 3039 Non
2827 2986 3222 3039 condemnabis
3251 2987 3337 3039 “'.
3386 3004 3404 3036 ι

1823 3075 1979 3141 Quod
2038 3077 2082 3130 si
2135 3077 2490 3142 condemnas,
2520 3078 2632 3146 jam
2687 3093 2785 3147 per
2833 3077 3025 3130 eadem
3057 3078 3272 3147 judicas
3307 3095 3410 3147 per

1824 3181 1944 3234 qua:
1999 3175 2055 3220 et
2108 3167 2460 3220 condemnas.
2494 3167 2659 3236 Atqui
2705 3168 3027 3237 neutiquam
3073 3179 3275 3224 nostra:
3324 3178 3411 3224 est

1823 3257 2128 3310 functionis
2161 3257 2228 3311 de
2278 3259 2455 3311 salute
2494 3259 2662 3311 ullius
2691 3259 2903 3328 judicio
2934 3261 3016 3314 vel
3069 3263 3407 3316 condemna-

1825 3347 1973 3400 tione
2023 3349 2359 3412 decernere;
2397 3349 2492 3402 sed
2551 3350 2720 3413 illius,
2751 3361 2807 3404 et
2867 3353 3029 3420 plane
3079 3354 3406 3422 solius,qui

1826 3438 2050 3492 intimos
2080 3454 2330 3493 recessus
2363 3439 2547 3494 cordis
2581 3440 2756 3494 nostri
2802 3442 3109 3496 clarissime
3141 3443 3315 3508 novit,
3350 3451 3407 3496 et

1827 3529 2202 3584 retrusissima
2231 3546 2460 3599 quaeque
2521 3541 2731 3586 natura:
2772 3533 2941 3589 totius
2979 3533 3234 3603 intelligit
3279 3551 3405 3604 per-

1825 3622 2189 3690 Spectissime.
2221 3622 2356 3687 Quis
2381 3639 2547 3690 porro
2570 3624 2897 3693 gloriabitur
2928 3626 3194 3679 mundum
3220 3643 3277 3680 se
3306 3627 3404 3680 ha-

1826 3714 1953 3766 bere
1984 3714 2256 3778 cor?aut,
2286 3715 2411 3782 quis
2444 3715 2595 3768 omni
2626 3731 2750 3769 cum
2779 3715 2977 3770 fiducia
3000 3718 3147 3771 ausit
3175 3717 3361 3771 dicere
3387 3735 3401 3770 :

1831 3824 1848 3856 ι
1888 3806 2121 3860 Mundus
2152 3822 2273 3861 sum
2303 3822 2334 3860 a
2361 3807 2602 3875 peccatis
2636 3808 2715 3860 "'2
2752 3826 2770 3858 ι
2807 3807 2884 3861 Ne
2908 3809 3074 3877 igitur
3095 3808 3173 3863 sic
3197 3818 3403 3865 temere

1823 3906 1878 3951 et
1905 3897 2201 3966 inexpense
2235 3913 2429 3953 eorum
2453 3898 2547 3966 qui
2577 3909 2825 3966 peccant,
2851 3901 3208 3967 desperemus
3252 3901 3402 3954 salu-

1827 3995 1957 4051 tem,
1991 3988 2208 4042 tametsi
2259 3989 2326 4042 ad
2374 3989 2657 4042 dexteram
2706 4005 2880 4058 usque
2922 3990 3124 4044 lineam
3155 3993 3403 4060 provecti

1820 4081 1930 4151 jam
1983 4081 2095 4134 sint
2139 4080 2358 4134 malitiae
2401 4088 2457 4134 et
2507 4081 2901 4150 improbitatis,
2930 4083 3094 4135 etiam
3165 4083 3209 4136 si
3269 4083 3406 4138 tales

1825 4173 1974 4224 omni
2005 4172 2268 4224 virtutum
2303 4171 2679 4226 destituantur
2729 4172 3255 4244 praesidio,‘]_106
3283 4183 3340 4228 et
3371 4191 3402 4228 a

1825 4277 1884 4314 se
1918 4260 2180 4329 pudorem
2218 4275 2381 4328 quam
2415 4260 2734 4330 longissime
2775 4261 3108 4332 ablegarint,
3141 4265 3271 4318 licet
3307 4281 3406 4319 na-

1829 4360 1964 4404 tura:
2022 4350 2179 4402 istius
2235 4350 2551 4418 conspicuae
2597 4351 3069 4419 elegantissimum
3122 4372 3402 4425 quemque

1827 4438 2074 4490 ordinem
2098 4438 2483 4506 perverterint,
2506 4453 2571 4491 ac
2596 4439 2869 4507 pudendis
2898 4441 3115 4512 flagitiis
3139 4461 3404 4514 corrupe-

1829 4529 1957 4581 rint.
1998 4528 2099 4580 Par
2136 4535 2220 4579 cst
2254 4526 2402 4579 enim
2435 4526 2664 4581 credere
2701 4528 2835 4581 tales
2879 4529 3174 4598 aliquando
3209 4548 3404 4602 exper-

1829 4627 2028 4679 rectos,
2055 4625 2110 4670 et
2139 4633 2168 4669 a
2209 4618 2358 4686 gravi
2411 4633 2521 4685 quo
2573 4620 2989 4686 premebantur,
3021 4631 3250 4676 veterno
3302 4641 3403 4678 ex-

1827 4724 2037 4772 cussos,
2079 4708 2142 4761 ad
2183 4709 2352 4761 Deum
2386 4717 2671 4762 erecturos
2713 4725 2834 4763 esse
2881 4712 3053 4764 aciem
3087 4714 3308 4777 mentis,
3346 4725 3404 4768 ct

140 4809 251 4862 λον.
267 4827 284 4855 ι
315 4805 429 4858 Καὶ
450 4804 725 4873 ἐπιφέρει,
758 4819 777 4851 ι
807 4801 899 4890 Διὸ
927 4800 1336 4869 ἀναπολόγητος
1358 4797 1426 4865 εἷ,
1450 4796 1494 4852 ὦ
1518 4802 1613 4854 ἀνθ
1625 4820 1722 4870 pw-

1831 4808 1980 4854 tanto
2048 4799 2276 4868 propius
2327 4815 2385 4850 se
2447 4799 2808 4854 advoluturos
2870 4802 3102 4868 pedibus
3161 4803 3398 4871 Domini,

143 4911 230 4957 πε,
265 4894 376 4954 πᾶς
407 4893 436 4942 ὁ
465 4890 666 4960 κρίνων
693 4905 705 4918 ·
736 4890 794 4940 ὲν
829 4881 874 4954 ᾧ
923 4889 1031 4959 γὰρ
1087 4888 1318 4958 κρίματι
1381 4893 1586 4961 κρίνεις
1631 4892 1724 4944 τὸν

142 4988 352 5052 ἕτερον,
377 4983 606 5036 σεαυτὸν
629 4981 980 5051 κατακρίνεις
1005 4997 1020 5012 ο
1050 4982 1119 5034 τά
1144 4982 1256 5052 γὰρ
1281 4982 1424 5036 αύτά
1454 4983 1725 5052 πράσσεις

143 5082 169 5129 ό
194 5077 418 5146 κρίνων.
459 5076 698 5145 Οἴδαμεν
724 5076 836 5146 γὰρ
878 5077 963 5129 ὁτι
1006 5075 1068 5128 τὸ
1096 5077 1273 5144 κρῖμα
1310 5074 1404 5127 τοῦ
1435 5074 1570 5126 Θεοῦ
1607 5077 1726 5128 ἐστι

145 5170 286 5221 κατά
318 5169 580 5236 ἀλήθειαν
615 5169 708 5222 ὲπὶ
759 5169 884 5230 τοὺς
940 5167 1010 5219 τά
1041 5167 1266 5219 τοιαῦτα
1319 5167 1720 5236 πράσσοντας.»

146 5260 255 5310 Καὶ
289 5258 470 5320 αὖθις,
514 5276 530 5307 ι
579 5260 814 5328 Οἴδαμεν
846 5259 904 5311 δὲ
940 5260 1033 5310 τὸν
1058 5257 1282 5310 εἰπόντα
1310 5274 1322 5286 ·
1362 5257 1518 5326 Ἐμοὶ
1581 5257 1726 5309 ὲκδίο

210 5392 256 5421 ¹⁹
290 5391 430 5444 Luc.
465 5406 540 5453 τι,
572 5391 660 5445 42.
736 5390 780 5420 ³⁸
821 5390 954 5444 ibid.
997 5393 1083 5446 45.

1165 5393 1204 5422 ³⁸
1235 5393 1406 5447 Exod.
1437 5409 1524 5455 xx,
1563 5392 1645 5443 15.
1723 5392 1763 5420 δ’
1786 5392 1800 5407 ⁶

1828 4899 2036 4959 quanto
2080 4906 2138 4944 se
2177 4891 2396 4960 longius
2434 4891 2831 4960 disjunxerant.
2870 4893 3017 4953 Esto,
3049 4893 3174 4962 quis
3203 4895 3402 4948 labitur

1829 4984 1961 5051 (non
2009 4983 2119 5050 jam
2163 4981 2231 5034 de
2292 4982 2475 5035 anima
2508 4983 2746 5050 loquor),
2775 4985 2931 5051 quis,
2955 5001 3159 5053 quaeso,
3195 4996 3275 5039 est
3308 4986 3400 5054 qui

1827 5088 1936 5125 non
1970 5072 2056 5124 vel
2091 5072 2272 5139 lingua
2302 5087 2398 5124 sua
2445 5072 2691 5140 peccavit
2717 5075 2739 5123 ’ἒ
2765 5074 2875 5126 Nos
2912 5075 3079 5143 igitur
3107 5092 3230 5143 qua:
3261 5093 3400 5143 pra:-

1826 5162 2168 5231 scripsimus,
2206 5161 2322 5214 luec
2353 5161 2657 5230 cogitemus
2705 5163 2922 5226 attenti,
2955 5164 3214 5218 nimirum
3275 5179 3402 5231 pro-

1827 5256 1976 5324 prius
2009 5254 2259 5308 defectus
2286 5261 2346 5306 ut
2379 5254 2685 5322 lugeamus,
2713 5254 3079 5324 lacrymarum
3111 5255 3401 5325 aspergine

1835 5390 1965 5442 Luc.
2012 5405 2086 5451 νι,
2120 5390 2208 5442 57.
2287 5389 2328 5418 ³¹
2365 5389 2526 5444 Prov.
2560 5404 2649 5454 xx,
2678 5389 2729 5442 9.

1448 5529 1530 5583 VA
1542 5529 1683 5584 RIAS
1722 5528 2009 5583 LECTION
2020 5529 2119 5582 ES.

229 5620 665 5690 iKataxplvsw,
707 5629 763 5672 ut
799 5621 940 5689 apud
977 5619 1235 5674 Basilium
1271 5627 1320 5672 et
1375 5618 1779 5672 Damascenum.
1814 5617 2213 5680 Καταδικάζειν
2263 5617 2358 5690 καὶ
2401 5615 2854 5690 καταγινώσκειν,
2893 5625 2967 5670 est
3005 5618 3235 5690 deﬁnite,
3278 5637 3400 5688 pro-

151 5694 418 5752 nuntiare,
446 5687 609 5742 u‘num
637 5687 885 5759 aliquant,
915 5706 1186 5759 nunquam
1232 5704 1399 5741 more:
1431 5699 1780 5750 mutaturum,
1810 5697 1904 5740 aut
1932 5689 2245 5759 damnatum
2264 5688 2334 5759 iri
2365 5705 2380 5740 :
2405 5687 2543 5759 quod
2573 5697 2646 5740 est
2675 5688 3246 5759 eximiaz_tenteritatis,
3280 5687 3400 5742 cum

151 5764 211 5812 de
241 5760 440 5813 nullius
470 5761 616 5823 (dum
655 5755 797 5826 vivit)
831 5755 1216 5827 desperandum
1268 5760 1580 5812 correctione
1621 5760 1687 5810 sit
1741 5767 1785 5810 et
1819 5759 2008 5811 salute.
2047 5755 2303 5824 Exemplo
2339 5766 2459 5810 sunt
2490 5756 2757 5812 Manasses
2797 5766 2844 5811 ει
2879 5756 3039 5811 Latro
3081 5757 3169 5813 ille
3230 5760 3343 5828 pius
3377 5775 3397 5812 :

152 5832 264 5884 ride
298 5830 664 5900 prwfationem
696 5828 1177 5900 εκαρδιογνώστης
1214 5831 1350 5880 cnim
1384 5839 1456 5881 est
1480 5828 1620 5881 solus
1656 5829 1813 5882 Dcus.
