4178 6436
767 426 900 490 1587

2012 428 2370 489 ANTIOCHI
2412 430 2747 489 MUNACIII

3857 430 3993 493 1588

762 542 1169 601 obtineremus.
1199 542 1367 594 Deum
1418 556 1708 610 precemur
1776 543 2069 610 supplices,
2117 555 2171 598 et
2226 560 2321 612 per

2424 562 2598 615 κησις.
2634 545 2773 610 Ἐγὼ
2805 544 3187 608 ἀνταποδώσω,
3221 545 3367 613 λέγει
3430 547 3650 616 Κύριος.
3692 567 3707 597 ι
3742 549 3853 601 Καὶ
3910 548 3994 600 ὃτι

760 633 895 694 inec,
922 631 991 685 ab
1020 631 1322 685 inveterata
1347 642 1401 686 et
1426 633 1635 687 cariosa
1666 622 2013 702 peccatorum
2039 636 2325 703 putredine

757 738 856 775 nos
884 723 1032 791 ipsos
1058 738 1461 791 cxpurgcmus;
1498 740 1601 777 nec
1654 724 1852 785 solum.
1893 725 1987 778 scd
2032 740 2087 779 et
2138 727 2327 780 aliena:

754 813 1155 881 cmnpatiamur
1214 814 1532 878 calamitati,
1589 823 1756 884 atque
1816 816 2216 870 indolescanlus
2263 834 2328 870 ex

754 904 959 965 animo,
991 919 1183 957 eorum
1228 906 1458 958 maxime
1499 906 1592 973 qui
1639 906 1798 960 nobis
1823 907 2178 975 germanitate
2202 908 2329 975 jun-

752 1004 973 1061 guntur,
1004 996 1088 1048 vel
1138 997 1387 1065 generis,
1437 998 1518 1049 vel
1562 997 1686 1051 fidei
1734 1014 1854 1066 qua:
1922 999 1975 1051 in
2044 999 2323 1052 Christum

752 1098 858 1149 est,
915 1102 1093 1155 eoque
1174 1098 1304 1141 sunt
1361 1104 1748 1158 concorporcs.
1814 1091 1916 1143 Per
1993 1092 2108 1143 haec
2192 1105 2322 1145 sane

752 1178 877 1243 quis
942 1179 1033 1231 Dei
1095 1180 1269 1247 possit
1327 1179 1424 1231 tibi
1478 1182 1771 1234 conciliare
1820 1191 1876 1236 ct
1935 1183 2169 1235 emcreri
2207 1198 2328 1251 gra-

754 1267 906 1319 tiam.
941 1269 1235 1337 Apostolus
1260 1272 1488 1339 proinde
1514 1288 1609 1338 per
1630 1272 1925 1339 Epistolam
1950 1275 2023 1326 ait
2054 1292 2066 1326 :
2093 1273 2172 1327 Tn
2195 1275 2321 1342 quid

748 1359 967 1427 judicas
1019 1361 1244 1414 fratrem
1301 1372 1452 1416 tnum
1485 1365 1571 1415 ‘3?
1601 1365 1708 1418 Aut
1752 1365 1917 1418 etiam
1966 1381 2064 1418 cur
2110 1352 2323 1434 spernis

756 1449 982 1505 fratrem
1013 1456 1210 1506 tuum?
1248 1473 1266 1503 ‹
1302 1456 1509 1508 Omnes
1538 1455 1684 1508 enim
1719 1456 2168 1523 praescnlabiznnr
2195 1467 2319 1509 ante

2425 640 2601 705 κρινεῖ
2627 636 2829 705 Κύριος
2860 638 2951 687 τὸν
2980 638 3104 689 λαὸν
3137 638 3325 691 αὑτοῦ.
3365 639 3595 708 ⁹υμοίως
3625 640 3721 691 καὶ
3741 643 3767 692 ὁ
3807 641 3996 692 Ἰάκωο

2424 729 2516 791 6ος
2558 728 2728 779 ταῦτα
2783 727 3054 794 ἐπιλέγει,
3090 748 3107 778 ι
3150 724 3242 791 Εἷς
3293 732 3438 781 ἐστιν
3484 733 3512 783 6
3568 733 3868 800 νομοθέτης
3894 734 3993 786 καὶ

2425 820 2636 888 κριτὴς,
2666 822 2693 871 6
2726 820 3021 888 δυνάμενος
3056 820 3230 873 σῶσαι
3256 822 3349 873 καὶ
3380 823 3679 877 ἀπολέσαι·
3723 826 3786 876 σὺ
3818 825 3875 876 δὲ
3906 825 3993 885 τίς

2427 915 2454 963 6
2487 912 2690 979 κρίνων
2719 912 2807 963 τὸν
2831 911 3093 979 πλησίον;
3133 931 3149 960 ι
3190 914 3299 965 Καὶ
3330 913 3493 965 πάλιν
3527 914 3554 963 6
3598 913 3831 978 Παῦλος,
3868 933 3885 964 ι
3919 916 3993 966 Σὺ

2428 1004 2510 1065 τίς
2545 1000 2595 1056 εἴ
2622 1005 2649 1055 6
2674 1004 2877 1073 κρίνων
2918 1002 3197 1070 ἀλλότριον
3248 1005 3501 1072 οίκέτην;
3528 1003 3606 1073 τῷ
3656 1004 3770 1072 ἰδίῳ
3820 1006 3998 1075 κυρίῳ

2431 1098 2641 1161 στήκει,
2676 1096 2709 1164 ἢ
2738 1096 2946 1146 πίπτει.
2985 1094 3319 1163 Σταθήσεται
3345 1096 3422 1148 δέ.
3450 1096 3680 1156 Δυνατὸς
3706 1095 3815 1163 γάρ
3846 1096 3999 1147 ἐστιν

2431 1188 2460 1237 6
2493 1187 2625 1248 θεὸς
2654 1186 2850 1253 στῆσαι
2908 1186 3087 1240 αὐτόν.
3134 1207 3151 1237 ι
3200 1188 3306 1239 Καὶ
3337 1187 3364 1237 6
3401 1186 3624 1254 Κύριος,
3655 1207 3672 1237 ι
3705 1188 3796 1255 Μὴ
3818 1188 4003 1253 κρίνε-

2430 1294 2511 1337 τε,
2549 1278 2633 1328 ἵνα
2675 1277 2750 1345 μὴ
2803 1278 3194 1347 κατακριθῆτε,
3234 1279 3323 1328 καὶ
3359 1276 3432 1344 μὴ
3454 1278 3872 1340 καταδικάζετε,
3911 1278 4002 1328 ἵνα

2436 1368 2511 1438 μὴ
2536 1368 2987 1438 καταδικασθῆτε.
3030 1389 3047 1419 ι
3088 1371 3197 1422 Afr:
3212 1368 3245 1438 ξ’»
3276 1371 3307 1438 ἡ
3338 1369 3464 1431 δόξα
3498 1371 3578 1431 είς
3607 1370 3732 1431 τοὺς
3766 1369 3995 1428 αἰῶνας.

2441 1458 2493 1508 ’Δ
2506 1459 2632 1526 μήν.

757 1544 997 1597 tribunal
1029 1546 1258 1609 Christi,
1289 1547 1475 1616 itaque
1530 1549 1797 1601 rationem
1854 1548 2045 1600 reddet
2095 1564 2320 1601 suorum
2360 1547 2629 1603 factorum
2697 1551 3072 1620 unusquisque
3136 1549 3286 1611 Deo;
3326 1564 3394 1602 ne
3423 1548 3591 1617 igitur
3612 1550 3665 1601 in
3690 1558 4001 1617 posterum,

759 1636 991 1689 invicem
1046 1638 1382 1707 judicemus,
1426 1639 1520 1691 sed
1576 1639 1681 1690 hoc
1728 1638 1971 1707 jndicate
2036 1640 2225 1707 magis,
2295 1656 2363 1695 ne
2436 1644 2652 1710 ponatis
2704 1643 3096 1697 ofl‘cndiculum
3144 1641 3323 1705 fratri,
3360 1651 3454 1695 aut
3508 1641 3830 1695 scandalum
3867 1640 3933 1691 “.
3978 1659 3994 1688 ι

757 1728 926 1781 Infert
966 1746 980 1783 :
1042 1750 1058 1779 ε
1096 1730 1324 1799 Propter
1349 1729 1496 1798 quod
1545 1730 1936 1785 inexcusabilis
1978 1747 2059 1795 es,
2094 1748 2126 1786 ο
2156 1734 2319 1786 Ιιοιηο
2356 1736 2536 1788 omnis
2568 1734 2662 1803 qui
2710 1736 2945 1804 judicas.
3008 1736 3067 1790 In
3121 1752 3231 1805 quo
3298 1735 3445 1789 enim
3478 1735 3695 1804 judicas
3739 1735 3997 1791 alterum.

760 1822 994 1889 teipsum
1035 1822 1421 1874 condemnas:
1489 1822 1680 1874 eadem
1744 1824 1888 1876 enim
1934 1825 2049 1892 agis
2120 1840 2241 1891 qua:
2282 1823 2513 1893 judicas.
2581 1824 2796 1880 Scimus
2850 1826 2999 1879 enim
3063 1825 3191 1895 quia
3244 1825 3516 1893 judicium
3571 1824 3666 1877 Dei
3708 1833 3763 1877 et
3805 1839 4002 1877 secun-

755 1914 885 1966 dum
920 1913 1201 1966 veritatem
1239 1914 1293 1966 in
1325 1928 1420 1967 eos
1449 1913 1541 1980 qui
1578 1914 1704 1966 talia
1733 1924 1917 1981 agunt.
1961 1933 1977 1963 ι
2018 1914 2269 1967 Rursus;
2316 1933 2333 1963 ι
2380 1915 2594 1970 Scimus
2646 1926 2829 1971 autem
2875 1931 3000 1970 eum
3054 1916 3149 1985 qui
3182 1916 3321 1969 dixit
3362 1916 3494 1969 mihi
3537 1914 3862 1975 vindictam,
3904 1929 4003 1982 ego

758 2010 1082 2071 retribuam,
1118 2009 1253 2062 dicit
1291 2009 1555 2062 Dominus
1584 2008 1628 2039 ³⁸
1664 2025 1679 2073 ;

1724 2028 1741 2059 ι
1773 2008 1899 2076 quia
1939 2008 2207 2077 iudicabit
2247 2009 2511 2064 Dominus
2539 2012 2801 2079 populum
2830 2026 3009 2065 suum.
3041 2009 3194 2064 llaud
3222 2010 3381 2063 aliter
3441 2009 3698 2071 Jacobus,
3729 2008 3851 2062 lucc
3889 2008 4002 2062 eol-

754 2102 913 2170 ligit:
950 2121 968 2152 ι
1006 2102 1157 2156 Unus
1202 2109 1286 2154 est
1315 2100 1596 2169 Iegislator
1626 2110 1683 2153 et
1704 2100 1889 2168 iudex,
1930 2100 2022 2169 qui
2050 2110 2230 2169 potest
2264 2102 2471 2155 salvarc
2503 2110 2558 2154 et
2584 2101 2854 2170 perdere;
2890 2111 2947 2155 tu
2971 2110 3152 2157 autem
3181 2102 3305 2171 quis
3342 2116 3403 2154 es
3429 2100 3523 2168 qni
3556 2100 3773 2169 judicas
3812 2099 3999 2167 proxi-

755 2212 904 2248 mnm
942 2196 1020 2247 ³⁸2
1060 2214 1077 2245 ι
1124 2196 1359 2247 Rursum
1425 2193 1626 2246 Paulus
1662 2210 1674 2244 :

1725 2210 1741 2243 ι
1772 2193 1852 2246 Tu
1882 2194 1975 2261 qui
2014 2210 2074 2247 cs
2113 2194 2206 2261 qui
2244 2193 2461 2263 judicas
2512 2193 2750 2247 alienum
2807 2194 3194 2248 servum?suo
3255 2193 3478 2247 domino
3512 2201 3619 2246 stat
3657 2200 3754 2245 aut
3793 2192 3986 2253 cadit;

754 2287 921 2342 stabit
973 2300 1179 2345 autem,
1236 2293 1431 2353 potens
1479 2283 1623 2336 enim
1667 2292 1751 2337 est
1818 2285 1962 2338 Deus
2007 2294 2247 2339 statuere
2307 2285 2458 2339 illum
2476 2286 2518 2317 ³⁷
2552 2303 2565 2338 :
2604 2304 2622 2336 ι
2657 2286 2919 2339 Dominus
2975 2286 3061 2339 his
3121 2286 3363 2339 concinit
3396 2304 3407 2338 :
3439 2303 3456 2333 ι
3484 2285 3663 2339 Nolite
3725 2284 3997 2354 judicare,

756 2389 817 2434 ut
862 2393 972 2432 non
1028 2376 1400 2447 judiccmini;
1454 2376 1625 2428 nolite
1665 2376 2058 2439 condemnare,
2126 2386 2186 2431 ut
2244 2392 2355 2431 non
2391 2378 2836 2433 condcmnemini
2869 2378 2934 2431 ³⁸.
2984 2397 3003 2429 ι
3036 2378 3142 2446 Ipsi
3200 2378 3373 2447 gloria
3437 2377 3493 2430 in
3541 2377 3765 2431 secula.
3804 2376 3997 2430 Amen.

1333 2488 1615 2543 IIOMILIA
1681 2489 1742 2541 L.

1035 2603 1243 2657 Nemini
1279 2604 1513 2656 (laridum
1562 2618 1670 2656 esse
1708 2601 2041 2656 scandalum.

827 2715 989 2771 Omni
1047 2714 1321 2777 custodia,
1348 2713 1568 2777 fratres,
1599 2730 1700 2767 nos
1749 2714 1898 2783 ipsos
1934 2729 2326 2769 conservemus

758 2819 921 2875 atque
967 2804 1351 2872 advigilemns,
1383 2819 1451 2856 ne
1498 2802 1582 2856 cui
1624 2803 1818 2857 demus
1870 2805 2032 2857 ullam
2083 2804 2323 2857 seandali

757 2900 873 2952 sive
906 2894 1225 2950 oll‘cndiculi
1260 2895 1626 2958 occasionem,
1658 2894 1816 2948 liberi
1855 2908 1915 2949 ut
1957 2896 2128 2948 simus
2161 2907 2323 2964 atque

758 2994 1032 3046 immunes
1055 2988 1374 3043 miserrima:
1394 2988 1539 3040 illius
1562 2988 1908 3048 calamitatis,
1932 3004 2094 3055 quam
2125 2988 2326 3040 talibus

756 3083 1031 3152 apprccati
1084 3090 1210 3134 sunt
1259 3096 1383 3134 cum
1436 3079 1717 3148 propheta:
1758 3088 1870 3131 tum
1918 3080 2188 3147 apostoli:
2226 3095 2325 3132 nec

758 3173 960 3233 solum,
991 3171 1084 3224 sed
1118 3177 1174 3235 et
1202 3168 1468 3223 Dominus
1487 3179 1674 3222 noster
1703 3169 1863 3223 Jesns
1890 3170 2163 3223 Christus.
2201 3171 2323 3223 Pri-

757 3278 881 3316 mus
907 3277 967 3315 se
1007 3261 1167 3314 offert
1194 3261 1460 3330 propheta
1494 3260 1746 3313 llabacuc
1780 3278 1791 3312 :
1826 3261 1936 3323 Vm,
1968 3260 2064 3321 ait,
2098 3261 2189 3329 qui
2228 3276 2325 3328 po-

758 3362 836 3406 tat
881 3352 1189 3421 proximum
1234 3368 1393 3405 suum
1434 3351 1718 3405 eversione
1766 3352 1953 3404 dolosa
1981 3352 2045 3403 ³⁹.
2079 3371 2096 3402 ι
2131 3352 2323 3405 Eccle-

760 3446 953 3497 siastes
994 3444 1121 3497 item
1159 3461 1173 3496 :
1220 3462 1237 3492 ι
1274 3442 1375 3508 Qui
1440 3442 1579 3496 fodit
1628 3441 1837 3495 foveam
1894 3443 2144 3510 proximo
2200 3457 2321 3505 suo,

760 3533 967 3587 incidet
1002 3533 1053 3585 in
1082 3532 1323 3585 eanl‘°.i
1358 3531 1461 3584 Et:
1498 3549 1514 3580 ι
1537 3530 1642 3595 Qui
1674 3530 1845 3583 volvit
1878 3530 2137 3598 lapidem,
2158 3545 2323 3600 super

761 3642 819 3678 se
848 3623 1137 3685 νοΙνίι,⁵¹.ι
1179 3622 1281 3675 Et:
1317 3640 1334 3671 ι
1367 3622 1466 3686 Οιιί
1490 3619 1787 3675 demolitur
1818 3634 2024 3687 sepem,
2050 3621 2323 3675 mordebit

760 3732 886 3769 eum
921 3715 1147 3768 coluber
1165 3713 1262 3765 δ’.»
1287 3714 1670 3767 Paranniastes
1698 3730 1709 3764 :
1732 3731 1749 3762 ι
1777 3711 2118 3767 Circumcide
2141 3714 2239 3766 abs
2270 3722 2321 3766 te.

3040 2490 3257 2543 ΛΟΓΟΣ
3318 2489 3397 2540 N'.

2743 2602 2881 2670 Περὶ
2915 2601 3023 2656 τοῦ
3074 2602 3159 2670 μὴ
3219 2600 3659 2659 σκανδαλίζειν.

2497 2719 2650 2787 Πάσῃ
2676 2718 2891 2787 φυλακῇ
2917 2716 3249 2785 τηρήσωμεν
3272 2714 3521 2775 ἑαυτοὺς,
3542 2712 3785 2779 ἀδελφοὶ,
3805 2712 3903 2765 τοῦ
3930 2714 4003 2782 μὴ

2424 2808 2605 2862 δοῦναι
2626 2807 2879 2876 ἀφορμὴν
2903 2805 3222 2865 σκανδάλου,
3248 2804 3279 2871 ἦ
3308 2802 3735 2871 προσκόμματὸς
3753 2819 3885 2863 τινι,
3916 2804 4002 2855 ἵνα

2428 2901 2711 2973 ῥυσθῶμεν
2728 2898 2821 2950 τοῦ
2846 2894 3182 2963 ταλανισμοῦ
3198 2895 3306 2947 τῶν
3320 2912 3615 2963 προφητῶν
3635 2895 3729 2945 καὶ
3768 2895 4001 2946 ἀποστό-

2424 2995 2551 3057 λων,
2602 2993 2693 3045 καὶ
2738 2991 2901 3044 αὑτοῦ
2931 2987 3024 3041 τοῦ
3054 2988 3323 3040 Δεσπότου
3360 2987 3513 3055 ἡμῶν
3540 2988 3633 3039 καὶ
3686 2986 4001 3054 φιλανθρώ-

2425 3103 2526 3137 που
2549 3082 2809 3154 Χριστοῦ.
2843 3081 3062 3151 ῐιρῶτον
3091 3078 3220 3147 γοῦν
3255 3080 3282 3131 6
3309 3080 3595 3147 προφήτης
3640 3078 3964 3145 ’Λεϐακοῦμ
3984 3119 3998 3140 ,

2431 3175 2614 3237 «Οὐαὶ,
2636 3172 2822 3241 φησὶν,
2841 3172 2869 3222 6
2888 3170 3118 3232 ποτίζων
3136 3169 3224 3221 τον
3247 3166 3472 3234 πλησίον
3498 3165 3661 3217 αὑτοῦ
3683 3166 4002 3233 ἀνατροπὴν

2425 3264 2667 3333 θολεράν.
2697 3281 2714 3311 ι
2740 3262 2893 3314 Καὶὸ
2920 3259 3373 3327 Ἑκκλησιαστὴς,
3400 3278 3415 3308 ι
3456 3257 3511 3309 '0
3534 3257 3781 3322 ὀρύσσων
3807 3256 4001 3325 βόθρον

2425 3354 2503 3424 τῷ
2535 3354 2779 3423 πλησίῳ,
2807 3353 3129 3420 ἐμπεσεῖται
3177 3350 3257 3410 είς
3302 3349 3483 3401 αὐτόν.
3521 3373 3535 3397 ι
3572 3348 3702 3408 Καὶ,
3742 3366 3761 3397 σ
3811 3346 3872 3399 '0
3901 3364 3999 3397 κυ-

2423 3446 2552 3498 λίων
2577 3445 2741 3504 λίθον,
2768 3443 2853 3510 ἐφ’
2880 3441 3071 3494 ἑαυτὸν
3103 3440 3327 3492 κυλίσει.
3366 3459 3383 3489 ι
3427 3440 3556 3498 Καὶ,
3594 3456 3612 3487 1
3647 3436 3998 3503 Καθαιροῦν-

2424 3555 2491 3589 τα
2523 3536 2794 3606 φραγμὸν,
2827 3534 3047 3603 δήξεται
3074 3531 3233 3585 αὐτὸν
3266 3530 3407 3597 ὄφις.
3440 3549 3457 3581 ι
3486 3528 3596 3580 Καὶ
3621 3530 3648 3580 6
3685 3530 3998 3595 Παροιμια-

2424 3629 2572 3696 στὴς,
2616 3647 2633 3677 ι
2672 3625 2893 3695 Περίελε
2924 3623 3033 3676 ἀπὸ
3081 3621 3175 3673 σοῦ
3214 3620 3425 3672 σκολιὸν
3468 3619 3661 3687 στόμα,
3700 3619 3799 3669 καὶ
3837 3618 3999 3670 ἄδικα

2425 3720 2579 3788 χείλη
2614 3719 2827 3786 μακράν
2872 3714 2981 3767 ἀπὺ
3024 3713 3118 3766 σοῦ
3170 3711 3417 3779 ποίησον,
3449 3712 3529 3763 ὅτι
3580 3709 3813 3761 ἐνώπιόν
3858 3711 3999 3760 εἰσιν

760 3823 823 3860 os
852 3822 1102 3875 pravum,
1131 3806 1339 3874 1107
1369 3815 1423 3858 ct
1444 3805 1586 3857 labia
1621 3806 1804 3872 iniqua
1827 3805 1986 3873 longe
2009 3804 2093 3857 fac
2122 3821 2149 3856 a
2180 3813 2231 3858 te
2253 3804 2317 3868 “,

2423 3811 2529 3863 τῶν
2560 3808 2654 3861 τοῦ
2687 3806 2822 3859 Θεοῦ
2852 3805 3147 3873 δῳθαλμῶν
3196 3804 3305 3855 ὁδοὶ
3335 3802 3550 3871 ἀνδρός.
3580 3818 3599 3850 ι
3639 3801 3697 3852 ὐ
3730 3801 3789 3852 δὲ
3833 3802 3997 3852 Ἀπό-

760 3898 888 3965 quia
917 3911 1100 3948 coram
1136 3896 1313 3948 oculis
1364 3896 1456 3948 Dei
1490 3904 1617 3947 sunt
1650 3894 1752 3948 via:
1788 3893 1893 3947 viri
1926 3894 1993 3948 “.
2040 3914 2056 3945 ι
2086 3895 2319 3963 Aposto-

762 3990 846 4042 lus
895 3970 1113 4056 quoque
1165 3986 1230 4040 ad
1271 3986 1527 4040 llebrzeos
1566 3987 1642 4038 ait
1676 4005 1688 4038 :
1726 4005 1743 4035 ι
1785 3985 1951 4039 Terra
1987 3988 2133 4040 enim
2179 4002 2321 4054 saepe

762 4078 955 4131 bibens
1009 4077 1239 4130 imbrem
1291 4091 1455 4143 super
1514 4092 1571 4128 se
1616 4076 1949 4137 venientem,
1982 4083 2038 4128 et
2098 4076 2321 4143 pariens

761 4167 985 4219 herbam
1032 4171 1393 4233 opportunam
1437 4163 1546 4217 illis
1574 4179 1602 4217 a
1645 4164 1846 4230 quibus
1879 4164 2099 4227 colitur,
2124 4165 2321 4232 accipit

762 4258 1202 4313 benedictionem
1237 4272 1266 4309 a
1312 4257 1460 4321 Deo;
1494 4255 1779 4324 proferens
1826 4267 2006 4311 autem
2050 4258 2234 4327 spinas
2266 4268 2321 4311 et

762 4348 1017 4409 tribulos,
1076 4347 1306 4415 reproba
1364 4356 1419 4399 et
1470 4346 1838 4400 maledictioni
1898 4348 2143 4415 proxima
2195 4360 2317 4411 est,

760 4440 918 4506 cujus
957 4436 1079 4489 linis
1104 4435 1160 4488 in
1188 4434 1626 4487 combustionem
1656 4435 1723 4486 ".
1764 4453 1780 4484 ι
1807 4434 1931 4489 llree
1964 4436 2123 4504 plane
2146 4436 2319 4490 disse-

762 4529 919 4581 rebat
966 4525 1084 4579 istis
1111 4526 1178 4578 de
1206 4524 1483 4586 seandalo,
1520 4540 1628 4593 quo
1660 4524 1783 4579 fidei
1816 4537 2051 4595 accepta:
2080 4534 2317 4594 segetem

760 4618 1102 4689 premebant,
1134 4616 1229 4684 qui
1256 4630 1441 4669 semen
1480 4615 1704 4684 quidem
1737 4616 1922 4669 verbis
1970 4626 2316 4685 acceperant,

758 4708 852 4760 scd
904 4705 1037 4759 illud
1089 4706 1371 4773 spinarum
1407 4705 1579 4757 instar
1606 4704 1876 4757 aculeatis
1900 4705 2320 4773 cogitationibus

758 4796 1146 4867 przefocabant.
1179 4795 1315 4849 nihil
1349 4795 1578 4863 proinde
1626 4794 1963 4862 profcrentcs
2010 4794 2181 4864 frugis
2225 4796 2321 4849 bo-

760 4906 863 4945 n.e.
905 4889 1050 4941 Idem
1085 4896 1141 4938 et
1188 4886 1448 4938 Romanis
1478 4902 1491 4936 :
1525 4902 1543 4934 ι
1578 4883 1817 4938 Obsecro
1855 4882 2021 4952 igitur
2056 4900 2171 4946 vos,
2204 4884 2317 4937 fra-

759 4994 891 5046 tres,
920 4989 977 5033 ut
1010 4978 1315 5033 observetis
1342 4994 1437 5032 eos
1470 4979 1562 5046 qui
1598 4978 1968 5031 dissensiones
1996 4987 2051 5031 et
2082 4979 2315 5032 offendi-

758 5073 880 5127 Cnla
920 5072 1127 5124 faciunt
1152 5112 1165 5133 ,
1191 5080 1390 5139 pra‘tor
1440 5070 1748 5124 doctrinam
1787 5086 1949 5138 quam
1987 5085 2085 5123 vos
2117 5072 2315 5125 didici-

756 5166 854 5217 stis
887 5181 900 5215 :
932 5172 989 5215 ct
1018 5163 1283 5215 declinato
1317 5161 1384 5213 ab
1431 5161 1513 5214 eis
1546 5178 1557 5211 :
1598 5161 1730 5213 tales
1758 5160 1903 5213 enim
1948 5160 2180 5213 Domino
2219 5178 2316 5214 no-

756 5266 872 5308 stro
900 5255 1027 5308 Jesu
1061 5253 1281 5307 Christo
1310 5268 1417 5304 non
1446 5252 1722 5317 serviunt,
1759 5252 1851 5303 sed
1889 5268 1987 5304 suo
2021 5254 2227 5313 ventri,
2260 5262 2309 5304 et

758 5361 855 5413 per
900 5360 1124 5397 suavem
1151 5358 1459 5396 sermonem
1495 5351 1550 5395 et
1576 5342 2013 5395 benedictionem
2044 5342 2316 5397 seducunt

756 5436 919 5489 corda
952 5434 1409 5488 innocentium“.
1451 5451 1468 5481 ι
1503 5432 1704 5485 lterum
1743 5451 1755 5484 :
1790 5452 1806 5481 ‹
1844 5433 2033 5485 Videte
2078 5449 2145 5485 ne
2177 5434 2314 5487 forte

758 5536 1004 5595 potestas
1057 5536 1237 5580 vestra
1285 5525 1676 5579 oﬂcndiculum
1706 5525 1796 5577 fiat
1828 5524 2082 5587 infirmis;
2124 5523 2167 5577 si
2193 5525 2316 5592 quis

836 5663 881 5693 ³³
914 5662 1071 5714 Ront.
1098 5676 1211 5721 xtv,
1248 5660 1330 5721 10,
1368 5660 1453 5719 12,
1486 5660 1565 5711 15.
1679 5659 1726 5689 “
1756 5658 1916 5711 Rom.
1953 5672 2020 5717 tt,
2059 5659 2121 5719 l,
2159 5659 2212 5711 Ξ.

762 5732 804 5763 ³⁸
841 5731 977 5784 Lne.
1008 5749 1087 5789 vl.
1138 5734 1225 5785 57.
1337 5731 1381 5761 ³⁸
1411 5729 1613 5782 llabae.
1644 5745 1703 5785 ll.
1744 5728 1822 5780 l3.

760 5818 833 5867 ιν,
863 5802 950 5855 Μ.
994 5814 1031 5831 ⁸⁸
1068 5802 1231 5854 Errl't.
1275 5816 1401 5863 λιιι,
1442 5800 1519 5852 15.
1670 5797 1829 5851 Hebr,
1876 5814 1947 5851 ‘I.
1981 5798 2030 5862 Ἰ,
2070 5797 2117 5847 8.

2320 5659 2362 5689 ³⁸
2390 5660 2545 5712 Rom.
2579 5676 2651 5713 χιι
2682 5700 2695 5718 .
2736 5660 2814 5712 l9.

1927 5727 1971 5757 “
2005 5727 2172 5781 Eccli.
2201 5744 2370 5786 an,
2395 5729 2481 5780 ‘29.

2424 3901 2605 3961 στολος
2644 3897 2935 3966 Ἑϐραίοις,
2981 3913 2998 3944 ι
3037 3893 3113 3961 Γῆ
3152 3892 3282 3961 γὰρ,
3322 3891 3583 3960 φησὶν,ὴ
3620 3890 3822 3942 πιοῦσα
3864 3891 3997 3941 πολ-

2420 3993 2574 4052 λάκις
2613 3990 2705 4040 τὸν
2762 3985 3047 4053 ἒπάὑτῆς
3108 3983 3475 4051 ἐπερχόμενον
3536 3981 3713 4042 ὑετὸν,
3772 3984 3872 4033 καὶ⁹
3920 3982 3997 4032 τί·

2422 4099 2622 4135 κτουσα
2646 4078 2871 4147 βοτάνην
2898 4075 3111 4127 εῦθετον
3132 4074 3361 4133 ἐκείνοις
3385 4072 3453 4123 δι’
3476 4070 3569 4131 οὓς
3604 4070 3695 4122 καὶ
3725 4075 3997 4138 γεωργεῖ-

2417 4190 2529 4233 ται,
2555 4167 2950 4240 μεταλαμϐάνει
2975 4164 3217 4229 εὐλογίας
3237 4161 3343 4214 ἀπὸ
3364 4160 3457 4214 τοῦ
3479 4159 3635 4215 Θεοῦ.
3652 4161 3996 4228 Ἐκφὲρουσα

2418 4262 2473 4313 δὲ
2509 4260 2745 4321 ἀκάνθας
2790 4258 2882 4310 καὶ
2945 4254 3261 4325 τριϐόλους.
3289 4253 3566 4317 ἀδόκιμος,
3604 4252 3699 4304 καὶ
3742 4254 3996 4319 κατάρας

2420 4353 2585 4419 ἐγγύς
2605 4369 2619 4383 -
2644 4348 2711 4423 ἧς
2737 4350 2798 4401 τὸ
2828 4348 2977 4408 τέλος
3011 4350 3088 4408 είς
3112 4344 3328 4397 καῦσιν.
3365 4362 3383 4393 ι
3420 4343 3609 4395 Ταῦτα
3639 4343 3770 4409 περὶ
3790 4342 3889 4394 τοῦ
3918 4344 3995 4405 εἰς

2420 4447 2602 4496 πίστιν
2652 4440 2949 4495 σκανδάλου
2982 4436 3252 4504 διελέγετο
3295 4435 3432 4505 πρὸς
3464 4435 3660 4495 αὐτοὺς
3686 4473 3703 4495 ,
3734 4435 3813 4496 ὡς
3840 4435 3993 4500 Sean

2424 4539 2617 4606 μένους
2691 4536 2786 4604 μὲν
2849 4533 2940 4585 τὸν
2989 4530 3189 4599 σπόρον
3225 4527 3320 4581 τοῦ
3385 4528 3567 4592 λόγου,
3619 4527 3991 4579 άκανθὼδεσιν

2416 4629 2470 4681 δὲ
2512 4628 2788 4694 λογισμοῖς
2842 4623 3245 4692 συμπνίγοντας
3274 4620 3365 4671 τὸν
3402 4619 3583 4685 λόγον,
3617 4618 3715 4669 καὶ
3745 4619 3823 4688 μὴ
3858 4637 3990 4685 καρ-

2419 4718 2809 4785 ποφοροῦντας.
2850 4713 3145 4782 Ῥωμαίοις
3175 4712 3231 4763 δέ
3263 4726 3446 4779 φησιν,
3490 4728 3509 4759 ι
3552 4709 3871 4776 Παρακαλῶ
3897 4705 3987 4761 οὖν

2419 4809 2562 4877 ὑμᾶς
2591 4851 2603 4871 ,
2644 4806 2881 4873 ἀδελφοὶ,
2926 4804 3148 4856 σκοπεῖν
3188 4802 3312 4863 τοὺς
3343 4801 3441 4862 τὰς
3489 4799 3836 4867 διχοστασίας
3896 4801 3987 4852 καὶ

2418 4899 2481 4951 τὰ
2506 4898 2794 4961 σκάνδαλα,
2828 4896 2977 4966 παρὰ
3001 4895 3101 4962 τὴν
3141 4892 3381 4960 διδαχὴν,
3420 4892 3485 4960 ἣν
3514 4891 3672 4958 ὑμεῖς
3726 4891 3985 4958 ἐμάθετε,

2420 4987 2729 5049 ποιοῦντας,
2750 4988 2842 5038 καὶ
2858 4985 3139 5038 ὲκκλίνατε
3168 4986 3262 5037 ἀπ’
3286 4982 3483 5036 αὐτῶν.
3504 4983 3568 5033 Ol
3595 4982 3705 5049 γὰρ
3725 4981 3980 5042 τοιοῦτοι,

2420 5080 2481 5131 οὐ
2505 5080 2581 5145 τῷ
2604 5078 2793 5146 Κυρίῳ
2813 5077 2970 5145 ἡμῶν
3004 5073 3179 5144 Ἰησοῦ
3209 5073 3426 5143 Χριστῷ
3452 5070 3822 5132 δουλεύουσιν,
3855 5072 3987 5124 ἀλλὰ

2420 5172 2484 5238 τῇ
2512 5169 2717 5221 ἑαυτῶν
2746 5168 2943 5237 κοιλία,
2971 5168 3064 5219 καὶ
3089 5166 3177 5218 διὰ
3202 5166 3299 5233 τῆς
3327 5163 3723 5233 χρηστολογίας
3754 5164 3848 5215 καὶ
3898 5164 3983 5215 εὖ-

2420 5260 2606 5325 λογίας
2636 5259 2977 5323 ἐξαπατῶσιν
2999 5257 3095 5316 τὰς
3123 5256 3349 5323 καρδίας
3373 5255 3483 5305 τῶν
3528 5255 3774 5307 ἀκάκων.
3817 5274 3836 5305 ι
3883 5255 3980 5306 Καὶ

2420 5348 2604 5409 πάλιν,
2633 5367 2649 5397 ι
2682 5346 2915 5397 Βλέπετε
2951 5345 3145 5413 μήπως
3170 5345 3201 5412 ἡ
3223 5343 3445 5406 ἐξουσία
3468 5341 3621 5407 ὑμῶν
3648 5344 3793 5411 αὕτη
3824 5346 3983 5410 πρός-

2421 5454 2612 5505 κομμα
2662 5438 2885 5503 γένηται
2932 5439 3043 5497 τοῖς
3089 5433 3405 5486 ἀσθενοῦσιν
3436 5449 3447 5460 ·
3479 5433 3573 5484 ὲάν
3615 5434 3745 5501 γὰρ,
3782 5438 3980 5501 φησὶν,

2423 5527 2505 5596 ῖδῃ
2539 5544 2596 5578 σε
2628 5528 2717 5579 τὸν
2751 5527 2939 5595 ἔχοντα
2970 5526 3167 5592 γνῶσιν
3194 5528 3251 5578 ὲν
3284 5525 3539 5591 εἰδωλείῳ
3582 5529 3981 5595 κατακείμενον

2924 5660 2969 5691 ³⁸
2992 5660 3108 5714 Jac.
3140 5674 3214 5719 Iv,
3242 5661 3326 5715 Η..
3362 5659 3445 5711 l3.
3523 5661 3563 5689 ³⁷
3590 5661 3753 5714 Rom.
3788 5678 3894 5719 xlv.
3932 5662 3977 5713 ι.

2589 5731 2632 5759 ⁸⁸
2661 5730 2818 5783 Prov.
2858 5746 3002 5784 xxvi.
3047 5731 3135 5783 ‘27.
3213 5732 3254 5761 ’⁵⁸
3292 5729 3470 5783 Ε‹ϊ1(”.
3508 5746 3560 5793 x,
3605 5730 3657 5784 8.
3740 5730 3787 5763 ⁸³
3826 5733 3974 5787 Prov.

2265 5799 2419 5852 Rern.
2458 5815 2563 5855 \u.
2600 5799 2678 5852 l'-.'.
2715 5802 2789 5852 IS.
