4178 6436
162 484 302 550 1589

781 486 1106 546 iIOMiLiA
1150 487 1317 548 LI.-
1333 488 1695 549 NEMINEM
1736 490 2037 549 PROBRO
2078 488 2626 563 AFFICIENDUM,
2670 484 2832 545 ETC.

3298 478 3431 543 1590

159 598 283 665 οὐχὶ
311 597 342 664 ἡ
380 593 685 665 συνείδησις
722 592 888 646 αὐτοῦ
909 634 924 658 ,
946 593 1208 657 ἀσθενοῦς
1235 595 1389 658 δντος
1409 634 1425 658 ,
1457 596 1745 666 οἰκοδομη-

1857 596 1995 650 enim
2021 597 2224 653 viderit
2249 609 2301 654 te
2331 599 2425 667 qui
2474 596 2646 651 habes
2692 590 3005 655 scientiam,
3042 590 3098 646 in
3131 590 3302 647 idolio
3341 608 3432 646 re-

162 686 398 755 θήσεται
450 688 531 748 είς
575 685 637 737 τὸ
674 685 742 737 τὰ
782 684 1106 737 εἰδωλόθυτα
1152 684 1392 751 ἐσθίεινς
1443 705 1462 736 ι
1490 685 1602 738 Καὶ
1642 687 1741 739 ὲπ-

160 780 311 847 ἀγει,
347 798 365 831 ι
388 777 710 831 Ἀπόλλυται
735 777 845 847 γάρ
874 778 902 829 ὁ
932 775 1175 829 ἀσθενῶν
1200 776 1427 844 ἀδελφὸς
1455 777 1550 829 ἐπὶ
1574 778 1641 846 τῇ
1676 778 1743 846 σῇ

160 872 386 937 γνώσει,
414 872 481 924 δι’
514 871 572 923 ὃν
598 873 625 922 ὁ
669 869 902 939 Χριστὸς
934 868 1207 922 ἀπέθανεν
1231 883 1245 898 ο
1279 868 1451 930 οὓτως
1480 867 1537 919 δὲ
1567 867 1746 921 αὐτῶν

160 966 464 1026 τύπτοντες
488 963 587 1032 τὴν
620 961 944 1030 συνείδησιν,
966 964 1046 1023 εἰς
1066 960 1304 1028 Χριστὸν
1332 959 1696 1029 ἁμαρτάνετε.
1721 976 1739 1008 ι

162 1055 280 1106 Καὶ
314 1050 469 1115 αὖθις
503 1067 518 1083 ο
559 1070 578 1103 ι
618 1052 735 1104 Ἵνα
762 1051 815 1104 τί
842 1051 951 1122 γὰρ
984 1054 1016 1121 ἡ
1046 1051 1333 1121 ἐλευθερία
1366 1066 1468 1119 μου
1500 1048 1746 1119 κρίνεται

162 1146 274 1199 ὑπὸ
306 1146 473 1214 ἄλλης
532 1144 937 1214 συνειδήσεως;
979 1144 1028 1195 εἰ
1068 1142 1182 1209 ἐγὼ
1222 1144 1445 1212 χάριτος
1497 1143 1744 1209 μετέχω,

160 1238 217 1289 τί
254 1236 686 1306 βλασφημοῦμαι
741 1235 883 1305 ὑπὲρ
912 1229 974 1288 οῦ
1001 1234 1111 1301 ἐγὼ
1143 1233 1493 1304 εὐχαριστῶ;
1544 1252 1562 1282 ι
1608 1233 1668 1285 'O
1691 1231 1746 1284 δὲ

162 1329 374 1399 Κύριος
423 1330 746 1398 ἀπεφήνατο
799 1327 975 1395 λέγων
1006 1345 1019 1358 ο
1056 1346 1074 1379 ι
1122 1329 1218 1389 Ὃς
1238 1327 1284 1378 δ’
1315 1325 1381 1378 ἂν
1421 1324 1749 1395 σκανδαλίσῃ

161 1422 268 1476 ἕνα
308 1422 416 1474 τῶν
468 1421 686 1491 μικρῶν
722 1420 951 1484 τούτων,
987 1419 1261 1489 συμφέρει
1289 1418 1440 1486 αὐτῷ
1497 1418 1585 1470 ἵνα
1613 1432 1742 1485 κρε-

164 1513 354 1582 μασθῇ
411 1511 579 1581 μῦλος
624 1512 803 1575 ὀνικὸς
839 1511 969 1582 περὶ
999 1511 1091 1564 τὸν
1118 1510 1389 1581 τράχηλον
1431 1507 1619 1572 αὐτοῦ,
1656 1508 1751 1560 καὶ

164 1600 577 1671 καταποντισθῇ
628 1604 686 1653 ὲν
730 1601 809 1669 τῷ
862 1600 1093 1666 πελάγει
1124 1601 1221 1668 τῆς
1267 1598 1568 1666 θαλάσσης,
1600 1597 1633 1666 ἢ
1664 1596 1750 1649 ἵνα

164 1694 506 1763 σκανδαλίσῃ
548 1692 645 1745 ἕνα
695 1692 806 1744 τῶν
855 1693 1068 1762 μικρῶν
1096 1690 1325 1744 τούτων.
1366 1709 1385 1741 ι
1422 1690 1532 1742 Καὶ
1562 1686 1751 1754 ὲπιφέυ

164 1804 278 1857 ρει,
302 1806 318 1836 ι
379 1786 572 1853 ὐρᾶτε
604 1784 680 1854 μὴ
712 1783 1094 1854 καταφρονῆτε
1120 1783 1237 1844 ἑνὸς
1251 1781 1361 1833 τῶν
1392 1779 1605 1850 μικρῶν
1630 1777 1751 1831 τοὺ-

160 1895 276 1930 των
302 1894 315 1906 ·
347 1877 489 1945 λέγω
517 1878 625 1946 γὰρ
651 1878 798 1946 ὑμῖν,
825 1877 906 1929 ὅτι
937 1877 986 1928 οί
1013 1874 1238 1943 ἄγγελοι
1273 1873 1475 1933 αὐτῶν,
1499 1887 1558 1923 εν
1586 1871 1751 1936 οὐρα-

162 1969 283 2030 νοῖς
318 1968 403 2019 διά
430 1968 628 2029 παντὸς
662 1966 953 2036 βλέπουσιν
983 1966 1044 2018 τὸ
1084 1966 1379 2034 πρόσωπον
1409 1961 1507 2014 τοῦ
1540 1958 1754 2029 Πατρός
1791 1944 1828 1997 Β

167 2077 298 2127 μου.
344 2078 362 2109 ι
398 2059 512 2111 Καὶ
536 2056 714 2123 αὖθις,
746 2077 763 2108 ι
801 2058 937 2110 Οὐαὶ
965 2057 1044 2124 τῷ
1069 2056 1266 2125 κόσμῳ
1300 2053 1409 2107 ἀπὸ
1453 2052 1563 2105 τῶν
1592 2065 1756 2103 σκαν-

1848 688 2228 750 cumbentem,
2286 688 2540 758 nunquid
2583 682 2926 742 conscientia
2990 683 3165 752 ipsius
3195 700 3319 737 cum
3358 684 3431 739 sit

1850 779 2084 846 intirma,
2132 780 2500 837 aediﬁcabitur
2543 780 2610 834 ad
2654 775 3100 833 manducandum
3155 776 3431 847 idolothy-

1849 875 2044 927 ta"?t
2090 874 2349 929 inducit:
2390 893 2407 924 ι
2453 873 2520 928 Et
2544 870 2749 942 peribit
2776 869 3029 925 inﬁrmus
3056 868 3225 923 frater
3250 868 3306 921 in
3338 876 3430 921 tua

1848 964 2096 1029 scientia,
2126 980 2226 1035 pro
2254 981 2365 1034 quo
2389 965 2648 1020 Christus
2699 968 2952 1015 mortuus
2974 971 3060 1015 est
3089 978 3100 1012 :
3140 970 3307 1029 atque
3355 958 3433 1012 ita

1850 1057 2094 1127 ipsorum
2138 1059 2514 1128 pereutientes
2578 1055 2998 1117 conscientiam,
3027 1053 3082 1106 in
3144 1052 3430 1107 Christum

1850 1147 2089 1215 peccatis
2112 1146 2159 1178 “
2183 1165 2231 1200 ,ι
2272 1147 2485 1201 Rursus
2514 1163 2528 1199 ε
2568 1165 2585 1197 ι
2624 1146 2695 1201 Ut
2713 1144 2846 1213 quid
2874 1143 3023 1198 enim
3056 1140 3285 1195 libertas
3314 1156 3433 1194 mea

1848 1236 2126 1300 iudicatur
2150 1237 2218 1292 ab
2246 1238 2423 1291 aliena
2457 1234 2843 1292 conscientia?
2875 1233 2933 1287 Si
2961 1248 3063 1303 ego
3093 1247 3222 1287 cum
3262 1232 3435 1301 gratia

1851 1327 2121 1397 participe
2147 1369 2161 1393 ,
2194 1328 2327 1397 quid
2368 1327 2724 1397 blasphemor
2769 1338 2871 1394 pro
2916 1338 2984 1377 eo
3035 1320 3183 1391 quod
3232 1321 3438 1391 gratias

1852 1433 1952 1487 ago
1978 1420 2020 1451 δ’
2048 1421 2071 1472 ?
2114 1439 2131 1471 ι
2166 1420 2436 1475 Dominus
2464 1434 2632 1488 porro
2659 1416 2931 1471 adversus
2956 1415 3093 1469 tales
3116 1412 3440 1483 pronuntia-

1851 1510 1951 1573 vit,
2005 1511 2196 1567 dicens
2235 1529 2247 1566 :
2293 1531 2311 1563 ι
2356 1511 2460 1578 Qui
2521 1507 2977 1565 scandalizaverit
3034 1522 3205 1561 unum
3253 1522 3320 1560 ex
3354 1506 3439 1561 his

1851 1602 2092 1672 pusillis,
2124 1614 2261 1667 etc.,
2285 1603 2410 1658 dico
2432 1603 2591 1658 vobis
2620 1603 2748 1673 quia
2777 1601 2956 1671 angeli
2986 1613 3181 1653 eorum
3212 1598 3266 1650 in
3283 1597 3439 1651 cmlis

1851 1694 2043 1748 vident
2072 1695 2267 1750 [aciem
2301 1697 2480 1750 Patris
2510 1695 2618 1749 mei
2648 1695 2715 1746 '°.
2754 1712 2773 1743 ι
2809 1692 3025 1746 Rursus
3053 1707 3065 1742 :
3102 1707 3121 1738 ι
3158 1689 3251 1743 Va:
3280 1702 3441 1740 mnu-

1852 1780 1925 1835 do
1948 1798 1975 1836 a
2001 1784 2274 1838 scandalis
2300 1786 2365 1837 ⁵¹.
2398 1803 2416 1836 ι
2448 1784 2553 1837 Ει;
2587 1801 2605 1833 ι
2636 1782 3027 1836 Verumtamen
3093 1794 3174 1831 va:
3227 1777 3438 1832 homini

1859 1872 1938 1925 illi
1992 1888 2093 1942 per
2137 1890 2301 1943 quem
2369 1873 2689 1929 scandalum
2722 1872 2876 1925 venit
2896 1872 2941 1902 "
2978 1889 2997 1920 ι
3030 1869 3337 1937 Benignum
3384 1879 3441 1924 et

1862 1961 2185 2017 clementem
2207 1964 2380 2018 Deum
2408 1972 2657 2018 nostrum
2687 1962 2917 2016 addec~t
2942 1960 3113 2030 gloria
3136 1959 3191 2015 in
3216 1963 3431 2016 saecula.

1866 2050 2063 2108 Amen.

161 2148 347 2202 δαλων
369 2165 383 2177 ·
419 2148 502 2200 δεῖ
528 2148 637 2218 γάρ
685 2146 862 2199 ὲλθεῖν
903 2147 971 2199 τά
1003 2144 1297 2198 σκάνδαλα.
1338 2161 1357 2194 ι
1424 2140 1568 2209 Πλὴν
1603 2157 1621 2190 ι
1653 2134 1790 2189 Οὐαὶ
1828 2136 1910 2206 τῷ
1950 2140 2223 2213 ἀνθρώπῳ
2258 2142 2451 2211 ἐκείνῳ
2487 2142 2554 2195 δι’
2582 2134 2643 2195 οῦ
2671 2144 2734 2196 τὸ
2767 2141 3064 2195 σκάνδαλον
3130 2140 3377 2212 ἔρχεται.
3418 2160 3435 2192 ι

163 2239 491 2308 Δοξάσωμεν
538 2234 631 2292 οὖν
678 2238 768 2290 τὸν
805 2237 1009 2307 Κύριον
1037 2234 1193 2306 ἡμῶν
1230 2232 1437 2304 Ἰησοῦν
1470 2227 1726 2300 Χριστὸν,
1766 2222 1860 2276 νῦν
1887 2230 1981 2281 κα)⁵
2006 2229 2093 2283 ἀεὶ
2125 2233 2220 2284 καὶ
2244 2234 2326 2296 είς
2352 2235 2480 2297 τοὺς
2503 2233 2710 2296 αἰῶνας
2740 2234 2849 2285 τῶν
2872 2230 3104 2286 αἰώνων.
3147 2233 3339 2303 Ἀμήν.

777 2349 996 2405 ΛΟΓΟΣ
1020 2345 1146 2402 NA'.

169 2465 319 2532 Περὶ
374 2464 480 2518 τοῦ
523 2464 607 2533 μὴ
649 2460 976 2587 ὀνειδίζειιὲ,
1005 2459 1169 2515 ἀλλὰ
1200 2457 1441 2529 μᾶλλον
1487 2459 1757 2520 ὀνειδίζε-

881 2546 925 2585 σ
964 2548 1042 2585 αι.

881 2546 1042 2585 σθαι.

251 2643 317 2696 Ὀ
345 2643 623 2707 ὀνειδίζων
656 2644 750 2697 τὸν
780 2643 1014 2714 πλησίον
1046 2643 1105 2698 ἐν
1137 2663 1245 2699 τινι
1277 2646 1717 2718 πλημμελήματι
1738 2685 1754 2710 ,

162 2736 286 2796 τοῖς
318 2734 501 2795 αὐτοῖς
523 2732 762 2795 δικτύοις
790 2733 1287 2803 περιπλακήσεται.
1318 2750 1337 2783 ι
1372 2734 1439 2785 ’³0
1462 2732 1570 2800 γὰρ
1607 2730 1758 2784 σπεί-

167 2842 258 2896 ρει
291 2822 603 2893 ἄνθρωπος,
640 2822 800 2875 τοῦτο
829 2823 924 2875 καὶ
946 2822 1153 2893 θερίσει
1178 2838 1195 2855 ο
1237 2841 1256 2874 ι
1302 2821 1757 2892 Ἐγκαταλιμπά·

165 2932 330 2968 νεται
356 2913 464 2982 γὰρ
484 2913 590 2965 ὑπὸ
622 2912 717 2965 τοῦ
745 2913 907 2977 θεοῦ,
946 2914 1035 2967 διά
1065 2912 1127 2967 τὸ
1168 2913 1494 2985 ἀσυμπαθὲς
1526 2916 1621 2967 καὶ
1658 2914 1758 2983 τὴν

167 3006 431 3075 ἔπαρσιν.
463 3006 573 3058 Καὶ
606 3007 686 3067 είς
712 3004 771 3057 τὸ
800 3004 931 3057 αὐτὸ
960 3007 1211 3074 πταῖσμα
1241 3006 1586 3075 περιπίπτει.
1614 3008 1661 3060 εί
1684 3006 1758 3076 μὴ

166 3099 263 3151 διὰ
299 3097 590 3167 μετανοίας
620 3095 974 3167 ὲξιλεώσηται
1013 3098 1106 3151 τὸν
1134 3098 1268 3151 Θεὸν
1287 3138 1301 3161 ,
1332 3097 1759 3167 ἐξομολογούμε-

169 3208 264 3253 νος
300 3189 361 3241 τὸ
400 3192 647 3259 πταῖσμα
676 3187 862 3242 αὑτοῦ.
896 3188 955 3241 Ὀ
984 3189 1041 3242 δὲ
1070 3189 1413 3251 ὀνειδισθεὶς,
1438 3190 1534 3243 ἐὰν
1555 3192 1758 3261 ἀταρά-

168 3300 293 3355 χως
339 3282 437 3335 καλ⁸
492 3282 831 3352 εὐχαρίστως
863 3280 1083 3352 δέξηται
1114 3283 1206 3337 τὸν
1250 3284 1574 3353 ὀνειδισμὸν,
1610 3286 1758 3353 λογι-

169 3376 415 3444 ζόμενος
448 3375 638 3427 ἑαυτὸν
672 3366 971 3426 ὑπεύθυνον
1002 3369 1143 3427 εἶναι
1174 3373 1269 3427 τοῦ
1296 3376 1604 3445 ὀνειδισμοῦ
1631 3416 1647 3441 ,
1674 3377 1760 3430 διὰ

170 3466 281 3536 τὴν
333 3465 664 3518 ταπείνωσιν
702 3464 866 3518 αὐτοῦ
902 3467 930 3518 ὁ
963 3466 1095 3528 Θεὸς
1130 3465 1393 3530 σκεπάζει
1441 3468 1624 3531 αὑτὸν,
1664 3466 1759 3521 τοῦ

2441 2345 2727 2402 llOMiLiA
2784 2346 2849 2401 Li

1863 2456 1927 2512 Ut
1951 2462 2211 2514 nemiuem
2236 2460 2433 2529 aﬂicias
2459 2461 2652 2530 probro
2670 2469 2763 2534 aet
2783 2462 3057 2534 dedecore,
3075 2464 3243 2534 magis
3267 2471 3445 2517 autem

2480 2540 2625 2601 optes
2658 2532 2813 2600 aﬂici.

1926 2646 2029 2713 Qui
2060 2645 2496 2701 contumeliosus
2526 2646 2579 2700 in
2608 2647 2920 2716 proximum
2951 2648 3256 2719 opprobrat
3287 2649 3449 2719 quid-

1857 2754 2022 2806 quam
2058 2736 2270 2801 delicti,
2305 2740 2423 2793 suis
2459 2739 2598 2807 ipse,
2623 2755 2747 2807 qua:
2772 2739 2935 2794 alteri
2986 2740 3222 2795 intexuit
3263 2749 3321 2796 et
3347 2740 3446 2794 ad-

1859 2828 2101 2892 ornavit,
2137 2828 2425 2883 irretietur
2472 2828 2704 2884 retibus.
2763 2829 2896 2884 Jure
2942 2830 3191 2900 quidem.
3239 2849 3258 2881 ι
3289 2831 3447 2898 Quod

1857 2918 2006 2973 enim
2042 2918 2276 2973 seminat
2305 2919 2451 2987 quis,
2488 2919 2593 2974 hoc
2621 2928 2679 2975 et
2724 2930 2895 2975 metet
2921 2923 2986 2975 ⁵³.
3028 2944 3045 2975 ι
3081 2923 3133 2977 is
3168 2922 3445 2992 siquidem

1859 3011 2043 3065 medio
2073 3011 2127 3064 in
2163 3010 2485 3067 discrimine
2512 3012 2836 3066 destituitur
2863 3013 2959 3067 Dei
2992 3014 3273 3083 praesidio,
3300 3014 3451 3083 quod

1860 3116 1960 3171 per
1988 3103 2282 3157 elationem
2308 3103 2512 3157 mentis
2533 3104 2672 3158 adeo
2693 3119 2802 3158 non
2830 3105 3125 3159 indolescit
3151 3105 3450 3160 calamitati

1860 3191 2072 3254 alienae,
2108 3192 2360 3246 utetiam
2389 3192 2749 3248 inclementer
2791 3193 3016 3248 insultet
3051 3214 3064 3248 :
3103 3195 3149 3249 is
3184 3204 3246 3248 ut
3274 3195 3451 3264 pluri-

1861 3296 2010 3335 mum
2046 3283 2101 3336 in
2130 3284 2377 3337 eamdem
2410 3284 2626 3337 ruinam
2656 3299 2758 3338 nec
2801 3286 2971 3339 semel
3009 3286 3364 3354 prolabetur,
3391 3287 3449 3340 ni

1860 3382 2106 3427 erratum
2144 3388 2303 3426 suum
2351 3374 2662 3438 confessus,
2693 3391 2793 3443 per
2838 3376 3233 3445 pmnitentiam.
3274 3377 3450 3432 Deum

1863 3463 1968 3518 sibi
1994 3464 2254 3518 conciliet
2282 3474 2339 3518 et
2361 3463 2556 3519 reddat
2577 3465 2900 3534 propitium.
2929 3466 3025 3521 ille
3054 3482 3188 3522 vero
3205 3467 3261 3521 in
3284 3483 3451 3537 quem

174 3555 389 3625 μηκέτι
412 3556 472 3608 ἐν
500 3557 612 3617 τοῖς
638 3556 821 3617 αὐτοῖς
842 3555 1108 3626 ἡττᾶσθαι
1135 3556 1551 3627 ἁμαρτήμασιν.
1587 3558 1757 3610 Ὀνει-

1866 3552 2132 3608 intortum
2162 3564 2247 3607 est
2275 3554 2737 3610 contumeliosius
2761 3556 3145 3625 opprobrium,
3175 3558 3450 3628 siquidem

172 3645 376 3714 δισμὸς
400 3646 510 3717 γάρ
539 3646 847 3716 ἀνθρώπου,
889 3646 1069 3714 θλῖψιν
1117 3645 1216 3717 μὲν
1249 3646 1481 3717 παρέχει
1522 3649 1587 3718 τῇ
1627 3664 1761 3718 καρ-

172 3738 295 3808 δίᾳ,
326 3735 551 3805 ἁγνείας
594 3737 650 3790 δὲ
686 3738 859 3801 αἴτιος
895 3737 1106 3804 γίνεται
1139 3734 1217 3805 τῷ
1266 3737 1614 3805 ὑπομένοντι.
1654 3738 1764 3791 Καὶ

175 3832 318 3900 ὅσην
351 3830 453 3899 μὲν
491 3830 555 3884 ἄν
588 3847 671 3894 τις
695 3830 833 3901 ὑπὲρ
870 3831 1130 3902 ἀληθείας
1160 3829 1400 3901 Χριστοῦ
1463 3830 1763 3901 καταδέξη-

175 3939 273 3975 ται
310 3922 615 3991 ὲντροπὴν,
642 3921 1027 3985 πολυπλασίως
1060 3922 1167 3974 ὑπὸ
1208 3921 1448 3990 πλήθους
1496 3920 1765 3992 δοξασθή-

180 4028 371 4075 σεται,
404 4010 501 4065 καὶ
553 4013 775 4065 ἀκούσει
824 4014 976 4082 παρά
1024 4012 1117 4066 τοῦ
1176 4013 1364 4084 ἰατροῦ
1416 4013 1523 4065 τῶν
1576 4013 1766 4083 ψυχῶν

177 4102 374 4172 ἡμῶν,
422 4122 440 4154 ι
487 4102 618 4169 Ἴδε,
660 4105 817 4175 ὑγιὴς
850 4104 1118 4173 γέγονας,
1158 4106 1361 4176 μηκέτι
1394 4107 1700 4176 ἁμάρτανε.
1743 4126 1760 4158 ι

179 4194 355 4261 Λέγει
398 4192 455 4245 δὲ
499 4194 591 4246 καί
634 4211 718 4258 τις
768 4196 964 4263 σοφός·
1002 4215 1021 4248 ι
1056 4196 1148 4267 Μὴ
1195 4196 1423 4261 ὀνείδιζε
1478 4197 1769 4267 ἄνθρωπον

178 4283 607 4352 ἀποστρέφοντα
638 4284 745 4338 ἀπὸ
767 4286 1063 4358 ἁμαρτίας,
1095 4306 1113 4340 ι
1145 4289 1282 4341 ἀλλά
1310 4289 1511 4358 μᾶλλον
1538 4292 1767 4361 προνοοῦ

179 4371 336 4425 καλά
380 4373 609 4429 ἐνώπιον
663 4377 867 4447 Κυρίου
926 4379 1021 4432 καὶ
1066 4379 1393 4445 ἀνθρώπων.
1422 4383 1770 4454 Τηρήσωμεν

178 4458 305 4525 οὖν,
339 4464 637 4532 ἀγαπητοὶ,
670 4466 769 4538 τὴν
797 4469 1025 4537 καρδίαν
1049 4471 1080 4536 ἡ
1091 4469 1206 4539 μῶν
1229 4470 1652 4543 ἐρηρεισμένην,
1674 4474 1768 4527 τοῦ

1864 3658 1985 3698 eam
2065 3644 2454 3700 contumeliam
2538 3645 2939 3715 imperturbato
3016 3648 3201 3703 animo
3292 3664 3454 3705 exce-

1864 3734 2008 3803 perit
2082 3742 2137 3789 et
2200 3750 2327 3789 cum
2394 3736 2699 3806 gratiarum
2766 3739 3020 3804 actione,
3068 3740 3286 3809 1.108
3356 3756 3455 3811 per

1863 3840 1985 3880 eam
2050 3824 2491 3882 humiliationem
2559 3827 2748 3882 divina
2807 3844 2913 3899 ope
2974 3831 3322 3901 protegitur,
3380 3848 3452 3889 ne

1864 3918 1922 3971 in
1947 3916 2138 3972 eadem
2166 3919 2273 3989 iam
2304 3919 2487 3974 victus
2520 3920 2840 3975 revolvatur
2871 3930 3119 3991 peccata.
3144 3921 3451 3979 Contume-

1865 4008 1938 4063 lia
1990 4010 2137 4063 enim
2188 4010 2430 4066 hominis
2467 4010 2623 4066 cordi
2673 4012 2987 4067 aiilictivam
3040 4013 3455 4070 tribulationem

1848 4100 2024 4156 affert
2060 4120 2073 4155 :
2105 4110 2161 4157 at
2198 4118 2358 4173 aequo
2398 4102 2586 4158 animo
2615 4105 2913 4160 sustinenti
2944 4114 3139 4160 auctor
3185 4114 3271 4161 est
3306 4106 3456 4162 idem

1869 4195 2156 4250 munditia:
2180 4205 2237 4250 et
2256 4196 2535 4266 puritatis.
2555 4196 2664 4251 Sed
2696 4207 2753 4252 et
2774 4210 2985 4267 quanto
3004 4198 3131 4268 quis
3159 4213 3263 4269 pro
3291 4199 3457 4255 Chri-

1870 4287 1937 4341 sti
1974 4286 2209 4344 veritate
2264 4285 2544 4355 exceperit
2580 4286 2941 4357 insigniorem
2977 4288 3208 4357 objecta:
3259 4288 3458 4343 contu.-

1870 4376 2046 4433 sionis
2101 4376 2481 4446 ignominiam,
2535 4384 2694 4430 tanto
2753 4377 2803 4431 is
2857 4377 3172 4433 uberiorem
3225 4378 3457 4449 gloriam

1871 4466 2300 4538 promerehitur.
2329 4466 2533 4522 Audiet
2558 4477 2615 4522 et
2641 4466 2777 4522 illud
2806 4467 2876 4523 ab
2902 4470 3213 4524 animarum
3241 4478 3461 4524 nostra-

185 4554 269 4623 μὴ
307 4554 599 4624 προσέχειν
628 4556 928 4627 ἀλλοτρίοις
954 4561 1310 4630 πταίσμασιν,
1334 4563 1429 4615 καὶ
1454 4562 1757 4628 ὀνειδίζειν,

1874 4571 1995 4609 rum
2018 4555 2269 4625 principe
2302 4554 2517 4610 medico
2545 4575 2557 4609 :
2605 4575 2624 4608 ι
2664 4556 2806 4619 Ecce
2830 4572 3000 4613 sanus
3030 4558 3212 4613 factus
3237 4573 3319 4622 es,
3342 4561 3457 4631 jam

183 4648 281 4699 ἴνα
317 4646 395 4716 μὴ
439 4646 763 4717 ἀκούσωμεν
801 4650 954 4718 παρά
983 4650 1075 4703 τοῦ
1107 4653 1307 4705 Δαυῒδ’
1345 4672 1364 4705 ι
1398 4654 1519 4706 Υίοὶ
1562 4656 1757 4723 ἀνθρώ-

1873 4648 2107 4717 amplius
2156 4648 2267 4702 noli
2318 4646 2633 4716 peccare“.
2670 4667 2689 4699 ι
2719 4648 2874 4704 Unus
2910 4650 3143 4719 proinde
3185 4651 3331 4705 inter
3379 4667 3462 4707 sa-

185 4755 337 4801 πων,
378 4739 425 4790 οἱ
478 4737 687 4803 ὀδόντες
752 4740 949 4805 αὐτῶν,
1000 4742 1139 4795 ὅπλα
1198 4744 1291 4796 καὶ
1354 4744 1482 4815 βέλη
1513 4762 1528 4776 ·
1590 4747 1687 4799 καὶ
1734 4748 1757 4816 ἦ

1874 4741 2089 4811 pientes
2116 4739 2253 4794 dicit
2284 4756 2297 4805 ;
2341 4758 2359 4792 ι
2396 4739 2475 4794 Ne
2517 4740 2822 4809 exprobres
2865 4741 3077 4795 homini
3107 4742 3377 4797 avertenti
3401 4758 3459 4797 se

181 4828 420 4898 γλῶσσα
448 4830 649 4895 αὐτῶν,
683 4830 931 4903 μάχαιρα
970 4831 1139 4897 ὀξεῖα.
1166 4836 1277 4888 Καὶ
1300 4835 1408 4906 γὰρ
1448 4834 1540 4888 τοῦ
1575 4836 1697 4891 Ἰὼϐ
1724 4854 1752 4891 0

1877 4846 1907 4885 a
1925 4838 2150 4901 peccato
2176 4831 2221 4863 ⁸⁸
2246 4848 2258 4883 :
2285 4848 2305 4881 ι
2341 4830 2474 4899 quin
2499 4830 2687 4899 potius
2716 4831 2944 4901 provide
2966 4831 3110 4887 bona
3131 4848 3316 4887 coram
3346 4834 3460 4888 Deo

182 4920 345 4989 φίλοι
387 4919 741 4984 ὀνειδίζοντες
774 4922 937 4976 αὑτὸν
978 4922 1185 4991 ἔλεγον,
1222 4944 1239 4976 ι
1272 4925 1381 4978 Ποῦ
1422 4926 1572 4980 ἐστιν
1623 4923 1757 4992 οἶκος

1878 4931 1933 4977 et
1955 4921 2294 4976 hominibus.
2319 4920 2428 4976 Cor
2478 4920 2645 4991 igitur
2675 4932 2947 4987 nostrum,
2987 4923 3322 4988 charissimi,
3371 4940 3461 4979 so-

181 5014 497 5082 ᾰρχοντοςς
535 5030 555 5063 ι
591 5012 705 5065 Καὶ
741 5012 925 5077 πάλιν,
964 5031 983 5066 ι
1019 5014 1085 5067 Τί
1106 5016 1214 5083 γὰρ
1245 5016 1343 5069 ὲάν
1375 5017 1438 5070 σὺ
1471 5018 1753 5090 ἀποθάνῃς

1883 5014 1993 5069 lide
2059 5013 2340 5068 ﬁrmemus
2378 5020 2438 5066 et
2470 5013 2933 5079 eommuniamus,
2984 5029 3053 5068 ne
3111 5030 3170 5070 se
3229 5025 3462 5084 occupet

180 5104 456 5172 ἀοίκητος
497 5105 530 5173 ὴ
577 5104 670 5157 ὑπ’
700 5104 972 5174 οῦρανόν;
1012 5127 1031 5159 ι
1061 5109 1089 5160 ὁ
1119 5107 1179 5161 δὲ
1226 5108 1452 5177 Ἐλιφάζ
1510 5112 1757 5183 πρότεροι

1882 5105 2232 5175 explorandis
2258 5104 2493 5158 aliorum
2525 5103 2789 5173 peccatis,
2817 5119 2925 5159 neu
2957 5106 3215 5175 cuiquam
3251 5119 3458 5175 oppro-

181 5210 387 5267 φησιν,
431 5214 449 5247 ι
480 5196 681 5268 Οὐχὶή
731 5197 903 5259 κακία
948 5198 1043 5252 σού
1097 5199 1249 5252 ἐστιν
1299 5200 1516 5271 πολλή;
1560 5202 1757 5274 Ἀναρί·

1884 5194 2065 5249 brium
2085 5193 2335 5249 intendat
2358 5202 2453 5247 aut
2474 5193 2888 5258 contumeliam,
2906 5210 2975 5250 ne
3000 5209 3103 5249 nos
3131 5195 3330 5250 merito
3354 5209 3457 5249 no-

179 5285 399 5356 θμητοι
425 5284 483 5338 δέ
516 5286 654 5338 εἰσιν
676 5287 732 5339 αί
762 5278 1029 5357 ἀμαρτίαι
1055 5305 1172 5355 σου,
1194 5290 1526 5362 ινεχύραζες
1557 5292 1613 5345 δὲ
1656 5296 1757 5349 τοὺι

1881 5297 1998 5341 stro
2026 5286 2219 5340 audire
2243 5285 2524 5355 contingat
2549 5299 2579 5338 a
2609 5284 2773 5340 beato
2797 5286 3040 5340 Davide:
3074 5306 3092 5336 ι
3127 5284 3252 5341 Filii
3282 5285 3462 5339 homi-

177 5378 460 5447 ἀδελφούς
482 5396 575 5432 σου
591 5378 680 5433 διὰ
704 5380 889 5448 κενῆς·
910 5382 1179 5451 ἀμφίασιν
1202 5383 1259 5435 δὲ
1279 5383 1505 5453 γυμνῶν
1528 5384 1752 5452 ἀφείλου

1879 5393 2034 5441 num,
2057 5378 2249 5431 dentes
2270 5391 2464 5431 eorum
2487 5390 2636 5429 arma
2664 5385 2721 5429 et
2745 5377 2952 5445 sagitta:
2974 5386 3029 5431 et
3055 5376 3239 5445 lingua
3266 5392 3460 5431 eorum

176 5469 316 5521 οὐδὲ
347 5468 491 5537 ὕδωρ
517 5468 787 5537 διψῶντας
818 5470 1096 5535 ἑπότισας,
1128 5472 1265 5525 ἀλλά
1284 5472 1598 5527 πεινώντων
1624 5476 1757 5529 ἐστέ-

1880 5471 2092 5540 gladius
2124 5471 2399 5523 acutus“.
2433 5487 2450 5519 ι
2488 5468 2664 5524 Amici
2696 5483 2917 5537 quoque
2950 5467 3095 5521 beati
3127 5468 3233 5523 Job
3258 5483 3461 5535 expro—

183 5579 374 5635 ρησας
406 5560 599 5631 ψωμόν
619 5578 633 5590 ·
666 5563 843 5632 χήρας
867 5562 923 5615 δὲ
958 5560 1347 5627 ἐξαπέστειλας
1377 5564 1563 5626 κενάς·
1606 5567 1757 5633 ὀρφαι

1883 5561 2122 5616 bratorie
2153 5560 2450 5615 dicebant:
2490 5578 2507 5611 ι
2545 5559 2647 5617 Ubi
2674 5560 2985 5613 estdomus
3024 5558 3292 5628 principis
3316 5557 3361 5589 "
3388 5558 3411 5610 ?
3438 5575 3457 5607 ι

178 5654 322 5716 νοὺς
345 5653 402 5706 δὲ
418 5654 725 5716 ὲκάκωσας.
740 5653 1043 5723 Τοιγαροῦν
1062 5654 1380 5707 ἐκύκλωσαν
1413 5671 1471 5706 σε
1499 5655 1745 5722 παγίδες.

1888 5656 2099 5709 Rursus
2130 5671 2142 5706 :
2185 5673 2201 5703 ι
2238 5653 2378 5719 Quid
2400 5652 2548 5708 enim
2577 5651 2622 5705 si
2654 5662 2710 5709 tu
2735 5652 3010 5714 morieris,
3034 5651 3212 5706 eritne
3245 5650 3464 5706 subeo:-

265 5834 358 5887 "l
387 5833 514 5889 Cor.
542 5847 662 5895 VIII,
696 5835 749 5900 9,
788 5833 869 5886 ill.
942 5832 985 5863 “
1008 5831 1143 5887 ibid.
1182 5833 1267 5890 ll.
1307 5831 1392 5885 1'2.
1470 5832 1513 5863 ’θ’
1542 5830 1557 5886 1
1584 5830 1708 5886 Cor.
1741 5849 1792 5897 κ,
1826 5830 1914 5891 9.9,
1951 5830 2040 5882 50.

101 5918 105 5921 ‘
186 5908 237 5939 ⁸³
272 5905 295 5959 ι
346 5904 473 5959 Cor.
507 5920 578 5968 Ix,
613 5905 663 5957 6.
778 5903 824 5936 ⁸⁸
858 5902 1015 5958 Joan.
1046 5919 1097 5968 ν,
1132 5903 1212 5957 i-i.

2120 5831 2163 5859 ⁸⁰
2193 5828 2387 5883 Matth.
2424 5844 2576 5891 κνιιι,
2608 5829 2660 5891 6,
2710 5829 2791 5882 l0.

1296 5903 1339 5931 ’⁵⁵
1364 5902 1532 5957 Eccli.
1572 5919 1685 5967 Vill,
1713 5908 1761 5953 ti.
1844 5903 1886 5934 ⁵⁶
1910 5902 2047 5957 l‘sai.
2088 5916 2191 5966 l.\'l,
2222 5901 2272 5956 5.
2351 5901 2391 5931 ⁸³⁷
2420 5899 2521 5956 Job
2548 5915 2657 5964 ut,
2695 5900 2785 5954 ‘38.

2872 5828 2911 5859 5'
2948 5826 3083 5884 ibid.
3111 5829 3163 5883 7.
3241 5829 3285 5858 ⁸²
3321 5825 3461 5888 ibid.
