4178 6436
706 349 836 415 1591

1968 347 2328 408 ANTIOCHI
2372 347 2713 410 MONACHI

3827 350 3960 414 1592

699 460 852 516 lestis
888 458 1005 511 haec
1037 457 1192 527 plaga
1225 455 1696 510 inhabitabilis“?
1741 474 1759 506 ι
1799 455 1904 510 Sed
1943 462 1999 509 et
2044 453 2270 523 Eliphaz

2383 453 2562 508 Ταῦτα
2597 458 2696 525 μὲν
2718 458 3185 531 ψευδηγοροῦντες
3213 459 3490 525 ὠνείδιζον
3528 461 3693 514 αὐτόν
3726 476 3741 492 ο
3772 463 3838 514 οὗ
3870 462 3958 514 διὰ

699 553 981 619 aliquanto
1012 549 1169 617 prius
1192 546 1271 599 ait
1297 563 1309 598 :
1353 565 1370 596 ι
1402 545 1662 614 Nunquid
1699 544 1905 598 malitia
1936 552 2026 597 tua
2052 544 2223 595 multa
2249 540 2271 591 ’ἰ

700 638 1129 695 Innumerabilia
1152 646 1281 690 sunt
1300 644 1523 706 peccata
1550 644 1661 689 tua.
1685 633 2017 703 Pignorabas
2034 648 2063 685 a
2084 630 2272 685 fratri-

699 732 804 786 bus
856 732 965 786 tuis
990 730 1211 793 frustra,
1242 730 1636 784 vestimentum
1679 742 1809 779 vero
1840 724 2115 779 nudorum
2145 724 2275 776 abs-

702 826 877 879 tulisti
909 842 921 877 :
964 835 1021 878 at
1052 840 1122 880 nc
1177 839 1332 891 aqua:
1364 821 1588 891 quidem
1621 820 1821 888 poculo
1852 816 2165 871 refocillasti
2198 818 2273 869 si-

702 922 926 977 tientes,
956 916 1051 970 sed
1094 924 1149 968 et
1178 915 1489 967 esurientes
1529 912 1759 982 privasti
1810 909 2044 965 frustulo
2092 909 2270 979 panis.

698 1005 906 1061 Viduas
920 1006 1150 1060 emisisti
1170 1022 1391 1069 vacuas,
1408 1004 1645 1074 pupillos
1661 1018 1793 1058 vero
1813 1003 2071 1057 atllixisti.
2086 1002 2275 1070 Itaque

699 1098 883 1165 laquei
938 1096 1428 1151 circumdederunt
1474 1098 1601 1149 te"
1630 1134 1643 1147 .
1680 1114 1698 1145 ι
1750 1095 1818 1148 Ει
1880 1094 1996 1147 lucc
2048 1092 2271 1162 quidem

699 1189 997 1243 commenti
1042 1190 1307 1243 adornato
1352 1188 1656 1250 mendacio,
1680 1188 1829 1257 justo
1860 1186 1947 1240 isti
1983 1195 2276 1240 contume-

700 1281 891 1335 liosius
919 1280 1348 1349 Opprobrabant,
1376 1294 1485 1331 non
1518 1277 1665 1347 quod
1698 1278 1853 1331 illum
1888 1278 2152 1340 odissent,
2181 1277 2273 1331 sed

703 1381 763 1425 ut
787 1373 1083 1439 asperitate
1115 1370 1409 1423 verborum
1443 1369 1803 1422 humiliarent
1827 1369 2035 1432 alioqui
2066 1368 2272 1420 lllllllll-

700 1463 894 1516 limum
921 1481 934 1515 :
969 1462 1047 1515 illi
1074 1461 1306 1523 etenim,
1332 1461 1494 1514 beato
1525 1460 1642 1512 viro
1665 1460 1856 1512 aliines
1877 1470 2055 1511 erant.
2083 1457 2275 1528 [Amici

698 1553 795 1607 Job
830 1570 935 1606 non
982 1553 1121 1605 male
1169 1553 1339 1621 affecti
1364 1554 1418 1603 in
1467 1568 1607 1603 eum.
1648 1550 1873 1619 Elipltaz
1904 1560 2017 1602 erat
2049 1559 2276 1619 patruus

698 1642 844 1712 106.]
897 1644 1029 1697 Nam
1080 1642 1306 1711 Eliphaz
1341 1641 1511 1695 frater
1540 1642 1714 1710 patris
1741 1642 1843 1695 Job
1883 1650 2002 1695 erat
2041 1643 2274 1710 primus.

698 1738 954 1788 Attamen
984 1736 1169 1803 justus
1201 1734 1291 1787 hic
1325 1742 1577 1787 contorta
1604 1734 1657 1786 in
1686 1750 1743 1787 se
1769 1736 2121 1787 contumelia:
2147 1735 2278 1802 spi-

700 1831 824 1885 cula
859 1829 1043 1883 omnia
1099 1844 1368 1898 generoso
1421 1836 1642 1897 pectore
1693 1828 1928 1890 ferebat,
1960 1828 2272 1897 etquidem

702 1920 795 1974 tali
837 1920 992 1989 plaga
1025 1920 1387 1973 inclementer
1430 1932 1555 1970 cum
1589 1925 1738 1971 esset
1782 1918 2022 1971 Saucius.
2054 1918 2195 1982 Quin
2220 1928 2278 1972 et

704 2009 805 2063 hos
834 2025 964 2063 suos
991 2008 1419 2078 exprobratores
1454 2006 1787 2060 conciliabat
1820 2008 1953 2071 Deo,
1982 2016 2037 2061 et
2081 2022 2273 2075 repro-

704 2100 955 2169 pitiabat,
980 2100 1128 2168 quod
1174 2099 1365 2167 utique
1406 2112 1515 2150 non
1561 2098 1901 2167 contigisset,
1938 2096 2044 2151 nisi
2083 2113 2277 2165 preces

704 2191 1151 2244 intercessissent
1186 2189 1530 2243 admirabilis
1560 2190 1721 2259 hujus
1744 2189 1868 2243 Job.
1903 2190 2021 2242 Jam
2055 2190 2276 2259 quando

697 2286 850 2353 juxta
906 2282 1244 2349 Scripturam
1299 2300 1311 2334 :
1370 2301 1389 2332 ι
1429 2282 1603 2335 llomo
1654 2282 2035 2350 improperans
2094 2283 2277 2337 verbis

702 2372 1047 2441 improperii,
1062 2372 1323 2426 omnibus
1342 2371 1540 2426 diebus
1561 2372 1677 2426 suis
1700 2388 1808 2425 non
1829 2372 2121 2425 erudietnr
2143 2373 2189 2402 ⁶⁰
2213 2390 2225 2425 :
2252 2391 2271 2422 ι

700 2473 759 2517 et
791 2479 896 2517 nos
943 2464 1111 2531 igitur
1136 2462 1458 2526 Christiani,
1491 2473 1642 2517 recta
1680 2478 1776 2532 per
1814 2473 2132 2517 sanctorum
2168 2464 2280 2517 cal-

702 2554 811 2607 lem
866 2552 1186 2607 incedentes
1242 2551 1534 2605 dicamus:
1573 2572 1591 2604 ι
1628 2553 1897 2618 Quoniam
1947 2555 1991 2607 si
2022 2554 2281 2609 inimicus

702 2659 862 2697 mens
909 2642 1286 2697 maledixisset
1311 2644 1470 2706 mihi,
1506 2645 1894 2698 sustinuisscm
1922 2646 2205 2713 utique,et
2233 2645 2278 2698 si

705 2735 753 2788 is
789 2734 883 2801 qui
916 2748 1003 2787 me
1031 2735 1247 2798 oderat,
1278 2748 1446 2802 super
1474 2750 1561 2788 me
1596 2750 1788 2804 magna
1820 2736 2037 2789 locutus
2060 2735 2277 2798 fuisset,

704 2824 1120 2878 abscondissem
1172 2840 1259 2878 me
1301 2824 1530 2879 forsitan
1565 2826 1633 2877 ah
1664 2840 1731 2879 eo
1757 2827 1823 2878 ".
1862 2846 1879 2876 ι
1919 2826 1985 2878 Et
2024 2844 2036 2878 :
2078 2845 2095 2877 ι
2143 2827 2279 2880 Tota

705 2916 796 2969 die
823 2916 1235 2984 exprobrabant
1286 2916 1419 2968 mihi
1459 2915 1691 2979 inimici,
1730 2923 1785 2969 et
1847 2916 1940 2983 qni
1984 2917 2282 2969 laudabant

705 3023 794 3061 me
837 3008 891 3060 in
936 3007 1230 3061 adversum
1282 3024 1367 3061 me
1397 3006 1657 3074 jurabant
1687 3006 1887 3074 ".Ego
1935 3016 2119 3060 autem
2165 3016 2285 3059 tan-

705 3115 869 3168 quam
901 3101 1101 3153 surdns
1139 3116 1247 3153 non
1278 3100 1565 3152 audiebam
1594 3099 1657 3151 “.
1691 3117 1708 3148 ι
1743 3098 1833 3151 Ait
1864 3108 2046 3151 autem
2071 3108 2127 3150 et
2157 3099 2283 3152 bea-

709 3196 798 3240 tus
826 3186 1055 3240 Petrus:
1092 3204 1110 3237 ι
1158 3186 1213 3239 Si
1242 3186 1646 3255 reprohramini
1684 3186 1736 3239 in
1773 3186 1995 3239 nomine
2038 3185 2280 3249 Domini,

708 3278 879 3342 beati,
910 3280 1171 3347 quoniam
1199 3280 1345 3348 quod
1376 3289 1461 3334 cst
1493 3281 1723 3333 honoris
1754 3288 1810 3333 et
1842 3280 2160 3339 virtutis,et
2189 3278 2282 3347 qui

706 3377 793 3423 est
816 3370 910 3423 Dei
944 3369 1202 3438 Spiritus,
1240 3386 1404 3439 super
1432 3387 1529 3425 vos
1552 3371 1853 3439 requiescit
1880 3371 1946 3421 “.
1988 3389 2006 3421 ι
2044 3371 2111 3423 Et
2138 3370 2283 3439 Apo-

708 3460 924 3513 stolus:
968 3479 985 3510 ι
1021 3460 1079 3513 ln
1119 3461 1224 3514 hoc
1261 3462 1408 3514 enim
1436 3470 1492 3514 et
1536 3462 1853 3514 laboramus
1894 3470 1950 3514 ct
1998 3462 2284 3515 maledici-

712 3566 837 3604 mur
860 3592 875 3614 ,
904 3552 1033 3620 quia
1064 3568 1352 3621 speramus
1383 3554 1436 3605 in
1470 3554 1581 3606 Deo
1606 3554 1753 3617 vivo,
1790 3553 1883 3621 qui
1917 3552 2168 3605 Salvator
2199 3564 2284 3607 est

711 3643 960 3696 omnium
1013 3644 1323 3705 hominum,
1364 3646 1599 3698 maxime
1648 3644 1990 3713 fidelium“.
2036 3665 2053 3695 ι
2090 3646 2197 3700 Sed
2228 3653 2286 3700 ct

713 3736 1094 3789 Dominumra
1150 3752 1314 3790 cruce
1371 3736 1703 3804 pendentem
1765 3735 1858 3804 qui
1902 3738 2283 3805 praeteribant,

716 3827 1189 3896 blasphemabant,
1228 3826 1441 3895 1109
1474 3818 1755 3879 moventes
1805 3826 1987 3895 capita
2039 3845 2050 3878 :

2377 547 2533 615 μῖσος
2556 548 2633 612 δὲ,
2666 550 2803 601 ἀλλὰ
2834 551 2920 604 διὰ
2949 553 3011 605 τὸ
3041 552 3443 621 ταπεινωθῆναι
3486 551 3650 603 αὐτὸν
3700 554 3821 612 τοῖς
3859 555 3958 621 ῥή-

2376 655 2562 706 μασιν.
2604 640 2702 692 Ἔν
2731 641 2844 711 γὰρ
2875 642 3032 709 γένος
3063 637 3206 713 ἦσαν
3232 657 3251 674 ·
3279 642 3309 694 6
3332 643 3441 713 γὰρ
3477 641 3705 709 Ἰ-ἶλιφὰζ
3725 641 3959 709 ἀδελφὸς

2371 730 2467 782 τοῦ
2496 731 2702 801 πατρὸς
2740 732 2907 785 αὐτοῦ
2929 729 2997 802 ἦν
3017 731 3235 804 πρῶτος
3257 749 3274 765 ο
3306 734 3448 803 πλὴν
3476 735 3504 786 6
3531 733 3746 794 δίκαιος
3774 734 3958 785 πάντα

2373 824 2573 893 ἔφερεν
2600 825 2886 891 γενναίως
2913 825 3157 893 καίτοιγε
3186 825 3244 878 ἐν
3273 824 3495 893 τοιαύτῃ
3518 826 3700 893 πληγῇ
3733 826 3834 889 ὢν,
3865 828 3959 875 καὶ

2373 916 2765 985 ὀνειδιζόμενος
2784 956 2799 981 ,
2831 915 2972 985 ὑπὲρ
3010 916 3193 969 αὐτῶν
3223 914 3496 980 ἐξιλεοῦτο
3529 918 3621 967 τὸν
3645 917 3783 968 θεόν
3811 934 3824 945 ·
3866 916 3959 967 καὶ

2375 1012 2424 1061 εί
2458 1010 2533 1080 μὴ
2568 1009 2655 1062 διὰ
2683 1008 2791 1060 τῶν
2820 1008 2998 1077 εὐχῶν
3033 1007 3128 1060 τοῦ
3170 1007 3310 1070 Ἰὼϐ,
3341 1007 3629 1060 ἀπώλεσεν
3659 1006 3727 1059 ἀν
3758 1007 3960 1069 αὐτοὺς

2374 1098 2403 1149 6
2432 1096 2588 1160 Θεός.
2626 1098 2736 1149 Kal
2788 1096 2963 1149 ταῦτα
3021 1096 3122 1165 μὲν
3167 1097 3296 1166 περὶ
3336 1096 3431 1148 τοῦ
3477 1095 3618 1148 Ἰώδ.
3668 1097 3825 1149 Ἐπεὶ
3867 1098 3961 1147 καὶ

2382 1205 2400 1237 ι
2447 1187 2766 1257 Ἀνθρωπος
2814 1185 3232 1254 συνεθιζόμενος
3277 1187 3461 1254 λόγοις
3522 1186 3871 1254 όνειδισμοῦ,
3904 1188 3959 1237 ἔν

2376 1280 2577 1341 πάσαις
2606 1279 2726 1341 ταῖς
2758 1279 2997 1347 ἡμέραις
3039 1278 3205 1332 αὑτοῦ
3236 1279 3297 1330 οὐ
3328 1279 3402 1348 μὴ
3437 1279 3723 1347 παιδευθῇ,
3766 1296 3783 1327 ι
3821 1277 3963 1329 κατὰ

2381 1372 2484 1442 τὴν
2511 1371 2759 1441 Γραφήν.
2804 1371 2999 1439 ⁹ιιμείς
3028 1368 3124 1423 οὖν
3164 1371 3240 1434 ὡς
3271 1372 3586 1439 Χριστιανοὶ
3616 1374 3679 1439 τῇ
3714 1369 3825 1437 ὁδῷ
3855 1370 3961 1419 τῶν

2378 1464 2552 1529 ἁγίων
2583 1462 2892 1531 βαδίζοντες
2917 1462 3190 1530 εἴπωμεν,
3223 1481 3242 1513 ι
3281 1464 3407 1514 Ὅτι
3443 1463 3490 1514 εἰ
3523 1464 3551 1513 6
3578 1462 3775 1529 ἐχθρὸς
3806 1461 3961 1511 ὠνείο

2375 1554 2523 1606 δισέν
2552 1570 2641 1623 με,
2673 1554 2961 1623 ὑπήνεγκα
2987 1554 3074 1607 ἄν.
3106 1554 3217 1606 Καὶ
3246 1554 3293 1605 εί
3322 1554 3350 1605 6
3387 1554 3565 1621 μισῶν
3601 1570 3665 1620 με
3689 1592 3705 1617 ,
3738 1552 3830 1603 ἐπ’
3862 1551 3961 1617 ἐμὲ

2377 1647 2949 1716 ὲμεγαλορημόνησεν,
2971 1645 3214 1716 ὲκρύόην
3240 1646 3306 1699 ἂν
3340 1647 3435 1698 ἀπ’
3465 1644 3651 1698 αὐτοῦ.
3683 1664 3702 1695 ι
3741 1644 3855 1696 Καὶ
3880 1645 3961 1706 τὸ,

2387 1757 2405 1788 ι
2437 1738 2607 1807 Ὅλην
2635 1739 2734 1807 τὴν
2757 1738 2971 1808 ἡμέραν
2997 1738 3275 1801 ὠνείδιζόν
3306 1754 3373 1806 με
3400 1738 3449 1789 οί
3473 1734 3659 1806 ἐχθροί
3686 1753 3793 1804 μου
3822 1752 3837 1764 ·
3875 1736 3964 1785 καὶ

2378 1832 2424 1883 οἱ
2452 1831 2800 1893 ἐπαινοῦντές
2831 1847 2897 1898 με
2916 1870 2930 1894 ,
2956 1830 3075 1882 κατ’
3105 1829 3243 1898 ἐμοῦ
3283 1829 3521 1898 ὤμνυον.
3566 1826 3708 1893 Ἐγὼ
3739 1827 3795 1877 δὲ
3833 1826 3964 1876 ὡσεὶ

2379 1922 2560 1987 κωφὸς
2579 1922 2680 1974 οὐκ
2702 1923 2916 1991 ἤκουον.
2949 1938 2969 1973 ι
2992 1920 3133 1989 Φησὶ
3159 1920 3216 1973 δὲ
3243 1918 3340 1973 καὶ
3367 1921 3395 1973 6
3430 1920 3699 1989 μακάριος
3731 1918 3961 1984 Πέτροςο

2382 2029 2400 2062 ι
2440 2012 2501 2063 ΕΞ
2530 2010 2853 2073 ὀνειδίζεσθε
2881 2014 2940 2064 ἐν
2966 2011 3189 2079 ὀνόματι
3219 2010 3449 2079 Κυρίου,
3485 2009 3769 2078 μακάριοι,
3793 2010 3879 2059 ὅτι
3908 2008 3964 2059 τὸ

2375 2103 2472 2172 τῆς
2497 2102 2655 2171 δόξης
2678 2102 2774 2153 καὶ
2804 2100 2899 2170 τῆς
2919 2101 3225 2169 δυνάμεως,
3244 2100 3339 2152 καὶ
3363 2100 3425 2153 τὸ
3448 2098 3540 2151 τοῦ
3570 2097 3708 2151 Θεοῦ
3743 2098 3964 2166 πνεῦμα

2378 2193 2465 2260 ἐφ’
2500 2194 2646 2261 ὑμᾶς
2703 2192 3105 2244 ἀναπέπαυται.
3142 2208 3160 2241 ι
3192 2191 3351 2243 Καὶὸ
3390 2188 3688 2249 ἀπόστολος
3726 2187 3962 2249 Παῦλος,

2383 2304 2401 2336 ι
2433 2284 2528 2346 Εἰς
2572 2282 2730 2335 τοῦτο
2779 2281 2888 2351 γάρ
2941 2282 3037 2333 καὶ
3086 2280 3388 2349 κοπιῶμεν,
3420 2280 3512 2331 καὶ
3565 2278 3963 2346 ὀνειδιζόμεθα,

2376 2366 2457 2426 ὅτι
2494 2373 2807 2443 ἠλπίκαμεν
2853 2372 2947 2422 ἐπὶ
2970 2370 3090 2441 Θεῷ
3115 2370 3282 2435 ζῶντι
3312 2386 3327 2401 °
3360 2371 3418 2431 ὃς
3462 2372 3579 2422 ὲστι
3612 2371 3801 2437 πατὴρ
3830 2368 3967 2420 πάνυ

2378 2483 2486 2519 των
2538 2464 2716 2533 ἡμῶν,
2744 2462 2979 2532 μάλιστα
3030 2463 3090 2515 δὲ
3153 2460 3377 2515 πιστῶν.
3417 2480 3436 2512 ι
3470 2461 3579 2513 Καὶ
3609 2460 3701 2511 τὸν
3760 2459 3966 2527 Κύριον

2381 2558 2475 2609 ἐπὶ
2519 2554 2613 2609 τοῦ
2664 2553 2939 2624 σταυροῦ,
2986 2554 3036 2606 οί
3099 2552 3615 2623 παραπορευόμενοι
3687 2550 3966 2616 ἐϐλασφή-

2385 2666 2541 2719 μυυν,
2575 2645 2851 2707 κινοῦντες
2913 2644 3012 2706 τὰς
3064 2644 3332 2712 κεφαλάς.
3377 2643 3614 2711 ὐμοίως
3668 2641 3726 2692 δὲ
3774 2640 3874 2692 καὶ
3919 2639 3966 2689 οί

2383 2742 2662 2810 ἀρχιερεῖς
2717 2736 2857 2807 μετά
2897 2734 3010 2788 τῶν
3035 2735 3419 2807 Γραμματέων
3450 2733 3820 2803 ἐμπαίζοντες
3856 2732 3969 2781 ἐλε-

2382 2851 2501 2902 γον,
2542 2850 2561 2883 ι
2597 2830 2826 2892 ’Ἄλλους
2859 2829 3083 2894 ἔσωσεν,
3105 2829 3299 2881 ἑαυτὸν
3343 2829 3405 2880 οὐ
3466 2826 3694 2878 δύναται
3752 2823 3967 2885 σῶσαι,

2384 2925 2459 2976 Τὸ
2489 2924 2531 2975 δ’
2557 2922 2690 2975 αὐτὸ
2724 2922 2818 2974 καὶ
2841 2922 2890 2973 οί
2927 2919 3128 2990 λῃσταὶ
3156 2922 3205 2971 oi.
3245 2917 3722 2986 συσταυρωθέντες
3756 2913 3968 2965 ὠνείδι-

2386 3018 2478 3081 ζον
2510 3013 2692 3069 αὐτόν.
2727 3032 2746 3065 ι
2788 3012 2846 3064 '0
2876 3011 2932 3065 δὲ
2966 3010 3323 3080 μακρόθυμος
3358 3007 3588 3078 Κύριος,
3618 3005 3677 3057 τὸ
3699 3004 3969 3067 ἐναντίον,

2312 3130 2354 3187 C
2391 3106 2529 3174 ὑπὲρ
2586 3102 2767 3156 αὐτῶν
2821 3100 3093 3164 ὲξιλεοῦτο
3145 3100 3236 3151 τὸν
3288 3098 3514 3167 Πατέρα
3545 3114 3559 3127 ·
3604 3095 3702 3147 καὶ
3758 3094 3971 3187 ἔλεγεν,

2393 3218 2410 3250 ι
2446 3198 2646 3265 Πάτερ,
2675 3195 2811 3262 ἄφες
2836 3195 3020 3255 αὐτοῖς
3050 3191 3150 3261 τὴν
3180 3190 3458 3260 ἁμαρτίαν
3487 3205 3500 3216 ·
3534 3188 3595 3240 οὐ
3620 3187 3732 3255 γὰρ
3767 3184 3973 3237 οἴδασιν

2384 3288 2438 3341 τί
2486 3286 2751 3339 ποιοῦσιν.
2797 3303 2816 3335 ι
2851 3283 2961 3335 Καὶ
3001 3282 3109 3351 πρὸ
3154 3279 3373 3345 τούτου,
3440 3274 3793 3347 θαροοποιῶν
3846 3274 3971 3333 τοὺς

2391 3379 2642 3449 μαθητὰς
2667 3418 2682 3438 ,
2711 3377 2923 3442 ἔλεγεν,
2963 3392 2981 3423 ι
3012 3371 3291 3440 Μακάριοί
3320 3373 3443 3423 ὲστε
3472 3370 3599 3421 ὅταν
3634 3365 3973 3419 ὀνειδίσωσιν

2389 3472 2554 3540 ὑμᾶς,
2587 3469 2682 3521 καὶ
2708 3466 2997 3529 διώξωσιν,
3024 3465 3121 3516 καὶ
3148 3462 3383 3515 εἴπωσιν
3411 3462 3519 3513 πᾶν
3546 3458 3791 3527 πονηρὸν
3820 3456 3973 3525 ῥῆμα

2391 3559 2513 3613 καθ’
2544 3557 2718 3628 ὑμῶν,
2751 3556 3072 3625 ψευδόμενοι
3123 3554 3312 3606 ἕνεκεν
3369 3550 3526 3621 ἐμοῦ.
3554 3550 3796 3618 Χαίρετε
3828 3586 3845 3609 ,
3879 3546 3973 3597 καὶ

2390 3647 2746 3717 ἀγαλλιᾶσθε,
2805 3646 2886 3699 ὅτι
2948 3649 2977 3699 6
3040 3644 3231 3714 μισθὸς
3292 3643 3448 3713 ὑμῶν
3507 3640 3677 3701 πολὺς
3741 3639 3805 3689 ὲν
3860 3638 3973 3697 τοῖς

2390 3742 2661 3810 οὐρανοῖς.
2699 3756 2719 3788 ι
2752 3737 2911 3806 Αὐτῷ
2941 3738 2973 3807 ὴ
3002 3736 3129 3799 δόξα
3162 3736 3243 3798 εἰς
3269 3736 3396 3796 τοὺς
3423 3733 3647 3793 αἰῶνας.
3700 3731 3901 3798 Ἀμήν.

2114 3844 2218 3883 nec
2285 3845 2445 3884 secus
2493 3826 2772 3897 principes
2814 3824 3165 3880 sacerdotum
3216 3838 3341 3877 cum
3384 3821 3593 3876 Scribis
3662 3818 3974 3873 illudebant

713 3921 1000 3974 dicentes:
1046 3938 1064 3970 ι
1101 3919 1251 3973 Alios
1274 3920 1454 3972 salvos
1512 3918 1665 3980 fecit,
1702 3934 1810 3970 non
1855 3926 2035 3986 potest
2099 3934 2156 3973 se
2220 3921 2451 3975 salvam.
2483 3920 2630 3974 Idem
2654 3932 2886 3987 prorsus
2915 3926 2972 3969 et
2997 3916 3240 3969 latrones
3264 3915 3512 3983 quicum
3548 3913 3670 3979 ipso
3718 3907 3972 3963 crucifixi

713 4019 909 4073 erant,
960 4006 1409 4075 improperabant
1471 4007 1522 4059 ei
1554 4006 1620 4057 “.
1662 4024 1679 4057 ι
1712 4004 2063 4073 Longanimis
2121 4007 2388 4062 Dominus
2432 4024 2499 4062 ex
2563 4004 2843 4061 contrario
2882 4019 2984 4073 pro
3046 4004 3168 4057 istis
3207 4003 3287 4057 sic
3356 4002 3540 4070 impiis
3577 3999 3975 4068 repropitiabat

716 4106 932 4157 Patrem
958 4120 971 4154 :
1002 4120 1019 4152 ι
1052 4102 1235 4163 Pater,
1261 4098 1481 4169 ignosce
1510 4099 1619 4152 illis
1647 4107 1954 4167 peccatum,
1988 4115 2097 4152 non
2124 4100 2271 4154 enim
2311 4101 2493 4155 sciunt
2518 4099 2650 4169 quid
2681 4099 2890 4152 faciunt
2922 4099 2984 4148 ⁸⁷.
3026 4114 3044 4146 ι
3113 4094 3254 4160 Quid
3313 4095 3596 4162 aliquanto
3626 4091 3804 4159 prius,
3832 4104 3975 4143 non—

718 4193 857 4248 nihil
893 4191 1145 4263 injiciens
1174 4190 1464 4259 discipulis
1494 4189 1758 4255 audaciai,
1794 4189 2050 4244 dicebat?
2110 4209 2128 4241 ι
2170 4192 2321 4246 Beati
2359 4192 2515 4246 eritis
2573 4206 2698 4245 cum
2727 4186 3185 4258 exprobraverint
3213 4201 3312 4240 vos
3344 4195 3400 4239 et
3424 4182 3701 4253 persecuti
3733 4195 3833 4234 vos
3854 4180 3975 4234 fue-

721 4286 868 4345 rint,
915 4292 972 4336 et
1015 4281 1256 4335 dixerint
1314 4294 1475 4334 omne
1521 4280 1753 4334 verbum
1811 4280 2105 4334 adversum
2163 4297 2280 4344 vos,
2324 4281 2693 4335 mentientes:
2731 4281 2967 4351 gaudete
3005 4287 3061 4332 et
3107 4277 3401 4342 cxsultate,
3428 4275 3560 4345 quia
3625 4286 3845 4328 merces
3878 4286 3974 4327 ve-

724 4386 838 4432 stra
875 4376 1045 4430 multa
1088 4385 1173 4428 est
1209 4375 1263 4428 in
1290 4374 1448 4428 cmlis
1479 4374 1544 4425 "'.
1593 4392 1611 4423 ι
1652 4373 1759 4442 Ipsi
1785 4374 1958 4443 gloria
1990 4375 2046 4427 in
2072 4376 2290 4428 sarcula.
2332 4376 2524 4428 Amen.

1286 4487 1570 4542 IIOMILIA
1610 4487 1721 4541 ιιι.

910 4600 1059 4666 Quod
1091 4600 1292 4653 malum
1323 4600 1464 4652 malo
1499 4599 1860 4653 retaliandum
1892 4616 1995 4653 non
2036 4603 2124 4656 sit.

795 4712 968 4767 Paulo
1006 4712 1231 4780 quidem
1265 4711 1423 4780 prius
1462 4712 1531 4767 de
1570 4728 1641 4766 eo
1680 4711 1831 4780 quod
1884 4713 2092 4766 nemini
2136 4712 2293 4782 inge-

727 4804 960 4859 rendum
1012 4803 1084 4855 sit
1137 4803 1558 4871 improperium,
1588 4803 1683 4857 sed
1735 4804 2013 4873 ingestum
2048 4804 2294 4859 toleran-

1707 4892 2070 4947 disseruimus
2103 4911 2116 4945 :
2146 4909 2293 4948 nunc

727 4983 891 5035 nobis
909 4990 995 5034 est
1016 4995 1199 5035 sermo
1219 4981 1327 5033 alio
1370 4982 1847 5047 transcribendus,
1870 4999 2071 5053 nempe
2103 4993 2164 5038 ut
2197 4985 2296 5039 do-

727 5086 958 5126 ceamus
1002 5086 1110 5124 non
1148 5072 1449 5127 convenire
1499 5072 1838 5137 Christiano,
1869 5075 2075 5129 malum
2110 5086 2174 5129 ut
2211 5092 2300 5131 re-

726 4894 858 4947 dum
910 4891 1313 4959 aequanimiter,
1378 4891 1631 4946 nonnihil

2994 4486 3214 4541 ΔΟΓΟΣ
3250 4485 3377 4538 NB’.

2627 4598 2764 4666 Περὶ
2804 4598 2911 4652 τοῦ
2934 4596 3022 4667 μὴ
3056 4595 3501 4652 ἀνταποδοῦναι
3528 4593 3743 4647 κακόν.

2473 4712 2674 4783 Πρὼην
2710 4712 2811 4781 μὲν
2841 4712 2975 4781 περὶ
3021 4710 3116 4764 τοῦ
3174 4709 3247 4781 μὴ
3298 4707 3599 4771 ὀνειδίζειν,
3632 4705 3751 4757 ἀλλ’
3784 4705 3979 4759 ὀνειδί-

2406 4804 2620 4869 ζεσθαι,
2641 4805 2800 4872 ὀλίγα
2824 4803 3194 4868 διαλαὸόντες,
3222 4800 3319 4855 νῦν
3350 4802 3477 4869 περὶ
3500 4797 3597 4851 τοῦ
3633 4798 3711 4867 μὴ
3738 4798 3982 4850 ἀνταπο-

2398 4895 2583 4950 δοῦναι
2618 4896 2840 4960 κακίαν,
2876 4895 2969 4947 τὸν
2995 4894 3152 4963 λόγον
3184 4892 3626 4962 μετενέγκωμεν.
3645 4889 3709 4942 El
3732 4885 3831 4941 οὖν
3857 4888 3970 4957 βουο

2400 4987 2607 5057 λόμεθα
2665 4987 3111 5058 συγκληρονὸμοι
3161 4982 3405 5055 Χριστοῦ
3460 4978 3640 5046 εἶναι,
3687 4980 3982 5049 ἐφάμιλλοι

2403 5078 2694 5149 γενώμεθα
2721 5082 2835 5142 τοῖς
2859 5078 2957 5132 τοῦ
2984 5075 3222 5148 Χριστοῦ
3248 5074 3545 5143 φιλτάτοις.
3588 5069 3983 5141 Μιμησὼμεθα

729 5170 948 5230 penset,
981 5171 1075 5215 aut
1105 5163 1321 5217 retaliet
1361 5165 1525 5218 mala.
1564 5165 1707 5220 Sane
1749 5166 1957 5221 Christi
1988 5167 2280 5223 eohaarede;

2404 5173 2466 5224 τὸ
2514 5171 2692 5240 πρᾶον
2737 5169 2833 5222 τοῦ
2882 5168 3069 5234 Δαυτδ,
3112 5170 3261 5229 ὅπως
3301 5166 3401 5218 καὶ
3439 5165 3604 5234 ἡμεῖς
3650 5160 3984 5229 ἀκούσωμεν

730 5253 777 5306 si
806 5268 929 5307 esse
960 5254 1233 5321 cupimus,
1266 5271 1601 5324 magnopere
1635 5257 1798 5311 nobis
1826 5264 1911 5311 est
1956 5258 2301 5312 contenden-

735 5343 865 5396 dum
888 5359 1157 5413 perquam
1189 5345 1400 5399 similes
1435 5357 1495 5399 ut
1531 5347 1881 5402 inveniamur
1907 5351 2114 5403 sanctis
2142 5349 2302 5405 Chri-

734 5442 818 5486 sto
845 5434 1208 5490 charissimis.
1246 5436 1302 5489 ld
1343 5438 1454 5502 lict,
1486 5439 1533 5492 si
1570 5440 1843 5494 mansueti
1867 5440 2090 5495 Davidis
2121 5441 2302 5496 imita-

808 5588 853 5617 "'
873 5588 1052 5642 Eccle.
1099 5605 1180 5646 ιιι.
1222 5588 1313 5641 9.0.

739 5672 940 5718 xxxv",
975 5659 1052 5710 ll.

737 5742 790 5789 v,
822 5728 903 5789 Il,
955 5728 1034 5778 l2.

1418 5589 1594 5643 "Job
1645 5607 1779 5653 xxii,
1843 5592 1990 5645 Ei—IO.

1130 5662 1174 5690 ⁸³
1211 5660 1250 5711 ll
1282 5660 1424 5714 l‘clr.
1450 5676 1519 5714 Iv.
1562 5663 1639 5715 14.
1720 5664 1762 5693 ⁸⁵⁵
1788 5664 1806 5717 l
1833 5662 1972 5718 Titii.
2001 5678 2071 5729 iv,
2110 5664 2189 5719 l0.

2094 5594 2138 5624 θ’
2168 5594 2339 5654 Ερςιὶ,
2404 5612 2554 5661 χχιιι,
2597 5596 2685 5649 ‘20.

2303 5669 2348 5705 ⁸⁸
2369 5666 2557 5721 Matth.
2602 5683 2768 5729 χχι-ιι,
2818 5667 2907 5727 42,
2940 5666 3027 5719 Η.
3105 5666 3146 5695 ⁸⁷
3184 5664 3317 5716 Luc.
3351 5676 3512 5726 xxm,
3537 5660 3628 5712 δι.

2410 5263 2563 5329 παρά
2587 5259 2683 5313 τοῦ
2712 5258 2869 5324 Θεοῦ,
2891 5254 3067 5330 Εὗρον
3099 5259 3268 5330 ἄνδρα
3295 5255 3438 5309 κατά
3464 5254 3564 5324 τὴν
3590 5250 3829 5323 καρδίαν
3857 5268 3981 5318 μου·

2417 5372 2435 5404 ι
2461 5346 2633 5423 Εὗρον
2670 5352 2803 5423 γὰρ,
2844 5351 3010 5421 φησὶν
3053 5352 3082 5403 ὁ
3120 5348 3468 5418 ὑπεράγαθος
3519 5344 3618 5397 καὶ
3658 5342 3984 5411 φιλάγαθος,

2411 5442 2581 5512 ἀνδρα
2615 5444 2758 5497 κατὰ
2785 5443 2884 5513 τὴν
2916 5440 3144 5512 καρδίαν
3185 5457 3310 5510 μου,
3346 5438 3405 5502 ὃς
3440 5438 3663 5506 ποιήσει
3707 5435 3895 5486 πάντα
3920 5432 3985 5484 τὰ

3339 5592 3383 5621 δ’
3419 5589 3555 5643 Psal.
3586 5604 3655 5641 ct.
3691 5588 3743 5642 9.
3770 5586 3817 5617 ⁸³
3843 5583 3981 5637 Psal-

3708 5658 3753 5688 ⁵³
3788 5654 3981 5709 Matth.

2792 5594 3239 5653 "Psal.uv,15.
