4178 6436
247 423 267 486 1
280 428 384 488 593

829 433 1152 492 IlOMllJA
1189 436 1320 499 ιιι.
1350 462 1417 470 -
1460 438 1730 496 MALUM
1771 439 1795 495 Ι

1894 441 1918 497 )
1953 442 2155 499 MALO
2197 444 2346 501 NON
2391 441 2888 503 llEDDENDUM.

3350 441 3484 505 1594

242 540 528 608 θελήματά
566 560 688 611 μου,
717 561 735 593 ι
774 545 1021 614 περὶτοῦ
1061 549 1447 614 ἀμνησικάκου
1491 551 1676 613 Δαυῒδ,
1713 557 1795 605 καλ

1911 555 2096 608 bimur
2128 557 2435 618 leuitatem,
2467 567 2524 608 ut
2564 566 2615 610 et
2645 571 2763 629 _nos
2795 553 3062 622 quiddam
3107 554 3354 609 assituile
3388 574 3479 610 au-

239 631 336 680 καὶ
381 634 507 700 περὶ
551 633 777 702 ἐχθροὺς
811 636 1041 702 ἀγαθοῦ.
1080 639 1189 689 Kal
1217 641 1380 708 ἡμεῖς
1419 641 1511 693 οὐν
1540 641 1614 710 μὴ
1654 645 1813 712 ποιή-

239 721 426 788 σωμέν
446 738 498 771 τι
529 723 664 792 πρὸς
689 726 900 792 ἄμυναν
930 728 1161 794 ἀδελφοῦ
1183 731 1614 800 κατηδικηκὸτος
1640 735 1809 802 ἡμᾶς,

237 807 327 859 ἵνα
361 813 437 879 μὴ
465 810 684 864 ἅπαντα
713 815 843 883 ἡμῖν
875 816 1065 868 σκολιά
1090 818 1313 886 γένηται
1344 821 1402 872 ἐν
1423 823 1604 891 καιρῷ
1634 839 1808 893 προσ-

242 901 436 968 ευχῆς.
495 903 550 954 ’0
585 904 746 974 νόμος
782 908 1218 975 παρακελεύεται
1246 915 1492 979 προνοεῖν
1513 915 1576 965 τὸ
1610 916 1810 977 ὑποζύ-

233 1007 358 1055 γιον
385 993 476 1044 τεῦ
511 995 709 1064 ἐχθροῦ
731 1013 744 1025 ·
777 999 874 1049 καὶ
904 1000 932 1050 6
979 1000 1123 1064 Ἰὼϐ,
1153 1003 1229 1064 ὡς
1263 1005 1524 1072 ἐχόμενος
1573 1008 1678 1059 ἀπὸ
1713 1026 1810 1060 κα-

233 1082 363 1143 κίας
410 1087 560 1151 παρὰ
608 1085 703 1136 τοῦ
748 1087 884 1140 Θεοῦ
936 1092 1325 1161 ἐμαρτυρεῖτο.
1376 1096 1486 1148 Καὶ
1516 1097 1543 1147 6
1586 1099 1805 1167 Ἰωσὴφ,

231 1173 367 1233 τοὺς
400 1174 718 1240 ἐπιϐούλους
762 1179 1024 1246 ἀδελφοὺς
1063 1183 1161 1234 οὐκ
1199 1185 1463 1252 ἠμύνατο.
1497 1189 1606 1241 Kal
1645 1191 1808 1241 Ἀὅελ

231 1263 430 1326 ἁπλῶς
476 1269 566 1318 καὶ
615 1269 942 1333 ἀνυπόπτως
1006 1278 1398 1345 συνεπορεύετο
1457 1279 1533 1348 τῷ
1581 1281 1806 1346 ἀδελφο-

229 1356 416 1424 κτόνῳ
460 1359 615 1412 Κάῐν.
649 1361 758 1412 Καὶ
783 1363 1001 1425 πάντως
1021 1365 1207 1428 ἁπλῶς
1241 1368 1606 1438 ἀνακηρύττει
1633 1372 1666 1438 ἡ
1690 1370 1805 1423 οεο-

227 1444 394 1512 λογία
429 1449 556 1508 τοὺς
583 1452 642 1501 ἐν
674 1452 878 1523 ἀκακία
909 1455 1359 1525 πολιτευομένους
1393 1461 1602 1527 άγίους.
1637 1464 1804 1531 (Ιήσὶν

223 1536 284 1587 δέ
311 1555 416 1599 τις,
453 1557 469 1588 ι
507 1543 600 1601 ’ος
633 1543 1060 1598 ἀνταποδίδωσιν
1101 1550 1272 1600 κακὸν
1319 1553 1440 1603 ἀντὶ
1467 1553 1706 1618 ἀγαθῶν,
1739 1556 1801 1608 οὐ

225 1628 591 1696 κινηθήσεται
622 1633 771 1683 κακὰ
800 1633 864 1684 ἐκ
889 1633 985 1686 τοῦ
1017 1637 1168 1688 οῖκου
1200 1638 1388 1692 αὐτοῦ.
1416 1658 1434 1689 ι
1481 1642 1587 1693 Kal
1619 1643 1799 1706 πάλιν,

225 1735 247 1767 ς
271 1716 333 1768 '0
367 1718 546 1786 βαλὼν
563 1722 712 1773 λίθον
743 1725 823 1786 είς
852 1725 1004 1792 ὕψος,
1028 1729 1120 1779 ἐπὶ
1152 1730 1251 1795 τὴν
1277 1730 1520 1801 κεφαλὴν
1548 1732 1644 1802 τὴν
1676 1736 1801 1786 ὲαυ-

219 1808 318 1859 τοῦ
369 1811 576 1876 βάλλει.
609 1833 627 1862 ι
669 1816 797 1877 Kal,
831 1833 848 1864 ι
874 1817 929 1868 ὐ
949 1818 1196 1886 ὀρύσσων
1224 1820 1304 1890 τῷ
1335 1821 1550 1890 πλησίῳ
1582 1824 1796 1891 βόθρον,

217 1902 554 1967 ἐμπεσεῖται
581 1906 664 1967 είς
689 1907 872 1959 αὐτόν.
900 1927 917 1957 ι
948 1909 1105 1973 Καὶ,‹
1137 1912 1193 1963 Ὀ
1228 1912 1388 1964 ίστῶν
1412 1914 1641 1980 παγίδα,
1663 1916 1799 1966 άλώ-
1834 1890 1872 1943 Β

217 2009 380 2044 σεται
418 1998 476 2047 ὲν
530 1998 693 2066 αὐτῇ,
724 2001 818 2050 καὶ
863 2001 1108 2054 ποιοῦντι
1140 2006 1374 2074 πονηρὰ,
1399 2006 1488 2057 ἐπ’
1519 2009 1683 2059 αὐτὸν
1707 2027 1798 2060 xu-

213 2083 560 2153 λισοήσεται.
588 2107 607 2138 ι
663 2089 719 2140 '0
742 2089 799 2140 δὲ
843 2089 1134 2160 Ἱερεμίας,
1170 2097 1510 2165 ἐντυγχάνων
1548 2099 1625 2168 τῷ
1658 2101 1793 2169 Θεῷ,

212 2175 364 2227 κατὰ
408 2176 501 2227 τὸν
547 2176 764 2248 Ἰσραὴλ
815 2179 1000 2247 λέγει·
1060 2200 1079 2232 ι
1109 2183 1169 2234 Et
1215 2186 1629 2239 ἁνταποδίδοται
1677 2189 1798 2238 ἀντὶ

211 2265 442 2332 ἀγαοῶν
495 2271 663 2331 κακὰ,
723 2271 1000 2341 μνήσθητι
1054 2272 1131 2335 ὡς
1167 2274 1403 2345 ἐλάλησα
1441 2277 1583 2346 ὑπὲρ
1614 2278 1796 2329 αὐτῶν

210 2357 424 2422 ἀγαθά.
453 2376 470 2408 ι
510 2359 698 2421 Οῦτως
746 2362 774 2411 6
828 2361 1057 2425 δίκαιος,
1107 2366 1304 2426 νυκτός
1351 2382 1410 2416 τε
1461 2367 1554 2419 καὶ
1579 2368 1796 2436 ἡμέρας

210 2449 362 2516 ὑπὲρ
407 2449 591 2501 αὐτῶν
627 2450 719 2501 τὸν
744 2450 878 2502 Θεὸν
908 2453 1180 2516 ὲξιλεοῦτο
1206 2470 1218 2482 ·
1253 2455 1374 2506 ὅθεν
1401 2458 1496 2508 καὶ
1528 2457 1674 2521 ἥπαξ
1702 2460 1795 2509 καὶ¹

208 2539 298 2598 δὶς
333 2539 568 2607 ἡκουσεν
609 2540 759 2609 παρὰ
800 2542 893 2593 τοῦ
931 2543 1087 2607 Θεοῦ,
1118 2545 1200 2596 ὄτι
1234 2545 1310 2615 μὴ
1346 2546 1497 2611 ἀξίου
1532 2548 1670 2616 ὑπὲρ
1696 2549 1790 2600 αὐ-

208 2629 346 2692 τῶν,
379 2631 462 2680 ὅτι
525 2649 543 2680 ι
576 2631 688 2683 Οὐκ
733 2635 1133 2702 είσακούσομαί
1188 2653 1315 2687 σου·
1373 2637 1525 2688 αὐτοὶ
1570 2637 1627 2689 δὲ
1677 2640 1797 2689 ἀντ-

206 2722 524 2788 ημείψαντο
551 2723 734 2785 αὐτὸν,
761 2741 779 2774 ι
803 2725 1138 2793 χαλάσαντες
1161 2728 1323 2779 αὐτὸν
1345 2731 1400 2779 ὲν
1441 2729 1518 2796 τῷ
1550 2728 1794 2799 βορϐόρῳ

206 2812 313 2860 τοῦ
345 2812 575 2865 λάκκου.
614 2815 853 2867 Τοιαῦτα
886 2816 993 2885 γὰρ
1021 2817 1110 2868 ἀεὶ
1153 2819 1265 2868 τῶν
1298 2819 1571 2872 Ἰουδαίων
1603 2821 1672 2873 τὰ
1701 2822 1794 2873 ἀν·

207 2899 645 2969 δραγαθήματα.
684 2905 796 2956 Kal
843 2906 1042 2974 Ἰωσὴφ
1081 2907 1162 2969 δὲ,
1198 2909 1258 2960 οὐ
1298 2911 1460 2977 μόνον
1512 2912 1612 2963 οὐκ
1649 2912 1793 2980 ἠμύ-

207 3006 348 3043 νατο
365 2993 490 3053 τοὺς
513 2993 778 3062 ἀδελφοὺς
794 2997 980 3060 αὐτοῦ,
1006 2998 1139 3050 ἀλλὰ
1169 2999 1263 3051 καὶ
1292 3000 1556 3054 ἔκλαυσεν
1589 3005 1682 3055 ἐπὶ
1701 3004 1792 3055 τὸν

206 3079 490 3148 τράχηλον
511 3082 690 3134 αὐτῶν
717 3084 774 3148 ἐξ
800 3085 1024 3155 ἀγάπης
1041 3087 1263 3157 πολλῆς·
1293 3091 1388 3142 καὶ
1407 3090 1614 3158 ἔλεγεν,
1654 3111 1673 3143 ι
1700 3094 1791 3163 Μὴ

1915 649 2032 702 dire
2060 665 2089 702 a
2116 650 2229 702 Deo
2262 664 2698 717 promereamur,
2734 647 2882 716 quod
2924 656 2978 701 et
3017 646 3086 698 de
3122 646 3239 715 ipso
3275 649 3483 702 Davide

1912 740 2309 809 pronuntiavit,
2348 741 2467 792 viro
2513 738 2837 808 injuriarum
2873 739 3197 792 immemore
3234 755 3478 806 prorsus,

1910 845 1967 888 et
1991 851 2118 903 erga
2152 833 2407 886 inimicos
2437 849 2699 901 perquam
2727 833 2986 901 benigno,
3014 833 3279 884 nimirum
3309 832 3476 886 illud:

1919 946 1935 976 ι
1965 927 2217 979 Invenire
2247 926 2426 978 virum
2460 925 2761 978 secundum
2812 940 2906 976 cur
2942 941 3147 987 meum,
3185 925 3278 991 qui
3316 924 3482 978 faciet

1909 1033 2100 1070 omnes
2158 1018 2475 1069 voluntates
2528 1017 2757 1068 meas".
2788 1035 2804 1066 ι
2861 1016 2928 1068 Ει
2979 1031 3081 1068 nos
3124 1015 3290 1083 igitur
3343 1017 3478 1069 tanti

1909 1111 2096 1163 herois
2135 1109 2416 1178 provocati
2472 1109 2744 1175 exemplo,
2791 1107 3046 1160 nonnihil
3093 1107 3284 1158 auxilii
3334 1122 3478 1174 prae-

1907 1212 2114 1256 stemus
2155 1218 2218 1254 ac
2268 1201 2635 1268 suffragemur
2674 1200 2848 1258 fratri,
2882 1215 2911 1252 a
2956 1215 3066 1266 quo
3102 1198 3477 1266 qualicunque

1908 1295 2105 1361 injuria
2149 1293 2348 1362 pulsati
2397 1308 2629 1345 sumus:
2664 1308 2732 1345 ne
2787 1292 2872 1343 vel
2919 1299 3165 1358 tempore
3210 1288 3479 1342 orationis

1906 1384 2203 1451 postulatio
2237 1382 2420 1435 omnis
2457 1391 2641 1434 nostra
2679 1381 3026 1449 repudietur,
3071 1396 3269 1447 resque
3314 1379 3476 1431 abeat

1905 1476 1958 1528 in
1999 1475 2276 1526 diversum
2327 1488 2492 1539 quam
2543 1473 2804 1539 petimus.
2836 1473 3003 1526 Jubet
3051 1473 3138 1524 lex
3186 1472 3474 1540 subjugale

1903 1566 2137 1619 animale
2170 1564 2378 1617 inimici
2421 1563 2737 1634 [ipsissimis
2778 1561 2964 1615 verbis
3001 1561 3194 1614 eadem
3249 1577 3479 1629 prorsus

1904 1655 2143 1725 Dionysii
2175 1656 2375 1722 Arcop.
2415 1653 2651 1722 epistula
2677 1651 2756 1722 8.]
2791 1652 2856 1722 (si
2894 1652 3007 1705 fors
3031 1652 3140 1704 labi
3166 1651 3473 1720 contingat)

1905 1757 1963 1800 ut
2012 1745 2244 1813 proinde
2289 1745 2630 1798 subleves".
2682 1743 2784 1798 Job
2845 1744 3232 1796 testimonium
3282 1758 3310 1795 a
3361 1743 3477 1794 Deo

1903 1846 2186 1906 reportare
2228 1836 2558 1906 promeruit,
2606 1835 2754 1903 quod
2792 1849 2946 1888 suam
2988 1834 3170 1888 adhuc
3206 1834 3474 1888 retineret

1902 1945 1963 1982 ac
1999 1935 2250 1982 tueretur
2288 1927 2682 1981 innocentiam.
2706 1925 2909 1993 Joseph
2953 1924 3020 1978 de
3051 1924 3320 1977 fratribus
3346 1925 3474 1976 nul-

1899 2021 2005 2072 lam
2043 2017 2308 2087 expetivit
2339 2019 2628 2081 ultionem,
2658 2032 2798 2085 quos
2833 2016 3040 2084 alioqui
3073 2017 3202 2071 vita:
3243 2016 3476 2070 insidia-

1902 2122 2051 2164 tores
2085 2126 2196 2162 sua:
2232 2109 2411 2162 fuerat
2442 2124 2658 2176 passus.
2688 2108 2822 2160 Abel
2865 2108 3089 2160 amabili
3119 2109 3474 2175 simplicitate

1898 2202 2163 2272 praaditus
2202 2216 2302 2255 nec
2341 2202 2508 2253 ullius
2557 2200 2813 2268 suspicax
2853 2201 2906 2252 in
2944 2215 3003 2252 se
3040 2199 3276 2268 injuria»,
3304 2199 3470 2252 simul

1897 2309 2021 2348 cum
2055 2291 2340 2347 fratricida
2370 2290 2643 2345 concessit
2666 2290 2720 2343 in
2747 2306 2958 2358 agrum.
2989 2289 3046 2342 lu
3075 2304 3277 2357 genere
3303 2296 3472 2355 quot-

1895 2391 2030 2451 quot
2086 2391 2307 2434 sanctos
2351 2381 2552 2432 divinat
2617 2379 3016 2432 concelebrant
3084 2379 3330 2440 Litterze,
3373 2393 3472 2433 eos

1896 2480 2153 2526 astruunt
2208 2487 2304 2539 per
2338 2470 2668 2524 innocentia:
2708 2470 2903 2522 callem
2950 2470 3117 2522 vitam
3164 2469 3470 2524 instituisse

1896 2577 2072 2616 suam.
2111 2561 2216 2614 Sed
2253 2569 2310 2614 et
2339 2577 2484 2614 unus
2524 2560 2727 2628 aliquis
2777 2562 2855 2613 ait
2891 2576 2904 2611 :
2963 2579 2981 2610 ι
3008 2559 3110 2624 Qui
3159 2558 3473 2613 reddiderit

1897 2654 2036 2705 mala
2089 2668 2187 2719 pro
2231 2653 2415 2716 bonis,
2464 2667 2573 2704 non
2627 2652 2999 2704 movebuntur
3045 2650 3183 2703 mala
3206 2651 3274 2703 de
3304 2650 3471 2703 domo

1893 2743 2095 2812 ejus“.
2126 2762 2143 2791 ι
2189 2742 2392 2795 lterum
2430 2760 2442 2794 :
2482 2742 2622 2806 «Qui
2658 2743 2793 2811 jacit
2821 2742 3058 2809 lapidem
3093 2743 3148 2794 in
3181 2741 3378 2803 altum,
3412 2741 3468 2793 in

1894 2846 2052 2884 suum
2082 2839 2248 2899 caput
2273 2832 2408 2899 jacit
2429 2831 2496 2884 τ’.
2523 2850 2540 2879 ι
2564 2831 2632 2883 Et
2666 2847 2722 2882 ;‹
2750 2830 2852 2894 Qui
2874 2830 3013 2883 fodit
3045 2830 3257 2884 foveam
3285 2831 3471 2899 proxi-

1895 2936 2004 2983 mo,
2039 2920 2248 2973 incidet
2272 2921 2326 2972 in
2356 2922 2552 2973 eam".
2585 2938 2603 2970 ι
2639 2921 2705 2972 Et
2736 2938 2748 2972 :
2784 2939 2800 2969 ι
2824 2920 2928 2984 Qui
2960 2921 3152 2973 statuit
3184 2922 3475 2990 laqueum,

1893 3010 2142 3078 capietur
2167 3011 2220 3063 in
2244 3025 2334 3073 eo,
2367 3018 2422 3062 et
2450 3010 2544 3078 qui
2571 3010 2704 3062 facit
2737 3012 2900 3073 mala,
2935 3012 2990 3064 in
3014 3026 3140 3064 eum
3171 3010 3473 3065 devolveb-

1896 3111 1987 3155 tur
2008 3102 2075 3153 ".
2101 3121 2118 3152 ι
2144 3102 2414 3155 .leremias
2430 3116 2653 3169 quoque
2686 3102 2859 3154 Deum
2881 3103 3242 3170 interpellans
3270 3103 3468 3156 adver-

209 3170 500 3235 φοϐεῖσθε,
551 3172 665 3239 ἐγὼ
716 3174 992 3244 διαθρέψω
1041 3178 1246 3246 ὑμᾶς.»
1285 3179 1515 3249 Ἴδωμεν
1559 3183 1614 3234 τί
1647 3185 1791 3237 καὶὸ

1894 3208 1985 3246 sus
2024 3192 2190 3245 Israel
2232 3192 2409 3245 dicit:
2454 3210 2472 3242 ι
2499 3191 2556 3245 Si
2599 3192 2913 3245 redduntur
2947 3208 3046 3260 pro
3094 3193 3255 3246 bonis
3301 3195 3468 3256 mala,

207 3261 379 3312 Δαυῒδ
428 3265 748 3332 ἐντυγχάνει
804 3267 883 3334 τῷ
940 3268 1081 3336 Θεῷ·
1144 3270 1438 3339 «Κύριε,ό
1471 3273 1607 3336 Θεός
1665 3292 1788 3343 μου,

206 3353 407 3420 φησιν,
447 3354 494 3403 εί
530 3355 765 3422 ἐποίησα
796 3356 980 3420 τοῦτο,
1029 3362 1076 3410 εἰ
1133 3361 1280 3412 ἔστιν
1323 3363 1505 3415 ἀδικία
1547 3366 1604 3415 ὲν
1635 3366 1791 3433 χερσί

210 3459 343 3510 μου,
382 3445 431 3494 εί
462 3445 820 3497 ἀνταπέδωκα
875 3451 989 3510 τοῖς
1038 3450 1455 3502 ἁνταποδιδοῦσί
1489 3470 1582 3521 μοι
1617 3457 1788 3518 κακά,

204 3535 550 3602 ἀποπέσοιμι
607 3536 716 3605 ἄρα
780 3538 887 3589 ἀπὸ
935 3540 1041 3590 τῶν
1109 3541 1317 3611 ἐχθρῶν
1368 3561 1470 3611 μου
1533 3545 1708 3606 κενός.
1764 3564 1783 3597 ›

221 3625 287 3675 ὐ
345 3624 404 3675 δὲ
465 3627 668 3694 Πέτρος
706 3629 992 3697 παραινῶν
1052 3630 1228 3698 λέγει·
1270 3651 1286 3682 ι
1313 3634 1403 3702 Μὴ
1447 3634 1790 3698 ἀποδιδόντες

207 3717 384 3768 κακὸν
430 3718 550 3769 ἀντὶ
610 3720 814 3782 κακοῦ,
872 3721 904 3790 ἦ
961 3722 1230 3794 λοιδορίαν
1298 3727 1421 3778 ἀντὶ
1478 3726 1785 3797 λοιδορίας’

205 3809 522 3859 τούναντίον
581 3810 636 3862 δὲ
674 3811 1043 3878 εὐλογοῦντες,
1092 3816 1173 3867 ὅτι
1220 3818 1299 3878 είς
1345 3817 1506 3869 τοῦτο
1547 3819 1782 3889 ἐκλήθη-

203 3916 292 3959 τε,
365 3899 451 3952 ἵνα
496 3901 744 3968 εὐλογίαν
819 3904 1328 3977 κληρονομήσητε.)
1391 3910 1500 3961 Kal
1560 3912 1589 3962 6
1645 3912 1788 3965 Παῦ-

203 3992 338 4054 λος,
401 4011 418 4041 ι
451 3993 666 4060 Ὁρᾶτε,
725 3997 911 4063 φησὶν,
961 3999 1034 4066 μή
1078 4015 1160 4060 τις
1209 4000 1381 4051 κακὸν
1435 4002 1555 4054 ἀντὶ
1613 4005 1784 4056 κακοῦ

204 4099 316 4133 τινι
346 4083 554 4152 ἀποδῷ,
586 4084 724 4136 ἀλλὰ
769 4087 1000 4138 πάντοτε
1044 4088 1104 4138 τὺ
1151 4089 1355 4156 ἀγαθὸν
1405 4091 1650 4158 διώκετε,
1689 4096 1784 4148 καὶ

203 4173 288 4233 είς
347 4172 633 4240 ἀλλήλους,
690 4177 782 4227 καὶ
829 4178 910 4238 είς
970 4178 1198 4240 πάντας.
1231 4198 1250 4230 ι
1287 4182 1395 4233 Kal
1428 4178 1618 4245 αὖθις·
1651 4202 1669 4235 ι
1693 4185 1784 4254 Μὴ

205 4261 351 4313 νικῶ
383 4263 486 4315 ὐπὸ
535 4264 629 4316 τοῦ
673 4266 870 4330 κακοῦ,
915 4268 1053 4320 ἀλλὰ
1095 4270 1222 4320 νίκα
1263 4273 1322 4322 ὲν
1353 4271 1430 4341 τῷ
1477 4274 1670 4342 ἀγαθῷ
1724 4275 1784 4327 τὸ

205 4353 407 4405 κακόν.
442 4373 461 4404 ι
511 4355 568 4406 ’0
616 4355 673 4408 δὲ
709 4356 933 4426 Κύριος,
986 4377 1004 4408 ι
1043 4360 1321 4427 Ἀγαπᾶτε
1381 4363 1508 4423 τοὺς
1553 4365 1782 4433 ἐχθροὺς

205 4447 398 4514 ὑμῶν·
450 4447 631 4509 καλῶς
671 4451 878 4501 ποιεῖτε
924 4452 1038 4512 τοῖς
1098 4452 1350 4519 μισοῦσιν
1401 4453 1563 4522 ὑμᾶς.
1612 4455 1781 4507 Εὐλο-

202 4539 357 4602 γεῖτε
388 4537 516 4598 τοὺς
548 4540 968 4608 καταρωμένους
1004 4542 1167 4611 ὑμᾶς.
1216 4543 1324 4595 Kal
1351 4544 1496 4607 ὅστις
1532 4563 1589 4596 σε
1619 4547 1782 4615 ραπί-
1813 4524 1857 4578 θ

205 4646 291 4681 σει
340 4632 421 4690 είς
446 4631 544 4699 τὴν
586 4630 766 4694 δεξιὰν
804 4632 1054 4699 σιαγόνα,
1092 4635 1322 4704 στρέψον
1367 4637 1514 4706 αὐτῷ
1552 4640 1646 4690 καὶ
1679 4639 1779 4709 τὴν

203 4722 398 4790 ἄλλην.
430 4723 540 4772 Kal
561 4721 638 4790 τῷ
669 4721 877 4774 θέλοντί
907 4741 991 4776 σοι
1020 4725 1302 4794 κριθῆναι,
1345 4727 1438 4779 καὶ
1463 4729 1553 4781 τὸν
1577 4730 1782 4797 χιτῶνά

205 4829 303 4865 σου
355 4811 557 4875 λαὸεῐν,
611 4814 748 4880 ἄφες
793 4814 942 4884 αὐτῷ
984 4816 1167 4868 καὶτὸ
1203 4816 1415 4886 ἱμάτιόν
1447 4836 1561 4872 σου.
1590 4838 1608 4871 ι
1646 4821 1776 4885 Kal,

209 4926 228 4956 ι
261 4905 332 4959 Εῐ
351 4922 434 4967 τις
469 4923 526 4957 σε
559 4907 883 4978 ἀγγαρεύσῃ
930 4908 1108 4974 μίλιον
1132 4909 1211 4971 ἒν,
1239 4908 1420 4977 ὕπαγε
1461 4915 1580 4980 μετ’
1612 4913 1779 4965 αὐτοῦ

203 4997 324 5049 δύο.
351 5015 368 5045 ι
403 4997 535 5061 Ka‘t,
573 4997 831 5049 «Γίνεσθε
870 5000 1218 5069 οἰκτίρμονες
1249 5002 1346 5054 καὶ
1385 5003 1602 5069 τέλειοι,
1652 5004 1727 5067 ὡς
1753 5007 1780 5057 ὁ

205 5087 404 5155 Πατὴρ
448 5088 602 5156 ὐμῶν
656 5090 684 5141 6
728 5089 1000 5159 οὐράνιος.
1027 5109 1046 5142 ι
1099 5091 1258 5164 Αὐτῷ
1298 5095 1332 5164 ἡ
1362 5094 1490 5160 δόξα
1529 5097 1607 5158 είς
1655 5097 1780 5159 τοὺς

203 5177 434 5239 αἰῶνας.
472 5179 528 5230 Ἀ
538 5179 664 5249 μήν.

1891 3282 2207 3344 recordare,
2258 3294 2464 3352 quanta
2517 3283 2739 3336 locutus
2787 3283 2892 3336 sim
2937 3298 3038 3351 pro
3075 3284 3158 3335 eis
3191 3282 3464 3336 bona".p

1889 3374 2041 3426 Adeo
2070 3375 2254 3442 justus
2287 3375 2397 3435 hic,
2439 3373 2667 3441 perdius
2698 3382 2754 3426 et
2782 3388 2992 3440 pernox
3020 3373 3143 3426 istis
3175 3373 3255 3428 sic
3282 3374 3469 3440 ingra—

1893 3465 1961 3518 tis
1998 3465 2338 3518 exorabilem
2374 3465 2468 3518 Dei
2534 3466 2887 3518 clementiam
2956 3465 3220 3519 studebat
3281 3467 3470 3520 conci-

1887 3553 2046 3616 liare,
2077 3563 2135 3607 et
2169 3553 2392 3606 ﬂectere
2431 3553 2568 3606 iram
2599 3571 2612 3604 :
2650 3553 2867 3621 1110
2902 3553 3047 3606 unde
3107 3562 3164 3606 et
3213 3554 3379 3606 semel
3412 3563 3469 3606 et

1888 3643 2134 3696 secundo
2185 3643 2371 3696 divina
2418 3659 2552 3697 voce
2596 3636 2812 3711 accepit
2856 3657 3184 3710 responsum
3234 3659 3247 3694 :
3300 3643 3465 3695 «Noli

1888 3749 2048 3789 orare
2095 3751 2195 3804 pro
2244 3735 2346 3797 eis,
2383 3750 2489 3787 non
2544 3734 2692 3788 enim
2725 3734 3019 3787 exaudiam
3040 3735 3212 3787 tc".i
3252 3732 3465 3802 Ecquid

1891 3826 2113 3879 tandem
2150 3827 2371 3894 excepit
2405 3826 2585 3895 dignae
2617 3824 3050 3879 retributionis?
3088 3824 3319 3894 Utrique
3356 3836 3465 3880 tam

1888 3918 2028 3971 bene
2070 3917 2139 3971 de
2181 3933 2241 3971 se
2282 3927 2588 3970 merentem
2632 3917 2982 3970 demiserunt
3020 3917 3075 3969 in
3106 3918 3283 3970 lacum
3325 3917 3466 3970 fetu-

1886 4010 2097 4062 lentum
2133 4023 2198 4062 ac
2244 4024 2402 4062 cceno
2445 4008 2748 4062 madidum.
2780 4008 2906 4062 "(BC
2950 4017 3218 4077 perpetuo
3246 4009 3465 4062 Jud:eos

1884 4101 2143 4153 comitata
2192 4107 2277 4151 est
2317 4099 2460 4155 male
2510 4107 2666 4168 grata
2707 4099 3036 4164 strenuitas,
3079 4101 3159 4153 sic
3191 4115 3250 4152 se
3290 4100 3465 4153 fortes

1885 4190 2281 4258 przestiterunt.
2317 4189 2518 4256 Josepli
2573 4198 2840 4257 praeterea
2881 4190 3022 4242 adeo
3092 4190 3229 4243 nihil
3293 4190 3465 4242 inter-

1885 4279 2125 4331 minatus
2177 4287 2262 4330 est
2319 4277 2534 4331 ultricis
2559 4278 2815 4332 vindicta:
2851 4278 3141 4341 fratribus,
3177 4286 3235 4330 ut
3265 4294 3464 4332 unum-

1885 4385 2162 4439 quemque
2199 4371 2524 4437 complexus
2557 4370 2813 4433 scorsim,
2854 4372 2998 4424 colla
3030 4371 3247 4423 illorum
3273 4372 3462 4439 οριιιθ-

1885 4461 2030 4513 verit
2061 4459 2318 4530 lacrymis
2335 4460 2379 4491 ⁷⁷
2415 4476 2429 4512 :
2469 4469 2616 4513 tanta
2650 4475 2780 4529 erga
2811 4461 2938 4514 illos
2969 4461 3311 4529 liquescebat
3332 4462 3467 4515 cha-

1887 4549 2070 4603 ritate.
2099 4549 2203 4603 Sed
2225 4558 2282 4603 et
2306 4549 2526 4604 dicebat
2555 4567 2567 4602 :
2605 4569 2621 4601 ι
2657 4552 2837 4605 Nolite
2869 4551 3082 4616 timere,
3115 4568 3216 4620 ego
3241 4567 3459 4620 pascam

1885 4657 1984 4696 vos
2005 4642 2070 4694 ".
2099 4662 2115 4691 ι
2158 4642 2302 4708 Quid
2346 4644 2582 4711 proinde
2630 4644 2929 4712 postularit
2963 4643 3133 4697 David
3160 4645 3339 4700 aDeo.
3369 4660 3467 4697 ex-

1888 4732 2238 4802 pendendum
2293 4750 2442 4787 nunc
2475 4751 2486 4786 :
2527 4753 2542 4783 ι
2566 4734 2817 4798 Domine,
2856 4735 3002 4788 Deus
3063 4749 3239 4798 mens,
3275 4736 3320 4788 si
3353 4735 3460 4789 feci

1886 4824 2054 4889 istud,
2079 4826 2174 4889 ait,
2203 4826 2249 4879 si
2281 4836 2366 4881 est
2397 4826 2663 4894 iniquitas
2697 4827 2750 4879 in
2784 4828 3042 4881 manibus
3068 4827 3227 4890 meis,
3261 4829 3304 4880 si
3329 4828 3458 4881 red—

1885 4915 1999 4968 didi
2039 4916 2479 4972 retribuentibus
2508 4918 2641 4970 mihi
2680 4919 2844 4981 mala,
2877 4918 3128 4972 decidam
3175 4919 3365 4986 utique
3390 4919 3460 4972 ab

1887 5007 2126 5061 inimicis
2165 5007 2303 5061 meis
2352 5008 2612 5061 inanis".
2642 5029 2659 5057 ι
2703 5010 2898 5062 Petrus
2950 5011 3079 5063 item
3131 5010 3457 5074 admonens,

1883 5099 1961 5151 ait
1994 5117 2006 5152 :
2042 5117 2059 5146 ι
2083 5099 2200 5153 Νοιι
2239 5099 2533 5154 reddentes
2579 5101 2780 5153 malum
2818 5117 2917 5168 pro
2961 5103 3125 5166 malo,
3157 5112 3253 5155 aut
3286 5102 3458 5154 male-

1885 5189 2092 5244 dictum
2123 5206 2223 5259 pro
2258 5192 2573 5252 maledicto,
2607 5193 2702 5246 sed
2735 5209 2765 5246 e
2801 5194 3081 5248 contrario
3121 5194 3458 5248 benedicen-

207 5275 329 5332 tes;
376 5269 502 5336 quia
548 5269 605 5322 in
639 5268 766 5323 'hoc
821 5270 1001 5324 vocati
1051 5272 1204 5334 estis,
1236 5281 1298 5326 ut
1342 5273 1778 5328 benedictionem
1819 5275 2135 5332 hmreditatc
2201 5281 2529 5347 possideatis
2546 5281 2611 5333 “.
2638 5300 2656 5330 ›
2721 5282 2923 5337 Paulus
2947 5282 3292 5336 etiamnum:
3325 5282 3460 5338 «Vi-

204 5359 336 5414 dete
367 5375 437 5414 ne
477 5361 603 5429 quis
646 5361 846 5414 malum
877 5377 978 5430 pro
1041 5365 1184 5417 malo
1218 5365 1429 5428 reddat,
1469 5367 1564 5421 sed
1629 5383 1845 5436 semper
1883 5371 2030 5439 quod
2059 5372 2265 5426 bonum
2297 5383 2403 5436 est,
2436 5375 2721 5428 sectemini
2744 5383 2799 5428 et
2828 5376 2882 5428 in
2906 5375 3138 5428 invicem
3169 5385 3226 5429 et
3255 5375 3309 5428 in
3339 5391 3456 5428 om-

204 5467 310 5508 nes
327 5451 396 5506 ⁸⁸.
426 5471 444 5504 ι
488 5453 728 5508 Rursum
760 5471 774 5505 :
808 5471 826 5507 ι
855 5455 976 5510 Noli
1022 5458 1169 5512 vinci
1217 5474 1247 5512 a
1295 5461 1461 5525 malo,
1525 5461 1619 5516 sed
1657 5463 1815 5519 vince
1850 5464 1905 5519 in
1942 5466 2084 5520 bono
2121 5467 2324 5519 malum
2347 5467 2411 5518 ⁸¹.
2441 5485 2458 5518 ι
2492 5467 2633 5531 Quid
2701 5468 3002 5522 Dominus?
3037 5485 3056 5519 ι
3087 5468 3310 5537 Diligite
3345 5463 3454 5520 ini-

281 5653 328 5684 "
361 5654 378 5706 Ι
413 5655 544 5724 Reg.
582 5673 696 5718 xm,
729 5657 814 5710 Η.
891 5659 936 5690 ⁷⁰
960 5659 1129 5713 Exod.
1161 5677 1307 5724 χχιιι,
1333 5663 1384 5721 4.
1417 5664 1467 5716 5.

208 5739 376 5782 xxvn.
402 5725 490 5788 29,
520 5727 608 5780 50.

210 5808 305 5857 vn,
338 5795 389 5857 4,
427 5795 475 5848 5.
566 5797 610 5826 ⁸ο
640 5795 656 5848 Ι
681 5795 825 5851 l’ctr.
858 5814 934 5865 Ill,
975 5801 1024 5852 υ.
1104 5802 1144 5829 ⁸⁵
1179 5800 1198 5853 1
1235 5801 1425 5856 'l‘liess.
1461 5821 1511 5868 ι,
1551 5805 1628 5857 li».

1558 5665 1599 5696 ⁷¹
1632 5665 1792 5719 Prov.
1831 5683 1954 5721 xvn.
2000 5667 2085 5719 lii.

710 5729 754 5758 ⁷⁵
783 5728 983 5781 Jcrem.
1018 5746 1161 5788 xvnl.
1198 5733 1285 5782 ‘20.
1361 5735 1405 5763 ⁷⁵
1434 5734 1636 5787 Jercm.
1665 5753 1734 5796 xl,
1772 5738 1850 5788 Η.
1928 5738 1971 5767 ⁷⁷
2002 5738 2140 5790 Gen.
2185 5755 2328 5805 XLIII,
2364 5739 2451 5794 30.

710 5800 825 5851 'ctr.
858 5814 934 5858 Ill,
975 5801 1024 5852 υ.
1104 5802 1144 5829 ⁸⁵
1179 5800 1198 5853 1
1235 5801 1425 5856 'l‘liess.
1461 5821 1511 5858 ι.
1551 5805 1628 5857 li».
1737 5807 1779 5836 δ’
1815 5807 1965 5858 Ιῖυιιι.
2001 5823 2089 5858 xu.
2127 5808 2214 5858 2|.

1765 5810 1779 5835 ³
1815 5808 1965 5858 Ιῖυιιι.
2001 5823 2089 5871 xu,
2127 5808 2214 5861 21.

3205 5669 3250 5698 ⁷⁸
3281 5667 3446 5720 Eccli.

2244 5671 2401 5723 l'ruv.
2439 5685 2586 5727 xxvi,
2628 5673 2679 5723 8.
2793 5670 2837 5698 ⁷³
2874 5666 3006 5722 ibid.
3038 5668 3127 5720 27.
3205 5669 3250 5698 ⁷⁸
3281 5667 3424 5719 Eccli

2244 5757 2327 5790 ηιιι.
2364 5739 2451 5790 50.
2549 5740 2594 5769 ⁷⁸
2621 5740 2756 5790 Gen.
2789 5754 2908 5790 xu".
2955 5739 3006 5790 5.
3048 5738 3132 5790 il.
3224 5740 3266 5769 ⁷³
3305 5737 3424 5790 Paul

3120 5776 3132 5790 .
3231 5754 3266 5769 ’⁵
3305 5754 3446 5790 ι’διιι.

2549 5740 2594 5769 ⁷⁸
2621 5740 2756 5795 Gen.
2789 5754 2908 5804 XLV,
2955 5739 3006 5804 5,
