4178 6436
716 320 858 390 1595

1984 329 2349 389 ANTIOCHI
2393 332 2741 391 MONACIII

3879 339 3898 400 I
3915 339 4015 399 ὖθθ

717 438 890 488 mch
947 442 1179 493 vostros,
1238 433 1538 487 Imnefat'ilc
1629 435 1714 487 bis
1796 433 1888 500 qui
1949 434 2186 487 oderunt
2241 452 2356 497 vos,
2400 435 2713 491 benedicite
2760 439 3223 497 maledicentilms
3282 445 3843 519 \‘0bis:quieunqnc
3889 466 4016 517 per-

717 527 1022 582 cusseritte
1056 527 1108 579 in
1130 527 1412 579 dexteram
1440 528 1736 589 maxillam,
1771 526 1952 595 praebe
1977 525 2029 580 ei
2062 537 2119 580 et
2148 529 2414 593 alteram;
2444 540 2499 582 et
2548 530 2596 583 ei
2645 532 2736 599 qui
2812 534 2927 585 vult
2980 543 3160 588 tecum
3232 540 3567 594 contendere
3641 543 3697 595 in
3764 540 4013 612 judicio.

711 628 765 672 et
828 622 1067 674 tunicam
1124 630 1271 673 tuam
1328 621 1545 683 tollere,
1597 622 1811 690 dimitte
1855 622 1905 674 ei
1960 631 2016 675 et
2072 621 2295 689 pallium
2338 625 2581 678 tuum”.
2617 644 2634 675 ι
2677 625 2743 678 ΕΙ.

716 728 909 774 unum,
949 713 1085 766 vade
1135 730 1258 766 cum
1294 731 1362 768 eo
1390 723 1445 768 et
1482 715 1585 767 alia
1625 714 1733 767 duo
1773 717 1839 768 ⁸³.

718 803 816 857 stis
835 805 900 856 ⁸⁸.
926 824 946 856 ι
988 804 1093 874 Ipsi
1128 805 1299 873 gloria
1332 807 1384 858 in
1420 805 1641 859 swcula.
1679 804 1875 859 Amen.

1287 917 1568 971 IIOMILIA
1606 917 1739 971 LIII.

1078 1020 1154 1083 De
1180 1034 1434 1085 meritoria
1465 1043 1691 1100 acceplrc
1720 1033 1951 1101 injuria'.

792 1143 1060 1197 Absoluto
1120 1155 1401 1214 utcunque
1460 1161 1732 1209 sermone,
1782 1146 1850 1199 de
1897 1161 1964 1198 eo
2007 1145 2153 1213 quod
2200 1161 2299 1214 pro

723 1238 868 1288 malo
914 1236 1229 1305 neutiquam
1282 1237 1692 1306 rependendum
1722 1238 1793 1290 sit
1820 1238 2041 1299 malum,
2073 1237 2139 1289 ad
2172 1254 2299 1290 eum

724 1327 1199 1389 transemndamus,
1242 1328 1335 1396 qui
1390 1337 1475 1381 est
1525 1329 1592 1382 de
1641 1332 1906 1382 memoria
1944 1338 2182 1397 accepta:
2214 1328 2301 1381 Ξιι-

719 1414 899 1483 jurize.
926 1416 1043 1467 Non
1076 1417 1257 1477 modo,
1291 1418 1510 1483 fratres,
1549 1436 1653 1472 non
1682 1420 1947 1472 debemus
1986 1421 2301 1475 meminisse

726 1503 895 1556 ullius
939 1505 1064 1557 mali
1115 1521 1144 1558 a
1197 1508 1610 1561 eontribulibus
1654 1516 1749 1561 aut
1782 1508 2040 1562 aflinitate
2072 1510 2301 1578 propin-

723 1594 852 1661 quis
880 1598 1128 1663 accepti;
1164 1598 1257 1650 sed
1288 1614 1353 1650 ex
1389 1598 1610 1651 diverso
1640 1602 1823 1651 cuncti
1861 1601 2093 1652 veniunt
2141 1600 2303 1653 Chri-

724 1685 900 1738 stiana
930 1687 1339 1753 longanimitate
1384 1690 1678 1752 tolerandi,
1708 1708 1773 1744 ac
1800 1692 1927 1743 mali
1958 1701 2141 1745 nostra
2176 1701 2303 1746 sunt

726 1775 1051 1829 sublevandi
1096 1779 1436 1847 benignitate
1465 1799 1475 1834 :
1504 1797 1603 1834 nec
1629 1792 1928 1851 utcunque,
1956 1799 2148 1837 verum
2174 1802 2303 1854 erga

724 1869 863 1920 tales
909 1881 1110 1923 nostra:
1148 1873 1603 1940 conduplieemus
1642 1884 1965 1943 argumenta
2002 1876 2303 1930 liberalita-

725 1959 818 2022 tis,
850 1970 908 2013 ut
936 1962 1018 2014 vel
1050 1965 1266 2030 piorum
1297 1980 1524 2031 operum
1550 1964 1789 2018 ellicacia
1817 1981 1916 2019 nos
1938 1967 2085 2034 ipsos
2115 1967 2300 2020 deela-

726 2064 911 2102 remns
942 2052 1206 2119 ingenuos
1243 2052 1448 2106 Christi
1482 2070 1603 2107 esse
1648 2055 1952 2123 discipulos
1979 2073 1991 2107 :
2020 2057 2133 2123 ipse
2154 2058 2301 2110 enim

722 2140 981 2195 Christus
1028 2143 1081 2196 in
1131 2146 1305 2197 malos
1353 2155 1521 2214 atque
1587 2147 1811 2200 inutiles
1860 2164 2013 2201 suam
2062 2149 2302 2203 elIundit

2809 644 2820 677 :
2895 627 2996 680 «Si
3045 628 3172 697 quis
3213 634 3583 700 angariaverit
3642 645 3695 689 te
3763 636 4015 689 tnilliare

1881 736 1897 765 ι
1937 717 2003 769 Et
2037 735 2047 767 :
2088 734 2103 765 ι
2135 717 2321 769 Estote
2364 719 2760 773 misericordes
2796 729 2851 773 et
2899 721 3157 790 perfecti,
3195 724 3339 779 sicut
3385 728 3549 783 Pater
3596 740 3788 785 vester
3843 730 4015 783 cu-le-

3004 921 3222 974 ΛυΓΟΣ
3262 923 3385 975 Nl".

2751 1032 2892 1100 Περὶ
2932 1034 3039 1087 τοῦ
3065 1035 3150 1103 μὴ
3175 1038 3602 1104 μνησικακεῖν.

2473 1142 2578 1196 Τὸν
2614 1145 2744 1216 περὶ
2776 1145 2870 1198 τοῦ
2913 1146 2988 1217 μὴ
3018 1149 3415 1203 ἀνταποδοῦναι
3444 1154 3615 1207 κακὸν
3664 1156 3793 1209 ἀντὶ
3827 1158 4009 1210 κακοῦ

2403 1232 2561 1301 λόγον
2589 1235 2935 1301 τελέσαντες,
2981 1240 3329 1310 μετέλθωμεν
3362 1243 3456 1295 καὶ
3495 1246 3573 1306 είς
3604 1245 3695 1297 τὸν
3725 1246 3831 1315 τῆς
3867 1264 4009 1316 μνηο

2407 1325 2689 1389 σικακίας.
2745 1328 2819 1379 υῦ
2860 1329 3026 1397 μόνον
3073 1331 3201 1400 γὰρ,
3259 1332 3501 1402 ἀδελφοὶ,
3554 1336 3655 1389 οὐκ
3705 1339 4011 1407 ὀφείλομεν

2407 1419 2773 1487 μνησικακεῖν
2822 1422 2936 1482 τοῖς
2991 1422 3312 1490 όμογενέσιν
3340 1428 3435 1477 καὶ
3473 1429 3833 1497 ὀμοσάρκοις,
3866 1433 4007 1484 ἀλλά

2403 1510 2743 1573 τούναντίον,
2800 1511 3213 1581 Χριστιανικῶς
3255 1516 3567 1585 φερόμενοι,
3603 1522 3698 1572 καὶ
3739 1524 3873 1582 τοὺς
3908 1541 4007 1575 κα-

2404 1600 2534 1659 κοὺς
2590 1599 3001 1666 ἀγαθύνοντες,
3047 1605 3144 1656 καὶ
3199 1607 3577 1672 ἐφαπλοῦντες
3643 1612 3733 1663 ἐπ’
3795 1614 4007 1675 αὐτοὺς

2405 1688 2606 1758 πολλὴν
2635 1691 2974 1761 ἀγαθότητα,
3007 1695 3103 1748 καὶ
3129 1696 3531 1761 ἐπιδεικνύντες
3558 1701 3648 1753 διὰ
3677 1702 3792 1755 τῶν
3816 1705 4006 1773 ἔργων

2406 1779 2635 1842 ἑαυτοὺς
2670 1781 2966 1849 ἀληθινοὺς
2998 1784 3250 1855 μαθητὰς
3288 1787 3384 1841 τοῦ
3416 1790 3678 1859 Χριστοῦ,
3714 1794 3800 1845 ὅτι
3833 1796 4005 1857 αὐτὸς

2406 1871 2648 1937 χρηστός
2686 1871 2836 1921 ἐστιν
2877 1871 2972 1922 ἐπὶ
3001 1874 3128 1936 τοὺς
3171 1878 3447 1946 πονηροὺς
3495 1880 3590 1930 καὶ
3638 1882 4001 1950 ἀχαρίστους.

2406 1957 2596 2018 Οὕτως
2624 1958 2716 2011 οὖν
2761 1960 2856 2012 καὶ
2885 1963 3046 2031 ἡμεῖς
3082 1963 3395 2034 ὀφείλομεν,
3427 1968 3485 2020 ἐν
3525 1969 3724 2035 ἆπασι,
3761 1974 3910 2026 κατὰ
3943 1974 4005 2024 τὸ

2405 2048 2639 2101 δυνατὸν
2693 2051 2850 2118 ἡμῖν,
2909 2053 3255 2124 μιμήσασθαι
3299 2054 3391 2107 τὸν
3441 2057 3648 2128 Κύριον
3691 2062 3881 2129 ήμῶν.
3938 2063 4003 2114 Et

2407 2137 2591 2191 τοίνυν
2627 2138 3007 2209 ἐπιθυμοῦμεν
3028 2141 3122 2194 τοῦ
3149 2144 3503 2214 μακαρισμοῦ
3531 2147 3722 2213 αὑτοῦ,
3747 2150 3809 2203 οὺ
3838 2150 4004 2219 μόνον

726 2229 1143 2299 benignitatem.
1203 2234 1283 2286 Ad
1340 2250 1466 2287 eum
1523 2238 1747 2289 modum
1797 2238 1884 2306 pia
1947 2240 2300 2295 contentione

2411 2230 2505 2298 τὴν
2535 2231 2660 2282 κατ’
2685 2230 2972 2301 ἐνέργειαν
3015 2231 3187 2302 ὀργὴν
3233 2234 3473 2288 κωλῦσαι
3506 2236 3825 2307 ὀφείλομεν,
3859 2242 4004 2293 ἀλλά

724 2320 927 2373 imitari
967 2322 1258 2377 Dominum
1309 2325 1600 2387 debemus,
1632 2337 1910 2396 quatenus
1942 2330 2134 2383 sinunt
2174 2331 2308 2385 viri~

723 2417 863 2469 cola:
892 2426 1109 2471 nostrm.
1152 2418 1295 2472 Sane
1324 2420 1366 2473 si
1397 2436 1502 2489 qua
1545 2421 1777 2475 incessit
1822 2423 2024 2492 cupido
2057 2425 2313 2478 obtinen-

723 2506 806 2559 dae
837 2507 1134 2576 aliquando
1160 2510 1543 2573 beatitudinis,
1573 2514 1693 2581 ejus
1735 2528 1957 2567 necesse
1981 2514 2052 2567 sit
2086 2514 2219 2567 iram
2252 2524 2313 2569 ut

724 2613 1036 2657 arceamus.
1061 2616 1169 2653 non
1208 2602 1277 2654 ab
1298 2618 1467 2670 opere
1517 2604 1716 2667 solmn,
1754 2605 1848 2657 sed
1882 2621 1987 2657 nec
2014 2605 2067 2658 in
2108 2607 2307 2659 mentis

724 2688 1066 2742 domicilium
1098 2692 1341 2746 sinamus
1370 2694 1624 2748 alicunde
1654 2696 1917 2764 irrepere.
1948 2696 2136 2765 Neque
2165 2698 2310 2751 enim

727 2780 862 2831 tanti
890 2788 975 2833 est
1001 2782 1055 2832 in
1081 2783 1199 2849 ipso
1240 2785 1685 2839 ineandescentis
1718 2788 1809 2840 ira:
1836 2788 2071 2840 articulo
2094 2789 2313 2843 frenare

723 2885 807 2931 os,
836 2886 935 2925 nec
971 2873 1141 2925 ullum
1180 2874 1509 2942 depromere
1535 2878 1766 2930 verbum
1798 2881 2053 2948 concepti
2106 2879 2310 2933 furoris

724 2963 889 3016 index
922 2981 932 3015 :
967 2965 1175 3032 ιιι]
1207 2968 1399 3034 quanti
1443 2978 1525 3021 est
1558 2984 1862 3038 expurgare
1894 2987 1990 3023 cor
2034 2971 2102 3023 ab
2142 2972 2290 3023 omni

724 3065 962 3122 accepta:
1000 3056 1215 3124 injuria:
1271 3058 1543 3111 inamrena
1591 3069 1646 3113 et
1676 3060 1891 3113 insuavi
1934 3062 2222 3125 memoria,
2254 3070 2314 3114 ut

724 3157 794 3195 ne
826 3153 1007 3197 tecum
1049 3148 1318 3200 adversus
1344 3148 1570 3201 fratrem
1614 3150 1897 3218 quidpiam
1939 3151 2191 3220 maligna:
2220 3167 2315 3204 co-

724 3236 1012 3303 gitationis
1061 3238 1228 3292 tacita
1275 3252 1458 3294 mente
1502 3242 1787 3294 obverses.
1820 3242 2107 3310 Siquidem
2140 3258 2311 3296 evan-

724 3326 895 3393 gelica
926 3326 1179 3380 doctrina
1213 3343 1336 3381 cum
1384 3330 1577 3397 primis
1630 3330 1789 3398 jubet
1830 3330 1899 3384 ab
1951 3331 2135 3385 radice
2193 3348 2314 3400 pec-

725 3429 848 3476 cata
896 3421 1167 3472 exscindi.
1202 3421 1300 3475 Ira:
1350 3422 1498 3475 enim
1536 3422 1778 3475 radicem
1820 3439 2047 3491 prorsus
2076 3439 2106 3477 a
2140 3424 2309 3478 corde

726 3511 770 3563 si
817 3510 1115 3572 excideris.
1164 3514 1273 3581 jam
1319 3528 1426 3565 non
1463 3513 1652 3566 odimn
1695 3515 1823 3577 erit,
1860 3530 1968 3568 non
2003 3515 2211 3570 invidia
2239 3516 2309 3571 ad

2411 2322 2507 2373 καὶ¹
2536 2323 2637 2391 τὴν
2669 2323 2810 2374 κατά
2854 2323 3115 2377 διάνοιαν.
3151 2324 3289 2377 Οῦτε
3322 2327 3428 2399 γὰρ
3473 2328 3733 2382 τοσοῦτόν
3760 2332 3915 2383 ἐστιν
3943 2333 4003 2384 τὸ

2414 2415 2639 2482 κρατεῖν
2685 2414 2782 2467 τοῦ
2834 2418 3103 2486 στόματος
3149 2417 3207 2469 ἐν
3232 2416 3411 2487 καιρῷ
3444 2416 3643 2487 θυμοῦ,
3673 2422 3770 2472 καὶ
3805 2423 3879 2491 μὴ
3906 2423 3999 2474 ἐκ-

2415 2508 2607 2575 φέρειν
2652 2508 2873 2577 ῥήματα
2920 2507 3196 2577 μανιώδη·
3239 2509 3364 2561 ὅσον
3406 2509 3466 2561 τδ
3513 2510 3845 2580 καθαρίζειν
3897 2512 4000 2579 τὴν

2415 2598 2640 2665 καρδίαν
2672 2599 2783 2651 ἀπὸ
2810 2598 3203 2668 μνησικακίας,
3227 2601 3319 2652 καὶ
3345 2600 3423 2668 μὴ
3451 2600 3823 2669 ἀναστρέφειν
3850 2604 3909 2654 ὲν
3932 2606 3998 2671 τῇ

2412 2688 2629 2759 διανοίᾳ
2664 2689 2806 2741 κατά
2836 2689 2930 2742 τοῦ
2961 2688 3193 2758 ἀδελφοῦ
3232 2691 3503 2761 πονηροὺς
3534 2692 3859 2762 λογισμούς.
3888 2695 4000 2756 Τὰς

2417 2783 2571 2851 ῥίζας
2612 2780 2722 2849 γὰρ
2763 2780 2873 2833 τῶν
2921 2782 3349 2853 ἁμαρτημάτων
3378 2784 3747 2838 ἐκκόπτεσθαι
3779 2803 3998 2855 παραγ-

2413 2872 2594 2941 γέλλει
2630 2874 2662 2940 ἡ
2698 2873 3029 2942 εῦαγγελικὴ
3069 2873 3409 2928 διδασκαλία.
3448 2876 3561 2942 Τῆς
3589 2876 3749 2945 ῥίζης
3774 2877 3885 2946 γὰρ
3912 2880 3999 2931 ἐκ·

2414 2961 2681 3028 κοπείσης
2715 2960 2810 3012 τοῦ
2840 2960 3014 3031 θυμοῦ
3063 2962 3171 3014 ἀπὸ
3222 2962 3323 3031 τῆς
3358 2964 3604 3032 καρδίας,
3655 2964 3782 3017 οὔτε
3821 2969 3997 3035 μῖσος,

2412 3052 2535 3105 οὔτε
2581 3052 2778 3120 φθόνος
2823 3054 2903 3116 εἰς
2954 3053 3117 3121 ἔργον
3166 3054 3592 3124 προαχθήσεται.
3629 3057 3849 3128 Ὠσπερ
3906 3054 3998 3111 οὖν

2416 3142 2657 3205 σκοτίζει
2696 3140 2849 3211 ἥλιον
2897 3141 3213 3211 ὖποδραμὸν
3260 3143 3441 3211 νέφος,
3484 3144 3659 3207 οὕτως
3698 3144 3829 3198 νοῦν
3856 3146 3997 3212 loyc-

2416 3234 2553 3303 σμὸς
2603 3232 2992 3303 μνησικακίας.
3036 3234 3125 3286 Ἐν
3160 3235 3492 3304 μνησικάκῳ
3520 3236 3631 3305 γαρ
3663 3237 3815 3307 ψυχῇ
3861 3239 3999 3291 ἀλώ-

2414 3342 2583 3386 πεκες
2612 3323 3162 3393 κατασκηνώσουσιν,
3209 3325 3304 3376 καὶ
3335 3326 3394 3377 ἐν
3428 3329 3826 3399 τεταραγμένῃ
3859 3347 3994 3398 καρ-

2412 3416 2501 3484 δίᾳ
2550 3414 2716 3485 θηρία
2774 3414 3174 3483 φωλεύσουσιν.
3210 3416 3322 3469 Kal
3370 3415 3558 3484 ὥσπερ
3596 3418 3741 3488 ἀνὴρ
3799 3421 3997 3490 σεμνὸς

2415 3507 2759 3574 καταγώγιον
2788 3505 3011 3576 αἰσχρὸν
3034 3505 3250 3574 φεύγει,
3284 3506 3459 3571 οὕτως
3491 3510 3584 3562 καὶ
3608 3511 3636 3562 ὁ
3668 3510 3827 3574 Θεὸς,
3861 3528 3995 3579 μνη-

726 3619 867 3670 opus
906 3620 1079 3672 usque
1113 3605 1519 3672 progredietur.
1557 3606 1745 3675 Itaque
1778 3615 1839 3659 ut
1874 3607 2308 3662 radiosissimum

2419 3599 2643 3651 σίκακον
2684 3597 2947 3669 καρδίαν·
2976 3599 3071 3651 καὶ
3117 3598 3177 3650 ὃν
3226 3600 3428 3669 τρόπον
3471 3602 3679 3665 καπνὸς
3724 3607 3995 3674 ταράσσει

727 3695 860 3748 solis
886 3696 1052 3765 jubar
1095 3697 1524 3750 subtercurrens
1565 3698 1860 3752 obumbrat
1896 3706 1953 3753 et
1980 3701 2184 3753 occulit
2214 3718 2317 3754 nu-

728 3789 849 3847 bes.
883 3789 955 3842 ita
984 3800 1037 3841 et
1069 3790 1239 3842 menti
1286 3800 1489 3844 nostra:
1519 3791 1606 3844 vel
1639 3791 1754 3843 sola
1804 3800 2044 3860 accepta;
2099 3790 2316 3863 injuria:

728 3879 988 3947 cogitatio
1053 3878 1278 3932 densam
1340 3881 1603 3948 oppandit
1656 3881 1965 3949 caliginem.
2022 3880 2078 3934 In
2131 3883 2313 3937 anima

728 3971 876 4023 enim
947 3969 1026 4023 sic
1111 3971 1287 4024 tenaci
1372 3973 1699 4040 injuriarum
1784 3972 2063 4027 insidiosa!
2120 3975 2314 4043 vulpes

729 4075 890 4111 suum
926 4060 1029 4113 sibi
1067 4060 1241 4129 figunt
1286 4071 1454 4130 atque
1501 4062 1844 4117 exrediticant
1894 4064 2187 4118 umbratile
2230 4073 2313 4118 ta-

731 4149 1113 4215 bernaculmn,
1164 4151 1332 4217 inque
1416 4153 1687 4221 ejusmodi
1744 4153 1911 4207 corde
1966 4154 2308 4221 turbulento,

730 4250 989 4308 tanquam
1024 4241 1081 4294 in
1115 4242 1331 4309 spelzeis
1367 4244 1759 4298 retrusissimis
1810 4245 2144 4299 delitescunt
2178 4245 2310 4299 fera:

731 4329 1021 4384 immanes.
1054 4332 1123 4386 Ut
1154 4332 1388 4400 quisque
1420 4333 1555 4387 casti
1609 4334 1839 4402 pudoris
1873 4334 2307 4399 amantissinms,

731 4421 1051 4490 longissime
1099 4437 1156 4476 se
1208 4424 1499 4478 submovet
1541 4426 1611 4478 ab
1645 4425 1887 4479 obsceno
1913 4434 1969 4479 et
2004 4425 2192 4479 infami
2222 4425 2307 4479 di-

732 4513 1002 4565 verticulo
1053 4515 1428 4578 meretricum,
1462 4516 1534 4569 ita
1570 4531 1789 4585 quoque
1826 4516 1973 4569 Deus
2018 4530 2112 4568 cor
2146 4530 2310 4568 aver-

733 4614 886 4657 satur
914 4613 969 4657 et
998 4604 1209 4674 defugit
1242 4607 1361 4674 ejus
1388 4608 1478 4674 qui
1508 4606 1667 4660 fixius
1688 4606 1955 4660 memoria
1984 4616 2131 4661 tenet
2169 4606 2311 4660 irro-

734 4707 914 4765 gatam
947 4698 1050 4751 sibi
1083 4699 1361 4768 injuriam.
1385 4700 1863 4765 Quemadmodum
1896 4700 2083 4754 fumus
2117 4701 2309 4754 obtur-

734 4790 829 4843 bat
856 4799 912 4843 et
941 4791 1337 4845 circumfundit
1388 4793 1695 4861 quamlibet
1725 4792 2097 4862 perspicacem
2132 4793 2305 4846 aciem

732 4881 1045 4946 oculorum,
1075 4882 1154 4935 sie
1183 4891 1238 4936 et
1272 4884 1543 4938 orationis
1574 4893 1821 4953 tempore
1862 4885 2125 4939 memoria
2172 4901 2306 4939 con-

2416 3690 2753 3759 ὀφθαλμοὺς,
2784 3688 2958 3753 οὕτως
2991 3690 3334 3759 μνησίκακος
3364 3692 3423 3743 ἐν
3456 3691 3638 3762 καιρῷ
3660 3695 3994 3765 προσευχῆς.

2427 3782 2776 3850 Ἀκούσωμεν
2806 3777 2899 3834 οὖν
2944 3781 2997 3833 τί
3044 3781 3355 3835 ἐντέλλεται
3384 3785 3515 3853 ἡμῖν
3542 3785 3611 3837 δι’
3650 3786 3874 3850 ἐαυτοῦ,
3904 3787 3995 3841 καὶ

2414 3873 2523 3925 τῶν
2554 3871 2759 3924 δούλων
2797 3872 2961 3924 αὑτοῦ
3006 3873 3035 3923 ὁ
3076 3874 3304 3943 Κύριος.
3340 3875 3650 3944 Τοιγαροῦν
3685 3878 3995 3950 διαμαρτὺ-

2414 3983 2565 4037 ρεται
2598 3967 2729 4035 ἡμῖν
2758 3968 2786 4019 ὁ
2822 3967 3111 4035 προφήτης
3149 3966 3449 4037 Ζαχαρίας,
3495 3968 3693 4037 λέγων,
3740 3991 3759 4021 ι
3784 3974 3995 4025 Κακίαν

2412 4057 2641 4121 ἕκαστος
2670 4056 2749 4128 τῷ
2787 4056 3004 4126 ἀδελφῷ
3041 4056 3206 4111 αὑτοῦ
3237 4058 3311 4130 μὴ
3342 4061 3759 4131 μνησικακείτω
3795 4064 3855 4115 ἐν
3881 4066 3996 4125 ταῖς

2413 4148 2659 4218 καρδίαις
2686 4147 2860 4217 ὑμῶν.
2896 4167 2913 4198 ι
2946 4178 3015 4187 —
3037 4167 3055 4199 ι
3084 4149 3358 4212 Ἕκαστος
3381 4152 3481 4220 τὴν
3505 4152 3702 4204 κακίαν
3727 4152 3825 4205 τοῦ
3859 4154 3994 4223 πλη-

2412 4239 2528 4292 σίον
2570 4238 2735 4291 αὐτοῦ
2787 4238 2863 4309 μὴ
2912 4238 3219 4307 λογιζέσθω
3246 4241 3304 4293 ἐν
3333 4244 3457 4303 ταῖς
3482 4242 3736 4311 καρδίαις
3767 4243 3948 4313 ὑμῶν.
3975 4263 3991 4295 ι

2409 4329 2521 4381 Kal
2543 4330 2723 4393 ἄλλος,
2764 4347 2782 4379 ι
2815 4331 2910 4391 Ὃς
2946 4331 3304 4399 μνησικακεῖ,
3335 4331 3711 4401 παράνομος.)
3749 4333 3865 4385 Kal
3891 4335 3994 4388 πά-

2408 4420 2566 4483 λιν,⁴‹
2606 4420 2667 4471 Ὀ
2728 4418 2995 4489 κρύπτων
3037 4418 3263 4489 ἔχθραν,
3320 4420 3639 4489 συνίστησιν
3686 4423 3862 4479 δόλον.
3913 4426 3995 4477 Ἐν

2409 4510 2571 4564 παντὶ
2589 4510 2885 4577 ἀδικήματι
2902 4510 2977 4579 μὴ
3000 4510 3523 4581 μνησικακήσῃςτδν
3548 4512 3800 4583 πλησίον.
3815 4534 3835 4566 ι
3858 4516 3995 4568 Ἀλλ’

2412 4622 2433 4655 ι
2469 4604 2594 4656 Ἐὰν
2634 4604 2798 4673 πεινᾷ
2828 4604 2857 4655 ὁ
2884 4601 3079 4671 ἐχθρός
3142 4617 3260 4664 σου,
3308 4602 3476 4672 τρέφε
3539 4604 3736 4657 αὐτόν·
3772 4605 3872 4658 καὶ
3901 4606 3995 4658 ἐὰν

2406 4694 2556 4763 διψᾷ,
2571 4693 2756 4756 πότιζε
2777 4693 2958 4745 αὐτόν.
2976 4713 2993 4745 ι
3011 4692 3123 4746 Kal
3142 4692 3326 4757 πάλιν,
3357 4712 3375 4746 ι
3391 4695 3562 4763 Ἀφες
3578 4695 3641 4748 τδ
3658 4695 3908 4766 ἀδίκημα
3921 4696 3996 4766 τῷ

2408 4786 2624 4856 πλησίῳ
2646 4802 2762 4839 σου.
2784 4785 2894 4838 Kal
2921 4785 3045 4838 τότε
3087 4786 3372 4856 δεηθέντος
3399 4786 3493 4839 σοῦ
3520 4788 3577 4839 al
3598 4788 3871 4858 ἁμαρτίαι
3906 4806 3995 4841 σου

2409 4877 2797 4945 λυθήσονται.»
2848 4875 2959 4927 Kal
3005 4875 3239 4942 ἐπάγει·
3293 4894 3312 4926 ι
3354 4868 3675 4945 Ἀνθρωπος
3718 4874 3997 4945 ἀνθρώπῳ

734 4973 977 5027 tumelia:
1027 4983 1271 5028 mentem
1333 4990 1429 5029 sua
1490 4976 1817 5045 intemperie
1866 4977 2125 5048 exagitat.
2162 4976 2303 5043 Quid

2415 4942 2670 5037 συντηρεῖ
2719 4965 2911 5036 ὀργὴν,
2945 4966 3040 5019 καὶ
3076 4967 3230 5038 παρά
3257 4967 3394 5020 Θεοῦ
3435 4942 3592 5035 ζητεῖ
3619 4967 3790 5019 ἴασιν.
3822 4942 3995 5027 Ᾰὺτξ

735 5066 921 5133 itaque
1007 5064 1321 5119 faciendum
1382 5066 1543 5121 nobis
1624 5068 1946 5137 praescribat
2021 5069 2306 5132 Dominus,

734 5171 833 5225 per
860 5171 918 5210 se
959 5170 1201 5225 suosque
1242 5174 1455 5224 servos,
1487 5161 1696 5214 intenta
1736 5160 2111 5230 percipiamus
2152 5177 2307 5215 aure.

735 5243 798 5299 In
850 5245 1049 5313 primis
1100 5262 1203 5301 suo
1239 5249 1558 5303 testimonio
1600 5250 1974 5319 prmscriptam
2023 5251 2313 5305 confirmat

737 5338 1074 5392 sententiam
1130 5339 1423 5394 Zacharias
1464 5342 1734 5411 propheta
1787 5360 1799 5394 :
1858 5361 1876 5393 ‹
1906 5342 2189 5408 Malitiam,
2240 5343 2315 5396 in-

740 5427 882 5495 quit,
919 5444 990 5482 ne
1020 5431 1335 5485 meminerit
1384 5432 1761 5501 unusquisque
1809 5434 2080 5488 adversus
2131 5435 2315 5503 proxi-

743 5531 895 5572 mum
943 5536 1105 5574 suum
1162 5522 1217 5575 in
1271 5523 1537 5578 cordibus
1568 5524 1765 5579 vestris
1781 5525 1845 5577 ⁸⁸.
1880 5544 1896 5576 ι
1933 5524 2088 5579 Alius
2117 5524 2309 5579 eodem

846 5714 891 5748 ιι
924 5715 1112 5770 Matth.
1147 5734 1197 5785 ν,
1239 5718 1324 5776 59.
1359 5719 1441 5785 tu,
1476 5721 1558 5776 ιι.
1636 5728 1676 5751 κ·
1713 5721 1843 5777 una.
1888 5723 1961 5777 ιι.

2067 5724 2110 5752 ⁸⁸
2138 5722 2268 5778 Luc.
2306 5738 2374 5777 vi.
2414 5722 2499 5775 δῦ.

2416 5058 2554 5128 σὰρξ
2600 5058 2697 5121 ὢν,
2726 5058 2979 5128 διατηρεῖ
3024 5058 3205 5129 μῆνιν,
3255 5058 3351 5112 καὶ
3398 5058 3480 5121 τίς
3529 5057 3841 5122 ὲξιλάσεται
3895 5059 3994 5122 τάς

2417 5152 2694 5223 ἁμαρτίας
2729 5150 2924 5216 animi};
2953 5169 2972 5203 ι
3022 5152 3132 5205 Kal
3181 5151 3471 5223 ἐπιφέρει·
3533 5151 3871 5221 ιΜνήσθητι
3927 5153 3995 5205 τα

2419 5246 2624 5316 ἔσχατά
2673 5263 2791 5309 σου,
2843 5244 2941 5300 καὶ
2981 5244 3188 5299 παῦσαι
3233 5245 3602 5315 ἐχθραίνων.»
3668 5245 3785 5298 Kal
3816 5241 3993 5308 αὖθις,

2427 5358 2445 5390 ι
2481 5338 2748 5406 ’Δπόσχου
2782 5337 2891 5391 ἀπὸ
2931 5337 3136 5408 μάχης,
3170 5336 3265 5389 καὶ
3294 5335 3623 5398 ἐλαττώσεις
3648 5336 3949 5407 ἁμαρτίας.
3971 5354 3990 5386 ι

2424 5430 2532 5483 Kal
2561 5433 2589 5483 ὁ
2622 5428 3060 5501 Παροιμιαστὴς,
3098 5447 3117 5480 ι
3138 5427 3307 5491 Φόϐος
3333 5426 3561 5497 Κυρίου,
3597 5428 3751 5495 μισεῖ
3775 5427 3993 5489 κακίαν,

2421 5524 2579 5594 ὕϐριν
2610 5541 2670 5577 τε
2718 5523 2813 5577 καὶ
2862 5521 3267 5592 ὑπερηφανίαν,
3326 5519 3421 5574 καὶ
3464 5518 3615 5583 ὀδοὺς
3663 5518 3986 5591 πονηρῶν.»

2577 5725 2621 5751 “
2654 5722 2816 5776 Zaeh.
2860 5737 2973 5785 vin,
3008 5722 3089 5775 l7.
