4178 6436
186 400 319 467 1597

1213 401 1540 460 ΙΙΟΜΙΙᾸΛ
1587 402 1732 461 LIV.
1757 426 1823 437 -
1858 404 1954 462 DE
1996 404 2461 463 INIMICITIIS.

3319 405 3456 470 1598

182 514 296 565 Καὶ
348 512 532 573 πάλιν,
585 532 600 562 ι
632 512 723 580 Μὴ
755 511 936 583 εἴπῃς,
972 513 1069 565 Ὃν
1104 512 1305 579 τρόπον
1354 512 1625 583 ἐχρήσατὸ
1656 530 1771 580 μοι,

1877 515 2140 582 respicit:
2174 536 2189 565 ι
2222 516 2612 585 Unusquisque
2660 516 2925 569 malitiam
2983 516 3215 585 proximi
3272 520 3353 571 rlll
3389 532 3459 571 ne

180 604 466 671 χρήσομαι
488 603 670 672 αὐτῷ·
784 604 1020 673 Τίσομαι
1071 604 1255 668 αὐτὸν,
1288 602 1323 655 ἆ
1356 620 1422 671 με
1449 603 1757 671 ἠδίκησεν.»

183 695 298 746 Καὶ
352 692 528 758 αὖθις,
573 717 591 746 ι
620 696 710 765 Μὴ
740 696 930 765 εἴπῃς,
965 695 1202 764 Τίσομαι
1257 695 1352 746 τὸν
1398 694 1593 765 ἐχθρόν
1627 712 1727 764 μου
1749 712 1762 725 ο

181 787 303 839 ἀλλ’
366 789 660 855 ὑπόμεινον
711 789 801 841 τὸν
844 790 1048 857 Κύριον
1107 789 1193 840 ἵνα
1245 805 1330 839 σοι
1370 787 1636 857 βοηθήσῃ.
1683 789 1770 840 Ἐν

182 879 327 941 ὁδοῖς
361 881 468 949 γὰρ
515 880 861 948 δικαιοσύνης
904 880 1039 949 ζωὴ,
1076 879 1187 931 ὁδοὶ
1216 878 1271 931 δὲ
1308 879 1665 946 μνησικάκων
1692 880 1772 940 εἰς

184 972 441 1025 θάνατον.
466 992 483 1023 ι
521 974 687 1026 Καὶὸ
732 973 1023 1035 Ἰάκωϐοςο
1071 990 1090 1022 ι
1129 971 1481 1038 Ἀποθέμενοι
1527 966 1621 1022 οὖν
1670 972 1772 1023 πᾶ-

187 1081 291 1117 σαν
334 1066 630 1135 ῥυπαρίαν,
672 1068 766 1118 καὶ
824 1065 1148 1135 περισσείαν
1204 1064 1426 1125 κακίας,
1485 1064 1545 1113 ὲν
1604 1061 1773 1132 πραό-

184 1175 316 1226 τητι
359 1156 585 1221 δέξασθε
636 1158 729 1209 τὸν
787 1158 1028 1227 ἔμφυτον
1093 1156 1271 1222 λόγον,
1334 1153 1634 1222 δυνάμενον
1664 1152 1773 1205 σῶο

188 1266 285 1301 σαι
307 1251 408 1311 τὰς
438 1249 615 1317 ψυχὰς
668 1250 842 1319 ὑμῶν.
876 1267 893 1299 ι
938 1249 999 1300 '0
1033 1248 1091 1301 δὲ
1131 1246 1363 1308 Παῦλος,
1403 1264 1420 1296 ι
1449 1246 1538 1314 Μὴ
1587 1243 1775 1297 παιδία

186 1341 413 1407 γίνεσθε
449 1344 570 1404 ταῖς
611 1344 793 1411 φρεσὶ,
827 1340 959 1393 ἀλλὰ
987 1344 1052 1410 τῇ
1087 1339 1254 1408 κακίᾳ
1277 1337 1594 1405 νηπιάζετε.
1623 1355 1640 1386 ι
1667 1336 1774 1388 ψύ-

186 1449 385 1501 γωμεν
418 1429 531 1497 οὖν,
563 1433 803 1500 ἀδελφοὶ,
827 1433 889 1485 τὸ
913 1431 1158 1500 ὀλέθριον
1185 1431 1357 1493 πάθος
1376 1432 1475 1497 τῆς
1507 1445 1774 1499 μνησικα-

187 1525 341 1586 κίας.
375 1525 462 1576 ἶνα
515 1524 588 1594 μὴ
644 1524 1065 1594 ἁπαλλοτριώσῃ
1112 1524 1258 1592 ἡμᾶς
1311 1522 1411 1587 τῆς
1460 1522 1597 1588 πρὸς
1644 1521 1776 1572 Θεὸν

188 1613 549 1682 παρρησίαςο
596 1614 658 1665 οὐ
701 1614 808 1681 γὰρ
864 1613 1127 1682 τολμήσει
1171 1630 1275 1676 τις,
1308 1629 1479 1664 νοσων
1519 1612 1681 1663 τοῦτο
1715 1610 1777 1663 τὸ

185 1704 413 1773 νόσημα
463 1706 561 1773 τῆς
620 1706 1014 1774 μνησικακίας,
1046 1705 1393 1773 παραστῆναι
1438 1703 1517 1773 τῷ
1556 1703 1674 1772 Θεῷ
1720 1705 1777 1755 ὲν

187 1798 413 1865 καθαρᾷ
461 1800 763 1866 προσευχῇ.
821 1796 1109 1849 κωλύεται
1151 1796 1260 1865 γὰρ
1309 1796 1400 1848 ὑπ’
1458 1794 1623 1847 αὑτοῦ
1677 1793 1773 1847 τοῦ

1872 604 2126 672 cogitetis
2153 607 2206 658 in
2238 604 2499 658 cordibus
2521 607 2716 659 vestris
2737 608 2803 658 ⁸⁷.
2838 626 2854 656 ι
2887 605 3100 657 llnrsus
3127 624 3141 658 :
3165 626 3182 655 ι
3209 606 3312 670 Qui
3338 622 3451 661 me-

1872 695 2030 748 minit
2053 696 2288 765 injurire,
2315 696 2538 764 iniquus
2558 696 3049 762 “.ilterunIuQui
3079 697 3321 748 occultat
3348 697 3457 749 ini—

1873 788 2156 850 micitiam,
2209 789 2501 843 concinnat
2549 790 2736 843 dolum
2755 789 2830 851 ⁸⁹;
2870 791 2926 843 ln
2978 788 3128 843 omni
3168 789 3457 857 iniustitia.

1872 895 1943 933 ne
1961 880 2036 932 sis
2063 897 2274 934 memor
2297 881 2756 950 injurimproximi
2777 883 2858 946 ⁹⁰;
2892 902 2908 928 ι
2934 881 3027 933 sed
3051 899 3094 934 ει
3123 882 3178 934 Si
3200 881 3403 934 esuriel
3421 882 3463 933 it

1872 972 2042 1024 frater
2068 981 2216 1031 tuus.
2238 974 2359 1026 ciba
2390 974 2541 1026 ἰΙΙιιιιι
2560 992 2574 1037 ;
2596 975 2640 1028 si
2669 974 2807 1034 sitit,
2840 982 3028 1042 potum
3060 974 3129 1027 da
3147 975 3278 1027 ei".
3305 993 3323 1023 ›
3350 974 3417 1027 Et
3444 993 3457 1027 :

1882 1083 1899 1113 ι
1923 1064 2143 1118 Dimitte
2176 1066 2435 1136 injuriam
2476 1068 2748 1135 proximo,
2775 1078 2827 1122 et
2861 1082 2994 1121 tunc
3020 1067 3350 1135 deprecante
3384 1074 3459 1127 te,

1874 1163 2100 1221 peccata
2134 1164 2225 1208 tua
2254 1158 2625 1212 solventur".
2656 1178 2674 1208 ι
2716 1159 2931 1211 lnducit
2956 1177 2970 1212 :
3004 1177 3021 1209 ι
3047 1158 3223 1211 Ιιοηιο
3252 1157 3461 1210 homini

1876 1254 2165 1299 conservat
2191 1246 2353 1319 iram,
2373 1258 2429 1301 ct
2449 1265 2475 1301 a
2502 1249 2612 1302 Deo
2624 1250 2823 1317 quaerit
2848 1249 3115 1302 medelam
3133 1248 3314 1300 ?Talis
3335 1261 3464 1300 caro

1876 1349 1999 1387 cum
2050 1336 2142 1395 sit,
2180 1347 2423 1390 reservat
2451 1339 2624 1402 iram;
2655 1349 2711 1392 et
2736 1340 2863 1407 quis
2886 1337 3209 1407 propitiabit
3238 1346 3464 1405 peccata

1879 1427 2127 1481 illius”?
2156 1446 2173 1477 ι
2208 1427 2376 1482 Infert
2401 1445 2414 1480 :
2448 1448 2465 1480 ι
2492 1429 2768 1483 Memento
2798 1430 3254 1491 novissimorum,
3282 1437 3338 1481 et
3367 1427 3465 1481 de-

1876 1520 1997 1572 sine
2025 1518 2322 1580 inimicari.
2348 1521 2564 1575 abstine
2590 1536 2618 1574 a
2643 1522 2759 1585 lite,
2786 1531 2837 1575 et
2865 1524 3084 1575 minues
3118 1529 3339 1587 pccrata
3358 1518 3457 1569 ⁸⁵⁸.»

1878 1612 2258 1664 Parmmiastes
2287 1630 2300 1664 :
2331 1632 2348 1661 ι
2368 1612 2557 1664 Timor
2575 1612 2789 1665 Domini
2813 1612 2933 1664 odit
2958 1611 3244 1669 malitiam,
3263 1616 3462 1662 contu-

1880 1702 2118 1763 meliam,
2165 1704 2501 1771 superbiam,
2524 1711 2579 1757 et
2599 1705 2719 1757 vias
2742 1719 3039 1774 pravorum
3056 1704 3124 1755 ".
3148 1721 3165 1752 ι
3204 1700 3415 1753 Rursus
3445 1715 3462 1751 :

1889 1795 1994 1847 «Ne.
2012 1792 2217 1847 dixeris
2239 1810 2252 1846 :
2275 1792 2562 1858 Quomodo
2578 1795 2706 1849 fecit
2728 1796 2881 1851 mihi.
2906 1796 3101 1849 faciam
3121 1794 3171 1847 ei
3191 1809 3313 1862 quze
3328 1792 3464 1845 mihi

186 1885 429 1954 Κυρίου,
464 1885 735 1951 λέγοντος,
791 1904 808 1935 ι
847 1884 975 1938 Ἐὰν
1020 1886 1339 1953 προσφέρῃς
1375 1885 1437 1937 τὸ
1462 1884 1634 1952 δῶρόν
1671 1901 1766 1935 σου

1876 1884 2004 1937 fecit
2057 1885 2344 1953 injuste".
2386 1905 2404 1937 ι
2438 1886 2541 1939 Et:
2584 1906 2600 1937 ι
2634 1887 2711 1941 Nc
2755 1887 2964 1940 dixeris
3009 1881 3351 1939 :Vindicabo
3377 1898 3465 1936 me

184 1978 285 2029 ἐπὶ
352 1978 415 2030 τὸ
471 1976 883 2045 θυσιαστήριον,
932 1976 1091 2028 κάκεῖ
1140 1974 1401 2044 μνησθεὶς
1459 1975 1541 2026 ὃτι
1594 1974 1706 2042 ἔχει
1746 1977 1773 2026 ὁ

185 2067 424 2134 ἁδελφός
457 2067 550 2119 σού
585 2084 638 2119 τι
680 2067 823 2120 κατὰ
856 2065 975 2129 σοῦ,
1006 2067 1143 2135 ἄφες
1195 2068 1313 2118 ἐκεῖ
1344 2065 1406 2118 τὸ
1453 2066 1627 2136 δῶρόν
1682 2082 1775 2118 σου

187 2158 512 2227 ἔμπροσθεν
557 2157 653 2210 τοῦ
704 2157 1116 2227 θυσιαστηρίου,
1150 2156 1245 2208 καὶ
1301 2157 1499 2224 ὓπαγε,
1562 2157 1777 2224 πρῶτον

184 2249 519 2318 διαλλάγηθι
568 2249 646 2319 τῷ
690 2249 906 2318 ἀδελφῷ
937 2265 1056 2313 σου,
1104 2248 1201 2300 καὶ
1230 2249 1355 2301 τότε
1394 2248 1566 2301 ἐλθὼν
1609 2249 1778 2317 πρόσ-

186 2357 327 2409 φερε
363 2341 425 2394 τὸ
449 2341 626 2411 δῶρόν
653 2357 764 2393 σου.
799 2358 817 2390 ι
849 2339 1010 2409 Δύτῷ
1038 2341 1070 2409 ἡ
1094 2339 1221 2403 δόξα
1263 2342 1344 2403 είς
1384 2340 1512 2403 τοὺς
1550 2340 1774 2402 αἰῶνας.

197 2433 406 2501 Ἀμήν.

1878 1976 1947 2030 (Ιο
1978 1976 2205 2031 inimico
2264 1994 2425 2043 meo;
2464 1979 2559 2033 sed
2617 1980 2829 2034 sustine
2885 1979 3201 2040 Dominum,
3240 1985 3302 2029 ut
3364 1975 3465 2029 tibi

1879 2067 2175 2121 auxilietur
2193 2070 2237 2101 9’
2265 2086 2278 2121 :
2310 2069 2364 2122 in
2398 2070 2501 2123 viis
2523 2072 2671 2124 enim
2694 2060 2946 2140 juslitim,
2973 2070 3115 2134 vita;
3147 2069 3247 2121 vim
3277 2074 3465 2121 autem

1881 2161 2359 2213 reminisccnlium
2401 2142 2739 2231 injuria:,'ad
2770 2172 3004 2215 mortem
3026 2162 3094 2213 ’⁸.
3127 2180 3145 2211 ›
3177 2160 3417 2214 Jacobus
3447 2175 3465 2210 :

1888 2270 1905 2301 ι
1938 2253 2288 2320 Deponentcs
2318 2252 2488 2321 igitur
2522 2270 2740 2308 omnem
2765 2252 3170 2307 immunditiam
3194 2258 3249 2303 et
3273 2250 3466 2302 abun-

1880 2342 2393 2409 dantiammalitim,
2438 2347 2490 2398 in
2547 2345 2970 2399 mansuetudine
3024 2342 3293 2410 suscipite
3324 2341 3459 2393 insi-

1884 2441 1999 2487 tum
2018 2434 2245 2488 verbum
2269 2436 2414 2504 quod
2440 2445 2625 2505 potest
2648 2438 2862 2491 salvare
2888 2436 3103 2489 animas
3118 2440 3332 2487 vestras
3353 2433 3454 2485 ".i

187 2525 401 2577 Paulus
454 2523 586 2578 item
626 2540 638 2576 :
683 2543 699 2575 ι
731 2523 909 2577 Nolite
958 2524 1115 2592 pueri
1170 2522 1310 2577 ellici
1357 2524 1635 2587 sensibus,
1676 2523 1770 2577 sed
1813 2524 2128 2581 innocentia
2152 2530 2367 2596 parvuli
2393 2531 2630 2583 cstote'.
2662 2548 2680 2580 ι
2716 2528 2842 2583 llaec
2904 2529 3089 2597 itaque
3150 2526 3462 2595 perniciosa

188 2618 561 2687 perturbatio,
600 2620 877 2672 memoria:
930 2634 1127 2686 nempe
1172 2618 1489 2673 retentricis
1540 2619 1889 2688 injuriarum,
1925 2620 2108 2684 nobis,
2183 2622 2402 2687 fratres,
2476 2638 2809 2693 magnopere
2874 2623 3099 2678 vitanda
3162 2630 3266 2683 est,
3294 2631 3355 2675 ut
3391 2638 3463 2676 nc

190 2727 302 2765 nos
330 2727 360 2764 a
391 2711 591 2764 ﬁducia
617 2710 893 2765 abalienet
921 2726 1085 2779 quam
1123 2726 1247 2778 erga
1280 2710 1453 2763 Deum
1486 2709 1774 2764 habemus.
1812 2712 2003 2781 Neque
2040 2713 2190 2767 enim
2245 2715 2341 2784 qui
2384 2716 2489 2769 hoc
2533 2722 2764 2785 mgrotet
2824 2730 3026 2785 genere
3073 2714 3276 2778 morbi,
3352 2714 3465 2768 Deo

190 2818 253 2857 se
292 2802 441 2856 ausit
467 2811 802 2871 prtescntare
835 2818 960 2856 cum
1006 2804 1323 2858 sinceritate
1364 2803 1654 2866 orationis,
1716 2818 1819 2857 nec
1854 2807 2002 2859 enim
2062 2815 2262 2875 potest.
2303 2809 2514 2877 1112
2590 2809 2879 2862 Dominieo
2928 2810 3136 2863 ctenim
3194 2810 3286 2862 illo
3331 2823 3466 2876 prae-

191 2901 361 2962 cepto
410 2900 700 2946 revocatur
756 2904 813 2947 et
864 2904 1131 2949 arcetur:
1174 2913 1191 2945 ι
1227 2893 1284 2948 Si
1339 2894 1506 2948 offers
1570 2911 1770 2949 munus
1810 2904 1963 2950 tuum
2008 2907 2137 2952 ante
2186 2900 2380 2963 altare,
2449 2908 2506 2953 et
2564 2900 2637 2953 ibi
2701 2900 3027 2954 recordatus
3072 2900 3266 2962 fueris,
3333 2900 3463 2968 quia

191 2982 369 3037 habet
405 2983 613 3052 aliquid
647 2983 818 3038 frater
861 2993 990 3039 tuus
1026 2985 1316 3040 adversum
1364 2995 1439 3049 te,
1508 2988 1757 3056 relinque
1825 2990 1900 3042 ibi
1968 3005 2172 3045 munus
2211 3001 2367 3045 tuum
2404 3002 2530 3047 ante
2572 2993 2767 3058 altare,
2798 3000 2855 3047 et
2897 2994 3034 3047 vade
3083 2994 3241 3062 prius
3273 3003 3333 3047 ut
3373 3008 3465 3045 re-

190 3073 510 3129 concilieris
552 3074 710 3130 fratri
761 3085 876 3140 tuo,
919 3086 972 3131 et
1029 3087 1163 3132 tunc
1203 3079 1299 3132 ubi
1350 3079 1605 3146 redieris,
1641 3080 1781 3134 oll‘cr
1810 3098 2011 3137 munus
2038 3092 2192 3137 tuum
2214 3087 2255 3138 ¹.
2281 3103 2298 3136 ι
2333 3084 2440 3155 Ipsi
2479 3085 2649 3154 gloria
2682 3084 2735 3138 in
2766 3086 2988 3139 sa:cula.
3018 3085 3216 3139 Amen.

794 3191 1013 3243 ΛΟΓΟΣ
1052 3191 1174 3245 ΝΔ’.

582 3305 720 3371 Περὶ
761 3303 870 3356 τοῦ
904 3303 992 3372 μὴ
1042 3305 1402 3372 ἐχθραίνειν.

264 3415 343 3468 Τὸ
377 3414 686 3485 ἐχθραίνειν
736 3415 1049 3487 ἀνθρώποις
1089 3416 1383 3485 ὁμοφύλοις
1438 3418 1533 3470 καὶ
1575 3419 1776 3488 ὁμοπί-

194 3525 368 3571 στοις,
420 3507 681 3577 ἀθέμιτον
727 3508 823 3559 καὶ
875 3509 1218 3577 ἀνάρμοστον
1255 3511 1372 3572 τοῖς
1419 3509 1779 3579 φοϐουμένοις

188 3600 285 3653 τὸν
324 3598 489 3664 Θεὸν,
535 3599 631 3651 καὶ
669 3598 1169 3669 ἐπαγγελλομένοις
1194 3599 1532 3655 θεοσέϐειαν.
1580 3601 1640 3654 '0
1667 3602 1777 3671 γὰρ

189 3691 329 3755 Θεὸς
388 3690 590 3760 ἔχθραν
629 3692 730 3744 οὐκ
775 3692 1174 3761 ἐνομοθέτησεν
1224 3692 1558 3762 ἀνθρώποις,
1617 3694 1665 3744 εί
1700 3691 1776 3762 μὴ

193 3782 366 3851 μόνον
410 3781 549 3850 πρὸς
572 3782 667 3834 τὸν
705 3782 852 3850 ὅφιν,
879 3782 1054 3851 ἧγουν
1100 3782 1238 3852 πρὸς
1285 3783 1375 3834 τὸν
1412 3783 1481 3834 δι’
1513 3782 1679 3835 αὑτοῦ
1718 3783 1777 3849 ἐξ

188 3874 375 3945 ἀρχῆς
418 3873 800 3942 ἀπατήσαντα,
835 3873 933 3925 καὶ
960 3873 1298 3939 ἐξαγαγόντα
1341 3874 1406 3926 ὲκ
1446 3873 1776 3942 παραδείσου

189 3966 285 4019 τὸν
340 3966 654 4035 ἄνθρωπον,
710 3965 1163 4035 ἀνθρωποκτόνον
1218 3966 1488 4019 διάϐολον,
1540 3966 1779 4036 Ὁμοίως

189 4056 250 4108 δὲ
280 4055 381 4109 καὶ
409 4054 720 4125 ὲχθραὶνειν
764 4054 1223 4125 προσετάχθημεν
1250 4057 1363 4118 τοῖς
1397 4056 1775 4124 Μαδιηναίοις,

190 4147 505 4211 τουτέστιν,
543 4149 657 4209 τοῖς
684 4146 1017 4216 ἀκαθάρτοις
1060 4145 1369 4215 πνεύμασιν
1396 4146 1496 4214 τῆς
1522 4146 1780 4216 πορνείας

192 4235 290 4289 καὶ
335 4234 653 4303 ἀσελγείας,
698 4236 813 4297 τοῖς
850 4233 1169 4305 σπείρουσιν
1212 4234 1342 4297 τοὺς
1386 4235 1657 4304 πονηροὺς
1685 4234 1780 4287 καὶ⁸

193 4329 466 4397 βεϐήλους
502 4328 797 4397 λογισμοὺς
847 4329 927 4390 είς
978 4328 1083 4397 τὴν
1127 4326 1378 4395 καρδίαν.
1416 4327 1657 4391 Τούτους
1707 4327 1774 4397 δὴ

192 4421 349 4492 πάσῃ
400 4421 628 4490 δυνάμει
677 4419 984 4490 ὲχθραίνειν
1028 4419 1126 4473 καὶ
1171 4420 1638 4491 ἀποστρέφεσθαι,
1689 4422 1777 4475 ἵνα

2457 3194 2743 3249 HOMILIA
2787 3194 2917 3248 LIV.

1982 3307 2298 3362 Inimicitias
2324 3308 2379 3360 in
2416 3307 2622 3361 nullum
2650 3324 2866 3377 prorsus
2891 3308 3123 3361 exerceri
3152 3307 3355 3362 debere.

1945 3420 2163 3475 lnfense
2195 3430 2359 3490 atque
2396 3420 2697 3475 inimiciter
2730 3419 2989 3489 persequi
3016 3434 3186 3472 unum
3221 3419 3465 3487 aliquem

1876 3513 1969 3582 qui
1996 3513 2092 3566 tibi
2117 3514 2189 3566 sit
2232 3514 2584 3578 contribulis,
2615 3522 2712 3567 aut
2748 3513 2877 3567 fidei
2909 3528 3170 3582 germana
3218 3528 3469 3566 commu-

1876 3604 2041 3659 nione
2058 3603 2381 3670 fmderetur,
2410 3605 2683 3659 nefarium
2699 3620 2951 3674 prorsus,
2981 3620 3084 3660 nec
3105 3605 3205 3658 ulli
3228 3620 3467 3659 consen-

1878 3704 2100 3749 taneum
2148 3696 2243 3765 qui
2293 3696 2467 3751 Deum
2542 3704 2822 3759 vereatur,
2887 3711 3058 3765 seque
3082 3712 3150 3750 ex
3212 3696 3467 3765 professo

1877 3788 2053 3842 cultui
2083 3788 2271 3842 divino
2310 3788 2659 3858 manciparit.
2692 3789 2883 3856 Neque
2910 3790 3061 3842 enim
3092 3789 3239 3842 Deus
3277 3788 3464 3843 inimi—

1876 3878 2039 3931 citias
2060 3877 2159 3930 ulli
2209 3878 2498 3931 hominum
2547 3881 2890 3932 exercendas
2929 3893 3027 3931 sua
3075 3878 3260 3931 sanxit
3321 3880 3464 3946 lege,

1876 3974 2243 4038 praeterquam
2289 3967 2559 4029 adversus
2593 3968 2749 4021 illum
2799 3967 3133 4021 homicidam
3182 3968 3465 4021 diabolum

1876 4060 1972 4128 qui
2002 4059 2121 4126 ipso
2154 4058 2338 4112 statim
2379 4058 2541 4111 initio
2583 4059 2738 4112 orbis
2767 4060 2977 4113 conditi
3017 4060 3299 4112 hominem
3331 4060 3465 4113 illici

1878 4151 2153 4204 lenocinio
2182 4152 2486 4203 incscatum
2513 4149 2759 4218 decepit,
2788 4159 2955 4219 atque
2978 4151 3120 4203 adeo
3145 4150 3465 4218 deceptmn,

1877 4242 2193 4293 amoenitate
2215 4241 2399 4308 exegit
2450 4242 2716 4309 paradisi.
2773 4240 2929 4296 [laud
2994 4258 3159 4298 secus
3197 4242 3467 4311 jubcmur

1876 4331 2200 4385 Madianitas
2249 4331 2526 4385 exsecrari
2561 4341 2619 4385 et
2644 4332 2853 4395 odisse,
2907 4333 3171 4386 nimirum
3219 4335 3467 4402 impuros

1879 4421 2002 4475 illos
2023 4421 2251 4490 spiritus
2273 4421 2662 4476 fornicationis
2686 4431 2853 4491 atque
2880 4423 3189 4478 omnifarim
3212 4424 3467 4478 libidinis

194 4509 271 4580 μὴ
308 4508 538 4579 ἐχθροὺς
569 4509 715 4579 ἡμᾶς
743 4510 1043 4577 ποιήσωσιν
1076 4506 1169 4561 τοῦ
1204 4508 1341 4562 Θεοῦ
1383 4511 1449 4562 ὲκ
1500 4511 1600 4579 τῆς
1635 4511 1773 4580 πρὸς

1876 4513 2227 4578 incentores,
2270 4512 2368 4582 qui
2425 4513 2712 4582 improbas
2744 4515 3114 4584 cogitationes
3173 4524 3230 4569 et
3269 4516 3464 4569 nimis-

192 4602 397 4662 αὐτοὺς
430 4598 653 4667 φιλικῆς
698 4599 938 4667 ὁμιλίας,
971 4603 1112 4653 κατά
1155 4602 1217 4654 τὸ
1259 4601 1569 4672 εἰρημένον,
1605 4601 1777 4672 ιΟύχὶ

190 4689 326 4751 τοὺς
380 4686 675 4755 μισοῦντάς
724 4704 808 4750 σε,
864 4688 1056 4759 Κύριε,
1096 4691 1356 4760 ἐμίσησα,
1392 4690 1489 4744 καὶ
1538 4690 1632 4743 ἐπὶ
1661 4693 1777 4753 τοῖς

192 4780 415 4851 ἐχθροῖς
451 4795 543 4831 σου
574 4778 945 4849 ὲξετηκόμηνς
978 4780 1184 4835 τέλειον
1220 4783 1375 4850 μῖσος
1422 4782 1648 4851 ἑμίσουν
1676 4782 1776 4835 αὐ-

190 4874 345 4934 τοὺς,
384 4871 463 4933 είς
494 4870 721 4941 ἐχθροὺς
752 4871 1005 4938 ἐγένοντό
1040 4889 1151 4942 μοι.
1184 4891 1203 4924 ι
1233 4872 1378 4939 Πρὸς
1407 4872 1463 4926 δὲ
1486 4873 1775 4944 ἄνθρωπον

191 4963 254 5014 οὐ
293 4962 404 5029 χρὴ
438 4960 639 5030 ἔχθραν
670 4960 850 5030 ἔχειν·
888 4962 1128 5031 μάλιστα
1163 4964 1295 5033 περὶ
1342 4964 1548 5034 ζημίας
1584 4980 1772 5034 σωμα-

192 5052 381 5121 τικῆς,
436 5053 469 5120 ἢ
503 5052 859 5116 καταλαλιάς,
904 5052 937 5123 ἢ
990 5054 1221 5123 ὕϐρεως,
1267 5056 1300 5126 ἢ
1355 5057 1456 5108 ὅσα
1504 5056 1583 5126 τῷ
1615 5055 1771 5109 αίῶνι

191 5143 373 5213 τούτῳ
399 5144 651 5214 ἁρμόζει.
682 5144 756 5196 Οὐ
786 5146 893 5215 χρὴ
924 5146 992 5198 δι’
1020 5146 1159 5199 αύτά
1185 5147 1441 5217 ἀπεχθῶς
1469 5148 1773 5202 διακειοθαι

194 5236 334 5305 πρὸς
376 5234 468 5287 τὸν
509 5234 817 5305 ὁμόφυλον,
853 5236 992 5289 ἀλλά
1037 5238 1239 5307 μᾶλλον
1292 5239 1659 5309 εὐχαριστεῖν,
1691 5240 1775 5292 ὅτι

194 5324 453 5395 πρόξενοι
505 5328 635 5395 ἡμῖν
686 5326 927 5393 γίνονται
979 5328 1278 5398 σωτηρίας.
1319 5328 1383 5382 'H
1440 5332 1550 5401 γὰρ
1580 5331 1772 5397 κακία,

193 5421 295 5485 τῆς
326 5419 427 5485 μὲν
460 5419 540 5479 εἰς
586 5418 720 5470 Θεὸν
771 5420 1070 5488 συναφείας
1124 5421 1456 5490 ἀπέστησεν,
1512 5424 1608 5475 καὶ
1649 5424 1775 5485 τοὺς

195 5506 523 5576 ἀνθρώπους
577 5508 826 5578 ἀλλήλων
877 5510 1181 5580 διέστησεν.
1248 5512 1465 5583 Ταύτην
1521 5508 1614 5566 οὖν
1670 5513 1777 5584 πρὸ

264 5646 513 5718 {'AEccli.
542 5663 653 5714 XIX,
682 5648 769 5702 10.
844 5650 1076 5705 ⁸⁸1⁵300ιί.
1098 5669 1152 5717 x,
1178 5653 1231 5707 6.
1306 5653 1349 5684 "
1374 5654 1518 5708 Psal.
1548 5670 1687 5715 xux,
1707 5656 1773 5709 19

1876 5657 1916 5689 ’θ
1936 5657 2106 5711 Eceli.
2139 5674 2193 5718 κ,
2219 5656 2271 5710 θ.
2348 5658 2387 5687 ⁹¹
2419 5656 2575 5709 Prov.
2610 5656 2842 5718 xxv,‘2l.

196 5716 242 5745 "
270 5716 408 5769 ibid.
447 5718 503 5779 5,
537 5721 591 5773 4.

196 5788 241 5818 ⁹⁹
266 5786 381 5842 Jac.
428 5805 463 5857 ι,
490 5789 578 5842 2i.

690 5718 736 5750 "
760 5720 900 5773 ibid.
940 5722 994 5783 8,
1030 5722 1115 5776 10,
1211 5725 1258 5754 ’³⁵
1295 5724 1453 5776 Prov.
1485 5742 1594 5781 vlu.
1631 5726 1715 5777 13.

661 5790 672 5819 ’
709 5789 725 5843 I
761 5790 883 5845 Cor.
916 5807 1027 5857 xiv,
1058 5792 1147 5845 ‘20.
1224 5795 1241 5823 ³
1274 5794 1462 5847 Matth.
1500 5810 1574 5857 Ill,
1603 5796 1692 5859 “33,
1726 5797 1814 5850 Ἠ.

1882 4618 2043 4672 quam
2107 4603 2379 4659 obscenas
2430 4604 2587 4673 quasi
2637 4606 2853 4658 semina
2901 4606 3166 4660 cordibus
3228 4608 3465 4661 inseruit

1881 4697 2107 4751 nostris.
2136 4696 2249 4751 llos
2281 4713 2382 4765 pro
2423 4697 2567 4750 virili
2600 4698 2859 4765 portione
2890 4706 2951 4751 ut
2982 4697 3191 4762 oderis,
3235 4714 3463 4752 necesse

1879 4787 1973 4851 sit,
2002 4802 2209 4857 eosque
2236 4788 2483 4842 declines
2512 4804 2681 4856 quam
2735 4788 3013 4851 ocissime,
3042 4788 3337 4858 nequando
3359 4803 3463 4842 nos

1880 4877 2117 4931 reddant
2151 4878 2356 4933 invisos
2390 4880 2500 4932 Deo
2528 4895 2627 4948 per
2665 4879 2940 4947 impuram
2975 4895 3102 4932 cum
3143 4878 3279 4947 ipsis
3315 4894 3455 4932 con-

1878 4968 2238 5023 flictationem
2262 4980 2317 5023 et
2353 4971 2677 5032 amicitiam,
2709 4972 2863 5039 juxta
2901 4971 3233 5023 sententiam
3273 4971 3455 5023 illam:

1886 5079 1903 5111 ι
1930 5061 2125 5116 Nonne
2156 5062 2252 5131 qui
2282 5062 2524 5117 oderunt
2563 5072 2634 5126 te,
2664 5063 2915 5124 Domine,
2946 5062 3193 5126 oderam,
3219 5069 3274 5116 et
3292 5077 3460 5130 super

1879 5151 2133 5207 inimicos
2166 5161 2290 5207 tuos
2343 5154 2693 5208 tabescebam
2719 5154 2742 5206 ?
2766 5154 3019 5208 Perfecto
3062 5153 3193 5205 odio
3231 5153 3458 5206 oderam

1872 5243 2020 5307 illos,
2057 5244 2267 5299 inimici
2310 5245 2438 5299 facti
2476 5253 2605 5299 sunt
2645 5246 2778 5297 mihi
2821 5246 2841 5275 ³
2867 5282 2880 5295 .
2920 5264 2936 5295 ι
2966 5245 3245 5298 Adversus
3275 5252 3460 5297 autem

1875 5335 2046 5388 alium
2084 5337 2360 5402 quemvis,
2407 5338 2589 5390 locum
2642 5337 2857 5388 nullum
2919 5336 3089 5388 habet
3143 5334 3458 5391 inimicitia.

1877 5424 2185 5494 prmsertim
2226 5427 2272 5481 si
2305 5427 2373 5480 de
2413 5428 2613 5480 damno
2650 5428 2833 5496 agitur
2864 5428 3161 5495 corporali,
3184 5427 3252 5479 de
3275 5427 3459 5480 detra-

1878 5516 2087 5580 ctione,
2126 5518 2214 5571 vel
2280 5518 2643 5581 contumelia,
2684 5526 2781 5571 aut
2823 5533 3169 5587 qumcunque
3238 5516 3459 5569 tandem

2920 5657 2965 5687 ”
2992 5655 3161 5709 Eccli.
3198 5668 3380 5706 χχι-ιιι.
3401 5650 3455 5703 2.

1820 5728 1865 5758 ³⁸⁸
1892 5728 2050 5779 Prov.
2087 5745 2229 5788 mv,
2264 5727 2353 5779 ἐξ).
2430 5728 2472 5756 ’⁷
2504 5728 2665 5779 Prov.
2700 5725 2889 5793 κλμ-32.
2968 5727 3011 5758 θ’
3034 5726 3195 5781 Prov.
3232 5739 3324 5787 xu,
3364 5720 3455 5774 28.

1896 5798 1913 5823 ³
1938 5798 2076 5853 l'sal.
2116 5813 2367 5863 cum”,
2394 5796 2484 5861 ‘2],
2509 5799 2597 5850 ἐξ.
