4178 6436
727 373 869 440 1599

2005 374 2366 435 ANTIOCHI
2407 377 2747 438 MUNACIII

3870 377 4010 441 1600

715 495 846 540 sunt
874 482 1180 538 eonformia
1216 484 1303 538 isti
1341 485 1545 537 saeculo
1582 494 1641 539 et
1672 496 2065 539 consentanea.
2110 485 2299 553 Neque

2413 487 2624 537 πάντων
2654 487 2736 538 δεῖ
2757 483 3001 552 φεύγειν,
3037 484 3130 536 καὶ
3151 483 3365 537 διώκειν
3390 484 3489 552 τὴν
3512 485 3737 555 ἀρετὴν,
3760 486 3863 538 καὶ
3890 487 4010 553 θεῴ

713 578 862 630 enim
916 576 1188 630 adversus
1247 585 1400 629 tuum
1456 577 1715 646 gentilem
1767 577 1883 630 sive
1932 577 2304 631 contribulem

714 669 887 723 debes
911 668 1167 724 hostilem
1190 664 1447 722 affectum
1467 670 1697 723 induere
1717 669 1787 722 ob
1808 669 1923 722 hare
1948 671 2304 737 temporaria,

716 762 901 829 potius
934 762 1158 830 agendae
1185 761 1417 814 veniunt
1450 762 1654 831 gratim,
1685 762 1834 829 quod
1864 762 2024 814 nobis
2048 772 2179 815 sunt
2216 777 2304 815 sa-

715 852 851 907 lutis
894 853 1104 907 certius
1134 852 1452 906 obtinenda:
1483 853 1681 921 parati.
1729 852 1857 907 Sola
1891 854 2039 907 enim
2078 864 2162 906 est
2188 870 2304 906 ma-

716 946 834 998 litia
883 962 1005 1013 qua:
1061 961 1163 999 nos
1194 945 1508 999 afamiliari
1544 946 1641 999 Dei
1694 961 1995 1016 congressu
2052 946 2304 1011 diremit,

717 1038 1079 1107 hominesque
1103 1054 1132 1091 a
1161 1039 1430 1092 charitatc
1480 1047 1669 1092 mutua
1702 1039 1927 1093 avulsit.
1958 1038 2109 1093 llanc
2141 1040 2308 1108 igitur

716 1130 1011 1183 adversum
1046 1131 1299 1184 homines
1331 1130 1701 1194 inimicitiam,
1732 1141 1860 1185 ante
1903 1134 2092 1186 omnia
2122 1134 2221 1187 abs
2250 1143 2306 1186 te

718 1229 779 1273 ut
809 1221 1091 1272 :uuoliaris
1117 1236 1181 1274 ac
1207 1220 1372 1283 vites,
1400 1236 1582 1289 operte
1614 1220 1855 1289 pretium
1896 1233 2015 1299 est:
2056 1230 2112 1275 at
2135 1222 2308 1275 virtu-

719 1321 825 1364 tem
858 1312 1167 1365 continenti
1201 1313 1386 1366 studio
1412 1328 1767 1381 persequere,
1789 1330 1911 1382 qua:
1941 1321 1994 1367 te
2032 1314 2145 1367 Deo
2167 1330 2305 1367 con~

715 1402 887 1465 ciliet,
920 1412 975 1456 et
1003 1404 1267 1471 proximis
1302 1404 1606 1471 agglutinet
1650 1411 1857 1456 mutuae
1904 1405 2144 1473 glutinio
2170 1405 2304 1458 cha-

718 1494 938 1559 ritatis.
988 1494 1199 1563 Scopus
1257 1494 1408 1547 enim
1459 1495 1660 1549 unicos
1733 1496 1825 1548 hic
1851 1505 1936 1548 est
1980 1495 2210 1549 virtutis
2250 1502 2307 1549 et

720 1586 1098 1655 philosophiae,
1128 1595 1185 1639 ut
1213 1587 1351 1641 citra
1366 1589 1551 1641 fucum
1577 1589 1799 1656 quidvis
1827 1595 1970 1657 agat,
1996 1588 2302 1658 praesertim

720 1679 921 1730 sicum
983 1679 1281 1747 prudentia
1352 1681 1728 1751 conjungitur.
1794 1681 1962 1737 Isaias
2034 1682 2303 1751 propheta

719 1777 970 1821 nostrum
1007 1786 1323 1824 sermonem
1359 1786 1460 1824 suo
1514 1772 1809 1827 confirmat
1843 1773 2177 1841 patrocinio,
2224 1772 2303 1826 ait

719 1860 867 1911 enim
899 1878 911 1913 :
951 1879 969 1909 ι
1010 1860 1119 1914 Nec
1153 1863 1265 1915 eris
1293 1878 1418 1917 cum
1450 1863 1702 1931 pluribus
1738 1865 1796 1917 in
1830 1864 2039 1917 malitia
2063 1865 2105 1916 ⁸.
2129 1883 2146 1914 ι
2179 1862 2304 1919 Habe

2406 577 2817 644 προσάγουσαν,
2870 577 2968 627 καὶ
3016 576 3270 645 ἀλλήλοις
3313 576 3721 632 συνάπτουσαν.
3768 578 4008 645 ’Λρετῆς

2405 667 2462 720 δὲ
2510 669 2606 720 καὶ
2651 667 2971 737 φιλοσοφίας
3024 669 3172 737 ὄρος,
3229 670 3288 721 τὸ
3340 670 3480 737 μετὰ
3528 670 3799 730 συνέσεως
3828 669 4008 721 ἄπλα-

2408 776 2553 813 στον.
2590 761 2888 829 Συνηγορεῖ
2927 759 2985 811 δὲ
3014 760 3091 828 τῷ
3138 760 3282 829 λόγῳ
3318 759 3478 828 ἡμῶν
3514 760 3611 812 καὶ
3640 763 3669 811 ὁ
3702 762 4006 828 προφήτης

2421 850 2648 913 Ἡσαΐας
2665 866 2678 878 ·
2700 848 2863 919 φησὶν
2885 850 3043 919 γὰρ,ι
3068 848 3184 901 Οὐκ
3206 850 3307 921 ἔσῃ
3333 849 3470 918 μετά
3496 848 3763 901 πλειόνων
3798 851 3861 900 ἐν
3901 866 4003 899 κα-

2406 942 2554 1012 κίᾳ·›
2574 940 2823 1010 περὶτῶν
2855 940 3182 1013 ἀκαθάρτων
3204 939 3380 1007 λέγων
3405 940 3703 1010 λογισμῶν.
3746 940 3862 991 Kal
3904 940 4000 991 ἐπ-

2407 1038 2549 1105 άγει,
2587 1056 2605 1089 ι
2638 1036 2941 1100 Λούσασθε,
2961 1039 3056 1090 καὶ
3080 1037 3312 1106 καθαροὶ
3337 1037 3573 1103 γίνεσθε,
3618 1036 3853 1104 ἀφέλετε
3902 1038 4000 1096 τάς

2406 1130 2673 1199 πονηρίας
2698 1129 2807 1183 ἀπὸ
2835 1129 2947 1181 τῶν
2968 1130 3156 1199 ψυχῶν
3201 1129 3376 1197 ὑμῶν,
3416 1130 3700 1181 παύσασθε
3733 1128 3847 1180 ἀπὸ
3884 1126 3999 1178 τῶν

2407 1223 2684 1292 πονηριῶν
2718 1221 3115 1291 ὑμῶν,μάθετε
3148 1222 3311 1275 καλὸν
3352 1223 3547 1276 ποιεῖν.
3584 1240 3604 1271 ι
3641 1222 3752 1273 Kal
3788 1222 3817 1271 ὁ
3844 1221 4001 1287 Παρ-

2405 1314 2695 1383 οιμιαστής
2741 1330 2928 1382 φησιν,
2992 1331 3010 1363 ι
3039 1312 3130 1382 Μὴ
3176 1313 3549 1382 φιλεχθρήσῃς
3582 1312 3661 1375 είς
3699 1312 4000 1379 ἄνθρωπον

2409 1406 2606 1477 μάτην,
2642 1406 2716 1475 μή
2769 1423 2899 1458 ποτε
2952 1406 3032 1468 είς
3078 1406 3137 1458 σὲ
3173 1405 3343 1458 κακόν
3386 1423 3438 1457 τι
3468 1407 3799 1475 ἐργάσηται.
3830 1422 3849 1453 ι
3890 1406 3999 1456 Kal

2405 1497 2594 1561 πάλιν,
2631 1514 2651 1546 ι
2700 1496 2870 1559 Φόσος
2915 1497 3123 1565 Κυρίου
3168 1499 3319 1566 μισεῖ
3350 1497 3584 1549 κακίαν·
3619 1497 3648 1548 ὁ
3676 1496 3736 1548 δέ
3764 1495 3999 1563 ἀναιδὴς

2408 1587 2529 1656 μεθ’
2557 1585 2769 1657 ὕϐρεως
2804 1586 3045 1656 πράσσει
3087 1587 3251 1641 κακά.
3273 1587 3381 1639 Kal
3403 1589 3432 1639 ὁ
3457 1586 3781 1655 φιλομαχῶν
3815 1585 3999 1655 χαίρει

2408 1678 2632 1747 μάχαις.
2666 1696 2685 1729 ι
2725 1678 2838 1731 Kal
2867 1678 3050 1743 πάλιν,
3088 1696 3105 1728 ι
3141 1677 3304 1749 ’Δνὴρ
3350 1677 3715 1746 εὐμετάϐολος
3748 1678 3997 1748 γλώστῃ.

2406 1771 2731 1839 ἐμπεσεῖται
2754 1771 2835 1832 είς
2856 1771 3025 1823 κακά.
3053 1788 3070 1820 ι
3118 1770 3177 1822 '0
3213 1770 3273 1822 δὲ
3300 1770 3466 1823 Δαυῒδ
3491 1769 3799 1822 ἀντιϐολῶν
3827 1785 4000 1836 φησιν

2411 1862 2547 1932 πρὸς
2583 1862 2674 1915 τὸν
2712 1861 2868 1924 Θεὸν,
2906 1879 2924 1911 ι
2951 1860 3041 1930 Μὴ
3076 1860 3386 1931 ἐπιχαρῶσί
3448 1878 3539 1931 μοι
3585 1861 3636 1912 οἱ
3677 1860 4001 1929 ἐχθραίνον-

721 1950 943 2018 quidem
980 1952 1047 2004 de
1082 1952 1316 2021 impuris
1364 1964 1420 2008 et
1452 1955 1709 2011 obscenis
1740 1957 2170 2025 cogitationibus
2217 1961 2303 2015 di-

2413 1954 2497 2014 τές
2544 1970 2636 2022 μοι
2685 1953 2911 2017 ἀδίκως,
2960 1955 3008 2004 οἱ
3064 1952 3355 2022 μισοῦντές
3380 1970 3445 2021 με
3474 1954 3685 2022 δωρεάν
3708 1969 3722 1982 ο
3753 1952 3877 2005 ἀλλ’
3913 1953 3999 2003 αἱ·

720 2058 876 2096 eens.
912 2044 1131 2097 lnducit
1185 2054 1366 2097 autem
1397 2064 1409 2098 :
1446 2065 1465 2097 ι
1500 2046 1809 2111 Lavamini,
1865 2048 2056 2101 mundi
2101 2059 2302 2117 estote,

2406 2045 2795 2112 σχυνθήτωσαν
2850 2046 2944 2096 καὶ
2984 2046 3419 2115 ἐντραπήτωσαν
3464 2048 3515 2097 οἱ
3553 2044 3855 2115 ζητοῦντες
3903 2046 4001 2113 τὴν

722 2135 921 2188 offerte
976 2136 1211 2191 malitias
1240 2137 1307 2190 ab
1362 2137 1654 2192 animabus
1702 2140 1924 2205 vestris,
1972 2141 2241 2209 quiescite
2275 2161 2306 2198 a

2413 2134 2585 2204 ψυχήν
2607 2150 2730 2202 μου.
2746 2152 2763 2185 ι
2798 2134 2959 2197 Καὶ,ι
2983 2135 3354 2205 ’Λποστρέψῃς
3372 2137 3439 2188 τὰ
3461 2138 3607 2189 κακά
3634 2139 3752 2198 τοῖς
3778 2138 3999 2205 ἐχθροῖς

724 2225 951 2278 malitiis
986 2225 1207 2290 vestris,
1239 2225 1441 2280 discite
1482 2225 1807 2282 benefacere
1837 2229 1880 2281 ⁸.
1909 2231 2154 2301 »1113
2203 2233 2305 2287 Pa—

726 2315 1036 2369 rtemiastcs
1062 2316 1193 2369 item
1222 2334 1235 2369 :
1267 2316 1346 2369 Ne
1403 2316 1599 2386 diligas
1668 2318 1988 2373 inimicitias
2039 2321 2308 2376 adversus

727 2407 1006 2460 hominem
1040 2408 1267 2467 frustra,
1302 2423 1369 2460 ne
1394 2406 1535 2462 forte
1560 2409 1614 2462 in
1640 2418 1690 2462 te
1713 2410 1921 2479 aliquid
1951 2411 2079 2465 mali
2114 2429 2309 2481 opere-

731 2499 882 2551 tur‘.
920 2518 938 2549 ι
969 2498 1174 2551 lterum
1205 2518 1217 2553 :
1253 2517 1271 2548 ι
1310 2498 1498 2552 Timor
1540 2500 1754 2554 Domini
1790 2502 1909 2556 odit
1950 2505 2213 2557 malitiam
2248 2506 2267 2535 ⁷
2291 2546 2305 2569 ,

730 2588 1021 2654 impudens
1077 2598 1259 2641 autem
1323 2603 1450 2641 cum
1513 2592 1850 2645 contumelia
1882 2604 2145 2661 Operatur
2197 2613 2310 2649 ma-

730 2680 779 2732 la
808 2679 852 2728 ⁸.
889 2699 907 2729 ι
952 2679 1120 2733 David
1172 2680 1301 2733 item
1336 2682 1665 2748 suppliciter
1699 2683 1811 2737 Deo
1841 2685 2155 2753 procidens,
2182 2688 2260 2740 ait
2294 2707 2307 2741 :

737 2790 755 2819 ι
780 2771 856 2823 Ne
880 2771 1156 2838 gaudeant
1178 2788 1347 2840 super
1381 2789 1467 2827 me
1493 2773 1587 2842 qui
1618 2774 1987 2830 adversantur
2014 2778 2147 2831 mihi
2203 2781 2310 2832 ini-

728 2863 969 2930 que,qui
1007 2863 1247 2917 oderunt
1298 2881 1384 2919 me
1411 2865 1606 2933 gratis,
1654 2867 1748 2921 sed
1798 2868 2215 2925 confundantur
2257 2881 2314 2925 et

733 2965 1414 3024 revereanturqumrentes
1428 2960 1664 3013 animam
1686 2961 1728 3013 ’.
1758 2984 1774 3011 ο
1796 2962 1863 3015 Et
1890 2979 1903 3014 :
1934 2982 1951 3013 ι
1979 2963 2180 3019 Averte
2200 2982 2314 3019 ma-

728 3046 1032 3099 lainimicis
1064 3048 1300 3111 meis,ct
1325 3050 1381 3102 in
1412 3050 1645 3104 veritate
1688 3061 1779 3105 tua
1808 3053 1825 3122 (
1852 3054 1954 3108 hoc
1974 3064 2059 3108 est
2086 3056 2137 3108 in
2157 3055 2316 3109 Chri-

2410 2243 2533 2296 μου.
2559 2244 2577 2275 ι
2614 2225 2745 2287 Kal,
2771 2242 2790 2275 ι
2829 2226 2917 2277 Ἑν
2946 2229 3013 2295 τῇ
3035 2226 3262 2297 ἀληθείᾳ
3298 2245 3390 2279 σου
3420 2245 3438 2276 ι
3461 2227 3763 2292 τουτέστιν,
3807 2229 3869 2278 ἐν
3927 2228 3999 2295 τῷ

2408 2316 2655 2387 Χριστῷ,
2690 2336 2707 2367 ι
2744 2317 3128 2387 ἐξολόθρευσον
3157 2319 3376 2381 αὐτούς.
3396 2338 3411 2368 ι
3442 2320 3575 2380 Kal,
3599 2318 3844 2387 (Κύριος
3876 2318 3999 2387 ἐμοὶ

2410 2408 2623 2479 βοηθὸς,
2675 2410 2832 2477 κάγὼ
2873 2411 3146 2480 ἐπόψομαι
3186 2411 3315 2472 τοὺς
3356 2409 3583 2479 ἐχθρούς
3629 2427 3766 2478 μου·
3822 2412 3883 2461 ἐν
3926 2410 4000 2478 τῷ

2408 2500 2529 2569 Θεῷ
2563 2502 2670 2571 γὰρ
2702 2502 3003 2570 ποιήσομαι
3040 2500 3270 2569 δύναμιν
3290 2516 3304 2529 ·
3335 2501 3429 2551 καὶ
3454 2500 3617 2561 αὐτὸς
3642 2500 3998 2565 ἐξουδενώσει

2410 2591 2536 2652 τοὺς
2583 2589 2809 2659 ἐχθροὺς
2850 2589 3031 2659 ἡμῶν.
3060 2608 3079 2640 ι
3131 2589 3317 2641 Ταῦτα
3356 2590 3413 2640 δὲ
3456 2589 3584 2657 περὶ
3626 2590 3737 2641 τῶν
3787 2590 3999 2659 νοητῶν

2413 2683 2624 2753 ἐχθρῶν
2664 2684 3030 2754 προσηύχετο,
3083 2685 3179 2736 καὶ
3216 2683 3337 2752 οὐχὶ
3365 2682 3493 2752 περὶ
3526 2682 3857 2753 ἀνθρώπων.
3893 2685 3998 2736 Kal

2417 2775 2629 2844 μάρτυς
2667 2777 2701 2844 ἡ
2748 2776 2871 2827 κατ’
2904 2775 3070 2827 αὑτὸν
3125 2774 3357 2844 ἱστορία.
3413 2774 3520 2827 Τοῦ
3551 2775 3661 2843 γὰρ
3683 2775 3861 2826 Σαοὺλ
3901 2775 3996 2840 ζη-

2411 2867 2631 2928 τοῦντος
2656 2866 2752 2936 τὴν
2778 2867 2956 2937 ψυχὴν
2980 2867 3166 2932 αὐτοῦ,
3195 2868 3291 2919 καὶ
3315 2866 3606 2928 διώκοντος
3660 2866 3833 2919 αὑτὸν
3863 2865 3998 2934 μετὰ

2414 2959 2728 3029 τρισχιλίων
2750 2959 2979 3029 ἀνδρῶν,
3004 2959 3101 3010 καὶ
3140 2956 3541 3027 παραδοθέντος
3569 2958 3651 3019 είς
3675 2957 3778 3018 τὰς
3809 2961 3997 3025 χεῖρας

2417 3051 2584 3104 αὑτοῦ
2620 3049 2785 3115 ἆπαξ,
2816 3051 2912 3103 καὶ
2951 3050 3054 3111 δὶς,
3091 3048 3314 3101 καὶτῶν
3356 3048 3477 3118 μετ’
3502 3046 3669 3100 αὐτοῦ
3701 3047 3993 3113 λεγόντων,

730 3151 816 3191 sto
840 3140 856 3206 )
883 3139 1141 3207 disperde
1164 3141 1400 3195 illos".i
1428 3142 1531 3195 Et:
1560 3161 1578 3193 ι
1604 3144 1870 3198 Dominus
1905 3148 2040 3199 mihi
2071 3148 2310 3217 adjutor,

2424 3163 2441 3194 ι
2479 3141 2608 3194 Ἰδοὺ
2648 3143 2683 3212 ἡ
2710 3142 2893 3212 ἡμέρα
2985 3139 3189 3208 Κύριος
3213 3136 3533 3208 παρέδωκεν
3551 3137 3643 3189 τὸν
3676 3137 3876 3205 ἐχθρόν
3904 3155 3995 3188 σου

728 3237 786 3280 et
809 3244 911 3297 ego
941 3229 1239 3297 despiciam
1270 3231 1524 3285 inimicos
1558 3248 1710 3286 meos
1735 3235 1798 3286 ¹¹.
1828 3234 1885 3288 ln
1911 3235 2023 3290 Deo
2051 3238 2316 3293 faciemus

732 3318 1015 3382 virtutem,
1048 3328 1104 3372 et
1129 3319 1245 3388 ipse
1280 3321 1346 3373 ad
1386 3322 1621 3376 nihilum
1651 3323 1889 3379 deducet
1921 3327 2175 3383 inimicos
2220 3347 2318 3383 no-

731 3418 879 3462 stros
920 3410 983 3461 ".
1021 3428 1039 3458 ι
1071 3409 1140 3463 Et
1173 3412 1290 3464 haec
1340 3411 1566 3480 quidem
1612 3428 1800 3469 orasse
1862 3415 2092 3487 intelligi
2150 3421 2315 3478 debet

731 3499 999 3553 adversus
1039 3500 1356 3569 spirituales
1406 3502 1686 3567 inimicos,
1728 3520 1839 3559 non
1878 3507 2008 3560 item
2044 3509 2315 3567 adversus

734 3592 1004 3645 homines.
1036 3593 1274 3647 llistoria
1305 3595 1628 3650 testimonio
1650 3608 1736 3650 est
1782 3598 2049 3655 adversus
2099 3601 2316 3658 intelle—

732 3684 947 3737 ctuales
980 3685 1169 3738 hostes
1202 3684 1462 3739 Davidem
1494 3701 1615 3741 esse
1645 3698 1931 3757 precatum
1960 3691 2151 3747 Deum.
2178 3694 2315 3749 Cum

731 3773 883 3826 enim
915 3774 1045 3827 Saul
1068 3774 1307 3828 animam
1338 3775 1507 3829 David
1539 3778 1970 3847 propensissime
2007 3792 2315 3852 appeteret,

735 3879 974 3931 eumque
1033 3874 1468 3933 persequeretur
1525 3882 1691 3920 manu
1762 3870 2001 3939 stipatus
2066 3874 2316 3928 virorum

739 3956 1175 4019 triummillium,
1199 3965 1257 4011 et
1277 3965 1426 4011 esset
1450 3956 1579 4011 Saul
1600 3960 1771 4013 semel
1791 3971 1847 4014 et
1877 3963 2122 4016 secundo
2143 3965 2317 4019 tradi—

740 4059 829 4101 tus
862 4049 914 4100 in
950 4063 1144 4101 manus
1176 4048 1349 4116 ipsius
1384 4048 1554 4102 David
1587 4058 1644 4102 et
1680 4066 1878 4102 eorum
1909 4051 2004 4118 qui
2033 4067 2158 4105 cum
2200 4055 2319 4121 ipso

737 4149 917 4202 erant,
946 4139 1041 4208 qui
1087 4139 1253 4193 etiam
1290 4139 1578 4193 dicerent:
1620 4158 1639 4192 ι
1665 4141 1808 4195 Ecce
1842 4141 1961 4195 dies
1999 4142 2053 4195 in
2079 4158 2187 4212 qua
2214 4158 2320 4200 tra-

739 4232 883 4283 didit
925 4232 1191 4285 Dominus
1237 4230 1523 4284 inimieum
1560 4240 1715 4284 tuum
1766 4231 1822 4284 in
1869 4248 2033 4287 manu
2082 4243 2173 4288 tua
2204 4237 2311 4301 ¹³;›

743 4321 1028 4390 respondit
1066 4319 1274 4373 David:
1314 4339 1331 4370 ι
1371 4318 1520 4374 Vivit
1572 4319 1855 4383 Dominus,
1908 4336 2019 4374 non
2074 4321 2318 4391 injiciam

744 4429 965 4467 manum
1006 4427 1181 4465 meam
1232 4411 1288 4465 in
1322 4410 1593 4463 christum
1639 4410 1854 4463 Domini
1888 4410 1951 4464 ⁸⁸.
1985 4430 2003 4462 ι
2042 4412 2231 4481 Neque
2263 4414 2317 4468 id

742 4506 907 4558 modo
961 4504 1112 4563 fecit,
1145 4503 1240 4556 sed
1295 4512 1350 4557 et
1384 4501 1567 4556 Saulis
1613 4512 1844 4556 mortem
1879 4504 2038 4568 luxit,
2077 4520 2317 4574 eumque

742 4596 954 4649 dedidit
983 4595 1125 4657 neci,
1153 4594 1249 4663 qui
1288 4594 1492 4647 ezedem
1517 4593 1860 4647 renuntiarat
1892 4594 2072 4649 Saulis
2114 4597 2175 4649 ¹⁸.
2206 4598 2317 4653 Nec

742 4687 906 4739 aliter
952 4685 1247 4740 Absalonis
1291 4685 1511 4755 lugebat
1554 4693 1809 4749 mortem,
1846 4684 1942 4754 qui
1976 4700 2166 4741 necem
2204 4696 2313 4743 tant

748 4779 992 4834 studiose
1015 4778 1354 4846 expetivcrat
1374 4776 1613 4846 patris“.
1637 4775 1891 4831 Arbitror
1915 4791 2047 4831 sane
2076 4793 2172 4845 per
2201 4780 2315 4835 haec

2417 3238 2477 3288 ἐν
2502 3237 2568 3304 τῇ
2595 3234 2739 3303 χειρί
2782 3250 2873 3285 σου
2899 3248 2915 3264 ·
2942 3250 2960 3282 ι
3012 3231 3175 3296 αὐτὸς
3221 3231 3564 3297 ἀπελογεῖτο’
3602 3249 3620 3280 ι
3640 3231 3715 3297 Ζῇ
3767 3228 3994 3296 Κύριος,

2417 3326 2478 3379 οὐ
2511 3328 2584 3395 μὴ
2612 3325 2880 3393 ἐπαγάγω
2911 3324 3013 3392 τὴν
3038 3322 3195 3392 χεῖρά
3227 3339 3329 3391 μου
3358 3322 3452 3374 ἐπὶ
3472 3320 3695 3390 χριστὸν
3724 3320 3937 3387 Κυρίου
3972 3339 3990 3370 ι

2421 3418 2532 3471 Kal
2559 3417 2620 3469 οὐ
2654 3417 2816 3487 μόνον
2839 3417 3019 3479 τοῦτο,
3056 3416 3191 3469 ἀλλὰ
3234 3415 3329 3467 καὶ
3359 3413 3578 3466 ἐπένθει
3604 3412 3865 3474 θανόντος
3904 3414 3995 3463 αὖ·

2416 3504 2532 3559 τοῦ.
2566 3507 2675 3558 Kal
2710 3505 3052 3558 ἐθανάτωσεν
3074 3503 3166 3556 τὸν
3193 3501 3695 3571 εὐαγγελισάμενον
3724 3499 3877 3569 αὐτῷ
3899 3501 3993 3569 τὴν

2420 3597 2633 3666 σφαγὴν
2667 3594 2854 3649 αὑτοῦ.
2893 3595 3129 3663 Ὀμοίως
3165 3595 3327 3647 πάλιν
3356 3592 3579 3645 ἐπένθει
3610 3593 3708 3645 καὶ
3740 3593 3873 3661 περὶ
3902 3592 3994 3643 το]

2421 3690 2654 3744 θανάτου
2689 3687 3011 3756 ’Δόεσαλὼμ
3030 3686 3127 3739 τοῦ
3159 3683 3449 3754 ζητοῦντος
3471 3683 3633 3736 αὐτὸν
3649 3684 3995 3737 ἀποκτεῖναι.

2422 3780 2619 3851 Σαφῶς
2644 3777 2737 3834 οὖν
2763 3781 3140 3834 ἀποδέδεικται
3162 3779 3251 3832 διὰ
3270 3776 3501 3840 τούτων,
3526 3778 3610 3830 ὅτι
3635 3776 3697 3829 οὐ
3730 3776 3873 3847 πρὸς
3908 3778 3998 3827 ὀν-

2419 3872 2671 3943 θρώπους
2716 3867 2785 3942 ἦν
2830 3871 2981 3941 αὐτῷ
3010 3872 3044 3941 ἡ
3076 3870 3269 3940 ἔχθρα,
3307 3870 3443 3923 ἀλλὰ
3486 3869 3624 3940 πρὸς
3655 3870 3788 3931 τοὺς
3836 3885 3999 3938 μιση·

2418 3965 2546 4026 τοὺς
2579 3963 2864 4033 δαίμονας.
2895 3964 3006 4016 Kal
3042 3963 3204 4031 ἡμεῖς
3233 3957 3328 4014 οὖν
3359 3960 3439 4030 τῷ
3471 3960 3695 4013 πάντων
3722 3960 3847 4028 Θεῷ
3878 3963 4000 4013 ava-

2423 4056 2669 4124 θώμεθα,
2691 4056 2785 4107 καὶ
2810 4055 2970 4117 αὐτὸς
2988 4051 3148 4117 σώζει
3177 4053 3326 4122 ἡμᾶς
3354 4053 3419 4104 ἐκ
3445 4051 3557 4104 τῶν
3579 4050 3793 4121 ἐχθρῶν
3818 4053 3996 4119 ήμῶν,

2423 4146 2534 4197 τῶν
2563 4144 2771 4214 νοητῶν
2806 4144 2900 4197 καὶ
2936 4142 3231 4212 αἰσθητῶν,
3281 4141 3521 4212 μάλιστα
3545 4141 3643 4193 ἐάν
3672 4143 3999 4211 ἀκούσωμεν

2421 4234 2512 4286 τοῦ
2548 4232 3148 4299 ’1ακῶ6ου,λέγοντος,ι
3178 4232 3269 4300 Μὴ
3296 4231 3604 4295 στενάζετε,
3623 4231 3847 4298 ἀδελφοί
3875 4250 3995 4300 μου,

2421 4327 2541 4379 κατ’
2577 4324 2844 4394 ἀλλήλων,
2874 4324 2960 4376 ἵνα
3004 4323 3077 4393 μὴ
3106 4323 3352 4393 κριθῆτε.
3376 4340 3395 4373 ι
3424 4323 3539 4375 Kal
3565 4322 3733 4374 αὑτοῦ
3772 4322 3870 4375 τοῦ
3895 4324 3999 4374 Ku—

2426 4416 2543 4485 ρίου
2566 4415 2869 4485 εἰρηκότος,
2893 4431 2911 4465 ι
2950 4412 3111 4479 ’Υμῖν
3124 4413 3181 4465 δὲ
3204 4412 3348 4480 λέγω
3361 4414 3473 4474 τοῖς
3492 4411 3807 4472 ἁκούουσιν,
3838 4414 3997 4478 Ἀγα-

2425 4508 2564 4559 πᾶτε
2614 4506 2745 4569 τοὺς
2779 4505 3008 4576 ἐχθροὺς
3060 4504 3237 4574 ὑμῶν,
3274 4503 3459 4566 καλῶς
3502 4506 3709 4555 ποιεῖτε
3747 4505 3863 4565 τοῖς
3913 4523 3999 4572 μισ

2427 4599 2610 4653 σοῦσιν
2638 4600 2804 4669 ὑμᾶς,
2836 4596 3204 4669 προσεύχεσθε
3260 4595 3402 4672 ὁπέρ
3438 4594 3550 4648 τῶν
3580 4595 3999 4665 ἐπηρεαζόντων

2422 4693 2567 4763 ὑμᾶς
2595 4690 2690 4744 καὶ
2718 4689 3047 4744 διωκόντων.
3100 4707 3118 4740 ι
3151 4687 3310 4755 Αὐτῷ
3343 4690 3378 4757 ἡ
3403 4686 3532 4753 δόξα
3582 4688 3665 4749 εἰς
3707 4688 3838 4750 τοὺς
3873 4687 4000 4739 αἰῶ-

2421 4799 2533 4845 νας.
2570 4781 2765 4851 Ἀμήν.

746 4872 884 4925 nihil
915 4870 1166 4925 obscuris
1198 4867 1537 4938 argumentis
1572 4867 1910 4922 declaratum
1976 4868 2137 4923 istius
2207 4871 2526 4929 inimicitias
2580 4873 2905 4941 neutiquam
2948 4871 3005 4926 in
3070 4868 3324 4925 homines
3375 4868 3615 4924 intentas
3644 4868 3843 4931 fuisse.
3906 4870 3996 4924 sed

746 4966 1009 5019 adversus
1036 4962 1313 5016 daemones
1343 4961 1472 5015 odio
1503 4961 1654 5015 omni
1704 4960 2078 5031 dignissimos.
2102 4962 2171 5016 Et
2234 4980 2337 5020 nos
2370 4967 2537 5037 igitur
2564 4965 2659 5035 qui
2710 4980 2822 5035 pra:
2840 4962 3057 5019 caeteris
3084 4963 3211 5032 (vel
3239 4962 3358 5032 ipso
3382 4972 3519 5017 teste
3556 4962 3749 5016 habitu
3783 4964 3801 5031 )
3837 4964 3999 5032 spiri-

749 5057 925 5115 tuales
968 5056 1241 5119 videmur,
1287 5054 1576 5109 audiamus
1643 5054 1909 5110 Iacobum
1988 5056 2312 5114 dicentem:
2359 5078 2378 5111 ι
2451 5059 2635 5116 Nolite
2684 5057 3047 5130 ingemiscere
3101 5057 3157 5110 in
3224 5056 3576 5120 alterutrum,
3626 5054 3829 5109 fratres
3874 5054 3997 5116 mei,

754 5159 815 5203 ut
844 5166 912 5204 ne
941 5149 1283 5218 injudicium
1308 5148 1661 5204 deeidatis".
1686 5168 1704 5202 ι
1731 5149 1839 5204 Sed
1860 5157 1917 5204 et
1938 5149 2055 5219 ipse
2076 5152 2343 5209 Dominus
2380 5153 2515 5224 quid
2553 5152 2777 5217 dixerit,
2828 5160 3038 5206 attenta
3081 5166 3146 5205 ac
3204 5148 3351 5204 fideli
3387 5163 3522 5201 aure
3571 5146 3944 5216 percipiainus
3984 5164 3995 5198 :

764 5241 974 5296 «Vobis
992 5249 1179 5296 autem
1214 5240 1338 5295 dico
1379 5240 1734 5295 audientibus
1763 5258 1779 5295 :
1823 5241 2039 5312 Diligite
2088 5238 2342 5299 inimicos
2380 5254 2617 5310 vestros,
2632 5243 2940 5299 benefacite
2960 5240 3048 5296 his
3084 5243 3179 5311 qui
3219 5241 3779 5302 oderuntvos;orate
3797 5254 3899 5308 pro
3922 5238 4000 5291 his

754 5333 1279 5405 quicalumniautur
1296 5342 1353 5387 et
1383 5344 1793 5402 persequuntur
1818 5350 1916 5388 vos
1954 5335 2022 5388 ⁸⁸.
2052 5353 2070 5385 ι
2101 5335 2206 5405 lpsi
2225 5336 2398 5407 gloria
2440 5337 2494 5391 in
2530 5338 2753 5392 secula.
2797 5336 2989 5389 Amen.

829 5510 848 5541 ⁸
871 5512 1032 5565 Prov.
1065 5528 1207 5573 sxw,
1244 5510 1333 5565 2|.
1401 5513 1543 5567 'lso.
1574 5528 1611 5569 t.
1651 5513 1735 5576 lli,
1769 5514 1848 5567 l7.

768 5576 849 5651 ἰῇ,
884 5582 930 5633 ι.
1008 5582 1051 5612 ³⁸
1102 5583 1241 5635 l’sal.
1274 5597 1383 5643 LIII,
1415 5583 1467 5635 Ἰ.
1535 5585 1722 5638 "l'sal.
1757 5601 1918 5651 cun,
1952 5592 2004 5643 7.

773 5646 855 5713 l5,
905 5652 982 5705 I7.
1065 5653 1105 5680 “
1138 5652 1178 5705 ll
1217 5654 1343 5722 lleg.
1386 5668 1533 5713 XVIII,
1576 5653 1659 5708 55.

1929 5520 1948 5549 ⁶
1977 5522 2138 5570 Prov.
2173 5512 2250 5570 ui.
2272 5517 2359 5570 50.

1977 5522 2138 5575 Prov.
2173 5534 2250 5581 ιιι,
2272 5522 2310 5569 51

1992 5631 2004 5643 .
2074 5593 2115 5621 ¹⁹
2160 5590 2297 5642 I‘sal.

2473 5522 2492 5547 ⁷
2524 5522 2683 5571 Prov.
2716 5533 2828 5577 vm,
2873 5522 2953 5568 l5.
2974 5522 2995 5545 "
3022 5522 3180 5568 Prov.
3223 5530 3330 5573 tux,
3360 5522 3448 5565 διδ.
3561 5522 3582 5542 '
3607 5522 3751 5566 l'sal.
3824 5528 3994 5569 sum

2420 5603 2457 5644 ι.
2506 5587 2586 5639 ll.
2652 5587 2889 5656 "llleg.
2922 5601 3062 5651 XXVI,
3096 5584 3183 5637 23.
3230 5586 3272 5615 “
3305 5582 3439 5637 ibid.
3482 5582 3561 5636 ll.
3635 5582 3678 5612 "
3719 5582 3738 5635 Ι
3778 5581 3912 5652 Reg.
3948 5598 3994 5637 ι,

1734 5655 1907 5711 "Jac.
1947 5677 1995 5714 γ.
2045 5660 2102 5713 l2
2189 5660 2229 5689 ¹²⁴
2276 5656 2465 5710 Matth.
2506 5674 2555 5719 γ,
2603 5657 2681 5711 ιὶί.

2473 5516 2493 5547 ⁷
2524 5518 2683 5571 Prov.
2716 5533 2828 5577 vm,
2873 5516 2953 5568 l5.
2974 5515 2995 5545 ⁸
3022 5515 3180 5568 Prov.
3223 5530 3330 5573 tux,
3360 5513 3448 5565 9.8.
3561 5513 3582 5542 ’
3606 5512 3751 5566 Psal.
3824 5528 3997 5569 sum
