4178 6436
196 412 323 475 1601

621 627 757 695 Περὶ
798 627 907 679 τοῦ
927 624 1013 693 μὴ
1052 620 1318 691 φθονεῖν.

265 746 376 800 Kal.
409 746 436 797 6
481 742 674 810 φθόνος
714 739 884 791 δεινὸν
920 737 1113 798 πάθος,
1165 733 1259 784 καὶ
1305 728 1630 787 διαϐολικον,
1680 726 1773 777 καὶ

192 836 454 889 δυσίατον
476 852 489 864 ·
526 832 585 896 ἐξ
618 829 784 881 αὑτοῦ
819 826 925 895 γὰρ
963 823 1274 893 ἀρξάμενον
1305 819 1506 875 εὐθέως
1541 816 1776 883 μετεπή-

194 929 363 997 δησεν
396 928 477 986 εἰς
516 922 607 975 τὸν
655 915 1046 985 ἀδελφοκτόνον
1092 913 1255 965 Κάῖν.
1288 910 1397 961 Καὶ
1426 904 1661 973 καθεξῆς
1696 906 1774 966 εἰς

194 1021 327 1081 τοὺς
374 1014 771 1085 κυριοκτόνους
836 1006 1124 1067 Ἰουδαίους
1182 1002 1544 1068 κατήντησεν.
1596 995 1778 1047 Δεινὸν

194 1107 315 1172 οὖν,
345 1108 421 1169 ὡς
464 1108 697 1173 ἔφαμεν,
728 1100 824 1153 καὶ
856 1096 1096 1165 πονηρὸν
1124 1097 1153 1147 6
1184 1092 1398 1160 φθόνος.
1439 1090 1497 1141 '0
1531 1086 1628 1157 μὲν
1670 1085 1780 1155 γὰρ

197 1200 417 1268 φθονῶν
449 1195 675 1265 ἄχθεται
722 1190 818 1243 καὶ
867 1188 1118 1257 τήκεται.
1163 1184 1274 1236 Καὶ
1333 1181 1524 1249 ὥσπερ
1565 1176 1782 1246 σκώληξ

197 1295 261 1344 ὲν
292 1290 437 1357 ξύλῳ
467 1285 563 1339 καὶ
597 1284 695 1353 σὴς
727 1286 785 1335 ὲν
835 1279 1058 1349 ίματίῳ,
1092 1275 1267 1336 οὕτως
1298 1273 1399 1342 τὴν
1433 1272 1662 1341 καρδίαν
1685 1269 1780 1321 καὶ

196 1382 264 1433 τὸ
310 1379 608 1447 πρόσωπον
658 1370 977 1439 ὲξαφανίζει
1045 1364 1142 1418 τοῦ
1190 1363 1522 1433 ἐμπεσόντος
1570 1363 1648 1421 είς
1684 1359 1783 1419 τὰς

199 1445 399 1541 χεῖρας
444 1466 612 1521 αὑτοῦ
658 1466 685 1517 6
738 1462 954 1531 φθόνος.
999 1459 1059 1510 '0
1091 1457 1147 1509 δὲ
1190 1452 1553 1521 φθονούμενος
1589 1448 1682 1500 ἐπὶ
1717 1445 1785 1498 τὰ

202 1564 398 1633 πρόσω
429 1557 751 1628 προκόπτει,
769 1554 874 1606 ὑπὸ
903 1550 1111 1619 Κυρίου
1133 1546 1567 1613 σκεπαζόμενος·
1595 1539 1784 1606 ὥσπερ

202 1629 305 1706 καὶ
335 1656 365 1705 6
408 1653 644 1719 Ἰωσήφ·
683 1649 810 1701 ὅσον
854 1644 964 1712 γὰρ
1014 1640 1274 1709 ἐφθόνουν
1304 1636 1459 1704 αὐτῷ
1484 1635 1532 1685 οἱ
1569 1629 1787 1719 ἀδελφοὶ

204 1746 405 1809 αὑτοῦ,
435 1742 691 1796 τοσοῦτον
719 1740 748 1791 6
783 1736 917 1798 Θεὸς
947 1734 1164 1803 ὕψωσεν
1210 1730 1393 1791 αὑτὸν,
1425 1728 1530 1788 ἕως
1570 1718 1630 1778 οὗ
1682 1724 1789 1775 εἱσ-

1287 395 1614 460 Ῑ·ῐΟΜΙΙ.ῐΛ
1658 394 1772 453 LV.
1804 415 1871 431 σ-
1905 392 2002 451 DE
2043 388 2362 451 INVIDIA.

799 513 1020 566 ΛΟΓΟΣ
1058 508 1185 565 NE’.
1804 504 1846 559 Α

3318 375 3453 440 1602

2436 510 2711 566 llOlllLlA
2742 508 2852 562 LV.

2285 627 2362 681 Nc
2382 627 2615 693 cuipiam
2649 620 2925 676 invideris.

1945 739 2062 792 Jam
2092 736 2295 791 invidia
2342 751 2503 806 quam
2555 736 2851 786 vehemens
2880 732 2951 785 sit
3007 730 3178 784 animi
3208 731 3452 793 all‘ertio,

1878 827 2065 880 verius
2096 826 2366 879 diabolica
2415 823 2789 891 intemperies,
2825 823 3025 889 vixque
3072 820 3220 873 illam
3257 820 3455 872 admit-

1880 928 2004 970 tens
2035 918 2301 971 medelam
2346 955 2360 979 ,
2388 915 2514 983 quis
2564 912 2767 967 referat
2799 914 2821 964 ’ἒ
2857 912 2938 965 Ab
2973 912 3093 980 ipso
3137 910 3284 964 enim
3340 910 3459 963 dia-

1882 1010 2008 1064 bolo
2037 1010 2259 1062 vixdum
2291 1016 2531 1061 traxerat
2569 1006 2863 1076 originem,
2898 1014 2951 1057 et
2981 1020 3108 1057 ecce
3155 1020 3184 1058 e
3229 1002 3462 1071 vestigio

1884 1101 1939 1155 in
1959 1100 2308 1154 fratricidam
2328 1098 2559 1153 Cainum
2580 1097 2891 1159 transilivit,
2913 1106 3078 1164 atque
3102 1097 3292 1150 ordine
3310 1095 3464 1149 dein-

1881 1208 2009 1261 ceps
2054 1207 2231 1261 prono
2286 1206 2451 1243 cursu
2507 1190 2561 1241 iu
2620 1188 2987 1241 dominicidas
3038 1186 3257 1241 Judzcos
3292 1186 3463 1237 devo-

1886 1285 2000 1337 luta
2033 1293 2139 1337 est.
2171 1285 2338 1339 Plane
2369 1281 2573 1335 invidia
2593 1281 2889 1335 vehemens
2905 1290 3068 1347 atque
3089 1291 3245 1331 atrox
3264 1278 3464 1329 malum

1885 1390 1947 1427 ac
1970 1376 2147 1427 modis
2203 1372 2459 1427 omnibus
2486 1371 2709 1423 crudele
2766 1378 2869 1422 est.
2895 1370 2996 1432 Qui
3030 1368 3175 1419 enim
3225 1367 3463 1435 cuipiam

1887 1466 2116 1529 invidet,
2174 1464 2343 1518 animi
2411 1478 2611 1531 angore
2691 1460 3077 1520 discruciatur,
3129 1460 3467 1512 contabescit

1889 1557 2111 1620 misere,
2154 1557 2433 1623 eliquatur
2465 1564 2630 1606 totus.
2656 1552 2864 1605 Invidia
2894 1552 3042 1603 enim
3071 1551 3226 1619 quasi
3266 1550 3469 1602 vermis

1890 1652 1942 1703 in
1975 1649 2144 1717 ligno,
2193 1658 2247 1700 et
2282 1647 2333 1698 iu
2368 1646 2697 1698 vestimento
2752 1643 2919 1705 tinea,
2966 1643 3041 1695 ita
3072 1657 3169 1694 cor
3226 1641 3468 1708 denique

1895 1739 2108 1810 1114
2151 1748 2207 1793 et
2238 1739 2430 1793 faciem
2474 1738 2593 1806 ejus
2634 1735 2861 1789 conﬁcit
2892 1750 2954 1788 ac
3001 1742 3240 1787 macerat
3286 1733 3469 1788 hebeti

205 1842 425 1907 ήγαγεν
462 1836 623 1887 αὐτὸν
678 1833 757 1892 εἰς
794 1829 892 1897 τὴν
948 1824 1248 1897 βασιλείαν.
1296 1819 1567 1881 Ὡσαύτως
1612 1817 1710 1869 καὶ
1762 1818 1791 1868 6

1909 1833 2097 1900 pallore
2118 1874 2131 1893 ,
2158 1831 2251 1900 qui
2284 1830 2453 1883 semel
2483 1828 2537 1879 in
2575 1826 2748 1895 ipsius
2778 1841 2972 1879 manus
3001 1823 3214 1879 incidit.
3242 1826 3469 1890 Contra,

209 1932 412 1993 Σαοὺλ,
450 1928 539 1980 διὰ
585 1925 777 1994 φθόνον
808 1923 1034 1974 ἐδίωκεν
1058 1916 1151 1970 τὸν
1180 1913 1368 1975 Δαυῒδ,
1402 1912 1545 1965 καθᾶ
1584 1910 1791 1977 γέγραο

1916 1940 1941 1976 s
1973 1924 2060 1976 cui
2086 1921 2382 1982 invidetur,
2411 1920 2465 1972 in
2502 1918 2788 1971 hominum
2826 1926 3119 1987 prospectu
3161 1917 3320 1971 miris
3353 1933 3470 1969 mo-

209 2040 377 2082 πται,
412 2039 429 2071 ι
466 2018 721 2086 Ἐξῆλθον
755 2016 811 2068 αἱ
843 2015 1169 2082 χορεύουσαι
1197 2008 1291 2059 καὶ
1319 2006 1524 2071 ἔλεγον,
1559 2001 1797 2053 Ἐπάτα-

1909 2013 1982 2065 lis
2033 2020 2390 2079 promovetur
2443 2024 2506 2061 ac
2540 2008 2783 2076 proﬁcit,
2828 2022 2858 2059 a
2900 2006 3133 2060 Domino
3168 2016 3469 2075 protectus.

212 2115 307 2176 ξεν
344 2107 516 2162 Σαοὺλ
543 2109 601 2157 ὲν
650 2104 889 2172 χιλιάσιν
917 2100 1107 2158 αὑτοῦ,
1142 2097 1236 2149 καὶ
1263 2093 1425 2147 Δαυῒδ
1456 2094 1512 2143 ἐν
1539 2089 1797 2158 μυριάσιν

1909 2103 2165 2171 Exemplo
2192 2111 2276 2155 est
2316 2102 2512 2154 beatus
2548 2101 2640 2152 ille
2701 2098 2927 2166 Ioseph.
2988 2098 3107 2163 Quo
3135 2099 3281 2152 enim
3330 2100 3476 2152 faces

210 2202 411 2257 αὑτοῦ.
441 2218 458 2250 ι
492 2195 840 2266 ιιαραχρῆμα
869 2192 980 2262 γὰρ
1023 2187 1327 2260 ἐρρίζωσεν
1358 2184 1387 2235 6
1415 2182 1609 2251 φθόνος
1640 2182 1698 2231 ἐν
1729 2180 1795 2249 τῇ

1909 2195 2156 2248 ῗτειιρηιω
2199 2192 2422 2245 invidia:
2460 2191 2514 2243 in
2542 2191 2695 2243 illum
2751 2200 3071 2243 exarserant
3113 2191 3317 2251 acrius,
3371 2191 3476 2243 hoc

215 2294 428 2365 καρδία
469 2289 674 2343 Σαούλ·
710 2288 804 2339 καὶ
835 2281 989 2336 εἶπεν
1033 2281 1111 2350 τῷ
1154 2277 1339 2340 Δαυῒδ,
1377 2295 1393 2325 ι
1420 2275 1512 2327 Σοὶ
1558 2272 1800 2325 δέδωκαν

212 2361 320 2448 τὰς
376 2381 667 2453 μυριάδας,
738 2374 907 2444 κάμοὶ
964 2373 1062 2435 τὰς
1110 2369 1379 2439 χιλιάδας.
1407 2384 1425 2416 i
1466 2364 1578 2453 Kal.
1616 2361 1661 2453 ’ό
1706 2361 1802 2430 μὲν

213 2451 388 2536 οἶκος⁷
415 2471 510 2524 τοῦ
559 2465 824 2537 φθονεροῦ
855 2463 1049 2528 Σαοὺλ,
1099 2458 1395 2528 ἐπορεύετο
1436 2452 1530 2506 καὶ
1575 2451 1803 2519 ἠλαττο-

217 2563 414 2617 νοῦτο·
444 2563 472 2613 ό
504 2558 561 2611 δὲ
602 2552 750 2617 οἶκος
800 2552 895 2606 τοῦ
935 2547 1302 2621 φθονουμένου
1337 2542 1517 2609 Δαυῖδ,
1546 2540 1801 2611 ηὔξανεν,

219 2654 323 2707 καὶ
371 2646 767 2719 ἐκραταιοῦτο·
810 2643 907 2697 καὶ
956 2640 1121 2702 αὐτὸς
1174 2634 1463 2706 ἐμελῴδει·
1530 2653 1548 2684 ι
1584 2631 1807 2683 Ἐθεντο

219 2745 351 2798 κατ’
380 2739 517 2811 ἐμοῦ
566 2738 711 2791 κακὰ
756 2734 881 2787 ἀντὶ
918 2731 1156 2799 ἀγαθῶν,
1201 2727 1293 2780 καὶ
1344 2728 1498 2795 μῖσος
1547 2722 1670 2776 ἀντὶ
1708 2722 1808 2789 τῆς

219 2831 564 2903 ἀγαπήσεως
590 2846 715 2899 μου.
739 2847 756 2878 ι
785 2826 896 2879 Kal
933 2823 1118 2884 πάλιν,
1162 2839 1180 2871 ι
1204 2818 1621 2886 Καταράσονται
1658 2813 1810 2867 αὐτοὶ

223 2930 327 2982 καὶ
352 2929 418 2979 σὺ
446 2924 790 2992 εύλογήσεις’
832 2916 943 2985 ἐγὼ
995 2916 1051 2968 δὲ
1078 2915 1139 2966 ού
1186 2910 1554 2982 προετιθέμην
1584 2908 1692 2978 πρὸ
1714 2908 1812 2975 όφ-

225 3016 458 3086 θαλμῶν
496 3032 595 3083 μου
632 3011 871 3080 πρᾶγμα
916 3004 1254 3075 παράνομον.
1285 3020 1302 3052 ι
1339 3001 1446 3053 Καὶ
1475 3002 1503 3052 6
1526 2998 1812 3069 προφήτης

238 3108 520 3163 Ἀδῦακοὺ
530 3123 585 3174 μ,
602 3123 619 3155 ι
650 3099 907 3170 Καθαρδς
922 3095 1201 3166 ὀφθαλμὸς
1223 3093 1315 3147 τοῦ
1337 3093 1409 3163 μὴ
1426 3093 1557 3162 όρᾷν
1578 3089 1810 3161 πονηρὰ,

1900 2282 1990 2335 ille
2026 2281 2319 2335 sublimius
2342 2295 2373 2333 a
2401 2280 2513 2332 Deo
2558 2278 2970 2347 provehebatur
2992 2318 3007 2342 ,
3039 2293 3328 2347 quousque
3358 2288 3475 2332 tan-

1900 2375 2024 2427 dem
2059 2372 2126 2426 ad
2170 2371 2321 2441 regni
2376 2371 2747 2440 gubernacula
2813 2377 3103 2438 promotus
3150 2378 3252 2422 est.
3302 2370 3392 2423 Sic
3422 2380 3478 2424 et

1902 2467 2030 2521 Saul
2087 2474 2257 2520 uestro
2324 2463 2713 2518 exstimulatus
2788 2459 3031 2523 invidiae,
3095 2460 3477 2515 admirabilem

1904 2560 2057 2612 illmn
2122 2546 2293 2611 David
2347 2553 2784 2623 persequebatur
2808 2591 2824 2615 ,
2858 2552 3005 2605 sicut
3055 2552 3319 2620 scriptum
3346 2562 3431 2606 est
3463 2570 3477 2605 :

1913 2671 1930 2703 ι
1955 2650 2221 2704 Exierunt
2239 2658 2402 2715 atque
2420 2660 2545 2699 cum
2573 2642 2818 2711 tripudio
2836 2643 3072 2712 agebant
3093 2643 3481 2711 triumphalem

1905 2741 2163 2795 choream
2235 2736 2453 2806 puellm,
2489 2750 2554 2789 ac
2601 2734 2864 2788 dicebant
2896 2750 2907 2786 :
2935 2734 3214 2788 Percussit
3259 2735 3387 2788 Saul
3430 2736 3483 2788 in

1908 2830 2155 2884 millibus
2173 2828 2289 2881 suis
2310 2836 2367 2882 et
2386 2825 2555 2879 David
2580 2825 2634 2877 in
2648 2826 2838 2879 decem
2883 2824 3127 2878 millibus
3143 2825 3258 2879 suis
3277 2825 3338 2878 ¹⁹.
3360 2844 3377 2875 ›
3396 2825 3485 2878 Di-

1908 2936 1999 2976 cto
2017 2921 2171 2974 ocius
2187 2933 2385 2989 parens
2402 2918 2490 2970 ille
2508 2916 2727 2970 invidia:
2743 2915 2919 2969 omnis
2940 2914 2992 2969 iu
3009 2915 3185 2969 Saulis
3202 2915 3367 2970 corde
3384 2914 3490 2969 sibi

1911 3015 2115 3085 delegit
2131 3015 2259 3067 vita:
2279 3010 2817 3079 domicilium,eique
2840 3009 3230 3073 insusurravit,
3246 3020 3305 3064 ut
3336 3011 3490 3065 diee-

1914 3113 1998 3160 ret
2035 3125 2092 3158 ει
2132 3104 2302 3157 David
2352 3102 2627 3156 dederunt
2663 3102 2854 3155 decem
2904 3101 3095 3163 millia,
3139 3102 3273 3155 mihi
3309 3111 3491 3156 autem

227 3203 329 3255 καὶ
362 3197 685 3251 ἐπιϐλέπειν
706 3193 800 3246 ἐπὶ
830 3192 1029 3251 πόνους
1058 3189 1271 3256 ὀδύνης.
1293 3206 1311 3239 ι
1334 3186 1394 3240 ’0
1419 3186 1475 3240 δὲ
1497 3184 1808 3245 Ἀπόστολος

1920 3199 2065 3252 mille
2085 3199 2130 3227 ²⁰
2151 3197 2202 3248 ?c
2230 3194 2295 3247 Et
2310 3193 2531 3263 quidem
2556 3191 2754 3245 domus
2766 3191 2957 3255 David,
2978 3194 3065 3245 cui
3085 3193 3165 3247 sic
3182 3193 3492 3258 videbatur,

230 3289 575 3363 στηλιτεύων
615 3289 741 3349 τοὺς
780 3287 839 3337 ὲν
870 3283 1051 3352 φθόνῳ
1096 3280 1469 3341 διδασκάλους,
1504 3278 1705 3345 γράφει
1732 3276 1816 3326 Φι-

229 3381 584 3451 λιππησίοις,
616 3396 634 3428 ι
662 3376 820 3438 Τινὲς
850 3374 948 3443 μὲν
977 3372 1066 3424 διὰ
1098 3370 1292 3439 φθόνον
1323 3368 1416 3421 καὶ
1444 3366 1579 3436 ἔριν,
1613 3365 1671 3430 ἐξ
1707 3366 1817 3433 ὲρι-

232 3477 390 3537 θείας
437 3473 531 3525 τὸν
565 3467 801 3538 Χριστὸν
834 3462 1318 3531 καταγγέλλουσιν,
1353 3461 1589 3527 οἰόμενοι
1635 3455 1813 3522 θλίψιν

232 3568 483 3637 ἐγείρειν
516 3564 626 3623 τοῖς
654 3559 875 3628 δεσμοῖς
908 3572 1033 3625 μου.
1061 3573 1079 3605 ι
1121 3552 1233 3606 Kal.
1280 3548 1561 3620 παραινῶν
1599 3547 1815 3609 αὐτοὺς,

234 3660 463 3726 ἐπάγει,
496 3674 514 3706 ι
543 3650 761 3705 Γίνεσθε
782 3645 875 3701 οὖν
902 3648 979 3708 εἰς
1002 3644 1265 3712 ἀλλήλους
1284 3640 1530 3711 χρηστοὶ,
1554 3637 1821 3705 εὔσπλαγ-

235 3769 381 3822 χνοι,
411 3746 763 3817 χαριζόμενοι
801 3739 1038 3801 ἑαυτοῖς,
1089 3736 1184 3788 καὶ
1215 3735 1244 3785 6
1289 3732 1493 3804 Κύριος
1530 3730 1820 3800 ἐχαρίσατο

236 3819 397 3913 ύμῖν.
429 3835 649 3889 Γίνεσθε
671 3829 765 3885 οὖν
796 3828 1036 3898 μιμηταὶ
1068 3823 1159 3877 τοῦ
1182 3822 1339 3886 Θεοῦ,
1379 3821 1453 3882 ὡς
1486 3820 1654 3872 τέκνα
1687 3819 1821 3884 ἀγαο

236 3906 416 4001 πίητὰ,
478 3926 571 3979 καὶ
614 3921 972 3993 περιπατεῖτε
1027 3916 1085 3967 ὲν
1137 3914 1344 3982 ἀγάπῃ.
1379 3929 1397 3961 ι
1456 3910 1649 3978 Ψυχῆς
1711 3906 1821 3977 γὰρ

236 4000 501 4090 καθαρᾶς
539 4018 690 4079 ῐδιον,
716 4013 877 4079 λόγος
914 4008 1013 4079 μὲν
1041 4007 1294 4075 ἄφθονος.
1318 4002 1483 4072 Ζῆλος
1509 4001 1567 4053 δὲ
1588 4000 1819 4090 ἄκακος,

235 4085 471 4185 ἔρως-δὲ
491 4109 768 4165 ἄπαυστος
787 4101 879 4154 τοῦ
904 4098 1108 4169 Κυρίου
1131 4095 1229 4163 τῆς
1247 4092 1547 4162 δόξης.ούκ
1562 4090 1708 4143 ἔστιν
1728 4085 1822 4141 οὖν

238 4181 515 4274 αρμόδιον
556 4199 673 4257 τοῖς
714 4191 807 4246 τοῦ
856 4190 1065 4257 Κυρίου
1095 4186 1378 4257 φοιτηταῖς
1402 4182 1580 4251 φθόνῳ
1613 4181 1824 4252 κρατεῖ-

238 4269 395 4359 σθαι,
424 4291 458 4360 ἢ
481 4283 853 4359 θορυϐεῖσθαι,
874 4281 1005 4334 ὃταν
1029 4277 1262 4349 μάλιστα
1286 4276 1651 4344 θεωρήσωμεν
1672 4269 1823 4323 ἁδελ-

238 4384 383 4455 φούς
423 4395 575 4441 τινας
608 4374 941 4443 ἐλαχίστους,
962 4370 995 4438 ἢ
1014 4366 1284 4428 άνειδέους
1306 4364 1398 4421 ἐπὶ
1427 4364 1597 4434 ἀρχὴν
1628 4361 1823 4432 προχό-

237 4451 479 4545 ᾧαντας·
519 4466 866 4533 Ἀκοὺσωμεν
888 4461 998 4529 γὰρ
1018 4457 1114 4512 τοῦ
1144 4456 1350 4526 Κυρίου
1381 4454 1653 4522 λέγοντος,
1689 4471 1706 4502 ι
1725 4451 1822 4514 Δὸς

1917 3287 2240 3358 quotidiana
2288 3286 2607 3341 accessione
2652 3284 2935 3339 crescebat
2956 3292 3011 3337 et
3059 3283 3493 3348 confortabatur,

1918 3381 2031 3448 ipse
2052 3380 2279 3447 perhzec
2300 3379 2368 3432 ad
2397 3380 2568 3448 lyram
2595 3378 2876 3434 mellicum
2902 3375 3492 3429 cantillabatearmcu:

1923 3471 2573 3526 «Posueruntadversum
2595 3485 2681 3523 me
2709 3469 2851 3522 mala
2897 3480 2996 3535 pro
3024 3465 3277 3526 bouis,et
3305 3464 3495 3518 odium

1918 3579 2018 3632 pro
2053 3562 2345 3616 dilectione
2364 3576 2485 3615 mea
2501 3562 2568 3612 ἰ.
2595 3580 2612 3612 ι
2637 3561 2838 3613 lterum
2859 3576 2871 3609 ε
2893 3578 2910 3607 ι
2927 3555 3345 3610 Maledicentilli
3364 3565 3420 3610 et
3438 3565 3495 3610 tu

1919 3654 2213 3708 benedices
2230 3654 2273 3683 "
2292 3670 2306 3718 ;
2323 3668 2425 3722 ego
2445 3661 2629 3706 autem
2647 3667 2756 3705 non
2774 3648 3145 3721 proponebam
3166 3657 3293 3701 ante
3308 3649 3497 3703 oculos

1919 3759 2071 3798 meos
2099 3759 2211 3797 rem
2242 3743 2499 3812 injustam
2531 3743 2629 3794 ³³.»
2662 3741 2771 3795 Sed
2805 3750 2862 3794 et
2906 3739 3173 3808 prepheta
3204 3737 3494 3795 Habacuc:

1928 3853 1945 3884 ι
1973 3835 2150 3888 Purus
2178 3842 2266 3886 est
2304 3834 2498 3887 oculus
2522 3841 2671 3895 tuus,
2694 3847 2762 3885 ne
2795 3832 2980 3885 videat
3025 3835 3164 3885 mala
3194 3844 3250 3889 et
3269 3834 3501 3903 aspiciat

1921 3937 2087 3991 super
2111 3922 2327 3975 labores
2350 3920 2556 3976 doloris
2578 3920 2641 3975 “.
2676 3938 2695 3971 ι
2716 3921 3015 3989 Apostolus
3035 3922 3165 3977 item
3198 3925 3265 3977 ad
3297 3926 3502 3993 Philip-

1922 4028 2122 4081 penses
2164 4013 2434 4077 scribens,
2466 4012 2696 4080 pulchre
2735 4013 2993 4067 doctores
3023 4014 3145 4068 illos
3171 4024 3328 4069 notat
3356 4016 3501 4069 invi-

1921 4103 2025 4155 dia:
2053 4119 2066 4154 :
2099 4120 2117 4152 ι
2149 4102 2379 4167 Quidam
2407 4103 2634 4170 quidem
2664 4118 2763 4171 per
2796 4103 3054 4156 invidiam
3088 4114 3145 4159 et
3190 4102 3503 4159 contentio-

1922 4207 2070 4253 nem,
2117 4209 2135 4242 ι
2169 4207 2236 4245 ex
2288 4193 2700 4246 concertatione
2752 4194 2963 4248 scilicet
3015 4196 3497 4263 proﬁciscentem;

1930 4299 1949 4333 ι
1977 4281 2259 4336 Christum
2292 4283 2645 4345 annuntiant,
2689 4284 3067 4338 existimantes
3099 4300 3415 4354 pressuram
3443 4302 3502 4340 se

1924 4374 2188 4428 suscitare
2228 4374 2466 4428 vinculis
2489 4378 2628 4428 meis
2653 4377 2721 4428 ’⁸.
2756 4394 2774 4426 ι
2812 4376 2914 4430 Per
2945 4376 3380 4430 admonitionem
3414 4379 3500 4431 in-

1926 4463 2117 4519 ducit:
2151 4483 2167 4514 ι
2197 4464 2391 4519 Estote
2420 4478 2553 4533 ergo
2576 4465 2631 4518 in
2656 4465 2889 4518 invicem
2908 4466 3154 4535 benigni,
3190 4468 3504 4521 misericor-

238 4544 431 4635 τούτῳ
450 4565 637 4622 τόπον,
677 4559 820 4612 ὥστε
846 4552 1244 4622 κατακλιθῆναι
1289 4549 1580 4619 ἀνώτερον.
1606 4566 1624 4600 ι
1668 4545 1808 4599 Ἀλλέ

1932 4556 2051 4623 des,
2102 4557 2377 4613 donantes
2435 4560 2668 4613 invicem
2702 4559 2849 4613 sicut
2878 4569 2934 4615 et
2968 4560 3226 4617 Christus
3275 4563 3503 4617 donavit

248 4659 465 4732 μᾶλλον
498 4650 871 4723 θαυμάζωμεν
899 4646 991 4700 τὸν
1018 4645 1225 4698 δίκαιον
1259 4641 1582 4713 προνοητὴν,
1638 4640 1825 4707 σαφῶς

244 4730 349 4807 καὶ
394 4748 721 4817 ὰπορῤἡτως
772 4739 1088 4809 κεκρικότα,
1133 4737 1339 4789 ἐκεῖνον
1372 4733 1470 4803 μὲν
1496 4732 1586 4785 τὸν
1612 4730 1826 4801 οἰκτρὸν

243 4837 614 4912 κληρωθῆναι
634 4833 730 4887 καὶ
756 4828 1058 4902 πρωτεύειν
1079 4827 1173 4881 καὶ
1202 4824 1578 4894 καθηγεῖσθαι,
1609 4823 1753 4893 ἡμᾶς
1770 4821 1827 4875 δὲ

245 4927 589 5000 ὲσχατίζειν.
635 4921 901 4991 Φύγωμεν
952 4913 1044 4971 οὖν
1080 4914 1357 4984 ἀγαπητοὶ
1384 4914 1474 4966 τὸν
1518 4914 1732 4982 φθόνον,
1767 4914 1827 4965 τὸ

242 5024 510 5092 γέννημα
535 5015 628 5070 τοῦ
649 5014 925 5068 διαϐόλου*
959 5011 1047 5064 ἵνα
1079 5011 1153 5078 μὴ
1198 5006 1727 5077 συγκατακριθῶμεν
1750 5006 1828 5077 τῷ

250 5112 409 5166 Κάῖν
429 5125 443 5138 ο
471 5109 624 5167 ὅστις
659 5104 884 5170 στένων,
911 5103 1006 5155 καὶ
1029 5102 1251 5171 τρέμων
1277 5097 1543 5150 κατέλυσε
1568 5097 1658 5149 τὸν
1690 5097 1823 5167 βίον·

250 5202 405 5275 μηδὲ
443 5199 607 5253 πάλιν
624 5198 737 5259 τοῖς
763 5196 1019 5263 πονηροῖς
1047 5190 1340 5252 Ἰουδαίοις,
1358 5189 1555 5251 οἵτινες
1595 5190 1683 5242 διὰ
1703 5190 1830 5259 φθό-

246 5314 349 5352 νον
378 5292 492 5345 τῶν
516 5287 611 5344 τοῦ
637 5290 844 5359 Κυρίου
869 5284 1185 5354 θαυμάτων,
1212 5280 1534 5350 παρέδωκαν
1563 5282 1725 5335 αὑτὸν
1749 5283 1829 5345 εἰς

1900 4647 2086 4717 _vobis
2126 4646 2405 4702 ".Estote
2434 4648 2603 4717 igitur
2640 4648 2945 4704 imitatores
2972 4648 3178 4704 Christi
3217 4651 3362 4705 sicut
3406 4652 3501 4705 ﬁlii

1929 4738 2267 4801 charissimi,
2301 4750 2358 4794 et
2382 4740 2662 4794 ambulate
2694 4741 2749 4795 in
2775 4741 3073 4796 dilectione
3120 4744 3186 4795 ’⁷.
3223 4762 3241 4794 i
3293 4744 3504 4798 Anima:

1932 4829 2257 4884 sincerioris
2293 4831 2574 4900 peculiare
2598 4842 2683 4885 est
2711 4842 3116 4901 argumentum,
3149 4840 3210 4887 ut
3236 4833 3385 4902 quod
3414 4835 3503 4888 lo-

1933 4923 2144 4990 quitur,
2177 4923 2314 4977 nihil
2348 4938 2576 4992 prorsus
2600 4923 2828 4993 resipiat
2860 4925 3097 4979 invidiae.
3143 4926 3332 4979 Zelum
3362 4926 3502 4979 alio-

1934 5011 2026 5079 qui
2063 5011 2226 5066 habet
2255 5013 2476 5066 malitize
2534 5012 2717 5067 omnis
2749 5003 3047 5077 exsortem,
3074 5024 3129 5069 et
3161 5015 3254 5084 qui
3298 5014 3504 5085 jugiter

1934 5102 2030 5156 Dei
2062 5113 2268 5172 qumrat
2294 5119 2359 5157 ac
2386 5102 2568 5158 ﬁrmet
2584 5104 2831 5174 gloriam.
2860 5105 3008 5158 Nihil
3035 5106 3217 5159 minus
3245 5106 3505 5160 convenit

1934 5209 2098 5261 quam
2131 5202 2193 5248 ut
2226 5193 2585 5262 proﬁteamur
2627 5210 2729 5250 nos
2766 5210 2889 5249 esse
2929 5195 3228 5264 discipulos
3264 5195 3502 5260 Domini,

1938 5299 1999 5337 re
2027 5296 2209 5338 autem
2241 5284 2355 5352 ipsa
2386 5284 2631 5339 sinamus
2674 5300 2777 5339 nos
2801 5285 3055 5354 intercipi
3079 5294 3230 5355 peste
3260 5286 3502 5351 invidiae,

322 5448 372 5479 "
398 5446 417 5499 l
440 5445 574 5510 Reg.
607 5458 754 5501 xvm.
786 5442 839 5503 6,
860 5440 914 5493 7.
984 5439 1029 5468 ¹⁰
1060 5435 1201 5510 ibid.
1221 5437 1310 5510 _8.A
1344 5437 1544 5510 {'Psal.
1577 5450 1722 5510 cvm,
1755 5436 1807 5488 5.
1880 5436 1924 5465 ²²
1955 5435 2087 5489 ibid.
2118 5435 2208 5488 28.
2264 5435 2309 5466 ²³
2330 5435 2472 5491 Psal.
2501 5452 2551 5502 c,
2582 5438 2634 5492 '5.
2696 5437 2738 5469 ”
2765 5437 2965 5493 llabac.
2994 5437 3135 5503 1,13.
3199 5439 3242 5470 "
3263 5438 3496 5508 Philipp.

250 5535 293 5583 I,
330 5517 421 5579 15,
455 5505 551 5567 ΠῘ
618 5513 667 5544 ⁸⁸
689 5512 891 5566 Euhes.
924 5524 992 5564 Iv.
1031 5507 1120 5562 52.
1189 5508 1232 5537 ’⁷
1273 5507 1477 5577 Ephes.
1500 5523 1554 5572 v,
1584 5507 1634 5571 1,
1663 5505 1717 5557 2.

1570 5657 1798 5715 VARI/1‘1
1838 5657 2237 5715 LECTIONES.

341 5766 359 5817 ἱ
384 5764 522 5821 LXX
562 5762 655 5816 ἐπὶ
683 5758 955 5828 πονηροὺς
987 5755 1048 5809 οὐ
1078 5755 1301 5824 δυνήσῃ.
