4178 6436
796 384 931 448 1603

2040 378 2397 438 ANTIOCHI
2448 379 2782 436 Mll.\'.-‘l(2lll

3921 379 4043 441 16οί

793 499 960 567 inque
992 498 1166 550 vicem
1197 495 1614 548 tumultuemur.
1650 492 1706 547 ld
1744 493 1977 545 maxime
2008 502 2120 545 tum
2144 494 2362 547 conlin-

2468 490 2719 552 θάνατον,
2739 488 2916 550 καθὼς
2945 492 3215 557 μαρτυρεῖ
3231 490 3290 542 τὸ
3313 490 4043 557 Εύαγγέλιον.Συνημμένων

790 593 890 660 git,
928 591 971 642 si
1014 587 1237 657 quando
1268 586 1571 640 viderimus
1605 585 1871 654 quosdam
1902 585 2153 646 fratrum,
2198 584 2365 637 totius

791 682 1030 735 sodalitii
1084 695 1246 748 quam
1289 677 1567 737 minimos,
1616 684 1710 727 aut
1755 684 1902 726 certe
1946 674 2243 737 deformes,
2299 674 2363 725 ad

792 774 1166 841 magistratum
1207 767 1521 823 obeundum
1560 782 1681 820 esse
1739 775 2064 833 promotos:
2111 766 2369 817 audimus

792 864 1084 917 Dominum
1112 872 1241 913 tunc
1267 861 1539 913 dicentem
1572 877 1583 910 :
1615 876 1631 908 ι
1657 859 1730 910 Da
1745 858 1873 911 huic
1893 858 2095 921 locum,
2128 869 2186 910 ut
2217 872 2370 909 recu-

792 956 911 1009 bitu
940 956 1126 1009 sedeat
1175 953 1500 1005 sublimiore
1525 951 1589 1002 ".
1629 970 1645 1001 ι
1700 951 1842 1015 Quin
1884 952 2149 1003 miremur
2179 952 2361 1018 potius

796 1064 978 1099 rerum
1031 1046 1376 1099 conditarum
1422 1044 1767 1105 Curatorem,
1828 1043 1920 1111 qui
1971 1059 2065 1095 sua
2125 1043 2357 1110 sapienti

2459 581 2588 647 γὰρ,
2610 582 2796 648 φησιν,
2820 580 3023 642 αὐτῶν,
3047 576 3199 630 εἶπεν
3222 582 3249 630 ὁ
3267 583 3692 645 Ιίι).ἄτος,ιἰ“ίνα
3710 582 3900 633 θέλετε
3922 581 4043 631 ἀπο-

2460 670 2607 722 λύσω
2648 673 2815 735 ὑμῖν;
2857 672 3113 740 Βαραϐἄν
3150 673 3180 739 ἦ
3228 673 3435 741 Ἰησοῦν
3462 676 3553 726 τὸν
3585 676 3890 742 λεγόμενον
3918 671 4043 739 Χρι-

2466 763 2629 824 στόν;
2669 765 2783 832 ᾔδει
2817 765 2923 832 γὰρ
2957 765 3036 816 ὃτι
3068 764 3153 817 διὰ
3199 764 3391 833 φθόνον
3425 767 3749 834 παρέδωκαν
3811 765 3994 817 αὐτόν.
4024 781 4038 810 ι

2477 852 2535 905 Ὀ
2586 853 2642 904 δὲ
2695 855 3075 923 ἀμνησίκακος
3131 856 3359 925 Κύριος,
3417 857 3492 917 ὡς
3563 858 3751 926 ἀγκιίον
3819 855 4041 913 ἄκακον,

2469 945 2646 995 πάντα
2684 945 2976 1016 ύπέςρερεν.
3012 945 3169 1015 Λύτῷ
3230 950 3262 1016 ἡ
3315 947 3442 1014 δόξα
3496 949 3576 1010 είς
3636 949 3764 1011 τοῦς
3827 944 4042 1007 αἰῶνας.

2479 1035 2533 1085 ’Λ
2545 1036 2670 1105 μήν.

792 1148 957 1205 atque
992 1153 1189 1190 arcana
1219 1134 1582 1204 providentia,
1615 1133 1689 1186 illi
1722 1134 1945 1202 quidem
1971 1134 2118 1185 velut
2164 1137 2359 1187 sortito

794 1229 1167 1289 (miserabilis
1222 1227 1348 1279 licet
1383 1227 1437 1279 in
1506 1226 1744 1293 spei-ient
1813 1225 2216 1295 conspiciatur)
2283 1228 2617 1297 adjudieavit
2672 1233 3067 1296 lum-editatem,
3120 1236 3234 1288 sive
3280 1247 3506 1291 carleros
3542 1248 3603 1291 ut
3637 1238 4046 1306 antegredialnr

791 1331 1137 1379 Hllt‘lttrilalc,
1179 1326 1272 1371 aut
1299 1326 1451 1369 certe
1501 1326 1559 1369 ut
1603 1318 1853 1384 imperet,
1911 1333 2008 1367 nos
2059 1327 2244 1369 contra
2302 1320 2354 1371 in
2397 1333 2672 1389 postrema
2702 1324 2892 1377 sedere
2924 1326 3098 1378 voluit
3133 1336 3305 1394 parte.
3385 1328 3466 1381 Ab
3541 1329 3642 1381 bac
3689 1329 3886 1397 igitur,
3948 1328 4046 1381 fra-

795 1414 1121 1482 tres,pestili
1154 1412 1242 1463 lue
1276 1410 1493 1462 invidia!
1556 1424 1718 1476 quam
1744 1408 2001 1459 ocissime
2066 1409 2430 1475 delugiamus,
2471 1432 2591 1483 qua!
2615 1416 2816 1469 diaboli
2849 1432 3071 1483 germen
3094 1428 3197 1482 est,
3230 1429 3290 1471 ut
3320 1434 3387 1471 ne
3412 1422 3657 1489 compari
3692 1422 3870 1475 multa
3897 1422 4043 1476 dam-

794 1505 1033 1556 nationis
1074 1519 1197 1555 cum
1235 1502 1405 1554 Caino
1448 1501 1789 1552 involvamur
1824 1500 1957 1567 :qui
1996 1501 2219 1568 quidem
2255 1519 2349 1569 per
2410 1508 2643 1573 suspiria
2682 1509 2898 1569 crebra,
2936 1520 3267 1579 artnumque
3320 1512 3689 1566 miserabilem
3755 1524 4043 1567 tremorem

793 1596 958 1649 Vilalll
989 1611 1111 1648 cum
1152 1593 1440 1659 exegisset.
1505 1607 1689 1645 amara
1738 1600 1911 1644 morte
1961 1593 2181 1644 iunctus
2208 1596 2383 1657 est”;
2426 1615 2532 1650 neu
2569 1616 2758 1651 rursus
2818 1616 2941 1652 cum
2973 1601 3382 1669 malignissimis
3408 1603 3611 1657 Judzeis
3648 1606 3741 1673 qui
3776 1622 3878 1673 per
3916 1606 4047 1658 invi—

793 1687 937 1738 diam
986 1683 1315 1736 mirabilium
1359 1682 1451 1733 Dei
1496 1697 1745 1749 operum,
1795 1680 1969 1747 ipsum
2012 1682 2075 1731 ad
2123 1694 2350 1734 mortem
2394 1686 2780 1751 prodiderunt,
2812 1691 2891 1742 vel
2926 1700 3061 1743 teste
3117 1691 3430 1760 Evangelii).
3480 1694 3839 1764 Congregatis
3906 1697 4042 1749 enim

794 1775 932 1828 dixit
971 1774 1174 1826 Pilatus
1209 1788 1221 1822 :
1296 1789 1313 1819 ι
1385 1771 1556 1833 Quem
1620 1769 1784 1820 vultis
1855 1769 2131 1819 dimittam
2176 1770 2375 1822 vobis?
2416 1772 2716 1827 llarabliam
2766 1778 2977 1846 1115
3038 1793 3107 1831 an
3150 1779 3337 1832 Jcsum
3375 1782 3470 1849 qui
3502 1782 3705 1836 dicitur
3747 1782 4041 1840 Christus:

794 1867 1002 1920 sciebat
1022 1866 1192 1926 enim,
1230 1864 1356 1931 quia
1396 1878 1492 1929 per
1538 1860 1797 1913 invidiam
1845 1861 2198 1913 tradidissent
2239 1878 2363 1915 eum
2412 1865 2475 1916 ³ο.
2516 1884 2533 1915 ι
2577 1866 2842 1921 Dominus
2865 1878 3047 1922 autem
3111 1868 3321 1938 injurirc
3349 1874 3529 1927 omnis
3559 1874 3876 1939 immemor,
3909 1887 4040 1944 quas

796 1977 967 2030 agnus
1007 1959 1290 2019 innocens,
1338 1954 1471 2007 nihil
1496 1970 1602 2006 non
1642 1953 1910 2006 tolerabat
1959 1956 2458 2010 mansuetissimus.
2492 1959 2597 2028 Ipsi
2624 1961 2794 2029 gloria
2831 1962 2885 2014 in
2912 1961 3130 2015 sa3cula.
3165 1961 3365 2016 Amen.

1350 2089 1630 2143 IIDMIIJA
1666 2088 1799 2141 LVI.

1354 2202 1428 2254 Ne
1462 2201 1786 2251 contendito.

878 2318 1263 2375 Contentiosus
1310 2324 1365 2367 et
1424 2314 1518 2382 qui
1559 2313 1747 2365 litibus
1804 2314 2052 2367 serendis
2100 2314 2353 2379 insuevit,

799 2413 935 2466 adeo
987 2424 1109 2463 cum
1152 2405 1468 2460 domesticis
1511 2403 1799 2457 habiturus
1846 2420 2031 2472 pacem
2098 2421 2207 2457 non
2255 2413 2361 2466 est,

798 2503 893 2557 sed
942 2517 1007 2553 ne
1057 2513 1181 2551 cuin
1239 2496 1482 2549 externis
1558 2495 1804 2564 quidem.
1844 2496 1981 2548 Dum
2036 2496 2183 2548 enim
2251 2511 2362 2549 suae

799 2590 1138 2661 cogitationi,
1162 2603 1323 2656 quam
1349 2587 1717 2639 contentionis
1739 2589 1983 2640 serenda:
2020 2587 2204 2639 studio
2234 2602 2365 2640 con-

798 2684 967 2750 cepit,
994 2680 1145 2747 cupit
1177 2678 1352 2729 modis
1388 2676 1648 2728 omnibus
1688 2684 1746 2728 nt
1781 2676 2009 2729 satisliat
2036 2693 2051 2737 ;
2083 2692 2361 2744 nunquam

801 2788 908 2824 non
947 2770 1017 2823 ad
1063 2768 1337 2837 ingenium
1382 2774 1438 2817 et
1490 2776 1799 2818 commenta
1849 2766 2189 2818 veteratorizc
2232 2765 2366 2818 artis

798 2874 1098 2913 conversus
1115 2855 1549 2909 comminiscitur
1578 2856 1816 2907 novitias
1836 2854 2076 2916 frandes,
2103 2869 2165 2907 ac
2194 2854 2365 2907 veluti

799 2952 915 3003 acri
958 2948 1214 3017 quopiam
1259 2956 1430 2999 uestro
1488 2945 1751 3013 percitus,
1802 2945 2067 3012 perpetim
2102 2944 2368 2997 novandis

799 3043 991 3096 litibus
1014 3039 1416 3092 exstimulatur.
1444 3037 1546 3089 l’cr
1574 3037 1685 3088 lucc
1721 3035 1942 3087 interim
1972 3033 2094 3085 aliis
2128 3032 2369 3085 concitat

800 3132 1011 3194 turbas,
1056 3140 1112 3182 et
1150 3129 1266 3183 suis
1307 3145 1402 3181 eos
1433 3126 1671 3196 exagitat
1732 3124 2091 3194 intemperiis.
2128 3122 2223 3175 llic
2246 3123 2367 3177 talis

800 3222 935 3275 nulli
953 3237 1060 3274 non
1084 3219 1515 3287 deprehenditur
1536 3217 1765 3280 invisus,
1785 3224 1949 3285 atque
1970 3217 2218 3268 omnimu
2239 3216 2368 3269 odio

798 3313 963 3380 longe
988 3310 1373 3379 dignissimus;
1416 3308 1603 3360 verius
1632 3307 1885 3369 dixerim,
1918 3308 2163 3360 omnium
2198 3308 2367 3360 multo

3040 2092 3258 2144 ΛΟΓΟΣ
3294 2093 3438 2157 NG”.

2913 2204 3051 2270 Περὶ
3078 2205 3184 2256 τοῦ
3212 2208 3298 2273 μὴ
3325 2203 3556 2271 ἐρίζειν.

2540 2315 2857 2385 Ἀνθρωπος
2907 2317 3129 2385 ὲριστὴς
3178 2318 3238 2369 ού
3283 2317 3445 2386 μόνον
3480 2317 3618 2385 μετά
3668 2317 3782 2369 τῶν
3831 2319 4043 2371 οἰκείων

2460 2405 2559 2456 οὐκ
2597 2404 2887 2475 εἰρηνεύει,
2914 2404 3029 2456 ἀλλ’
3054 2406 3171 2457 οὐδὲ
3208 2406 3348 2473 μετά
3369 2405 3479 2459 τῶν
3506 2406 3830 2477 ἀλλοτρίων.
3866 2408 4042 2461 Θέλων

2462 2494 2569 2564 γάρ
2606 2494 2697 2547 τὸν
2748 2495 3023 2562 ἐριστικὸν
3069 2491 3232 2548 αὐτοῦ
3279 2498 3541 2564 λογισμὸν
3588 2498 4031 2569 πληροφορῆσαι,

2463 2586 2551 2636 ἀεὶ
2589 2587 2663 2647 εἰς
2712 2584 3060 2654 ῥᾳδιουργίας
3103 2585 3433 2655 ἐπιτηδεύει,
3456 2588 3549 2640 καὶ
3572 2588 3867 2656 ἐνδελεχῶς
3905 2606 4043 2660 παρ-

2463 2675 2765 2743 οτρύνεται,
2792 2676 2886 2727 καὶ
2910 2676 3102 2739 ἄλλους
3126 2677 3367 2733 θολωνεῖ.
3404 2679 3462 2732 Ὀ
3500 2680 3742 2741 τοιοῦτος
3775 2681 4041 2749 στυγητὸς

2464 2766 2617 2834 παρὰ
2658 2767 2823 2818 πᾶσιν
2866 2765 3177 2837 ἀνθρώποις
3218 2769 3560 2838 εὑρίσκεται,
3608 2770 3815 2838 μᾶλλον
3854 2772 3911 2825 δὲ
3944 2773 4034 2824 καὶ

2465 2856 2758 2917 οἴκτιστος.
2792 2855 3106 2926 Γέγραπται
3144 2858 3250 2930 γὰρ
3285 2860 3343 2911 ὲν
3364 2863 3431 2928 τῇ
3468 2862 3702 2921 Γενέσει,
3737 2862 3824 2913 ὅτι
3856 2862 4043 2915 ἐλαϐεν

2476 2944 2646 2996 Ἡσαῦ
2682 2946 2747 2996 ὲκ
2791 2945 2900 2997 τῶν
2936 2947 3248 3015 ἀλλοφύλων
3279 2952 3565 3014 γυναῖκας,
3600 2951 3694 3003 καὶ
3740 2945 3886 3019 ἦσαν
3932 2952 4042 3021 ἐρί-

2467 3034 2655 3097 ζουσαι
2686 3034 2763 3102 τῷ
2806 3036 2993 3088 Ἰσαὰκ
3036 3038 3129 3088 καὶ
3184 3040 3250 3107 τῇ
3301 3039 3586 3109 Ῥεϐέκκα.
3624 3034 3796 3092 Εἶπεν
3830 3041 3889 3094 δὲ
3932 3042 4042 3095 Ῥε-

2467 3127 2636 3179 ϐέκκα
2669 3127 2744 3197 τῷ
2787 3129 2972 3181 Ἰσαάκ
2997 3146 3009 3158 ³
3052 3147 3068 3177 ι
3100 3129 3460 3198 Προσώχθισα
3497 3135 3564 3201 τῇ
3616 3130 3727 3201 ζωῇ
3785 3149 3913 3202 μου,
3958 3133 4044 3185 διὰ

2466 3218 2563 3279 τὰς
2594 3217 2902 3289 θυγατέρας
2941 3218 3052 3269 τῶν
3110 3220 3242 3271 υἱῶν
3294 3220 3424 3274 Χέτ.
3457 3240 3476 3273 ›
3525 3222 3697 3275 Τοῦτο
3754 3223 4042 3293 δηλοῦντος

2466 3306 2562 3361 τοῦ
2585 3308 2765 3374 λόγου,
2796 3308 2879 3359 ὃτι
2918 3308 2978 3359 τὸ
3017 3308 3221 3377 ἐρίζειν
3283 3310 3466 3372 ἀθέοις
3502 3311 3757 3381 ἁρμόζει,
3796 3316 3891 3367 καὶ
3925 3316 4041 3384 ούχὶ

801 3404 1162 3457 miserrimus.
1208 3400 1486 3468 Scriptum
1532 3399 1732 3467 quippe
1765 3399 1819 3451 in
1864 3398 2062 3451 Genesi
2102 3407 2204 3460 est,
2238 3397 2364 3466 quia

2469 3397 2678 3457 πιστοῖς
2724 3394 2820 3446 καὶ
2872 3396 3143 3448 εὐλαϐέσι.
3177 3398 3240 3449 υἱ
3269 3398 3379 3467 γὰρ
3423 3398 3589 3461 ὅντως
3637 3401 3916 3479 εὐλαϐεῖς,
3953 3406 4042 3456 καὶ

801 3495 941 3548 Esau
976 3507 1171 3546 uxores
1219 3489 1429 3557 accepit
1458 3503 1566 3541 non
1603 3502 1714 3541 suae
1757 3488 1957 3554 gentis,
1985 3487 2080 3540 sed
2106 3497 2364 3551 externae,

800 3602 921 3654 qua:
953 3599 1051 3651 pro
1079 3579 1474 3635 consuetudine
1508 3577 1917 3630 contendebant
1964 3591 2090 3628 eum
2143 3578 2289 3629 Isaac
2314 3587 2371 3631 et

801 3675 1072 3730 ltebccca.
1123 3670 1269 3724 Dixit
1304 3677 1488 3721 autem
1524 3667 1770 3720 ltebccea
1814 3666 1962 3718 Isaac
2004 3682 2060 3716 τι
2115 3664 2371 3718 υἱειωάει

802 3780 891 3816 me
924 3764 1052 3816 vita:
1082 3776 1234 3823 mem,
1279 3759 1523 3826 mihique
1572 3756 1676 3824 ipsi
1723 3754 1937 3807 infensa
1978 3770 2098 3807 sum
2145 3764 2370 3822 propter

801 3854 943 3907 ﬁlias
990 3852 1226 3904 ﬁliorum
1295 3850 1402 3901 ller
1429 3848 1493 3899 ".
1525 3866 1543 3897 ι
1588 3846 1919 3899 Luculenter
1951 3860 2049 3912 per
2093 3845 2197 3897 hoc
2243 3844 2372 3897 insi-

802 3952 1004 3997 nuatur
1034 3956 1223 3994 verum
1248 3954 1392 4000 esse,
1417 3937 1546 4005 quia
1574 3936 1771 4004 pugnis
1826 3943 1990 4003 atque
2018 3935 2371 3987 contentione

801 4034 1096 4085 verborum
1122 4029 1429 4083 velitarium
1460 4026 1748 4095 digladiari
1784 4034 1840 4077 et
1870 4040 2055 4078 serere
2086 4025 2232 4081 lites.
2278 4040 2372 4077 co-

802 4139 923 4175 rum
949 4132 1033 4175 est
1063 4120 1155 4188 qui
1181 4135 1210 4171 a
1239 4119 1349 4171 Deo
1384 4124 1512 4169 sunt
1541 4114 1728 4175 alieni,
1758 4128 1866 4165 non
1900 4113 2027 4165 item
2053 4112 2293 4164 ﬁdelium
2319 4121 2375 4165 et

802 4214 897 4282 qui
934 4227 992 4265 se
1017 4208 1329 4264 excolenda
1379 4204 1568 4275 pietati
1598 4212 1743 4257 totos
1785 4210 2193 4255 consecrarunt.
2224 4201 2373 4255 Reli-

804 4300 940 4369 giosi
969 4299 1116 4351 enim
1137 4311 1265 4348 vere
1294 4294 1386 4362 qui
1420 4301 1619 4345 suntet
1648 4290 1851 4343 Christi
1900 4290 2179 4358 discipuli,
2215 4304 2373 4342 suum

804 4398 1053 4458 ipsorum
1080 4386 1406 4439 aemulantur
1431 4392 1488 4436 et
1508 4381 1791 4435 dominum
1813 4389 1869 4433 et
1894 4378 2195 4433 doctorem.
2223 4398 2239 4428 ι
2258 4379 2375 4431 Non

802 4476 1121 4537 contendet,
1138 4476 1216 4528 ait
1239 4473 1484 4541 quidam,
1522 4486 1624 4523 nec
1651 4469 1928 4532 clamabit,
1982 4484 2161 4536 neque
2190 4468 2378 4521 audiet

804 4583 928 4637 quis
949 4580 1138 4619 vocem
1158 4565 1278 4633 ejus
1294 4564 1358 4615 “.
1383 4581 1400 4609 ι
1451 4559 1728 4628 Quidquid
1790 4559 1879 4612 isti
1935 4558 2153 4612 tandem
2182 4559 2259 4612 rei
2289 4558 2374 4612 vel

803 4657 990 4728 operis
1013 4654 1422 4725 aggrediuntur,
1454 4665 1735 4717 nunquam
1766 4649 1819 4703 id
1844 4664 1943 4718 per
1984 4649 2135 4703 litem
2164 4657 2220 4702 et
2249 4664 2379 4702 eon-

2470 3485 2703 3554 Χριστοῦ
2722 3486 2979 3554 μαθηταὶ,
2996 3487 3089 3539 τὸν
3113 3488 3305 3540 ἑαυτὸν
3327 3489 3590 3559 δεσπότην
3612 3492 3705 3544 καὶ
3723 3492 4041 3549 διδάσκαλον

2474 3574 2785 3644 μιμοῦνται.
2822 3594 2839 3625 ι
2867 3576 2981 3627 Ούκ
3004 3578 3171 3645 ἐρίσει
3192 3578 3321 3647 γὰρ,
3348 3580 3534 3648 φησὶν,
3566 3582 3683 3633 οὐδὲ
3716 3584 4040 3651 κραυγάσει,

2469 3664 2591 3715 οὐδὲ
2614 3664 2833 3715 ἀκούσει
2851 3681 2933 3725 τις
2959 3665 3055 3734 τὴν
3080 3666 3260 3733 φωνὴν
3281 3668 3469 3719 αὑτοῦ.
3490 3687 3508 3716 ς
3528 3670 3633 3720 Καὶ
3656 3671 3705 3722 οί
3724 3674 3958 3726 τοιοῦτοι
3984 3676 4041 3725 ού

2472 3754 2766 3821 πειρῶνται
2789 3754 3103 3824 οίονδήποτε
3156 3758 3389 3825 πρᾶγμα
3422 3758 3489 3809 δι’
3516 3759 3745 3827 ἐρισμοῦ
3774 3764 3869 3815 καὶ
3904 3766 4046 3832 φιλο-

2471 3844 2678 3905 νεικίας
2709 3844 2985 3908 ἐπιλῦσαι,
3018 3845 3152 3897 ἀλλὰ
3173 3847 3241 3898 δι’
3272 3847 3573 3917 ὑπομονῆς,
3596 3852 3689 3902 καὶ
3709 3856 4040 3924 προσευχῆς,

2473 3935 2566 3985 καὶ
2598 3935 2868 4001 ὑπακοῆς,
2892 3936 2983 3987 καὶ
3014 3937 3391 4003 μονολογίστου
3411 3939 3644 4003 ὲλπίδος.
3677 3942 3850 4011 Φησὶν
3887 3946 3996 4014 γὰρ
4018 3948 4046 3998 ὀ

2474 4020 2937 4093 Κύριος,‹⁷Ηλθον
2954 4026 3048 4093 οὐχ
3067 4027 3151 4078 ἵνα
3175 4027 3313 4078 ποιῶ
3332 4028 3393 4080 τὸ
3420 4028 3629 4099 θέλημα
3652 4031 3708 4083 τὸ
3736 4033 3893 4101 ἐμὸν,
3912 4036 4045 4089 ἀλλὰ

2471 4113 2532 4164 τὸ
2566 4113 2771 4183 θέλημα
2792 4114 2885 4165 τοῦ
2911 4115 3219 4184 πέμψαντός
3249 4134 3316 4185 με
3346 4118 3579 4189 Πατρός.
3614 4139 3631 4169 ›
3655 4121 3769 4173 Καὶ
3793 4125 3821 4175 δ
3849 4126 4045 4195 Παροι-

2478 4205 2708 4275 μιαστῆς
2734 4206 2788 4256 δὲ
2819 4208 2946 4275 περὶ
2984 4208 3091 4259 τῶν
3121 4208 3350 4277 ὲριστῶν
3374 4227 3558 4278 φησιν,
3602 4231 3620 4261 ι
3646 4212 3739 4281 Μὴ
3770 4214 4043 4285 διαμάχου

2475 4294 2747 4365 ἀνθρώπῳ
2784 4296 3115 4363 γλωσσώδει,
3151 4299 3285 4367 μηδὲ
3326 4300 3641 4365 ὲπιστίὸαζε
3691 4304 3787 4355 ἐπὶ
3823 4305 3889 4357 τὸ
3936 4306 4044 4377 πῦρ

2477 4385 2641 4438 αὑτοῦ
2674 4385 2823 4449 ξύλα.
2845 4405 2862 4435 ι
2899 4386 3029 4452 Καὶ,
3067 4406 3085 4437 ι
3110 4387 3201 4458 Μὴ
3232 4388 3531 4458 ἀποκρίνου
3561 4391 3757 4461 ἄφρονι
3785 4395 3927 4464 πρὸς
3944 4398 4042 4466 τὴν

2478 4474 2680 4527 ἐκείνου
2717 4475 3047 4545 ἀφροσύνην,
3070 4474 3182 4546 [ἵνα
3224 4476 3299 4547 μὴ
3332 4479 3517 4546 ὅμοιος
3542 4481 3673 4549 γένῃ
3703 4483 3893 4547 αὐτῷ·
3927 4486 4039 4536 ἀλλ’

2479 4565 2771 4633 ἀποκρίνου
2805 4565 2995 4634 ἄφρονι
3023 4566 3163 4619 κατά
3189 4566 3287 4635 τὴν
3317 4567 3626 4637 ἀφροσύνην
3667 4570 3927 4642 ἑκείνου,]
3956 4576 4040 4627 ἴνα

2483 4656 2557 4725 μὴ
2593 4654 2852 4723 φαίνηται
2881 4656 3041 4723 σοφὸς
3066 4657 3194 4726 παρ’
3222 4657 3423 4727 ἑαυτῷ.
3446 4677 3464 4708 ι
3500 4659 3609 4711 Καὶ
3630 4658 3813 4725 ἄλλος,
3842 4682 3863 4713 ε
3887 4664 4039 4733 Ἔρις

806 4751 1107 4804 tentioucm
1160 4744 1227 4798 ad
1273 4743 1480 4797 exitum
1529 4754 1702 4808 usque
1751 4748 2075 4807 promovent
2103 4748 2160 4792 et
2186 4740 2367 4793 absol-

2472 4745 3021 4815 κατασπουδαζομένη
3075 4746 3286 4800 ικκαίει
3335 4748 3467 4818 πῦρ,
3518 4749 3613 4801 καὶ
3670 4752 3822 4820 μάχη
3874 4770 4039 4806 κατα-

803 4850 961 4895 vunt.
993 4838 1141 4892 Finis
1169 4836 1317 4890 enim
1362 4832 1662 4901 imponitur
1693 4832 1845 4900 operi
1882 4830 2119 4894 debitus,
2148 4846 2246 4899 per
2269 4846 2369 4899 pa-

807 4931 1075 4993 tientiam,
1107 4927 1435 4987 orationem,
1485 4922 1886 4985 obedientiam,
1938 4934 2143 4987 perque
2195 4919 2365 4972 solam

804 5036 955 5090 spem
987 5032 1332 5088 generosam.
1370 5014 1460 5068 Ait
1482 5014 1629 5067 enim
1670 5010 1988 5077 Dominus:
2015 5029 2033 5058 ι
2081 5009 2364 5073 Veni,non

808 5119 867 5163 ut
890 5110 1082 5161 faciam
1106 5107 1439 5160 voluntatem
1459 5101 1767 5165 meam,'sed
1786 5100 2121 5153 voluntatem
2136 5100 2255 5168 ejus
2266 5100 2359 5167 qui

808 5201 958 5255 misit
982 5213 1069 5252 me
1116 5198 1293 5252 Patris
1338 5197 1404 5249 ³³.
1438 5215 1455 5243 ι
1480 5194 1863 5247 Parmmiastcs
1893 5191 2023 5244 item
2045 5190 2113 5243 de
2132 5199 2359 5244 conten—

808 5291 964 5344 tiosis
984 5286 1247 5358 ejusmodi
1282 5303 1297 5339 :
1328 5305 1345 5334 ι
1379 5285 1457 5338 Ne
1488 5284 1669 5352 litiges
1702 5297 1827 5336 cum
1854 5282 2075 5336 homine
2103 5266 2361 5350 linguaci,

806 5396 983 5450 neque
1004 5389 1183 5434 struas
1204 5394 1368 5446 super
1398 5378 1579 5445 ignem
1615 5376 1761 5428 illius
1780 5374 1922 5443 ligna
1951 5373 2016 5423 ³⁸.
2055 5391 2073 5423 ι
2096 5372 2164 5426 Εῑ
2193 5388 2205 5425 :
2242 5392 2259 5423 ι
2285 5374 2363 5427 Ne

808 5472 1143 5541 respondeas
1166 5471 1331 5526 stulto
1357 5468 1658 5524 secundum
1683 5466 1966 5521 stultitiam
2020 5465 2186 5529 illius,
2211 5474 2268 5518 ut
2297 5481 2364 5520 ne

879 5670 1075 5723 “Luc.
1103 5668 1278 5731 “v.9.
1352 5672 1397 5701 "
1435 5669 1570 5725 Gen.
1599 5684 1671 5733 iv,
1698 5667 1782 5723 l-l.
1818 5669 1860 5699 ³ο
1884 5665 2071 5721 Matth.
2112 5679 2275 5727 xxvii,
2302 5663 2385 5729 l7,
2434 5664 2515 5719 18.

807 5741 851 5772 ³⁵
883 5738 1047 5794 Eccli.
1091 5755 1202 5801 vm,
1238 5739 1288 5791 4.

2466 4836 2770 4889 σπεύδουσα
2812 4836 3000 4905 ὲκχέει
3046 4831 3205 4905 αἷμα.
3239 4856 3259 4889 ι
3308 4839 3417 4891 Καὶ
3445 4839 3626 4903 πάλιν,
3662 4860 3680 4892 ι
3709 4842 3838 4895 Ἐὰν
3862 4846 4036 4913 epod;-

2466 4944 2563 4999 σῃς
2604 4929 2685 4989 είς
2732 4926 3026 4994 σπινθῆρα,
3061 4928 3497 4996 ἐκκαυθήσεταιο
3529 4930 3643 4993 καὶ,
3678 4931 3777 4983 ὲάν
3824 4935 4036 5003 ιμπτύ-

2466 5032 2565 5087 σῃς
2601 5018 2678 5077 είς
2705 5015 2888 5081 αὑτὸν,
2926 5015 3306 5085 σϐεσοήσεται,
3335 5019 3429 5070 καὶ
3487 5020 3775 5089 ἀμφότερα
3834 5025 3902 5076 ὲκ
3943 5025 4033 5076 τοῦ

2466 5108 2731 5176 στόματος
2775 5107 3151 5176 ἐκπορεύεται.
3182 5127 3200 5157 ι
3251 5109 3413 5175 Λέγει
3460 5109 3515 5163 δὲ
3555 5111 3651 5162 καὶ
3686 5112 3715 5163 δ
3762 5114 4032 5180 Ἰἀκωῦος,

2472 5218 2488 5246 ι
2509 5198 2683 5248 Ὅπου
2714 5196 2823 5266 γάρ
2851 5196 3011 5264 ζῆλος
3042 5195 3137 5249 καὶ
3167 5196 3305 5264 ἔρις,
3345 5200 3465 5251 ἐκεῖ
3505 5201 3910 5263 ἀκαταστασία,
3942 5209 4035 5256 καὶ

2467 5291 2576 5341 πᾶν
2622 5288 2827 5355 φαῦλον
2879 5290 3133 5357 πρᾶγμα.
3171 5308 3189 5339 ι
3234 5289 3292 5341 '0
3311 5290 3369 5342 δὲ
3402 5290 3613 5355 Παῦλός
3641 5310 3834 5362 φησιν,
3874 5315 3891 5345 ι
3914 5297 4031 5356 Τοῖς

2466 5380 2522 5431 δὲ
2556 5380 2614 5443 ἐξ
2643 5377 2884 5447 ἐριθείας
2916 5378 3012 5431 καὶ
3060 5378 3379 5431 ἀπειθοῦσιν
3416 5380 3513 5449 μὲν
3538 5384 3608 5450 τῇ
3636 5381 3889 5452 ἀληθεία,
3919 5400 4025 5433 1:5:-

2470 5467 2716 5537 θομένοις
2744 5465 2801 5519 δὲ
2834 5468 2904 5539 τῇ
2940 5468 3145 5539 ἀδικίᾳ,
3172 5468 3332 5539 ὀργὴ,
3360 5471 3453 5523 καὶ
3485 5470 3655 5541 θυμός
3678 5490 3690 5503 ·
3735 5472 3912 5542 θλῖψις
3940 5477 4031 5528 καὶ

2596 5664 2632 5697 ³⁸
2670 5664 2805 5720 Gen.
2831 5680 2993 5731 xxvii,
3024 5664 3110 5721 46.
3144 5665 3186 5697 ³⁸
3213 5664 3317 5720 lsa.
3352 5666 3547 5731 x1.n,?..
3592 5668 3636 5701 ”
3662 5668 3822 5723 Joan.
3850 5686 3920 5736 γι,
3942 5669 4028 5723 58.
