4178 6436
197 397 334 458 1605

1336 410 1660 468 IlflMIIJA
1696 411 1873 471 LVII.
1909 411 2093 471 -ΒΕ
2128 410 2328 469 ODIO.

3334 410 3472 474 1606

195 511 539 578 στενοχωρία
580 511 675 563 ἐπὶ
715 512 898 564 πᾶσαν
929 513 1106 584 ψυχὴν
1141 517 1434 585 ἀνθρώπου
1456 517 1551 569 τοῦ
1587 536 1785 587 κατερ-

1891 520 2142 573 videatur
2172 521 2274 572 sibi
2304 518 2525 586 sapiens
2556 519 2621 570 ³⁵.
2665 537 2682 568 ι
2709 518 2865 572 Alius
2889 520 3113 586 quidam
3145 538 3160 574 :
3202 542 3219 571 ι
3258 523 3347 577 Lis
3387 527 3469 579 [θ’

195 601 509 668 γαζομένου
561 603 621 653 τὸ
674 605 863 657 κακόν.
892 625 909 654 ι
949 608 1062 658 Καὶ
1093 611 1148 659 ἐν
1181 608 1384 670 ἄλλοις,
1419 629 1435 659 ι
1465 613 1562 663 ’ον
1586 613 1788 679 τρόπον

206 693 420 761 Ἰαννὴς
455 694 552 745 καὶ
587 694 847 765 Ἰαμϐρῆς
875 697 1215 767 ἀντέστησαν
1246 700 1322 769 τῷ
1350 703 1579 771 Μωϋσῇ,
1615 703 1789 767 οὕτως

196 786 292 836 καὶ
318 781 465 837 οὗτοι
500 787 852 840 ἀνθίστανται
884 793 948 859 τῇ
989 791 1234 861 ἀληθείᾳ,
1269 811 1286 842 ι
1357 795 1690 848 Ἐπιστέλλει
1734 799 1789 850 δὲ

197 875 294 925 καὶ
337 873 414 942 τῷ
445 875 610 943 Τίτῳ,
644 877 854 942 λέγων’
897 898 914 930 ι
944 879 1155 950 Μωράς
1181 880 1236 932 δὲ
1267 883 1544 953 ζητήσεις,
1574 887 1668 939 καὶ
1707 903 1785 952 γε·

194 965 510 1032 νεαλογίας,
544 968 640 1019 καὶ
670 970 836 1036 ἕρεις,
869 971 964 1022 καὶ
991 973 1170 1040 μάχας
1196 975 1425 1042 νομικὰς
1448 979 1782 1046 περιίστασο.

198 1055 356 1106 Εἰσὶν
415 1056 523 1126 γάρ
582 1058 882 1126 ἀνωφελεῖς
934 1063 1028 1115 καὶ
1087 1064 1328 1132 μάταιοι.
1360 1085 1379 1115 ι
1427 1067 1616 1136 Ἡμεῖς
1671 1064 1787 1131 οὖν,

197 1146 504 1215 ἀγαπητοὶ,
533 1148 608 1210 ὡς
635 1153 734 1219 τῆς
767 1152 1021 1220 ὑπακοῆς
1050 1155 1206 1216 ὄντες
1237 1156 1422 1220 τέκνα,
1468 1158 1542 1226 μὴ
1581 1161 1786 1227 ὁμοιω-

198 1235 390 1303 θῶμεν
433 1241 547 1299 τοῖς
591 1241 840 1308 ματαίοις
891 1244 1134 1311 ὲρισταῖς
1165 1246 1267 1296 καὶ
1301 1246 1653 1312 φιλονείκοις,
1689 1267 1789 1317 μα-

198 1329 391 1391 θόντες
435 1331 500 1382 ὲκ
527 1330 628 1397 τῆς
669 1331 822 1394 θείας
875 1333 1103 1404 Γραφῆς
1155 1336 1218 1388 τὸ
1271 1336 1534 1408 βλαϐερὸν
1554 1339 1648 1392 τοῦ
1678 1341 1790 1410 ἐρι-

201 1418 372 1487 σμοῦ,
411 1421 485 1489 μή
519 1438 651 1473 ποτε
683 1424 1119 1494 κατακριθῶμεν
1175 1428 1273 1479 σὺν
1300 1430 1413 1490 τοῖς
1449 1432 1790 1499 παρανόμοις

212 1511 516 1575 Ἰουδαίοις,
550 1511 747 1576 οἵτινες
793 1517 881 1568 ἀεὶ
925 1517 1248 1570 ἀνθίσταντο
1300 1522 1366 1589 τῇ
1411 1520 1668 1590 ἀληθεία·
1696 1523 1790 1574 καὶ

198 1604 396 1669 ελεγον
428 1604 507 1673 τῷ
539 1607 786 1677 Δεσπότῃ
809 1622 823 1639 ⁸
859 1627 877 1658 ‹
902 1609 974 1661 Σὺ
1009 1611 1140 1680 περὶ
1183 1614 1416 1666 σεαυτοῦ
1452 1619 1785 1685 μαρτυρεῖς·

199 1697 237 1764 ἡ
273 1697 554 1765 μαρτυρία
595 1714 689 1750 σου
718 1700 817 1751 οὐκ
844 1699 992 1753 ἐστιν
1014 1702 1244 1772 ἀληθής.
1271 1723 1288 1754 ι
1323 1706 1432 1757 Καὶ
1463 1707 1643 1771 πάλιν,
1675 1727 1691 1758 ι
1717 1708 1787 1761 Σὺ

197 1787 287 1848 τίς
317 1782 369 1839 εἴ
389 1805 404 1851 ;
428 1807 446 1838 ι
474 1789 616 1858 Πρὸς
631 1790 725 1852 οὓς
750 1791 1086 1861 ἀπεκρίνατο
1105 1795 1132 1848 ὁ
1159 1794 1382 1863 Κύριος,
1407 1812 1425 1847 ι
1453 1797 1563 1868 Τὴν
1590 1799 1785 1869 ἀρχὴν,

1892 615 2095 666 stinata
2133 613 2377 666 incendit
2418 613 2618 679 ignem,
2649 622 2705 665 et
2729 628 2913 681 pugna
2944 613 3213 669 festinans
3235 617 3472 672 effundit

1891 717 2103 772 pugnas
2131 703 2197 756 “.
2236 721 2253 753 ι
2290 703 2530 754 Rursum
2568 719 2613 752 τι
2640 704 2696 755 Si
2725 706 3032 758 sulllaveris
3067 705 3119 758 in
3149 709 3467 773 scintillam,

1889 793 2224 846 accendetnr
2250 802 2338 856 ;et
2367 794 2410 845 si
2432 794 2757 860 eonspueris
2783 795 2835 849 in
2862 797 3032 858 illam,
3061 797 3465 866 cxstingnetur,

1887 891 1943 936 et
1972 884 2134 936 ambo
2180 902 2245 938 ex
2280 903 2374 940 ore
2405 889 2711 957 procedunt
2738 888 2804 940 ".
2844 907 2862 936 ι
2895 889 3036 942 Dicit
3072 898 3127 942 et
3154 890 3348 943 beatus
3376 892 3468 944 Ja-

1889 975 2090 1029 cobus:
2124 996 2140 1025 t
2174 979 2271 1031 Ubi
2291 981 2435 1032 enim
2463 982 2613 1034 zelus
2629 990 2686 1033 ct
2710 982 3017 1039 contentio,
3048 982 3124 1034 ibi
3151 983 3472 1036 inconstan-

1892 1067 1963 1120 tia
2003 1077 2058 1122 et
2097 1086 2257 1124 onmc
2313 1089 2454 1141 opus
2483 1089 2711 1141 pravum
2739 1073 2803 1124 ’“.
2840 1092 2856 1122 ι
2893 1073 3095 1126 Paulus
3151 1084 3466 1142 prmterca:

1897 1162 2003 1214 clis
2025 1163 2117 1228 qui
2139 1174 2353 1217 suntex
2377 1164 2753 1226 contentione,
2772 1173 2827 1215 et
2858 1164 2949 1230 qni
2975 1180 3082 1215 non
3108 1165 3472 1230 acquiescunt

1887 1253 2130 1315 veritati,
2153 1256 2389 1308 credunt
2417 1266 2599 1309 autem
2624 1256 2922 1321 iniquitati,
2950 1255 3026 1308 ira
3051 1264 3107 1307 ct
3129 1256 3465 1320 indignatio;

1890 1342 2172 1397 tribulatio
2221 1356 2278 1398 et
2317 1347 2563 1415 angustia
2591 1347 2645 1399 in
2690 1361 2908 1398 onmem
2956 1345 3193 1398 animam
3229 1345 3472 1398 hominis

1889 1437 2169 1501 operantis
2199 1438 2401 1489 malum
2427 1438 2490 1489 ³³.
2528 1457 2545 1488 ι
2576 1438 2696 1490 Alio
2729 1438 2860 1490 item
2928 1437 3047 1488 loco
3084 1453 3096 1487 :
3141 1455 3159 1484 ι
3194 1435 3473 1499 Quemad-

1889 1521 2112 1578 modum
2141 1526 2362 1580 Jamnes
2392 1535 2447 1579 et
2477 1527 2749 1579 Mambres
2785 1526 3110 1578 restiterunt
3147 1525 3335 1593 Moysi,
3396 1526 3469 1578 ita

1888 1625 1942 1670 et
1972 1616 2027 1668 hi
2073 1617 2339 1669 resistunt
2372 1617 2589 1670 veritati
2617 1617 2684 1668 ⁸⁸.
2726 1635 2742 1666 ι
2776 1617 2962 1669 Sedet
2995 1615 3062 1668 ad
3130 1615 3310 1668 Titum
3344 1616 3471 1683 Epi-

1889 1711 2027 1762 stola
2050 1725 2096 1760 ει
2120 1706 2325 1762 Stultas
2342 1709 2695 1776 quzcstiones,
2715 1716 2770 1760 et
2792 1705 3157 1777 genealogias,
3177 1715 3232 1760 ct
3247 1715 3474 1758 conten-

1891 1802 2069 1854 tiones
2089 1809 2144 1853 et
2177 1815 2388 1869 pugnas
2414 1798 2550 1869 legis
2577 1799 2794 1861 devita;
2819 1807 2949 1852 sunt
2977 1799 3125 1850 enim
3159 1797 3387 1850 inutiles
3416 1806 3472 1850 et

197 1876 285 1927 ὅτι
333 1878 428 1928 καὶ
458 1877 604 1932 λαλῶ
643 1880 794 1949 ὑμῖν.
841 1881 1035 1951 Ἀμὴν,
1062 1883 1211 1952 ἀμὴν
1249 1883 1390 1952 λέγω
1415 1887 1562 1955 ὑμῖν,
1591 1889 1683 1938 ἐάν
1719 1890 1787 1957 μὴ

1897 1909 2047 1946 vante
2071 1892 2139 1944 “.
2169 1911 2186 1941 ι
2224 1892 2440 1961 1116
2468 1891 2576 1945 Nos
2606 1891 2790 1960 igitur.
2820 1890 3154 1951 charissimi.
3182 1891 3337 1957 quasi
3369 1888 3468 1943 filii

199 1969 540 2037 πιστεύσητε
568 1971 648 2023 ὃτι
672 1972 784 2039 ἐγώ
819 1973 957 2040 είμι,
989 1973 1352 2027 ἀποθανεῖσθε
1381 1978 1439 2028 ἐν
1462 1981 1581 2040 ταῖς
1607 1980 1785 2049 ἀμαρ-

1891 1982 2234 2041 υιιοιίἱειιιίαε,
2267 1997 2357 2043 ne,
2386 1995 2592 2048 qureso,
2618 1980 2927 2049 vaniloquis
2958 1979 3078 2033 istis
3103 1978 3472 2046 litigatoribus

199 2059 350 2120 τίαις
397 2061 573 2128 ὑμῶν.
597 2080 615 2112 ι
649 2062 805 2130 Αὑτῷ
844 2065 877 2132 ὴ
905 2063 1034 2127 δόξα
1063 2067 1144 2128 είς
1168 2067 1296 2129 τοὺς
1329 2069 1556 2130 αἰῶνας.
1593 2070 1785 2139 Ἀμήν.

1891 2082 1940 2126 et
1962 2073 2326 2127 contentiosis
2348 2073 2520 2126 simus
2539 2071 2829 2131 assimiles.
2851 2081 2911 2125 ut
2929 2071 3023 2139 qui
3045 2069 3291 2124 doctrice
3327 2068 3472 2123 Scri-

200 2157 368 2218 ptura
399 2151 714 2215 didicimus,
751 2170 916 2222 quam
943 2157 1103 2209 noxia
1131 2157 1202 2211 sit
1244 2166 1302 2211 et
1339 2157 1733 2214 detrimentosa
1786 2163 2032 2232 litigandi
2099 2163 2464 2226 consuetudo,
2497 2162 2791 2230 nequando
2839 2163 3120 2229 contingat
3148 2161 3336 2214 subire
3369 2174 3473 2212 nos

197 2241 575 2297 damnationis
606 2259 892 2298 censuram
921 2261 1046 2300 cum
1076 2247 1280 2316 iniquis
1303 2258 1358 2301 et
1415 2250 1699 2318 cxlegibus
1725 2254 1948 2319 Judzcis,
2015 2257 2109 2325 qui
2143 2257 2362 2310 veritati
2423 2264 2694 2323 perpetuo
2735 2254 3084 2316 restiterunt,
3123 2269 3187 2306 ac
3211 2252 3472 2305 dicebant

197 2331 441 2385 Domino
478 2350 491 2384 :
535 2351 553 2382 ι
601 2333 680 2388 Tu
751 2336 820 2390 de
890 2339 1064 2406 teipso
1105 2340 1479 2394 testimonium
1533 2343 1793 2409 perhibes
1831 2363 1846 2410 ;
1889 2347 2268 2401 testimonium
2314 2355 2467 2400 tuum
2501 2362 2611 2400 non
2653 2352 2739 2398 est
2790 2360 2981 2398 verum
3023 2344 3088 2395 δ’.
3139 2361 3157 2392 ι
3195 2344 3412 2396 Rursus
3451 2356 3467 2393 :

205 2441 224 2470 ι
257 2421 345 2474 Tu
369 2421 462 2488 qui
495 2437 556 2475 es
582 2423 604 2474 ’ἔ
637 2443 654 2473 ι
687 2425 754 2477 ad
778 2442 915 2493 quos
945 2428 1208 2482 Dominus
1269 2432 1588 2499 respondit:
1659 2453 1676 2484 ι
1703 2435 2040 2505 Principium
2077 2455 2134 2493 se
2170 2455 2313 2500 esse,
2350 2439 2478 2506 quia
2545 2446 2603 2490 et
2650 2453 2750 2505 ego
2796 2437 2995 2503 loquor
3043 2434 3219 2488 vobis.
3296 2431 3470 2485 Amen

199 2515 334 2567 dico
371 2515 552 2578 vobis,
583 2517 686 2569 nisi
727 2519 1079 2578 credideritis
1113 2524 1241 2592 quia
1271 2540 1373 2593 ego
1415 2540 1559 2589 sum,
1591 2524 1903 2583 moriemini
1938 2532 1993 2585 in
2038 2533 2280 2601 peccatis
2332 2531 2532 2584 vestris
2557 2530 2623 2580 ".
2664 2549 2682 2579 ι
2749 2528 2856 2596 Ipsi
2925 2525 3099 2596 gloria
3163 2525 3219 2577 in
3270 2521 3469 2577 smcula

198 2605 555 2661 seculorum.
576 2607 769 2661 Amen.

799 2723 1018 2775 ΛΟΓΟΣ
1073 2726 1199 2778 ΝΖ’.

674 2832 813 2899 Περὶ
846 2834 954 2888 τοῦ
974 2834 1062 2903 μὴ
1086 2836 1314 2904 μισεῖν.

273 2949 615 3018 Γέγραπται,
647 2947 728 3000 ὄτι
749 2950 777 2999 ὁ
802 2949 1033 3016 ἀγαπῶν
1052 2950 1143 3004 τὸν
1168 2951 1322 3014 Θεὸν,
1354 2952 1546 3023 ἀγαπᾷ
1579 2952 1673 3005 καὶ
1701 2952 1795 3004 τὸν

2425 2727 2711 2782 ΙΙΟΜΙΜΑ
2745 2727 2902 2780 LVII.

2430 2838 2708 2891 Neminem
2736 2838 2930 2890 oderis.

1961 2947 2372 3020 Scriptumest,
2390 2950 2652 3018 quoniam
2674 2950 2768 3017 qui
2789 2949 2967 3017 diligit
2993 2950 3188 3013 Deum,
3212 2948 3394 3019 diligit
3419 2962 3475 3004 et

197 3041 436 3107 ἀδελφὸν
457 3039 650 3092 αὐτοῦ·
676 3057 693 3090 ι
718 3042 746 3090 ὁ
773 3039 829 3090 δὲ
856 3038 1031 3107 μισῶν
1064 3039 1156 3092 τὸν
1185 3041 1414 3108 ἀδελφὺν
1449 3043 1638 3107 αὑτοῦ,
1675 3063 1693 3092 ι
1733 3043 1787 3096 οὐ

1893 3039 2119 3094 fratrem
2139 3055 2299 3092 suum
2318 3058 2360 3101 ;ι
2387 3039 2482 3107 qui
2505 3049 2687 3091 autem
2707 3039 2821 3091 odit
2850 3039 3160 3104 fratrem“,
3187 3059 3205 3089 ι
3225 3056 3334 3093 ιιοιι
3365 3041 3476 3094 Deo

201 3134 372 3204 μόνον
400 3135 482 3186 ὅτι
507 3131 807 3202 θεοστυγὴς
835 3132 1006 3196 ἐστιν,
1032 3131 1170 3184 ἀλλά
1195 3134 1290 3185 καὶ
1309 3132 1781 3201 ἀνθρωποκτόνος,

198 3224 447 3292 εἴρηται.
473 3221 692 3275 Φονεύει
749 3221 858 3290 γάρ
895 3221 1056 3273 αὑτὸν
1079 3225 1144 3290 τῇ
1165 3222 1403 3274 διαθέσει
1453 3224 1549 3274 τοῦ
1598 3224 1787 3291 μίσους

1891 3129 2103 3183 invisus
2137 3129 2337 3190 solum,
2370 3128 2466 3181 sed
2511 3137 2566 3181 et
2610 3127 2886 3180 homicida
2932 3137 3016 3181 est
3059 3146 3070 3179 :
3116 3144 3278 3197 quem
3325 3132 3475 3183 enim

1893 3220 2031 3280 odit.
2059 3220 2246 3274 arcani
2273 3220 2502 3272 affectus
2527 3219 2857 3287 cogitatione
2886 3219 3139 3287 perimit,
3165 3222 3322 3290 cujus
3353 3223 3477 3290 qui-

199 3315 349 3366 κατὰ
365 3313 626 3376 διάνοιαν,
656 3307 861 3372 οὗτινος
895 3311 956 3363 τὸ
977 3307 1136 3380 αἷμα,
1167 3313 1227 3364 οὐ
1251 3313 1339 3364 διὰ
1363 3313 1546 3380 ξίφους
1569 3313 1787 3381 ὲκχυθὲι

1897 3310 2022 3365 dem
2041 3310 2362 3380 sanguinem
2391 3326 2499 3364 non
2529 3309 2645 3363 acie
2663 3309 2836 3376 gladii
2854 3311 3195 3378 perspiciunt
3224 3312 3479 3365 homines

199 3400 488 3470 ἄνθρωποι
517 3400 835 3468 βλέπουσιν,
864 3399 998 3451 ἀλλά
1047 3403 1114 3470 τῇ
1151 3400 1388 3452 διαθέσει
1445 3400 1540 3453 τοῦ
1600 3403 1791 3470 μίσους

200 3490 497 3560 ἀναιρεθὲν
527 3489 660 3552 Θεὸς
684 3491 878 3560 ἐφορᾷ.
919 3492 1036 3555 Ὃς,
1060 3491 1121 3542 οὐ
1152 3490 1314 3560 μόνον
1345 3492 1486 3562 ὑπὲρ
1512 3491 1786 3561 πράξεων,

199 3583 349 3636 ἀλλά
380 3582 474 3634 καὶ
503 3581 642 3650 ὑπὲρ
668 3581 968 3650 λογισμῶν,
1007 3583 1103 3634 καὶ
1127 3583 1502 3652 προαιρέσεων
1532 3581 1785 3645 ἑκάστου,

201 3673 240 3744 ἢ
281 3672 607 3739 στεφάνους,
638 3671 671 3739 ἢ
697 3671 994 3741 τιμωρίας,
1021 3671 1365 3725 ἀποδίδωσιν.
1398 3671 1597 3732 Καθὼς
1630 3670 1790 3730 αὐτὸς

200 3765 298 3816 διά
353 3762 449 3816 τοῦ
503 3763 787 3832 προφήτου
828 3763 1013 3831 φησίν·
1055 3782 1071 3812 ι
1108 3762 1248 3829 Ἐγὼ
1283 3762 1512 3832 ἔρχομαι
1552 3779 1788 3827 συναγα-

202 3857 329 3924 γεῖν
360 3855 429 3908 τὰ
464 3853 622 3924 ἔργα,
657 3855 752 3907 καὶ
785 3855 911 3915 τοὺς
942 3854 1257 3922 λογισμοὺς,
1295 3854 1389 3904 καὶ
1422 3853 1520 3914 τὰς
1550 3853 1788 3921 ἐνθυμή-

204 3963 328 4007 σεις
361 3945 565 3999 αὐτῶν.
595 3964 613 3995 ι
660 3944 820 3997 Ἀλλά
852 3947 946 3996 καὶ
989 3944 1156 3998 κακία
1211 3947 1269 3995 ὲν
1320 3944 1599 4012 λογισμοῖς
1634 3942 1789 4011 μελε-

199 4039 456 4108 τωμένη,
508 4035 763 4106 θρασύνει
796 4035 1041 4106 καρδίαν,
1076 4033 1447 4102 ἀναιρουμένη
1493 4034 1570 4096 δὲ,
1601 4033 1667 4085 δι’
1698 4035 1790 4100 ὲγ-

203 4127 476 4195 κρατείας
515 4127 610 4178 καὶ
652 4125 865 4186 ἐλπίδος
925 4124 1201 4195 συντρίϐει
1255 4125 1447 4190 αὑτήν.
1507 4123 1789 4191 Ἀθέμιτον

204 4214 305 4271 οὖν
335 4219 484 4286 ἔχειν
522 4217 669 4286 ἡμᾶς
724 4218 879 4286 μῖσος
931 4216 1068 4284 πρδς
1107 4216 1196 4268 τὸν
1231 4216 1501 4283 ὁμόφυλον
1531 4216 1625 4266 καὶ
1657 4214 1790 4282 ὁμόι

206 4325 430 4372 πιστον,
457 4309 552 4361 καὶ
582 4307 1024 4377 συγκληρονόμον
1051 4307 1152 4376 τῆς
1181 4307 1462 4376 βασιλείας
1492 4305 1600 4357 τῶν
1630 4305 1788 4374 οὐρα-

208 4400 346 4453 νῶν.
394 4400 734 4468 Μισήσωμεν
771 4394 864 4452 οὖν
899 4399 991 4450 τὸν
1042 4399 1307 4467 μισοῦντα
1338 4400 1489 4467 ἡμᾶς
1522 4398 1786 4459 διάϐολον,

208 4493 313 4544 καὶ
357 4491 426 4543 τὰ
463 4489 604 4562 ἔργα
649 4489 838 4555 αὐτοῦ,
885 4489 976 4541 τὸν
1017 4489 1197 4542 κοινὸν
1230 4491 1449 4543 πάντων
1485 4488 1791 4559 ἀνθρώπων

208 4580 435 4651 ἐχθρὸν,
464 4580 703 4650 μάλιστα
720 4581 777 4632 δὲ
803 4580 1012 4633 πιστῶν
1033 4597 1048 4612 ο
1073 4581 1249 4642 οὐδεὶς
1279 4581 1387 4650 γὰρ
1409 4579 1591 4632 πίστιν
1620 4580 1786 4646 ἐπαγ-

1891 3401 2149 3464 cflusum,
2183 3401 2327 3454 Deus
2354 3415 2482 3454 vero
2505 3401 2657 3454 illum
2689 3401 2839 3454 videt
2862 3401 2974 3453 odii
3007 3402 3251 3471 maligno
3275 3403 3474 3457 affectu

1891 3501 2234 3560 peremptum
2260 3492 2381 3559 :qui
2403 3491 2630 3544 cuilibet
2661 3502 2912 3545 nostrum
2939 3500 3036 3544 aut
3066 3507 3328 3546 coronam
3353 3495 3477 3548 red-

1891 3582 1993 3646 dit,
2042 3592 2137 3636 aut
2169 3584 2424 3636 ultricem
2459 3598 2678 3650 pmnam
2716 3598 2815 3651 pro
2849 3582 3115 3651 qualitate
3144 3600 3255 3637 non
3291 3587 3478 3652 operis

1892 3671 2093 3735 solum,
2121 3673 2218 3728 sed
2264 3681 2320 3726 et
2345 3673 2696 3741 cogitationis
2724 3681 2781 3726 et
2807 3672 3096 3727 destinata:
3133 3675 3471 3730 voluntatis:

1891 3763 2350 3831 quemadmodum
2394 3763 2536 3818 idem
2570 3779 2669 3832 per
2721 3765 3046 3832 prephetam
3089 3765 3224 3818 dicit
3263 3785 3275 3818 :
3309 3788 3325 3815 ι
3362 3767 3476 3837 Ego

1890 3850 2053 3903 venio
2085 3858 2145 3903 ut
2174 3866 2498 3919 congregem
2532 3867 2698 3920 opera
2724 3863 2780 3905 et
2810 3853 3172 3921 cogitationes
3201 3862 3256 3908 ct
3287 3856 3478 3909 inven-

1891 3940 2071 3995 tiones
2102 3978 2116 4001 ,
2145 3940 2260 3994 sive
2285 3941 2528 3993 internas
2560 3942 2947 4009 conceptiones
2988 3958 3181 3996 eorum
3214 3944 3280 3996 “.
3313 3966 3330 3993 ι
3368 3946 3472 4002 Sed

1891 4040 1946 4086 et
1969 4033 2174 4085 malitia
2198 4032 2410 4085 diutina
2432 4033 2766 4100 cogitatione
2793 4035 2846 4086 in
2868 4035 3051 4088 animo
3074 4046 3290 4090 versata
3311 4047 3475 4105 atque

1895 4123 2157 4186 exercita,
2189 4122 2473 4176 audaciam
2499 4123 2651 4176 abdit
2670 4124 2822 4176 cordi
2851 4141 2865 4186 ;
2891 4141 3012 4192 quae
3057 4134 3237 4179 tamen
3266 4143 3364 4195 per
3388 4129 3478 4180 ab-

1895 4215 2209 4267 stinentiam
2235 4223 2290 4266 et
2317 4229 2468 4282 spem
2491 4213 2691 4274 ablata,
2715 4214 3063 4268 contritionis
3086 4216 3316 4284 gratiam
3339 4234 3474 4270 con-

1893 4305 1998 4358 fert
2018 4305 2170 4358 cordi
2192 4305 2392 4358 eidem.
2423 4306 2540 4359 Non
2574 4305 2737 4373 igitur
2768 4305 2847 4359 fas
2877 4307 2948 4360 sit
2972 4307 3152 4362 odisse
3183 4325 3282 4362 nos
3304 4326 3472 4362 unum

1890 4397 2127 4466 aliquem
2152 4414 2182 4451 e
2205 4396 2642 4460 contribulibus,
2674 4406 2768 4449 aut
2793 4397 2886 4465 qui
2937 4398 3044 4452 fide
3087 4415 3374 4468 compares
3418 4410 3474 4455 et

1894 4488 2209 4542 cohteredes
2255 4487 2426 4540 futuri
2489 4495 2619 4540 sunt
2648 4489 2801 4556 regni
2854 4490 3120 4542 calorum
3149 4507 3163 4541 :
3192 4491 3472 4544 diabolum

1892 4594 2062 4647 porro
2089 4580 2216 4634 inde
2242 4579 2445 4633 fessum
2474 4588 2676 4632 nostra:
2702 4580 2894 4633 salutis
2910 4595 3123 4634 osorem
3146 4582 3326 4636 odisse
3345 4584 3474 4636 licet

206 4673 540 4742 γελλόμενος
601 4671 930 4742 ἁμαρτάνει.
966 4672 1101 4726 Οὐδὲ
1150 4673 1371 4741 ἀγάπην
1411 4671 1572 4740 ἔχων,
1616 4675 1786 4740 μισεῖ.

1896 4685 2240 4724 communem
2289 4671 2537 4723 omnium
2587 4670 2873 4724 hominum
2938 4671 3185 4737 hostem,
3237 4675 3471 4729 maxime

205 4761 455 4830 Φανερδν
505 4761 615 4833 γὰρ
671 4763 734 4814 τὸ
772 4763 988 4832 δένδρον
1049 4763 1155 4816 ἀπὸ
1188 4762 1282 4816 τοῦ
1316 4762 1529 4832 καρποῦ
1559 4763 1787 4829 γίνεται.

222 4854 284 4905 Ὁ
321 4848 417 4904 οὖν
446 4854 918 4924 ἐπαγγελλόμενος
944 4853 1180 4924 Χριστοῦ
1216 4848 1377 4919 εἶναι,
1407 4855 1474 4908 δι’
1504 4849 1578 4907 ὧν
1615 4854 1792 4924 πράσ-

211 4961 322 5007 σει,
363 4943 682 5013 ὸφθήσεται.
745 4945 945 5008 Καθὼς
977 4948 1032 4997 ὲν
1065 4949 1183 5009 ταῖς
1228 4946 1556 5016 Παροιμίαις
1584 4947 1788 5016 γέγρα-

211 5050 384 5096 πται,
430 5033 511 5086 ὅτι
546 5052 564 5083 ‹
601 5036 713 5092 Πᾶς
751 5034 812 5095 ὃς
865 5038 1015 5104 μισεῖ
1067 5035 1297 5102 ἀδελφὸν
1343 5037 1579 5105 πτωχὸν,
1629 5029 1786 5099 οὗτος

209 5126 312 5178 καὶ
353 5124 540 5190 φιλίας
567 5124 790 5195 μακρὰν
824 5125 980 5177 ἔσται
1003 5144 1014 5156 ·
1056 5127 1196 5196 ἀνὴρ
1234 5126 1291 5178 δὲ
1320 5127 1584 5196 φρόνιμος
1618 5128 1786 5197 εὑρή·

212 5234 302 5270 σει.
364 5216 559 5285 αὐτήν.
586 5235 604 5266 ι
644 5217 704 5269 '0
754 5217 813 5269 δὲ
856 5217 1136 5286 Ἰωάννης,
1181 5240 1198 5269 ι
1231 5218 1291 5270 Ὀ
1349 5219 1543 5286 λέγων,
1600 5220 1786 5287 φησὶν,

209 5312 271 5362 ἐν
313 5309 394 5379 τῷ
424 5311 566 5379 φωτὶ
595 5305 760 5374 εἶναι,
785 5313 880 5363 καὶ
907 5312 1002 5363 τὸν
1032 5310 1262 5378 ἀδελφὸν
1287 5310 1454 5363 αὑτοῦ
1482 5311 1681 5381 μισῶν,
1733 5313 1792 5362 ὲν

208 5406 280 5473 τῇ
319 5405 515 5473 σκοτία
570 5405 719 5457 ἐστὶν
758 5405 862 5468 ἕως
913 5407 1058 5472 άρτι.
1115 5405 1222 5455 Καὶ
1280 5404 1375 5455 ὲάν
1417 5421 1498 5460 τις
1534 5404 1660 5471 εἴπῃ
1708 5404 1790 5456 ὅτι

1897 4763 2141 4816 fidelium
2169 4781 2181 4814 :
2206 4764 2380 4825 illum,
2416 4763 2662 4829 inquam,
2688 4777 2812 4814 cum
2841 4764 3107 4831 operibus
3134 4764 3305 4832 ipsius
3351 4781 3470 4818 ma—

1895 4856 2056 4924 lignis
2084 4854 2383 4907 oderimus.
2420 4854 2593 4908 Nemo
2622 4856 2716 4923 qui
2747 4857 2956 4924 integra
2986 4856 3090 4909 fide
3123 4872 3188 4908 ex
3222 4857 3471 4923 professo

1895 4948 1966 5000 sit
1994 4945 2363 5008 Christianus,
2399 4955 2586 5014 peccat
2626 4948 2730 5001 hoc
2765 4962 2963 5016 genere
2999 4946 3135 5010 odii,
3168 4961 3345 5014 neque
3373 4947 3468 5014 qui

1896 5037 2060 5090 habet
2113 5037 2469 5099 charitatem,
2516 5037 2636 5090 odit
2683 5038 2854 5091 ullum
2896 5037 3200 5090 hominum.
3243 5038 3471 5092 Arboris

1892 5127 2127 5197 qualitas
2159 5143 2225 5181 ex
2255 5128 2436 5181 fructu
2463 5143 2626 5196 quem
2674 5128 2901 5196 profert,
2936 5128 3144 5196 liquido
3187 5128 3470 5194 cognosci-

1897 5226 1986 5270 tur
2013 5219 2079 5270 ⁵⁸.
2107 5216 2210 5283 Qui
2237 5217 2402 5284 igitur
2435 5231 2493 5270 se
2514 5217 2718 5270 Christi
2753 5217 3045 5284 profitetur
3081 5231 3201 5269 esse
3228 5216 3469 5283 discipu-

1897 5311 2031 5372 lum,
2065 5324 2160 5377 per
2188 5323 2251 5362 ea
2286 5323 2408 5376 quae
2439 5307 2588 5371 facit,
2629 5315 2737 5361 stet
2781 5304 2852 5362 ne
2875 5307 3147 5361 aChristo
3201 5307 3470 5376 intellige-

1892 5408 1999 5460 tur,
2044 5399 2503 5466 quemadmodum
2545 5399 2600 5450 in
2657 5398 2977 5452 Proverbiis
3042 5399 3305 5465 scriptum
3359 5407 3465 5462 est,

209 5491 407 5560 ἀγαπᾷ
449 5493 542 5544 τὸν
574 5493 730 5558 Θεὸν,
768 5496 864 5547 καὶ
917 5493 1008 5545 τὸν
1052 5492 1282 5560 ἀδελφὸν
1337 5495 1508 5562 μισεῖ,
1547 5493 1787 5562 ψεύστης

1891 5491 2012 5560 quia
2054 5510 2070 5540 ι
2101 5490 2292 5544 Omnis
2324 5489 2414 5558 qui
2439 5489 2554 5542 odit
2577 5489 2797 5542 fratrem
2831 5504 3146 5558 pauperem,
3193 5489 3284 5542 hie
3309 5489 3467 5559 longe

287 5626 334 5696 ’f
369 5627 533 5682 Prov.
564 5645 708 5694 xxvr,
741 5630 793 5682 4.
865 5630 910 5661 ³⁸
948 5629 1119 5684 Eccli.
1151 5645 1336 5696 xxvm,
1370 5629 1456 5683 15.

210 5695 255 5724 δ’
298 5695 412 5779 Tit;
451 5713 530 5762 ιιι,
593 5702 645 5754 ‘J.
758 5699 983 5755 "Joan.
1027 5715 1140 5765 vni,
1195 5699 1278 5753 15.

212 5779 310 5817 XII.
348 5785 433 5819 οδ.

1533 5629 1575 5658 ³⁷
1602 5627 1738 5680 ibid.
1765 5628 1852 5680 Η.
1931 5627 1973 5657 ³⁸
2001 5626 2113 5680 Jac.
2145 5643 2222 5690 ιιι,
2255 5626 2338 5678 16.
2419 5626 2459 5657 ³⁸
2489 5626 2645 5679 Rom.
2673 5641 2729 5686 ιι,
2754 5625 2868 5688 8,9.

1405 5701 1449 5731 "
1491 5698 1621 5752 ibid.
1671 5699 1740 5752 ‘25
1802 5698 1890 5750 ‘25.

2967 5625 3012 5654 δ’
3043 5623 3252 5678 IlTim.
3292 5640 3366 5682 ιιι,
3409 5622 3462 5676 8.

3198 5696 3243 5727 ⁸⁸
3274 5693 3462 5748 Matth.

2008 5697 2090 5749 "‘1
2120 5697 2276 5751 Joan.
2304 5711 2360 5758 ιι,
2415 5696 2500 5747 Il.
2614 5696 2657 5725 "
2685 5697 2786 5750 lsa.
2839 5712 2978 5758 ιιι-ι,
3008 5695 3093 5748 I8.
