4178 6436
749 392 883 456 1607

1990 378 2351 438 AN'I‘IUCIII
2393 373 2735 434 MONM‘JII

3902 364 3921 425 l
3934 368 4039 427 608

743 506 849 559 erit
870 502 939 555 ab
963 498 1224 559 amicitia,
1244 496 1328 549 vir
1344 504 1523 549 autem
1540 494 1781 563 prudens
1806 492 2049 544 inveniet
2070 506 2191 542 eam
2212 488 2249 516 ‘7
2265 528 2275 539 .
2294 508 2309 535 ι

2431 485 2591 536 ἐστίν.
2640 484 2699 532 ὐ
2745 482 2854 551 γὰρ
2887 480 2964 549 μὴ
3015 478 3247 545 ἀγαπῶν
3304 478 3397 531 τὸν
3434 478 3663 545 ἀδελφὸν
3723 479 3946 541 αὑτοῦ,
3983 480 4042 531 ὃν

744 596 984 650 Joannes
1022 604 1194 643 vero:
1238 607 1254 637 ι
1289 586 1389 652 Qui
1436 587 1570 639 dicit
1602 586 1656 641 in
1700 586 1909 638 lumine
1968 599 2027 637 se
2061 600 2202 643 esse,
2261 590 2317 633 ct

748 684 971 737 fratrem
1001 694 1162 733 suum
1189 677 1327 738 odit,
1365 675 1418 728 in
1453 675 1699 728 tenebris
1724 683 1807 725 est
1845 688 2016 740 usque
2047 672 2227 723 adhuc
2248 670 2314 720 “.

747 773 803 826 Si
854 769 980 838 quis
1030 768 1268 829 dixerit,
1324 767 1453 834 quia
1512 782 1613 834 ego
1660 764 1827 832 diligo
1877 764 2071 825 Deum,
2112 769 2166 813 et
2213 760 2321 813 fra-

748 873 887 917 trrm
919 877 1079 915 suum
1110 859 1246 917 odit,
1276 858 1509 911 mendax
1533 866 1619 909 est
1648 873 1662 920 ;
1694 858 1787 924 qui
1818 856 1965 909 enim
1994 870 2100 907 non
2140 851 2319 919 diligit

748 956 973 1007 fratrem
1013 967 1171 1004 suum
1212 966 1374 1018 quem
1405 950 1573 1011 videt,
1601 949 1769 1001 Deum
1804 962 1966 1015 quem
2005 961 2112 999 non
2146 944 2316 1006 videt,

748 1043 1022 1114 quomodo
1056 1050 1233 1110 potest
1261 1041 1488 1109 diligere
1518 1040 1583 1093 δ’.
1616 1059 1633 1090 ι
1682 1038 1821 1092 Dicit
1857 1039 2079 1105 insuper
2114 1045 2169 1088 et
2193 1036 2315 1088 lex:

758 1157 775 1188 ι
808 1138 922 1190 Non
972 1135 1200 1187 habebis
1252 1133 1379 1185 odio
1419 1132 1641 1185 fratrem
1694 1141 1848 1183 tuum
1897 1131 1949 1182 iu
2001 1127 2167 1181 corde
2203 1136 2318 1186 tuo,

751 1228 1137 1287 redareutione
1157 1225 1451 1290 redargues
1475 1240 1623 1287 eum,
1652 1234 1708 1277 et
1729 1240 1834 1276 non
1866 1223 2104 1289 accipies
2150 1235 2319 1288 prope

751 1336 876 1370 eum
910 1326 1212 1385 peccatum.
1252 1336 1269 1367 ι
1308 1316 1373 1368 I'Zt
1403 1332 1416 1366 :
1450 1333 1468 1364 ι
1508 1315 1624 1367 Non
1647 1314 2074 1367 eomminaberis
2119 1313 2321 1380 populo

755 1410 917 1461 tuo“.
958 1425 975 1456 ι
1003 1406 1369 1459 (lonformitcr
1396 1407 1629 1459 Paulus:
1661 1424 1677 1455 ι
1714 1404 2141 1457 Consider‘mus
2180 1403 2321 1454 invi-

751 1516 867 1551 cem
898 1499 951 1551 in
988 1499 1429 1567 provocationem
1462 1498 1746 1551 charitatis
1781 1507 1835 1549 et
1872 1498 2139 1550 bonorum
2189 1511 2322 1561 ope-

755 1593 948 1643 rum“.
984 1610 1001 1639 ι
1036 1592 1137 1644 Et:
1176 1610 1193 1640 ι
1218 1591 1401 1643 Estotc
1436 1590 1501 1642 ad
1550 1591 1780 1651 invicem
1816 1589 2057 1655 benigni,
2112 1585 2320 1639 miscri-

753 1682 967 1743 cordes,
994 1682 1262 1733 donantes
1284 1682 1543 1741 invicem,
1565 1682 1707 1734 sicut
1733 1692 1789 1734 et
1819 1682 2070 1733 Christus
2099 1677 2324 1731 donavit

756 1774 1213 1841 vobis".lll7
1244 1799 1259 1822 ι
1294 1774 1459 1826 Infert
1481 1773 1656 1826 idem:
1686 1791 1704 1821 ι
1734 1774 1787 1825 Si
1816 1773 2015 1837 linguis
2038 1772 2321 1823 hominum

2419 577 2687 645 ἑώρακεν,
2745 574 2837 625 τὸν
2882 572 3119 636 θε>ιν,ὂν
3150 572 3248 640 οὐχ
3278 571 3546 640 ἑώρακεν.
3602 572 3724 633 πῶς
3790 571 4037 623 δύναται

2418 670 2679 737 ἀγαπῴη
2710 685 2726 717 ι
2768 666 2935 732 Λέγει
2975 666 3031 717 δέ
3070 666 3164 716 καὶ
3190 666 3218 716 6
3249 665 3437 732 νόμος,
3474 682 3493 713 ι
3517 664 3591 715 υύ
3623 666 3918 733 μισήσεις
3949 664 4039 716 τον

2418 760 2651 827 ἀδελφόν
2701 776 2797 811 σου
2833 760 2891 809 ἐν
2942 760 3009 827 τῇ
3045 756 3259 827 διανοίᾳ
3304 774 3419 809 σου.
3464 757 3721 825 Ἐλεγμῷ
3771 756 4039 822 ἐλέγξεις

2419 853 2604 915 αὐτὸν,
2638 854 2731 904 καὶ
2764 852 2826 903 οὐ
2855 850 3017 919 λήψει
3047 850 3115 901 δι’
3136 850 3301 901 αὐτὸν
3335 850 3635 918 ἁμαρτίαν.
3677 868 3695 899 ι
3740 850 3932 909 Καὶ,‹
3962 848 4037 898 tl“;

2424 948 2638 1016 μηνιεῖς
2667 946 2782 1007 τοῖς
2811 944 2906 997 τοῦ
2934 942 3063 995 λαοῦ
3090 960 3206 997 σου.
3237 960 3254 991 ι
3307 942 3536 1011 Ὁμοίως
3583 944 3677 995 καὶ
3706 945 3736 995 6
3781 940 4035 1003 Παῦλος,

2428 1034 2851 1103 «Κατανοῶμεν
2897 1033 3165 1102 ἀλλήλους
3228 1034 3308 1095 είς
3376 1034 3740 1103 παροξυσμὸν
3793 1032 4038 1101 ἀγάπης

2425 1129 2523 1179 καὶ
2580 1127 2766 1178 καλῶν
2806 1126 3005 1196 ἔργων.
3034 1145 3050 1178 ι
3101 1127 3236 1189 Καὶ,
3276 1146 3293 1176 ι
3332 1127 3553 1179 Γίνεσθε
3611 1128 3694 1190 εἰς
3746 1127 4037 1194 ἀλλήλους

2422 1220 2673 1288 χρηστοὶ,
2708 1219 3098 1286 εὔσπλαγχνοι,
3141 1217 3492 1287 χαριζόμενοι
3538 1219 3786 1279 ἑαυτοῖς,
3834 1216 4036 1276 act-106i;

2421 1316 2449 1365 ὁ
2473 1313 3030 1383 Χριστοςέχαρίσατο
3059 1312 3244 1377 ὑμῖν.»
3271 1312 3378 1361 Καὶ
3397 1311 3705 1378 ὲπιφέρει,ι
3740 1310 3883 1361 Ἐὰν
3912 1311 4036 1367 ταῖς

2422 1404 2695 1471 γλώσσαις
2727 1404 2836 1455 τῶν
2887 1402 3194 1474 ἀνθρώπων
3249 1402 3393 1453 λαλῶ
3442 1403 3539 1454 καὶ
3573 1403 3685 1455 τῶν
3735 1401 4031 1468 ἀγγέλων,

2424 1498 2643 1565 ἀγάπην
2670 1496 2726 1548 δὲ
2760 1496 2834 1563 μὴ
2857 1495 2985 1564 ἔχω,
3006 1496 3206 1561 γέγονα
3238 1494 3436 1562 χαλκὸς
3468 1494 3639 1562 ἠχῶν,
3668 1497 3699 1562 ἢ
3728 1492 4035 1561 κύμϐαλον

2423 1585 2756 1641 ἀλαλάζον.»
2834 1583 3028 1651 Ἡμεῖς
3088 1580 3183 1636 οὗν
3244 1586 3294 1635 οἱ
3350 1584 3586 1651 Χριστὸν
3635 1582 4033 1651 ἐνδεδυμένοι,

2425 1676 2828 1745 ἀπαιτοῦμεοα,
2861 1677 2922 1728 οῦ
2958 1678 3119 1744 μόνον
3155 1677 3215 1727 τὸ
3248 1677 3321 1745 μὴ
3357 1680 3534 1745 μισεῖν
3566 1694 3712 1738 τινα,
3749 1676 3902 1729 ἀλλὰ
3936 1678 4034 1727 καὶ

2425 1770 2485 1820 τὸ
2512 1770 2757 1837 ἀγαπᾷν,
2787 1770 2849 1821 οὐ
2882 1769 3042 1836 μόνον
3071 1768 3197 1829 τοὺς
3232 1769 3492 1835 ἀδελφοὺς
3512 1769 3605 1820 καὶ
3636 1770 3855 1835 φίλους,
3888 1767 4035 1820 ἀλλὰ

756 1865 1019 1931 loquaret
1040 1867 1377 1931 angelorum,
1398 1863 1913 1915 charilatenrautcm
1940 1877 2045 1914 non
2077 1860 2325 1921 habeam,

2434 1866 2528 1910 καὶ
2581 1861 2707 1920 τοὺς
2748 1858 3043 1926 μισοῦντας
3090 1860 3238 1926 ἡμᾶς
3284 1860 3377 1910 καὶ
3417 1860 3832 1929 ἐχθραίνοντας.
3906 1859 4033 1911 Κᾶν

757 1956 931 2006 lactus
960 1970 1080 2006 sum
1118 1964 1465 2020 tanquamazs
1499 1968 1701 2006 sonans
1736 1962 1830 2005 aut
1855 1953 2163 2017 cymbalum
2222 1951 2329 2004 tin—

756 2045 914 2096 niens
943 2046 1006 2096 ⁵³.
1051 2064 1069 2093 ι
1105 2045 1214 2097 Nos
1268 2045 1436 2111 igitur
1485 2045 1579 2113 qui
1643 2045 1919 2097 Christum
1975 2042 2274 2102 induimus,
2302 2056 2330 2092 a

757 2138 986 2189 Domino
1030 2137 1371 2203 postulemus
1413 2151 1480 2188 ne
1531 2151 1633 2187 nos
1678 2136 1825 2188 sinat
1845 2150 2175 2202 quemquam
2223 2148 2332 2185 non

756 2230 934 2279 solum
957 2242 1065 2278 non
1088 2226 1293 2287 odisse,
1316 2226 1409 2277 sed
1435 2235 1494 2277 nt
1517 2225 1808 2293 diligamus
1831 2240 1898 2277 ex
1919 2224 2183 2278 cbarilatc
2223 2238 2331 2276 non

754 2314 949 2367 fratres
975 2314 1251 2365 modoaut
1293 2315 1518 2376 amicos,
1553 2314 1646 2367 sed
1670 2323 1725 2367 et
1756 2315 1809 2366 in
1837 2329 2126 2367 commune
2148 2328 2335 2367 osores

755 2416 917 2474 atque
949 2406 1199 2459 inimicos
1219 2415 1462 2458 nostros.
1490 2404 1731 2457 Tametsi
1758 2405 2048 2459 adversum
2067 2422 2166 2459 nos
2194 2421 2332 2459 non-

756 2498 894 2549 nihil
932 2499 1225 2565 loquantur
1254 2505 1350 2548 aut
1393 2496 1615 2559 faciant,
1671 2506 1867 2550 cuncta
1909 2506 2084 2551 tamen
2131 2497 2183 2550 in
2210 2513 2335 2565 gra-

760 2590 887 2641 tiam
924 2591 1119 2641 futur:c
1169 2589 1581 2651 retributionis,
1626 2604 1750 2642 eum
1780 2590 1995 2642 actione
2037 2591 2333 2659 gratiarum

756 2679 1079 2747 excipienda
1118 2689 1267 2740 sunt,
1300 2687 1355 2731 et
1383 2694 1543 2747 :equo
1588 2679 1772 2732 animo
1805 2681 2085 2733 toleranda
2113 2700 2126 2743 ;
2154 2682 2332 2734 homi—

758 2786 888 2821 num
918 2772 1064 2823 enim
1088 2771 1277 2823 mundi
1307 2771 1464 2823 istius
1516 2781 1823 2823 amatorum
1853 2787 1916 2824 ea
1939 2785 2023 2826 est
2058 2781 2114 2823 et
2138 2772 2331 2823 solem-

759 2860 846 2911 nis
894 2862 1257 2921 consuetudo,
1292 2872 1349 2913 ut
1405 2862 1541 2913 alios
1592 2872 2015 2929 persequantur,
2052 2864 2332 2925 alllicleut,

759 2950 1147 3017 obloqnantur.
1210 2951 1379 3003 David
1433 2951 1633 3003 testis:
1683 2969 1701 2999 ι
1768 2951 1959 3002 Locuti
2028 2960 2176 3012 sunt,
2230 2952 2332 3013 ait,

758 3041 1051 3093 adversum
1094 3055 1179 3092 me
1215 3041 1401 3108 lingua
1454 3040 1667 3103 dolosa,
1700 3050 1755 3093 et
1804 3042 2157 3094 sermonibus
2215 3043 2331 3095 odii

765 3130 1223 3184 cicumdcdcrunt
1279 3146 1402 3194 me,
1461 3141 1518 3185 et
1572 3144 2024 3202 expugnaverunt
2057 3149 2142 3185 me
2211 3149 2334 3202 gra-

765 3223 837 3273 tis
854 3222 921 3272 ".
952 3240 969 3269 ι
993 3220 1467 3286 Quemadmodum
1488 3231 1543 3276 et
1571 3223 1838 3277 Dominus
1868 3224 1983 3278 suis
2006 3225 2145 3277 dixit
2164 3225 2332 3278 disci-

762 3311 909 3381 pu'js
942 3328 955 3363 :
984 3330 1000 3361 ι
1028 3312 1083 3362 Si
1117 3310 1183 3363 de
1223 3312 1425 3363 mundo
1460 3312 1676 3375 essetis,
1718 3312 1955 3365 mundus
1984 3312 2128 3381 quod
2169 3330 2329 3365 suum

762 3409 930 3463 esset,
972 3401 1224 3469 diligeret
1252 3419 1265 3465 ;
1293 3403 1418 3469 quia
1454 3411 1635 3455 autem
1684 3402 1750 3455 de
1779 3404 1985 3456 mundo
2034 3420 2142 3457 non
2176 3405 2331 3465 estis,

762 3501 1053 3560 propterea
1071 3492 1187 3543 odit
1208 3506 1305 3543 vos
1321 3492 1555 3544 mundus
1576 3494 1640 3545 ".
1674 3511 1690 3541 ι
1715 3493 1781 3546 Ει
1807 3510 1819 3545 :
1851 3513 1869 3543 ι
1899 3494 1952 3547 Si
1980 3496 2218 3549 mundus
2238 3512 2335 3549 vos

764 3583 900 3643 odit,
926 3582 1118 3634 scitote
1152 3582 1279 3649 quia
1302 3596 1388 3634 me
1405 3582 1644 3649 priorem
1680 3582 1835 3635 vobis
1866 3583 1995 3635 odio
2022 3582 2283 3637 habuit“.
2310 3604 2328 3635 ι

764 3669 935 3722 Infert
1008 3686 1021 3720 :
1084 3686 1102 3717 ι
1149 3668 1296 3720 Beati
1347 3668 1505 3720 eritis
1554 3682 1678 3719 cum
1737 3682 1835 3721 vos
1885 3668 2105 3720 oderint
2156 3668 2335 3721 homi-

764 3775 884 3820 nes,
906 3759 1376 3827 etseparaverint,
1402 3768 1458 3812 et
1488 3758 1965 3828 exprobraverint,
1997 3768 2053 3812 et
2076 3760 2339 3828 ejeccrint

765 3866 963 3903 nomen
1014 3859 1255 3902 vestrum
1312 3858 1571 3918 tanquam
1623 3851 1849 3911 malum,
1883 3859 2107 3917 propter
2140 3850 2336 3903 Filium

2435 1948 2543 2017 γάρ
2591 1965 2644 2000 τι
2692 1948 2814 2001 καθ’
2847 1949 3006 2017 ἡμῶν
3053 1948 3309 2001 λαλοῦσιν
3362 1949 3395 2016 ἢ
3430 1952 3795 2018 πράττουσιν,
3836 1950 4031 2003 πάντα

2435 2039 2772 2108 εὐχαρίστως
2797 2037 3248 2106 καταδεξώμεοα,
3285 2037 3373 2090 διὰ
3404 2036 3502 2106 τὴν
3540 2038 3854 2106 μέλλουσαν
3887 2040 4030 2090 ἀντο

2433 2132 2713 2183 αποδοσιν.
2750 2129 3020 2182 Εἰώοασιν
3075 2130 3183 2198 γὰρ
3214 2129 3265 2180 οἱ
3296 2130 3359 2179 ἐκ
3392 2127 3487 2179 τοῦ
3517 2129 3749 2196 κόσμου,
3778 2128 3916 2189 τοὺς
3937 2128 4031 2180 ἐκ·

2433 2224 2524 2285 τὸς
2553 2222 2646 2275 τοῦ
2678 2222 2889 2291 κόσμου
2922 2220 3141 2274 διώκειν
3173 2222 3268 2273 καὶ
3299 2219 3505 2271 Ολίῦειν
3533 2221 3627 2271 καὶ
3662 2219 4025 2271 καταλαλεῖν.

2439 2334 2457 2366 ι
2494 2316 2795 2384 Ἑλάλησαν
2840 2313 2969 2384 γὰρ,
3016 2314 3203 2383 φησὶν,
3244 2312 3367 2366 κατ’
3401 2311 3537 2382 ἐμοῦ
3571 2311 3794 2381 γλώσσῃ
3842 2312 4025 2379 δολία.

2434 2408 2530 2461 καὶ
2563 2407 2743 2474 λόγοις
2796 2406 2993 2476 μίσους
3052 2404 3372 2458 ἐκύκλωσαν
3428 2421 3516 2473 με.
3549 2423 3567 2456 ι
3607 2403 3809 2465 Καθὼς
3855 2405 3955 2455 καὶ
3996 2403 4029 2453 6

2437 2488 2640 2568 Κύριος
2695 2498 2807 2558 τοῖς
2855 2497 3048 2549 ἑαυτοῦ
3112 2495 3383 2565 μαθηταῖς
3432 2512 3610 2563 φησιν
3661 2513 3679 2546 ι
3712 2497 3774 2547 Εἰ
3811 2497 3878 2548 ἐκ
3926 2496 4026 2548 τοῦ

2436 2589 2644 2657 κόσμου
2696 2584 2819 2657 ἦτε,
2852 2589 2880 2638 6
2910 2587 3112 2655 κόσμος
3144 2586 3211 2639 ἂν
3248 2588 3310 2637 τὸ
3342 2585 3473 2637 ἴδιον
3521 2587 3728 2653 ἐφίιει·
3758 2586 3844 2639 ὅτι
3870 2586 3931 2639 δὲ
3961 2587 4027 2639 ἐκ

2433 2675 2528 2726 τοῦ
2562 2675 2769 2741 κόσμου
2796 2675 2895 2725 οὐκ
2926 2674 3074 2736 ἐστὲ,
3111 2674 3226 2726 ἀλλ’
3265 2672 3377 2741 ἐγὼ
3410 2673 3750 2742 ἐξελεξάμην
3775 2678 3924 2744 ὑμᾶς
3958 2678 4026 2726 ἐκ

2432 2763 2529 2815 τοῦ
2558 2766 2787 2830 κόσμου,
2829 2764 2917 2815 διὰ
2960 2764 3118 2815 τοῦτο
3159 2767 3311 2833 μισεῖ
3356 2765 3500 2832 ὑμᾶς
3528 2767 3556 2817 ὁ
3580 2766 3808 2833 κόσμος.
3838 2787 3855 2818 ι
3887 2768 4021 2826 Καὶ,

2442 2873 2459 2904 ι
2488 2855 2550 2905 Ei
2585 2854 2612 2904 6
2644 2855 2845 2921 κόσμος
2876 2854 3022 2921 ὑμᾶς
3064 2856 3235 2921 μισεῖ,
3264 2854 3566 2921 γινώσκετε
3606 2856 3691 2907 ὅτι
3723 2858 3827 2924 ἐμὲ
3870 2858 4022 2927 7:913-

2434 2964 2526 2999 τον
2575 2946 2737 3016 ὑμῶν
2784 2949 3158 3015 μεμίσηκεν.»
3212 2947 3323 2999 Καὶ
3366 2949 3644 3017 ἐπιφέρει,
3692 2949 4024 3017 «Μακάριοζ

2436 3039 2559 3090 ἐστε
2595 3038 2725 3089 ὃταν
2771 3038 3079 3105 μισήσωσιν
3114 3037 3259 3106 ὑμᾶς
3281 3039 3331 3089 οἱ
3362 3038 3667 3106 ἄνθρωποι,
3703 3041 3802 3092 καὶ
3830 3042 4023 3108 ἀφορί-

2439 3144 2626 3191 σωσιν,
2673 3127 2769 3178 καὶ
2810 3126 3169 3190 ὀνειδίσωσιν,
3216 3127 3313 3181 καὶ
3373 3128 3680 3182 ἐκϐάλωσιν
3741 3131 3806 3183 τὸ
3850 3131 4023 3199 ὄνομα

2440 3219 2595 3289 ὑμῶν
2625 3219 2701 3280 ὡς
2736 3219 2995 3288 πονηρὸν,
3029 3220 3225 3272 ἕνεκεν·
3258 3219 3355 3272 τοῦ
3390 3220 3525 3273 Υἱοῦ
3551 3222 3644 3274 τοῦ
3680 3222 3979 3292 ἀνθρώπου
4006 3237 4019 3250 ·

2439 3312 2660 3379 χαίρετε
2688 3312 2783 3363 καὶ
2812 3310 3152 3377 ἀγαλλιᾶσθε
3182 3312 3265 3365 ὅτι
3296 3314 3325 3365 6
3353 3313 3546 3381 μισθὸς
3572 3315 3731 3385 ὑμῶν
3758 3316 3932 3377 πολὺς
3963 3316 4023 3368 ἐν

2437 3403 2552 3463 τοῖς
2585 3401 2854 3472 οὐρανοῖς.
2881 3420 2901 3453 ι
2935 3401 3047 3454 Καὶ
3066 3401 3253 3467 πάλιν,
3283 3420 3303 3454 ι
3340 3404 3618 3470 ’Λγαπίτε
3638 3407 3769 3468 τοὺς
3793 3405 4023 3476 ἐχθροὺς

2440 3491 2619 3560 ὑμῶν,
2652 3491 2834 3553 καλῶς
2856 3494 3060 3544 ποιεῖτε
3089 3495 3201 3556 τοῖς
3243 3493 3495 3563 μισοῦσιν
3528 3496 3695 3566 ὑμᾶς,
3719 3497 3817 3549 καὶ
3852 3512 4025 3567 προσ-

2438 3584 2667 3652 εύχεσθε
2732 3582 2875 3653 ὑπὲρ
2924 3582 3036 3635 τῶν
3084 3584 3498 3655 ἐπηρεαζόντων
3546 3587 3694 3658 ὑμᾶς
3748 3587 3846 3640 καὶ
3895 3588 4024 3641 διω-

2436 3676 2664 3738 κόντων,
2691 3676 2839 3739 ὅπως
2860 3676 3096 3746 γένησθε
3125 3678 3231 3729 υἱοὶ
3258 3676 3354 3729 τοῦ
3393 3676 3610 3747 Πατρὸς
3642 3677 3801 3747 ὑμῶν
3840 3676 3938 3730 τοῦ
3968 3678 4025 3730 ἐν

2436 3768 2550 3828 τοῖς
2597 3768 2871 3836 οὐρανοῖς.
2901 3785 2921 3820 ι
2950 3767 3135 3840 ,Αὐτῷ
3189 3769 3223 3839 ἡ
3283 3767 3413 3835 δόξα
3472 3769 3556 3832 εἰς
3604 3768 3735 3831 τοὺς
3794 3768 4021 3831 αἰῶνας.

2451 3855 2506 3907 ’Λ
2518 3858 2646 3926 μήν.

766 3942 1006 3994 hominis
1050 3958 1062 3992 :
1100 3940 1331 4009 gaudete
1377 3950 1434 3993 et
1465 3940 1756 4002 exsultate,
1808 3941 2067 4008 quoniam
2121 3957 2334 3998 merces
2373 3957 2555 4000 vestra
2604 3950 2772 4003 multa
2840 3958 2924 4003 est
2966 3950 3020 4003 in
3083 3949 3238 4004 cmlis
3298 3950 3366 4005 ⁸⁷.
3406 3968 3425 4001 ι
3460 3949 3665 4004 lterum
3699 3967 3711 4002 :
3747 3968 3767 3999 ι
3800 3949 4024 4018 Diligite

765 4027 1018 4082 inimicos
1071 4037 1302 4089 vestros,
1372 4027 1677 4081 benefacitc
1706 4029 1773 4082 iis
1823 4029 1916 4097 qui
1976 4029 2216 4083 oderunt
2285 4048 2396 4097 vos,
2441 4046 2497 4089 et
2524 4047 2677 4091 orate
2708 4054 2810 4107 pro
2838 4040 3306 4095 calumniantibus
3333 4047 3391 4095 et
3413 4040 3886 4111 persequentibus
3906 4056 4021 4105 vos,

764 4133 825 4177 ut
859 4124 979 4177 sitis
1011 4121 1107 4175 filii
1158 4122 1337 4175 Patris
1384 4123 1555 4177 vestri
1586 4122 1679 4192 qui
1706 4123 1760 4176 in
1812 4124 1967 4177 cmlis
2005 4132 2090 4177 est
2111 4124 2175 4177 ".
2214 4145 2231 4176 ι
2265 4125 2374 4181 lusi
2413 4129 2589 4197 gloria
2618 4131 2673 4183 in
2705 4132 2904 4185 saecula
2938 4132 3287 4185 saaculorum.
3313 4132 3511 4186 Amen.

1324 4262 1610 4318 IIOMILIA
1642 4263 1826 4319 LVIII.

760 4375 970 4430 Nemini
1020 4374 1381 4427 insultantium
1423 4377 1478 4427 in
1507 4376 1791 4456 afflictione
1824 4386 1917 4430 aut
1957 4392 2156 4446 angore
2176 4378 2343 4431 animi

1367 4453 1673 4498 constituto.

822 4558 1093 4611 Insultare
1113 4557 1494 4625 cujuscunque
1519 4555 1738 4610 tandem
1760 4558 2098 4612 conditionis
2120 4557 2332 4611 homini

762 4648 1122 4701 tribulatione
1146 4646 1404 4715 quapiam
1432 4656 1531 4701 aut
1561 4649 1642 4703 rei
1672 4650 1971 4717 peculiaris
1994 4651 2209 4719 jactura
2231 4648 2333 4702 mi-

760 4754 882 4792 sere
924 4738 1152 4800 afllicto,
1188 4738 1293 4791 viri
1340 4748 1490 4792 certe
1543 4749 1631 4794 cst
1673 4750 1877 4795 temere
1930 4739 2333 4802 insolescentis,

759 4846 868 4883 non
926 4830 1129 4883 mentis
1178 4830 1314 4884 satis
1368 4830 1619 4885 sincera.
1655 4831 1834 4887 Verus
1876 4831 1965 4886 hic
2000 4846 2059 4885 se
2098 4832 2331 4884 illorum

759 4920 960 4988 probat
1014 4934 1074 4971 re
1128 4918 1246 4988 ipsa
1305 4929 1620 4973 consortem
1683 4920 1780 4989 qui
1838 4921 1987 4974 cruci
2044 4919 2337 4973 Dominum

761 5010 1015 5074 ﬁxerunt,
1051 5011 1141 5063 cui
1173 5018 1229 5063 ct
1257 5026 1286 5063 a
1312 5026 1479 5065 cruce
1509 5010 1772 5079 pendenti
1800 5010 2056 5064 dicebant
2108 5028 2122 5062 :
2156 5028 2175 5060 ι
2200 5010 2338 5071 Vah,

759 5101 851 5169 qui
887 5101 1127 5155 destruis
1151 5102 1415 5171 templum
1447 5103 1568 5165 Dei,
1603 5111 1659 5156 et
1686 5102 1741 5156 in
1768 5102 1947 5156 tribus
1974 5101 2171 5155 diebus
2194 5100 2344 5155 exci-

763 5201 843 5244 tas
878 5189 1011 5243 illud
1034 5231 1051 5255 ,
1082 5190 1231 5244 salva
1280 5192 1631 5260 temetipsum
1673 5192 1741 5244 ⁸⁹.
1773 5210 1791 5242 ι
1832 5191 1948 5244 lloc
1977 5190 2136 5259 plane
2177 5188 2333 5258 flagi-

758 5281 886 5335 tiosi
915 5290 1000 5334 cst
1029 5281 1269 5336 hominis
1290 5292 1348 5336 ct
1379 5283 1595 5336 nefarii.
1628 5282 1844 5337 Etenim
1877 5296 1976 5351 pes
2001 5281 2048 5335 si
2073 5280 2189 5334 fors
2226 5279 2332 5334 illi-

758 5372 913 5431 scrit,
951 5380 1049 5425 aut
1098 5372 1329 5435 labatur,
1384 5388 1517 5426 num
1571 5372 1855 5427 insultabit
1904 5388 2098 5425 manus
2134 5371 2331 5425 ?Sane

761 5477 850 5515 res
889 5463 1004 5518 hanc
1030 5464 1084 5517 in
1114 5464 1395 5519 diversum
1440 5465 1596 5531 abit;
1625 5480 1750 5519 nam
1777 5464 1883 5519 olei
1914 5464 2191 5518 inlusione
2234 5471 2329 5517 aut

821 5617 862 5649 ³⁷
896 5617 916 5671 1
946 5616 1102 5672 Joan.
1138 5636 1221 5684 ιιι,
1246 5620 1327 5673 l5.
1405 5621 1449 5651 δ’
1477 5620 1857 5681 lloan.n,‘ll.

762 5686 805 5716 "
834 5689 850 5741 1
884 5689 1008 5742 (lor.
1050 5705 1159 5745 xm.
1189 5690 1235 5741 1.
1330 5691 1376 5720 ⁵⁵
1405 5691 1544 5745 I’sal.
1568 5709 1713 5752 cvm.
1745 5692 1797 5743 3.

764 5756 809 5787 ”
843 5759 1031 5812 Matth.
1084 5775 1250 5822 ιιι-ιι,
1306 5762 1393 5814 αίυ.

1933 5619 2009 5674 "l
2032 5618 2187 5673 Joan.
2216 5619 2276 5678 4.
2300 5617 2386 5673 20.

1900 5694 1943 5724 ⁵⁵
1974 5692 2130 5744 Joau.
2163 5706 2248 5752 xv,
2280 5693 2363 5742 l9.

3031 4271 3250 4325 ΛΟΓΟΣ
3282 4272 3417 4326 NH'.

2834 4382 2973 4450 Περὶ
3019 4382 3126 4437 τοῦ
3153 4382 3240 4452 μὴ
3272 4383 3608 4452 ἐπιχαίρειν

2506 4556 2580 4609 T6
2610 4556 2918 4628 ἐπιχαίρειν
2954 4559 3252 4629 οίῳδήποτε
3310 4560 3590 4631 ἀνθρώπῳ
3633 4562 3693 4614 ἐν
3728 4561 3952 4631 θλίψει,
3986 4563 4016 4634 ἢ

2438 4650 2496 4702 ἐν
2523 4648 2718 4720 ζημίᾳ,
2752 4650 2786 4719 ἢ
2828 4652 2886 4703 ἐν
2916 4650 3143 4717 πτώσει,
3170 4652 3464 4722 ἀνθρώπου
3494 4655 3641 4705 ἐστὶν
3672 4671 4014 4725 περπερευο-

2442 4739 2605 4809 μένου
2661 4743 2755 4793 καὶ
2790 4742 3059 4811 ἐξιτήλου·
3094 4742 3301 4812 μᾶλλον
3323 4743 3381 4797 δέ
3408 4742 3669 4797 κοινωνοῦ
3702 4744 3816 4796 τῶν
3850 4761 4013 4798 σταυο

2442 4831 2735 4900 ρωσάντων
2765 4832 2858 4883 τὸν
2908 4832 3133 4903 Κύριον.
3178 4834 3345 4887 Αὐτοὶ
3374 4835 3483 4903 γὰρ
3525 4834 3734 4901 ἔλεγον,
3766 4853 3786 4885 ι
3821 4836 3959 4888 Οὐαὶ
3988 4837 4015 4886 6

2439 4922 2726 4975 καταλύων
2754 4924 2846 4975 τὸν
2874 4925 3021 4986 ναὸν,
3060 4926 3154 4976 καὶ
3185 4926 3241 4977 ἐν
3270 4926 3451 4991 τρισὶν
3498 4925 3739 4995 ἡμέραις
3782 4926 4013 4994 ἐγείρων

2441 5013 2628 5079 αὐτὸν,
2656 5015 2832 5067 σῶσον
2874 5015 3122 5069 σεαυτόν.
3163 5033 3182 5066 ι
3217 5014 3390 5068 Τοῦτο
3432 5015 3488 5067 δὲ
3536 5014 3801 5084 ἀθέμιτόν
3844 5018 4007 5068 ἐστιν.

2444 5104 2649 5174 οὐγὰρ
2677 5104 2774 5158 ἐὰν
2804 5105 3089 5176 προσκόψῃ
3133 5108 3162 5158 ὁ
3205 5105 3362 5170 ποῦς,
3412 5110 3763 5178 ἐπιχαίρεται
3808 5109 3843 5177 ἡ
3872 5110 4006 5178 χείρ.

2442 5194 2770 5247 Τουναντίον
2800 5196 2901 5264 μέν
2942 5191 3039 5248 οὖν
3079 5196 3177 5249 καὶ
3226 5196 3608 5266 ἐπιμελεῖται,
3642 5198 3674 5268 ἢ
3708 5197 3777 5249 δι’
3805 5198 4005 5259 ἐλαίου,

2437 5282 2470 5351 ἥ
2515 5283 2581 5335 δι’
2611 5285 2988 5356 ἐμπλάστρου.
3020 5287 3191 5358 Εἴπερ
3239 5287 3298 5339 ἓν
3344 5287 3507 5357 σῶμα
3556 5288 3748 5357 ἐσμεν,
3797 5290 3863 5342 οὔ
3908 5290 4008 5358 χρὴ

2435 5369 2529 5426 οῦν
2551 5377 2863 5447 καταγελᾷν
2891 5379 2985 5431 καὶ⁵
3005 5379 3311 5448 ἐπιχαίρειν
3339 5379 3438 5431 τοῦ
3463 5379 3597 5432 ἰδίου
3619 5379 3843 5448 μέλους,
3875 5380 4003 5432 ἀλλὰ

2438 5463 2750 5532 συναλγεῖν,
2790 5468 2885 5518 καὶ
2921 5470 3291 5537 συμπάσχειν,
3326 5467 3469 5521 κατὰ
3512 5467 3673 5535 λόγον
3712 5467 3811 5520 τοῦ
3858 5469 4003 5522 Ἀπο-

2469 5620 2515 5651 ¹⁶
2541 5620 2716 5677 chit.
2739 5638 2849 5687 xix,
2876 5623 2965 5677 l7.
3019 5626 3063 5656 "
3090 5623 3259 5677 llebr.
3289 5624 3450 5687 1,24.

2458 5691 2504 5721 “
2529 5692 2662 5747 ibid.
2695 5694 2779 5747 18.
2877 5695 2920 5725 ⁵⁷
2943 5694 3077 5750 Luc.
3103 5710 3176 5760 vr,
3209 5694 3300 5761 ‘22,
3327 5695 3418 5749 25.

3526 5625 3572 5655 "
3589 5622 3796 5692 Ephes.
3816 5640 3890 5686 Iv,
3913 5624 3994 5679 59.

3518 5693 3776 5747 "Matth.
3821 5711 3875 5760 ν,
3910 5695 3991 5749 tl.
