  <div class='ocr_page' id='page_1' title='image "/cluster/home/n/w/nwhite01/storage/ocr_20150623/89/nnc1.0046980172/830.png"; bbox 0 0 4178 6436; ppageno 0'>
   <div class='ocr_carea' id='block_1_1' title="bbox 181 413 3412 483">
    <p class='ocr_par' dir='ltr' id='par_1_1' title="bbox 181 413 3412 483">
     <span class='ocr_line' id='line_1_1' title="bbox 181 413 3412 483; baseline 0.001 -4"><span class='ocrx_word' id='word_1_1' title='bbox 181 415 322 480; x_wconf 81' lang='lat'><strong>1609</strong></span> <span class='ocrx_word' id='word_1_2' title='bbox 852 415 1174 476; x_wconf 78' lang='lat' dir='ltr'><strong>HOMILIA</strong></span> <span class='ocrx_word' id='word_1_3' title='bbox 1219 416 1429 474; x_wconf 83' lang='lat' dir='ltr'><strong>LVIII.</strong></span> <span class='ocrx_word' id='word_1_4' title='bbox 1470 439 1535 450; x_wconf 88' lang='grc'><strong>-·</strong></span> <span class='ocrx_word' id='word_1_5' title='bbox 1575 413 1937 472; x_wconf 75' lang='lat' dir='ltr'><strong>AFFLICTO</strong></span> <span class='ocrx_word' id='word_1_6' title='bbox 1976 414 2130 474; x_wconf 76' lang='lat' dir='ltr'><strong>NON</strong></span> <span class='ocrx_word' id='word_1_7' title='bbox 2173 415 2745 476; x_wconf 79' lang='lat' dir='ltr'><strong>INSULTANDUM.</strong></span> <span class='ocrx_word' id='word_1_8' title='bbox 3276 416 3412 483; x_wconf 81' lang='grc'><strong>1610</strong></span> 
     </span>
    </p>
   </div>
   <div class='ocr_carea' id='block_1_2' title="bbox 175 526 1744 598">
    <p class='ocr_par' dir='ltr' id='par_1_2' title="bbox 175 526 1737 597">
     <span class='ocr_line' id='line_1_2' title="bbox 175 526 1737 597; baseline -0.004 -16"><span class='ocrx_word' id='word_1_9' title='bbox 175 529 392 594; x_wconf 80' lang='grc' dir='ltr'>στόλου,</span> <span class='ocrx_word' id='word_1_10' title='bbox 438 528 501 580; x_wconf 74' lang='grc' dir='ltr'>οὓ</span> <span class='ocrx_word' id='word_1_11' title='bbox 541 529 701 597; x_wconf 79' lang='grc' dir='ltr'>μόνον</span> <span class='ocrx_word' id='word_1_12' title='bbox 744 527 800 579; x_wconf 83' lang='grc' dir='ltr'>δὲ</span> <span class='ocrx_word' id='word_1_13' title='bbox 851 528 912 578; x_wconf 79' lang='grc' dir='ltr'>τὸ</span> <span class='ocrx_word' id='word_1_14' title='bbox 943 527 1273 597; x_wconf 68' lang='grc' dir='ltr'><strong>ἐπιχαίρειν,</strong></span> <span class='ocrx_word' id='word_1_15' title='bbox 1308 527 1420 580; x_wconf 82' lang='grc' dir='ltr'>ἀλλ’</span> <span class='ocrx_word' id='word_1_16' title='bbox 1452 526 1572 580; x_wconf 75' lang='grc' dir='ltr'>οὑδέ</span> <span class='ocrx_word' id='word_1_17' title='bbox 1602 526 1737 585; x_wconf 78' lang='grc' dir='ltr'>ὅλως</span> 
     </span>
    </p>
   </div>
   <div class='ocr_carea' id='block_1_3' title="bbox 1842 526 3416 598">
    <p class='ocr_par' dir='ltr' id='par_1_3' title="bbox 1842 527 3416 598">
     <span class='ocr_line' id='line_1_3' title="bbox 1842 527 3416 598; baseline 0.003 -20"><span class='ocrx_word' id='word_1_18' title='bbox 1842 527 2160 593; x_wconf 89' lang='lat' dir='ltr'><strong>emplastro,</strong></span> <span class='ocrx_word' id='word_1_19' title='bbox 2201 528 2327 595; x_wconf 90' lang='lat' dir='ltr'><strong>pedi</strong></span> <span class='ocrx_word' id='word_1_20' title='bbox 2353 527 2624 581; x_wconf 89' lang='lat' dir='ltr'><strong>medetur.</strong></span> <span class='ocrx_word' id='word_1_21' title='bbox 2658 527 2940 595; x_wconf 81' lang='lat' dir='ltr'><strong>Siquidem</strong></span> <span class='ocrx_word' id='word_1_22' title='bbox 2987 543 3155 581; x_wconf 89' lang='lat' dir='ltr'><strong>unum</strong></span> <span class='ocrx_word' id='word_1_23' title='bbox 3211 544 3416 598; x_wconf 85' lang='lat' dir='ltr'><strong>corpus</strong></span> 
     </span>
    </p>
   </div>
   <div class='ocr_carea' id='block_1_4' title="bbox 173 615 1744 688">
    <p class='ocr_par' dir='ltr' id='par_1_4' title="bbox 173 615 1744 688">
     <span class='ocr_line' id='line_1_4' title="bbox 173 615 1744 688; baseline -0.003 -17"><span class='ocrx_word' id='word_1_24' title='bbox 173 619 404 672; x_wconf 81' lang='grc' dir='ltr'><strong>ἀκούειν</strong></span> <span class='ocrx_word' id='word_1_25' title='bbox 452 617 744 685; x_wconf 74' lang='grc' dir='ltr'>δυστυχίαν</span> <span class='ocrx_word' id='word_1_26' title='bbox 790 616 1101 688; x_wconf 87' lang='grc' dir='ltr'>ἀνθρώπου.</span> <span class='ocrx_word' id='word_1_27' title='bbox 1156 619 1218 669; x_wconf 79' lang='grc' dir='ltr'><strong>Οἱ</strong></span> <span class='ocrx_word' id='word_1_28' title='bbox 1269 619 1377 686; x_wconf 83' lang='grc' dir='ltr'><strong>γάρ</strong></span> <span class='ocrx_word' id='word_1_29' title='bbox 1415 618 1587 677; x_wconf 77' lang='grc' dir='ltr'>οὕτως</span> <span class='ocrx_word' id='word_1_30' title='bbox 1632 615 1744 668; x_wconf 85' lang='grc' dir='ltr'>τῶν</span> 
     </span>
    </p>
   </div>
   <div class='ocr_carea' id='block_1_5' title="bbox 1842 615 3411 688">
    <p class='ocr_par' dir='ltr' id='par_1_5' title="bbox 1845 617 3411 688">
     <span class='ocr_line' id='line_1_5' title="bbox 1845 617 3411 688; baseline 0.003 -20"><span class='ocrx_word' id='word_1_31' title='bbox 1845 633 2056 680; x_wconf 86' lang='lat' dir='ltr'><strong>sumus,</strong></span> <span class='ocrx_word' id='word_1_32' title='bbox 2091 617 2226 670; x_wconf 84' lang='lat' dir='ltr'><strong>nihil</strong></span> <span class='ocrx_word' id='word_1_33' title='bbox 2248 620 2427 672; x_wconf 89' lang='lat' dir='ltr'><strong>minus</strong></span> <span class='ocrx_word' id='word_1_34' title='bbox 2450 626 2878 673; x_wconf 73' lang='lat' dir='ltr'><strong>consentaneum</strong></span> <span class='ocrx_word' id='word_1_35' title='bbox 2911 619 3108 671; x_wconf 86' lang='lat' dir='ltr'><strong>rationi</strong></span> <span class='ocrx_word' id='word_1_36' title='bbox 3131 619 3223 682; x_wconf 92' lang='lat' dir='ltr'><strong>sit,</strong></span> <span class='ocrx_word' id='word_1_37' title='bbox 3247 635 3411 688; x_wconf 89' lang='lat' dir='ltr'><strong>quam</strong></span> 
     </span>
    </p>
   </div>
   <div class='ocr_carea' id='block_1_6' title="bbox 169 705 1744 781">
    <p class='ocr_par' dir='ltr' id='par_1_6' title="bbox 169 705 1744 781">
     <span class='ocr_line' id='line_1_6' title="bbox 169 705 1744 781; baseline -0.003 -19"><span class='ocrx_word' id='word_1_38' title='bbox 169 710 438 762; x_wconf 78' lang='grc' dir='ltr'><strong>τοιούτων</strong></span> <span class='ocrx_word' id='word_1_39' title='bbox 468 709 734 781; x_wconf 75' lang='grc' dir='ltr'><strong>ῥημάτων</strong></span> <span class='ocrx_word' id='word_1_40' title='bbox 753 709 1069 772; x_wconf 84' lang='grc' dir='ltr'>ἀκούοντες,</span> <span class='ocrx_word' id='word_1_41' title='bbox 1087 706 1188 774; x_wconf 83' lang='grc' dir='ltr'>τῆς</span> <span class='ocrx_word' id='word_1_42' title='bbox 1210 708 1418 769; x_wconf 77' lang='grc' dir='ltr'><strong>οἰκείας</strong></span> <span class='ocrx_word' id='word_1_43' title='bbox 1437 705 1744 775; x_wconf 76' lang='grc' dir='ltr'><strong>προθέσεως</strong></span> 
     </span>
    </p>
   </div>
   <div class='ocr_carea' id='block_1_7' title="bbox 1842 705 3411 781">
    <p class='ocr_par' dir='ltr' id='par_1_7' title="bbox 1847 709 3411 779">
     <span class='ocr_line' id='line_1_7' title="bbox 1847 709 3411 779; baseline 0.002 -18"><span class='ocrx_word' id='word_1_44' title='bbox 1847 724 2015 761; x_wconf 91' lang='lat' dir='ltr'><strong>unum</strong></span> <span class='ocrx_word' id='word_1_45' title='bbox 2067 709 2287 777; x_wconf 85' lang='lat' dir='ltr'><strong>aliquod</strong></span> <span class='ocrx_word' id='word_1_46' title='bbox 2309 711 2560 779; x_wconf 87' lang='lat' dir='ltr'><strong>corporis</strong></span> <span class='ocrx_word' id='word_1_47' title='bbox 2603 710 2908 763; x_wconf 86' lang='lat' dir='ltr'><strong>membrum</strong></span> <span class='ocrx_word' id='word_1_48' title='bbox 2968 709 3115 776; x_wconf 88' lang='lat' dir='ltr'><strong>quod</strong></span> <span class='ocrx_word' id='word_1_49' title='bbox 3162 711 3411 764; x_wconf 83' lang='lat' dir='ltr'><strong>nonnihil</strong></span> 
     </span>
    </p>
   </div>
   <div class='ocr_carea' id='block_1_8' title="bbox 171 797 1744 872">
    <p class='ocr_par' dir='ltr' id='par_1_8' title="bbox 171 797 1744 872">
     <span class='ocr_line' id='line_1_8' title="bbox 171 797 1744 872; baseline -0.004 -17"><span class='ocrx_word' id='word_1_50' title='bbox 171 805 302 865; x_wconf 77' lang='grc' dir='ltr'>τοὺς</span> <span class='ocrx_word' id='word_1_51' title='bbox 328 803 583 872; x_wconf 79' lang='grc' dir='ltr'>καρποὺς</span> <span class='ocrx_word' id='word_1_52' title='bbox 619 803 916 871; x_wconf 84' lang='grc' dir='ltr'>τρυγῶσιν.</span> <span class='ocrx_word' id='word_1_53' title='bbox 942 803 1053 854; x_wconf 77' lang='grc' dir='ltr'><strong>Καὶ</strong></span> <span class='ocrx_word' id='word_1_54' title='bbox 1099 801 1174 870; x_wconf 84' lang='grc' dir='ltr'>μὴ</span> <span class='ocrx_word' id='word_1_55' title='bbox 1200 801 1387 870; x_wconf 80' lang='grc' dir='ltr'>νόμιζε</span> <span class='ocrx_word' id='word_1_56' title='bbox 1422 800 1605 852; x_wconf 85' lang='grc' dir='ltr'>πᾶσαν</span> <span class='ocrx_word' id='word_1_57' title='bbox 1633 797 1744 850; x_wconf 84' lang='grc' dir='ltr'>θλί-</span> 
     </span>
    </p>
   </div>
   <div class='ocr_carea' id='block_1_9' title="bbox 1842 797 3414 872">
    <p class='ocr_par' dir='ltr' id='par_1_9' title="bbox 1844 797 3414 870">
     <span class='ocr_line' id='line_1_9' title="bbox 1844 797 3414 870; baseline 0.003 -19"><span class='ocrx_word' id='word_1_58' title='bbox 1844 797 2160 862; x_wconf 81' lang='lat' dir='ltr'><strong>afﬂictetur,</strong></span> <span class='ocrx_word' id='word_1_59' title='bbox 2185 801 2387 855; x_wconf 88' lang='lat' dir='ltr'><strong>habere</strong></span> <span class='ocrx_word' id='word_1_60' title='bbox 2421 801 2651 863; x_wconf 87' lang='lat' dir='ltr'><strong>derisui,</strong></span> <span class='ocrx_word' id='word_1_61' title='bbox 2677 816 2742 855; x_wconf 90' lang='lat' dir='ltr'><strong>ac</strong></span> <span class='ocrx_word' id='word_1_62' title='bbox 2769 799 3002 870; x_wconf 88' lang='lat' dir='ltr'><strong>proinde</strong></span> <span class='ocrx_word' id='word_1_63' title='bbox 3037 799 3217 854; x_wconf 89' lang='lat' dir='ltr'><strong>eidem</strong></span> <span class='ocrx_word' id='word_1_64' title='bbox 3240 802 3414 855; x_wconf 86' lang='lat' dir='ltr'><strong>insul-</strong></span> 
     </span>
    </p>
   </div>
   <div class='ocr_carea' id='block_1_10' title="bbox 169 889 1744 962">
    <p class='ocr_par' dir='ltr' id='par_1_10' title="bbox 169 889 1744 962">
     <span class='ocr_line' id='line_1_10' title="bbox 169 889 1744 962; baseline -0.003 -18"><span class='ocrx_word' id='word_1_65' title='bbox 169 895 264 958; x_wconf 66' lang='grc' dir='ltr'><strong>ψιν</strong></span> <span class='ocrx_word' id='word_1_66' title='bbox 310 895 381 946; x_wconf 79' lang='grc' dir='ltr'>δι’</span> <span class='ocrx_word' id='word_1_67' title='bbox 418 893 700 962; x_wconf 73' lang='grc' dir='ltr'><strong>ἁμαρτίαν</strong></span> <span class='ocrx_word' id='word_1_68' title='bbox 734 891 1061 962; x_wconf 73' lang='grc' dir='ltr'><strong>ἐπέρχεσθαι</strong></span> <span class='ocrx_word' id='word_1_69' title='bbox 1093 895 1203 954; x_wconf 86' lang='grc' dir='ltr'>τοῖς</span> <span class='ocrx_word' id='word_1_70' title='bbox 1238 889 1547 961; x_wconf 86' lang='grc' dir='ltr'>ἀνθρώποις</span> <span class='ocrx_word' id='word_1_71' title='bbox 1570 906 1582 918; x_wconf 74' lang='grc' dir='ltr'><strong>ο</strong></span> <span class='ocrx_word' id='word_1_72' title='bbox 1609 889 1744 940; x_wconf 76' lang='grc' dir='ltr'>εἰσὶν</span> 
     </span>
    </p>
   </div>
   <div class='ocr_carea' id='block_1_11' title="bbox 1842 889 3412 962">
    <p class='ocr_par' dir='ltr' id='par_1_11' title="bbox 1847 891 3412 947">
     <span class='ocr_line' id='line_1_11' title="bbox 1847 891 3412 947; baseline 0.002 -4"><span class='ocrx_word' id='word_1_73' title='bbox 1847 899 1980 944; x_wconf 88' lang='lat' dir='ltr'><strong>tare.</strong></span> <span class='ocrx_word' id='word_1_74' title='bbox 2032 891 2220 945; x_wconf 88' lang='lat' dir='ltr'><strong>Potius</strong></span> <span class='ocrx_word' id='word_1_75' title='bbox 2260 893 2416 947; x_wconf 89' lang='lat' dir='ltr'><strong>enim</strong></span> <span class='ocrx_word' id='word_1_76' title='bbox 2455 893 2825 947; x_wconf 85' lang='lat' dir='ltr'><strong>conveniebat</strong></span> <span class='ocrx_word' id='word_1_77' title='bbox 2855 892 2935 945; x_wconf 89' lang='lat' dir='ltr'><strong>sic</strong></span> <span class='ocrx_word' id='word_1_78' title='bbox 2977 891 3176 944; x_wconf 85' lang='lat' dir='ltr'><strong>misere</strong></span> <span class='ocrx_word' id='word_1_79' title='bbox 3210 891 3412 946; x_wconf 88' lang='lat' dir='ltr'><strong>afllieto</strong></span> 
     </span>
    </p>
   </div>
   <div class='ocr_carea' id='block_1_12' title="bbox 168 977 1746 1050">
    <p class='ocr_par' dir='ltr' id='par_1_12' title="bbox 168 977 1746 1050">
     <span class='ocr_line' id='line_1_12' title="bbox 168 977 1746 1050; baseline -0.003 -17"><span class='ocrx_word' id='word_1_80' title='bbox 168 983 283 1050; x_wconf 90' lang='grc' dir='ltr'><strong>γάρ</strong></span> <span class='ocrx_word' id='word_1_81' title='bbox 316 999 460 1043; x_wconf 87' lang='grc' dir='ltr'>τινες</span> <span class='ocrx_word' id='word_1_82' title='bbox 508 982 936 1050; x_wconf 78' lang='grc' dir='ltr'>εὑαρεστοῦντες</span> <span class='ocrx_word' id='word_1_83' title='bbox 967 981 1061 1032; x_wconf 71' lang='grc' dir='ltr'><strong>καὶ</strong></span> <span class='ocrx_word' id='word_1_84' title='bbox 1088 979 1499 1050; x_wconf 83' lang='grc' dir='ltr'>πειραζόμενοι·</span> <span class='ocrx_word' id='word_1_85' title='bbox 1527 977 1746 1037; x_wconf 73' lang='grc' dir='ltr'>ἀσεϐεῖς</span> 
     </span>
    </p>
   </div>
   <div class='ocr_carea' id='block_1_13' title="bbox 169 1071 1738 1143">
    <p class='ocr_par' dir='ltr' id='par_1_13' title="bbox 169 1071 1738 1143">
     <span class='ocr_line' id='line_1_13' title="bbox 169 1071 1738 1143; baseline -0.004 -16"><span class='ocrx_word' id='word_1_86' title='bbox 169 1077 282 1143; x_wconf 73' lang='grc' dir='ltr'>γὰρ</span> <span class='ocrx_word' id='word_1_87' title='bbox 309 1075 406 1126; x_wconf 82' lang='grc' dir='ltr'>καὶ</span> <span class='ocrx_word' id='word_1_88' title='bbox 429 1075 621 1142; x_wconf 84' lang='grc' dir='ltr'><strong>ἄνομοι</strong></span> <span class='ocrx_word' id='word_1_89' title='bbox 659 1073 1147 1142; x_wconf 83' lang='grc' dir='ltr'>ἐκδιωχθήσονται.</span> <span class='ocrx_word' id='word_1_90' title='bbox 1190 1073 1462 1133; x_wconf 82' lang='grc' dir='ltr'><strong>Ὡσαύτως</strong></span> <span class='ocrx_word' id='word_1_91' title='bbox 1485 1071 1580 1124; x_wconf 85' lang='grc' dir='ltr'>καί</span> <span class='ocrx_word' id='word_1_92' title='bbox 1615 1088 1634 1121; x_wconf 73' lang='grc' dir='ltr'><strong>ι</strong></span> <span class='ocrx_word' id='word_1_93' title='bbox 1675 1071 1738 1120; x_wconf 78' lang='lat' dir='ltr'><strong>0i.</strong></span> 
     </span>
    </p>
   </div>
   <div class='ocr_carea' id='block_1_14' title="bbox 171 1162 1738 1232">
    <p class='ocr_par' dir='ltr' id='par_1_14' title="bbox 171 1162 1738 1232">
     <span class='ocr_line' id='line_1_14' title="bbox 171 1162 1738 1232; baseline -0.004 -16"><span class='ocrx_word' id='word_1_94' title='bbox 171 1165 423 1227; x_wconf 77' lang='grc' dir='ltr'>εὐσεὸὡς</span> <span class='ocrx_word' id='word_1_95' title='bbox 460 1165 710 1226; x_wconf 81' lang='grc' dir='ltr'>θέλοντες</span> <span class='ocrx_word' id='word_1_96' title='bbox 740 1166 840 1232; x_wconf 71' lang='grc' dir='ltr'><strong>ζῇν</strong></span> <span class='ocrx_word' id='word_1_97' title='bbox 882 1166 939 1216; x_wconf 87' lang='grc' dir='ltr'><strong>ἐν</strong></span> <span class='ocrx_word' id='word_1_98' title='bbox 985 1162 1228 1231; x_wconf 77' lang='grc' dir='ltr'>Χριστῷ,</span> <span class='ocrx_word' id='word_1_99' title='bbox 1265 1162 1681 1230; x_wconf 76' lang='grc' dir='ltr'><strong>διωχθήσονται,</strong></span> <span class='ocrx_word' id='word_1_100' title='bbox 1721 1179 1738 1210; x_wconf 77' lang='grc' dir='ltr'><strong>ι</strong></span> 
     </span>
    </p>
   </div>
   <div class='ocr_carea' id='block_1_15' title="bbox 169 1250 1740 1322">
    <p class='ocr_par' dir='ltr' id='par_1_15' title="bbox 169 1250 1740 1322">
     <span class='ocr_line' id='line_1_15' title="bbox 169 1250 1740 1322; baseline -0.004 -17"><span class='ocrx_word' id='word_1_101' title='bbox 169 1254 360 1316; x_wconf 75' lang='grc' dir='ltr'>καθὼς</span> <span class='ocrx_word' id='word_1_102' title='bbox 411 1256 508 1306; x_wconf 84' lang='grc' dir='ltr'>καὶ</span> <span class='ocrx_word' id='word_1_103' title='bbox 561 1255 666 1306; x_wconf 85' lang='grc' dir='ltr'><strong>ὑπὸ</strong></span> <span class='ocrx_word' id='word_1_104' title='bbox 720 1253 816 1306; x_wconf 84' lang='grc' dir='ltr'>τοῦ</span> <span class='ocrx_word' id='word_1_105' title='bbox 869 1252 1280 1322; x_wconf 83' lang='grc' dir='ltr'>Παροιμιαστοῦ</span> <span class='ocrx_word' id='word_1_106' title='bbox 1337 1250 1740 1318; x_wconf 67' lang='grc' dir='ltr'>παιδειιόμεθα’</span> 
     </span>
    </p>
   </div>
   <div class='ocr_carea' id='block_1_16' title="bbox 169 1340 1743 1414">
    <p class='ocr_par' dir='ltr' id='par_1_16' title="bbox 169 1340 1743 1414">
     <span class='ocr_line' id='line_1_16' title="bbox 169 1340 1743 1414; baseline 0.007 -20"><span class='ocrx_word' id='word_1_107' title='bbox 169 1346 320 1412; x_wconf 70' lang='grc' dir='ltr'>φησί</span> <span class='ocrx_word' id='word_1_108' title='bbox 346 1345 472 1412; x_wconf 77' lang='grc' dir='ltr'>γὰρ,</span> <span class='ocrx_word' id='word_1_109' title='bbox 515 1362 534 1395; x_wconf 77' lang='grc' dir='ltr'><strong>ι</strong></span> <span class='ocrx_word' id='word_1_110' title='bbox 580 1345 704 1396; x_wconf 77' lang='grc' dir='ltr'>Ἐὰν</span> <span class='ocrx_word' id='word_1_111' title='bbox 743 1346 885 1414; x_wconf 80' lang='grc' dir='ltr'>πέσῃ</span> <span class='ocrx_word' id='word_1_112' title='bbox 923 1345 950 1394; x_wconf 86' lang='grc' dir='ltr'>ὁ</span> <span class='ocrx_word' id='word_1_113' title='bbox 991 1344 1182 1412; x_wconf 82' lang='grc' dir='ltr'>ἐχθρός</span> <span class='ocrx_word' id='word_1_114' title='bbox 1215 1359 1330 1401; x_wconf 86' lang='grc' dir='ltr'>σου,</span> <span class='ocrx_word' id='word_1_115' title='bbox 1367 1341 1442 1409; x_wconf 80' lang='grc' dir='ltr'>μὴ</span> <span class='ocrx_word' id='word_1_116' title='bbox 1476 1340 1743 1406; x_wconf 69' lang='grc' dir='ltr'>ἐπιχειρῇς</span> 
     </span>
    </p>
   </div>
   <div class='ocr_carea' id='block_1_17' title="bbox 167 1428 1743 1500">
    <p class='ocr_par' dir='ltr' id='par_1_17' title="bbox 167 1428 1743 1500">
     <span class='ocr_line' id='line_1_17' title="bbox 167 1428 1743 1500; baseline -0.003 -17"><span class='ocrx_word' id='word_1_117' title='bbox 167 1433 346 1499; x_wconf 73' lang='grc' dir='ltr'>αὐτῷ.</span> <span class='ocrx_word' id='word_1_118' title='bbox 391 1434 478 1484; x_wconf 84' lang='grc' dir='ltr'>Ἐν</span> <span class='ocrx_word' id='word_1_119' title='bbox 506 1433 563 1484; x_wconf 84' lang='grc' dir='ltr'>δὲ</span> <span class='ocrx_word' id='word_1_120' title='bbox 595 1432 670 1500; x_wconf 81' lang='grc' dir='ltr'>τῷ</span> <span class='ocrx_word' id='word_1_121' title='bbox 702 1432 1134 1498; x_wconf 84' lang='grc' dir='ltr'>ὑποσκελίσματι</span> <span class='ocrx_word' id='word_1_122' title='bbox 1173 1428 1338 1482; x_wconf 79' lang='grc' dir='ltr'>αὑτοῦ</span> <span class='ocrx_word' id='word_1_123' title='bbox 1380 1428 1455 1496; x_wconf 82' lang='grc' dir='ltr'>μὴ</span> <span class='ocrx_word' id='word_1_124' title='bbox 1488 1428 1743 1493; x_wconf 82' lang='grc' dir='ltr'>ἐπαίρου.</span> 
     </span>
    </p>
   </div>
   <div class='ocr_carea' id='block_1_18' title="bbox 171 1514 1744 1591">
    <p class='ocr_par' dir='ltr' id='par_1_18' title="bbox 171 1514 1744 1591">
     <span class='ocr_line' id='line_1_18' title="bbox 171 1514 1744 1591; baseline -0.006 -17"><span class='ocrx_word' id='word_1_125' title='bbox 171 1525 384 1590; x_wconf 80' lang='grc' dir='ltr'>μήποτε</span> <span class='ocrx_word' id='word_1_126' title='bbox 422 1523 586 1591; x_wconf 78' lang='grc' dir='ltr'>ἐπίδῃ</span> <span class='ocrx_word' id='word_1_127' title='bbox 619 1522 853 1591; x_wconf 80' lang='grc' dir='ltr'>Κύριος,</span> <span class='ocrx_word' id='word_1_128' title='bbox 885 1521 982 1573; x_wconf 75' lang='grc' dir='ltr'><strong>καὶ</strong></span> <span class='ocrx_word' id='word_1_129' title='bbox 1019 1520 1120 1572; x_wconf 76' lang='grc' dir='ltr'>οὐκ</span> <span class='ocrx_word' id='word_1_130' title='bbox 1163 1519 1334 1586; x_wconf 82' lang='grc' dir='ltr'><strong>ἀρέσῃ</strong></span> <span class='ocrx_word' id='word_1_131' title='bbox 1367 1516 1535 1584; x_wconf 73' lang='grc' dir='ltr'>αὐτῷ.</span> <span class='ocrx_word' id='word_1_132' title='bbox 1578 1534 1597 1567; x_wconf 75' lang='grc' dir='ltr'><strong>ι</strong></span> <span class='ocrx_word' id='word_1_133' title='bbox 1634 1514 1744 1567; x_wconf 84' lang='lat' dir='ltr'><strong>Ka‘t</strong></span> 
     </span>
    </p>
   </div>
   <div class='ocr_carea' id='block_1_19' title="bbox 166 1606 1743 1682">
    <p class='ocr_par' dir='ltr' id='par_1_19' title="bbox 166 1606 1743 1682">
     <span class='ocr_line' id='line_1_19' title="bbox 166 1606 1743 1682; baseline -0.006 -17"><span class='ocrx_word' id='word_1_134' title='bbox 166 1613 345 1665; x_wconf 73' lang='grc' dir='ltr'>ταῦτα</span> <span class='ocrx_word' id='word_1_135' title='bbox 381 1613 478 1681; x_wconf 88' lang='grc' dir='ltr'><strong>μέν</strong></span> <span class='ocrx_word' id='word_1_136' title='bbox 498 1612 629 1682; x_wconf 71' lang='grc' dir='ltr'>περὶ</span> <span class='ocrx_word' id='word_1_137' title='bbox 658 1612 878 1682; x_wconf 76' lang='grc' dir='ltr'>ἐχθροῦ.</span> <span class='ocrx_word' id='word_1_138' title='bbox 914 1609 1045 1674; x_wconf 71' lang='grc' dir='ltr'>Καὶ,</span> <span class='ocrx_word' id='word_1_139' title='bbox 1084 1629 1102 1660; x_wconf 75' lang='grc' dir='ltr'><strong>ι</strong></span> <span class='ocrx_word' id='word_1_140' title='bbox 1158 1609 1214 1662; x_wconf 83' lang='grc' dir='ltr'><strong>Ὀ</strong></span> <span class='ocrx_word' id='word_1_141' title='bbox 1244 1608 1546 1676; x_wconf 73' lang='grc' dir='ltr'>ἐπικαίρων</span> <span class='ocrx_word' id='word_1_142' title='bbox 1574 1606 1743 1658; x_wconf 85' lang='grc' dir='ltr'>ἀπολ-</span> 
     </span>
    </p>
   </div>
   <div class='ocr_carea' id='block_1_20' title="bbox 166 1695 1742 1773">
    <p class='ocr_par' dir='ltr' id='par_1_20' title="bbox 166 1695 1742 1773">
     <span class='ocr_line' id='line_1_20' title="bbox 166 1695 1742 1773; baseline -0.005 -19"><span class='ocrx_word' id='word_1_143' title='bbox 166 1705 392 1773; x_wconf 78' lang='grc' dir='ltr'>λυμένῳ</span> <span class='ocrx_word' id='word_1_144' title='bbox 440 1705 542 1755; x_wconf 81' lang='grc' dir='ltr'>οὐκ</span> <span class='ocrx_word' id='word_1_145' title='bbox 588 1702 1006 1771; x_wconf 88' lang='grc' dir='ltr'>άθωωθήσεται.</span> <span class='ocrx_word' id='word_1_146' title='bbox 1056 1719 1074 1750; x_wconf 73' lang='grc' dir='ltr'><strong>ι</strong></span> <span class='ocrx_word' id='word_1_147' title='bbox 1111 1699 1220 1751; x_wconf 75' lang='grc' dir='ltr'><strong>Καὶ</strong></span> <span class='ocrx_word' id='word_1_148' title='bbox 1251 1697 1434 1760; x_wconf 85' lang='grc' dir='ltr'>πάλιν,</span> <span class='ocrx_word' id='word_1_149' title='bbox 1469 1715 1487 1746; x_wconf 77' lang='grc' dir='ltr'><strong>ι</strong></span> <span class='ocrx_word' id='word_1_150' title='bbox 1519 1695 1656 1748; x_wconf 72' lang='grc' dir='ltr'>Οὐαὶ</span> <span class='ocrx_word' id='word_1_151' title='bbox 1693 1697 1742 1746; x_wconf 87' lang='grc' dir='ltr'><strong>οί</strong></span> 
     </span>
    </p>
   </div>
   <div class='ocr_carea' id='block_1_21' title="bbox 165 1788 1732 1864">
    <p class='ocr_par' dir='ltr' id='par_1_21' title="bbox 165 1788 1732 1864">
     <span class='ocr_line' id='line_1_21' title="bbox 165 1788 1732 1864; baseline -0.006 -17"><span class='ocrx_word' id='word_1_152' title='bbox 165 1797 590 1864; x_wconf 67' lang='grc' dir='ltr'>εὐφραινόμενοι</span> <span class='ocrx_word' id='word_1_153' title='bbox 639 1793 740 1846; x_wconf 71' lang='grc' dir='ltr'>ἐπὶ</span> <span class='ocrx_word' id='word_1_154' title='bbox 771 1796 998 1855; x_wconf 77' lang='grc' dir='ltr'>κακοῖς,</span> <span class='ocrx_word' id='word_1_155' title='bbox 1047 1791 1143 1843; x_wconf 71' lang='grc' dir='ltr'>καὶ</span> <span class='ocrx_word' id='word_1_156' title='bbox 1182 1790 1464 1858; x_wconf 89' lang='grc' dir='ltr'>χαίροντες</span> <span class='ocrx_word' id='word_1_157' title='bbox 1493 1789 1586 1840; x_wconf 75' lang='grc' dir='ltr'>ἐπὶ</span> <span class='ocrx_word' id='word_1_158' title='bbox 1616 1788 1732 1839; x_wconf 84' lang='grc' dir='ltr'>δια-</span> 
     </span>
    </p>
   </div>
   <div class='ocr_carea' id='block_1_22' title="bbox 1844 979 3412 1049">
    <p class='ocr_par' dir='ltr' id='par_1_22' title="bbox 1844 979 3412 1049">
     <span class='ocr_line' id='line_1_22' title="bbox 1844 979 3412 1049; baseline 0.003 -18"><span class='ocrx_word' id='word_1_159' title='bbox 1844 979 1935 1046; x_wconf 93' lang='lat' dir='ltr'><strong>pio</strong></span> <span class='ocrx_word' id='word_1_160' title='bbox 1964 982 2363 1049; x_wconf 89' lang='lat' dir='ltr'><strong>compassionis</strong></span> <span class='ocrx_word' id='word_1_161' title='bbox 2383 981 2585 1035; x_wconf 77' lang='lat' dir='ltr'><strong>affectu</strong></span> <span class='ocrx_word' id='word_1_162' title='bbox 2616 981 2956 1036; x_wconf 85' lang='lat' dir='ltr'><strong>indolescere</strong></span> <span class='ocrx_word' id='word_1_163' title='bbox 3009 989 3066 1036; x_wconf 91' lang='lat' dir='ltr'><strong>et</strong></span> <span class='ocrx_word' id='word_1_164' title='bbox 3102 982 3412 1048; x_wconf 86' lang='lat' dir='ltr'><strong>congemis-</strong></span> 
     </span>
    </p>
   </div>
   <div class='ocr_carea' id='block_1_23' title="bbox 1842 1072 3416 1142">
    <p class='ocr_par' dir='ltr' id='par_1_23' title="bbox 1842 1072 3416 1142">
     <span class='ocr_line' id='line_1_23' title="bbox 1842 1072 3416 1142; baseline 0.003 -20"><span class='ocrx_word' id='word_1_165' title='bbox 1842 1085 1991 1136; x_wconf 90' lang='lat' dir='ltr'><strong>cere,</strong></span> <span class='ocrx_word' id='word_1_166' title='bbox 2043 1074 2200 1142; x_wconf 81' lang='lat' dir='ltr'><strong>juxta</strong></span> <span class='ocrx_word' id='word_1_167' title='bbox 2269 1072 2515 1141; x_wconf 81' lang='lat' dir='ltr'><strong>Apostoli</strong></span> <span class='ocrx_word' id='word_1_168' title='bbox 2561 1073 2809 1126; x_wconf 86' lang='lat' dir='ltr'><strong>verbum.</strong></span> <span class='ocrx_word' id='word_1_169' title='bbox 2855 1073 2967 1127; x_wconf 81' lang='lat' dir='ltr'><strong>l\ec</strong></span> <span class='ocrx_word' id='word_1_170' title='bbox 3006 1072 3186 1126; x_wconf 90' lang='lat' dir='ltr'><strong>solum</strong></span> <span class='ocrx_word' id='word_1_171' title='bbox 3221 1072 3416 1126; x_wconf 74' lang='lat' dir='ltr'><strong>aliena:</strong></span> 
     </span>
    </p>
   </div>
   <div class='ocr_carea' id='block_1_24' title="bbox 1843 1161 3413 1230">
    <p class='ocr_par' dir='ltr' id='par_1_24' title="bbox 1843 1161 3413 1230">
     <span class='ocr_line' id='line_1_24' title="bbox 1843 1161 3413 1230; baseline 0 -16"><span class='ocrx_word' id='word_1_172' title='bbox 1843 1161 2145 1216; x_wconf 87' lang='lat' dir='ltr'><strong>infelicitati</strong></span> <span class='ocrx_word' id='word_1_173' title='bbox 2173 1163 2544 1217; x_wconf 89' lang='lat' dir='ltr'><strong>insultandum</strong></span> <span class='ocrx_word' id='word_1_174' title='bbox 2574 1178 2682 1217; x_wconf 92' lang='lat' dir='ltr'><strong>non</strong></span> <span class='ocrx_word' id='word_1_175' title='bbox 2715 1172 2820 1226; x_wconf 88' lang='lat' dir='ltr'><strong>est,</strong></span> <span class='ocrx_word' id='word_1_176' title='bbox 2840 1163 2933 1216; x_wconf 87' lang='lat' dir='ltr'><strong>sed</strong></span> <span class='ocrx_word' id='word_1_177' title='bbox 2958 1179 3027 1216; x_wconf 91' lang='lat' dir='ltr'><strong>ne</strong></span> <span class='ocrx_word' id='word_1_178' title='bbox 3048 1164 3161 1216; x_wconf 93' lang='lat' dir='ltr'><strong>ullo</strong></span> <span class='ocrx_word' id='word_1_179' title='bbox 3190 1162 3413 1230; x_wconf 87' lang='lat' dir='ltr'><strong>quidem</strong></span> 
     </span>
    </p>
   </div>
   <div class='ocr_carea' id='block_1_25' title="bbox 1841 1250 3416 1319">
    <p class='ocr_par' dir='ltr' id='par_1_25' title="bbox 1841 1250 3416 1319">
     <span class='ocr_line' id='line_1_25' title="bbox 1841 1250 3416 1319; baseline 0.001 -16"><span class='ocrx_word' id='word_1_180' title='bbox 1841 1261 2001 1319; x_wconf 91' lang='lat' dir='ltr'><strong>pacto</strong></span> <span class='ocrx_word' id='word_1_181' title='bbox 2047 1254 2340 1309; x_wconf 89' lang='lat' dir='ltr'><strong>calamitati</strong></span> <span class='ocrx_word' id='word_1_182' title='bbox 2401 1255 2595 1308; x_wconf 67' lang='lat' dir='ltr'><strong>aliena:</strong></span> <span class='ocrx_word' id='word_1_183' title='bbox 2645 1252 2929 1307; x_wconf 90' lang='lat' dir='ltr'><strong>insultanti</strong></span> <span class='ocrx_word' id='word_1_184' title='bbox 3005 1250 3416 1305; x_wconf 67' lang='lat' dir='ltr'><strong>commodanda:</strong></span> 
     </span>
    </p>
   </div>
   <div class='ocr_carea' id='block_1_26' title="bbox 1841 1339 3412 1412">
    <p class='ocr_par' dir='ltr' id='par_1_26' title="bbox 1841 1339 3412 1412">
     <span class='ocr_line' id='line_1_26' title="bbox 1841 1339 3412 1412; baseline 0 -19"><span class='ocrx_word' id='word_1_185' title='bbox 1841 1356 2005 1394; x_wconf 87' lang='lat' dir='ltr'><strong>aures</strong></span> <span class='ocrx_word' id='word_1_186' title='bbox 2072 1354 2220 1397; x_wconf 92' lang='lat' dir='ltr'><strong>sunt.</strong></span> <span class='ocrx_word' id='word_1_187' title='bbox 2281 1345 2384 1407; x_wconf 83' lang='lat' dir='ltr'><strong>Qui</strong></span> <span class='ocrx_word' id='word_1_188' title='bbox 2454 1345 2602 1397; x_wconf 91' lang='lat' dir='ltr'><strong>enim</strong></span> <span class='ocrx_word' id='word_1_189' title='bbox 2648 1352 2755 1398; x_wconf 90' lang='lat' dir='ltr'><strong>tam</strong></span> <span class='ocrx_word' id='word_1_190' title='bbox 2802 1343 2902 1396; x_wconf 94' lang='lat' dir='ltr'><strong>toti</strong></span> <span class='ocrx_word' id='word_1_191' title='bbox 2953 1342 3295 1412; x_wconf 85' lang='lat' dir='ltr'><strong>propendent</strong></span> <span class='ocrx_word' id='word_1_192' title='bbox 3342 1339 3412 1394; x_wconf 94' lang='lat' dir='ltr'><strong>ad</strong></span> 
     </span>
    </p>
   </div>
   <div class='ocr_carea' id='block_1_27' title="bbox 1841 1430 3412 1502">
    <p class='ocr_par' dir='ltr' id='par_1_27' title="bbox 1841 1430 3412 1502">
     <span class='ocr_line' id='line_1_27' title="bbox 1841 1430 3412 1502; baseline 0 -19"><span class='ocrx_word' id='word_1_193' title='bbox 1841 1432 2215 1485; x_wconf 85' lang='lat' dir='ltr'><strong>cxaudiendas</strong></span> <span class='ocrx_word' id='word_1_194' title='bbox 2252 1434 2556 1487; x_wconf 86' lang='lat' dir='ltr'><strong>delationes</strong></span> <span class='ocrx_word' id='word_1_195' title='bbox 2579 1435 2872 1499; x_wconf 86' lang='lat' dir='ltr'><strong>ejusmodi,</strong></span> <span class='ocrx_word' id='word_1_196' title='bbox 2907 1435 2991 1487; x_wconf 91' lang='lat' dir='ltr'><strong>sui</strong></span> <span class='ocrx_word' id='word_1_197' title='bbox 3011 1435 3120 1502; x_wconf 89' lang='lat' dir='ltr'><strong>jam</strong></span> <span class='ocrx_word' id='word_1_198' title='bbox 3142 1430 3412 1502; x_wconf 88' lang='lat' dir='ltr'><strong>propositi</strong></span> 
     </span>
    </p>
   </div>
   <div class='ocr_carea' id='block_1_28' title="bbox 1841 1519 3412 1591">
    <p class='ocr_par' dir='ltr' id='par_1_28' title="bbox 1841 1519 3412 1591">
     <span class='ocr_line' id='line_1_28' title="bbox 1841 1519 3412 1591; baseline 0.001 -19"><span class='ocrx_word' id='word_1_199' title='bbox 1841 1520 2174 1574; x_wconf 89' lang='lat' dir='ltr'><strong>vindemiant</strong></span> <span class='ocrx_word' id='word_1_200' title='bbox 2218 1521 2453 1576; x_wconf 84' lang='lat' dir='ltr'><strong>fructus.</strong></span> <span class='ocrx_word' id='word_1_201' title='bbox 2497 1523 2660 1590; x_wconf 80' lang='lat' dir='ltr'><strong>Atqui</strong></span> <span class='ocrx_word' id='word_1_202' title='bbox 2705 1525 2870 1576; x_wconf 92' lang='lat' dir='ltr'><strong>nolim</strong></span> <span class='ocrx_word' id='word_1_203' title='bbox 2913 1532 3091 1591; x_wconf 87' lang='lat' dir='ltr'><strong>putes.</strong></span> <span class='ocrx_word' id='word_1_204' title='bbox 3141 1519 3412 1590; x_wconf 91' lang='lat' dir='ltr'><strong>quidquid</strong></span> 
     </span>
    </p>
   </div>
   <div class='ocr_carea' id='block_1_29' title="bbox 1839 1611 3412 1681">
    <p class='ocr_par' dir='ltr' id='par_1_29' title="bbox 1839 1611 3412 1681">
     <span class='ocr_line' id='line_1_29' title="bbox 1839 1611 3412 1681; baseline 0.002 -19"><span class='ocrx_word' id='word_1_205' title='bbox 1839 1617 2079 1665; x_wconf 77' lang='lat' dir='ltr'><strong>adversa:</strong></span> <span class='ocrx_word' id='word_1_206' title='bbox 2104 1621 2158 1665; x_wconf 93' lang='lat' dir='ltr'><strong>et</strong></span> <span class='ocrx_word' id='word_1_207' title='bbox 2178 1611 2451 1666; x_wconf 75' lang='lat' dir='ltr'><strong>afﬂictiva:</strong></span> <span class='ocrx_word' id='word_1_208' title='bbox 2479 1613 2557 1666; x_wconf 89' lang='lat' dir='ltr'><strong>rei</strong></span> <span class='ocrx_word' id='word_1_209' title='bbox 2581 1613 2852 1681; x_wconf 87' lang='lat' dir='ltr'><strong>contingit</strong></span> <span class='ocrx_word' id='word_1_210' title='bbox 2871 1611 3193 1665; x_wconf 90' lang='lat' dir='ltr'><strong>hominibus</strong></span> <span class='ocrx_word' id='word_1_211' title='bbox 3213 1611 3412 1665; x_wconf 87' lang='lat' dir='ltr'><strong>ascribi</strong></span> 
     </span>
    </p>
   </div>
   <div class='ocr_carea' id='block_1_30' title="bbox 1841 1699 3413 1769">
    <p class='ocr_par' dir='ltr' id='par_1_30' title="bbox 1841 1699 3413 1769">
     <span class='ocr_line' id='line_1_30' title="bbox 1841 1699 3413 1769; baseline 0 -17"><span class='ocrx_word' id='word_1_212' title='bbox 1841 1699 2042 1753; x_wconf 88' lang='lat' dir='ltr'><strong>debere</strong></span> <span class='ocrx_word' id='word_1_213' title='bbox 2094 1715 2311 1769; x_wconf 87' lang='lat' dir='ltr'><strong>semper</strong></span> <span class='ocrx_word' id='word_1_214' title='bbox 2342 1701 2584 1769; x_wconf 90' lang='lat' dir='ltr'><strong>ipsorum</strong></span> <span class='ocrx_word' id='word_1_215' title='bbox 2613 1701 2854 1769; x_wconf 84' lang='lat' dir='ltr'><strong>peccatis</strong></span> <span class='ocrx_word' id='word_1_216' title='bbox 2892 1717 2909 1764; x_wconf 88' lang='lat'><strong>;</strong></span> <span class='ocrx_word' id='word_1_217' title='bbox 2940 1700 3206 1769; x_wconf 89' lang='lat' dir='ltr'><strong>quosdam</strong></span> <span class='ocrx_word' id='word_1_218' title='bbox 3262 1700 3413 1753; x_wconf 90' lang='lat' dir='ltr'><strong>enim</strong></span> 
     </span>
    </p>
   </div>
   <div class='ocr_carea' id='block_1_31' title="bbox 1840 1788 3415 1860">
    <p class='ocr_par' dir='ltr' id='par_1_31' title="bbox 1840 1788 3415 1860">
     <span class='ocr_line' id='line_1_31' title="bbox 1840 1788 3415 1860; baseline 0.001 -21"><span class='ocrx_word' id='word_1_219' title='bbox 1840 1788 2111 1860; x_wconf 58' lang='lat' dir='ltr'><strong>invenias,</strong></span> <span class='ocrx_word' id='word_1_220' title='bbox 2166 1789 2260 1856; x_wconf 93' lang='lat' dir='ltr'><strong>qui</strong></span> <span class='ocrx_word' id='word_1_221' title='bbox 2294 1789 2398 1842; x_wconf 87' lang='lat' dir='ltr'><strong>etsi</strong></span> <span class='ocrx_word' id='word_1_222' title='bbox 2434 1789 2544 1842; x_wconf 93' lang='lat' dir='ltr'><strong>Deo</strong></span> <span class='ocrx_word' id='word_1_223' title='bbox 2573 1788 2794 1858; x_wconf 78' lang='lat' dir='ltr'><strong>gratiosi</strong></span> <span class='ocrx_word' id='word_1_224' title='bbox 2831 1789 2963 1851; x_wconf 88' lang='lat' dir='ltr'><strong>sint,</strong></span> <span class='ocrx_word' id='word_1_225' title='bbox 2993 1798 3277 1842; x_wconf 86' lang='lat' dir='ltr'><strong>tentantur</strong></span> <span class='ocrx_word' id='word_1_226' title='bbox 3331 1796 3415 1841; x_wconf 82' lang='lat' dir='ltr'><strong>ta-</strong></span> 
     </span>
    </p>
   </div>
   <div class='ocr_carea' id='block_1_32' title="bbox 167 1856 1744 1954">
    <p class='ocr_par' dir='ltr' id='par_1_32' title="bbox 167 1856 1732 1954">
     <span class='ocr_line' id='line_1_32' title="bbox 167 1856 1732 1954; baseline -0.004 -18"><span class='ocrx_word' id='word_1_227' title='bbox 167 1856 383 1953; x_wconf 76' lang='grc' dir='ltr'>στροφῇ</span> <span class='ocrx_word' id='word_1_228' title='bbox 427 1856 592 1954; x_wconf 69' lang='grc' dir='ltr'>κακῇ.</span> <span class='ocrx_word' id='word_1_229' title='bbox 637 1902 655 1934; x_wconf 75' lang='grc' dir='ltr'><strong>ι</strong></span> <span class='ocrx_word' id='word_1_230' title='bbox 704 1883 817 1937; x_wconf 78' lang='grc' dir='ltr'><strong>Καὶ</strong></span> <span class='ocrx_word' id='word_1_231' title='bbox 851 1882 1030 1945; x_wconf 75' lang='grc' dir='ltr'>αὖθις,</span> <span class='ocrx_word' id='word_1_232' title='bbox 1072 1899 1091 1932; x_wconf 77' lang='grc' dir='ltr'><strong>ι</strong></span> <span class='ocrx_word' id='word_1_233' title='bbox 1133 1856 1326 1947; x_wconf 75' lang='grc' dir='ltr'>Πάγίδι</span> <span class='ocrx_word' id='word_1_234' title='bbox 1362 1880 1732 1948; x_wconf 85' lang='grc' dir='ltr'>ἀλωθήσονται</span> 
     </span>
    </p>
   </div>
   <div class='ocr_carea' id='block_1_33' title="bbox 1842 1856 3414 1954">
    <p class='ocr_par' dir='ltr' id='par_1_33' title="bbox 1842 1856 3414 1948">
     <span class='ocr_line' id='line_1_33' title="bbox 1842 1856 3414 1948; baseline 0 -18"><span class='ocrx_word' id='word_1_235' title='bbox 1842 1856 1983 1930; x_wconf 81' lang='lat' dir='ltr'><strong>men.</strong></span> <span class='ocrx_word' id='word_1_236' title='bbox 2047 1879 2333 1932; x_wconf 83' lang='lat' dir='ltr'><strong>Diversum</strong></span> <span class='ocrx_word' id='word_1_237' title='bbox 2374 1856 2642 1948; x_wconf 77' lang='lat' dir='ltr'><strong>contingit</strong></span> <span class='ocrx_word' id='word_1_238' title='bbox 2695 1879 2816 1932; x_wconf 86' lang='lat' dir='ltr'><strong>istis</strong></span> <span class='ocrx_word' id='word_1_239' title='bbox 2853 1893 2885 1932; x_wconf 90' lang='lat' dir='ltr'><strong>a</strong></span> <span class='ocrx_word' id='word_1_240' title='bbox 2948 1879 3151 1947; x_wconf 87' lang='lat' dir='ltr'><strong>pietate</strong></span> <span class='ocrx_word' id='word_1_241' title='bbox 3187 1892 3252 1930; x_wconf 90' lang='lat' dir='ltr'><strong>ac</strong></span> <span class='ocrx_word' id='word_1_242' title='bbox 3294 1877 3414 1946; x_wconf 90' lang='lat' dir='ltr'><strong>lege</strong></span> 
     </span>
    </p>
   </div>
   <div class='ocr_carea' id='block_1_34' title="bbox 163 1967 1744 2043">
    <p class='ocr_par' dir='ltr' id='par_1_34' title="bbox 163 1969 1733 2043">
     <span class='ocr_line' id='line_1_34' title="bbox 163 1969 1733 2043; baseline -0.006 -16"><span class='ocrx_word' id='word_1_243' title='bbox 163 1977 213 2027; x_wconf 87' lang='grc' dir='ltr'>οἱ</span> <span class='ocrx_word' id='word_1_244' title='bbox 243 1975 667 2043; x_wconf 72' lang='grc' dir='ltr'>εὐφραινόμενοι</span> <span class='ocrx_word' id='word_1_245' title='bbox 726 1974 822 2026; x_wconf 76' lang='grc' dir='ltr'>ἐπὶ</span> <span class='ocrx_word' id='word_1_246' title='bbox 875 1973 1081 2025; x_wconf 81' lang='grc' dir='ltr'>πτώσει</span> <span class='ocrx_word' id='word_1_247' title='bbox 1128 1971 1390 2033; x_wconf 77' lang='grc' dir='ltr'>εὐσεῦῶν,</span> <span class='ocrx_word' id='word_1_248' title='bbox 1437 1969 1531 2022; x_wconf 77' lang='grc' dir='ltr'>καὶ</span> <span class='ocrx_word' id='word_1_249' title='bbox 1569 1969 1733 2036; x_wconf 75' lang='grc' dir='ltr'>ὀδύνη</span> 
     </span>
    </p>
   </div>
   <div class='ocr_carea' id='block_1_35' title="bbox 1842 1967 3417 2043">
    <p class='ocr_par' dir='ltr' id='par_1_35' title="bbox 1842 1967 3417 2038">
     <span class='ocr_line' id='line_1_35' title="bbox 1842 1967 3417 2038; baseline -0.001 -16"><span class='ocrx_word' id='word_1_250' title='bbox 1842 1967 2144 2022; x_wconf 81' lang='lat' dir='ltr'><strong>Christiana</strong></span> <span class='ocrx_word' id='word_1_251' title='bbox 2162 1969 2530 2038; x_wconf 86' lang='lat' dir='ltr'><strong>aiienis,quos</strong></span> <span class='ocrx_word' id='word_1_252' title='bbox 2549 1968 2828 2023; x_wconf 88' lang='lat' dir='ltr'><strong>credimus</strong></span> <span class='ocrx_word' id='word_1_253' title='bbox 2849 1969 3144 2035; x_wconf 83' lang='lat' dir='ltr'><strong>relegatum</strong></span> <span class='ocrx_word' id='word_1_254' title='bbox 3169 1969 3232 2020; x_wconf 93' lang='lat' dir='ltr'><strong>iri</strong></span> <span class='ocrx_word' id='word_1_255' title='bbox 3251 1981 3281 2020; x_wconf 90' lang='lat' dir='ltr'><strong>a</strong></span> <span class='ocrx_word' id='word_1_256' title='bbox 3302 1981 3417 2034; x_wconf 86' lang='lat' dir='ltr'><strong>reg-</strong></span> 
     </span>
    </p>
   </div>
   <div class='ocr_carea' id='block_1_36' title="bbox 164 2058 1732 2130">
    <p class='ocr_par' dir='ltr' id='par_1_36' title="bbox 164 2058 1732 2130">
     <span class='ocr_line' id='line_1_36' title="bbox 164 2058 1732 2130; baseline -0.004 -15"><span class='ocrx_word' id='word_1_257' title='bbox 164 2062 536 2116; x_wconf 86' lang='grc' dir='ltr'>ἀνταναλώσει</span> <span class='ocrx_word' id='word_1_258' title='bbox 560 2063 759 2124; x_wconf 76' lang='grc' dir='ltr'>αὐτοὺς</span> <span class='ocrx_word' id='word_1_259' title='bbox 793 2061 901 2130; x_wconf 83' lang='grc' dir='ltr'><strong>πρὸ</strong></span> <span class='ocrx_word' id='word_1_260' title='bbox 928 2060 1022 2111; x_wconf 74' lang='grc' dir='ltr'>τοῦ</span> <span class='ocrx_word' id='word_1_261' title='bbox 1053 2060 1283 2112; x_wconf 87' lang='grc' dir='ltr'>θανάτου</span> <span class='ocrx_word' id='word_1_262' title='bbox 1310 2058 1511 2111; x_wconf 83' lang='grc' dir='ltr'>αὐτῶν.</span> <span class='ocrx_word' id='word_1_263' title='bbox 1546 2077 1565 2108; x_wconf 73' lang='grc' dir='ltr'><strong>ι</strong></span> <span class='ocrx_word' id='word_1_264' title='bbox 1600 2058 1732 2121; x_wconf 76' lang='grc' dir='ltr'>Καὶ,</span> 
     </span>
    </p>
   </div>
   <div class='ocr_carea' id='block_1_37' title="bbox 173 2141 1735 2220">
    <p class='ocr_par' dir='ltr' id='par_1_37' title="bbox 173 2141 1735 2220">
     <span class='ocr_line' id='line_1_37' title="bbox 173 2141 1735 2220; baseline -0.006 -19"><span class='ocrx_word' id='word_1_265' title='bbox 173 2173 190 2201; x_wconf 87' lang='grc'><strong><em>‹</em></strong></span> <span class='ocrx_word' id='word_1_266' title='bbox 217 2151 506 2220; x_wconf 73' lang='grc' dir='ltr'>Μνήσθητε</span> <span class='ocrx_word' id='word_1_267' title='bbox 525 2149 623 2212; x_wconf 87' lang='grc' dir='ltr'><strong>τὰς</strong></span> <span class='ocrx_word' id='word_1_268' title='bbox 649 2148 860 2217; x_wconf 81' lang='grc' dir='ltr'>ἡμέρας</span> <span class='ocrx_word' id='word_1_269' title='bbox 877 2147 970 2198; x_wconf 72' lang='grc' dir='ltr'>τοῦ</span> <span class='ocrx_word' id='word_1_270' title='bbox 1003 2147 1244 2208; x_wconf 77' lang='grc' dir='ltr'><strong>σκότους,</strong></span> <span class='ocrx_word' id='word_1_271' title='bbox 1261 2145 1343 2196; x_wconf 84' lang='grc' dir='ltr'>ὅτι</span> <span class='ocrx_word' id='word_1_272' title='bbox 1372 2143 1561 2195; x_wconf 74' lang='grc' dir='ltr'>πολλαὶ</span> <span class='ocrx_word' id='word_1_273' title='bbox 1583 2141 1735 2193; x_wconf 76' lang='grc' dir='ltr'>ἔσον-</span> 
     </span>
    </p>
   </div>
   <div class='ocr_carea' id='block_1_38' title="bbox 165 2233 1734 2308">
    <p class='ocr_par' dir='ltr' id='par_1_38' title="bbox 165 2233 1734 2308">
     <span class='ocr_line' id='line_1_38' title="bbox 165 2233 1734 2308; baseline -0.006 -15"><span class='ocrx_word' id='word_1_274' title='bbox 165 2260 275 2297; x_wconf 78' lang='grc' dir='ltr'>ται.</span> <span class='ocrx_word' id='word_1_275' title='bbox 314 2261 333 2292; x_wconf 75' lang='grc' dir='ltr'><strong>ι</strong></span> <span class='ocrx_word' id='word_1_276' title='bbox 377 2243 437 2293; x_wconf 87' lang='lat'><strong>&#39;0</strong></span> <span class='ocrx_word' id='word_1_277' title='bbox 476 2241 533 2294; x_wconf 82' lang='grc' dir='ltr'>δὲ</span> <span class='ocrx_word' id='word_1_278' title='bbox 570 2240 862 2308; x_wconf 79' lang='grc' dir='ltr'><strong>ἄμεμπτος</strong></span> <span class='ocrx_word' id='word_1_279' title='bbox 905 2236 1044 2296; x_wconf 70' lang='grc' dir='ltr'><strong>Ἰὼϐ,</strong></span> <span class='ocrx_word' id='word_1_280' title='bbox 1083 2255 1101 2286; x_wconf 73' lang='grc' dir='ltr'><strong>ι</strong></span> <span class='ocrx_word' id='word_1_281' title='bbox 1144 2237 1204 2288; x_wconf 81' lang='grc' dir='ltr'><strong>Εἰ</strong></span> <span class='ocrx_word' id='word_1_282' title='bbox 1249 2236 1306 2286; x_wconf 82' lang='grc' dir='ltr'>δὲ</span> <span class='ocrx_word' id='word_1_283' title='bbox 1336 2236 1431 2286; x_wconf 71' lang='grc' dir='ltr'><strong>καὶ</strong></span> <span class='ocrx_word' id='word_1_284' title='bbox 1468 2233 1734 2301; x_wconf 78' lang='grc' dir='ltr'>ἐπιχαρὴς</span> 
     </span>
    </p>
   </div>
   <div class='ocr_carea' id='block_1_39' title="bbox 166 2324 1736 2401">
    <p class='ocr_par' dir='ltr' id='par_1_39' title="bbox 166 2324 1736 2401">
     <span class='ocr_line' id='line_1_39' title="bbox 166 2324 1736 2401; baseline -0.007 -16"><span class='ocrx_word' id='word_1_285' title='bbox 166 2336 474 2401; x_wconf 75' lang='grc' dir='ltr'><strong>ἐγενόμην,</strong></span> <span class='ocrx_word' id='word_1_286' title='bbox 521 2333 707 2401; x_wconf 72' lang='grc' dir='ltr'>φησὶν,</span> <span class='ocrx_word' id='word_1_287' title='bbox 762 2330 855 2382; x_wconf 72' lang='grc' dir='ltr'>ἐπὶ</span> <span class='ocrx_word' id='word_1_288' title='bbox 900 2328 1157 2398; x_wconf 78' lang='grc' dir='ltr'>πτώματι</span> <span class='ocrx_word' id='word_1_289' title='bbox 1214 2326 1422 2396; x_wconf 81' lang='grc' dir='ltr'>ἐχθρῶν</span> <span class='ocrx_word' id='word_1_290' title='bbox 1476 2343 1608 2393; x_wconf 86' lang='grc' dir='ltr'>μου,</span> <span class='ocrx_word' id='word_1_291' title='bbox 1641 2324 1736 2375; x_wconf 79' lang='grc' dir='ltr'>καὶ</span> 
     </span>
    </p>
   </div>
   <div class='ocr_carea' id='block_1_40' title="bbox 166 2415 1739 2493">
    <p class='ocr_par' dir='ltr' id='par_1_40' title="bbox 166 2415 1739 2493">
     <span class='ocr_line' id='line_1_40' title="bbox 166 2415 1739 2493; baseline -0.007 -17"><span class='ocrx_word' id='word_1_292' title='bbox 166 2421 324 2476; x_wconf 75' lang='grc' dir='ltr'>εἶπεν</span> <span class='ocrx_word' id='word_1_293' title='bbox 347 2425 382 2493; x_wconf 76' lang='grc' dir='ltr'><strong>ἡ</strong></span> <span class='ocrx_word' id='word_1_294' title='bbox 407 2422 602 2491; x_wconf 80' lang='grc' dir='ltr'>καρδία</span> <span class='ocrx_word' id='word_1_295' title='bbox 629 2439 752 2490; x_wconf 80' lang='grc' dir='ltr'>μου,</span> <span class='ocrx_word' id='word_1_296' title='bbox 808 2416 966 2487; x_wconf 79' lang='grc' dir='ltr'>Εὖγε.</span> <span class='ocrx_word' id='word_1_297' title='bbox 1014 2438 1030 2468; x_wconf 76' lang='grc' dir='ltr'><strong>ι</strong></span> <span class='ocrx_word' id='word_1_298' title='bbox 1086 2419 1194 2470; x_wconf 75' lang='grc' dir='ltr'><strong>Καὶ</strong></span> <span class='ocrx_word' id='word_1_299' title='bbox 1222 2420 1249 2470; x_wconf 86' lang='grc' dir='ltr'>ὁ</span> <span class='ocrx_word' id='word_1_300' title='bbox 1279 2415 1545 2486; x_wconf 86' lang='grc' dir='ltr'>μακάριος</span> <span class='ocrx_word' id='word_1_301' title='bbox 1591 2415 1739 2466; x_wconf 82' lang='grc' dir='ltr'><strong>Παῦ-</strong></span> 
     </span>
    </p>
   </div>
   <div class='ocr_carea' id='block_1_41' title="bbox 167 2509 1739 2582">
    <p class='ocr_par' dir='ltr' id='par_1_41' title="bbox 167 2509 1739 2582">
     <span class='ocr_line' id='line_1_41' title="bbox 167 2509 1739 2582; baseline -0.009 -11"><span class='ocrx_word' id='word_1_302' title='bbox 167 2522 265 2582; x_wconf 81' lang='grc' dir='ltr'><strong>λος</strong></span> <span class='ocrx_word' id='word_1_303' title='bbox 297 2560 313 2582; x_wconf 94' lang='grc'><strong>,</strong></span> <span class='ocrx_word' id='word_1_304' title='bbox 365 2517 698 2569; x_wconf 75' lang='grc' dir='ltr'>ἐπιστέλλων</span> <span class='ocrx_word' id='word_1_305' title='bbox 738 2514 1029 2581; x_wconf 77' lang='grc' dir='ltr'>Ῥωμαίοις</span> <span class='ocrx_word' id='word_1_306' title='bbox 1077 2512 1283 2578; x_wconf 77' lang='grc' dir='ltr'>ἔλεγεν,</span> <span class='ocrx_word' id='word_1_307' title='bbox 1330 2529 1348 2559; x_wconf 74' lang='grc' dir='ltr'><strong>ι</strong></span> <span class='ocrx_word' id='word_1_308' title='bbox 1390 2510 1452 2561; x_wconf 84' lang='lat' dir='ltr'><strong>El</strong></span> <span class='ocrx_word' id='word_1_309' title='bbox 1498 2509 1553 2561; x_wconf 82' lang='grc' dir='ltr'>δέ</span> <span class='ocrx_word' id='word_1_310' title='bbox 1593 2523 1739 2566; x_wconf 88' lang='grc' dir='ltr'>τινες</span> 
     </span>
    </p>
   </div>
   <div class='ocr_carea' id='block_1_42' title="bbox 166 2594 1736 2670">
    <p class='ocr_par' dir='ltr' id='par_1_42' title="bbox 166 2594 1736 2670">
     <span class='ocr_line' id='line_1_42' title="bbox 166 2594 1736 2670; baseline -0.008 -12"><span class='ocrx_word' id='word_1_311' title='bbox 166 2609 278 2659; x_wconf 79' lang='grc' dir='ltr'>τῶν</span> <span class='ocrx_word' id='word_1_312' title='bbox 329 2605 539 2658; x_wconf 83' lang='grc' dir='ltr'>κλάδων</span> <span class='ocrx_word' id='word_1_313' title='bbox 569 2602 1002 2670; x_wconf 78' lang='grc' dir='ltr'>ἐξεκλάσθησαν,</span> <span class='ocrx_word' id='word_1_314' title='bbox 1054 2601 1118 2652; x_wconf 73' lang='grc' dir='ltr'>σὺ</span> <span class='ocrx_word' id='word_1_315' title='bbox 1169 2599 1225 2650; x_wconf 86' lang='grc' dir='ltr'><strong>δέ</strong></span> <span class='ocrx_word' id='word_1_316' title='bbox 1271 2598 1585 2667; x_wconf 81' lang='grc' dir='ltr'>ἀγριέλαιος</span> <span class='ocrx_word' id='word_1_317' title='bbox 1639 2594 1736 2656; x_wconf 82' lang='grc' dir='ltr'>ὢν,</span> 
     </span>
    </p>
   </div>
   <div class='ocr_carea' id='block_1_43' title="bbox 173 2688 1742 2764">
    <p class='ocr_par' dir='ltr' id='par_1_43' title="bbox 173 2688 1742 2764">
     <span class='ocr_line' id='line_1_43' title="bbox 173 2688 1742 2764; baseline -0.006 -16"><span class='ocrx_word' id='word_1_318' title='bbox 173 2693 593 2764; x_wconf 78' lang='grc' dir='ltr'>ἐνεκεντρίσθης</span> <span class='ocrx_word' id='word_1_319' title='bbox 632 2695 690 2746; x_wconf 92' lang='grc' dir='ltr'><strong>ἐν</strong></span> <span class='ocrx_word' id='word_1_320' title='bbox 723 2693 924 2754; x_wconf 83' lang='grc' dir='ltr'>αὐτοῖς,</span> <span class='ocrx_word' id='word_1_321' title='bbox 952 2691 1043 2744; x_wconf 69' lang='grc' dir='ltr'><strong>καὶ</strong></span> <span class='ocrx_word' id='word_1_322' title='bbox 1074 2691 1430 2757; x_wconf 71' lang='grc' dir='ltr'>συγκοινωνὸς</span> <span class='ocrx_word' id='word_1_323' title='bbox 1461 2689 1558 2756; x_wconf 82' lang='grc' dir='ltr'>τῆς</span> <span class='ocrx_word' id='word_1_324' title='bbox 1588 2688 1742 2758; x_wconf 76' lang='grc' dir='ltr'>ῥίζης</span> 
     </span>
    </p>
   </div>
   <div class='ocr_carea' id='block_1_44' title="bbox 169 2780 1742 2856">
    <p class='ocr_par' dir='ltr' id='par_1_44' title="bbox 169 2780 1742 2856">
     <span class='ocr_line' id='line_1_44' title="bbox 169 2780 1742 2856; baseline -0.005 -17"><span class='ocrx_word' id='word_1_325' title='bbox 169 2789 263 2840; x_wconf 69' lang='grc' dir='ltr'><strong>καὶ</strong></span> <span class='ocrx_word' id='word_1_326' title='bbox 299 2787 402 2855; x_wconf 81' lang='grc' dir='ltr'>τῆς</span> <span class='ocrx_word' id='word_1_327' title='bbox 427 2787 687 2856; x_wconf 88' lang='grc' dir='ltr'>πιότητος</span> <span class='ocrx_word' id='word_1_328' title='bbox 714 2784 816 2852; x_wconf 77' lang='grc' dir='ltr'>τῆς</span> <span class='ocrx_word' id='word_1_329' title='bbox 841 2785 1025 2842; x_wconf 87' lang='grc' dir='ltr'>ἐλαίας</span> <span class='ocrx_word' id='word_1_330' title='bbox 1050 2783 1258 2850; x_wconf 78' lang='grc' dir='ltr'>ἐγένου,</span> <span class='ocrx_word' id='word_1_331' title='bbox 1302 2781 1377 2850; x_wconf 80' lang='grc' dir='ltr'>μὴ</span> <span class='ocrx_word' id='word_1_332' title='bbox 1408 2780 1742 2850; x_wconf 83' lang='grc' dir='ltr'>κατακαυχῶ</span> 
     </span>
    </p>
   </div>
   <div class='ocr_carea' id='block_1_45' title="bbox 167 2872 1742 2943">
    <p class='ocr_par' dir='ltr' id='par_1_45' title="bbox 167 2872 1742 2943">
     <span class='ocr_line' id='line_1_45' title="bbox 167 2872 1742 2943; baseline -0.004 -12"><span class='ocrx_word' id='word_1_333' title='bbox 167 2881 281 2931; x_wconf 79' lang='grc' dir='ltr'>τῶν</span> <span class='ocrx_word' id='word_1_334' title='bbox 313 2879 554 2931; x_wconf 78' lang='grc' dir='ltr'>κλάδων·</span> <span class='ocrx_word' id='word_1_335' title='bbox 585 2879 634 2930; x_wconf 83' lang='grc' dir='ltr'><strong>εί</strong></span> <span class='ocrx_word' id='word_1_336' title='bbox 681 2877 737 2929; x_wconf 89' lang='grc' dir='ltr'>δὲ</span> <span class='ocrx_word' id='word_1_337' title='bbox 786 2878 1226 2943; x_wconf 76' lang='grc' dir='ltr'>κατακαυχᾶσαι,</span> <span class='ocrx_word' id='word_1_338' title='bbox 1258 2874 1318 2925; x_wconf 82' lang='grc' dir='ltr'>οὐ</span> <span class='ocrx_word' id='word_1_339' title='bbox 1362 2873 1426 2924; x_wconf 79' lang='grc' dir='ltr'><strong>σὺ</strong></span> <span class='ocrx_word' id='word_1_340' title='bbox 1456 2872 1554 2941; x_wconf 79' lang='grc' dir='ltr'>τὴν</span> <span class='ocrx_word' id='word_1_341' title='bbox 1585 2874 1742 2941; x_wconf 74' lang='grc' dir='ltr'>ῥίζαν</span> 
     </span>
    </p>
   </div>
   <div class='ocr_carea' id='block_1_46' title="bbox 169 2959 1740 3038">
    <p class='ocr_par' dir='ltr' id='par_1_46' title="bbox 169 2959 1740 3038">
     <span class='ocr_line' id='line_1_46' title="bbox 169 2959 1740 3038; baseline -0.004 -16"><span class='ocrx_word' id='word_1_342' title='bbox 169 2968 490 3038; x_wconf 67' lang='grc' dir='ltr'>βαστάζεις,</span> <span class='ocrx_word' id='word_1_343' title='bbox 520 2967 636 3020; x_wconf 78' lang='grc' dir='ltr'>ἀλλ’</span> <span class='ocrx_word' id='word_1_344' title='bbox 673 2969 705 3037; x_wconf 76' lang='grc' dir='ltr'>ἡ</span> <span class='ocrx_word' id='word_1_345' title='bbox 739 2967 862 3033; x_wconf 83' lang='grc' dir='ltr'>ῥίζα</span> <span class='ocrx_word' id='word_1_346' title='bbox 895 2967 974 3018; x_wconf 79' lang='grc' dir='ltr'><strong>σέ.</strong></span> <span class='ocrx_word' id='word_1_347' title='bbox 1020 2967 1195 3034; x_wconf 82' lang='grc' dir='ltr'>Ἐρεῖς</span> <span class='ocrx_word' id='word_1_348' title='bbox 1218 2959 1332 3030; x_wconf 76' lang='grc' dir='ltr'>οὖν,</span> <span class='ocrx_word' id='word_1_349' title='bbox 1369 2963 1740 3032; x_wconf 75' lang='grc' dir='ltr'>Ἐξεκλάσθη-</span> 
     </span>
    </p>
   </div>
   <div class='ocr_carea' id='block_1_47' title="bbox 169 3053 1742 3124">
    <p class='ocr_par' dir='ltr' id='par_1_47' title="bbox 169 3053 1742 3124">
     <span class='ocr_line' id='line_1_47' title="bbox 169 3053 1742 3124; baseline -0.002 -16"><span class='ocrx_word' id='word_1_350' title='bbox 169 3073 272 3109; x_wconf 83' lang='grc' dir='ltr'><strong>σαν</strong></span> <span class='ocrx_word' id='word_1_351' title='bbox 301 3059 350 3109; x_wconf 77' lang='grc' dir='ltr'>οἱ</span> <span class='ocrx_word' id='word_1_352' title='bbox 380 3055 588 3117; x_wconf 80' lang='grc' dir='ltr'>κλάδοι,</span> <span class='ocrx_word' id='word_1_353' title='bbox 619 3055 704 3108; x_wconf 80' lang='grc' dir='ltr'>ἵνα</span> <span class='ocrx_word' id='word_1_354' title='bbox 735 3054 846 3122; x_wconf 86' lang='grc' dir='ltr'>ἐγὼ</span> <span class='ocrx_word' id='word_1_355' title='bbox 877 3053 1273 3124; x_wconf 82' lang='grc' dir='ltr'>ἐγκεντρισθῶ,</span> <span class='ocrx_word' id='word_1_356' title='bbox 1311 3053 1492 3116; x_wconf 85' lang='grc' dir='ltr'>καλῶς</span> <span class='ocrx_word' id='word_1_357' title='bbox 1517 3056 1584 3123; x_wconf 80' lang='grc' dir='ltr'>τῇ</span> <span class='ocrx_word' id='word_1_358' title='bbox 1614 3055 1742 3106; x_wconf 82' lang='grc' dir='ltr'>ἀπι-</span> 
     </span>
    </p>
   </div>
   <div class='ocr_carea' id='block_1_48' title="bbox 169 3139 1811 3226">
    <p class='ocr_par' dir='ltr' id='par_1_48' title="bbox 169 3139 1811 3226">
     <span class='ocr_line' id='line_1_48' title="bbox 169 3139 1811 3226; baseline 0.009 -30"><span class='ocrx_word' id='word_1_359' title='bbox 169 3146 299 3214; x_wconf 81' lang='grc' dir='ltr'>στίᾳ</span> <span class='ocrx_word' id='word_1_360' title='bbox 347 3141 784 3210; x_wconf 80' lang='grc' dir='ltr'>ἐξεκλάσθησαν·</span> <span class='ocrx_word' id='word_1_361' title='bbox 817 3142 881 3194; x_wconf 79' lang='grc' dir='ltr'>σὺ</span> <span class='ocrx_word' id='word_1_362' title='bbox 926 3142 983 3194; x_wconf 85' lang='grc' dir='ltr'><strong>δέ</strong></span> <span class='ocrx_word' id='word_1_363' title='bbox 1027 3145 1092 3211; x_wconf 78' lang='grc' dir='ltr'>τῇ</span> <span class='ocrx_word' id='word_1_364' title='bbox 1136 3141 1318 3193; x_wconf 87' lang='grc' dir='ltr'>πίστει</span> <span class='ocrx_word' id='word_1_365' title='bbox 1369 3141 1631 3210; x_wconf 67' lang='grc' dir='ltr'>ἕστηκας,</span> <span class='ocrx_word' id='word_1_366' title='bbox 1664 3139 1738 3209; x_wconf 76' lang='grc' dir='ltr'><strong>μὴ</strong></span> <span class='ocrx_word' id='word_1_367' title='bbox 1765 3166 1811 3226; x_wconf 69' lang='grc' dir='ltr'>α</span> 
     </span>
    </p>
   </div>
   <div class='ocr_carea' id='block_1_49' title="bbox 168 3227 1738 3300">
    <p class='ocr_par' dir='ltr' id='par_1_49' title="bbox 168 3227 1738 3300">
     <span class='ocr_line' id='line_1_49' title="bbox 168 3227 1738 3300; baseline -0.002 -17"><span class='ocrx_word' id='word_1_368' title='bbox 168 3231 560 3300; x_wconf 68' lang='grc' dir='ltr'>ὑψηλοφρόνει,</span> <span class='ocrx_word' id='word_1_369' title='bbox 602 3228 741 3281; x_wconf 85' lang='grc' dir='ltr'><strong>ἀλλά</strong></span> <span class='ocrx_word' id='word_1_370' title='bbox 775 3227 968 3296; x_wconf 80' lang='grc' dir='ltr'>φοόοὖ.</span> <span class='ocrx_word' id='word_1_371' title='bbox 1003 3229 1066 3282; x_wconf 82' lang='lat' dir='ltr'><strong>El</strong></span> <span class='ocrx_word' id='word_1_372' title='bbox 1091 3227 1200 3298; x_wconf 81' lang='grc' dir='ltr'><strong>γάρ</strong></span> <span class='ocrx_word' id='word_1_373' title='bbox 1229 3229 1258 3280; x_wconf 81' lang='grc' dir='ltr'><strong>ὁ</strong></span> <span class='ocrx_word' id='word_1_374' title='bbox 1297 3227 1430 3289; x_wconf 80' lang='grc' dir='ltr'>Θεὸς</span> <span class='ocrx_word' id='word_1_375' title='bbox 1454 3229 1564 3280; x_wconf 84' lang='grc' dir='ltr'>τῶν</span> <span class='ocrx_word' id='word_1_376' title='bbox 1596 3228 1738 3281; x_wconf 84' lang='grc' dir='ltr'>κατὰ</span> 
     </span>
    </p>
   </div>
   <div class='ocr_carea' id='block_1_50' title="bbox 169 3312 1734 3385">
    <p class='ocr_par' dir='ltr' id='par_1_50' title="bbox 169 3312 1734 3385">
     <span class='ocr_line' id='line_1_50' title="bbox 169 3312 1734 3385; baseline -0.005 -14"><span class='ocrx_word' id='word_1_377' title='bbox 169 3320 333 3385; x_wconf 79' lang='grc' dir='ltr'>φύσιν</span> <span class='ocrx_word' id='word_1_378' title='bbox 377 3317 588 3368; x_wconf 88' lang='grc' dir='ltr'>κλάδων</span> <span class='ocrx_word' id='word_1_379' title='bbox 633 3315 733 3368; x_wconf 78' lang='grc' dir='ltr'>οὐκ</span> <span class='ocrx_word' id='word_1_380' title='bbox 770 3315 1046 3382; x_wconf 84' lang='grc' dir='ltr'>ἐφείσατο,</span> <span class='ocrx_word' id='word_1_381' title='bbox 1094 3313 1218 3366; x_wconf 85' lang='grc' dir='ltr'>οὑδέ</span> <span class='ocrx_word' id='word_1_382' title='bbox 1259 3312 1355 3366; x_wconf 79' lang='grc' dir='ltr'>σοῦ</span> <span class='ocrx_word' id='word_1_383' title='bbox 1401 3314 1664 3380; x_wconf 85' lang='grc' dir='ltr'>φείσεται.</span> <span class='ocrx_word' id='word_1_384' title='bbox 1715 3329 1734 3363; x_wconf 71' lang='grc' dir='ltr'><strong>ι</strong></span> 
     </span>
    </p>
   </div>
   <div class='ocr_carea' id='block_1_51' title="bbox 169 3402 1738 3473">
    <p class='ocr_par' dir='ltr' id='par_1_51' title="bbox 169 3402 1738 3473">
     <span class='ocr_line' id='line_1_51' title="bbox 169 3402 1738 3473; baseline -0.005 -12"><span class='ocrx_word' id='word_1_385' title='bbox 169 3409 282 3461; x_wconf 76' lang='grc' dir='ltr'><strong>Καὶ</strong></span> <span class='ocrx_word' id='word_1_386' title='bbox 320 3407 595 3472; x_wconf 81' lang='grc' dir='ltr'>ἐπιφέρει,</span> <span class='ocrx_word' id='word_1_387' title='bbox 632 3425 651 3456; x_wconf 74' lang='grc' dir='ltr'><strong>ι</strong></span> <span class='ocrx_word' id='word_1_388' title='bbox 698 3405 764 3456; x_wconf 87' lang='grc' dir='ltr'><strong><em>Ἥ</em></strong></span> <span class='ocrx_word' id='word_1_389' title='bbox 795 3405 986 3473; x_wconf 84' lang='grc' dir='ltr'>ἀγάπη</span> <span class='ocrx_word' id='word_1_390' title='bbox 1013 3405 1074 3456; x_wconf 82' lang='grc' dir='ltr'>οὐ</span> <span class='ocrx_word' id='word_1_391' title='bbox 1105 3403 1282 3471; x_wconf 86' lang='grc' dir='ltr'>χαίρει</span> <span class='ocrx_word' id='word_1_392' title='bbox 1313 3403 1408 3454; x_wconf 72' lang='grc' dir='ltr'>ἐπὶ</span> <span class='ocrx_word' id='word_1_393' title='bbox 1433 3405 1498 3471; x_wconf 83' lang='grc' dir='ltr'>τῇ</span> <span class='ocrx_word' id='word_1_394' title='bbox 1533 3402 1738 3472; x_wconf 77' lang='grc' dir='ltr'>ἀδικίᾳ,</span> 
     </span>
    </p>
   </div>
   <div class='ocr_carea' id='block_1_52' title="bbox 171 3488 1737 3565">
    <p class='ocr_par' dir='ltr' id='par_1_52' title="bbox 171 3488 1737 3565">
     <span class='ocr_line' id='line_1_52' title="bbox 171 3488 1737 3565; baseline -0.004 -16"><span class='ocrx_word' id='word_1_395' title='bbox 171 3497 460 3565; x_wconf 83' lang='grc' dir='ltr'>συγχαίρει</span> <span class='ocrx_word' id='word_1_396' title='bbox 490 3493 546 3545; x_wconf 82' lang='grc' dir='ltr'>δὲ</span> <span class='ocrx_word' id='word_1_397' title='bbox 587 3495 654 3562; x_wconf 74' lang='grc' dir='ltr'><strong>τῇ</strong></span> <span class='ocrx_word' id='word_1_398' title='bbox 697 3492 946 3561; x_wconf 69' lang='grc' dir='ltr'>ἀληθεία.</span> <span class='ocrx_word' id='word_1_399' title='bbox 1009 3509 1028 3542; x_wconf 72' lang='grc' dir='ltr'><strong>ι</strong></span> <span class='ocrx_word' id='word_1_400' title='bbox 1082 3491 1174 3559; x_wconf 76' lang='grc' dir='ltr'><strong>Μὴ</strong></span> <span class='ocrx_word' id='word_1_401' title='bbox 1213 3489 1308 3542; x_wconf 79' lang='grc' dir='ltr'>οὖν</span> <span class='ocrx_word' id='word_1_402' title='bbox 1352 3488 1737 3559; x_wconf 87' lang='grc' dir='ltr'>ἀνασχώμεθα,</span> 
     </span>
    </p>
   </div>
   <div class='ocr_carea' id='block_1_53' title="bbox 170 3579 1742 3655">
    <p class='ocr_par' dir='ltr' id='par_1_53' title="bbox 170 3579 1742 3655">
     <span class='ocr_line' id='line_1_53' title="bbox 170 3579 1742 3655; baseline -0.004 -15"><span class='ocrx_word' id='word_1_403' title='bbox 170 3584 475 3655; x_wconf 70' lang='grc' dir='ltr'>ἀγαπητοὶ,</span> <span class='ocrx_word' id='word_1_404' title='bbox 502 3583 595 3634; x_wconf 77' lang='grc' dir='ltr'><strong>τοῦ</strong></span> <span class='ocrx_word' id='word_1_405' title='bbox 623 3581 1022 3642; x_wconf 79' lang='grc' dir='ltr'>ὑποϐάλλοντος</span> <span class='ocrx_word' id='word_1_406' title='bbox 1050 3583 1180 3650; x_wconf 75' lang='grc' dir='ltr'>ἡμῖν</span> <span class='ocrx_word' id='word_1_407' title='bbox 1207 3579 1404 3649; x_wconf 83' lang='grc' dir='ltr'>ἐχθροῦ</span> <span class='ocrx_word' id='word_1_408' title='bbox 1432 3581 1742 3650; x_wconf 81' lang='grc' dir='ltr'>ἐπιχαίρειν</span> 
     </span>
    </p>
   </div>
   <div class='ocr_carea' id='block_1_54' title="bbox 169 3671 1741 3745">
    <p class='ocr_par' dir='ltr' id='par_1_54' title="bbox 169 3671 1741 3745">
     <span class='ocr_line' id='line_1_54' title="bbox 169 3671 1741 3745; baseline -0.006 -14"><span class='ocrx_word' id='word_1_409' title='bbox 169 3682 284 3741; x_wconf 77' lang='grc' dir='ltr'>τοῖς</span> <span class='ocrx_word' id='word_1_410' title='bbox 322 3675 419 3729; x_wconf 84' lang='grc' dir='ltr'>τοῦ</span> <span class='ocrx_word' id='word_1_411' title='bbox 452 3674 681 3745; x_wconf 84' lang='grc' dir='ltr'>πλησίον</span> <span class='ocrx_word' id='word_1_412' title='bbox 712 3674 923 3734; x_wconf 87' lang='grc' dir='ltr'>κακοῖς,</span> <span class='ocrx_word' id='word_1_413' title='bbox 955 3672 1041 3724; x_wconf 82' lang='grc' dir='ltr'>ἵνα</span> <span class='ocrx_word' id='word_1_414' title='bbox 1071 3671 1147 3740; x_wconf 80' lang='grc' dir='ltr'>μὴ</span> <span class='ocrx_word' id='word_1_415' title='bbox 1179 3671 1274 3722; x_wconf 74' lang='grc' dir='ltr'>καὶ</span> <span class='ocrx_word' id='word_1_416' title='bbox 1307 3672 1467 3741; x_wconf 62' lang='grc' dir='ltr'>ἡμεῖς</span> <span class='ocrx_word' id='word_1_417' title='bbox 1505 3673 1616 3732; x_wconf 82' lang='grc' dir='ltr'>τοῖς</span> <span class='ocrx_word' id='word_1_418' title='bbox 1641 3671 1741 3722; x_wconf 83' lang='grc' dir='ltr'><strong>αὐ-</strong></span> 
     </span>
    </p>
   </div>
   <div class='ocr_carea' id='block_1_55' title="bbox 169 3759 1742 3837">
    <p class='ocr_par' dir='ltr' id='par_1_55' title="bbox 169 3759 1742 3837">
     <span class='ocr_line' id='line_1_55' title="bbox 169 3759 1742 3837; baseline -0.007 -15"><span class='ocrx_word' id='word_1_419' title='bbox 169 3773 285 3829; x_wconf 89' lang='grc' dir='ltr'>τοῖς</span> <span class='ocrx_word' id='word_1_420' title='bbox 323 3767 740 3837; x_wconf 76' lang='grc' dir='ltr'>περιπέσωμεν.</span> <span class='ocrx_word' id='word_1_421' title='bbox 782 3762 949 3829; x_wconf 72' lang='grc' dir='ltr'>Ἀτάρ</span> <span class='ocrx_word' id='word_1_422' title='bbox 992 3762 1102 3830; x_wconf 88' lang='grc' dir='ltr'><strong>γάρ</strong></span> <span class='ocrx_word' id='word_1_423' title='bbox 1132 3777 1297 3828; x_wconf 88' lang='grc' dir='ltr'>φησιν</span> <span class='ocrx_word' id='word_1_424' title='bbox 1332 3761 1362 3812; x_wconf 82' lang='grc' dir='ltr'><strong>δ</strong></span> <span class='ocrx_word' id='word_1_425' title='bbox 1398 3759 1539 3811; x_wconf 77' lang='grc' dir='ltr'>Ίὼδ·</span> <span class='ocrx_word' id='word_1_426' title='bbox 1573 3778 1592 3810; x_wconf 78' lang='grc' dir='ltr'><strong>ι</strong></span> <span class='ocrx_word' id='word_1_427' title='bbox 1632 3759 1742 3812; x_wconf 80' lang='grc' dir='ltr'><strong>Καὶ</strong></span> 
     </span>
    </p>
   </div>
   <div class='ocr_carea' id='block_1_56' title="bbox 175 3848 1741 3927">
    <p class='ocr_par' dir='ltr' id='par_1_56' title="bbox 175 3848 1741 3927">
     <span class='ocr_line' id='line_1_56' title="bbox 175 3848 1741 3927; baseline -0.008 -15"><span class='ocrx_word' id='word_1_428' title='bbox 175 3863 334 3927; x_wconf 82' lang='grc' dir='ltr'>ὑμεῖς</span> <span class='ocrx_word' id='word_1_429' title='bbox 383 3854 618 3923; x_wconf 79' lang='grc' dir='ltr'>ἐπέδητέ</span> <span class='ocrx_word' id='word_1_430' title='bbox 666 3869 756 3922; x_wconf 90' lang='grc' dir='ltr'><strong>μοι</strong></span> <span class='ocrx_word' id='word_1_431' title='bbox 807 3851 1224 3920; x_wconf 82' lang='grc' dir='ltr'>ἀνελεημόνως,</span> <span class='ocrx_word' id='word_1_432' title='bbox 1260 3848 1400 3901; x_wconf 87' lang='grc' dir='ltr'>ὥστε</span> <span class='ocrx_word' id='word_1_433' title='bbox 1435 3849 1634 3909; x_wconf 81' lang='grc' dir='ltr'>ἰδόντες</span> <span class='ocrx_word' id='word_1_434' title='bbox 1680 3849 1741 3900; x_wconf 81' lang='grc' dir='ltr'>τὸ</span> 
     </span>
    </p>
   </div>
   <div class='ocr_carea' id='block_1_57' title="bbox 175 3935 1739 4017">
    <p class='ocr_par' dir='ltr' id='par_1_57' title="bbox 175 3935 1739 4017">
     <span class='ocr_line' id='line_1_57' title="bbox 175 3935 1739 4017; baseline -0.008 -14"><span class='ocrx_word' id='word_1_435' title='bbox 175 3951 312 4017; x_wconf 71' lang='grc' dir='ltr'>ἐμὸν</span> <span class='ocrx_word' id='word_1_436' title='bbox 340 3947 592 4017; x_wconf 79' lang='grc' dir='ltr'>τραῦμα,</span> <span class='ocrx_word' id='word_1_437' title='bbox 627 3941 956 4011; x_wconf 80' lang='grc' dir='ltr'>ἐφοδήθητε.</span> <span class='ocrx_word' id='word_1_438' title='bbox 1011 3959 1029 3991; x_wconf 75' lang='grc' dir='ltr'><strong>ι</strong></span> <span class='ocrx_word' id='word_1_439' title='bbox 1075 3940 1268 4009; x_wconf 79' lang='grc' dir='ltr'>Ἡμεῖς</span> <span class='ocrx_word' id='word_1_440' title='bbox 1313 3935 1406 3991; x_wconf 81' lang='grc' dir='ltr'>οὖν</span> <span class='ocrx_word' id='word_1_441' title='bbox 1435 3937 1739 4008; x_wconf 80' lang='grc' dir='ltr'>εὐξώμεθα,</span> 
     </span>
    </p>
   </div>
   <div class='ocr_carea' id='block_1_58' title="bbox 179 4027 1745 4106">
    <p class='ocr_par' dir='ltr' id='par_1_58' title="bbox 179 4027 1745 4106">
     <span class='ocr_line' id='line_1_58' title="bbox 179 4027 1745 4106; baseline -0.008 -15"><span class='ocrx_word' id='word_1_442' title='bbox 179 4040 318 4106; x_wconf 81' lang='grc' dir='ltr'>μετὰ</span> <span class='ocrx_word' id='word_1_443' title='bbox 355 4037 452 4090; x_wconf 80' lang='grc' dir='ltr'>τοῦ</span> <span class='ocrx_word' id='word_1_444' title='bbox 488 4035 651 4090; x_wconf 84' lang='grc' dir='ltr'>Δαυῒδ</span> <span class='ocrx_word' id='word_1_445' title='bbox 691 4035 960 4101; x_wconf 68' lang='grc' dir='ltr'>λέγοντες,</span> <span class='ocrx_word' id='word_1_446' title='bbox 1012 4048 1030 4081; x_wconf 81' lang='grc' dir='ltr'><strong>ι</strong></span> <span class='ocrx_word' id='word_1_447' title='bbox 1076 4029 1168 4098; x_wconf 85' lang='grc' dir='ltr'><strong>Μὴ</strong></span> <span class='ocrx_word' id='word_1_448' title='bbox 1215 4027 1524 4099; x_wconf 77' lang='grc' dir='ltr'>ἀπορρίψῃς</span> <span class='ocrx_word' id='word_1_449' title='bbox 1572 4045 1638 4097; x_wconf 90' lang='grc' dir='ltr'><strong>με</strong></span> <span class='ocrx_word' id='word_1_450' title='bbox 1665 4029 1745 4087; x_wconf 81' lang='grc' dir='ltr'><strong>εἰς</strong></span> 
     </span>
    </p>
   </div>
   <div class='ocr_carea' id='block_1_59' title="bbox 172 4117 1747 4196">
    <p class='ocr_par' dir='ltr' id='par_1_59' title="bbox 172 4117 1747 4196">
     <span class='ocr_line' id='line_1_59' title="bbox 172 4117 1747 4196; baseline -0.008 -15"><span class='ocrx_word' id='word_1_451' title='bbox 172 4128 368 4196; x_wconf 68' lang='grc' dir='ltr'>καιρὸν</span> <span class='ocrx_word' id='word_1_452' title='bbox 400 4127 606 4195; x_wconf 85' lang='grc' dir='ltr'>γήρους</span> <span class='ocrx_word' id='word_1_453' title='bbox 659 4126 717 4176; x_wconf 87' lang='grc' dir='ltr'><strong>ἐν</strong></span> <span class='ocrx_word' id='word_1_454' title='bbox 753 4122 833 4192; x_wconf 82' lang='grc' dir='ltr'>τῷ</span> <span class='ocrx_word' id='word_1_455' title='bbox 871 4119 1144 4174; x_wconf 84' lang='grc' dir='ltr'>ἐκλείπειν</span> <span class='ocrx_word' id='word_1_456' title='bbox 1170 4121 1270 4188; x_wconf 80' lang='grc' dir='ltr'>τὴν</span> <span class='ocrx_word' id='word_1_457' title='bbox 1305 4118 1461 4187; x_wconf 73' lang='grc' dir='ltr'>ἰσχύν</span> <span class='ocrx_word' id='word_1_458' title='bbox 1506 4135 1638 4187; x_wconf 82' lang='grc' dir='ltr'>μου’</span> <span class='ocrx_word' id='word_1_459' title='bbox 1673 4117 1747 4188; x_wconf 80' lang='grc' dir='ltr'>μὴ</span> 
     </span>
    </p>
   </div>
   <div class='ocr_carea' id='block_1_60' title="bbox 174 4205 1746 4283">
    <p class='ocr_par' dir='ltr' id='par_1_60' title="bbox 174 4205 1746 4283">
     <span class='ocr_line' id='line_1_60' title="bbox 174 4205 1746 4283; baseline -0.006 -15"><span class='ocrx_word' id='word_1_460' title='bbox 174 4213 579 4283; x_wconf 81' lang='grc' dir='ltr'>ἐγκαταλείπῃς</span> <span class='ocrx_word' id='word_1_461' title='bbox 611 4229 700 4281; x_wconf 83' lang='grc' dir='ltr'><strong>με,</strong></span> <span class='ocrx_word' id='word_1_462' title='bbox 729 4212 810 4264; x_wconf 83' lang='grc' dir='ltr'>ὅτι</span> <span class='ocrx_word' id='word_1_463' title='bbox 852 4205 1013 4262; x_wconf 84' lang='grc' dir='ltr'>εἶπαν</span> <span class='ocrx_word' id='word_1_464' title='bbox 1036 4210 1085 4260; x_wconf 80' lang='grc' dir='ltr'>οἱ</span> <span class='ocrx_word' id='word_1_465' title='bbox 1122 4207 1312 4277; x_wconf 88' lang='grc' dir='ltr'>ἐχθροί</span> <span class='ocrx_word' id='word_1_466' title='bbox 1343 4225 1446 4276; x_wconf 91' lang='grc' dir='ltr'><strong>μου</strong></span> <span class='ocrx_word' id='word_1_467' title='bbox 1473 4209 1620 4275; x_wconf 77' lang='grc' dir='ltr'>ἐμοὶ,</span> <span class='ocrx_word' id='word_1_468' title='bbox 1649 4208 1746 4260; x_wconf 78' lang='grc' dir='ltr'>καὶ</span> 
     </span>
    </p>
   </div>
   <div class='ocr_carea' id='block_1_61' title="bbox 174 4296 1747 4372">
    <p class='ocr_par' dir='ltr' id='par_1_61' title="bbox 174 4296 1747 4372">
     <span class='ocr_line' id='line_1_61' title="bbox 174 4296 1747 4372; baseline -0.003 -17"><span class='ocrx_word' id='word_1_469' title='bbox 174 4308 224 4358; x_wconf 84' lang='grc' dir='ltr'>οἱ</span> <span class='ocrx_word' id='word_1_470' title='bbox 247 4305 614 4372; x_wconf 77' lang='grc' dir='ltr'>φυλάσσοντες</span> <span class='ocrx_word' id='word_1_471' title='bbox 642 4303 742 4370; x_wconf 78' lang='grc' dir='ltr'>τὴν</span> <span class='ocrx_word' id='word_1_472' title='bbox 776 4300 957 4370; x_wconf 77' lang='grc' dir='ltr'>ψυχήν</span> <span class='ocrx_word' id='word_1_473' title='bbox 987 4314 1090 4367; x_wconf 89' lang='grc' dir='ltr'><strong>μου</strong></span> <span class='ocrx_word' id='word_1_474' title='bbox 1122 4296 1518 4350; x_wconf 76' lang='grc' dir='ltr'>ἐϐουλεύσαντο</span> <span class='ocrx_word' id='word_1_475' title='bbox 1561 4298 1654 4349; x_wconf 74' lang='grc' dir='ltr'>ἐπὶ</span> <span class='ocrx_word' id='word_1_476' title='bbox 1685 4299 1747 4350; x_wconf 76' lang='grc' dir='ltr'>τὺ</span> 
     </span>
    </p>
   </div>
   <div class='ocr_carea' id='block_1_62' title="bbox 182 4388 1749 4459">
    <p class='ocr_par' dir='ltr' id='par_1_62' title="bbox 182 4388 1749 4459">
     <span class='ocr_line' id='line_1_62' title="bbox 182 4388 1749 4459; baseline -0.004 -11"><span class='ocrx_word' id='word_1_477' title='bbox 182 4396 337 4455; x_wconf 68' lang='grc' dir='ltr'>αὐτὸ,</span> <span class='ocrx_word' id='word_1_478' title='bbox 378 4395 649 4459; x_wconf 86' lang='grc' dir='ltr'>λέγοντες·</span> <span class='ocrx_word' id='word_1_479' title='bbox 698 4392 756 4442; x_wconf 88' lang='lat'><strong>&#39;0</strong></span> <span class='ocrx_word' id='word_1_480' title='bbox 797 4391 928 4452; x_wconf 81' lang='grc' dir='ltr'>Θεὸς</span> <span class='ocrx_word' id='word_1_481' title='bbox 972 4388 1328 4456; x_wconf 81' lang='grc' dir='ltr'>ἐγκατέλιπεν</span> <span class='ocrx_word' id='word_1_482' title='bbox 1360 4390 1545 4453; x_wconf 82' lang='grc' dir='ltr'>αὑτὸν,</span> <span class='ocrx_word' id='word_1_483' title='bbox 1577 4405 1749 4442; x_wconf 79' lang='grc' dir='ltr'>καταο</span> 
     </span>
    </p>
   </div>
   <div class='ocr_carea' id='block_1_63' title="bbox 1835 2053 3413 2128">
    <p class='ocr_par' dir='ltr' id='par_1_63' title="bbox 1835 2053 3413 2128">
     <span class='ocr_line' id='line_1_63' title="bbox 1835 2053 3413 2128; baseline -0.001 -20"><span class='ocrx_word' id='word_1_484' title='bbox 1835 2071 1928 2118; x_wconf 90' lang='lat' dir='ltr'><strong>no,</strong></span> <span class='ocrx_word' id='word_1_485' title='bbox 1958 2064 2012 2109; x_wconf 87' lang='lat' dir='ltr'><strong>et</strong></span> <span class='ocrx_word' id='word_1_486' title='bbox 2027 2056 2258 2126; x_wconf 90' lang='lat' dir='ltr'><strong>proinde</strong></span> <span class='ocrx_word' id='word_1_487' title='bbox 2278 2057 2587 2125; x_wconf 90' lang='lat' dir='ltr'><strong>puniendos</strong></span> <span class='ocrx_word' id='word_1_488' title='bbox 2605 2056 2844 2125; x_wconf 77' lang='lat'><strong>.1118</strong></span> <span class='ocrx_word' id='word_1_489' title='bbox 2867 2055 2944 2109; x_wconf 82' lang='lat' dir='ltr'><strong>Ad</strong></span> <span class='ocrx_word' id='word_1_490' title='bbox 2971 2056 3118 2108; x_wconf 86' lang='lat' dir='ltr'><strong>hunc</strong></span> <span class='ocrx_word' id='word_1_491' title='bbox 3151 2053 3376 2108; x_wconf 90' lang='lat' dir='ltr'><strong>modum</strong></span> <span class='ocrx_word' id='word_1_492' title='bbox 3397 2107 3413 2128; x_wconf 43' lang='grc' dir='ltr'>ι</span> 
     </span>
    </p>
   </div>
   <div class='ocr_carea' id='block_1_64' title="bbox 1843 2143 3413 2215">
    <p class='ocr_par' dir='ltr' id='par_1_64' title="bbox 1843 2143 3413 2215">
     <span class='ocr_line' id='line_1_64' title="bbox 1843 2143 3413 2215; baseline -0.001 -20"><span class='ocrx_word' id='word_1_493' title='bbox 1843 2165 1860 2194; x_wconf 74' lang='grc' dir='ltr'><strong>ι</strong></span> <span class='ocrx_word' id='word_1_494' title='bbox 1889 2145 1993 2211; x_wconf 85' lang='lat' dir='ltr'><strong>Qui</strong></span> <span class='ocrx_word' id='word_1_495' title='bbox 2029 2147 2116 2215; x_wconf 89' lang='lat' dir='ltr'><strong>pie</strong></span> <span class='ocrx_word' id='word_1_496' title='bbox 2150 2148 2343 2199; x_wconf 92' lang='lat' dir='ltr'><strong>volunt</strong></span> <span class='ocrx_word' id='word_1_497' title='bbox 2392 2146 2576 2200; x_wconf 87' lang='lat' dir='ltr'><strong>vivere</strong></span> <span class='ocrx_word' id='word_1_498' title='bbox 2614 2146 2670 2199; x_wconf 93' lang='lat' dir='ltr'><strong>in</strong></span> <span class='ocrx_word' id='word_1_499' title='bbox 2707 2145 2946 2206; x_wconf 87' lang='lat' dir='ltr'><strong>Christo,</strong></span> <span class='ocrx_word' id='word_1_500' title='bbox 2975 2143 3413 2213; x_wconf 88' lang='lat' dir='ltr'><strong>persecutionem</strong></span> 
     </span>
    </p>
   </div>
   <div class='ocr_carea' id='block_1_65' title="bbox 1835 2232 3415 2303">
    <p class='ocr_par' dir='ltr' id='par_1_65' title="bbox 1835 2232 3415 2303">
     <span class='ocr_line' id='line_1_65' title="bbox 1835 2232 3415 2303; baseline -0.001 -17"><span class='ocrx_word' id='word_1_501' title='bbox 1835 2234 2115 2302; x_wconf 86' lang='lat' dir='ltr'><strong>patientur</strong></span> <span class='ocrx_word' id='word_1_502' title='bbox 2145 2236 2211 2297; x_wconf 82' lang='lat'><strong>&#39;°,</strong></span> <span class='ocrx_word' id='word_1_503' title='bbox 2249 2253 2267 2284; x_wconf 74' lang='grc' dir='ltr'><strong>ι</strong></span> <span class='ocrx_word' id='word_1_504' title='bbox 2309 2232 2776 2303; x_wconf 88' lang='lat' dir='ltr'><strong>quemadmodum</strong></span> <span class='ocrx_word' id='word_1_505' title='bbox 2821 2232 3004 2287; x_wconf 87' lang='lat' dir='ltr'><strong>verbis</strong></span> <span class='ocrx_word' id='word_1_506' title='bbox 3047 2232 3415 2286; x_wconf 77' lang='lat' dir='ltr'><strong>Parmmiasta:</strong></span> 
     </span>
    </p>
   </div>
   <div class='ocr_carea' id='block_1_66' title="bbox 1835 2320 3413 2381">
    <p class='ocr_par' dir='ltr' id='par_1_66' title="bbox 1835 2320 3413 2381">
     <span class='ocr_line' id='line_1_66' title="bbox 1835 2320 3413 2381; baseline -0.003 -5"><span class='ocrx_word' id='word_1_507' title='bbox 1835 2323 2140 2376; x_wconf 81' lang='lat' dir='ltr'><strong>erudimur.</strong></span> <span class='ocrx_word' id='word_1_508' title='bbox 2167 2322 2215 2377; x_wconf 90' lang='lat' dir='ltr'><strong>Is</strong></span> <span class='ocrx_word' id='word_1_509' title='bbox 2236 2323 2382 2375; x_wconf 89' lang='lat' dir='ltr'><strong>enim</strong></span> <span class='ocrx_word' id='word_1_510' title='bbox 2406 2323 2484 2376; x_wconf 90' lang='lat' dir='ltr'><strong>ait</strong></span> <span class='ocrx_word' id='word_1_511' title='bbox 2509 2339 2522 2374; x_wconf 88' lang='lat'><strong>:</strong></span> <span class='ocrx_word' id='word_1_512' title='bbox 2555 2340 2572 2372; x_wconf 80' lang='grc' dir='ltr'><strong>ι</strong></span> <span class='ocrx_word' id='word_1_513' title='bbox 2602 2320 2660 2375; x_wconf 91' lang='lat' dir='ltr'><strong>Si</strong></span> <span class='ocrx_word' id='word_1_514' title='bbox 2687 2321 2952 2376; x_wconf 89' lang='lat' dir='ltr'><strong>ceciderit</strong></span> <span class='ocrx_word' id='word_1_515' title='bbox 2974 2321 3232 2374; x_wconf 85' lang='lat' dir='ltr'><strong>inimicus</strong></span> <span class='ocrx_word' id='word_1_516' title='bbox 3262 2329 3413 2381; x_wconf 91' lang='lat' dir='ltr'><strong>tuus,</strong></span> 
     </span>
    </p>
   </div>
   <div class='ocr_carea' id='block_1_67' title="bbox 1837 2409 3414 2478">
    <p class='ocr_par' dir='ltr' id='par_1_67' title="bbox 1837 2409 3414 2478">
     <span class='ocr_line' id='line_1_67' title="bbox 1837 2409 3414 2478; baseline -0.002 -16"><span class='ocrx_word' id='word_1_517' title='bbox 1837 2425 1906 2462; x_wconf 93' lang='lat' dir='ltr'><strong>ne</strong></span> <span class='ocrx_word' id='word_1_518' title='bbox 1934 2409 2171 2478; x_wconf 79' lang='lat' dir='ltr'><strong>gaudeas</strong></span> <span class='ocrx_word' id='word_1_519' title='bbox 2203 2423 2370 2477; x_wconf 88' lang='lat' dir='ltr'><strong>super</strong></span> <span class='ocrx_word' id='word_1_520' title='bbox 2401 2423 2488 2472; x_wconf 89' lang='lat' dir='ltr'><strong>eo,</strong></span> <span class='ocrx_word' id='word_1_521' title='bbox 2514 2417 2570 2462; x_wconf 91' lang='lat' dir='ltr'><strong>et</strong></span> <span class='ocrx_word' id='word_1_522' title='bbox 2606 2410 2661 2462; x_wconf 93' lang='lat' dir='ltr'><strong>in</strong></span> <span class='ocrx_word' id='word_1_523' title='bbox 2714 2409 3159 2477; x_wconf 87' lang='lat' dir='ltr'><strong>supplantatione</strong></span> <span class='ocrx_word' id='word_1_524' title='bbox 3190 2409 3314 2477; x_wconf 83' lang='lat' dir='ltr'><strong>ejus</strong></span> <span class='ocrx_word' id='word_1_525' title='bbox 3343 2422 3414 2460; x_wconf 88' lang='lat' dir='ltr'><strong>ne</strong></span> 
     </span>
    </p>
   </div>
   <div class='ocr_carea' id='block_1_68' title="bbox 1835 2495 3413 2563">
    <p class='ocr_par' dir='ltr' id='par_1_68' title="bbox 1835 2495 3413 2563">
     <span class='ocr_line' id='line_1_68' title="bbox 1835 2495 3413 2563; baseline -0.002 -14"><span class='ocrx_word' id='word_1_526' title='bbox 1835 2497 2067 2550; x_wconf 77' lang='lat' dir='ltr'><strong>extollas</strong></span> <span class='ocrx_word' id='word_1_527' title='bbox 2095 2507 2169 2563; x_wconf 92' lang='lat' dir='ltr'><strong>te,</strong></span> <span class='ocrx_word' id='word_1_528' title='bbox 2206 2513 2274 2551; x_wconf 91' lang='lat' dir='ltr'><strong>ne</strong></span> <span class='ocrx_word' id='word_1_529' title='bbox 2323 2497 2465 2551; x_wconf 90' lang='lat' dir='ltr'><strong>forte</strong></span> <span class='ocrx_word' id='word_1_530' title='bbox 2500 2496 2688 2550; x_wconf 89' lang='lat' dir='ltr'><strong>videat</strong></span> <span class='ocrx_word' id='word_1_531' title='bbox 2725 2497 3014 2559; x_wconf 85' lang='lat' dir='ltr'><strong>Dominus,</strong></span> <span class='ocrx_word' id='word_1_532' title='bbox 3049 2505 3105 2548; x_wconf 94' lang='lat' dir='ltr'><strong>et</strong></span> <span class='ocrx_word' id='word_1_533' title='bbox 3151 2511 3260 2548; x_wconf 90' lang='lat' dir='ltr'><strong>non</strong></span> <span class='ocrx_word' id='word_1_534' title='bbox 3294 2495 3413 2563; x_wconf 87' lang='lat' dir='ltr'><strong>pla-</strong></span> 
     </span>
    </p>
   </div>
   <div class='ocr_carea' id='block_1_69' title="bbox 1839 2584 3413 2658">
    <p class='ocr_par' dir='ltr' id='par_1_69' title="bbox 1839 2584 3413 2658">
     <span class='ocr_line' id='line_1_69' title="bbox 1839 2584 3413 2658; baseline -0.001 -18"><span class='ocrx_word' id='word_1_535' title='bbox 1839 2596 1958 2641; x_wconf 90' lang='lat' dir='ltr'><strong>ceat</strong></span> <span class='ocrx_word' id='word_1_536' title='bbox 1989 2588 2038 2641; x_wconf 91' lang='lat' dir='ltr'><strong>ei</strong></span> <span class='ocrx_word' id='word_1_537' title='bbox 2069 2589 2134 2640; x_wconf 80' lang='lat'><strong>&quot;.</strong></span> <span class='ocrx_word' id='word_1_538' title='bbox 2169 2607 2187 2639; x_wconf 76' lang='grc' dir='ltr'><strong>ι</strong></span> <span class='ocrx_word' id='word_1_539' title='bbox 2225 2589 2293 2642; x_wconf 86' lang='grc' dir='ltr'>Ει</span> <span class='ocrx_word' id='word_1_540' title='bbox 2323 2589 2440 2641; x_wconf 70' lang='lat' dir='ltr'><strong>haec</strong></span> <span class='ocrx_word' id='word_1_541' title='bbox 2476 2587 2701 2658; x_wconf 89' lang='lat' dir='ltr'><strong>quidem</strong></span> <span class='ocrx_word' id='word_1_542' title='bbox 2737 2587 2804 2640; x_wconf 90' lang='lat' dir='ltr'><strong>de</strong></span> <span class='ocrx_word' id='word_1_543' title='bbox 2837 2586 3078 2640; x_wconf 88' lang='lat' dir='ltr'><strong>inimico.</strong></span> <span class='ocrx_word' id='word_1_544' title='bbox 3111 2586 3178 2639; x_wconf 86' lang='lat' dir='ltr'><strong>Et</strong></span> <span class='ocrx_word' id='word_1_545' title='bbox 3205 2605 3217 2638; x_wconf 89' lang='lat'><strong>:</strong></span> <span class='ocrx_word' id='word_1_546' title='bbox 3256 2603 3274 2635; x_wconf 79' lang='grc' dir='ltr'><strong>ι</strong></span> <span class='ocrx_word' id='word_1_547' title='bbox 3307 2584 3413 2650; x_wconf 84' lang='lat' dir='ltr'><strong>Qui</strong></span> 
     </span>
    </p>
   </div>
   <div class='ocr_carea' id='block_1_70' title="bbox 1838 2673 3413 2746">
    <p class='ocr_par' dir='ltr' id='par_1_70' title="bbox 1838 2673 3413 2746">
     <span class='ocr_line' id='line_1_70' title="bbox 1838 2673 3413 2746; baseline -0.003 -15"><span class='ocrx_word' id='word_1_548' title='bbox 1838 2677 2062 2731; x_wconf 87' lang='lat' dir='ltr'><strong>insultat</strong></span> <span class='ocrx_word' id='word_1_549' title='bbox 2093 2678 2366 2746; x_wconf 89' lang='lat' dir='ltr'><strong>pereunti,</strong></span> <span class='ocrx_word' id='word_1_550' title='bbox 2419 2692 2528 2730; x_wconf 90' lang='lat' dir='ltr'><strong>non</strong></span> <span class='ocrx_word' id='word_1_551' title='bbox 2576 2677 2684 2731; x_wconf 91' lang='lat' dir='ltr'><strong>erit</strong></span> <span class='ocrx_word' id='word_1_552' title='bbox 2727 2676 2991 2728; x_wconf 87' lang='lat' dir='ltr'><strong>innocens</strong></span> <span class='ocrx_word' id='word_1_553' title='bbox 3021 2674 3085 2728; x_wconf 87' lang='lat'><strong>“.</strong></span> <span class='ocrx_word' id='word_1_554' title='bbox 3113 2691 3134 2724; x_wconf 76' lang='grc' dir='ltr'><strong>ι</strong></span> <span class='ocrx_word' id='word_1_555' title='bbox 3173 2673 3241 2726; x_wconf 85' lang='lat' dir='ltr'><strong>Et</strong></span> <span class='ocrx_word' id='word_1_556' title='bbox 3302 2674 3413 2726; x_wconf 82' lang='lat' dir='ltr'><strong>ite-</strong></span> 
     </span>
    </p>
   </div>
   <div class='ocr_carea' id='block_1_71' title="bbox 1840 2763 3416 2836">
    <p class='ocr_par' dir='ltr' id='par_1_71' title="bbox 1840 2763 3416 2836">
     <span class='ocr_line' id='line_1_71' title="bbox 1840 2763 3416 2836; baseline -0.004 -16"><span class='ocrx_word' id='word_1_557' title='bbox 1840 2783 1963 2821; x_wconf 88' lang='lat' dir='ltr'><strong>rum</strong></span> <span class='ocrx_word' id='word_1_558' title='bbox 1988 2785 2001 2820; x_wconf 91' lang='lat'><strong>:</strong></span> <span class='ocrx_word' id='word_1_559' title='bbox 2045 2786 2064 2818; x_wconf 78' lang='grc' dir='ltr'><strong>ι</strong></span> <span class='ocrx_word' id='word_1_560' title='bbox 2099 2768 2189 2822; x_wconf 80' lang='lat' dir='ltr'><strong>Va:</strong></span> <span class='ocrx_word' id='word_1_561' title='bbox 2222 2767 2379 2822; x_wconf 85' lang='lat' dir='ltr'><strong>vobis</strong></span> <span class='ocrx_word' id='word_1_562' title='bbox 2398 2767 2490 2836; x_wconf 94' lang='lat' dir='ltr'><strong>qui</strong></span> <span class='ocrx_word' id='word_1_563' title='bbox 2524 2766 2783 2821; x_wconf 71' lang='lat' dir='ltr'><strong>laetamini</strong></span> <span class='ocrx_word' id='word_1_564' title='bbox 2809 2779 2974 2834; x_wconf 89' lang='lat' dir='ltr'><strong>super</strong></span> <span class='ocrx_word' id='word_1_565' title='bbox 2996 2763 3174 2825; x_wconf 87' lang='lat' dir='ltr'><strong>malis,</strong></span> <span class='ocrx_word' id='word_1_566' title='bbox 3197 2773 3256 2816; x_wconf 89' lang='lat' dir='ltr'><strong>et</strong></span> <span class='ocrx_word' id='word_1_567' title='bbox 3284 2778 3416 2830; x_wconf 83' lang='lat' dir='ltr'><strong>gau-</strong></span> 
     </span>
    </p>
   </div>
   <div class='ocr_carea' id='block_1_72' title="bbox 1840 2853 3413 2928">
    <p class='ocr_par' dir='ltr' id='par_1_72' title="bbox 1840 2853 3413 2928">
     <span class='ocr_line' id='line_1_72' title="bbox 1840 2853 3413 2928; baseline -0.003 -16"><span class='ocrx_word' id='word_1_568' title='bbox 1840 2859 1983 2913; x_wconf 89' lang='lat' dir='ltr'><strong>detis</strong></span> <span class='ocrx_word' id='word_1_569' title='bbox 2004 2875 2170 2928; x_wconf 88' lang='lat' dir='ltr'><strong>super</strong></span> <span class='ocrx_word' id='word_1_570' title='bbox 2195 2858 2460 2926; x_wconf 84' lang='lat' dir='ltr'><strong>pravitate</strong></span> <span class='ocrx_word' id='word_1_571' title='bbox 2477 2857 2617 2911; x_wconf 89' lang='lat' dir='ltr'><strong>mala</strong></span> <span class='ocrx_word' id='word_1_572' title='bbox 2637 2859 2701 2908; x_wconf 81' lang='grc'><strong>⁸³.</strong></span> <span class='ocrx_word' id='word_1_573' title='bbox 2718 2875 2735 2906; x_wconf 75' lang='grc' dir='ltr'><strong>ι</strong></span> <span class='ocrx_word' id='word_1_574' title='bbox 2752 2857 2820 2910; x_wconf 86' lang='lat' dir='ltr'><strong>Et</strong></span> <span class='ocrx_word' id='word_1_575' title='bbox 2843 2872 2857 2908; x_wconf 96' lang='lat'><strong>:</strong></span> <span class='ocrx_word' id='word_1_576' title='bbox 2891 2873 2908 2904; x_wconf 75' lang='grc' dir='ltr'><strong>ι</strong></span> <span class='ocrx_word' id='word_1_577' title='bbox 2937 2853 3159 2922; x_wconf 87' lang='lat' dir='ltr'><strong>Laqueo</strong></span> <span class='ocrx_word' id='word_1_578' title='bbox 3186 2858 3413 2922; x_wconf 83' lang='lat' dir='ltr'><strong>capien-</strong></span> 
     </span>
    </p>
   </div>
   <div class='ocr_carea' id='block_1_73' title="bbox 1841 2943 3413 3017">
    <p class='ocr_par' dir='ltr' id='par_1_73' title="bbox 1841 2943 3413 3017">
     <span class='ocr_line' id='line_1_73' title="bbox 1841 2943 3413 3017; baseline -0.001 -17"><span class='ocrx_word' id='word_1_579' title='bbox 1841 2957 1954 3009; x_wconf 87' lang='lat' dir='ltr'><strong>tur,</strong></span> <span class='ocrx_word' id='word_1_580' title='bbox 1984 2948 2076 3017; x_wconf 94' lang='lat' dir='ltr'><strong>qui</strong></span> <span class='ocrx_word' id='word_1_581' title='bbox 2104 2948 2357 3000; x_wconf 76' lang='lat' dir='ltr'><strong>lzetantur</strong></span> <span class='ocrx_word' id='word_1_582' title='bbox 2378 2962 2546 3015; x_wconf 90' lang='lat' dir='ltr'><strong>super</strong></span> <span class='ocrx_word' id='word_1_583' title='bbox 2564 2946 2722 3000; x_wconf 88' lang='lat' dir='ltr'><strong>ruina</strong></span> <span class='ocrx_word' id='word_1_584' title='bbox 2746 2947 2992 3015; x_wconf 89' lang='lat' dir='ltr'><strong>piorum,</strong></span> <span class='ocrx_word' id='word_1_585' title='bbox 3015 2959 3071 3004; x_wconf 66' lang='lat' dir='ltr'><strong>et</strong></span> <span class='ocrx_word' id='word_1_586' title='bbox 3090 2943 3248 2997; x_wconf 87' lang='lat' dir='ltr'><strong>dolor</strong></span> <span class='ocrx_word' id='word_1_587' title='bbox 3266 2962 3413 2999; x_wconf 86' lang='lat' dir='ltr'><strong>mer-</strong></span> 
     </span>
    </p>
   </div>
   <div class='ocr_carea' id='block_1_74' title="bbox 1842 3037 3406 3106">
    <p class='ocr_par' dir='ltr' id='par_1_74' title="bbox 1842 3037 3406 3106">
     <span class='ocr_line' id='line_1_74' title="bbox 1842 3037 3406 3106; baseline 0.003 -14"><span class='ocrx_word' id='word_1_588' title='bbox 1842 3038 1994 3093; x_wconf 90' lang='lat' dir='ltr'><strong>cedis</strong></span> <span class='ocrx_word' id='word_1_589' title='bbox 2025 3039 2144 3092; x_wconf 90' lang='lat' dir='ltr'><strong>loco</strong></span> <span class='ocrx_word' id='word_1_590' title='bbox 2175 3037 2553 3106; x_wconf 90' lang='lat' dir='ltr'><strong>apprehendet</strong></span> <span class='ocrx_word' id='word_1_591' title='bbox 2579 3051 2676 3090; x_wconf 89' lang='lat' dir='ltr'><strong>eos</strong></span> <span class='ocrx_word' id='word_1_592' title='bbox 2711 3047 2839 3091; x_wconf 87' lang='lat' dir='ltr'><strong>ante</strong></span> <span class='ocrx_word' id='word_1_593' title='bbox 2865 3047 3098 3093; x_wconf 89' lang='lat' dir='ltr'><strong>mortem</strong></span> <span class='ocrx_word' id='word_1_594' title='bbox 3128 3040 3195 3094; x_wconf 78' lang='lat'><strong>“.</strong></span> <span class='ocrx_word' id='word_1_595' title='bbox 3235 3061 3252 3091; x_wconf 75' lang='grc' dir='ltr'><strong>ι</strong></span> <span class='ocrx_word' id='word_1_596' title='bbox 3291 3043 3359 3096; x_wconf 87' lang='lat' dir='ltr'><strong>Et</strong></span> <span class='ocrx_word' id='word_1_597' title='bbox 3392 3061 3406 3095; x_wconf 91' lang='lat'><strong>:</strong></span> 
     </span>
    </p>
   </div>
   <div class='ocr_carea' id='block_1_75' title="bbox 1851 3128 3410 3196">
    <p class='ocr_par' dir='ltr' id='par_1_75' title="bbox 1851 3128 3410 3196">
     <span class='ocr_line' id='line_1_75' title="bbox 1851 3128 3410 3196; baseline 0.005 -20"><span class='ocrx_word' id='word_1_598' title='bbox 1851 3147 1869 3176; x_wconf 73' lang='grc' dir='ltr'><strong>ι</strong></span> <span class='ocrx_word' id='word_1_599' title='bbox 1897 3129 2195 3182; x_wconf 78' lang='lat' dir='ltr'><strong>Memorare</strong></span> <span class='ocrx_word' id='word_1_600' title='bbox 2210 3128 2329 3180; x_wconf 90' lang='lat' dir='ltr'><strong>dies</strong></span> <span class='ocrx_word' id='word_1_601' title='bbox 2343 3128 2716 3192; x_wconf 87' lang='lat' dir='ltr'><strong>tenebrarum,</strong></span> <span class='ocrx_word' id='word_1_602' title='bbox 2745 3128 2874 3196; x_wconf 91' lang='lat' dir='ltr'><strong>quia</strong></span> <span class='ocrx_word' id='word_1_603' title='bbox 2917 3131 3073 3184; x_wconf 91' lang='lat' dir='ltr'><strong>multi</strong></span> <span class='ocrx_word' id='word_1_604' title='bbox 3100 3141 3270 3186; x_wconf 89' lang='lat' dir='ltr'><strong>erunt</strong></span> <span class='ocrx_word' id='word_1_605' title='bbox 3298 3134 3363 3188; x_wconf 81' lang='grc'><strong>⁸³.</strong></span> <span class='ocrx_word' id='word_1_606' title='bbox 3389 3153 3410 3184; x_wconf 75' lang='grc' dir='ltr'><strong>ι</strong></span> 
     </span>
    </p>
   </div>
   <div class='ocr_carea' id='block_1_76' title="bbox 1843 3220 3414 3290">
    <p class='ocr_par' dir='ltr' id='par_1_76' title="bbox 1843 3220 3414 3290">
     <span class='ocr_line' id='line_1_76' title="bbox 1843 3220 3414 3290; baseline 0.003 -15"><span class='ocrx_word' id='word_1_607' title='bbox 1843 3220 1950 3275; x_wconf 88' lang='lat' dir='ltr'><strong>Sed</strong></span> <span class='ocrx_word' id='word_1_608' title='bbox 2007 3228 2065 3274; x_wconf 88' lang='lat' dir='ltr'><strong>et</strong></span> <span class='ocrx_word' id='word_1_609' title='bbox 2115 3221 2426 3290; x_wconf 90' lang='lat' dir='ltr'><strong>inculpatus</strong></span> <span class='ocrx_word' id='word_1_610' title='bbox 2473 3220 2616 3274; x_wconf 85' lang='lat' dir='ltr'><strong>Job:</strong></span> <span class='ocrx_word' id='word_1_611' title='bbox 2651 3238 2669 3272; x_wconf 80' lang='grc' dir='ltr'><strong>ι</strong></span> <span class='ocrx_word' id='word_1_612' title='bbox 2703 3220 2758 3274; x_wconf 94' lang='lat' dir='ltr'><strong>Si</strong></span> <span class='ocrx_word' id='word_1_613' title='bbox 2794 3221 2960 3276; x_wconf 88' lang='lat' dir='ltr'><strong>etiam</strong></span> <span class='ocrx_word' id='word_1_614' title='bbox 3021 3222 3235 3279; x_wconf 71' lang='lat' dir='ltr'><strong>lzetatus</strong></span> <span class='ocrx_word' id='word_1_615' title='bbox 3292 3241 3414 3280; x_wconf 90' lang='lat' dir='ltr'><strong>sum</strong></span> 
     </span>
    </p>
   </div>
   <div class='ocr_carea' id='block_1_77' title="bbox 1842 3311 3416 3380">
    <p class='ocr_par' dir='ltr' id='par_1_77' title="bbox 1842 3311 3416 3380">
     <span class='ocr_line' id='line_1_77' title="bbox 1842 3311 3416 3380; baseline 0.005 -16"><span class='ocrx_word' id='word_1_616' title='bbox 1842 3327 2007 3380; x_wconf 90' lang='lat' dir='ltr'><strong>super</strong></span> <span class='ocrx_word' id='word_1_617' title='bbox 2061 3313 2220 3365; x_wconf 90' lang='lat' dir='ltr'><strong>ruina</strong></span> <span class='ocrx_word' id='word_1_618' title='bbox 2283 3311 2632 3365; x_wconf 89' lang='lat' dir='ltr'><strong>inimicorum</strong></span> <span class='ocrx_word' id='word_1_619' title='bbox 2677 3327 2947 3377; x_wconf 91' lang='lat' dir='ltr'><strong>meorum,</strong></span> <span class='ocrx_word' id='word_1_620' title='bbox 3017 3321 3074 3368; x_wconf 92' lang='lat' dir='ltr'><strong>et</strong></span> <span class='ocrx_word' id='word_1_621' title='bbox 3126 3314 3264 3369; x_wconf 82' lang='lat' dir='ltr'><strong>dixit</strong></span> <span class='ocrx_word' id='word_1_622' title='bbox 3319 3333 3416 3372; x_wconf 91' lang='lat' dir='ltr'><strong>cor</strong></span> 
     </span>
    </p>
   </div>
   <div class='ocr_carea' id='block_1_78' title="bbox 1843 3401 3416 3474">
    <p class='ocr_par' dir='ltr' id='par_1_78' title="bbox 1843 3401 3416 3474">
     <span class='ocr_line' id='line_1_78' title="bbox 1843 3401 3416 3474; baseline 0.006 -20"><span class='ocrx_word' id='word_1_623' title='bbox 1843 3417 2046 3464; x_wconf 89' lang='lat' dir='ltr'><strong>meum,</strong></span> <span class='ocrx_word' id='word_1_624' title='bbox 2079 3402 2228 3471; x_wconf 84' lang='lat' dir='ltr'><strong>Euge</strong></span> <span class='ocrx_word' id='word_1_625' title='bbox 2244 3401 2310 3454; x_wconf 83' lang='lat'><strong>“.</strong></span> <span class='ocrx_word' id='word_1_626' title='bbox 2335 3421 2352 3452; x_wconf 72' lang='grc' dir='ltr'><strong>ι</strong></span> <span class='ocrx_word' id='word_1_627' title='bbox 2392 3401 2592 3455; x_wconf 86' lang='lat' dir='ltr'><strong>Beatus</strong></span> <span class='ocrx_word' id='word_1_628' title='bbox 2626 3402 2754 3456; x_wconf 91' lang='lat' dir='ltr'><strong>item</strong></span> <span class='ocrx_word' id='word_1_629' title='bbox 2784 3403 2988 3458; x_wconf 82' lang='lat' dir='ltr'><strong>Paulus</strong></span> <span class='ocrx_word' id='word_1_630' title='bbox 3010 3419 3104 3473; x_wconf 89' lang='lat' dir='ltr'><strong>per</strong></span> <span class='ocrx_word' id='word_1_631' title='bbox 3128 3406 3416 3474; x_wconf 86' lang='lat' dir='ltr'><strong>epistolam</strong></span> 
     </span>
    </p>
   </div>
   <div class='ocr_carea' id='block_1_79' title="bbox 1841 3489 3413 3563">
    <p class='ocr_par' dir='ltr' id='par_1_79' title="bbox 1841 3489 3413 3563">
     <span class='ocr_line' id='line_1_79' title="bbox 1841 3489 3413 3563; baseline 0.006 -20"><span class='ocrx_word' id='word_1_632' title='bbox 1841 3491 2036 3544; x_wconf 89' lang='lat' dir='ltr'><strong>scribit</strong></span> <span class='ocrx_word' id='word_1_633' title='bbox 2066 3490 2326 3543; x_wconf 82' lang='lat' dir='ltr'><strong>Romanis</strong></span> <span class='ocrx_word' id='word_1_634' title='bbox 2356 3507 2368 3541; x_wconf 94' lang='lat'><strong>:</strong></span> <span class='ocrx_word' id='word_1_635' title='bbox 2403 3509 2419 3540; x_wconf 76' lang='grc' dir='ltr'><strong>ι</strong></span> <span class='ocrx_word' id='word_1_636' title='bbox 2444 3489 2599 3555; x_wconf 83' lang='lat' dir='ltr'><strong>Quod</strong></span> <span class='ocrx_word' id='word_1_637' title='bbox 2618 3490 2664 3543; x_wconf 90' lang='lat' dir='ltr'><strong>si</strong></span> <span class='ocrx_word' id='word_1_638' title='bbox 2689 3491 2784 3559; x_wconf 90' lang='lat' dir='ltr'><strong>qui</strong></span> <span class='ocrx_word' id='word_1_639' title='bbox 2802 3506 2866 3545; x_wconf 77' lang='lat' dir='ltr'><strong>ex</strong></span> <span class='ocrx_word' id='word_1_640' title='bbox 2894 3492 3064 3546; x_wconf 90' lang='lat' dir='ltr'><strong>ramis</strong></span> <span class='ocrx_word' id='word_1_641' title='bbox 3084 3493 3241 3548; x_wconf 84' lang='lat' dir='ltr'><strong>fracti</strong></span> <span class='ocrx_word' id='word_1_642' title='bbox 3263 3509 3413 3563; x_wconf 92' lang='lat' dir='ltr'><strong>sunt,</strong></span> 
     </span>
    </p>
   </div>
   <div class='ocr_carea' id='block_1_80' title="bbox 1844 3581 3415 3655">
    <p class='ocr_par' dir='ltr' id='par_1_80' title="bbox 1844 3581 3415 3655">
     <span class='ocr_line' id='line_1_80' title="bbox 1844 3581 3415 3655; baseline 0.005 -20"><span class='ocrx_word' id='word_1_643' title='bbox 1844 3591 1903 3636; x_wconf 93' lang='lat' dir='ltr'><strong>tu</strong></span> <span class='ocrx_word' id='word_1_644' title='bbox 1942 3592 2126 3636; x_wconf 88' lang='lat' dir='ltr'><strong>autem</strong></span> <span class='ocrx_word' id='word_1_645' title='bbox 2154 3597 2278 3635; x_wconf 91' lang='lat' dir='ltr'><strong>cum</strong></span> <span class='ocrx_word' id='word_1_646' title='bbox 2312 3581 2548 3635; x_wconf 88' lang='lat' dir='ltr'><strong>oleaster</strong></span> <span class='ocrx_word' id='word_1_647' title='bbox 2596 3596 2769 3646; x_wconf 69' lang='lat' dir='ltr'><strong>esses,</strong></span> <span class='ocrx_word' id='word_1_648' title='bbox 2817 3582 3058 3639; x_wconf 87' lang='lat' dir='ltr'><strong>insertus</strong></span> <span class='ocrx_word' id='word_1_649' title='bbox 3091 3600 3153 3640; x_wconf 89' lang='lat' dir='ltr'><strong>es</strong></span> <span class='ocrx_word' id='word_1_650' title='bbox 3190 3587 3244 3640; x_wconf 92' lang='lat' dir='ltr'><strong>in</strong></span> <span class='ocrx_word' id='word_1_651' title='bbox 3285 3589 3415 3655; x_wconf 86' lang='lat' dir='ltr'><strong>illis,</strong></span> 
     </span>
    </p>
   </div>
   <div class='ocr_carea' id='block_1_81' title="bbox 1842 3671 3415 3742">
    <p class='ocr_par' dir='ltr' id='par_1_81' title="bbox 1842 3671 3415 3742">
     <span class='ocr_line' id='line_1_81' title="bbox 1842 3671 3415 3742; baseline 0.005 -15"><span class='ocrx_word' id='word_1_652' title='bbox 1842 3684 1898 3728; x_wconf 90' lang='lat' dir='ltr'><strong>et</strong></span> <span class='ocrx_word' id='word_1_653' title='bbox 1920 3674 2102 3727; x_wconf 90' lang='lat' dir='ltr'><strong>socius</strong></span> <span class='ocrx_word' id='word_1_654' title='bbox 2127 3672 2327 3726; x_wconf 87' lang='lat' dir='ltr'><strong>radicis</strong></span> <span class='ocrx_word' id='word_1_655' title='bbox 2348 3681 2403 3726; x_wconf 90' lang='lat' dir='ltr'><strong>et</strong></span> <span class='ocrx_word' id='word_1_656' title='bbox 2419 3671 2771 3740; x_wconf 87' lang='lat' dir='ltr'><strong>pinguedinis</strong></span> <span class='ocrx_word' id='word_1_657' title='bbox 2799 3673 2958 3728; x_wconf 70' lang='lat' dir='ltr'><strong>oliva:</strong></span> <span class='ocrx_word' id='word_1_658' title='bbox 2998 3676 3176 3730; x_wconf 87' lang='lat' dir='ltr'><strong>factus</strong></span> <span class='ocrx_word' id='word_1_659' title='bbox 3200 3693 3283 3742; x_wconf 90' lang='lat' dir='ltr'><strong>es,</strong></span> <span class='ocrx_word' id='word_1_660' title='bbox 3303 3683 3415 3735; x_wconf 92' lang='lat' dir='ltr'><strong>noli</strong></span> 
     </span>
    </p>
   </div>
   <div class='ocr_carea' id='block_1_82' title="bbox 1845 3763 3414 3834">
    <p class='ocr_par' dir='ltr' id='par_1_82' title="bbox 1845 3763 3414 3834">
     <span class='ocr_line' id='line_1_82' title="bbox 1845 3763 3414 3834; baseline 0.005 -17"><span class='ocrx_word' id='word_1_661' title='bbox 1845 3763 2066 3834; x_wconf 89' lang='lat' dir='ltr'><strong>gloriari</strong></span> <span class='ocrx_word' id='word_1_662' title='bbox 2101 3763 2365 3816; x_wconf 83' lang='lat' dir='ltr'><strong>adversus</strong></span> <span class='ocrx_word' id='word_1_663' title='bbox 2407 3778 2588 3816; x_wconf 89' lang='lat' dir='ltr'><strong>ramos</strong></span> <span class='ocrx_word' id='word_1_664' title='bbox 2625 3763 2808 3831; x_wconf 89' lang='lat' dir='ltr'><strong>:quod</strong></span> <span class='ocrx_word' id='word_1_665' title='bbox 2840 3765 2884 3818; x_wconf 92' lang='lat' dir='ltr'><strong>si</strong></span> <span class='ocrx_word' id='word_1_666' title='bbox 2908 3767 3180 3834; x_wconf 89' lang='lat' dir='ltr'><strong>gloriaris,</strong></span> <span class='ocrx_word' id='word_1_667' title='bbox 3213 3784 3321 3823; x_wconf 91' lang='lat' dir='ltr'><strong>non</strong></span> <span class='ocrx_word' id='word_1_668' title='bbox 3358 3781 3414 3825; x_wconf 92' lang='lat' dir='ltr'><strong>tu</strong></span> 
     </span>
    </p>
   </div>
   <div class='ocr_carea' id='block_1_83' title="bbox 1847 3853 3417 3926">
    <p class='ocr_par' dir='ltr' id='par_1_83' title="bbox 1847 3853 3417 3926">
     <span class='ocr_line' id='line_1_83' title="bbox 1847 3853 3417 3926; baseline 0.004 -18"><span class='ocrx_word' id='word_1_669' title='bbox 1847 3854 2085 3908; x_wconf 87' lang='lat' dir='ltr'><strong>radicem</strong></span> <span class='ocrx_word' id='word_1_670' title='bbox 2133 3862 2340 3923; x_wconf 90' lang='lat' dir='ltr'><strong>portas,</strong></span> <span class='ocrx_word' id='word_1_671' title='bbox 2375 3853 2469 3906; x_wconf 83' lang='lat' dir='ltr'><strong>sed</strong></span> <span class='ocrx_word' id='word_1_672' title='bbox 2520 3853 2672 3907; x_wconf 78' lang='lat' dir='ltr'><strong>radix</strong></span> <span class='ocrx_word' id='word_1_673' title='bbox 2724 3863 2794 3908; x_wconf 88' lang='lat' dir='ltr'><strong>te.</strong></span> <span class='ocrx_word' id='word_1_674' title='bbox 2831 3854 2979 3910; x_wconf 91' lang='lat' dir='ltr'><strong>Dicis</strong></span> <span class='ocrx_word' id='word_1_675' title='bbox 3023 3871 3197 3926; x_wconf 89' lang='lat' dir='ltr'><strong>ergo:</strong></span> <span class='ocrx_word' id='word_1_676' title='bbox 3238 3859 3417 3916; x_wconf 84' lang='lat' dir='ltr'><strong>Fracti</strong></span> 
     </span>
    </p>
   </div>
   <div class='ocr_carea' id='block_1_84' title="bbox 1846 3944 3418 4015">
    <p class='ocr_par' dir='ltr' id='par_1_84' title="bbox 1846 3944 3418 4015">
     <span class='ocr_line' id='line_1_84' title="bbox 1846 3944 3418 4015; baseline 0.004 -17"><span class='ocrx_word' id='word_1_677' title='bbox 1846 3953 1976 3998; x_wconf 89' lang='lat' dir='ltr'><strong>sunt</strong></span> <span class='ocrx_word' id='word_1_678' title='bbox 1999 3944 2130 3997; x_wconf 89' lang='lat' dir='ltr'><strong>rami</strong></span> <span class='ocrx_word' id='word_1_679' title='bbox 2172 3952 2232 3996; x_wconf 94' lang='lat' dir='ltr'><strong>ut</strong></span> <span class='ocrx_word' id='word_1_680' title='bbox 2259 3958 2361 4012; x_wconf 88' lang='lat' dir='ltr'><strong>ego</strong></span> <span class='ocrx_word' id='word_1_681' title='bbox 2384 3944 2613 3997; x_wconf 89' lang='lat' dir='ltr'><strong>inserar.</strong></span> <span class='ocrx_word' id='word_1_682' title='bbox 2645 3944 2791 3999; x_wconf 85' lang='lat' dir='ltr'><strong>Bene</strong></span> <span class='ocrx_word' id='word_1_683' title='bbox 2819 3964 2831 3997; x_wconf 92' lang='lat'><strong>:</strong></span> <span class='ocrx_word' id='word_1_684' title='bbox 2861 3955 3086 4015; x_wconf 90' lang='lat' dir='ltr'><strong>propter</strong></span> <span class='ocrx_word' id='word_1_685' title='bbox 3115 3949 3418 4004; x_wconf 88' lang='lat' dir='ltr'><strong>increduli-</strong></span> 
     </span>
    </p>
   </div>
   <div class='ocr_carea' id='block_1_85' title="bbox 1847 4033 3416 4102">
    <p class='ocr_par' dir='ltr' id='par_1_85' title="bbox 1847 4033 3416 4102">
     <span class='ocr_line' id='line_1_85' title="bbox 1847 4033 3416 4102; baseline 0.004 -14"><span class='ocrx_word' id='word_1_686' title='bbox 1847 4042 2012 4088; x_wconf 85' lang='lat' dir='ltr'><strong>tatem</strong></span> <span class='ocrx_word' id='word_1_687' title='bbox 2065 4033 2222 4088; x_wconf 87' lang='lat' dir='ltr'><strong>fraeti</strong></span> <span class='ocrx_word' id='word_1_688' title='bbox 2268 4041 2511 4088; x_wconf 91' lang='lat' dir='ltr'><strong>sunt:tu</strong></span> <span class='ocrx_word' id='word_1_689' title='bbox 2550 4041 2737 4088; x_wconf 87' lang='lat' dir='ltr'><strong>autem</strong></span> <span class='ocrx_word' id='word_1_690' title='bbox 2773 4034 2879 4089; x_wconf 80' lang='lat' dir='ltr'><strong>ﬁde</strong></span> <span class='ocrx_word' id='word_1_691' title='bbox 2927 4046 3077 4102; x_wconf 84' lang='lat' dir='ltr'><strong>stas;</strong></span> <span class='ocrx_word' id='word_1_692' title='bbox 3105 4039 3215 4093; x_wconf 94' lang='lat' dir='ltr'><strong>noli</strong></span> <span class='ocrx_word' id='word_1_693' title='bbox 3246 4042 3416 4095; x_wconf 89' lang='lat' dir='ltr'><strong>altum</strong></span> 
     </span>
    </p>
   </div>
   <div class='ocr_carea' id='block_1_86' title="bbox 1846 4122 3419 4192">
    <p class='ocr_par' dir='ltr' id='par_1_86' title="bbox 1846 4122 3419 4192">
     <span class='ocr_line' id='line_1_86' title="bbox 1846 4122 3419 4192; baseline 0.005 -15"><span class='ocrx_word' id='word_1_694' title='bbox 1846 4139 2060 4192; x_wconf 90' lang='lat' dir='ltr'><strong>sapere,</strong></span> <span class='ocrx_word' id='word_1_695' title='bbox 2088 4123 2182 4176; x_wconf 90' lang='lat' dir='ltr'><strong>sed</strong></span> <span class='ocrx_word' id='word_1_696' title='bbox 2209 4123 2359 4177; x_wconf 91' lang='lat' dir='ltr'><strong>time.</strong></span> <span class='ocrx_word' id='word_1_697' title='bbox 2393 4122 2450 4177; x_wconf 90' lang='lat' dir='ltr'><strong>Si</strong></span> <span class='ocrx_word' id='word_1_698' title='bbox 2484 4123 2634 4177; x_wconf 89' lang='lat' dir='ltr'><strong>enim</strong></span> <span class='ocrx_word' id='word_1_699' title='bbox 2673 4123 2818 4178; x_wconf 92' lang='lat' dir='ltr'><strong>Deus</strong></span> <span class='ocrx_word' id='word_1_700' title='bbox 2863 4128 3206 4183; x_wconf 89' lang='lat' dir='ltr'><strong>naturalibus</strong></span> <span class='ocrx_word' id='word_1_701' title='bbox 3251 4132 3419 4185; x_wconf 87' lang='lat' dir='ltr'><strong>ramis</strong></span> 
     </span>
    </p>
   </div>
   <div class='ocr_carea' id='block_1_87' title="bbox 1847 4212 3414 4282">
    <p class='ocr_par' dir='ltr' id='par_1_87' title="bbox 1847 4212 3414 4282">
     <span class='ocr_line' id='line_1_87' title="bbox 1847 4212 3414 4282; baseline 0.005 -18"><span class='ocrx_word' id='word_1_702' title='bbox 1847 4227 1956 4265; x_wconf 93' lang='lat' dir='ltr'><strong>non</strong></span> <span class='ocrx_word' id='word_1_703' title='bbox 1992 4212 2262 4282; x_wconf 86' lang='lat' dir='ltr'><strong>pepercit,</strong></span> <span class='ocrx_word' id='word_1_704' title='bbox 2296 4228 2365 4265; x_wconf 91' lang='lat' dir='ltr'><strong>ne</strong></span> <span class='ocrx_word' id='word_1_705' title='bbox 2396 4212 2536 4266; x_wconf 82' lang='lat' dir='ltr'><strong>forte</strong></span> <span class='ocrx_word' id='word_1_706' title='bbox 2563 4227 2666 4266; x_wconf 90' lang='lat' dir='ltr'><strong>nec</strong></span> <span class='ocrx_word' id='word_1_707' title='bbox 2700 4212 2796 4266; x_wconf 90' lang='lat' dir='ltr'><strong>tibi</strong></span> <span class='ocrx_word' id='word_1_708' title='bbox 2833 4225 3020 4282; x_wconf 85' lang='lat' dir='ltr'><strong>parcat</strong></span> <span class='ocrx_word' id='word_1_709' title='bbox 3047 4218 3112 4270; x_wconf 83' lang='grc'><strong>⁸⁷.</strong></span> <span class='ocrx_word' id='word_1_710' title='bbox 3143 4236 3160 4267; x_wconf 71' lang='grc' dir='ltr'><strong>ι</strong></span> <span class='ocrx_word' id='word_1_711' title='bbox 3207 4218 3414 4273; x_wconf 87' lang='lat' dir='ltr'><strong>Infert:</strong></span> 
     </span>
    </p>
   </div>
   <div class='ocr_carea' id='block_1_88' title="bbox 1857 4302 3420 4377">
    <p class='ocr_par' dir='ltr' id='par_1_88' title="bbox 1857 4302 3420 4377">
     <span class='ocr_line' id='line_1_88' title="bbox 1857 4302 3420 4377; baseline 0.008 -24"><span class='ocrx_word' id='word_1_712' title='bbox 1857 4321 1874 4353; x_wconf 79' lang='grc' dir='ltr'><strong>ι</strong></span> <span class='ocrx_word' id='word_1_713' title='bbox 1911 4303 2164 4357; x_wconf 89' lang='lat' dir='ltr'><strong>Charitas</strong></span> <span class='ocrx_word' id='word_1_714' title='bbox 2196 4317 2305 4355; x_wconf 92' lang='lat' dir='ltr'><strong>non</strong></span> <span class='ocrx_word' id='word_1_715' title='bbox 2333 4302 2531 4371; x_wconf 85' lang='lat' dir='ltr'><strong>gaudet</strong></span> <span class='ocrx_word' id='word_1_716' title='bbox 2561 4317 2729 4370; x_wconf 91' lang='lat' dir='ltr'><strong>super</strong></span> <span class='ocrx_word' id='word_1_717' title='bbox 2759 4303 3070 4373; x_wconf 87' lang='lat' dir='ltr'><strong>iniquitate,</strong></span> <span class='ocrx_word' id='word_1_718' title='bbox 3111 4310 3420 4377; x_wconf 86' lang='lat' dir='ltr'><strong>congaudet</strong></span> 
     </span>
    </p>
   </div>
   <div class='ocr_carea' id='block_1_89' title="bbox 1848 4392 3415 4462">
    <p class='ocr_par' dir='ltr' id='par_1_89' title="bbox 1848 4392 3415 4462">
     <span class='ocr_line' id='line_1_89' title="bbox 1848 4392 3415 4462; baseline 0.004 -15"><span class='ocrx_word' id='word_1_719' title='bbox 1848 4403 2032 4447; x_wconf 92' lang='lat' dir='ltr'><strong>autem</strong></span> <span class='ocrx_word' id='word_1_720' title='bbox 2070 4392 2288 4446; x_wconf 87' lang='lat' dir='ltr'><strong>veritati</strong></span> <span class='ocrx_word' id='word_1_721' title='bbox 2327 4393 2390 4444; x_wconf 82' lang='lat'><strong>&quot;.</strong></span> <span class='ocrx_word' id='word_1_722' title='bbox 2439 4411 2457 4442; x_wconf 77' lang='grc' dir='ltr'><strong>ι</strong></span> <span class='ocrx_word' id='word_1_723' title='bbox 2498 4392 2577 4446; x_wconf 84' lang='lat' dir='ltr'><strong>Ne</strong></span> <span class='ocrx_word' id='word_1_724' title='bbox 2625 4393 2813 4462; x_wconf 87' lang='lat' dir='ltr'><strong>igitur,</strong></span> <span class='ocrx_word' id='word_1_725' title='bbox 2853 4393 3216 4461; x_wconf 87' lang='lat' dir='ltr'><strong>dilectissimi,</strong></span> <span class='ocrx_word' id='word_1_726' title='bbox 3270 4415 3415 4454; x_wconf 90' lang='lat' dir='ltr'><strong>com-</strong></span> 
     </span>
    </p>
   </div>
   <div class='ocr_carea' id='block_1_90' title="bbox 174 4475 1744 4554">
    <p class='ocr_par' dir='ltr' id='par_1_90' title="bbox 174 4475 1744 4548">
     <span class='ocr_line' id='line_1_90' title="bbox 174 4475 1744 4548; baseline -0.005 -12"><span class='ocrx_word' id='word_1_727' title='bbox 174 4483 426 4548; x_wconf 72' lang='grc' dir='ltr'>διὼξιιτε,</span> <span class='ocrx_word' id='word_1_728' title='bbox 469 4481 563 4533; x_wconf 73' lang='grc' dir='ltr'>καὶ</span> <span class='ocrx_word' id='word_1_729' title='bbox 614 4477 953 4530; x_wconf 80' lang='grc' dir='ltr'>καταλάὸετε</span> <span class='ocrx_word' id='word_1_730' title='bbox 1008 4475 1192 4540; x_wconf 82' lang='grc' dir='ltr'>αὑτὸν,</span> <span class='ocrx_word' id='word_1_731' title='bbox 1248 4477 1331 4528; x_wconf 81' lang='grc' dir='ltr'>ὅτι</span> <span class='ocrx_word' id='word_1_732' title='bbox 1390 4477 1491 4528; x_wconf 80' lang='grc' dir='ltr'>οὐκ</span> <span class='ocrx_word' id='word_1_733' title='bbox 1536 4477 1688 4528; x_wconf 82' lang='grc' dir='ltr'>ἐστιν</span> <span class='ocrx_word' id='word_1_734' title='bbox 1717 4479 1744 4528; x_wconf 81' lang='grc' dir='ltr'><strong>δ</strong></span> 
     </span>
    </p>
   </div>
   <div class='ocr_carea' id='block_1_91' title="bbox 1842 4475 3416 4554">
    <p class='ocr_par' dir='ltr' id='par_1_91' title="bbox 1855 4485 3416 4554">
     <span class='ocr_line' id='line_1_91' title="bbox 1855 4485 3416 4554; baseline 0.005 -15"><span class='ocrx_word' id='word_1_735' title='bbox 1855 4487 2154 4548; x_wconf 87' lang='lat' dir='ltr'><strong>mittamus,</strong></span> <span class='ocrx_word' id='word_1_736' title='bbox 2185 4493 2244 4537; x_wconf 93' lang='lat' dir='ltr'><strong>ut</strong></span> <span class='ocrx_word' id='word_1_737' title='bbox 2287 4493 2616 4554; x_wconf 82' lang='lat' dir='ltr'><strong>suggerente</strong></span> <span class='ocrx_word' id='word_1_738' title='bbox 2666 4485 2889 4540; x_wconf 91' lang='lat' dir='ltr'><strong>inimico</strong></span> <span class='ocrx_word' id='word_1_739' title='bbox 2939 4487 3045 4541; x_wconf 88' lang='lat' dir='ltr'><strong>hoc</strong></span> <span class='ocrx_word' id='word_1_740' title='bbox 3079 4499 3288 4554; x_wconf 84' lang='lat' dir='ltr'><strong>nostro,</strong></span> <span class='ocrx_word' id='word_1_741' title='bbox 3315 4493 3416 4546; x_wconf 91' lang='lat' dir='ltr'><strong>ali-</strong></span> 
     </span>
    </p>
   </div>
   <div class='ocr_carea' id='block_1_92' title="bbox 177 4567 1748 4642">
    <p class='ocr_par' dir='ltr' id='par_1_92' title="bbox 177 4567 1748 4642">
     <span class='ocr_line' id='line_1_92' title="bbox 177 4567 1748 4642; baseline -0.004 -17"><span class='ocrx_word' id='word_1_742' title='bbox 177 4574 442 4642; x_wconf 71' lang='grc' dir='ltr'>ῥυόμενος</span> <span class='ocrx_word' id='word_1_743' title='bbox 466 4587 478 4600; x_wconf 90' lang='grc'><strong>·</strong></span> <span class='ocrx_word' id='word_1_744' title='bbox 507 4568 644 4622; x_wconf 73' lang='grc' dir='ltr'>ἀλλὰ</span> <span class='ocrx_word' id='word_1_745' title='bbox 672 4570 758 4632; x_wconf 80' lang='grc' dir='ltr'>σὺ,</span> <span class='ocrx_word' id='word_1_746' title='bbox 807 4570 835 4620; x_wconf 86' lang='grc' dir='ltr'>ὁ</span> <span class='ocrx_word' id='word_1_747' title='bbox 871 4567 1002 4628; x_wconf 77' lang='grc' dir='ltr'>Θεός</span> <span class='ocrx_word' id='word_1_748' title='bbox 1031 4583 1157 4635; x_wconf 85' lang='grc' dir='ltr'>μου,</span> <span class='ocrx_word' id='word_1_749' title='bbox 1206 4567 1280 4636; x_wconf 82' lang='grc' dir='ltr'>μὴ</span> <span class='ocrx_word' id='word_1_750' title='bbox 1324 4567 1610 4637; x_wconf 78' lang='grc' dir='ltr'>μακρύνῃς</span> <span class='ocrx_word' id='word_1_751' title='bbox 1649 4567 1748 4618; x_wconf 85' lang='grc' dir='ltr'><strong>ἀπ’</strong></span> 
     </span>
    </p>
   </div>
   <div class='ocr_carea' id='block_1_93' title="bbox 177 4657 1752 4735">
    <p class='ocr_par' dir='ltr' id='par_1_93' title="bbox 177 4657 1752 4735">
     <span class='ocr_line' id='line_1_93' title="bbox 177 4657 1752 4735; baseline -0.004 -17"><span class='ocrx_word' id='word_1_752' title='bbox 177 4665 334 4735; x_wconf 80' lang='grc' dir='ltr'>ἐμοῦ,</span> <span class='ocrx_word' id='word_1_753' title='bbox 391 4665 475 4716; x_wconf 82' lang='grc' dir='ltr'>ἵνα</span> <span class='ocrx_word' id='word_1_754' title='bbox 529 4664 603 4731; x_wconf 82' lang='grc' dir='ltr'>μὴ</span> <span class='ocrx_word' id='word_1_755' title='bbox 656 4659 956 4728; x_wconf 81' lang='grc' dir='ltr'>ἐπιχαρὼσί</span> <span class='ocrx_word' id='word_1_756' title='bbox 1010 4675 1098 4728; x_wconf 86' lang='grc' dir='ltr'><strong>μοι</strong></span> <span class='ocrx_word' id='word_1_757' title='bbox 1146 4660 1195 4710; x_wconf 88' lang='grc' dir='ltr'>οἱ</span> <span class='ocrx_word' id='word_1_758' title='bbox 1232 4657 1609 4728; x_wconf 78' lang='grc' dir='ltr'>ἐχθραίνοντες</span> <span class='ocrx_word' id='word_1_759' title='bbox 1660 4677 1752 4727; x_wconf 85' lang='grc' dir='ltr'><strong>μοι</strong></span> 
     </span>
    </p>
   </div>
   <div class='ocr_carea' id='block_1_94' title="bbox 177 4745 1749 4818">
    <p class='ocr_par' dir='ltr' id='par_1_94' title="bbox 177 4745 1749 4818">
     <span class='ocr_line' id='line_1_94' title="bbox 177 4745 1749 4818; baseline -0.004 -12"><span class='ocrx_word' id='word_1_760' title='bbox 177 4754 403 4812; x_wconf 85' lang='grc' dir='ltr'>ἀδίκως,</span> <span class='ocrx_word' id='word_1_761' title='bbox 445 4749 542 4801; x_wconf 72' lang='grc' dir='ltr'>καὶ</span> <span class='ocrx_word' id='word_1_762' title='bbox 583 4748 632 4800; x_wconf 81' lang='lat' dir='ltr'><strong>oi</strong></span> <span class='ocrx_word' id='word_1_763' title='bbox 667 4745 948 4818; x_wconf 79' lang='grc' dir='ltr'>μισοῦντές</span> <span class='ocrx_word' id='word_1_764' title='bbox 978 4761 1042 4814; x_wconf 87' lang='grc' dir='ltr'><strong>με</strong></span> <span class='ocrx_word' id='word_1_765' title='bbox 1071 4745 1300 4814; x_wconf 88' lang='grc' dir='ltr'>δωρεάν.</span> <span class='ocrx_word' id='word_1_766' title='bbox 1339 4763 1359 4796; x_wconf 75' lang='grc' dir='ltr'><strong>ι</strong></span> <span class='ocrx_word' id='word_1_767' title='bbox 1396 4745 1554 4798; x_wconf 85' lang='grc' dir='ltr'>Ἀλλά</span> <span class='ocrx_word' id='word_1_768' title='bbox 1586 4749 1652 4816; x_wconf 82' lang='grc' dir='ltr'>τῇ</span> <span class='ocrx_word' id='word_1_769' title='bbox 1684 4750 1749 4817; x_wconf 80' lang='grc' dir='ltr'>σῇ</span> 
     </span>
    </p>
   </div>
   <div class='ocr_carea' id='block_1_95' title="bbox 181 4835 1754 4910">
    <p class='ocr_par' dir='ltr' id='par_1_95' title="bbox 181 4835 1754 4910">
     <span class='ocr_line' id='line_1_95' title="bbox 181 4835 1754 4910; baseline -0.006 -13"><span class='ocrx_word' id='word_1_770' title='bbox 181 4842 410 4910; x_wconf 54' lang='grc' dir='ltr'><strong>ἒυνάμ.ει</strong></span> <span class='ocrx_word' id='word_1_771' title='bbox 469 4857 487 4890; x_wconf 75' lang='grc' dir='ltr'><strong>ι</strong></span> <span class='ocrx_word' id='word_1_772' title='bbox 533 4837 1071 4907; x_wconf 79' lang='grc' dir='ltr'>’Δποστραφήτωσαν</span> <span class='ocrx_word' id='word_1_773' title='bbox 1097 4835 1407 4904; x_wconf 88' lang='grc' dir='ltr'>παραυτίκα</span> <span class='ocrx_word' id='word_1_774' title='bbox 1430 4836 1754 4906; x_wconf 83' lang='grc' dir='ltr'>αἰσχυνόμε-</span> 
     </span>
    </p>
   </div>
   <div class='ocr_carea' id='block_1_96' title="bbox 184 4922 1742 4998">
    <p class='ocr_par' dir='ltr' id='par_1_96' title="bbox 184 4922 1742 4998">
     <span class='ocr_line' id='line_1_96' title="bbox 184 4922 1742 4998; baseline -0.004 -11"><span class='ocrx_word' id='word_1_775' title='bbox 184 4952 281 4996; x_wconf 70' lang='grc' dir='ltr'>νοι,</span> <span class='ocrx_word' id='word_1_776' title='bbox 314 4934 366 4985; x_wconf 89' lang='grc' dir='ltr'>οἰ</span> <span class='ocrx_word' id='word_1_777' title='bbox 397 4930 646 4998; x_wconf 82' lang='grc' dir='ltr'>λέγοντές</span> <span class='ocrx_word' id='word_1_778' title='bbox 679 4945 790 4998; x_wconf 90' lang='grc' dir='ltr'>μοι,</span> <span class='ocrx_word' id='word_1_779' title='bbox 814 4923 977 4994; x_wconf 82' lang='grc' dir='ltr'>Εὖγε,</span> <span class='ocrx_word' id='word_1_780' title='bbox 1004 4922 1150 4993; x_wconf 75' lang='grc' dir='ltr'>εὖγε.</span> <span class='ocrx_word' id='word_1_781' title='bbox 1193 4945 1212 4977; x_wconf 71' lang='grc' dir='ltr'><strong>ι</strong></span> <span class='ocrx_word' id='word_1_782' title='bbox 1243 4925 1315 4977; x_wconf 83' lang='grc' dir='ltr'>Τὸ</span> <span class='ocrx_word' id='word_1_783' title='bbox 1336 4927 1742 4993; x_wconf 77' lang='grc' dir='ltr'>καταγελᾶσθαι</span> 
     </span>
    </p>
   </div>
   <div class='ocr_carea' id='block_1_97' title="bbox 182 5014 1744 5088">
    <p class='ocr_par' dir='ltr' id='par_1_97' title="bbox 182 5014 1744 5088">
     <span class='ocr_line' id='line_1_97' title="bbox 182 5014 1744 5088; baseline -0.003 -12"><span class='ocrx_word' id='word_1_784' title='bbox 182 5023 358 5076; x_wconf 73' lang='grc' dir='ltr'><strong>⁴Ξοίνυν</strong></span> <span class='ocrx_word' id='word_1_785' title='bbox 389 5019 486 5072; x_wconf 76' lang='grc' dir='ltr'>καὶ</span> <span class='ocrx_word' id='word_1_786' title='bbox 516 5018 919 5088; x_wconf 87' lang='grc' dir='ltr'>ἐπιχαίρεσθαι,</span> <span class='ocrx_word' id='word_1_787' title='bbox 948 5014 1105 5084; x_wconf 80' lang='grc' dir='ltr'>ἡμῶν</span> <span class='ocrx_word' id='word_1_788' title='bbox 1134 5017 1312 5066; x_wconf 85' lang='grc' dir='ltr'>ἐστιν·</span> <span class='ocrx_word' id='word_1_789' title='bbox 1343 5015 1404 5068; x_wconf 76' lang='grc' dir='ltr'>τὸ</span> <span class='ocrx_word' id='word_1_790' title='bbox 1427 5017 1482 5068; x_wconf 83' lang='grc' dir='ltr'>δὲ</span> <span class='ocrx_word' id='word_1_791' title='bbox 1528 5019 1744 5087; x_wconf 85' lang='grc' dir='ltr'>ἐπιχαί-</span> 
     </span>
    </p>
   </div>
   <div class='ocr_carea' id='block_1_98' title="bbox 183 5103 1750 5177">
    <p class='ocr_par' dir='ltr' id='par_1_98' title="bbox 183 5103 1750 5177">
     <span class='ocr_line' id='line_1_98' title="bbox 183 5103 1750 5177; baseline -0.002 -14"><span class='ocrx_word' id='word_1_792' title='bbox 183 5127 318 5177; x_wconf 88' lang='grc' dir='ltr'>ρειν,</span> <span class='ocrx_word' id='word_1_793' title='bbox 355 5108 463 5160; x_wconf 85' lang='grc' dir='ltr'><strong>τῶν</strong></span> <span class='ocrx_word' id='word_1_794' title='bbox 501 5105 882 5176; x_wconf 71' lang='grc' dir='ltr'>Γραμματὲων</span> <span class='ocrx_word' id='word_1_795' title='bbox 923 5105 1018 5155; x_wconf 73' lang='grc' dir='ltr'>καὶ</span> <span class='ocrx_word' id='word_1_796' title='bbox 1054 5103 1358 5173; x_wconf 81' lang='grc' dir='ltr'>ἀρχιερέων</span> <span class='ocrx_word' id='word_1_797' title='bbox 1416 5106 1584 5160; x_wconf 85' lang='grc' dir='ltr'>ἐστίν.</span> <span class='ocrx_word' id='word_1_798' title='bbox 1634 5109 1750 5160; x_wconf 63' lang='grc' dir='ltr'><strong>Ἐν-</strong></span> 
     </span>
    </p>
   </div>
   <div class='ocr_carea' id='block_1_99' title="bbox 182 5194 1746 5267">
    <p class='ocr_par' dir='ltr' id='par_1_99' title="bbox 182 5194 1746 5267">
     <span class='ocr_line' id='line_1_99' title="bbox 182 5194 1746 5267; baseline -0.003 -13"><span class='ocrx_word' id='word_1_799' title='bbox 182 5200 408 5263; x_wconf 75' lang='grc' dir='ltr'>ίπτιιζον</span> <span class='ocrx_word' id='word_1_800' title='bbox 440 5197 569 5267; x_wconf 83' lang='grc' dir='ltr'>γάρ,</span> <span class='ocrx_word' id='word_1_801' title='bbox 618 5196 806 5266; x_wconf 75' lang='grc' dir='ltr'>φησὶν,</span> <span class='ocrx_word' id='word_1_802' title='bbox 852 5196 901 5246; x_wconf 77' lang='grc' dir='ltr'>οἱ</span> <span class='ocrx_word' id='word_1_803' title='bbox 954 5195 1231 5264; x_wconf 79' lang='grc' dir='ltr'>ἀρχιερεῖς</span> <span class='ocrx_word' id='word_1_804' title='bbox 1283 5194 1418 5261; x_wconf 83' lang='grc' dir='ltr'>πρὸς</span> <span class='ocrx_word' id='word_1_805' title='bbox 1464 5195 1746 5266; x_wconf 71' lang='grc' dir='ltr'>ἀλλήλους,</span> 
     </span>
    </p>
   </div>
   <div class='ocr_carea' id='block_1_100' title="bbox 187 5285 1745 5361">
    <p class='ocr_par' dir='ltr' id='par_1_100' title="bbox 187 5285 1745 5361">
     <span class='ocr_line' id='line_1_100' title="bbox 187 5285 1745 5361; baseline -0.001 -16"><span class='ocrx_word' id='word_1_806' title='bbox 187 5293 323 5361; x_wconf 79' lang='grc' dir='ltr'><strong>μετά</strong></span> <span class='ocrx_word' id='word_1_807' title='bbox 350 5290 460 5342; x_wconf 89' lang='grc' dir='ltr'>τῶν</span> <span class='ocrx_word' id='word_1_808' title='bbox 493 5286 874 5356; x_wconf 82' lang='grc' dir='ltr'>Γραμματέων</span> <span class='ocrx_word' id='word_1_809' title='bbox 902 5287 1172 5353; x_wconf 74' lang='grc' dir='ltr'>λέγοντες.</span> <span class='ocrx_word' id='word_1_810' title='bbox 1204 5303 1222 5334; x_wconf 75' lang='grc' dir='ltr'><strong>ι</strong></span> <span class='ocrx_word' id='word_1_811' title='bbox 1264 5285 1490 5350; x_wconf 86' lang='grc' dir='ltr'>Ἀλλους</span> <span class='ocrx_word' id='word_1_812' title='bbox 1522 5289 1745 5356; x_wconf 76' lang='grc' dir='ltr'>ἔσωσεν,</span> 
     </span>
    </p>
   </div>
   <div class='ocr_carea' id='block_1_101' title="bbox 188 5375 1747 5445">
    <p class='ocr_par' dir='ltr' id='par_1_101' title="bbox 188 5375 1747 5445">
     <span class='ocr_line' id='line_1_101' title="bbox 188 5375 1747 5445; baseline 0.01 -12"><span class='ocrx_word' id='word_1_813' title='bbox 188 5382 376 5437; x_wconf 53' lang='lat' dir='ltr'><strong>iawa</strong></span> <span class='ocrx_word' id='word_1_814' title='bbox 390 5381 451 5433; x_wconf 86' lang='grc' dir='ltr'>οὐ</span> <span class='ocrx_word' id='word_1_815' title='bbox 468 5379 687 5433; x_wconf 85' lang='grc' dir='ltr'>δύναται</span> <span class='ocrx_word' id='word_1_816' title='bbox 737 5377 948 5442; x_wconf 78' lang='grc' dir='ltr'>σῶσαις</span> <span class='ocrx_word' id='word_1_817' title='bbox 985 5379 1015 5429; x_wconf 80' lang='grc' dir='ltr'><strong>ὁ</strong></span> <span class='ocrx_word' id='word_1_818' title='bbox 1043 5375 1275 5445; x_wconf 74' lang='grc' dir='ltr'>Χριστὸς</span> <span class='ocrx_word' id='word_1_819' title='bbox 1316 5379 1344 5429; x_wconf 74' lang='grc' dir='ltr'>ὁ</span> <span class='ocrx_word' id='word_1_820' title='bbox 1374 5377 1623 5445; x_wconf 68' lang='grc' dir='ltr'><strong>βασιλεὺς</strong></span> <span class='ocrx_word' id='word_1_821' title='bbox 1653 5383 1747 5435; x_wconf 77' lang='grc' dir='ltr'><strong>τοῧ</strong></span> 
     </span>
    </p>
   </div>
   <div class='ocr_carea' id='block_1_102' title="bbox 206 5468 1745 5544">
    <p class='ocr_par' dir='ltr' id='par_1_102' title="bbox 206 5468 1745 5544">
     <span class='ocr_line' id='line_1_102' title="bbox 206 5468 1745 5544; baseline 0.019 -42"><span class='ocrx_word' id='word_1_822' title='bbox 206 5472 410 5544; x_wconf 56' lang='grc' dir='ltr'>«ισραὴλ</span> <span class='ocrx_word' id='word_1_823' title='bbox 439 5511 454 5536; x_wconf 61' lang='grc'><strong>,</strong></span> <span class='ocrx_word' id='word_1_824' title='bbox 519 5469 812 5523; x_wconf 76' lang='grc' dir='ltr'>καταϐάτω</span> <span class='ocrx_word' id='word_1_825' title='bbox 875 5468 970 5522; x_wconf 83' lang='grc' dir='ltr'>νῦν</span> <span class='ocrx_word' id='word_1_826' title='bbox 1031 5469 1138 5521; x_wconf 83' lang='grc' dir='ltr'><strong>ἀπὸ</strong></span> <span class='ocrx_word' id='word_1_827' title='bbox 1192 5468 1285 5521; x_wconf 83' lang='grc' dir='ltr'><strong>τοῦ</strong></span> <span class='ocrx_word' id='word_1_828' title='bbox 1332 5473 1604 5544; x_wconf 78' lang='grc' dir='ltr'>σταυροῦ,</span> <span class='ocrx_word' id='word_1_829' title='bbox 1662 5477 1745 5529; x_wconf 85' lang='grc' dir='ltr'>ἵνα</span> 
     </span>
    </p>
   </div>
   <div class='ocr_carea' id='block_1_103' title="bbox 254 5687 1507 5749">
    <p class='ocr_par' dir='ltr' id='par_1_103' title="bbox 254 5687 1507 5749">
     <span class='ocr_line' id='line_1_103' title="bbox 254 5687 1507 5749; baseline 0 -8"><span class='ocrx_word' id='word_1_830' title='bbox 254 5687 300 5716; x_wconf 79' lang='grc'><strong>⁸⁵</strong></span> <span class='ocrx_word' id='word_1_831' title='bbox 334 5687 379 5741; x_wconf 90' lang='lat' dir='ltr'><strong>ll</strong></span> <span class='ocrx_word' id='word_1_832' title='bbox 399 5688 540 5743; x_wconf 75' lang='lat' dir='ltr'><strong>Tum.</strong></span> <span class='ocrx_word' id='word_1_833' title='bbox 570 5705 648 5746; x_wconf 88' lang='lat' dir='ltr'>III.</span> <span class='ocrx_word' id='word_1_834' title='bbox 671 5688 753 5744; x_wconf 76' lang='lat' dir='ltr'><strong>l2.</strong></span> <span class='ocrx_word' id='word_1_835' title='bbox 829 5689 872 5720; x_wconf 84' lang='lat'><strong>&quot;</strong></span> <span class='ocrx_word' id='word_1_836' title='bbox 905 5689 1064 5743; x_wconf 88' lang='lat' dir='ltr'><strong>Prov.</strong></span> <span class='ocrx_word' id='word_1_837' title='bbox 1116 5703 1260 5748; x_wconf 70' lang='lat' dir='ltr'><strong>xxiv,</strong></span> <span class='ocrx_word' id='word_1_838' title='bbox 1301 5687 1388 5749; x_wconf 81' lang='lat' dir='ltr'><strong>l7,</strong></span> <span class='ocrx_word' id='word_1_839' title='bbox 1423 5689 1507 5741; x_wconf 73' lang='lat'><strong>18.</strong></span> 
     </span>
    </p>
   </div>
   <div class='ocr_carea' id='block_1_104' title="bbox 188 5751 1229 5816">
    <p class='ocr_par' dir='ltr' id='par_1_104' title="bbox 188 5751 1229 5816">
     <span class='ocr_line' id='line_1_104' title="bbox 188 5751 1229 5816; baseline -0.001 -8"><span class='ocrx_word' id='word_1_840' title='bbox 188 5751 232 5783; x_wconf 83' lang='grc'><strong><em>⁸⁸</em></strong></span> <span class='ocrx_word' id='word_1_841' title='bbox 264 5753 438 5809; x_wconf 78' lang='lat' dir='ltr'><strong>Eccle.</strong></span> <span class='ocrx_word' id='word_1_842' title='bbox 479 5775 529 5810; x_wconf 73' lang='lat' dir='ltr'><strong>xl</strong></span> <span class='ocrx_word' id='word_1_843' title='bbox 579 5801 592 5816; x_wconf 86' lang='grc'><strong>,</strong></span> <span class='ocrx_word' id='word_1_844' title='bbox 629 5760 680 5812; x_wconf 91' lang='grc'><strong>8.</strong></span> <span class='ocrx_word' id='word_1_845' title='bbox 759 5759 801 5788; x_wconf 77' lang='grc'>⁸⁸</span> <span class='ocrx_word' id='word_1_846' title='bbox 835 5758 936 5812; x_wconf 77' lang='lat' dir='ltr'><strong>Job</strong></span> <span class='ocrx_word' id='word_1_847' title='bbox 979 5773 1115 5814; x_wconf 71' lang='lat' dir='ltr'><strong>xm.</strong></span> <span class='ocrx_word' id='word_1_848' title='bbox 1143 5759 1229 5809; x_wconf 69' lang='lat'><strong>‘20.</strong></span> 
     </span>
    </p>
   </div>
   <div class='ocr_carea' id='block_1_105' title="bbox 542 5853 1347 5912">
    <p class='ocr_par' dir='ltr' id='par_1_105' title="bbox 542 5853 1347 5912">
     <span class='ocr_line' id='line_1_105' title="bbox 542 5853 1347 5912; baseline 0 -1"><span class='ocrx_word' id='word_1_849' title='bbox 542 5854 810 5912; x_wconf 60' lang='lat' dir='ltr'><strong>Panos.</strong></span> <span class='ocrx_word' id='word_1_850' title='bbox 861 5857 976 5911; x_wconf 75' lang='lat' dir='ltr'><strong>Gn.</strong></span> <span class='ocrx_word' id='word_1_851' title='bbox 1029 5853 1347 5911; x_wconf 71' lang='grc' dir='ltr'><strong>ΙΧΧΧΙΧ.</strong></span> 
     </span>
    </p>
   </div>
   <div class='ocr_carea' id='block_1_106' title="bbox 1584 5692 2105 5747">
    <p class='ocr_par' dir='ltr' id='par_1_106' title="bbox 1584 5692 2105 5747">
     <span class='ocr_line' id='line_1_106' title="bbox 1584 5692 2105 5747; baseline -0.006 0"><span class='ocrx_word' id='word_1_852' title='bbox 1584 5692 1627 5720; x_wconf 82' lang='grc'><strong>⁶¹</strong></span> <span class='ocrx_word' id='word_1_853' title='bbox 1660 5693 1820 5746; x_wconf 88' lang='lat' dir='ltr'><strong>Prov.</strong></span> <span class='ocrx_word' id='word_1_854' title='bbox 1860 5709 1992 5747; x_wconf 75' lang='lat' dir='ltr'><strong>xvu.</strong></span> <span class='ocrx_word' id='word_1_855' title='bbox 2055 5693 2105 5745; x_wconf 75' lang='lat'><strong>5.</strong></span> 
     </span>
    </p>
   </div>
   <div class='ocr_carea' id='block_1_107' title="bbox 1307 5758 2410 5825">
    <p class='ocr_par' dir='ltr' id='par_1_107' title="bbox 1307 5758 2410 5825">
     <span class='ocr_line' id='line_1_107' title="bbox 1307 5758 2410 5825; baseline 0.005 -15"><span class='ocrx_word' id='word_1_856' title='bbox 1307 5758 1348 5788; x_wconf 81' lang='lat'>&quot;</span> <span class='ocrx_word' id='word_1_857' title='bbox 1385 5759 1537 5811; x_wconf 78' lang='lat' dir='ltr'><strong>Rom.</strong></span> <span class='ocrx_word' id='word_1_858' title='bbox 1576 5777 1658 5818; x_wconf 66' lang='lat' dir='ltr'><strong>vi.</strong></span> <span class='ocrx_word' id='word_1_859' title='bbox 1698 5762 1875 5815; x_wconf 70' lang='lat' dir='ltr'><strong>l7-9l.</strong></span> <span class='ocrx_word' id='word_1_860' title='bbox 1953 5764 1995 5792; x_wconf 84' lang='lat'><strong>“&#39;</strong></span> <span class='ocrx_word' id='word_1_861' title='bbox 2032 5762 2325 5825; x_wconf 78' lang='lat' dir='ltr'><strong>lCnr.\&#39;m,</strong></span> <span class='ocrx_word' id='word_1_862' title='bbox 2361 5764 2410 5816; x_wconf 79' lang='grc'><strong>6.</strong></span> 
     </span>
    </p>
   </div>
   <div class='ocr_carea' id='block_1_108' title="bbox 1848 4573 3419 4646">
    <p class='ocr_par' dir='ltr' id='par_1_108' title="bbox 1848 4573 3419 4646">
     <span class='ocr_line' id='line_1_108' title="bbox 1848 4573 3419 4646; baseline 0.004 -17"><span class='ocrx_word' id='word_1_863' title='bbox 1848 4575 2068 4646; x_wconf 86' lang='lat' dir='ltr'><strong>quando</strong></span> <span class='ocrx_word' id='word_1_864' title='bbox 2111 4574 2438 4628; x_wconf 88' lang='lat' dir='ltr'><strong>insultemus</strong></span> <span class='ocrx_word' id='word_1_865' title='bbox 2482 4573 2855 4644; x_wconf 80' lang='lat' dir='ltr'><strong>proximorum</strong></span> <span class='ocrx_word' id='word_1_866' title='bbox 2901 4578 3078 4640; x_wconf 89' lang='lat' dir='ltr'><strong>malis,</strong></span> <span class='ocrx_word' id='word_1_867' title='bbox 3110 4590 3172 4634; x_wconf 93' lang='lat' dir='ltr'><strong>ut</strong></span> <span class='ocrx_word' id='word_1_868' title='bbox 3212 4597 3280 4634; x_wconf 91' lang='lat' dir='ltr'><strong>ne</strong></span> <span class='ocrx_word' id='word_1_869' title='bbox 3319 4598 3419 4636; x_wconf 87' lang='lat' dir='ltr'><strong>nos</strong></span> 
     </span>
    </p>
   </div>
   <div class='ocr_carea' id='block_1_109' title="bbox 1848 4665 3416 4734">
    <p class='ocr_par' dir='ltr' id='par_1_109' title="bbox 1848 4665 3416 4734">
     <span class='ocr_line' id='line_1_109' title="bbox 1848 4665 3416 4734; baseline 0.003 -13"><span class='ocrx_word' id='word_1_870' title='bbox 1848 4669 1904 4721; x_wconf 93' lang='lat' dir='ltr'><strong>in</strong></span> <span class='ocrx_word' id='word_1_871' title='bbox 1925 4666 2142 4720; x_wconf 89' lang='lat' dir='ltr'><strong>easdem</strong></span> <span class='ocrx_word' id='word_1_872' title='bbox 2192 4665 2338 4718; x_wconf 86' lang='lat' dir='ltr'><strong>sinat</strong></span> <span class='ocrx_word' id='word_1_873' title='bbox 2374 4665 2468 4719; x_wconf 93' lang='lat' dir='ltr'><strong>Dei</strong></span> <span class='ocrx_word' id='word_1_874' title='bbox 2504 4665 2851 4734; x_wconf 80' lang='lat' dir='ltr'><strong>providentia</strong></span> <span class='ocrx_word' id='word_1_875' title='bbox 2900 4669 3069 4721; x_wconf 90' lang='lat' dir='ltr'><strong>semel</strong></span> <span class='ocrx_word' id='word_1_876' title='bbox 3114 4678 3170 4723; x_wconf 90' lang='lat' dir='ltr'><strong>et</strong></span> <span class='ocrx_word' id='word_1_877' title='bbox 3216 4672 3416 4726; x_wconf 87' lang='lat' dir='ltr'><strong>iterum</strong></span> 
     </span>
    </p>
   </div>
   <div class='ocr_carea' id='block_1_110' title="bbox 1850 4755 3418 4817">
    <p class='ocr_par' dir='ltr' id='par_1_110' title="bbox 1850 4755 3418 4817">
     <span class='ocr_line' id='line_1_110' title="bbox 1850 4755 3418 4817; baseline 0.003 -5"><span class='ocrx_word' id='word_1_878' title='bbox 1850 4757 2066 4813; x_wconf 88' lang='lat' dir='ltr'><strong>devolvi</strong></span> <span class='ocrx_word' id='word_1_879' title='bbox 2124 4755 2453 4809; x_wconf 90' lang='lat' dir='ltr'><strong>calmitates.</strong></span> <span class='ocrx_word' id='word_1_880' title='bbox 2507 4756 2632 4810; x_wconf 70' lang='lat' dir='ltr'><strong>Haec</strong></span> <span class='ocrx_word' id='word_1_881' title='bbox 2664 4757 2810 4810; x_wconf 92' lang='lat' dir='ltr'><strong>enim</strong></span> <span class='ocrx_word' id='word_1_882' title='bbox 2859 4757 2935 4811; x_wconf 88' lang='lat' dir='ltr'><strong>ait</strong></span> <span class='ocrx_word' id='word_1_883' title='bbox 2975 4759 3080 4813; x_wconf 79' lang='lat' dir='ltr'><strong>Job</strong></span> <span class='ocrx_word' id='word_1_884' title='bbox 3127 4777 3188 4813; x_wconf 71' lang='grc' dir='ltr'>τι</span> <span class='ocrx_word' id='word_1_885' title='bbox 3227 4762 3294 4815; x_wconf 84' lang='lat' dir='ltr'><strong>Et</strong></span> <span class='ocrx_word' id='word_1_886' title='bbox 3321 4778 3418 4817; x_wconf 86' lang='lat' dir='ltr'><strong>vos</strong></span> 
     </span>
    </p>
   </div>
   <div class='ocr_carea' id='block_1_111' title="bbox 1848 4846 3418 4917">
    <p class='ocr_par' dir='ltr' id='par_1_111' title="bbox 1848 4846 3418 4917">
     <span class='ocr_line' id='line_1_111' title="bbox 1848 4846 3418 4917; baseline 0.004 -16"><span class='ocrx_word' id='word_1_887' title='bbox 1848 4846 2155 4902; x_wconf 84' lang='lat' dir='ltr'><strong>accessistis</strong></span> <span class='ocrx_word' id='word_1_888' title='bbox 2170 4846 2237 4899; x_wconf 91' lang='lat' dir='ltr'><strong>ad</strong></span> <span class='ocrx_word' id='word_1_889' title='bbox 2273 4861 2359 4900; x_wconf 88' lang='lat' dir='ltr'><strong>me</strong></span> <span class='ocrx_word' id='word_1_890' title='bbox 2390 4847 2507 4900; x_wconf 91' lang='lat' dir='ltr'><strong>sine</strong></span> <span class='ocrx_word' id='word_1_891' title='bbox 2539 4848 2932 4912; x_wconf 87' lang='lat' dir='ltr'><strong>misericordia,</strong></span> <span class='ocrx_word' id='word_1_892' title='bbox 2959 4850 3144 4917; x_wconf 85' lang='lat' dir='ltr'><strong>itaque</strong></span> <span class='ocrx_word' id='word_1_893' title='bbox 3169 4851 3418 4908; x_wconf 83' lang='lat' dir='ltr'><strong>videntes</strong></span> 
     </span>
    </p>
   </div>
   <div class='ocr_carea' id='block_1_112' title="bbox 1848 4936 3417 5008">
    <p class='ocr_par' dir='ltr' id='par_1_112' title="bbox 1848 4936 3417 5008">
     <span class='ocr_line' id='line_1_112' title="bbox 1848 4936 3417 5008; baseline 0.003 -17"><span class='ocrx_word' id='word_1_894' title='bbox 1848 4938 2048 4991; x_wconf 90' lang='lat' dir='ltr'><strong>vulnus</strong></span> <span class='ocrx_word' id='word_1_895' title='bbox 2077 4951 2258 4990; x_wconf 90' lang='lat' dir='ltr'><strong>meum</strong></span> <span class='ocrx_word' id='word_1_896' title='bbox 2283 4936 2616 4990; x_wconf 82' lang='lat' dir='ltr'><strong>extimuistis</strong></span> <span class='ocrx_word' id='word_1_897' title='bbox 2638 4938 2704 4989; x_wconf 80' lang='lat'><strong>&quot;.</strong></span> <span class='ocrx_word' id='word_1_898' title='bbox 2723 4956 2739 4986; x_wconf 78' lang='grc' dir='ltr'><strong>ι</strong></span> <span class='ocrx_word' id='word_1_899' title='bbox 2775 4937 2884 4991; x_wconf 81' lang='lat' dir='ltr'><strong>Nos</strong></span> <span class='ocrx_word' id='word_1_900' title='bbox 2907 4938 3074 5008; x_wconf 86' lang='lat' dir='ltr'><strong>igitur</strong></span> <span class='ocrx_word' id='word_1_901' title='bbox 3102 4956 3225 4994; x_wconf 91' lang='lat' dir='ltr'><strong>cum</strong></span> <span class='ocrx_word' id='word_1_902' title='bbox 3256 4941 3417 4996; x_wconf 86' lang='lat' dir='ltr'><strong>beato</strong></span> 
     </span>
    </p>
   </div>
   <div class='ocr_carea' id='block_1_113' title="bbox 1852 5025 3416 5098">
    <p class='ocr_par' dir='ltr' id='par_1_113' title="bbox 1852 5025 3416 5098">
     <span class='ocr_line' id='line_1_113' title="bbox 1852 5025 3416 5098; baseline 0.003 -16"><span class='ocrx_word' id='word_1_903' title='bbox 1852 5027 2022 5082; x_wconf 86' lang='lat' dir='ltr'><strong>David</strong></span> <span class='ocrx_word' id='word_1_904' title='bbox 2053 5041 2296 5088; x_wconf 90' lang='lat' dir='ltr'><strong>oremus,</strong></span> <span class='ocrx_word' id='word_1_905' title='bbox 2339 5025 2589 5081; x_wconf 86' lang='lat' dir='ltr'><strong>dicentes</strong></span> <span class='ocrx_word' id='word_1_906' title='bbox 2634 5027 2786 5081; x_wconf 91' lang='lat' dir='ltr'><strong>Deo:</strong></span> <span class='ocrx_word' id='word_1_907' title='bbox 2823 5029 2942 5084; x_wconf 72' lang='lat' dir='ltr'><strong>«Ne</strong></span> <span class='ocrx_word' id='word_1_908' title='bbox 2971 5030 3193 5098; x_wconf 86' lang='lat' dir='ltr'><strong>abjicias</strong></span> <span class='ocrx_word' id='word_1_909' title='bbox 3243 5048 3329 5086; x_wconf 90' lang='lat' dir='ltr'><strong>me</strong></span> <span class='ocrx_word' id='word_1_910' title='bbox 3361 5033 3416 5087; x_wconf 93' lang='lat' dir='ltr'><strong>in</strong></span> 
     </span>
    </p>
   </div>
   <div class='ocr_carea' id='block_1_114' title="bbox 1854 5116 3417 5186">
    <p class='ocr_par' dir='ltr' id='par_1_114' title="bbox 1854 5116 3417 5186">
     <span class='ocr_line' id='line_1_114' title="bbox 1854 5116 3417 5186; baseline 0.004 -16"><span class='ocrx_word' id='word_1_911' title='bbox 1854 5126 2100 5186; x_wconf 89' lang='lat' dir='ltr'><strong>tempore</strong></span> <span class='ocrx_word' id='word_1_912' title='bbox 2127 5116 2448 5178; x_wconf 84' lang='lat' dir='ltr'><strong>senectutis,</strong></span> <span class='ocrx_word' id='word_1_913' title='bbox 2472 5131 2596 5170; x_wconf 91' lang='lat' dir='ltr'><strong>cum</strong></span> <span class='ocrx_word' id='word_1_914' title='bbox 2644 5117 2908 5172; x_wconf 80' lang='lat' dir='ltr'><strong>defecerit</strong></span> <span class='ocrx_word' id='word_1_915' title='bbox 2943 5119 3120 5174; x_wconf 88' lang='lat' dir='ltr'><strong>virtus</strong></span> <span class='ocrx_word' id='word_1_916' title='bbox 3161 5137 3300 5183; x_wconf 89' lang='lat' dir='ltr'><strong>mea,</strong></span> <span class='ocrx_word' id='word_1_917' title='bbox 3348 5139 3417 5176; x_wconf 87' lang='lat' dir='ltr'><strong>ne</strong></span> 
     </span>
    </p>
   </div>
   <div class='ocr_carea' id='block_1_115' title="bbox 1852 5209 3414 5284">
    <p class='ocr_par' dir='ltr' id='par_1_115' title="bbox 1852 5209 3414 5284">
     <span class='ocr_line' id='line_1_115' title="bbox 1852 5209 3414 5284; baseline 0.004 -22"><span class='ocrx_word' id='word_1_918' title='bbox 1852 5209 2203 5278; x_wconf 86' lang='lat' dir='ltr'><strong>lidcrenquas</strong></span> <span class='ocrx_word' id='word_1_919' title='bbox 2235 5224 2322 5263; x_wconf 91' lang='lat' dir='ltr'><strong>me</strong></span> <span class='ocrx_word' id='word_1_920' title='bbox 2347 5225 2360 5273; x_wconf 94' lang='lat'><strong>;</strong></span> <span class='ocrx_word' id='word_1_921' title='bbox 2389 5209 2513 5277; x_wconf 88' lang='lat' dir='ltr'><strong>quia</strong></span> <span class='ocrx_word' id='word_1_922' title='bbox 2535 5210 2793 5265; x_wconf 79' lang='lat' dir='ltr'><strong>dixerunt</strong></span> <span class='ocrx_word' id='word_1_923' title='bbox 2825 5211 3033 5268; x_wconf 92' lang='lat' dir='ltr'><strong>inimici</strong></span> <span class='ocrx_word' id='word_1_924' title='bbox 3065 5215 3221 5277; x_wconf 88' lang='lat' dir='ltr'><strong>mibi,</strong></span> <span class='ocrx_word' id='word_1_925' title='bbox 3246 5225 3300 5269; x_wconf 92' lang='lat' dir='ltr'><strong>et</strong></span> <span class='ocrx_word' id='word_1_926' title='bbox 3320 5217 3414 5284; x_wconf 91' lang='lat' dir='ltr'><strong>qui</strong></span> 
     </span>
    </p>
   </div>
   <div class='ocr_carea' id='block_1_116' title="bbox 1851 5300 3414 5367">
    <p class='ocr_par' dir='ltr' id='par_1_116' title="bbox 1851 5300 3414 5367">
     <span class='ocr_line' id='line_1_116' title="bbox 1851 5300 3414 5367; baseline 0.003 -12"><span class='ocrx_word' id='word_1_927' title='bbox 1851 5300 2236 5355; x_wconf 88' lang='lat' dir='ltr'><strong>custodiebant</strong></span> <span class='ocrx_word' id='word_1_928' title='bbox 2284 5301 2520 5353; x_wconf 90' lang='lat' dir='ltr'><strong>animam</strong></span> <span class='ocrx_word' id='word_1_929' title='bbox 2582 5315 2782 5367; x_wconf 89' lang='lat' dir='ltr'><strong>meam,</strong></span> <span class='ocrx_word' id='word_1_930' title='bbox 2834 5303 3123 5358; x_wconf 91' lang='lat' dir='ltr'><strong>consilium</strong></span> <span class='ocrx_word' id='word_1_931' title='bbox 3167 5304 3414 5360; x_wconf 83' lang='lat' dir='ltr'><strong>fecerunt</strong></span> 
     </span>
    </p>
   </div>
   <div class='ocr_carea' id='block_1_117' title="bbox 1852 5389 3416 5464">
    <p class='ocr_par' dir='ltr' id='par_1_117' title="bbox 1852 5389 3416 5464">
     <span class='ocr_line' id='line_1_117' title="bbox 1852 5389 3416 5464; baseline 0.004 -20"><span class='ocrx_word' id='word_1_932' title='bbox 1852 5393 1908 5444; x_wconf 91' lang='lat' dir='ltr'><strong>in</strong></span> <span class='ocrx_word' id='word_1_933' title='bbox 1939 5405 2106 5444; x_wconf 89' lang='lat' dir='ltr'><strong>unum</strong></span> <span class='ocrx_word' id='word_1_934' title='bbox 2137 5429 2152 5453; x_wconf 92' lang='lat'><strong>,</strong></span> <span class='ocrx_word' id='word_1_935' title='bbox 2188 5389 2474 5443; x_wconf 78' lang='lat' dir='ltr'><strong>dicentes:</strong></span> <span class='ocrx_word' id='word_1_936' title='bbox 2517 5391 2662 5444; x_wconf 91' lang='lat' dir='ltr'><strong>Deus</strong></span> <span class='ocrx_word' id='word_1_937' title='bbox 2711 5392 3006 5462; x_wconf 90' lang='lat' dir='ltr'><strong>dereliquit</strong></span> <span class='ocrx_word' id='word_1_938' title='bbox 3049 5410 3196 5458; x_wconf 88' lang='lat' dir='ltr'><strong>eum,</strong></span> <span class='ocrx_word' id='word_1_939' title='bbox 3232 5411 3416 5464; x_wconf 85' lang='lat' dir='ltr'><strong>perse-</strong></span> 
     </span>
    </p>
   </div>
   <div class='ocr_carea' id='block_1_118' title="bbox 1852 5480 3417 5556">
    <p class='ocr_par' dir='ltr' id='par_1_118' title="bbox 1852 5480 3417 5556">
     <span class='ocr_line' id='line_1_118' title="bbox 1852 5480 3417 5556; baseline 0.004 -22"><span class='ocrx_word' id='word_1_940' title='bbox 1852 5481 2082 5551; x_wconf 90' lang='lat' dir='ltr'><strong>quimini</strong></span> <span class='ocrx_word' id='word_1_941' title='bbox 2125 5491 2181 5534; x_wconf 88' lang='lat' dir='ltr'><strong>et</strong></span> <span class='ocrx_word' id='word_1_942' title='bbox 2224 5480 2671 5550; x_wconf 88' lang='lat' dir='ltr'><strong>comprehendite</strong></span> <span class='ocrx_word' id='word_1_943' title='bbox 2697 5498 2846 5549; x_wconf 91' lang='lat' dir='ltr'><strong>eum,</strong></span> <span class='ocrx_word' id='word_1_944' title='bbox 2886 5485 3014 5553; x_wconf 89' lang='lat' dir='ltr'><strong>quia</strong></span> <span class='ocrx_word' id='word_1_945' title='bbox 3057 5500 3166 5538; x_wconf 94' lang='lat' dir='ltr'><strong>non</strong></span> <span class='ocrx_word' id='word_1_946' title='bbox 3211 5497 3293 5541; x_wconf 89' lang='lat' dir='ltr'><strong>est</strong></span> <span class='ocrx_word' id='word_1_947' title='bbox 3325 5489 3417 5556; x_wconf 92' lang='lat' dir='ltr'><strong>qui</strong></span> 
     </span>
    </p>
   </div>
   <div class='ocr_carea' id='block_1_119' title="bbox 2185 5693 3411 5763">
    <p class='ocr_par' dir='ltr' id='par_1_119' title="bbox 2185 5693 3411 5763">
     <span class='ocr_line' id='line_1_119' title="bbox 2185 5693 3411 5763; baseline 0 -16"><span class='ocrx_word' id='word_1_948' title='bbox 2185 5695 2230 5722; x_wconf 76' lang='grc'><strong>⁸³</strong></span> <span class='ocrx_word' id='word_1_949' title='bbox 2270 5693 2570 5752; x_wconf 73' lang='lat' dir='ltr'><strong>Eecli.xrx.</strong></span> <span class='ocrx_word' id='word_1_950' title='bbox 2602 5694 2653 5746; x_wconf 79' lang='grc'><strong>5.</strong></span> <span class='ocrx_word' id='word_1_951' title='bbox 2767 5695 2813 5725; x_wconf 72' lang='grc'><strong>’⁵</strong></span> <span class='ocrx_word' id='word_1_952' title='bbox 2852 5695 3016 5749; x_wconf 74' lang='lat' dir='ltr'><strong>Eccll.</strong></span> <span class='ocrx_word' id='word_1_953' title='bbox 3095 5712 3234 5750; x_wconf 66' lang='lat' dir='ltr'><strong>xm:</strong></span> <span class='ocrx_word' id='word_1_954' title='bbox 3267 5739 3283 5763; x_wconf 89' lang='lat'><strong>,</strong></span> <span class='ocrx_word' id='word_1_955' title='bbox 3324 5699 3411 5757; x_wconf 66' lang='lat'><strong>3].</strong></span> 
     </span>
    </p>
   </div>
   <div class='ocr_carea' id='block_1_120' title="bbox 2489 5764 2896 5824">
    <p class='ocr_par' dir='ltr' id='par_1_120' title="bbox 2489 5764 2896 5824">
     <span class='ocr_line' id='line_1_120' title="bbox 2489 5764 2896 5824; baseline 0 -8"><span class='ocrx_word' id='word_1_956' title='bbox 2489 5765 2530 5792; x_wconf 72' lang='lat'><strong>&quot;</strong></span> <span class='ocrx_word' id='word_1_957' title='bbox 2568 5764 2669 5816; x_wconf 82' lang='lat' dir='ltr'><strong>Job</strong></span> <span class='ocrx_word' id='word_1_958' title='bbox 2697 5781 2779 5819; x_wconf 69' lang='lat' dir='ltr'><strong>XIX</strong></span> <span class='ocrx_word' id='word_1_959' title='bbox 2806 5805 2816 5824; x_wconf 86' lang='lat'><strong>,</strong></span> <span class='ocrx_word' id='word_1_960' title='bbox 2845 5767 2896 5817; x_wconf 74' lang='lat'><strong>2.</strong></span> 
     </span>
    </p>
   </div>
   <div class='ocr_carea' id='block_1_121' title="bbox 3064 5859 3132 5920">
    <p class='ocr_par' dir='ltr' id='par_1_121' title="bbox 3064 5859 3132 5920">
     <span class='ocr_line' id='line_1_121' title="bbox 3064 5859 3132 5920; baseline 0 0"><span class='ocrx_word' id='word_1_961' title='bbox 3064 5859 3132 5920; x_wconf 80' lang='lat'><strong>51</strong></span> 
     </span>
    </p>
   </div>
  </div>
