4178 6436
784 398 909 459 1612
2046 401 2403 459 ANTIOCHI
2450 401 2783 460 MONAIIIII
3896 410 4039 470 1612

776 517 976 582 ετῖιιὶίιι
1018 533 1031 577 ς
1061 514 1154 567 sed
1192 523 1271 577 tu,
1293 516 1434 570 Deus
1459 531 1633 578 meus,
1679 532 1747 569 ne
1796 515 2067 583 elongeris
2105 532 2133 567 a
2164 531 2248 568 me
2283 516 2349 575 ⁷ο,
2382 524 2422 575 Α

2387 524 2422 575 Λ
2459 515 2658 582 ἴδωμεν
2691 520 2784 567 καὶ
2823 520 3203 589 πιστεύσωμεν
3235 524 3315 585 είς
3346 524 3523 576 αὐτόν.
3575 545 3591 575 ι
3642 526 3698 579 ὐ
3729 527 3784 580 63-.
3822 533 4037 599 μακρό-

780 619 848 656 ne
872 604 1140 672 gaudeant
1169 620 1334 675 super
1361 623 1444 661 me
1472 610 1564 675 qui
1592 607 1952 660 adversantur
1978 607 2112 659 mihi
2140 606 2345 674 inique,

2456 606 2626 675 θυμος
2669 608 2873 677 Κύριος
2900 609 3094 679 ἔφερεν
3127 615 3224 679 τὴν
3275 616 3536 667 ἀπόνοιαν
3576 620 3777 683 αὐτῶν,
3804 622 3881 681 ὡς
3912 624 4037 686 ψιλ-

778 695 870 762 qni
902 694 1140 749 oderunt
1174 712 1260 750 mc
1296 697 1463 767 gratis
1490 699 1556 750 '“.
1598 716 1617 748 ι
1643 698 1709 751 Et
1741 698 1963 767 quidem
2014 706 2103 750 tua
2144 697 2345 749 virtute

2454 697 2757 766 ἅνθρωπος.
2812 700 2969 767 Αὖτῷ
3017 705 3049 770 ὴ
3103 702 3228 766 δόξα
3275 706 3354 769 είς
3396 708 3523 766 τοὺς
3556 710 3782 769 αἰῶνας.
3834 712 4034 782 Ἀμήν.

787 806 804 836 ι
838 787 1241 841 Convertantur
1299 797 1597 841 retrorsum
1636 789 1923 843 confestim
1971 787 2182 842 confusi
2225 787 2317 855 qui
2358 787 2706 843 dieuntmihi
2738 792 2946 861 :Euge,
3010 808 3146 861 euge
3178 796 3245 848 τ’.
3278 816 3295 846 ι
3369 797 3580 852 Nostrae
3620 800 3785 867 igitur
3848 811 4039 868 partes

779 886 929 941 sunt,
960 887 1015 932 ut
1061 889 1312 948 optemus
1365 880 1571 933 mundo
1628 881 1716 935 isti
1766 895 1885 934 esse
1935 878 2245 941 deridiculi,
2292 886 2352 929 ut
2391 878 2549 930 nobis
2594 881 2709 933 suis
2766 882 2990 939 insultet
3019 886 3226 946 sannis,
3270 903 3395 940 cum
3436 889 3658 942 interim
3728 891 3941 945 Scribm
3982 905 4039 947 et

780 972 1072 1040 pontiﬁces
1106 986 1205 1025 suo
1246 970 1339 1024 illo
1373 985 1528 1026 more
1572 972 1835 1024 insultant
1862 971 2099 1024 miseris.
2142 967 2447 1022 llludebant
2480 968 2646 1032 enim,
2684 973 2800 1037 ait,
2832 976 3119 1042 pontifices
3179 979 3246 1032 ad
3309 980 3541 1034 invicem
3608 997 3732 1034 eum
3799 982 4035 1045 Scribis,

777 1063 1063 1116 dicentes:
1101 1080 1119 1112 ι
1151 1061 1302 1113 Alios
1342 1061 1521 1114 salvos
1567 1060 1717 1121 fecit.
1769 1061 2011 1129 seipsum
2063 1074 2171 1113 non
2226 1064 2407 1125 potest
2475 1056 2682 1112 salvum
2745 1060 2927 1116 facere
2972 1082 2984 1116 :
3062 1064 3316 1121 Christus
3353 1085 3444 1122 rex
3504 1071 3668 1124 Israel
3731 1073 4038 1127 descendat

778 1167 927 1208 nunc
973 1155 1041 1206 de
1085 1167 1280 1214 cruce,
1330 1161 1393 1205 ut
1438 1152 1722 1205 videamus
1764 1160 1821 1204 et
1871 1151 2158 1203 credamus
2214 1147 2277 1197 ⁷³.
2308 1163 2327 1196 ι
2411 1144 2560 1199 Ilanc
2634 1148 2852 1202 illorum
2892 1154 3264 1207 vesanientem
3309 1156 3719 1213 insultationem
3769 1163 4032 1233 longani-

779 1249 942 1299 miter
971 1244 1237 1298 tolerabat
1280 1245 1550 1312 benignus
1598 1242 1881 1295 hominum
1921 1250 2132 1294 amator
2168 1235 2453 1291 Dominus
2489 1237 2591 1304 Ipsi
2626 1239 2797 1307 gloria
2834 1242 2887 1295 in
2923 1245 3116 1297 saecula
3174 1247 3524 1304 smeulorum.
3558 1252 3755 1307 Amen.

1206 1355 1421 1423 1119
1456 1353 1741 1408 IIOMILIA
1779 1354 1914 1410 LIX.

1779 1354 1914 1410 LIX.
3047 1360 3265 1412 ΛΟΓΟΣ
3297 1363 3416 1414 ΝΘ’.

779 1442 976 1496 Aliemv
1030 1443 1271 1509 felicitati
1333 1442 1780 1561 uggil'lntufmidum
1840 1458 1947 1492 esse
2002 1455 2048 1494 et
2115 1457 2340 1509 congau-

1479 1528 1690 1562 eurum.
1814 1528 1819 1531 ‘

1922 1458 1947 1492 ι’
2002 1455 2048 1494 ιιι
2115 1457 2340 1509 t'ongmt-
2888 1448 3019 1512 Περὲ
3058 1450 3164 1501 τοῦ
3200 1455 3572 1521 συγχαίρειν.

849 1604 1058 1657 Eximia
1088 1616 1218 1655 sane
1247 1602 1425 1654 virtus
1454 1616 1516 1653 ac
1549 1601 1661 1654 Deo
1703 1601 1805 1669 ipsi
1839 1615 1963 1653 eum
2002 1598 2196 1668 primis
2218 1614 2342 1667 gra-

2523 1601 2753 1669 Μεγάλη
2788 1604 2954 1672 ἀρετή
2993 1606 3140 1657 ἐστιν
3175 1610 3267 1658 καί
3295 1610 3589 1679 Οεὰρεστος
3610 1612 3671 1664 τὸ
3699 1617 4031 1685 συγχαίρειν

780 1696 916 1749 tiosa
933 1703 1037 1755 est,
1051 1701 1111 1745 ut
1133 1692 1200 1745 iis
1223 1690 1571 1761 congaudeas
1588 1701 1645 1746 et
1661 1691 2021 1761 aggratulere,
2042 1690 2135 1759 qui
2158 1700 2346 1743 tenore
2383 1724 2421 1779 Β

2383 1724 2421 1779 Β
2448 1698 2561 1757 τοῖς
2588 1693 2646 1750 εὖ
2686 1697 2913 1765 βιοῦσιν,
2956 1702 3049 1753 καὶ
3076 1702 3133 1752 ἐν
3174 1706 3292 1765 ταῖς
3323 1706 3566 1768 ὲ·.τολαῖς
3595 1707 3689 1760 τοῦ
3715 1708 3857 1762 Θεοῦ
3892 1729 4028 1781 προ-

779 1784 1022 1851 legitimo
1054 1782 1224 1835 vitam
1255 1781 1550 1835 instituunt
1580 1795 1757 1846 suam,
1789 1780 1993 1849 quique
2024 1779 2345 1848 quotidiana

2450 1785 2767 1848 κόπτουσιν,
2806 1787 2908 1840 κᾶν
2942 1789 3093 1856 παρά
3124 1806 3270 1843 τιτιν
3313 1792 3466 1845 οὐδὲν
3502 1794 3832 1861 λελόγισται.
3863 1779 3946 1851 Τὸή
3975 1800 4030 1853 δὲ

776 1874 1094 1928 accessione
1122 1879 1447 1942 promovent
1474 1872 1543 1926 ad
1569 1873 2011 1927 observationem
2053 1872 2149 1926 Dei
2190 1888 2345 1927 man-

2448 1876 2663 1945 ἀληθῶς
2686 1879 3030 1948 συγχαίρειν,
3063 1881 3205 1933 αὐτὰ
3240 1882 3309 1935 τὰ
3346 1882 3465 1952 ἴχνη
3493 1886 3595 1953 τῆς
3624 1888 3801 1954 ὅψεως
3834 1890 4028 1959 ἀριδή-

777 1964 1060 2024 datorum,
1113 1963 1328 2017 tametsi
1377 1978 1441 2017 ea
1497 1978 1585 2017 res
1641 1963 1785 2032 apud
1840 1964 2130 2032 plerosque
2188 1963 2346 2017 nihili

2448 1963 2550 2025 λως
2587 1963 2881 2019 δείκνυσιν.
2919 1966 2992 2019 Τὸ
3037 1968 3147 2036 γὰρ
3184 1970 3468 2039 θυμοειδὲς
3517 1976 3616 2043 τῆς
3665 1978 3900 2045 καρδίας
3933 1980 4028 2048 δη-

775 2052 1100 2106 :estimetur.
1136 2053 1407 2107 Utrumne
1463 2053 1752 2107 sinceriter
1783 2054 1941 2107 alteri
1978 2055 2343 2123 congaudeas,

2447 2054 2623 2109 λοῦσιν
2658 2056 2708 2108 οί
2759 2056 3053 2126 ὀφθαλμοὶ,
3091 2060 3231 2113 κατὰ
3268 2061 3330 2113 τὸ
3366 2058 3777 2133 γεγραμμένον,
3814 2088 3833 2117 σ
3870 2070 4027 2138 Καρ-

780 2144 894 2211 ipsa
936 2143 1163 2211 vestigia
1190 2144 1377 2197 vultus
1404 2143 1480 2196 tui
1512 2143 1647 2197 nihil
1686 2144 1924 2198 obscure
1968 2144 2228 2212 produnt.
2258 2144 2346 2198 Si-

2446 2146 2566 2209 δίας
2618 2148 3051 2218 εὐφραινομένης
3110 2152 3401 2220 πρόσωπον
3434 2154 3635 2213 θάλλει,
3681 2176 3699 2208 ι
3743 2159 3921 2213 Τοῦτο
3969 2161 4027 2213 δὲ

777 2230 999 2300 quidem
1061 2232 1154 2285 ira:
1221 2239 1317 2283 aut
1377 2230 1581 2284 furoris
1642 2231 2080 2286 incandescentia
2144 2231 2348 2287 insedit

2445 2235 2547 2304 τῆς
2578 2237 2789 2299 τελείας
2840 2240 3061 2309 ἀγάπης
3106 2241 3276 2305 ἐστὶν,
3332 2243 3394 2294 τὸ
3445 2247 3767 2316 συγχαίρειν
3823 2250 3925 2302 ἐπὶ
3957 2254 4024 2321 τῇ

776 2321 953 2385 cordi,
985 2321 1067 2374 vel
1106 2321 1205 2389 ipsi
1238 2321 1382 2374 oculi
1414 2321 1668 2375 omnibus
1702 2322 1939 2376 reddunt
1969 2322 2345 2392 perspicuum,

2448 2329 2698 2398 προκοπῇ
2734 2327 2832 2381 τοῦ
2872 2330 3125 2397 πλησίου.
3166 2333 3360 2384 Πολλοὶ
3389 2334 3499 2404 γὰρ
3531 2338 3589 2387 ἐν
3625 2340 3726 2407 μιᾷ
3765 2345 4024 2409 προκοπῇ

774 2414 926 2482 juxta
980 2411 1280 2480 Scriptura:
1322 2412 1653 2466 sententiam
1700 2432 1713 2465 :
1779 2432 1795 2464 ι
1841 2412 2020 2467 Corde
2070 2414 2349 2469 exhilara-

2447 2414 2620 2477 ὅντες,
2652 2416 2743 2468 καὶ
2778 2417 2993 2485 ἔχοντες
3030 2421 3169 2488 πρὶς
3211 2422 3473 2491 ἀλλήλους
3518 2426 3764 2496 ἀγάπην,
3800 2430 4028 2483 ἐπειδὰν

778 2518 863 2567 to,
920 2503 1206 2555 revirescit
1261 2502 1428 2555 facies
1468 2502 1533 2556 ’⁵.
1591 2522 1609 2553 ι
1666 2503 1925 2558 Perfecta:
1975 2514 2160 2560 autem
2214 2507 2347 2560 cha-

2449 2506 2646 2576 συνέϐη
2689 2507 2786 2560 ἕνα
2830 2507 2890 2573 ἐξ
2921 2510 3102 2562 αὐτῶν
3136 2516 3533 2585 περισσοτέρας
3583 2523 3775 2587 τυχεῖν
3820 2537 4027 2591 προκο-

779 2594 958 2647 ritatis
1007 2593 1218 2662 insigne
1255 2594 1357 2646 hoc
1398 2604 1514 2657 est,
1549 2594 1591 2647 si
1629 2595 1693 2647 ad
1727 2596 2098 2664 proximorum
2129 2614 2345 2667 promo-

2446 2598 2575 2667 πῆς,
2622 2600 2649 2651 ό
2684 2599 2871 2669 ἔτερος
2898 2603 2977 2664 είς
3012 2603 3072 2654 τὸ
3111 2603 3207 2655 τοῦ
3241 2607 3434 2671 φθόνου
3472 2608 3747 2678 βάραθρον
3786 2615 4027 2665 κατέπεη

779 2686 983 2736 tionem
1007 2682 1379 2747 exhilareseis,
1403 2698 1504 2737 nec
1535 2684 1721 2737 t‘ucato
1753 2686 2098 2753 perfunderis
2127 2687 2344 2756 gaudio.

2449 2704 2558 2743 σεν·
2583 2689 2612 2739 ὁ
2644 2689 2699 2742 δὲ
2725 2691 3039 2760 συγχαίρων
3063 2692 3282 2763 ἀληθῶς
3308 2696 3384 2765 τῷ
3406 2700 3787 2767 κατορθοῦντι,
3827 2707 4025 2775 ἐκτενῆ

779 2776 920 2828 Sunt
948 2774 1094 2826 enim
1124 2773 1392 2843 plerique,
1416 2774 1509 2841 qui
1539 2775 1762 2842 quidem
1785 2775 1890 2827 etsi
1922 2776 1975 2828 in
2008 2776 2347 2843 promotione

2446 2778 2611 2848 εὐχὴν
2640 2779 2999 2846 ἀδιαλείπτως
3041 2784 3184 2852 ὑπὲρ
3231 2788 3393 2840 αὑτοῦ
3440 2792 3740 2862 προσφέρει
3767 2795 3850 2864 τῷ
3883 2797 4024 2866 Θεῷ.

779 2865 910 2927 sint,
947 2864 1296 2931 habeantque
1338 2871 1583 2916 mutuam
1612 2864 1755 2915 illam
1785 2879 1913 2933 erga
1937 2863 2133 2918 fratres
2164 2865 2347 2917 chari-

2447 2868 2642 2933 Καθὼς
2680 2873 2772 2924 καὶ
2813 2874 2840 2925 ό
2874 2876 3150 2947 μακάριος
3184 2878 3414 2942 Παῦλος,
3471 2886 3788 2952 συγχαίρων
3835 2892 3985 2941 τισὶν
4010 2930 4024 2952 ,

782 2960 976 3015 tatem;
1012 2951 1101 3003 ubi
1139 2959 1319 3002 tamen
1352 2949 1587 3018 primum
1616 2951 1887 3020 contingit
1912 2968 2081 3004 unttm
2108 2953 2346 3020 aliquem

2446 2961 2652 3028 ἔλεγεν·
2693 2982 2709 3013 ι
2752 2962 2915 3017 Ὥστε
2950 2968 3098 3033 ἡμᾶς
3144 2970 3341 3031 αὐτοὺς
3400 2976 3709 3040 καυχᾶσθαι
3774 2980 3836 3029 ἐν
3900 2985 4026 3043 ταῖς

778 3060 845 3097 ex
884 3043 1016 3111 ipsis
1054 3041 1320 3109 ampliore
1355 3041 1561 3109 perfrui
1594 3044 1956 3109 promotione,
2000 3044 2090 3098 ille
2120 3045 2259 3098 alter
2289 3046 2342 3097 in
2374 3051 2416 3105 C

2378 3051 2416 3105 C
2463 3050 2825 3129 Ἐκκλησίαις
2863 3053 2957 3106 τοῦ
3009 3055 3146 3108 Θεοῦ
3207 3061 3333 3128 περὶ
3383 3062 3483 3128 τῆς
3530 3064 3811 3133 ὑπομονῆς
3874 3071 4028 3137 ὑμῶν

781 3138 1017 3190 immane
1060 3151 1155 3204 per
1192 3135 1296 3188 hoc
1335 3134 1577 3189 concidit
1615 3136 1833 3190 invidia:
1869 3136 2212 3192 barathrum.
2248 3136 2345 3202 Qui

2451 3144 2544 3195 καὶ
2575 3142 2810 3206 πίστεως
2856 3146 2915 3195 ἐν
2947 3148 3082 3199 πᾶσι
3130 3151 3242 3211 τοῖς
3297 3150 3558 3220 διωγμοῖς
3599 3156 3773 3222 ὑμῶν,
3809 3153 3895 3221 οἷς
3938 3162 4029 3212 ἀν-

779 3234 962 3280 autem
1009 3226 1147 3279 citra
1188 3224 1371 3278 fucum
1414 3225 1584 3279 ullum
1633 3226 1883 3294 proximo
1933 3226 2349 3296 congratulatur

2453 3231 2674 3301 έχεσθε,
2712 3232 2975 3303 ἔνδειγμα
3023 3236 3120 3305 τῆς
3155 3237 3551 3309 δικαιοκρισίας
3610 3245 3795 3307 αυτοῦ,
3836 3251 3919 3311 εἰς
3967 3250 4028 3302 τὸ

782 3327 931 3372 recte
977 3315 1223 3385 fungenti
1270 3314 1470 3380 oﬂicio,
1519 3331 1619 3385 pro
1669 3317 1764 3370 illo
1810 3333 2031 3386 quoque
2082 3318 2349 3372 intentam

2451 3322 2858 3392 καταξιωθῆναι
2898 3326 2999 3395 τῆς
3052 3326 3327 3396 βασιλείας
3381 3332 3471 3383 τοῦ
3514 3334 3670 3389 θεοῦ.
3724 3357 3741 3388 ι
3791 3338 4026 3408 Ὁμοίως

780 3408 894 3461 Deo
935 3414 991 3460 et
1043 3406 1370 3459 indivulsam
1428 3407 1592 3462 offert
1647 3409 1980 3473 orationem,
2037 3415 2347 3482 exemplum

2451 3414 2545 3466 καὶ
2576 3414 2985 3485 Φιλιππησίοις,
3033 3437 3050 3468 ι
3095 3420 3232 3471 ’Λλλ’
3264 3424 3309 3473 εξ
3346 3424 3437 3473 καὶ
3478 3425 3803 3494 σπένδομαι.
3838 3434 4024 3500 φησὶν,

780 3508 1004 3552 secutus
1072 3496 1217 3549 beati
1286 3497 1440 3551 Pauli
1509 3498 1838 3565 quibusdam
1889 3503 2346 3569 eongratulantis,

2450 3502 2544 3555 ἐπὶ
2570 3506 2635 3572 τῇ
2662 3503 2823 3573 θυσία
2857 3507 2952 3557 καὶ
2972 3506 3284 3579 λειτουργία
3307 3512 3403 3578 τῆς
3430 3511 3663 3576 πίστεως
3693 3518 3876 3585 ὑμῶν,
3900 3496 4028 3588 χαί-

784 3600 945 3657 atque
967 3587 1241 3641 dicentis:
1272 3606 1290 3637 ι
1314 3588 1393 3640 Ita
1425 3597 1487 3641 ut
1515 3596 1569 3640 et
1604 3604 1706 3643 nos
1741 3590 1842 3658 ipsi
1883 3590 1936 3643 in
1970 3592 2124 3645 vobis
2152 3593 2349 3661 glorie-

2416 3668 2419 3671 γ
2455 3610 2532 3662 ρω
2568 3595 2661 3646 καὶ
2695 3596 2980 3665 συγχαίρω
3012 3600 3179 3650 πᾶσιν
3207 3601 3353 3669 ὑμῖν.
3388 3602 3461 3654 Τὸ
3499 3605 3631 3656 αὐτὸ
3656 3606 3711 3657 δὲ
3738 3609 3836 3659 καὶ
3866 3611 4026 3679 ὑμεῖς

784 3697 908 3733 mur
952 3680 1006 3733 in
1053 3678 1314 3733 Eeclesiis
1347 3680 1440 3732 Dei
1487 3695 1587 3749 pro
1623 3680 1886 3748 patientia
1918 3694 2121 3745 vestra,
2157 3692 2212 3736 et
2244 3683 2348 3738 fide

2452 3686 2671 3754 χαίρετε
2721 3689 2816 3740 καὶ
2853 3690 3179 3759 συγχαίρετέ
3234 3710 3345 3760 μοι.
3380 3695 3591 3765 ’Ὡςπερ
3634 3701 3743 3767 γὰρ
3778 3703 3849 3753 τὰ
3887 3704 4025 3775 μέλη

783 3774 837 3826 in
866 3772 1123 3825 omnibus
1137 3771 1617 3841 perseeutionibus
1640 3773 1861 3836 vestris,
1885 3788 2022 3841 quas
2038 3774 2347 3841 sustinetis,

2454 3776 2792 3843 μεριμνῶσιν
2819 3778 2960 3847 ὑπὲρ
2989 3779 3254 3849 ἁλλήλωψ
3292 3784 3386 3835 καὶ
3414 3786 3525 3837 εἴτε
3550 3788 3733 3857 χαίρει
3764 3790 3822 3841 ἓν
3838 3771 4022 3861 μέλος,

783 3864 837 3917 in
869 3864 1179 3931 exemplum
1210 3862 1341 3932 justi
1382 3862 1577 3931 judicii
1619 3862 1825 3931 ipsius,
1863 3872 1923 3917 ut
1955 3864 2104 3935 digni
2140 3866 2343 3920 habea-

2454 3866 2740 3935 συγχαίρει
2784 3867 2966 3920 πάντα
3006 3868 3074 3920 τὰ
3112 3872 3279 3941 μέληο
3336 3875 3444 3925 εἴτε
3497 3879 3695 3946 πάσχει
3741 3879 3799 3932 ἒν
3839 3883 4020 3948 μέλος,

781 3955 917 4009 mini
956 3970 1127 4022 regno
1156 3953 1252 4007 Dei
1278 3953 1346 4006 ⁷⁵,
1388 3972 1404 4003 ι
1448 3953 1557 4007 Nec
1587 3969 1745 4007 secus
1791 3954 1857 4008 ad
1911 3955 2295 4025 Philippenses
2332 3976 2345 4012 :

2453 3958 2766 4024 συμπάσχει
2800 3960 2978 4011 πάντα
3014 3958 3080 4011 τὰ
3115 3960 3276 4030 μέλη·
3301 3962 3473 4026 οὕτως
3503 3968 3595 4018 καὶ
3622 3970 3783 4037 ἡμεῖς
3810 3974 4022 4041 χαίρειν

787 4063 803 4093 ι
838 4042 941 4096 Sed
975 4042 1077 4095 etsi
1108 4040 1359 4094 immolor
1381 4055 1545 4109 supra
1575 4040 1905 4094 sacrificium
1935 4051 1990 4095 et
2020 4043 2346 4113 obsequium

2454 4045 2590 4112 μετὰ
2621 4048 2936 4115 χαιρόντων,
2968 4050 3061 4102 καὶ
3091 4049 3302 4104 κλαίειν
3353 4056 3491 4122 μετὰ
3530 4040 3843 4113 κλαιόντων
3877 4040 4020 4131 dipsi-

786 4134 912 4186 lidei
939 4142 1157 4194 vestrae,
1181 4131 1391 4200 gaudeo
1421 4140 1476 4185 et
1505 4132 1857 4200 congratulor
1882 4133 2138 4187 omnibus
2171 4135 2345 4188 vobis.

2450 4136 2634 4204 λομεν.
2668 4138 2798 4201 Καὶ,
2832 4158 2849 4189 ‹
2893 4142 2969 4211 Τῇ
3023 4146 3153 4212 τιμῇ
3202 4145 3467 4213 ἀλλήλους
3505 4153 3953 4219 προηγούμενοι,
3997 4176 4014 4207 ι

781 4224 1022 4292 ldipsum
1096 4230 1277 4274 autem
1338 4228 1395 4274 et
1460 4235 1555 4274 vos
1614 4220 1844 4289 gaudete
1899 4230 1954 4275 et
2010 4224 2348 4292 congaudete

2451 4225 2819 4293 ὑπερέχοντας
2860 4228 3089 4285 ἑαυτῶν.
3128 4232 3287 4284 Ἀλλὰ
3322 4235 3416 4286 καὶ
3469 4237 3781 4305 Κορινθίους
3833 4247 4015 4311 φησίν·

782 4316 916 4367 mihi
938 4315 983 4346 ⁷⁸
1012 4331 1024 4364 :
1055 4311 1516 4382 quemadmodum
1547 4312 1693 4365 enim
1729 4313 1993 4376 membra,
2031 4314 2127 4377 ait,
2155 4330 2255 4383 pro
2287 4331 2342 4369 se
2377 4368 2418 4421 υ

783 4407 809 4421 -,
1060 4401 1281 4421 “mu-
1515 4408 1560 4421 _.
1597 4401 1705 4421 4---
1742 4401 1933 4421 μηι-.
2106 4420 2133 4421 η
2242 4420 2305 4421 γη

2377 4368 2418 4421 υ
2459 4332 2477 4363 ι
2514 4317 2586 4365 Οὐ
2618 4315 2888 4421 vaga-ila
2925 4320 3207 4421 γράφομεν
3238 4324 3385 4421 υμῖν,
3428 4326 3545 4377 ἀλλ’
3595 4328 3627 4397 ῆ
3675 4331 3710 4382 ἂ
3743 4335 4013 4399 ἀναγινώ-

782 4405 1014 4457 invicem
1056 4401 1287 4455 sollicita
1324 4410 1480 4463 sunt,
1509 4408 1566 4453 et
1595 4401 1709 4454 sive
1736 4401 1936 4470 gaudet
1972 4418 2142 4456 unum
2174 4420 2344 4458 mem-
2377 4401 2417 4421 "

2377 4401 2417 4421 "
2454 4422 2632 4468 σκετε,
2668 4406 2761 4458 καὶ
2785 4409 3195 4474 ἐπιγινώσκετε.
3254 4415 3490 4478 Ἐλπίζω
3538 4418 3594 4470 δὲ
3628 4421 3708 4473 ὅτι
3763 4426 3861 4476 καὶ
3917 4428 4014 4488 ἕως

782 4494 973 4555 brutn,
1028 4491 1375 4559 congaudent
1427 4491 1607 4543 omnia
1656 4490 1933 4556 membra;
1981 4493 2096 4546 sive
2138 4496 2347 4561 patitur

2450 4495 2635 4557 τέλους
2667 4498 3056 4564 ἐπιγνώσεσθε,
3092 4502 3271 4564 καθὼς
3298 4506 3391 4556 καὶ
3426 4507 3703 4574 ἐπέγνωτε
3735 4513 3885 4579 ἡμᾶς
3915 4518 4015 4567 ἀπὸ

782 4601 949 4638 unum
988 4583 1314 4643 membrum,
1351 4582 1761 4649 compatiuntur
1788 4582 1971 4635 omnia
2004 4584 2250 4636 membra
2267 4585 2343 4649 "";

2456 4586 2684 4655 μέρους,
2729 4589 2809 4640 ὅτι
2858 4589 3118 4658 καύχημα
3172 4592 3323 4660 ὑμῶν
3376 4598 3561 4661 ἐσμεν·
3614 4602 3870 4670 καθάπερ
3927 4610 4013 4658 καὶ

780 4675 859 4728 sic
884 4683 939 4725 et
969 4688 1068 4724 nos
1092 4671 1327 4739 gaudere
1358 4686 1481 4723 cum
1506 4670 1891 4739 gaudentibus,
1918 4671 2049 4725 flere
2074 4688 2197 4726 eum
2222 4673 2347 4727 fleu-

2455 4677 2609 4742 ὑμεῖς
2641 4677 2795 4745 ἡμῶν
2846 4679 2905 4729 ἐν
2948 4683 3014 4749 τῇ
3057 4682 3236 4751 ἡμέρα
3270 4683 3362 4735 τοῦ
3400 4687 3601 4755 Κυρίου
3647 4692 3809 4758 ἡμῶν
3846 4695 4011 4763 Ἰησοῦ

784 4764 928 4817 tibus
970 4763 1236 4815 debemus
1264 4760 1329 4814 ⁷⁸.
1361 4780 1378 4810 ι
1411 4762 1519 4814 Et:
1557 4780 1573 4810 ι
1608 4761 1825 4815 IIonore
1862 4763 2098 4817 invicem
2142 4780 2350 4833 prteve-

2456 4766 2711 4835 Χριστοῦ.
2743 4770 2852 4820 Καὶ
2875 4769 3043 4839 ταύτῃ
3080 4775 3141 4841 τῇ
3173 4775 3491 4842 πεποιθιῇσει
3519 4779 3823 4849 ἐϐουλόμην
3846 4785 4013 4837 ἐλθεῖν

781 4856 995 4909 hiemes
1018 4854 1060 4885 ⁷⁸
1087 4872 1098 4906 :
1131 4873 1148 4903 ι
1182 4867 1277 4906 eos
1314 4851 1575 4905 nimirum
1608 4852 1700 4920 qui
1738 4854 1898 4906 nobis
1928 4855 2061 4922 ipsis
2094 4857 2344 4923 przeemi-

2450 4853 2511 4906 τὸ
2543 4858 2806 4926 πρότερον
2834 4859 2969 4928 πρὸς
2998 4861 3164 4926 ὑμᾶς,
3200 4862 3283 4913 ἵνα
3314 4864 3574 4934 δευτέραν
3611 4871 3787 4938 χαρὰν
3830 4874 4010 4941 σχῆτε,

783 4953 934 4996 nent.
972 4942 1078 4996 Sed
1109 4951 1165 4995 et
1192 4941 1491 4996 Corinthiis
1514 4943 1623 4995 ait:
1658 4961 1674 4989 ι
1710 4942 1827 4995 Νοιι
1872 4943 2019 4996 enim
2060 4945 2164 4997 alia
2210 4946 2345 4999 seri-

2452 4947 2725 5008 πεποιθὼς
2754 4949 2847 5000 ἐπὶ
2873 4950 3073 5013 πάντας
3109 4951 3276 5019 ὑμᾶς,
3313 4955 3391 5005 ὅτι
3418 4958 3450 5023 ἡ
3483 4958 3586 5026 ἐμὴ
3622 4960 3767 5028 χαρὰ
3805 4965 4012 5018 πάντων

785 5036 963 5087 bimus
989 5033 1144 5086 vobis
1171 5040 1368 5101 printer
1392 5046 1456 5086 ea
1484 5047 1605 5101 quae
1638 5041 1692 5085 et
1724 5032 1904 5100 legitis
1934 5042 1989 5087 et
2013 5037 2343 5103 agnoscitis;

2455 5037 2607 5105 ὑμῶν
2645 5040 2809 5092 ἐστιν.
2852 5058 2869 5090 ι
2900 5040 3212 5110 Γέγραπται
3237 5044 3293 5096 δὲ
3325 5046 3418 5096 καὶ
3446 5049 3503 5097 ἐν
3527 5048 3603 5117 τῷ
3635 5052 3779 5103 κατὰ
3805 5054 4014 5109 Λουκᾶν

782 5139 945 5192 spero
975 5132 1177 5185 autem,
1211 5123 1337 5189 quia
1384 5130 1441 5175 et
1467 5137 1644 5190 usque
1690 5121 1743 5175 in
1783 5122 1947 5175 finem
1981 5127 2344 5193 cognoscetis,

2457 5130 2788 5199 Εὑατίγελίῳ,
2828 5149 2845 5182 ι
2903 5133 2987 5193 Ὠς
3020 5133 3075 5185 δὲ
3118 5136 3469 5203 ἐπλήσθησαν
3503 5141 3559 5192 αἱ
3589 5142 3793 5212 ἡμέραι
3820 5145 3915 5197 τοῦ
3942 5164 4014 5198 τε-

784 5214 928 5267 sicut
972 5224 1030 5266 et
1078 5212 1413 5281 cognovistis
1452 5226 1519 5265 ex
1555 5220 1739 5280 parte,
1784 5213 1911 5281 quia
1949 5214 2119 5283 gloria
2164 5226 2346 5269 vestra

2456 5220 2570 5268 κεῖν
2605 5218 2704 5284 τὴν
2752 5217 3053 5283 Ἐλιοαϐἐτ,
3087 5222 3182 5274 καὶ
3217 5224 3505 5293 ἐγέννησεν
3557 5227 3692 5291 υἱον,
3726 5231 3822 5283 καὶ
3859 5234 4013 5300 ﬁxo:-

785 5316 996 5363 sumus,
1043 5301 1185 5354 sicut
1226 5309 1282 5355 et
1322 5314 1421 5354 vos
1458 5309 1644 5352 nostra
1694 5300 1747 5353 in
1787 5300 1877 5355 die
1922 5302 2140 5355 Domini
2174 5305 2346 5356 nostri

2458 5323 2553 5359 σαν
2586 5310 2633 5359 οἱ
2666 5309 2954 5377 περίοικοι,
2989 5311 3081 5362 καὶ
3112 5313 3160 5363 oi
3202 5318 3482 5381 συγγενεῖς
3518 5317 3706 5387 αὐτῆς,
3746 5322 3842 5373 καὶ
3892 5339 4011 5373 συν-

784 5391 912 5443 Jesu
956 5389 1162 5444 Christi
1200 5406 1213 5441 :
1249 5397 1303 5442 et
1356 5389 1459 5442 hac
1503 5388 1834 5443 confidentia
1884 5391 2135 5444 volebam
2196 5394 2351 5462 prius

2457 5398 2674 5467 ἐχαιρον
2700 5398 2859 5468 αὐτῇ.
2898 5420 2914 5450 ι
2954 5400 3108 5453 Οὕτω
3152 5404 3261 5471 γὰρ
3302 5405 3536 5473 νομίμου
3582 5407 3767 5475 φιλίας
3798 5410 4012 5479 θεσμδς,

786 5483 975 5536 venire
1022 5482 1091 5535 ad
1123 5496 1221 5535 vos
1267 5490 1326 5533 ut
1359 5480 1656 5535 secundam
1694 5481 1926 5548 gratiam
1963 5482 2239 5538 haberetis
2273 5486 2338 5550 ³ο,

2460 5489 2552 5542 καὶ⁵
2583 5491 2735 5543 κοινὰ
2784 5491 3051 5545 ποιεῖσθαι
3088 5493 3155 5546 τὰ
3192 5495 3298 5546 τῶν
3325 5497 3685 5567 φιλουμένων.
3722 5503 3833 5553 Καὶ
3862 5505 4013 5565 αὐτὸς

889 5614 1107 5693 j°__lfsal.
1137 5629 1257 5693 ιιι..
1293 5612 1440 5693 θςίὲ.
1470 5679 1509 5693 η
1542 5613 1597 5693 :1
1613 5613 1753 5693 Psal.
1789 5615 2075 5693 xxxiv._l_9.
2100 5686 2155 5693 η
2189 5619 2234 5647 ’⁸
2276 5619 2414 5693 Psal.
2448 5637 2623 5693 xxxix.
2662 5623 2747 5693 Hi.
2834 5624 2897 5693 Α⁷³
2933 5624 3120 5677 Matth.
3176 5642 3337 5684 χχι-ιι.
3370 5627 3458 5679 42.
3564 5630 3608 5660 ⁷⁸
3641 5630 3805 5685 Prov.
3841 5648 3926 5693 xv,
3960 5636 4007 5688 3.

789 5686 831 5715 ²⁵
863 5685 904 5739 ll
936 5684 1128 5736 Thess.
1163 5683 1276 5739 1.4,
1307 5682 1358 5733 Si.
1470 5679 1776 5751 "Philipp.
1843 5700 1898 5747 ιι,
1958 5684 2045 5747 I7,
2097 5686 2175 5739 18.
2297 5689 2334 5717 ⁷⁷
2369 5690 2384 5741 l
2417 5694 2436 5743 ι

786 5751 1122 5808 ³³11(1οτ.ι.
1154 5752 1328 5803 15-15.

2369 5690 2384 5741 Ι
2417 5692 2541 5743 (lor.
2578 5708 2668 5752 xu,
2700 5692 2788 5753 ‘23,
2824 5691 2909 5745 ΞΟ.
3031 5695 3071 5723 ⁷⁸
3114 5695 3268 5747 Ιιοιιι.
3303 5679 3426 5759 "XII,
3488 5697 3574 5751 15.
3641 5679 4009 5757 Ἶίίιᾷίᾶῗιὸξ
