4178 6436
768 431 904 490 1615

2039 426 2397 488 ANTIOCHI
2446 425 2784 486 MthAi’Iiil

3887 419 4011 482 1616

765 544 891 590 tuus
940 543 1161 605 propter
1203 541 1254 590 te
1299 537 1679 600 contristatur,
1726 551 1834 589 non
1879 537 1988 606 jam
2031 535 2332 590 secundum

2442 534 2621 603 lvo/p;
2657 533 2811 587 ἔσται
2844 535 2921 596 είς
2948 533 3043 602 τὴν
3074 533 3295 601 γέενναν
3342 529 3434 584 τοῦ
3496 533 3682 600 πυρός.
3723 549 3738 579 s
3779 530 3892 582 Και
3920 537 4011 582 ιπ-

760 629 1083 681 charitatem
1134 627 1384 682 ambulas
1415 629 1480 681 ".
1527 647 1543 678 s
1581 627 1723 682 llieit
1773 637 1956 682 autem
2014 625 2277 681 Dominus
2319 640 2328 677 τ

769 739 782 765 ε
824 715 1015 772 thimis
1043 719 1137 788 qui
1173 719 1428 772 irascitur
1455 717 1608 771 fratri
1643 733 1762 784 suo,
1800 733 1928 772 reus
1956 717 2063 772 erit
2092 715 2334 789 judicio;

759 807 850 876 qui
914 817 1097 863 autem
1157 809 1359 863 dixerit
1417 807 1570 863 fratri
1623 822 1752 873 stto,
1811 807 1984 873 itaca,
2047 822 2176 863 reus
2228 804 2333 861 erit

760 899 1030 964 roncilio;
1056 899 1147 970 qui
1175 913 1306 954 vero
1325 897 1546 963 dixerit,
1569 898 1756 959 Fatue.
1777 913 1905 953 rcus
1926 899 2034 954 erit
2056 897 2108 953 in
2132 897 2336 969 gehen-

761 1004 884 1044 nam
926 989 1066 1060 ignis
1095 989 1160 1046 "'.
1201 1007 1220 1044 ι
1257 989 1471 1047 lndueit
1505 1007 1516 1045 :
1559 1011 1574 1043 ι
1606 992 1661 1047 Si
1709 991 1877 1060 igitur
1907 990 2107 1045 offeras
2136 1001 2335 1043 munus

761 1089 916 1135 tuum
966 1089 1095 1136 ante
1140 1081 1330 1147 altare,
1377 1089 1430 1135 ct
1478 1079 1590 1137 illic
1633 1079 1954 1136 recordatus
1978 1077 2168 1133 Fueris
2204 1076 2332 1146 quia

2444 624 2587 688 άγει,
2626 639 2642 674 ι
2672 621 2793 675 Ἐὰν
2813 615 2906 675 οὖν
2939 622 3256 693 προσφέρῃς
3282 619 3343 672 τὸ
3373 618 3542 689 δῶρόν
3571 633 3663 672 σου
3704 619 3797 671 επὶ
3823 617 3886 671 τὸ
3926 619 4013 670 ου-

2440 715 2783 784 σιαστήριον,
2821 713 2983 767 κάκεῖ
3015 709 3278 783 μνησθεὶς
3309 711 3389 764 δτι
3422 711 3530 779 έχει
3575 725 3629 763 τι
3673 711 3817 762 κατὰ
3856 704 3952 761 σοῦ
3992 706 4020 758 6

2436 805 2662 874 ἁδελφός
2694 819 2809 871 σου,
2841 804 2977 875 ἄφες
3010 803 3129 857 εκεῖ
3148 801 3209 857 τὸ
3238 801 3410 872 δῶρόν
3449 816 3545 855 σου
3579 797 3900 870 ιμπροσθεν
3925 795 4017 851 τοῦ

2436 895 2862 968 θυσιαστηρίου,
2913 894 3010 951 καὶ
3062 893 3266 964 ὕπαγε,
3314 893 3534 966 πρῶτον
3583 891 3915 961 διαλλάγηθι
3945 890 4021 958 τῷ

2434 985 2651 1058 ἀδελφῷ
2676 1003 2789 1053 σου,
2816 987 2910 1042 καὶ
2939 988 3059 1042 τότε
3086 983 3254 1040 έλοὼν
3276 985 3551 1056 πρόσφερε
3582 982 3643 1037 τι
3661 981 3736 1038 δῶ
3747 981 3839 1054 ρον
3861 995 3979 1034 σου.
3999 997 4015 1030 s

2434 1079 2591 1149 Λύτῷ
2621 1079 2654 1150 η
2690 1077 2816 1144 δόξα
2845 1079 2924 1142 είς
2955 1079 3080 1141 τοὺς
3113 1075 3333 1140 αίῶνας.
3391 1077 3587 1147 Ἀμην.

759 1171 927 1228 habet
955 1168 1161 1242 aliquid
1203 1170 1496 1226 adversum
1532 1179 1585 1228 te
1623 1171 1794 1228 frater
1858 1181 2005 1233 tuus,
2072 1166 2291 1223 dimitte
2332 1167 2408 1225 ibi
2447 1185 2649 1224 munus
2679 1179 2832 1225 tuum
2857 1181 2982 1224 ante
3026 1169 3218 1234 altare,
3248 1178 3303 1223 ct
3332 1165 3470 1222 vade
3501 1177 3655 1238 prius
3682 1175 3742 1220 ut
3772 1162 4016 1218 reconci-

761 1263 914 1318 licris
965 1261 1118 1317 fratri
1178 1270 1298 1328 tuo,
1354 1269 1410 1317 et
1459 1269 1590 1318 tunc
1647 1260 1878 1318 veniens
1940 1260 2078 1316 offer
2135 1272 2339 1314 munus
2379 1261 2613 1316 tuum“.
2647 1279 2665 1313 ι
2728 1259 3175 1316 Deumnostrum
3209 1257 3435 1315 addecet
3494 1257 3688 1329 gloria,
3729 1257 3785 1311 in
3823 1254 4022 1310 secula

761 1356 1112 1409 armentorum.
1143 1351 1337 1409 Amen.

1191 1463 1232 1534 ι
1247 1463 1396 1535 121
1452 1460 1731 1520 ιιοΜιιιΑ
1774 1462 1909 1522 LXI.

1167 1573 1308 1641 Vide,
1342 1575 1432 1629 tibi
1462 1575 1561 1646 ipsi
1597 1583 1651 1628 ut
1676 1571 1941 1627 attendas.

834 1695 991 1752 Nulla
1025 1709 1133 1749 non
1171 1693 1225 1749 in
1260 1709 1320 1751 re
1370 1702 1631 1751 attentam
1667 1693 1748 1750 sui
1799 1691 1975 1765 ipsius
2010 1707 2199 1765 gerere
2243 1707 2339 1748 eu-

768 1803 902 1852 rain,
955 1801 1042 1841 res
1084 1783 1306 1856 quidem
1362 1799 1624 1856 perquam
1672 1781 1862 1846 ardua,
1910 1781 2005 1837 sed
2056 1781 2336 1845 salutaris,

3030 1466 3251 1522 ΛΟΓΟΣ
3302 1466 3420 1523 IA'.

2791 1578 2930 1646 Περὶ
2962 1577 3071 1634 τοῦ
3092 1581 3424 1651 προσέχειν
3449 1579 3662 1648 ἐαυτῷ.

2514 1687 2588 1742 T6
2628 1688 2921 1760 προσέχειν
2981 1689 3158 1760 έαυτῷ
3217 1693 3276 1746 έν
3327 1691 3534 1758 ἅπασι,
3593 1692 3739 1763 μέγα
3784 1696 4022 1767 πρᾶγμά

2443 1782 2558 1835 εστι
2587 1782 2682 1835 καὶ
2711 1783 3002 1854 σωτήριον,
3036 1785 3130 1837 καὶ
3158 1783 3280 1854 Θεῷ
3306 1783 3619 1856 εὐάρεστον.
3650 1786 3809 1840 Ἐστι
3838 1784 3899 1840 δέ
3930 1787 4020 1840 καὶ

769 1879 990 1950 Deoque
1036 1875 1121 1933 vei
1183 1879 1236 1932 in
1284 1875 1478 1948 primis
1533 1882 1775 1944 accepta.
1826 1876 1966 1928 Sane
2024 1871 2339 1928 mandatum

2445 1871 2780 1942 γενικωτάτη
2808 1871 3016 1942 έντολη.
3061 1871 3118 1928 '0
3144 1871 3383 1938 τοιοῦτος
3419 1873 3674 1946 έκφεύγει
3703 1875 3806 1946 μέν
3841 1877 4020 1930 πᾶσαν

765 1975 869 2030 hoc
924 1972 977 2029 in
1028 1984 1227 2044 genere
1287 1985 1481 2027 omnes
1538 1968 1845 2026 conecrnit.
1894 1964 2042 2023 Talis
2089 1967 2181 2038 qui
2233 1977 2336 2033 est,

764 2075 1052 2137 peccatum
1101 2077 1262 2119 omne
1313 2061 1649 2117 vitabundus
1706 2059 1866 2131 fugit,
1928 2073 2147 2113 omnem
2207 2073 2338 2113 vero

765 2157 1048 2220 virtutem,
1091 2167 1270 2224 neque
1330 2166 1438 2207 non
1494 2149 1748 2206 mandata
1809 2149 1905 2206 Dei
1955 2150 2189 2220 perficit.
2242 2147 2338 2206 Hic

764 2245 998 2302 aliorum
1025 2243 1276 2300 defectus
1304 2241 1606 2313 quamlibet
1637 2239 2004 2294 multiformes
2040 2241 2193 2309 quasi
2229 2253 2336 2294 non

765 2337 966 2403 videat,
1001 2335 1289 2404 neglectim
1338 2331 1659 2388 transmittit
1695 2345 1706 2384 :
1742 2329 1946 2400 quippe
1977 2329 2069 2400 qui
2107 2329 2336 2384 aliorum

763 2437 1016 2493 securus,
1063 2423 1145 2481 sui
1193 2432 1402 2480 tantutn
1446 2421 1619 2492 ipsius
1667 2427 1929 2474 attentam
1983 2433 2168 2473 curam
2201 2417 2334 2482 obit,

767 2524 1002 2572 tuentem
1059 2513 1269 2568 habens
1302 2525 1401 2582 per
1436 2511 1538 2566 hoc
1568 2507 1633 2565 ad
1672 2507 1839 2564 Deum
1884 2507 2230 2564 uniformiter
2254 2523 2338 2562 ar-

766 2620 992 2668 rectum.
1043 2607 1191 2664 Talis
1247 2606 1351 2664 sibi
1409 2613 1674 2676 temperat
1719 2617 1888 2674 seque
1937 2601 2220 2658 remolitur
2268 2600 2338 2658 ab

767 2701 1041 2758 universis
1085 2709 1424 2756 terrenarum
1462 2711 1645 2752 rerum
1679 2693 1932 2767 negotiis,
1977 2709 2153 2764 coque
2189 2707 2340 2750 men-

767 2803 877 2849 tem
922 2788 1235 2846 sublimiter
1292 2785 1494 2843 attollit
1550 2784 1616 2842 ad
1675 2785 1920 2841 coelestia
1981 2795 2037 2840 et
2073 2794 2338 2839 aeternum

763 2885 1053 2937 duratura.
1085 2879 1399 2935 Conventus
1441 2875 1532 2932 hic
1564 2883 1771 2940 noster,
1804 2872 2022 2940 fratres,
2079 2887 2339 2945 perquam

766 2969 1022 3029 assimilis
1067 2969 1288 3024 videtur
1348 2963 1631 3022 nundinis.
1672 2963 1777 3031 Qui
1836 2961 2106 3034 negotiari
2166 2963 2338 3030 novit,

763 3071 875 3115 non
911 3055 1189 3113 mediocre
1242 3055 1385 3124 capit
1410 3067 1477 3108 ex
1526 3049 1922 3108 nundinatione
1953 3049 2169 3105 lucrum
2201 3065 2213 3104 ι
2249 3049 2339 3120 qui

765 3147 901 3203 artis
933 3145 1272 3200 mercatorne
1300 3139 1453 3198 rudis
1479 3147 1584 3208 cst,
1631 3139 1770 3196 adeo
1816 3136 1952 3195 nihil
2000 3139 2168 3194 refert
2193 3153 2341 3195 com-

2442 1959 2735 2032 άμαρτίαν,
2771 1962 2954 2017 πᾶσαν
2977 1961 3032 2017 δδ
3058 1963 3260 2036 ἀρετὴν
3288 1963 3379 2018 καὶ
3403 1963 3621 2037 έντολὴν
3647 1963 3784 2019 Θεοῦ
3821 1981 4022 2038 κατερ-

2441 2050 2688 2119 γάζεται·
2721 2055 2749 2107 6
2778 2051 3015 2119 τοιοῦτος
3053 2055 3121 2108 τὰ
3154 2054 3264 2108 τῶν
3287 2055 3460 2110 ἄλλων
3488 2059 3834 2129 δμοιόμορφα
3867 2058 4019 2112 έλατ·

2438 2141 2666 2212 τώματα
2697 2145 2932 2216 παρορᾷ,
2979 2145 3071 2199 καὶ
3106 2145 3175 2200 τὰ
3218 2144 3413 2200 δαυτοῦ
3450 2151 3723 2220 μεριμνᾷ.
3762 2149 4021 2222 μονότρο-

2440 2245 2538 2283 πον
2583 2229 2674 2284 τὸν
2703 2229 2827 2285 νοῦν
2858 2231 2995 2304 πρὸς
3025 2231 3159 2288 Θεὸν
3200 2235 3557 2306 κεκτημένος·
3592 2236 3621 2290 6
3650 2235 3900 2302 τοιοῦτος
3927 2254 4019 2292 συο

2442 2318 2649 2373 στέλλει
2684 2321 2873 2375 ἑαυτὸν
2918 2319 3028 2376 ἀπὸ
3077 2321 3214 2378 δλων
3263 2323 3371 2378 τῶν
3405 2326 3608 2395 γηΐνων
3641 2325 4014 2398 πραγμάτων,

2439 2409 2531 2461 καὶ
2581 2411 2874 2480 μετάρσιος
2917 2411 3126 2478 γίνεται
3159 2411 3295 2481 πρὸς
3327 2413 3395 2466 τα
3434 2413 3665 2482 οὐράνια
3722 2418 3819 2468 καὶ
3851 2415 4017 2472 duas.

2442 2499 2878 2572 Πανηγύρειγὰρ
2894 2502 3038 2555 ιοικε
3071 2505 3221 2557 πᾶσα
3251 2501 3538 2574 σύμϐασις·
3567 2505 3596 2558 6
3633 2505 3792 2568 εἰδὼς
3826 2523 4017 2577 πραγ-

2441 2591 2832 2659 ματεύσασθαι.
2878 2592 3150 2664 κερδαίνει
3227 2591 3423 2648 πολλα·
3458 2595 3486 2649 6
3513 2594 3568 2649 δι
3602 2596 3677 2667 μὴ
3709 2596 3893 2662 εἰδὼς,
3929 2597 4025 2669 ζη-

2443 2679 2568 2750 μίας
2602 2681 2885 2754 ὑποφέρει.
2929 2681 3188 2753 Μεγάλης
3238 2682 3332 2738 οὖν
3373 2685 3466 2738 καὶ
3513 2683 3796 2754 θεοφιλοῦς
3838 2685 4023 2757 ψυχῆς

2442 2773 2555 2825 εστι
2588 2773 2647 2825 τὸ
2677 2773 2962 2844 προσέχειν
2987 2774 3073 2828 ἀεὶ
3096 2775 3353 2844 ἀσφαλῶς
3385 2775 3581 2848 έαυτῷ.
3628 2776 3685 2832 ’0
3708 2777 3819 2850 γὰρ
3842 2779 4021 2833 τοιοῦ-

2441 2877 2530 2925 τος
2562 2859 2629 2916 τι
2659 2863 2904 2932 παρόντα
2937 2865 3169 2936 ἀνόνητα
3209 2865 3579 2938 λογιζόμενος,
3607 2869 3674 2922 τὰ
3704 2868 3763 2924 δι
3801 2869 4016 2941 μέλλον-

2441 2966 2509 3007 τα
2556 2953 2822 3022 ἀνέφικτα
2879 2955 2972 3008 καὶ
3016 2955 3379 3026 ἀκατάληπτα
3410 2959 3751 3031 καραδοκῶν,
3779 2964 3878 3015 καὶ
3903 2964 4022 3018 έπι-

2443 3041 2648 3113 θυμῶν,
2695 3045 2795 3117 τὴν
2842 3045 3058 3100 εύθεΐαν
3096 3046 3213 3102 ὁδὸν
3242 3047 3473 3117 βαδίζει,
3507 3053 3600 3105 καὶ
3641 3053 3720 3116 είς
3747 3050 3840 3106 τὸν
3870 3055 4021 3125 ἀχεί-

2448 3146 2650 3201 μαστον
2671 3132 2862 3205 λιμένα
2889 3135 2983 3189 τοῦ
3010 3135 3247 3207 Χριστοῦ
3269 3140 3533 3211 καταντᾷ.
3565 3139 3684 3213 Χρὴ
3714 3136 3810 3196 οὖν
3835 3158 4010 3214 σεροσ⁸

766 3199 975 3308 peiidii,
1003 3199 1073 3291 ut
1101 3231 1400 3306 plurimum
1422 3199 1584 3288 etiam
1612 3227 1886 3301 dispendii
1915 3228 2198 3286 sustineat.
2231 3227 2338 3285 Ge-

2444 3199 2589 3292 έχειν
2637 3199 2879 3296 ἀκριϐῶς
2909 3227 2975 3280 τὰ
3009 3199 3357 3300 σύμφέροντα
3393 3199 3502 3284 καί.
3527 3199 4017 3305 μηιοίυμφέροντα.

767 3342 977 3384 nerosie
1005 3335 1231 3397 prorsus
1264 3335 1327 3378 ac
1362 3321 1533 3378 Deum
1567 3319 1858 3377 sinceriter
1885 3317 2116 3376 amantis
2147 3319 2341 3375 animo:

765 3428 869 3484 est,
902 3417 1006 3475 sibi
1039 3415 1141 3488 ipsi
1168 3429 1359 3486 magna
1394 3428 1517 3470 cum
1569 3413 1822 3470 cautione
1854 3411 2161 3468 attendere.
2195 3409 2343 3469 Talis

767 3509 1052 3584 praesentia
1089 3507 1202 3564 inec
1246 3521 1370 3563 cum
1417 3505 1691 3561 inamoena
1740 3505 1968 3576 deputet
2019 3511 2182 3574 atque
2215 3503 2337 3558 inu-

769 3597 907 3659 tilia,
940 3595 1122 3651 futura
1148 3608 1279 3649 vero
1330 3591 1719 3649 inenarrabiiia
1745 3591 1934 3648 credat
1957 3598 2010 3647 et
2034 3606 2157 3662 quae
2186 3605 2338 3648 com-

771 3683 1034 3758 prehendi
1071 3697 1178 3739 non
1235 3689 1460 3754 queant,
1508 3695 1572 3738 ea
1616 3689 1793 3737 tamen
1848 3679 2192 3752 praestolatur
2247 3697 2340 3751 spe

770 3777 905 3834 nihil
963 3775 1151 3840 dubia,
1197 3773 1611 3846 cupientissime
1654 3789 1720 3828 eo
1762 3770 1978 3828 interim
2035 3771 2337 3848 suspirans,

771 3875 918 3924 recta
959 3863 1265 3938 ingreditur
1292 3863 1400 3931 via,
1435 3863 1611 3920 donec
1635 3863 1700 3920 ad
1744 3861 2252 3934 tranquillissimum
2287 3873 2342 3920 ct

769 3959 839 4015 ab
858 3961 1004 4014 omni
1039 3957 1405 4028 procellarum
1455 3953 1778 4024 intemperie
1810 3953 2119 4025 requietum
2147 3953 2342 4010 obvius

771 4050 1007 4121 appellnt
1031 4047 1239 4104 Christi
1278 4055 1516 4117 portum.
1544 4047 1734 4116 Opera:
1766 4043 1931 4116 igitur
1973 4047 2209 4116 pretium
2235 4054 2338 4110 est,

771 4137 1002 4208 quisque
1041 4145 1098 4190 ut
1127 4133 1375 4189 attendat
1397 4148 1460 4187 ac
1497 4131 1792 4203 diligenter
1814 4133 2081 4203 exploret,
2126 4148 2246 4204 quae
2275 4147 2341 4189 eo

771 4224 1234 4284 contendentibus
1273 4223 1609 4278 conducunt.
1659 4220 1775 4278 Duo
1817 4223 1964 4278 enim
2002 4223 2178 4293 angeli
2227 4222 2338 4278 dati

773 4325 902 4375 sunt
919 4315 1127 4373 homini
1153 4329 1486 4372 assessores:
1507 4329 1646 4370 unus
1668 4313 2131 4386 quidemjustithe
2157 4328 2339 4370 aman-

776 4405 1038 4470 tissimus,
1071 4405 1210 4459 alter
1246 4415 1378 4458 vero
1421 4401 1642 4457 malitia:
1675 4401 1854 4458 omnis
1893 4401 2141 4458 incentor
2185 4402 2339 4458 maii-

772 4493 1086 4566 gnissimus.
1125 4489 1434 4562 thuidem
1463 4489 1686 4563 justitia‘.
1720 4489 1963 4563 angelus,
1995 4491 2340 4549 verecundite
2375 4523 2414 4578 υ

772 4591 934 4656 atque
984 4581 1292 4640 lntemerati
1322 4581 1547 4654 pudoris
1581 4581 2051 4653 cupientissimus,
2084 4597 2336 4639 mansuc-

777 4681 864 4728 tus
897 4672 1120 4742 insuper
1153 4678 1237 4727 est
1279 4680 1335 4727 ct
1369 4667 1715 4741 tranquillus.
1748 4667 1847 4726 Hic
1876 4669 1965 4726 ubi
2000 4671 2234 4742 prinnnn
2271 4669 2336 4727 ad

773 4776 870 4818 cur
923 4761 1160 4818 hominis
1192 4759 1524 4825 ascenderit,
1566 4774 1690 4817 cum
1745 4774 1812 4817 eo
1860 4775 1983 4817 mox
2031 4775 2337 4818 sermonem

776 4851 912 4909 texit
965 4851 1305 4909 familiariter
1344 4851 1411 4909 de
1445 4852 1675 4924 iustitia,
1708 4851 1776 4909 de
1801 4852 2069 4910 munditia
2091 4863 2145 4910 et
2175 4853 2338 4910 casti-

774 4950 905 5007 tate,
936 4941 1004 4998 de
1042 4941 1312 5013 probitate
1343 4956 1576 5009 morum,
1627 4942 1693 4998 de
1723 4941 2028 5014 frugalitate
2075 4943 2188 5000 sive.
2220 4957 2340 5015 par-

775 5029 1010 5086 cimonia
1046 5031 1243 5098 vietus,
1301 5031 1368 5088 de
1415 5033 1734 5104 operatione
1780 5045 1901 5104 qua
1939 5033 2084 5104 iusta
2114 5035 2203 5098 sit,
2248 5033 2344 5090 de-

775 5115 945 5188 nique
969 5117 1036 5174 de
1064 5119 1269 5175 virtute
1291 5119 1441 5176 omni
1469 5119 1657 5191 gloria:
1691 5118 1929 5178 cu'iestis
1955 5119 2343 5177 conelhatricc.

777 5205 951 5266 Simul
983 5218 1147 5281 atque
1180 5209 1296 5266 inec
1328 5219 1524 5266 cuncta
1561 5209 1626 5266 ad
1673 5224 1768 5266 cor
1809 5211 2048 5267 hominis
2080 5209 2340 5266 ascende-

777 5303 909 5367 rlnt,
943 5301 1233 5373 perspicue
1265 5302 1498 5358 sentitur
1540 5301 1827 5372 praesentia
1878 5301 2051 5373 angeli
2094 5300 2342 5373 justitlie.

775 5390 997 5456 Contra,
1030 5391 1207 5463 angeli
1255 5391 1474 5446 malitias
1505 5389 1807 5446 administri
1837 5405 2000 5460 Opera
2036 5391 2148 5446 inec
2181 5399 2340 5445 sunt:

780 5479 1028 5540 Primum
1077 5481 1322 5537 omnium
1390 5479 1673 5538 acerrimas
1723 5491 1809 5537 est
1858 5479 2001 5545 bilis,
2050 5491 2102 5535 et
2137 5479 2201 5535 ad
2239 5481 2343 5535 ira-

778 5573 1033 5629 cundiam
1061 5571 1362 5645 propendet
1390 5581 1552 5637 totus,
1586 5571 1957 5627 ainaruientns
1986 5587 2046 5627 ac
2077 5571 2337 5627 stolidus:

782 5663 944 5734 huius
977 5663 1210 5734 maligna
1239 5675 1402 5732 Opera
1441 5661 1890 5732 tranquillitatem
1930 5673 2211 5716 servorum
2244 5659 2337 5717 Dei

849 5815 894 5853 ”
927 5817 1080 5873 lium.
1116 5832 1220 5878 xiv.
1267 5816 1343 5870 Ni.
1423 5817 1462 5847 "
1494 5815 1676 5869 Muttlt.
1710 5829 1759 5877 ν,
1795 5816 1881 5868 9‘2.

1958 5815 2002 5844 ”"
2044 5813 2176 5867 illiti.
2215 5815 2301 5874 95.
2333 5815 2417 5872 ςιι.

2443 3311 2548 3366 Δύο
2591 3312 2700 3385 γάρ
2729 3317 2866 3369 εἰσιν
2895 3315 3117 3385 ἄγγελοι
3156 3319 3294 3388 μετὰ
3325 3319 3418 3375 τοῦ
3453 3319 3768 3393 ἀνθρώπου,
3806 3319 3890 3390 εἷς
3921 3325 4020 3396 τῆς

2441 3401 2808 3476 δικαιοσύνης,
2839 3399 2918 3471 εἷς
2951 3406 3052 3478 τῆς
3092 3409 3378 3482 πονηρίας.
3434 3413 3542 3467 Καὶ
3578 3414 3605 3468 6
3647 3415 3747 3484 μιν
3789 3416 3892 3488 τῆς
3945 3416 4020 3471 δι-

2445 3493 2734 3568 καιοσύνης
2764 3497 2992 3565 ἅγγελος
3023 3499 3385 3572 αίσχυντηρδς
3416 3503 3509 3557 καὶ
3534 3503 3714 3574 πραῢς
3765 3507 3861 3559 καὶ
3889 3506 4021 3578 ησύο

2443 3583 2555 3655 χιός
2579 3586 2747 3642 εστιν.
2779 3585 2946 3642 Ὅταν
2977 3585 3069 3643 οὖν
3102 3583 3257 3656 οὗτος
3287 3592 3380 3646 έπὶ
3415 3593 3514 3664 τὴν
3549 3595 3774 3666 καρδίαν
3798 3597 3898 3654 τοῦ
3929 3600 4022 3656 ἁν-

2445 3674 2665 3747 θρῶπου
2699 3675 2895 3750 ἀναϐῇ.
2927 3679 3124 3746 εὐθέως
3147 3680 3299 3737 λαλεῖ
3320 3682 3434 3754 μετ’
3460 3684 3625 3739 αὑτοῦ
3657 3688 3786 3758 περὶ
3817 3689 4024 3746 δικαιο-

2445 3766 2630 3836 σύνης,
2667 3771 2794 3840 περὶ
2833 3771 3074 3839 ἁγνείας,
3113 3777 3242 3846 περὶ
3272 3775 3622 3849 σεμνότητος,
3657 3781 3784 3852 περὶ
3813 3781 4018 3856 αὑταρο

2443 3859 2613 3946 κείας,
2653 3861 2780 3931 περὶ
2823 3862 3021 3928 παντὸς
3055 3863 3220 3936 ιργου
3256 3864 3486 3930 δικαίου.
3521 3871 3648 3942 περὶ
3677 3873 3868 3943 πάσης
3894 3877 4020 3946 ἀρε·

2441 3945 2538 4035 τῆς
2568 3947 2806 4015 nassae.
2839 3949 3005 4005 Ὅταν
3039 3947 3131 4008 οὖν
3170 3952 3342 4008 ταῦτα
3377 3956 3556 4012 πάντα
3602 3957 3697 4013 sui
3737 3962 3837 4032 την
3888 3945 4018 4035 καρ-

2442 4033 2558 4090 δίαν
2618 4036 2712 4093 τοῦ
2758 4039 3044 4109 ἀνθρώπου
3095 4043 3290 4115 ἀναθῇ,
3348 4043 3600 4118 ἀρίδηλον
3659 4048 3808 4103 εστιν
3871 4033 4020 4106 δτινδ

2441 4129 2668 4197 ἄγγελος
2707 4129 2804 4201 τῆς
2849 4131 3196 4204 δικαιοσύνης
3245 4135 3361 4206 μετ’
3397 4135 3562 4192 αὐτοῦ
3610 4139 3777 4194 εστιν.
3811 4139 3922 4195 Τοῦ
3964 4141 4019 4196 δδ

2441 4217 2672 4287 ἀγγέλου
2697 4219 2795 4290 τῆς
2824 4223 3090 4292 πονηρίας
3116 4227 3182 4279 τὰ
3216 4225 3373 4296 έργα·
3409 4225 3624 4298 πρῶτον
3649 4229 3874 4285 πάντων
3904 4231 4023 4298 δεύ-

2443 4309 2592 4378 χολόε
2617 4309 2753 4373 έστι,
2773 4311 2867 4364 καὶ
2895 4312 3109 4383 πικρὸς,
3133 4315 3227 4368 καὶ
3253 4315 3461 4387 ἄφρων,
3485 4317 3667 4373 καὶτὰ
3689 4317 3830 4392 δργα
3855 4320 4018 4377 αὑτοῦ

2445 4399 2677 4470 πονηρὰ,
2698 4403 3143 4473 καταστρέφοντα
3165 4407 3288 4470 τοὺς
3308 4405 3524 4472 δούλους
3550 4408 3643 4464 τοῦ
3665 4407 3827 4466 θεοῦ.
3852 4412 4020 4468 Ὀταν

2443 4483 2535 4543 οὖν
2571 4482 2725 4555 οὗτος
2755 4491 2847 4546 επὶ
2877 4492 3103 4562 καρδίαν
3137 4495 3425 4566 ανθρώπου
3471 4499 3667 4572 ἀναϐῇ,
3696 4500 3778 4556 δεῐ
3814 4503 4018 4572 γνῶναι

2449 4579 2607 4634 αὑτὸν
2641 4581 2747 4635 ἀπὸ
2787 4580 2894 4635 τῶν
2932 4582 3109 4652 ιργων
3145 4584 3330 4642 αὑτοῦ·
3359 4587 3486 4643 ὅταν
3517 4589 3626 4660 γὰρ
3660 4588 3914 4662 δξυχολία
3940 4594 4019 4660 τίς

2447 4684 2551 4722 τινι
2586 4671 2880 4745 προσέλθῃ,
2910 4674 2942 4745 ἢ
2973 4675 3188 4746 πικρία,
3229 4677 3478 4750 φανερῶς
3518 4679 3546 4734 6
3587 4679 3830 4746 τοιοῦτος
3859 4685 3916 4738 ιν
3947 4685 4018 4756 τῷ

2446 4759 2717 4833 ἀνθρώπῳ
2740 4763 2905 4817 εστίνο
2947 4756 3064 4818 εἶτα
3094 4765 3356 4836 επιουμία
3387 4767 3640 4840 πράξεων
3663 4769 3894 4833 πολλῶν.
3928 4776 4017 4829 καὶ

2451 4851 2769 4907 πολυτέλεια
2823 4853 3134 4924 έδεσμάτων
3169 4855 3400 4921 πολλῶν,
3454 4859 3547 4912 καὶ
3598 4860 3863 4916 ποικίλων
3893 4879 4016 4934 τρυ-

2449 4941 2585 5012 φῶν,
2648 4943 2738 4998 καὶ
2795 4944 3059 5016 έπιθυμία
3116 4947 3393 5016 γυναικῶν
3428 4949 3522 5003 καὶ
3551 4949 3896 5019 πλεονεξιῶν,
3929 4957 4016 5009 καὶ

2450 5032 2822 5105 ύπιρηφανεία
2849 5035 2942 5090 καὶ
2966 5035 3276 5102 ἀλαζονεία,
3312 5039 3403 5093 καὶ
3419 5038 3519 5094 ὅσα
3541 5040 3750 5104 τούτοις
3771 5044 3894 5097 εστι
3916 5060 4008 5099 παι

2450 5123 2721 5194 ραπλῄσια
2785 5127 2878 5180 καὶ
2928 5127 3107 5197 ὅμοια.
3155 5127 3315 5184 Ἀλλὰ
3367 5129 3459 5184 καὶ
3499 5131 3553 5186 αι
3591 5133 3829 5205 πονηραὶ
3874 5131 4019 5189 satu-

2451 5215 2642 5282 μησεις
2681 5213 2844 5268 αὑτοῦ
2885 5218 3020 5269 εἰσιν
3051 5217 3242 5274 πᾶσαι.
3287 5218 3622 5292 Πρόσχωμεν
3647 5215 3740 5277 οὖν
3775 5225 4013 5294 ἀκριϐῶς

2449 5305 2679 5370 έκυτοῐς,
2715 5305 2808 5360 καὶ
2856 5305 2935 5378 τῷ
2979 5307 3197 5380 ἀγγέλῳ
3225 5308 3302 5381 τῷ
3331 5311 3554 5383 πονηρῷ
3589 5313 4012 5384 ἀποταξῶμεθα.

2448 5393 2525 5464 τῷ
2555 5394 2770 5468 ἀγγέλῳ
2807 5395 2905 5468 τῆς
2936 5397 3281 5471 δικαιοσύνης
3309 5399 3784 5474 ἁκολουθήσωμεν.
3823 5405 4012 5464 Καθὼς

2450 5485 2541 5540 καὶ
2568 5485 2595 5540 6
2629 5487 2791 5556 νόμος
2817 5488 3274 5560 παρακελεύεται,
3300 5489 3492 5560 λέγων,
3530 5511 3546 5544 ι
3589 5493 3830 5566 Ιιρόσεχε
3864 5511 4015 5550 σεαυ·

2447 5575 2544 5645 τῷ,
2577 5577 2669 5632 καὶ
2703 5577 2935 5646 φύλαξον
2962 5581 3060 5652 τὴν
3085 5579 3261 5651 ψυχήν
3292 5595 3385 5634 σου
3412 5583 3618 5654 σφόδρα
3640 5601 3653 5618 ο
3687 5585 3763 5656 μη
3787 5585 4017 5657 satiatur,

2449 5663 2653 5734 Κυρίου
2690 5663 2784 5720 τοῦ
2807 5665 2940 5720 Θεοῦ
2973 5681 3064 5720 σου
3084 5683 3096 5697 ι
3131 5668 3224 5720 καὶ
3270 5664 3342 5737 μὴ
3371 5669 3771 5741 ἀποστητωσαν
3793 5672 3845 5726 ei
3873 5673 4011 5742 λύγοι
