4178 6436
161 438 304 504 1617

1047 447 1368 506 llOMlLIA
1412 443 1562 503 LXI.
1594 469 1657 476 -
1700 443 1848 502 SIBI
1893 441 2040 500 lPSI
2080 435 2556 500 ATTENDERE.

3269 422 3407 486 1618

160 558 337 608 αὑτοῦ
369 557 479 609 ἀπὸ
508 559 606 626 τῆς
654 559 882 628 καρδίας
923 575 1018 611 σου
1059 560 1238 620 πάσας
1267 559 1364 619 τὰς
1401 556 1613 623 ἡμέρας
1643 554 1741 621 τῆς

1849 556 2209 609 intervertunt
2241 566 2303 603 ac
2348 549 2640 601 subruunt.
2690 541 2859 596 Nosse
2891 539 2933 591 si
2990 537 3159 598 voles,
3191 535 3408 605 quando

163 649 319 715 ζωῆς
350 665 472 700 σου·
510 650 627 701 ἀλλ’
667 650 973 719 ἀγαπήσεις
1023 651 1224 717 Κύριον
1263 649 1354 700 τὸν
1384 647 1516 699 Θεόν
1550 662 1644 698 σου
1683 645 1742 709 ἐξ

159 739 299 804 ὅλης
331 739 433 805 τῆς
466 741 651 809 ἰσχύος
682 758 798 802 σου,
819 742 910 793 τὸν
936 742 1000 794 ὲκ
1022 742 1253 810 καμίνου
1286 739 1510 808 σιδηρᾶς
1544 736 1739 802 ἐξαγα-

159 828 339 892 γόντα
370 847 429 881 σε
455 832 517 883 ἐκ
539 834 633 899 τῆς
651 832 894 894 δουλείας
916 832 1027 884 τῶν
1047 831 1359 895 Αἰγυπτίων
1380 845 1394 860 ο
1427 849 1444 879 ι
1473 827 1739 888 τουτέστι,

157 918 260 968 τοῦ
295 923 742 992 κοσμοκράτορος
770 921 862 974 τοῦ
893 922 1135 984 σκότους.
1159 921 1435 986 Αἴγυπτος
1464 919 1571 986 γὰρ
1592 919 1737 969 σκύ-

159 1024 271 1072 τος
296 1010 684 1078 ἑρμηνεύεται.
719 1031 737 1063 ι
773 1012 1013 1081 Πρόσεχε
1045 1011 1276 1080 σεαυτῷ,
1321 1009 1393 1079 μὴ
1433 1008 1624 1076 φαγὼν
1648 1008 1742 1060 καὶ

159 1099 508 1168 ἐμπλησθεὶς
554 1103 783 1172 ἐπιλάϐῃ
832 1103 1036 1171 Κυρίου
1081 1102 1175 1155 τοῦ
1218 1101 1354 1154 Θεοῦ
1400 1117 1532 1153 σου·
1581 1118 1598 1150 ι
1648 1099 1743 1150 καὶ

158 1189 538 1262 ἀπολακτίσῃς
580 1190 656 1252 ὦς
697 1208 826 1244 ποτε
867 1191 895 1242 ό
941 1189 1299 1260 ἡγαπημένος
1338 1188 1497 1252 λαὸς,
1545 1186 1640 1239 νῦν
1685 1186 1742 1238 δὲ

160 1277 494 1348 θεοστυγὴς.
529 1281 640 1333 Kal
686 1279 944 1350 ἐμϐαλεῖς
994 1281 1063 1334 τὰ
1110 1280 1330 1350 ῥήματά
1381 1295 1479 1346 μου
1529 1280 1607 1340 εἰς
1644 1277 1743 1344 τὴν

161 1370 405 1436 καρδίαν
431 1386 547 1435 σου,
579 1373 672 1423 καὶ
697 1371 848 1423 ἔσται
880 1371 1148 1424 ἀσάλευτα
1174 1371 1278 1441 πρὸ
1303 1370 1596 1438 ὀφθαλμῶν
1626 1385 1739 1421 σου.

161 1459 413 1528 Πρόσεχε
465 1461 701 1530 σεαυτῷ,
751 1462 959 1530 μήποτε
1031 1461 1336 1534 καταλίπῃς
1376 1461 1468 1512 τὸν
1512 1460 1743 1527 Λευΐτην

159 1551 350 1609 πασας
385 1550 486 1613 τὰς
515 1551 728 1622 ἡμέρας
759 1552 860 1619 τῆς
891 1553 1036 1620 ζωῆς
1073 1570 1187 1615 σου,
1215 1551 1462 1605 τουτέστι
1491 1552 1616 1613 τοὺς
1649 1550 1743 1602 νῦν

158 1635 521 1704 λειτουργοὺς
549 1639 776 1708 Κυρίου.
813 1640 876 1691 Ol
908 1639 1018 1708 γὰρ
1063 1641 1228 1707 ίερείς
1259 1639 1351 1692 καὶ
1392 1636 1615 1692 Λευῖται
1647 1639 1741 1706 ὲγ-

158 1727 374 1794 γυηταί
401 1727 496 1780 σού
531 1730 690 1782 είσιν.
724 1729 887 1780 Αὐτοὶ
918 1727 1024 1797 γὰρ
1077 1729 1289 1796 αἴρουσι
1335 1729 1434 1790 τὰς
1470 1729 1743 1798 ἁμαρτίας

156 1817 262 1869 τοῦ
294 1817 426 1869 λαοῦ
447 1836 459 1849 ο
500 1838 517 1869 ι
561 1820 802 1889 Πρόσεχε
837 1820 1071 1890 σεαυτῷ,
1105 1821 1311 1891 μήποτε
1338 1821 1561 1890 γένηται
1593 1821 1744 1891 ῥῆμα

1842 645 1908 697 ad
1931 659 2025 696 cor
2055 641 2288 694 hominis
2311 635 2638 696 ascenderit,
2673 634 2858 700 utiqtte
2883 628 3068 683 licebit
3091 643 3155 681 ex
3180 642 3407 694 operum

1843 733 2124 803 qualitate.
2159 729 2293 783 Cum
2329 730 2474 782 enim
2505 723 2803 780 acrimonia
2849 720 2978 774 bilis
3015 718 3304 770 cvcitatior
3354 723 3409 766 et

1843 824 1908 876 ad
1934 821 2272 876 iracundiam
2297 820 2597 884 devergens
2618 811 2932 871 accesserit.
2959 817 3052 862 aut
3078 803 3406 860 amaritudo.

1843 909 2196 978 perspicuum
2243 904 2447 965 evadit,
2501 902 2553 955 in
2601 900 2822 952 homine
2851 898 2960 963 jam
3007 909 3148 947 esse.
3201 890 3406 944 Deinde

1845 996 2228 1066 intempestiva
2285 991 2558 1062 cupiditas
2588 987 2973 1057 multiplicium
3007 983 3411 1051 Operationum.

1842 1090 2154 1144 eduliorum
2190 1087 2351 1140 luxus
2385 1081 2682 1153 profusior,
2713 1076 2960 1133 studium
2993 1073 3270 1129 sordentis
3293 1088 3408 1124 cra-

1843 1181 2012 1251 pulae,
2062 1179 2403 1246 voluptatum
2462 1190 2569 1228 non
2628 1171 2985 1225 uniformium
3046 1165 3413 1223 consectatio,

1845 1269 2292 1339 concupiscentia
2341 1266 2674 1326 mulierum,
2727 1259 3086 1315 immoderata
3145 1255 3416 1324 cupiditas

1844 1361 2076 1431 augendi
2129 1357 2354 1428 peculii,
2411 1353 2691 1424 superbia,
2719 1349 3073 1419 snperciliosa
3103 1355 3160 1402 et
3189 1359 3416 1415 pompa-

1846 1454 1951 1508 tica
1976 1450 2310 1520 arrogantia,
2345 1457 2402 1503 et
2419 1459 2759 1517 quaecunque
2787 1441 3007 1496 tandem
3033 1438 3154 1492 istis
3181 1435 3416 1490 confinia

1844 1550 1974 1598 sunt
2005 1550 2061 1597 et
2093 1540 2309 1595 similia.
2343 1537 2449 1593 Sed
2481 1544 2537 1590 et
2556 1533 2945 1603 conceptiones
2967 1528 3135 1584 animi
3168 1526 3419 1593 maligna:

1844 1649 2036 1688 omnes
2084 1633 2189 1688 hoc
2243 1632 2526 1685 incentore
2570 1625 2969 1681 accenduntur.
3018 1619 3188 1676 Nobis
3234 1619 3420 1686 itaque

1845 1723 2285 1791 circumspectim
2327 1717 2697 1776 attendamus,
2729 1728 2794 1767 ae
2823 1714 2943 1765 vale
2975 1723 3297 1778 supremum
3337 1706 3419 1760 di-

1846 1829 2035 1868 camus
2068 1813 2158 1866 isti
2195 1811 2275 1865 sic
2314 1809 2564 1878 improbo
2591 1804 2845 1874 spiritui;
2889 1801 3140 1871 angelum
3173 1813 3304 1854 vero
3335 1799 3420 1867 ju-

160 1908 224 1958 ὲν
250 1911 320 1975 τῇ
355 1909 552 1980 καρδίᾳ
582 1887 674 1962 σου
706 1887 947 1981 κρύπτον
975 1887 1254 1980 ἀνόμημα,
1290 1929 1308 1963 ι
1344 1887 1613 1970 τουτέστι,
1650 1887 1744 1980 Μὴ

1852 1905 2016 1958 stitiaa
2086 1898 2436 1955 individuum
2487 1895 2651 1950 nobis
2711 1892 3049 1948 aseiscamus
3098 1889 3200 1943 vim
3257 1887 3420 1954 hujus

159 1997 489 2064 περιέργοις
535 1998 935 2068 ἐνθυμήμασιν,
990 2000 1105 2052 ἀλλ’
1141 1999 1432 2060 ἀπλάστως
1473 1999 1738 2068 παρόδευε

157 2087 267 2150 τὰς
299 2088 396 2155 τῆς
428 2088 574 2157 ζωῆς
600 2107 693 2142 σου
723 2093 956 2162 ἡμέρας.
1001 2090 1198 2155 Καθὼς
1228 2091 1320 2143 καὶ
1348 2089 1437 2143 διὰ
1476 2091 1740 2161 Ἱερεμίου

157 2176 477 2246 διαγορεύει
500 2180 528 2231 ό
560 2180 692 2242 Θεὸς
710 2221 724 2244 ,
763 2181 959 2248 λέγων,
994 2199 1009 2230 ι
1033 2180 1166 2233 Ἰδοὺ
1194 2179 1403 2234 δέδωκα
1440 2180 1548 2250 πρὸ
1575 2197 1741 2250 προσ-

159 2267 326 2318 ώπου
383 2268 540 2338 ὑμῶν
595 2267 696 2338 τὴν
728 2270 844 2323 ὁδὸν
882 2269 983 2339 τῆς
1014 2269 1158 2336 ζωῆς
1184 2269 1280 2321 καὶ
1315 2269 1407 2322 τοῦ
1440 2269 1692 2329 θανάτου,
1718 2287 1735 2320 ι

158 2356 440 2420 τουτέστι,
470 2357 569 2428 τὴν
594 2359 839 2413 δουλείαν
863 2361 959 2414 καὶ
985 2360 1084 2429 τὴν
1116 2361 1430 2430 ἐλευθερίαν
1449 2377 1463 2393 ο
1498 2378 1516 2410 ι
1552 2361 1615 2412 Οἱ
1637 2361 1744 2428 γάρ

159 2463 303 2499 ποτε
339 2448 528 2512 σκότος
557 2449 728 2515 ὅντες,
755 2451 850 2504 νῦν
888 2450 945 2504 δὲ
1004 2451 1120 2518 φῶς
1149 2453 1206 2504 ἰν
1249 2451 1456 2520 Κυρίῳ.
1498 2469 1516 2501 ι
1569 2451 1744 2520 Προσ-

158 2536 325 2606 έχετε
380 2539 590 2604 ἐαυτοίς
636 2541 900 2610 ἀκριϐῶς,
950 2547 1162 2612 μήποτε
1216 2541 1588 2613 παραρῤυῆτε.
1637 2542 1744 2596 Τοῦ

161 2631 279 2698 γὰρ
309 2633 573 2700 φαγόντος
603 2634 693 2686 τὸν
718 2633 943 2703 ὄμφακα
997 2632 1402 2703 αίμοδιάσουσιν
1439 2636 1488 2686 οί
1515 2634 1741 2696 όδόντεςο

161 2722 399 2785 ἕκαστος
422 2726 488 2793 τῇ
520 2724 766 2796 ἁμαρτία
807 2725 974 2778 αὑτοῦ
1016 2725 1386 2778 ἀποθανεῖται.
1420 2726 1530 2776 Kal
1565 2727 1593 2777 ό
1621 2725 1748 2776 Ἐκ-

163 2813 507 2884 κλησιαστής
541 2833 695 2884 φησι,
737 2833 758 2868 ι
792 2817 835 2868 Τ
840 2815 1044 2886 ρίὸολοι
1098 2817 1195 2869 καὶ
1241 2816 1469 2880 παγὶδες
1512 2817 1571 2868 ὲν
1610 2815 1748 2877 ὁδοῖς

166 2902 439 2967 σκολιαῖς.
484 2905 542 2958 '0
565 2905 622 2958 δὲ
651 2907 939 2974 φυλάσσων
971 2906 1069 2976 τὴν
1097 2905 1290 2958 ἑαυτοῦ
1320 2905 1522 2975 ψυχὴν,
1549 2905 1747 2972 ἀφέξε-

162 3009 262 3044 ται
293 2993 390 3046 ἀπ’
421 2994 622 3050 αὐτῶν.
655 3013 675 3048 ι
713 2997 818 3049 Καὶ
862 2991 1039 3058 αὖθις,
1089 3015 1106 3048 t
1141 2997 1295 3068 Πάσῃ
1335 2997 1547 3066 φυλακῇ
1590 2998 1748 3066 τήρει

166 3083 277 3148 σὴν
304 3084 555 3153 καρδίαν.
599 3085 694 3139 Ἐκ
747 3087 855 3156 γὰρ
900 3087 1106 3140 τούτων
1156 3086 1322 3152 ἔξοδοι
1369 3086 1535 3154 ζωῆς.
1570 3104 1588 3136 ι
1639 3086 1749 3138 Kal

165 3173 359 3230 πάλιν.
394 3191 414 3225 ι
449 3174 770 3244 Ἑτοίμασον
790 3179 869 3240 εἰς
898 3177 995 3247 τὴν
1025 3177 1200 3241 ἔξοδον
1229 3177 1295 3230 τά
1339 3176 1476 3247 ἔργα
1517 3193 1631 3238 σου,
1657 3176 1749 3228 καὶ

1847 1994 2124 2050 comitem.
2185 1992 2263 2046 Ita
2316 1990 2464 2044 enim
2519 1987 2842 2041 adhortatur
2894 1997 2995 2036 nos
3027 1981 3115 2036 lex
3158 1979 3418 2048 :1122

1854 2105 1871 2137 ι
1901 2084 2152 2145 Attende,
2175 2083 2272 2147 ait,
2297 2079 2394 2134 tibi
2415 2078 2515 2147 ipsi
2547 2084 2604 2131 et
2631 2073 2846 2129 custodi
2864 2073 3101 2126 animam
3122 2078 3268 2124 tuam
3306 2067 3418 2120 val-

1847 2178 1935 2242 de;
1965 2191 2032 2230 ne
2068 2172 2410 2228 obliviscaris
2439 2167 2652 2224 Domini
2694 2165 2790 2219 Dei
2828 2164 2927 2226 tui,
2972 2170 3116 2216 etne
3160 2159 3421 2214 recedant

1849 2280 2132 2322 sermones
2149 2265 2269 2333 ejus
2286 2277 2316 2316 a
2350 2258 2516 2315 corde
2543 2267 2638 2312 tuo
2658 2254 2917 2309 omnibus
2932 2251 3128 2306 diebus
3141 2250 3267 2301 vitae
3294 2259 3419 2308 tum,

1849 2357 1945 2412 sed
1975 2356 2169 2425 diliges
2187 2353 2478 2408 Dominum
2497 2350 2669 2403 Deum
2702 2357 2854 2400 tuum
2871 2359 2938 2398 ex
2962 2351 3073 2396 tota
3097 2339 3420 2396 fortitudine

1853 2461 1963 2512 tua,
1983 2448 2075 2518 qui
2097 2463 2126 2501 e
2150 2445 2373 2500 fornace
2399 2442 2577 2496 ferrea
2596 2438 2789 2494 eduxit
2809 2445 2859 2490 te
2877 2435 2944 2488 de
2967 2433 3234 2488 servitute
3261 2430 3421 2502 Egy-

1851 2536 2238 2608 ptiorum”:i
2267 2533 2495 2591 hocest,
2539 2527 2720 2597 ejugo
2761 2523 3027 2594 principis
3070 2521 3422 2576 tenebrarum

1853 2626 2043 2682 mundi
2081 2625 2266 2695 hujus.
2315 2621 2581 2692 Egyptus
2631 2618 2780 2672 enim
2827 2631 2922 2670 sua
2971 2613 3425 2683 interpretatione

1853 2718 2096 2776 insinuat
2128 2714 2399 2771 tenebras.
2440 2731 2457 2762 ι
2493 2709 2727 2766 Attende
2759 2708 2859 2763 tibi
2894 2705 3019 2775 ipsi,
3048 2719 3119 2759 ne
3139 2709 3426 2773 postquam

1853 2807 2161 2864 comederis
2189 2814 2247 2862 et
2275 2814 2555 2860 saturatus
2587 2800 2779 2863 fueris,
2825 2793 3168 2851 obliviscaris
3210 2792 3424 2847 Domini

1853 2900 1950 2954 Dei
1987 2898 2068 2952 tui
2105 2899 2145 2962 ⁸,
2180 2915 2198 2948 ι
2236 2905 2293 2950 et
2314 2893 2629 2961 recalcitres
2659 2899 2720 2944 ut
2747 2885 3044 2957 aliquando
3074 2885 3310 2939 dilectus
3338 2884 3427 2937 ille

1854 2990 2114 3060 populus,
2145 3002 2294 3042 nunc
2320 2995 2506 3041 autem
2535 2983 2646 3038 Deo
2675 2979 2900 3035 odibilis
2936 2994 2949 3031 :
2986 2975 3081 3032 sed
3112 2976 3279 3030 verba
3312 2976 3429 3044 ejus

1857 3081 2068 3136 inseres
2113 3078 2265 3134 cordi
2299 3087 2414 3138 tuo.
2462 3086 2518 3131 et
2558 3083 2721 3130 erunt
2749 3073 3074 3127 inconcussa
3130 3079 3294 3138 atque
3326 3070 3429 3122 im-

1857 3180 2002 3227 mota
2055 3180 2184 3226 ante
2215 3170 2406 3225 oculos
2438 3176 2580 3222 tuos.
2633 3165 2864 3221 Attende
2914 3164 3014 3218 tibi
3045 3163 3146 3232 ipsi
3173 3177 3243 3216 ne
3273 3160 3432 3216 dere-

165 3265 602 3332 παρασκευάζου
631 3269 711 3330 είς
752 3267 846 3320 τὸν
877 3268 1065 3338 ἀγρόν.
1105 3287 1124 3320 ι
1168 3269 1279 3320 Kal
1324 3267 1556 3337 πορεύου
1613 3284 1744 3321 κατ-

1849 3265 2065 3334 linquas
2098 3263 2341 3318 Levitam
2361 3259 2620 3315 omnibus
2643 3257 2840 3312 diebus
2869 3257 2993 3311 vitae
3029 3263 3156 3314 tuae.
3190 3254 3295 3308 hoc
3324 3262 3430 3313 est,

163 3354 401 3408 όπισθέν
436 3373 557 3424 μου.
586 3357 697 3410 Kal
739 3357 1175 3426 ἀνοικοδομήσεις
1205 3356 1296 3410 τὸν
1321 3353 1467 3410 οἶκόν
1513 3374 1607 3410 σου
1652 3358 1743 3411 τὸν

1847 3355 2135 3410 ministros
2175 3352 2396 3408 Domini
2429 3368 2442 3405 :
2481 3349 2801 3405 sacerdotes
2835 3348 2983 3402 enim
3019 3346 3219 3400 Levita:
3243 3346 3436 3400 etiam-

164 3443 261 3495 διὰ
293 3443 395 3510 τῆς
422 3443 787 3513 παραϐάσεως
829 3445 922 3497 τοῦ
962 3445 1135 3514 Ἀδὰμ
1181 3444 1546 3515 σαθρωθέντα,
1577 3446 1634 3498 ὲν
1667 3444 1744 3514 τῷ

1849 3463 1978 3503 num
2043 3452 2214 3510 sunt;
2280 3444 2386 3514 ipsi
2446 3443 2597 3497 enim
2655 3447 2878 3511 portant
2930 3445 3157 3509 peccata
3217 3438 3429 3508 populi.

169 3532 516 3600 βαπτίσματι
546 3532 603 3586 δὲ
641 3534 1108 3588 άνακαινισθέντα.
1147 3535 1256 3589 Kal
1296 3536 1326 3587 ό
1353 3535 1648 3597 ἀπόστολος
1688 3533 1744 3587 δὲ

169 3621 412 3686 Παῦλος,
446 3642 464 3674 ε
503 3623 737 3677 Βλέπετε
764 3623 883 3686 πῶς
916 3627 1291 3694 περιπατεῖτε,
1329 3625 1404 3696 μὴ
1427 3624 1502 3688 ὼς
1532 3627 1742 3694 ἄσοφοι,

166 3711 291 3767 ἀλλ’
336 3713 414 3776 ὡς
469 3713 642 3780 σοφοὶ,
670 3711 1122 3784 ἐξαγοραζόμενοι
1181 3715 1272 3767 τδν
1307 3715 1520 3785 καιρὸν,
1567 3716 1647 3768 ὅτι
1691 3715 1746 3767 al

171 3800 634 3872 ἡμέραιπονηραί
661 3803 788 3856 είσι.
821 3821 840 3854 ι
872 3803 980 3856 Kal
1005 3805 1064 3856 ὲν
1083 3805 1200 3867 ταῖς
1229 3804 1487 3875 Πράξεσι,
1523 3823 1541 3855 ‹
1567 3805 1744 3872 Προσ-

168 3895 329 3962 έχετε
382 3894 595 3958 ἑαυτοῖς
634 3894 731 3949 καὶ
794 3895 958 3948 παντὶ
998 3895 1076 3965 τῷ
1114 3896 1371 3966 ποιμνίῳ,
1409 3898 1467 3948 ὲν
1597 3896 1748 3948 ἔθετο

171 3985 324 4052 ὑμᾶς
347 3983 408 4035 τδ
441 3983 665 4053 Πνεῦμα
685 3984 748 4037 τὸ
778 3985 931 4051 ἅγιον
962 3985 1270 4055 ποιμαίνειν
1295 3985 1391 4055 τὴν
1423 3984 1749 4052 Ἐκκλησίαν

169 4076 271 4130 τοῦ
313 4073 509 4129 Θεοῦ.»
550 4075 661 4130 Kal
707 4077 735 4128 ὁ
762 4076 1040 4146 Ἰωάννης,
1065 4096 1084 4129 ι
1128 4075 1344 4138 Παιδία,
1379 4076 1580 4146 ἐσχάτη
1633 4074 1752 4145 ὥρα

167 4168 328 4221 ἐστί’
357 4167 451 4221 καὶ
480 4167 663 4230 καθὼς
688 4166 958 4236 ἠκούσατε
992 4169 1119 4239 περὶ
1147 4167 1242 4221 τοῦ
1278 4167 1642 4237 Ἀντιχρίστου
1672 4167 1751 4220 ὅτι

171 4257 445 4324 ἔρχεται,
503 4257 597 4310 καὶ
662 4256 756 4310 νῦν
808 4257 1145 4326 ἀντίχριστοι
1199 4258 1386 4311 πολλοὶ
1443 4257 1750 4327 γεγόνασιν.

1853 3557 1870 3589 ι
1909 3534 2147 3592 Attende
2187 3532 2286 3588 tibi
2317 3532 2420 3602 ipsi
2453 3545 2523 3586 ne
2568 3531 2709 3585 forte
2749 3528 2843 3584 ﬁat
2886 3529 2942 3582 in
2992 3527 3160 3583 corde
3194 3535 3289 3582 tuo
3315 3542 3433 3581 vero

1848 3626 2038 3690 bum’,
2059 3642 2076 3676 ι
2104 3621 2254 3694 quod
2277 3621 2522 3677 occultet
2549 3617 2833 3689 quidpiam
2868 3617 3082 3689 flagitii,
3115 3617 3218 3670 hoc
3243 3623 3347 3680 est,
3367 3631 3435 3670 ne

1849 3718 2066 3773 curiose
2086 3722 2142 3770 et
2163 3727 2570 3782 supervacanee
2590 3709 2845 3767 confictis
2862 3707 3200 3779 argumentis
3219 3707 3315 3762 tibi
3332 3707 3434 3776 ipsi

1850 3807 2173 3871 blandiaris,
2197 3805 2370 3875 magis
2393 3813 2575 3859 autem
2603 3802 2724 3858 dies
2747 3800 3110 3856 transmittito
3130 3799 3256 3854 vitae
3278 3799 3437 3853 istius

1850 3907 1958 3953 tum
2015 3897 2150 3952 citra
2209 3896 2378 3950 ullius
2435 3892 2806 3949 simulationis
2864 3891 3051 3946 fucum
3106 3910 3118 3944 :
3189 3903 3292 3944 ceu
3341 3905 3436 3959 per

1849 3985 2141 4041 Jeremiam
2173 3983 2331 4054 jubet
2360 3983 2626 4037 Dominus
2655 3999 2666 4034 :
2697 3999 2715 4032 ι
2747 3980 2887 4035 Ecce
2922 3979 3048 4034 dedi
3081 3987 3209 4034 ante
3241 3978 3434 4033 faciem

1851 4086 2089 4132 vestram
2138 4075 2283 4130 viam
2343 4074 2472 4130 vitae
2523 4082 2580 4130 et
2621 4072 2767 4127 viam
2817 4070 3014 4126 mortis
3047 4071 3067 4103 ³
3102 4089 3115 4125 :
3153 4090 3170 4123 ι
3223 4070 3328 4125 hoc
3355 4079 3437 4123 est

1854 4167 2176 4222 servitutem
2226 4173 2282 4219 et
2326 4163 2662 4218 libertatem.
2698 4180 2715 4212 ι
2777 4161 2884 4228 Qui
2936 4160 3083 4216 enim
3137 4160 3435 4229 aliquando

1855 4273 2073 4314 eramus
2105 4257 2364 4320 tenebrae,
2408 4270 2555 4310 nunc
2598 4263 2782 4308 autem
2843 4253 2936 4307 lux
2973 4252 3027 4306 in
3075 4251 3308 4306 Domino
3337 4251 3377 4304 ³.
3411 4271 3427 4301 ι

170 4347 345 4400 Ὅθεν
382 4346 728 4416 γινώσκομεν
779 4349 862 4401 ὅτι
921 4349 1122 4419 ἐσχάτη
1173 4349 1291 4421 ὥρα
1344 4351 1481 4404 ἐστί.
1515 4369 1531 4400 ι
1587 4349 1744 4401 Καὶί

1857 4346 2092 4403 Attende
2144 4345 2210 4400 iis
2245 4359 2367 4414 quas
2414 4351 2543 4397 sunt
2582 4341 2636 4396 in
2671 4341 2922 4403 Domino,
2959 4339 3254 4410 nequando
3296 4356 3432 4409 pra:-

172 4438 422 4507 Κύριος,
482 4455 501 4489 ι
538 4438 838 4508 Προσέχετε
891 4440 1102 4501 ἑαυτοῖς
1146 4439 1253 4493 ἀπὸ
1294 4440 1405 4492 τῶν
1456 4439 1754 4510 ψευδοπρο-

171 4527 389 4598 φητῶν,
464 4529 660 4592 οἵτινες
704 4530 954 4598 ἔρχονται
1009 4530 1144 4599 πρὸς
1189 4532 1334 4599 ὑμᾶς
1387 4533 1446 4586 ἐν
1491 4530 1753 4600 ἐνδύμασι

1861 4438 2136 4498 terfluant,
2166 4433 2476 4489 comedenti
2499 4432 2645 4488 enim
2671 4447 2828 4486 uvam
2857 4431 3112 4484 acerbam
3134 4431 3426 4500 obstupes-

1862 4539 1992 4584 cunt
2040 4527 2250 4582 dentes.
2309 4524 2694 4594 Unusquisque
2746 4530 2972 4591 peccato
3002 4535 3105 4576 suo
3136 4521 3424 4576 morietur.

173 4589 493 4689 προϐάτων.
526 4589 816 4674 εωὸωέὲ
847 4621 951 4673 εἰσι
990 4589 1142 4675 λύκοι
1185 4589 1434 4692 ἅρπαγες
1455 4640 1467 4654 ·
1502 4589 1744 4676 ἀπὺ-τῶν

1859 4619 2213 4675 Ecclesiastes
2235 4617 2309 4671 ait
2337 4633 2350 4671 :
2384 4634 2402 4668 ι
2438 4589 2648 4669 Tribuli
2673 4623 2729 4668 et
2747 4589 2934 4684 laquei
2957 4614 3012 4667 in
3035 4612 3139 4667 viis
3163 4613 3422 4682 obliquis.

172 4709 410 4779 καρπῶν
449 4711 629 4762 αὐτῶν
675 4713 950 4780 γνώσεσθε
996 4714 1214 4777 αὐτούς.
1250 4733 1268 4765 ι
1324 4713 1498 4784 Ἀυτῷ
1548 4717 1581 4784 ὴ
1624 4713 1744 4780 δόξα

1859 4712 1952 4782 qui
1983 4719 2165 4764 autem
2195 4706 2433 4762 custodit
2467 4705 2705 4761 animam
2736 4719 2888 4758 suam
2919 4703 3226 4772 ell'ugietea
3249 4705 3290 4756 '.
3325 4722 3428 4754 »-

171 4799 254 4868 τῷ
281 4799 648 4872 φιλανθρώπῳ
683 4803 803 4875 Θεῷ
834 4805 913 4868 είς
944 4805 1068 4866 τοὺς
1097 4805 1318 4868 αἰῶνας.
1364 4806 1556 4877 Ἀμήν.

1868 4822 1884 4852 ι
1908 4800 2065 4856 Omni
2090 4798 2336 4854 custodia
2364 4812 2520 4852 serva
2547 4811 2643 4852 cor
2668 4805 2843 4860 tuum,
2869 4809 2935 4848 ex
2965 4808 3034 4849 eo
3070 4794 3216 4849 enim
3247 4793 3429 4848 exitus

170 4892 308 4946 vita:
356 4893 397 4946 ⁸.
431 4911 447 4942 ι
483 4894 687 4949 lterum
720 4912 734 4950 :
773 4914 790 4946 ι
817 4897 1067 4966 Ρτωρειιδο
1122 4897 1189 4951 ad
1243 4899 1450 4953 exitum
1491 4913 1655 4970 opera
1712 4907 1824 4959 tua,
1861 4905 1916 4950 et
1950 4908 2258 4964 praeparare
2290 4893 2342 4947 in
2378 4906 2568 4962 agrum
2602 4891 2642 4954 ⁷,
2686 4909 2703 4940 ι
2747 4898 2803 4943 et
2842 4887 2978 4943 vade
3031 4898 3154 4957 post
3209 4903 3318 4950 me,
3369 4897 3427 4939 et

171 4983 543 5040 reaediflcabis
593 4988 820 5041 domum
871 4996 1047 5050 tuam,
1098 5003 1220 5057 quae
1263 4989 1486 5058 quidem
1522 5005 1633 5060 pne
1672 4991 1880 5044 cariosa
1911 4995 2180 5042 vetustate
2209 4982 2654 5054 transgressibnis
2711 4979 2876 5036 Adam
2915 4980 3149 5048 collapsa
3188 4986 3336 5037 erat,
3372 4977 3424 5029 in

171 5071 510 5143 baptismate
539 5081 723 5128 autem
752 5074 1051 5130 instaurata
1107 5085 1210 5129 est.
1239 5075 1532 5146 Apostolus
1556 5078 1682 5132 item
1716 5076 1914 5130 Paulus
1949 5094 1959 5128 :
2000 5095 2018 5128 ι
2053 5075 2246 5130 Videte
2293 5072 2569 5144 quomodo
2610 5068 2917 5133 ambuletis,
2952 5083 3060 5122 non
3094 5069 3249 5139 quasi
3289 5066 3430 5121 insi-

171 5166 420 5236 pientes,
476 5165 571 5220 sed
604 5175 666 5220 ut
709 5167 989 5234 sapientes
1061 5169 1398 5225 redimentes
1469 5178 1721 5239 tempus,
1751 5170 2008 5235 quoniam
2037 5169 2158 5224 dies
2186 5167 2312 5223 mali
2349 5175 2478 5222 sunt
2516 5166 2556 5218 '.
2595 5183 2610 5214 ι
2644 5164 2710 5219 Et
2776 5164 2830 5217 in
2900 5163 3216 5232 apostolicis
3277 5161 3427 5215 Acti-

173 5257 286 5312 bus
319 5275 332 5310 :
371 5276 389 5308 ι
430 5257 708 5314 Attendite
734 5259 893 5314 vobis
923 5259 1057 5331 ipsis
1096 5269 1151 5314 et
1210 5261 1470 5317 universo
1501 5262 1667 5331 gregi,
1707 5262 1757 5316 in
1799 5277 1908 5331 quo
1954 5262 2135 5331 posuit
2184 5276 2282 5315 vos
2316 5259 2552 5329 Spiritus
2587 5265 2811 5311 sanctus
2860 5270 3084 5326 pascere
3129 5253 3424 5309 Ecclesiam

175 5350 274 5406 Dei
325 5351 366 5402 ⁹.
404 5369 421 5400 ι
492 5350 557 5404 Et
619 5350 905 5406 Joannes:
975 5370 996 5406 ι
1056 5353 1242 5415 Pueri,
1283 5355 1581 5408 novissima
1641 5355 1771 5408 hora
1836 5361 1948 5413 est.
2000 5353 2144 5408 sicut
2172 5352 2401 5407 audistis
2439 5350 2507 5404 de
2567 5347 2937 5412 Antichristo,
2993 5346 3119 5416 quia
3160 5347 3328 5402 venit.
3372 5358 3426 5399 ιιι

175 5457 331 5495 nunc
361 5441 674 5496 antichristi
718 5441 876 5497 multi
948 5454 1098 5504 sunt,
1131 5444 1274 5501 unde
1340 5446 1543 5498 scimus
1572 5446 1699 5513 quia
1747 5444 2042 5498 novissima
2083 5443 2215 5498 hora
2246 5453 2327 5498 est
2357 5443 2418 5494 '°.
2447 5461 2462 5492 ι
2512 5441 2773 5497 Dominus
2811 5455 3066 5510 quoque:
3100 5458 3115 5490 ι
3153 5438 3427 5494 Attenditc

247 5620 298 5650 ”
344 5619 500 5674 Deut.
557 5637 624 5682 tv,
675 5622 725 5685 9,
765 5623 852 5676 20.

173 5689 398 5744 'Eccle.
433 5707 524 5754 ιιι,
579 5693 665 5744 27.

175 5772 232 5818 ll.
280 5759 340 5812 IS

971 5624 982 5651 '
1039 5624 1194 5679 Deut.
1253 5643 1339 5682 vt.

776 5695 794 5722 ⁸
848 5695 1002 5748 Prov.
1045 5710 1112 5748 tv.
1171 5694 1256 5750 ‘25.

1410 5627 1498 5683 l2.
1545 5627 1623 5678 I5.
1737 5629 1752 5657 ²
1788 5627 1942 5681 [ιι-ιιι.
2005 5644 2092 5688 st,
2140 5628 2218 5680 l6.

1428 5696 1585 5749 l‘rov.
1650 5713 1786 5758 μιν,
1831 5697 1913 5747 :27.

2337 5627 2356 5656 ³
2388 5625 2589 5681 Jerem.
2633 5640 2738 5686 xxI,
2785 5625 2833 5678 8.
2950 5623 2967 5654 δ
2997 5622 3194 5691 Ephcs.
3251 5638 3322 5676 v.
3377 5621 3425 5672 Β.

2031 5699 2048 5726 ¹⁸
2090 5698 2286 5769 Flpltt‘s.
2325 5714 2374 5759 v,
2427 5697 2508 5750 l3.
2588 5698 2604 5726 θ
2640 5697 2755 5750 Act.
2806 5710 2892 5756 xx,
2946 5692 3032 5746 ‘28.
3153 5691 3192 5720 ‘°
3227 5692 3241 5743 l
3277 5691 3428 5744 .lnzm.
