4178 6436
797 414 931 477 1619

2046 428 2407 486 ANTIOCHI
2448 429 2790 488 MUNACIII

3896 435 4031 499 1620

794 530 952 582 vobis
984 528 1114 597 ipsis
1136 543 1166 582 a
1210 529 1359 583 falsis
1384 532 1684 599 prophetis,
1725 533 1818 602 qui
1851 536 2081 589 veniunt
2119 537 2185 590 ad
2212 552 2306 592 vos
2352 537 2406 591 in
2440 541 2783 594 vestimentis
2818 540 3027 604 ovium,
3058 540 3391 596 intrinsecus
3422 552 3605 596 autem
3639 554 3770 597 sunt
3798 546 3909 612 lupi
3949 560 4033 600 ra-

795 634 1000 688 paces:
1051 636 1081 673 a
1126 619 1399 674 fructibus
1440 636 1631 675 eorum
1671 626 2014 693 e0gnoscetis
2051 644 2147 681 eos
2188 630 2249 678 ¹¹.
2276 647 2293 677 ι
2336 629 2440 697 Ipsi
2473 630 2645 698 gloria
2685 631 2737 684 in
2788 632 3001 685 saecula.
3032 635 3223 686 Amen.

1234 754 1275 821 ι
1289 753 1442 823 123
1480 753 1759 810 IIOMILIA
1787 756 1943 812 LXII.

1132 864 1207 917 De
1230 865 1453 934 benigna
1476 875 1523 919 et
1541 869 1675 920 comi
1701 868 2039 926 allocutione.

868 974 1107 1042 Bcnigna
1164 984 1217 1028 et
1253 977 1439 1030 suavis
1484 977 1743 1032 allocutio
1774 997 1803 1034 e
1836 980 1980 1035 bono
2028 982 2212 1035 cordis
2244 983 2361 1035 the-

794 1077 959 1117 sauro
985 1063 1188 1117 exserit
1218 1079 1276 1117 se
1307 1080 1371 1118 ae
1396 1066 1619 1134 promit.
1640 1068 1751 1121 Nisi
1775 1069 1922 1122 enim
1944 1070 2067 1137 quis
2092 1085 2250 1123 suum
2281 1072 2363 1139 ip-

798 1155 913 1208 sius
943 1170 1037 1208 cor
1081 1156 1149 1209 ab
1198 1156 1379 1209 inutili
1425 1160 1658 1226 garrula
1713 1160 2009 1215 locutionis
2042 1163 2362 1231 expurgarit

799 1244 998 1303 abusu.
1023 1244 1344 1312 neutiquam
1365 1246 1412 1298 is
1436 1247 1676 1314 poluerit
1694 1248 2028 1316 compellare
2049 1249 2247 1302 fratres
2272 1250 2365 1302 be-

795 1334 962 1403 nigno
988 1333 1178 1388 affatu.
1202 1335 1440 1400 Tametsi
1476 1337 1652 1391 videri
1688 1339 1857 1406 possit
1884 1340 2131 1406 qumdam
2187 1340 2360 1393 disse-

796 1442 917 1479 rere
950 1425 1317 1489 auditoribus,
1353 1426 1547 1495 ingrati
1574 1438 1754 1481 tamen
1788 1428 1957 1482 futuri
1989 1440 2121 1483 sunt
2155 1446 2366 1484 sermo-

797 1532 895 1570 nes
929 1517 1159 1586 acdigni
1194 1518 1287 1585 qui
1318 1517 1697 1584 repudientur,
1723 1534 1901 1587 neque
1935 1522 2082 1574 enim
2115 1522 2366 1575 rorulen-

798 1618 907 1661 tam
940 1608 1085 1661 illam
1125 1608 1329 1660 habent
1366 1608 1707 1677 asperginem
1740 1612 1929 1677 gratize
1961 1610 2203 1677 Spiritus
2233 1627 2363 1665 san-

799 1700 892 1754 cti.
921 1699 1182 1768 Quisquis
1210 1700 1363 1768 cupit
1390 1701 1642 1753 nonnihil
1672 1702 1933 1769 prodesse
1959 1702 2128 1755 verbo
2180 1718 2302 1767 suo,
2335 1719 2364 1757 a

796 1792 909 1846 Deo
935 1791 1116 1846 Verbo
1151 1792 1380 1859 supplex
1418 1792 1657 1860 postulet
1698 1793 1925 1845 verbum
1962 1794 2015 1846 in
2079 1795 2364 1862 apertione

795 1885 910 1938 oris
950 1885 1033 1939 sui
1073 1901 1086 1937 :
1120 1883 1579 1953 quemadmodmn
1614 1894 1671 1938 et
1703 1886 1866 1939 Isaias
1888 1886 1963 1939 ait
1995 1903 2007 1939 :
2050 1905 2066 1936 ι
2103 1888 2365 1941 Dominus

796 1972 890 2026 dat
913 1974 1046 2028 mihi
1072 1973 1310 2043 linguam
1333 1973 1629 2037 eruditam,
1651 1984 1710 2027 ut
1739 1976 1987 2028 noverim
2014 1993 2176 2045 quem
2202 1994 2366 2046 opor-

3056 766 3273 819 ΛΟΓΟΣ
3308 769 3423 821 ΞΒ’.

2932 878 3067 946 Περὶ
3108 883 3571 950 χρηστολογίας.

2573 987 2637 1039 'll
2698 991 3054 1058 χρηστολογῖα
3102 995 3165 1045 ἐκ
3213 994 3307 1046 τοῦ
3352 995 3554 1063 ἀγαθοῦ
3606 996 3891 1066 θησαυροῦ
3935 998 4031 1064 τῆς

2463 1077 2685 1146 καρδίας
2715 1080 3061 1149 προέρχεται.
3106 1083 3231 1135 Ἐὰν
3261 1086 3333 1154 μή
3356 1102 3439 1147 τις
3461 1086 3679 1158 καθάρῃ
3714 1087 3812 1155 τὴν
3841 1087 4029 1139 ἑαυτοῦ

2465 1168 2687 1236 καρδίαν
2726 1169 2833 1221 ἀπὸ
2861 1172 3275 1239 χρηστολογίας,
3322 1176 3645 1245 ἑγρηγορεῖν
3690 1182 3752 1229 ου
3785 1178 4028 1231 δύναται.

2465 1258 2584 1311 Κᾶν
2619 1260 2727 1327 γὰρ
2753 1259 2903 1312 δοκεῖ
2948 1262 3123 1329 λέγειν
3164 1267 3276 1326 τοῖς
3305 1265 3617 1331 ἀκροαταῖς,
3669 1268 4030 1336 ἀπρόσδεκτοε

2465 1348 2604 1398 εἰσιν
2648 1347 2696 1398 οί
2741 1346 2890 1414 λόγοι
2945 1349 3132 1411 αὑτοῦ,
3195 1357 3288 1403 καὶ
3338 1353 3655 1421 ἀπόϐλητοι,
3705 1356 3781 1424 μὴ
3822 1356 4035 1423 ἔχοντες

2469 1438 2668 1506 ίκμαδα
2691 1438 2789 1506 τῆς
2815 1439 3032 1507 χάριτος
3055 1441 3149 1492 τοῦ
3181 1442 3494 1511 [Ινεύματος
3516 1443 3607 1496 τοῦ
3636 1446 3815 1511 ἁγίου.
3858 1447 3913 1497 ’0
3946 1445 4035 1497 θέ-

2466 1526 2570 1578 λων
2604 1522 2696 1579 οὗν
2725 1526 3002 1593 ὠφελῆσαί
3040 1546 3162 1580 τινα
3202 1531 3259 1581 ὲν
3299 1530 3463 1600 λόγῳ,
3506 1534 3721 1601 αἰτήσει
3755 1536 3911 1602 παρὰ
3943 1533 4033 1585 τοῦ

2465 1614 2598 1666 θεοῦ
2644 1616 2818 1681 Λόγου
2864 1616 3021 1683 λόγον
3066 1618 3123 1669 ἐν
3170 1618 3367 1684 ἀνοίξει
3405 1620 3498 1673 τοῦ
3540 1623 3808 1691 στόματος
3851 1623 4035 1692 αὑτοῦ,

2463 1705 2644 1767 καθὼς
2676 1710 2704 1759 ὁ
2744 1707 2970 1771 Ἡσαΐας
3019 1707 3355 1778 διαγορεύει·
3404 1729 3423 1761 ι
3462 1713 3665 1782 Κύριος
3704 1718 3837 1783 γαρ,
3882 1720 4035 1781 cui,

2461 1795 2674 1848 δίδωσίν
2721 1814 2812 1865 μοι
2868 1798 3120 1863 γλῶσσαν
3167 1799 3414 1863 παιδείας
3462 1803 3558 1855 τοῦ
3606 1805 3831 1866 εἰδέναι,
3880 1807 4038 1874 ἡνίκα

2461 1886 2540 1938 δεῖ
2573 1888 2747 1939 εἰπεῖν
2776 1888 2954 1955 λόγον.
2982 1906 3001 1939 ι
3032 1890 3141 1941 Kal
3164 1890 3379 1956 ἐπάγει,
3419 1912 3437 1943 ι
3462 1892 3757 1947 Ἀκούσατέ
3791 1913 3917 1964 μου,
3947 1898 4039 1949 καὶ

2465 1978 2687 2046 ζήσεται
2723 1981 2780 2029 ὲν
2810 1977 3033 2045 ἀγαθοῖς
3060 1981 3091 2050 ἠ
3120 1980 3265 2048 ψυχὴ
3289 1982 3462 2050 ὑμῶν.
3490 2003 3508 2034 ι
3535 1984 3591 2037 ὐ
3633 1985 3687 2038 δὲ
3726 1987 4035 2056 Παροιμια-

797 2073 903 2118 teat
940 2063 1184 2132 proferre
1213 2077 1527 2115 sermonem
1558 2065 1621 2115 ι’.
1650 2082 1667 2113 ι
1700 2064 1915 2118 lmlueit
1942 2082 1956 2118 -.
1982 2084 1999 2116 ι
2034 2066 2233 2122 Audite
2252 2083 2359 2132 me,

2466 2068 2616 2136 στὴς,
2670 2086 2688 2117 ι
2730 2070 2937 2139 Κηρίον
2974 2070 3206 2139 μέλιτος,
3231 2072 3379 2139 λόγοι
3424 2076 3598 2128 καλοί.
3649 2076 3954 2146 Γλὺκασμα
3982 2079 4034 2130 δὲ

793 2163 851 2209 et
884 2155 1028 2207 vivet
1080 2153 1133 2207 in
1162 2153 1321 2205 bouis
1348 2152 1527 2206 anima
1567 2162 1749 2206 vestra
1773 2154 1839 2205 ¹³.
1875 2173 1892 2204 ι
1924 2154 2308 2209 Ραταιιιιὶιιειοε
2342 2172 2355 2208 :

801 2266 818 2296 ι
853 2247 1029 2301 Favus
1063 2246 1241 2299 mellis
1279 2260 1562 2298 sermones
1583 2245 1735 2307 boni,
1758 2246 2036 2299 edulcatio
2057 2256 2239 2299 autem
2262 2262 2358 2300 eo-

793 2353 913 2390 rum
939 2336 1170 2398 auditio,
1222 2343 1279 2389 et
1308 2335 1511 2388 sanitas
1557 2335 1752 2389 animae
1785 2336 1848 2388 η.
1885 2355 1910 2415 ,ι
1939 2336 2360 2404 Quantieuuqne

792 2428 937 2480 enim
965 2426 1029 2478 ad
1056 2424 1351 2493 parandam
1375 2426 1607 2479 salutem
1639 2412 1978 2492 pertinentes
2026 2426 2362 2494 depromun—

791 2528 901 2579 tur,
943 2531 1206 2585 perquam
1228 2531 1450 2569 suavem
1478 2516 1828 2569 duIcedinem
1861 2526 2025 2584 atque
2066 2516 2357 2570 sanitatem

792 2609 1080 2677 ingignuut
1108 2607 1321 2662 animze.
1348 2608 1452 2661 Sed
1476 2614 1555 2661 'et
1592 2608 1831 2676 prudens
1884 2609 1937 2661 in
1972 2610 2227 2677 negoLis,
2276 2610 2360 2661 in-

791 2706 987 2751 ventor
1017 2697 1307 2751 bonorum.
1329 2696 1498 2750 Labia
1522 2698 1779 2751 amabilia
1807 2707 1956 2760 sunt,
1991 2715 2112 2766 qua:
2137 2715 2362 2767 respon-

790 2791 923 2845 dent
953 2804 1236 2844 sermones
1270 2790 1463 2842 bonos.
1488 2789 1555 2843 Et
1598 2808 1611 2841 :
1647 2808 1664 2839 ι
1702 2788 1869 2842 Labia
1909 2790 2052 2842 lenia
2081 2790 2361 2843 occultant

790 2881 1067 2935 tristitiam
1100 2879 1285 2933 cordis
1315 2881 1378 2932 ¹⁸.
1418 2898 1435 2929 ι
1493 2880 1707 2933 Rursus
1734 2897 1746 2931 :
1788 2898 1805 2926 ι
1840 2879 2033 2934 Sermo
2058 2882 2233 2936 tristis
2258 2897 2358 2935 ex-

789 2970 925 3024 citat
955 2969 1085 3033 iras,
1113 2968 1297 3038 lingua
1327 2978 1513 3023 autem
1554 2971 1887 3038 sapientium
1922 2971 2063 3023 bona
2106 2973 2294 3035 scit",
2334 2995 2351 3025 ι

791 3060 1002 3114 medela
1038 3061 1183 3114 enim
1228 3060 1456 3128 linguae,
1494 3061 1658 3113 arbor
1717 3061 1861 3114 vitze.
1913 3061 2116 3115 lterum
2161 3080 2173 3115 :
2215 3082 2233 3112 ι
2286 3063 2360 3117 Os

787 3149 919 3220 justi
955 3149 1183 3203 distillat
1204 3149 1550 3217 sapientiam,
1579 3158 1634 3201 et
1680 3148 1821 3202 labia
1868 3150 2143 3218 justorum
2179 3152 2360 3206 distil-

792 3242 906 3297 lant
936 3241 1160 3309 gratias.
1191 3259 1210 3291 ι
1244 3240 1346 3292 Et:
1383 3260 1399 3290 ι
1437 3239 1512 3293 Os
1557 3240 1765 3294 humile
1794 3240 2088 3295 meditatur
2144 3242 2362 3312 sapien-

792 3334 921 3387 tiam
955 3335 1019 3385 ¹⁷.
1070 3351 1087 3382 ι
1132 3332 1381 3385 Rursus:
1417 3350 1434 3380 ι
1492 3331 1536 3383 Α
1568 3331 1840 3385 fructibus
1890 3332 2003 3386 oris
2031 3334 2209 3388 anima
2252 3334 2355 3388 viri

2461 2157 2641 2209 αὐτῶν
2687 2158 2846 2223 ἀκοὴ,
2891 2161 2985 2211 καὶ
3042 2160 3184 2222 ῖασις
3230 2162 3427 2231 ψυχῆς.
3467 2183 3485 2215 ι
3521 2165 3675 2217 Ὅσοι
3736 2168 3851 2235 γὰρ
3901 2167 4037 2233 πρὸς

2462 2249 2737 2317 σωτηρίαν
2768 2248 3035 2315 λέγονται,
3072 2251 3366 2320 γλύκασμα
3408 2255 3502 2306 καί⁵
3546 2256 3689 2307 ῖασιν
3715 2257 4037 2323 ἐμποιοῦσιν

2460 2341 2525 2405 τῇ
2551 2337 2717 2405 ψυχῇ.
2750 2338 2974 2402 Συνετδς
3000 2340 3058 2392 δὲ
3090 2343 3145 2392 ἐν
3172 2343 3496 2412 πράγμασιν
3534 2346 3761 2415 εὑρετὴς
3791 2347 4031 2411 ἀγαθῶν.

2462 2429 2569 2480 Kal
2602 2428 2752 2498 χείλη
2790 2430 3106 2496 φιλήσουσιν
3140 2433 3548 2502 ἁποκρινόμενα
3586 2436 3781 2501 λόγους
3814 2437 4032 2498 καλούς.

2460 2518 2592 2580 Kal,
2640 2536 2657 2568 ι
2700 2518 2868 2588 Χείλη
2920 2520 3037 2573 λεῖα
3111 2522 3375 2575 καλύπτει
3428 2524 3653 2593 καρδίαν
3704 2527 3979 2597 λυπηράν.
4011 2548 4029 2579 ι

2464 2612 2571 2664 Kal
2604 2610 2784 2673 πάλιν,
2827 2610 3029 2679 «Λόγος
3065 2612 3307 2683 λυπηρὸς
3347 2616 3550 2686 ἐγείρει
3576 2619 3748 2687 όργάς
3770 2636 3787 2650 °
3816 2620 4038 2685 γλῶσσα

2460 2701 2517 2753 δὲ
2548 2701 2749 2766 σοφῶν,
2796 2702 2937 2754 καλά
2980 2703 3268 2759 ἐπίσταται
3293 2723 3306 2737 ⁸
3348 2725 3365 2756 ι
3402 2708 3545 2769 ῖασις
3596 2709 3705 2777 γάρ
3758 2710 4034 2780 γλώσσης,

2459 2789 2673 2857 δένδρον
2699 2788 2864 2855 ζωῆς.
2900 2791 3008 2843 Kal
3038 2791 3218 2855 πάλιν,
3250 2810 3267 2844 ι
3298 2793 3479 2862 Στόμα
3502 2795 3713 2847 δικαίου
3736 2796 4038 2858 ἀποστάζει

2463 2879 2677 2947 σοφίαν,
2712 2879 2806 2932 καὶ
2846 2880 3001 2948 χείλη
3036 2880 3261 2933 δικαίων
3316 2883 3721 2947 ἀποστάζουσιν
3751 2887 4033 2954 χάριτας..

2461 2970 2588 3031 Kal,
2624 2986 2643 3018 ι
2680 2968 2860 3037 Στόμα
2908 2971 3185 3033 ταπεινὸν,
3234 2971 3436 3041 μελετᾷ
3488 2974 3700 3040 σοφίαν.
3734 2992 3754 3024 ι
3791 2976 3906 3027 Kal
3939 2976 4040 3028 πά-

2460 3060 2563 3121 λιν,
2598 3077 2617 3109 ι
2659 3059 2790 3111 Ἀπὸ
2817 3060 3045 3129 καρπῶν
3076 3062 3365 3129 στόματος,
3400 3064 3543 3132 ψυχὴ
3576 3064 3769 3135 ἀνδρὸς
3796 3066 4039 3134 πληθυν-

2464 3146 2689 3215 θήσεται
2719 3147 2937 3215 ἀγαθῶν
2955 3164 2967 3177 ·
3017 3149 3368 3218 ἀνταπόδομα
3399 3151 3455 3203 δὲ
3485 3152 3710 3219 χειλέων
3734 3152 3929 3215 αὐτοῦ,
3952 3154 4039 3205 δο-

2462 3238 2688 3308 θήσεται
2716 3237 2917 3307 αὐτῷ.»
2948 3240 3054 3291 Kal
3073 3239 3249 3303 αὖθις,
3270 3260 3288 3293 ι
3310 3242 3476 3309 Χείλη
3504 3242 3733 3309 ἀληθινὰ
3781 3245 4040 3313 κατορθοῖ

2469 3327 2791 3399 μαρτυρίαν.
2826 3330 2888 3380 Ol
2919 3328 2975 3380 δὲ
3009 3330 3321 3398 βουλόμενοι
3354 3332 3681 3400 εἰρηνεύειν,
3720 3335 4037 3405 εὐφρανθή-

794 3425 1095 3493 replebitur
1127 3424 1288 3477 bonis
1312 3439 1326 3487 ;
1351 3422 1646 3476 retributio
1671 3422 1941 3477 labiorum
1968 3426 2087 3493 ejus
2138 3426 2360 3479 dabitur

2466 3384 2663 3473 cavam:
2697 3437 2715 3470 ι
2755 3420 2812 3471 ’0
2858 3419 2917 3472 δὲ
2957 3384 3230 3489 ’ἴξμνιειδός
3260 3438 3273 3451 ·
3323 3441 3341 3473 ι
3382 3384 3811 3495 ’ὲέηρεύξατοη
3829 3384 4039 3496 ragadia

792 3516 841 3567 ei
873 3512 934 3567 “.
980 3531 998 3563 ο
1030 3512 1241 3565 Rursus
1281 3528 1294 3562 :
1327 3530 1344 3559 ι
1382 3510 1548 3563 Labia
1582 3512 1797 3564 veracia
1826 3526 2092 3580 prospere
2112 3514 2360 3582 dirigunt

794 3603 1191 3663 testimonium,
1230 3602 1325 3670 qui
1355 3612 1537 3653 autem
1565 3600 1757 3655 volunt
1788 3600 1989 3656 habere
2010 3618 2231 3671 pacem,
2268 3606 2360 3659 lae—

793 3697 1057 3752 tabuntur
1113 3696 1171 3745 “'.
1250 3713 1268 3741 ι
1336 3691 1563 3746 Melieus
1620 3691 1949 3760 hymnorum
2001 3702 2355 3748 coucentor:

800 3803 819 3834 ι
856 3782 1135 3837 Eruetavit
1187 3796 1282 3835 eor
1320 3795 1501 3834 meum
1554 3778 1783 3833 verbum
1836 3781 2040 3835 bonum
2069 3783 2135 3835 '°.
2173 3802 2191 3834 ι
2246 3783 2356 3838 Et:

799 3893 817 3926 ι
854 3875 1118 3929 Dominus
1149 3872 1304 3926 dabit
1322 3872 1552 3925 verbum
1600 3872 2107 3941 evangelizautibus
2152 3875 2358 3932 virtute

792 3967 963 4019 multa
991 3964 1057 4017 “.
1095 3983 1111 4016 ι
1145 3963 1210 4017 Ει
1246 3980 1258 4015 :
1305 3980 1323 4011 ι
1357 3962 1768 4025 Domine,labia
1800 3979 1919 4017 mea
1942 3966 2176 4033 aperies,
2204 3975 2261 4020 et
2297 3983 2360 4022 os

792 4072 975 4111 meum
998 4053 1348 4109 annuntiabit
1384 4052 1601 4105 Iaudem
1651 4063 1797 4106 tuam
1833 4055 1899 4107 ".
1939 4074 1957 4105 ι
1984 4055 2090 4108 Sed
2125 4066 2181 4110 et
2214 4058 2356 4112 Pau-

792 4148 879 4200 lus
900 4162 995 4215 per
1014 4145 1307 4214 epistolam
1340 4142 1512 4197 dicit:
1545 4162 1563 4193 ι
1612 4142 1805 4197 Sermo
1842 4154 2024 4199 vester
2049 4162 2265 4215 semper
2300 4150 2356 4202 in

791 4235 964 4305 gratia
990 4235 1103 4288 sale
1142 4235 1214 4287 sit
1246 4233 1526 4290 conditus.
1572 4242 1630 4284 ut
1654 4233 1839 4287 sciatis
1873 4237 2149 4303 quomodo
2192 4254 2358 4307 opor-

794 4334 905 4381 teat
958 4339 1055 4378 vos
1087 4323 1383 4391 unicuique
1434 4324 1765 4392 respondere
1796 4326 1862 4377 ".
1917 4346 1934 4377 ι
1966 4327 2033 4380 Et
2060 4328 2126 4380 ad
2160 4329 2360 4403 Roma-

790 4432 933 4473 nos:
976 4435 993 4465 ι
1030 4414 1292 4469 Desidero
1339 4415 1486 4467 enim
1527 4413 1716 4469 videre
1747 4431 1864 4479 vos,
1895 4425 1955 4470 ut
2008 4419 2213 4488 aliquid
2254 4421 2359 4473 im-

792 4508 999 4576 pertiar
1037 4504 1195 4557 vobis
1242 4502 1426 4571 gratia:
1477 4502 1801 4571 spiritualis,
1851 4504 1918 4557 ad
1949 4506 2358 4563 conlimiaudos

790 4614 911 4661 vos,
942 4596 995 4649 id
1015 4602 1120 4657 est,
1153 4592 1315 4646 sinml
1361 4592 1633 4647 consolari
1677 4593 1731 4647 in
1761 4596 1918 4651 vobis
1962 4614 2062 4667 per
2090 4613 2209 4652 eam
2236 4616 2358 4669 quae

792 4688 1026 4743 invicem
1073 4694 1178 4747 est,
1224 4684 1385 4736 tidem
1414 4683 1480 4735 ’⁸.
1524 4701 1541 4732 ι
1608 4682 1810 4738 lterum
1859 4702 1872 4738 :

794 4790 1238 4845 unumquemque
1286 4781 1525 4827 vestrum
1564 4782 1620 4826 et
1646 4776 2011 4840 consolantes,
2068 4787 2126 4832 ut
2164 4780 2353 4834 ambus

791 4870 917 4925 letis
942 4869 1103 4936 digne
1129 4866 1239 4919 Deo
1266 4866 1331 4919 ”.
1362 4884 1379 4915 ι
1413 4865 1674 4933 Quisquis
1702 4865 1868 4935 igitur
1898 4870 2066 4924 sentit
2100 4886 2158 4925 se
2181 4888 2211 4925 a
2243 4872 2355 4927 Deo

790 4959 1064 5024 accepisse
1085 4956 1346 5010 doctrinae
1366 4955 1592 5019 donum,
1615 4955 1871 5023 loquatur
1890 4961 2039 5014 oumi
2092 4977 2217 5015 cum
2240 4978 2354 5016 mo-

790 5051 988 5112 destia,
1014 5056 1074 5101 ut
1104 5048 1225 5101 aliis
1254 5047 1715 5113 sitaedilieationi,
1744 5065 1812 5103 ne
1837 5050 1976 5104 forte
2006 5052 2084 5105 illi
2110 5062 2356 5108 vertatur

791 5141 1011 5197 crimini
1038 5140 1192 5210 quasi
1220 5139 1312 5208 qui
1350 5141 1617 5194 talentum
1650 5142 1993 5197 Dominicqu
2026 5146 2349 5199 occuluerit.

792 5234 897 5301 Qui
931 5241 1113 5287 autem
1141 5231 1383 5284 nondum
1414 5231 1618 5285 donum
1655 5233 1759 5287 tale
1793 5235 2026 5304 accepit,
2059 5236 2218 5291 sileat
2268 5238 2352 5291 in-

791 5325 972 5381 terim.
995 5336 1096 5375 nec
1115 5336 1145 5374 e
1171 5320 1336 5373 corde
1358 5334 1458 5373 suo
1472 5320 1811 5388 prosilientia
1840 5324 2010 5378 verba
2036 5326 2240 5379 nullius
2260 5325 2355 5379 bo-

793 5432 872 5469 na:
906 5413 1078 5482 frugis
1099 5411 1365 5481 proferat,
1396 5426 1463 5465 ne
1496 5411 1636 5467 forte
1666 5414 1721 5467 in
1741 5429 1799 5469 se
1823 5415 2010 5469 audiat
2036 5415 2352 5484 detorqueri

869 5626 904 5655 "
966 5624 1153 5678 Matth.
1208 5641 1299 5688 vn,
1364 5629 1444 5683 l5.
1498 5629 1581 5682 Ili.

793 5710 906 5751 au.
962 5696 1042 5745 18.
1149 5694 1189 5725 "’
1235 5696 1391 5750 I'rov.
1446 5715 1530 5758 xv,
1598 5697 1683 5749 ‘28.

794 5766 839 5797 ³³
898 5765 1031 5816 I‘sit".
1073 5778 1120 5823 t.,
1164 5765 1243 5817 l7.

1695 5626 1736 5658 “
1766 5627 1867 5680 lsa.
1892 5644 1940 5690 t.,
1968 5627 2019 5680 4.

1800 5698 1841 5726 ¹⁸
1876 5698 2033 5749 I’rov.
2094 5713 2184 5753 xu.
2220 5698 2300 5749 I4.

1359 5769 1401 5797 ⁸³
1429 5769 1638 5821 Culus».
1684 5783 1753 5825 ιι,
1783 5766 1813 5809 li

2137 5628 2176 5657 ”
2204 5627 2304 5680 Isa.
2344 5642 2426 5684 Lv.
2457 5628 2507 5680 3.

2414 5699 2455 5725 "'
2480 5695 2615 5750 Ibid.
2651 5697 2739 5750 ‘20.
2814 5698 2859 5727 ὐ
2892 5697 3031 5751 ΙδειιΙ.
3092 5712 3209 5749 xuv
3239 5735 3251 5755 .
3291 5698 3345 5750 2.

1914 5770 1955 5795 "‘
2016 5768 2169 5819 llum.
2216 5782 2249 5825 t.
2307 5766 2388 5828 Il,
2438 5767 2516 5819 Η.
2597 5767 2639 5797 ⁸⁵
2690 5766 2897 5820 Coloss.
2955 5781 2991 5823 ι,
3045 5766 3127 5820 10.

2463 3527 2563 3579 μου
2594 3510 2751 3578 λόγον
2783 3511 3009 3578 ἀγαθόν.
3049 3531 3067 3562 ι
3107 3513 3235 3576 Kal,
3269 3532 3288 3565 ι
3320 3514 3525 3583 Κύριος
3555 3515 3716 3569 δώσει
3744 3519 3900 3589 ῥῆμα
3930 3522 4040 3583 τοῖς

2458 3598 2969 3668 εὐαγγελιζομένοις
3005 3599 3236 3669 δυνάμει
3294 3602 3486 3670 πολλῇ.
3524 3620 3541 3652 ι
3594 3604 3727 3666 Kal,
3785 3623 3805 3655 ι
3842 3604 4041 3675 Κύριε,

2457 3690 2525 3742 τὰ
2556 3689 2710 3760 χείλη
2763 3708 2863 3759 μου
2918 3690 3170 3754 ἀνοίξεις,
3229 3692 3324 3743 καὶ
3369 3690 3430 3743 τὸ
3482 3693 3656 3761 στόμα
3718 3711 3822 3762 μου
3876 3697 4039 3761 ἀναγ-

2457 3781 2603 3848 γελεῖ
2651 3780 2747 3850 τὴν
2770 3780 2973 3833 αῖνεσίν
3006 3797 3119 3835 σου.
3152 3800 3170 3832 ι
3200 3782 3534 3835 Ἐπιστέλλει
3564 3783 3621 3835 δὲ
3646 3784 3741 3835 καὶ
3764 3786 3795 3836 ὀ
3828 3784 4040 3849 Παῦλος

2460 3856 2656 3936 λέγων,
2697 3891 2715 3923 ι
2764 3872 2822 3923 '0
2852 3872 3008 3939 λόγος
3041 3872 3197 3939 ὑμῶν
3226 3873 3456 3926 πάντοτε
3507 3876 3564 3926 ὲν
3614 3875 3824 3943 χάριτι,
3880 3878 4039 3930 alat:

2458 3964 2781 4033 ἠρτυμένος,
2816 3964 3013 4017 ειδέναι
3046 3964 3164 4027 πῶς
3197 3966 3278 4017 δεῖ
3303 3966 3518 4034 ἑκάστῳ
3550 3966 3691 4035 ὑμᾶς
3729 3969 4038 4036 ἀποκρίνα-

2460 4055 2604 4108 σθαι.
2641 4074 2658 4105 ι
2696 4056 2806 4109 Kal
2856 4056 3186 4123 Ῥωμαίοις·
3253 4075 3269 4106 ι
3301 4056 3578 4109 Ἐπιποθῶ
3634 4057 3782 4126 γὰρ,
3836 4063 4039 4125 φησιν,

2461 4147 2590 4199 ἰδεῖν
2622 4147 2785 4215 ὑμᾶς,
2817 4147 2902 4199 ἴνα
2926 4162 2979 4197 τι
3026 4146 3244 4214 μεταδῶ
3276 4147 3524 4215 χάρισμα
3556 4148 3684 4215 ὑμῖν
3725 4164 4039 4216 πνευματιο

2460 4237 2575 4299 κὸν,
2612 4238 2691 4299 εἰς
2731 4238 2790 4288 τὸ
2815 4236 3174 4305 στηριχθῆναι
3205 4238 3371 4305 ὑμᾶς.
3399 4236 3567 4290 Τοῦτο
3593 4238 3648 4289 δέ
3688 4242 3862 4301 ἐστιν,
3896 4259 4038 4307 συμο

2462 4328 2879 4399 παρακληθῆναι
2910 4330 2967 4379 tv
2987 4328 3113 4396 ὑμῖν
3141 4328 3230 4379 διὰ
3260 4328 3362 4395 τῆς
3391 4329 3450 4380 ὲν
3486 4328 3738 4397 ἀλλήλοις
3773 4330 4039 4393 πίστεως,

2459 4417 2615 4484 ὑμῶν
2651 4432 2710 4468 τε
2766 4416 2857 4468 καὶ
2892 4413 3048 4484 ἐμοῦ.
3094 4432 3113 4465 ι
3168 4414 3277 4467 Kal
3310 4413 3492 4475 πάλιν,
3530 4433 3548 4466 ι
3579 4415 4039 4484 Παρακαλοῦντες

2461 4507 2555 4560 ἕνα
2582 4508 2813 4559 ἕκαστον
2843 4506 3017 4576 ὑμῶν,
3047 4506 3142 4558 καὶ
3168 4505 3655 4575 παραμυθούμενοι
3682 4508 3762 4569 είς
3789 4509 3852 4559 τὸ
3875 4526 4034 4578 περι.

2462 4602 2654 4651 πατεῖν
2717 4597 2884 4661 ἀξίως
2930 4596 3026 4649 τοῦ
3088 4596 3245 4649 Θεοῦ.
3284 4614 3304 4648 ι
3348 4596 3414 4648 El
3454 4614 3537 4659 τις
3577 4594 3671 4649 οὖν
3714 4599 4037 4653 αἰσθάνεται

1924 4706 1941 4738 ι
1990 4688 2356 4758 Deprecantes

2461 4692 2650 4745 ἑαυτὸν
2714 4691 2973 4759 εἰληφότα
3028 4690 3277 4760 χάρισμα
3329 4690 3670 4751 διδασκαλίας
3722 4693 3873 4758 παρὰ
3944 4691 4038 4743 τοῦ

2461 4782 2618 4842 θεοῦ,
2646 4782 2866 4852 λαλήσει
2896 4782 3035 4850 μετὰ
3058 4782 3578 4851 ταπεινοφροσύνης,
3608 4784 3691 4834 ἵνα
3720 4784 3815 4833 καὶ
3838 4783 4037 4847 ἄλλους

2459 4873 2816 4946 οίκοδομήσῃ,
2872 4873 3083 4942 μήποτε
3123 4873 3217 4925 καὶ
3269 4871 3507 4941 ἐγκληθῇ
3553 4872 3628 4933 ὡς
3659 4874 3689 4925 ὁ
3727 4873 3946 4941 κρύψας
3978 4878 4037 4927 το

2459 4964 2739 5017 τάλαντον.
2786 4964 2843 5016 '0
2881 4963 2936 5015 δὲ
2969 4965 3135 5032 μήπω
3181 4962 3421 5031 εἰληφὼς
3468 4964 3713 5031 χάρισμα
3763 4965 4036 5027 τοιοῦτον,

2461 5056 2688 5122 σιγάτω,
2706 5055 2801 5107 καὶ
2825 5054 2899 5122 μὴ
2919 5052 3329 5125 προίσ]ιρερέτω
3345 5056 3565 5122 ῥήματα
3595 5054 3740 5123 ἀργὰ
3763 5055 3874 5106 ἀπὸ
3898 5074 4033 5126 rap-

2458 5146 2577 5207 δίας
2597 5143 2782 5202 αὑτοῦ.
2817 5145 3025 5213 μήποτε
3046 5143 3275 5214 ἀκούσῃ·
3294 5162 3311 5193 ι
3333 5143 3425 5211 Τῷ
3451 5143 3509 5195 δὲ
3536 5143 3850 5212 ἁμαρτωλῷ
3880 5140 4037 5198 εἶπεν

2459 5239 2488 5290 ὁ
2524 5236 2690 5299 Θεός*
2722 5237 2841 5288 Ἵνα
2900 5235 2952 5286 τί
3004 5236 3066 5287 σὺ
3124 5235 3351 5306 ὲκδιηγῇ
3399 5235 3466 5289 τὰ
3504 5235 3851 5304 δικαιώματά
3908 5254 4037 5306 μου,

2462 5328 2555 5380 καὶ
2588 5327 2993 5394 ἀναλαμϐάνεις
3035 5326 3132 5395 τὴν
3163 5325 3427 5395 διαθήκην
3479 5342 3581 5394 μου
3629 5326 3719 5378 δια
3759 5328 4035 5395 armato;

2464 5433 2556 5469 σου
2585 5432 2598 5446 ·
2628 5418 2693 5468 σὺ
2737 5417 2793 5468 δὲ
2830 5417 3100 5485 ἐμίσησας
3132 5417 3404 5479 παιδείαν,
3460 5417 3551 5467 καὶ
3597 5417 3853 5482 ὲξέόαλες
3908 5421 4037 5480 τοὺς

3795 5628 3839 5660 ³⁸
3864 5629 4031 5686 Prov.

3458 5699 3495 5728 "
3531 5698 3670 5752 l'sal.
3724 5714 3864 5753 ωιτη
3893 5740 3909 5761 ,
3952 5703 4031 5757 ΙΞ.

2630 5628 2668 5658 ³³
2693 5628 2853 5681 l’rov.
2890 5644 2996 5689 xvi,
3057 5626 3145 5679 ει.
3261 5627 3303 5657 ¹⁸
3334 5627 3516 5682 Eccle.
3550 5645 3643 5685 νη.
3669 5629 3721 5681 5.
