4178 6436
162 391 299 453 16Ξὶ

1014 397 1338 457 llO.\lll.l.\
1384 400 1600 457 LXIII.
1630 398 1870 457 -—-NON
1914 399 2095 459 ESSE
2134 398 2577 459 JUIUNDUM.

3291 391 3430 453 16ἒὲ

147 504 354 571 ivi-:02;
389 520 490 572 μου
523 507 601 567 εἰς
621 506 687 559 τὰ
711 505 920 568 ὀπίσως
949 524 965 556 ι
991 537 1055 546 -
1090 507 1147 559 '(I
1173 508 1278 579 γὰρ
1309 508 1512 575 ἀγαθὸς
1544 508 1754 579 ἄνθρω-

1864 508 2005 579 quud
2034 510 2311 578 peecatori
2335 509 2473 563 dixit
2497 511 2642 565 Deus
2681 525 2691 561 :
2739 526 2757 559 ι
2792 509 2975 573 Quare
3014 515 3073 561 tn
3101 506 3428 574 enarrasju—

148 612 280 659 τῖος.
321 596 486 665 φησιν
515 598 543 649 6
590 595 816 667 Κύριος,
850 599 914 651 ὲκ
968 597 1064 651 τοῦ
1100 598 1303 668 ἀγαθοῦ
1343 599 1617 670 Θησαυροῦ
1649 600 1752 669 τῆς

145 688 393 756 καρδίας
445 686 643 753 αὐτοῦ,
693 687 971 741 τοδτέστιν
1022 688 1121 757 τῆς
1166 688 1389 759 χάριτος
1436 688 1529 743 τοῦ
1586 691 1743 756 ἁγίου

148 776 505 845 Πνεύματος,
542 796 560 830 ι
595 777 946 850 προ[σ]φέρει
981 778 1038 833 το
1074 778 1297 846 ἀγαθόν.
1324 797 1342 831 ι
1374 778 1587 849 Λύτῷὴ
1616 778 1743 844 δόξα

148 874 237 930 εἰς
266 870 395 932 τοὺς
438 869 660 935 αἰῶνας.
709 871 904 941 Ἀμήν.

776 1148 994 1203 ΛΟΓΟΣ
1033 1150 1148 1204 EI".

627 1237 764 1303 Περὶ
798 1236 905 1291 τοῦ
931 1239 1015 1307 μὴ
1049 1240 1310 1307 ὀμνύειν.

232 1347 372 1415 Περὶ
406 1346 498 1400 τοῦ
529 1348 603 1417 μὴ
633 1348 876 1417 ὀμνύειν,
912 1351 941 1401 6
977 1350 1076 1421 μὲν
1103 1352 1330 1416 παλαιὸς
1359 1352 1545 1420 νόμος,
1574 1354 1669 1408 ἆτε
1691 1353 1753 1420 δὴ

152 1440 384 1507 νηπίοις
424 1440 752 1509 νομοθετῶν,
798 1443 1124 1508 ἐντέλλεται,
1172 1445 1247 1515 μὴ
1295 1445 1571 1516 ἀκαίρως,
1618 1445 1753 1516 μηδὲ

152 1531 253 1582 ἐπὶ
293 1531 432 1601 δόλῳ
475 1532 554 1598 τῷ
597 1533 811 1602 πλησὶῳ
849 1536 1089 1603 ὀμνύειν.
1153 1537 1314 1605 Ἡμῖν
1361 1537 1415 1590 δὲ
1456 1538 1484 1590 ὁ
1543 1536 1746 1607 Κύριος

148 1621 323 1689 ημῶν
377 1622 472 1675 καὶ
525 1623 716 1694 Σωτὴρ
770 1626 1097 1691 ἐντέλλεται,
1161 1629 1296 1696 μήτε
1346 1627 1480 1688 ὅλως
1528 1626 1744 1697 ὀμόσαι,

155 1711 308 1781 μήτε
341 1712 642 1781 εὐκαίρως,
679 1717 813 1783 μήτε
844 1716 1109 1785 ἀκαίρως.
1144 1735 1161 1768 ι
1199 1719 1351 1771 Ἤτω
1384 1719 1514 1787 γὰρ,
1562 1720 1748 1787 φησιν,

150 1802 215 1850 ἐν
244 1801 378 1869 ὑμῖν
402 1802 480 1859 τὸ,
505 1802 611 1863 ναὶ,
638 1804 744 1858 ναὶ.
774 1804 868 1856 καὶ
889 1805 971 1865 τὸ,
999 1804 1083 1865 οὓ,
1110 1804 1193 1861 οὔ.
1225 1807 1298 1859 Τὸ
1319 1806 1375 1859 δὲ
1402 1806 1744 1876 περισσεῦον.

152 1893 223 1941 ἐκ
266 1890 363 1943 τοῦ
403 1891 638 1961 πονηροῦ
666 1895 832 1947 ἐστιν.
871 1913 888 1944 ι
927 1896 1032 1947 Καὶ
1065 1896 1139 1965 τῷ
1173 1895 1395 1967 πρώτῳ.
1428 1897 1612 1965 φησιν,
1636 1894 1749 1965 λαῷ

1856 598 2036 653 stitias
2062 616 2228 663 meas,
2252 610 2306 654 et
2339 599 2577 654 assumis
2611 607 3001 653 testamentum
3035 610 3214 648 tneum
3241 607 3339 662 per
3368 607 3430 644 os

1853 692 2048 745 tuum?
2082 701 2137 745 tu
2172 708 2300 746 vero
2325 691 2491 746 odisti
2532 690 2976 759 disciplinam,et
3008 686 3285 758 proiecisti
3312 701 3398 738 ser

1853 796 2044 835 mones
2096 798 2245 836 meos
2303 793 2610 837 retrorsum
2636 781 2704 834 ’°.
2742 800 2759 829 ι
2803 810 2866 821 --
2917 779 3103 834 Bonus
3156 775 3427 845 siquidem

1853 873 2014 926 homo
2067 873 2279 944 1124
2313 873 2378 927 de
2410 873 2555 928 bono
2592 872 2851 927 thesauro
2900 870 3082 924 cordis
3135 865 3241 931 sui,
3276 883 3292 916 ι
3325 865 3429 919 hoc

1848 971 1954 1025 est,
2010 963 2156 1018 dono
2201 964 2443 1034 Spiritus
2484 960 2695 1021 sancti.
2752 980 2769 1010 ι
2807 960 3014 1031 profert
3060 958 3265 1013 bonum
3294 956 3358 1007 ’⁷.
3408 976 3421 1004 ι

1851 1050 1954 1121 Ipsi
1986 1054 2155 1124 gloria
2181 1053 2235 1108 in
2259 1053 2477 1109 smeula.
2512 1054 2703 1106 Amen.

2383 1143 2667 1201 IIOMILIA
2710 1142 2894 1197 LXIII.

2338 1236 2453 1290 Non
2491 1250 2598 1288 esse
2623 1234 2942 1302 juramlum.

1922 1348 2038 1401 Jam
2069 1346 2217 1417 quod
2238 1345 2539 1416 jttrandum
2569 1361 2677 1398 non
2703 1345 2791 1398 sit.
2830 1345 2897 1398 Et
2921 1345 3145 1413 quidem
3182 1354 3341 1397 vetus
3368 1345 3431 1395 il-

1855 1437 1902 1491 la
1940 1437 2046 1496 lex.
2074 1437 2231 1505 quasi
2258 1452 2355 1490 sua
2402 1436 2642 1490 sanciret
2681 1434 2903 1490 decreta
2947 1432 3297 1502 pusionilms,
3334 1434 3428 1503 qui

1852 1526 2090 1582 necdum
2149 1537 2335 1581 essent
2371 1541 2467 1595 per
2518 1534 2737 1580 aetatem
2792 1523 3085 1579 sanctioris
3126 1522 3430 1592 disciplinae

1854 1632 2103 1687 capaces.
2140 1628 2349 1673 tantum
2375 1617 2513 1671 illud
2550 1624 2728 1680 cavet,
2763 1623 2823 1668 ut
2847 1615 3044 1684 nequis
3094 1630 3193 1683 per
3228 1614 3429 1667 intem-

1854 1710 2119 1777 pestivam
2148 1707 2520 1768 occasionem,
2552 1720 2658 1759 neu
2688 1719 2787 1775 per
2808 1703 2996 1757 dolum
3017 1702 3432 1772 juretproximu

1855 1812 1990 1863 suo;
2027 1798 2187 1851 nobis
2241 1810 2423 1851 autem
2471 1809 2673 1850 nostrte
2697 1795 2945 1850 omnium
2988 1794 3191 1848 vindex
3236 1793 3430 1847 salutis

1856 1887 2124 1941 Dominus
2157 1888 2315 1946 dicit.
2354 1888 2582 1941 omnino
2617 1893 2677 1939 ut
2708 1900 2775 1940 ne
2815 1886 3089 1955 juremus.
3119 1883 3209 1937 Ait
3230 1883 3378 1936 enim
3415 1898 3427 1933 :

153 1984 233 2043 ὡς
282 1984 750 2055 σκληροτραχὴλῳ
785 1986 1158 2056 ἐνετειλάμην,
1188 2005 1205 2036 ι
1234 1989 1348 2040 Οὐκ
1380 1988 1747 2056 ἐπιορκήσεις,

1864 1998 1878 2031 ι
1915 1979 1995 2035 Sit
2021 1997 2203 2033 sermo
2256 1989 2458 2041 vester,
2490 1988 2701 2041 estest,
2733 1993 2842 2030 non
2894 1992 3027 2038 non,
3062 1974 3209 2045 quod
3244 1982 3430 2027 autem

153 2074 475 2135 ἀποδώσεις
525 2074 580 2128 δὲ
637 2076 827 2144 Κυρίῳ
861 2076 987 2139 τοὺς
1029 2078 1226 2144 ὅρκους
1258 2094 1385 2130 σον·
1424 2096 1442 2129 ι
1482 2077 1556 2140 ὼς
1590 2077 1753 2147 σκλη-

157 2165 481 2234 ροκαρδίοις
512 2169 605 2219 καὶ
634 2166 954 2219 ἁπειοοῦσίν
980 2184 1091 2237 μοι.
1134 2168 1293 2236 ’Υμῖν
1312 2170 1368 2221 δὲ
1394 2171 1507 2231 τοῖς
1533 2169 1751 2222 πιστεύ-

158 2273 328 2307 σασιν
363 2257 442 2317 εἰς
474 2256 593 2323 ἐμὲ,
624 2250 705 2319 οἷς
741 2257 948 2311 δέδωκα
976 2258 1224 2322 ἐξουσίαν
1246 2260 1409 2312 τέκνα
1441 2260 1575 2314 Θεοῦ
1606 2261 1755 2327 γενέ-

159 2347 318 2407 σθαι,
342 2349 456 2410 τοῖς
486 2350 1014 2420 ἀναγεγεννημένοις
1033 2354 1095 2403 ὲκ
1117 2354 1209 2404 τοῦ
1232 2352 1388 2419 ἁγίου
1414 2352 1750 2423 Πνεύματος,

159 2440 627 2510 παρακελεύομαι
665 2443 875 2510 μήποτε
919 2442 1055 2504 ὅλως
1087 2443 1283 2511 ὀμόσαι
1317 2444 1408 2496 τὸν
1441 2445 1752 2515 οἱονὸήποτε

162 2529 372 2595 μικρὸν
401 2528 431 2596 ἢ
464 2529 640 2597 μέγαν
672 2530 855 2599 ὅρκον,
908 2530 992 2581 ἵνα
1027 2528 1209 2600 δειχθῇ
1251 2530 1310 2583 τὸ
1350 2531 1603 2600 διάφορον
1646 2532 1755 2585 τῶν

158 2618 343 2671 νόθων
386 2619 479 2671 καὶ
521 2619 629 2671 τῶν
698 2621 938 2688 γνησίων
994 2637 1096 2687 μου
1141 2621 1367 2673 τέκνων.
1409 2620 1755 2690 Αἰδεσθῶμεν

158 2705 287 2770 οὖν,
318 2706 613 2775 ἀγαπητοὶ,
644 2706 734 2758 τὸν
766 2705 938 2768 οὕτως
976 2708 1283 2777 τιμήσαντα
1316 2708 1459 2775 ἡμᾶς
1479 2706 1755 2772 Δεσπότην

161 2799 266 2851 καὶ
297 2797 535 2866 Πατέρα,
563 2798 656 2850 καὶ
695 2796 834 2866 μετᾶ
869 2797 1068 2860 παντὸς
1107 2798 1274 2866 φόϐου
1310 2800 1384 2861 ὡς
1422 2797 1597 2851 δοῦλοι
1627 2799 1756 2867 γνή-

164 2907 280 2942 σιοι
309 2888 633 2958 φυλάξωμεν
668 2890 768 2958 τὴν
820 2888 1041 2958 ἐντολὴν
1087 2889 1252 2943 αὑτοῦ
1303 2889 1399 2942 τοῦ
1456 2890 1577 2959 μηδ’
1620 2890 1757 2949 ὅλως

166 2980 405 3050 ὀμνύειν
429 2996 443 3011 ·
479 2980 693 3050 μήποτε
726 2979 818 3032 καὶ
854 2980 981 3049 περὶ
1008 2981 1165 3049 ἡμῶν
1192 2980 1342 3053 εἴπῃ,
1374 3000 1391 3033 ι
1428 2981 1584 3044 Υἱοὺς
1608 2981 1758 3049 ἐγέν-

162 3088 315 3141 νησα
373 3072 469 3124 καὶ
514 3070 729 3139 ὕψωσα,
791 3073 947 3126 αὐτοὶ
999 3073 1056 3125 δέ
1112 3089 1178 3143 με
1232 3073 1521 3141 ἠθέτησαν.
1552 3093 1568 3123 ι
1623 3073 1754 3136 Καὶ,

171 3182 189 3212 ι
230 3161 355 3214 Υἱοὶ
381 3161 648 3231 ἀλλότριοι
685 3161 981 3229 ἐψεύσαντο
1016 3180 1124 3229 μοι.
1165 3182 1184 3214 ι
1229 3163 1318 3235 Μὴ
1349 3159 1442 3217 οὖν
1470 3162 1758 3233 γενώμεθα

168 3252 367 3319 ἰταμοὶ
397 3251 490 3303 καὶ
528 3252 936 3321 καταφρονηταὶ
964 3251 1064 3320 τῆς
1097 3252 1317 3321 ἐντολῆς
1352 3252 1446 3305 τοῦ
1482 3254 1755 3306 Δεσπότου
1786 3276 1827 3333 c

167 3342 357 3411 ἡμῶν.
389 3341 470 3394 Τὰ
502 3341 611 3411 γὰρ
655 3342 824 3411 χωρὶς
866 3342 1029 3410 ὅρκου
1080 3343 1346 3410 γενόμενα
1402 3342 1433 3412 ἤ
1467 3341 1754 3412 λεγόμενα,

168 3430 581 3501 εὐπειθέστερά
629 3433 777 3483 ἐστιν
827 3433 937 3493 τοῖς
992 3430 1325 3501 ἀνθρώποις,
1377 3432 1468 3484 καὶ
1522 3430 1599 3500 τῷ
1642 3428 1760 3500 Θεῷ

171 3524 476 3592 εὐάρεστα.
507 3521 703 3584 Καλῶς
735 3516 828 3574 οὖν
861 3522 894 3592 ἡ
938 3522 1109 3588 Σοφία
1152 3522 1480 3589 διαγγέλλει,
1517 3541 1534 3572 ι
1573 3522 1762 3593 Ὃρκῳ

176 3615 255 3683 μὴ
289 3611 483 3683 ἐθίσῃς
507 3610 568 3664 τὸ
600 3611 776 3681 στόμα
809 3628 925 3674 σον,
958 3614 1051 3665 καὶ
1089 3613 1354 3682 ὀνομασίᾳ
1376 3612 1470 3666 τοῦ
1498 3613 1653 3678 ἁγίου
1689 3614 1762 3683 μὴ

174 3702 493 3772 σννεθίσῃς.
546 3701 605 3755 'U
652 3702 760 3772 γὰρ
814 3701 1031 3773 ὀμνύων
1078 3702 1138 3755 οὐ
1196 3702 1271 3773 μὴ
1301 3688 1609 3774 καθαρισθῇ
1655 3704 1764 3757 ἀπὸ

174 3793 485 3864 ἁμαρτίας.
518 3810 536 3843 ›
568 3793 680 3846 Καὶ
710 3792 894 3858 πάλιν,
923 3810 941 3843 ι
970 3792 1138 3861 Ἀνὴρ
1170 3791 1473 3862 πολὺορκος
1520 3792 1764 3865 πλησθή-

175 3901 338 3938 σεται
398 3883 659 3953 ἀνομίας,
714 3883 808 3937 καὶ
876 3884 976 3936 οὐκ
1026 3884 1396 3957 ἀποστήσεται
1448 3885 1544 3938 ἀπ’
1600 3885 1765 3939 αὐτοῦ

179 3974 408 4046 μάστιξ.
438 3993 456 4024 ι
483 3975 646 4029 Ἀλλὰ
678 3975 773 4028 καὶ
801 3977 833 4044 ἡ
866 3974 1025 4028 λαλιὰ
1056 3973 1152 4027 τοῦ
1181 3964 1481 4046 πτολ-δόρκου
1513 3977 1572 4029 οὐ
1606 3976 1767 4046 μόνον

178 4067 384 4136 τρίχας
418 4065 657 4135 ἁνορθοϊ.
703 4067 841 4120 ἀλλὰ
881 4066 975 4118 καὶ
1005 4067 1193 4127 ἀκοαῖς
1232 4066 1486 4136 πολεμία.
1518 4069 1687 4137 Φησὶν
1712 4068 1768 4121 δὲ

178 4160 279 4211 καὶ
305 4159 335 4211 6
355 4159 538 4228 νόμος,
572 4175 589 4208 ι
620 4159 733 4210 Οὐκ
758 4157 982 4225 ὀμεῖσθε
1009 4157 1071 4210 τὸ
1098 4158 1269 4229 ὄνομα
1298 4175 1397 4228 μου
1424 4159 1517 4211 ἐπὶ
1538 4159 1725 4230 ἀδίκῳ.
1744 4178 1763 4212 ι

179 4251 297 4305 Καὶ
347 4251 376 4302 6
432 4250 717 4320 προφήτης
779 4249 1073 4318 Ζαχαρίας,
1142 4270 1159 4301 ι
1195 4251 1398 4322 Ὅρκον
1450 4252 1620 4324 ψευδῆ
1693 4253 1768 4324 μὴ

178 4340 437 4407 ἀγαπᾶτε
465 4356 479 4370 ο
509 4340 611 4410 τὴν
646 4339 904 4409 ἀλήθειαν
935 4339 1011 4403 δὲ,
1038 4342 1132 4393 καὶ
1162 4340 1260 4411 τὴν
1290 4341 1516 4412 εἰρήνην
1549 4343 1768 4410 ἀγαπᾶ-

178 4446 266 4485 τε.
306 4450 325 4479 ι
361 4429 525 4498 Λέγει
562 4429 619 4483 δὲ
644 4430 740 4482 καὶ
770 4432 798 4482 ὁ
823 4429 1009 4499 Ὠσηὲ,
1045 4449 1064 4481 ι
1095 4432 1204 4485 Καὶ
1238 4431 1313 4503 μὴ
1344 4432 1572 4503 ὀμνύετε
1596 4434 1772 4499 ζῶντα

183 4522 421 4592 Κύριον.
462 4540 481 4572 ι
528 4520 586 4575 '0
632 4523 688 4575 δὲ
740 4522 1002 4591 Μιχαίας,
1060 4542 1078 4575 ι
1117 4524 1228 4577 Καὶ
1279 4524 1514 4595 ἔσομαι,
1569 4527 1770 4597 φησὶν,

1851 2067 2228 2120 abundantius
2256 2076 2360 2127 est,
2395 2083 2424 2121 a
2447 2067 2591 2119 malo
2615 2074 2699 2119 est
2724 2063 2791 2118 ⁸⁸.
2888 2068 2965 2119 Ac
3001 2064 3047 2117 si
3085 2062 3317 2123 diceret,
3352 2059 3427 2112 illi

1852 2159 2055 2228 pepulo
2075 2158 2247 2227 priori
2273 2158 2488 2213 callosae
2524 2156 2819 2211 admodum
2844 2155 3078 2210 cervicis
3118 2169 3179 2208 ac
3211 2153 3430 2222 przedu-

1854 2263 1946 2311 rte,
1986 2248 2239 2302 mandavi
2264 2248 2343 2302 sic
2379 2267 2391 2302 :
2444 2265 2461 2298 ι
2495 2247 2617 2301 Non
2670 2248 2968 2317 pejcrabis,
3014 2246 3216 2300 reddes
3250 2255 3430 2297 autem

1854 2338 2089 2393 Domino
2113 2338 2427 2407 juramenta
2459 2348 2548 2393 tua
2580 2339 2624 2370 ’⁸
2662 2353 2675 2389 :
2716 2356 2734 2388 ι
2770 2338 2977 2407 populo
3010 2351 3208 2405 nempe
3242 2335 3318 2388 illi
3342 2349 3431 2388 cui

1854 2443 1949 2483 cor
1975 2424 2149 2497 usque
2208 2428 2349 2482 adeo
2382 2428 2741 2490 occalluerat,
2782 2435 2842 2480 ut
2869 2437 3163 2481 contumax
3212 2440 3431 2494 semper

1854 2519 2021 2574 fuerit
2069 2535 2171 2574 nec
2200 2518 2462 2574 credulus
2502 2518 2688 2573 verbis
2742 2519 2903 2573 meis.
2937 2518 3047 2573 \‘us
3093 2527 3277 2571 autem
3334 2516 3431 2585 qui

1856 2612 2018 2667 tidem
2053 2627 2176 2681 qute
2212 2611 2268 2665 in
2322 2625 2410 2666 me
2451 2620 2555 2677 est,
2609 2612 2746 2666 nihil
2800 2612 3064 2682 gravatim
3114 2610 3251 2663 estis
3286 2624 3437 2662 com-

1856 2702 2025 2772 plexi,
2060 2702 2263 2771 quibus
2286 2712 2342 2757 et
2376 2702 2502 2757 dedi
2543 2711 2872 2772 potestatem
2908 2701 3048 2755 filios
3073 2701 3169 2755 Dei
3226 2701 3342 2755 ﬁeri
3368 2701 3432 2762 ³ο,

1856 2794 2195 2862 regeneratis
2235 2794 2347 2862 jam
2378 2808 2445 2847 ex
2508 2791 2721 2862 Spiritu
2766 2800 2998 2848 sancto:
3032 2808 3149 2854 vos,
3185 2792 3433 2860 inquam,

1857 2884 2143 2947 adhortor,
2178 2884 2404 2937 ortinino
2430 2894 2488 2937 ut
2512 2899 2591 2938 ne
2615 2884 2818 2955 jurctis
2845 2884 2969 2955 [nisi
3005 2884 3116 2938 illo:
3143 2885 3318 2937 adsint
3347 2898 3434 2934 co-

1858 2976 2005 3028 mites
2039 2992 2056 3029 :
2088 2976 2299 3036 veritas,
2315 2975 2578 3044 judicium
2602 2984 2648 3029 et
2670 2975 2932 3046 justitiai,
2989 2982 3048 3029 ut
3075 2974 3160 3028 vel
3193 2974 3297 3027 hoc
3320 2972 3435 3027 dis~

1859 3067 2143 3122 cerniculo
2169 3076 2225 3119 et
2252 3067 2451 3136 insigni
2480 3067 2814 3129 declaretur,
2858 3068 2953 3137 qui
2988 3066 3292 3136 degeneres
3328 3066 3440 3119 sint

1858 3161 2024 3229 quive
2055 3160 2286 3229 legitimi
2318 3159 2426 3214 mei
2460 3159 2580 3213 ﬁlii.
2611 3159 3011 3221 Revereamur,
3061 3156 3438 3216 dilectissimi.

1859 3248 2104 3319 eumqui
2134 3264 2235 3304 nos
2274 3257 2432 3304 tanto
2450 3248 2711 3320 dignatus
2754 3250 2961 3305 honore
2988 3258 3094 3314 cst,
3146 3247 3438 3301 Dominum

1860 3340 2007 3404 dico,
2048 3349 2105 3395 et
2136 3340 2311 3410 ipsius
2337 3340 2578 3395 Patrem.
2625 3341 2732 3395 Sed
2764 3351 2819 3395 ct
2864 3340 3013 3394 ornni
3045 3355 3170 3394 cum
3220 3338 3441 3400 timore,

1864 3440 2123 3500 tanquam
2150 3430 2371 3500 ingenui
2401 3444 2465 3485 ac
2496 3445 2721 3485 veraces
2749 3431 2893 3485 servi
2922 3430 3029 3485 hoc
3054 3431 3177 3500 ejus
3205 3429 3440 3483 verbum

1863 3521 2055 3577 sedulo
2112 3522 2495 3586 observemus,
2533 3530 2593 3576 ut
2648 3538 2716 3578 ne
2757 3523 3010 3594 juremus
3053 3522 3278 3577 omnino
3324 3537 3443 3575 :ne

1862 3613 2085 3682 quando
2126 3614 2182 3668 in
2215 3629 2315 3668 nos
2343 3614 2479 3668 illud
2510 3613 2864 3683 intorqueat:
2905 3633 2924 3666 ι
2965 3614 3138 3669 Filios
3167 3614 3333 3684 genui
3388 3625 3445 3670 et

1863 3707 2122 3770 exaltavi,
2184 3707 2289 3777 ipsi
2344 3715 2530 3761 autem
2588 3715 2919 3777 spreverunt
2976 3722 3063 3761 me
3120 3706 3185 3759 ⁸¹.
3255 3704 3375 3760 »Ει
3429 3723 3441 3758 :

1872 3819 1889 3852 ι
1928 3798 2051 3855 Filii
2109 3799 2274 3854 alieni
2307 3798 2524 3853 mentiti
2566 3807 2693 3853 sunt
2736 3798 2869 3853 mihi
2902 3800 2967 3851 ".
3010 3818 3026 3848 ι
3082 3798 3183 3863 Ne,
3236 3813 3443 3868 quaeso,

1867 3891 2133 3946 adversus
2162 3904 2476 3944 sermonem
2502 3888 2651 3943 hunc
2680 3889 3026 3943 Dominiemn
3051 3899 3254 3944 temere
3269 3889 3448 3959 quid-

1868 3998 2032 4052 quam
2082 3989 2180 4037 aut
2216 3997 2316 4051 per
2368 3988 2749 4051 contemptum
2798 3982 3173 4038 admittamus.
3230 3980 3446 4036 Etenim

1869 4088 1990 4141 quze
2015 4087 2044 4126 a
2066 4072 2231 4125 nobis
2259 4070 2341 4126 vel
2378 4070 2516 4124 liunt
2549 4070 2632 4125 vel
2662 4070 2925 4125 dicuntur
2957 4070 3095 4125 citra
3149 4071 3446 4140 juramenti

1870 4164 2269 4227 accessionem,
2292 4162 2453 4217 ﬁdem
2487 4164 2661 4218 multo
2702 4162 2846 4231 apud
2878 4161 3134 4215 homines
3184 4163 3448 4232 majorem

1877 4256 2192 4326 impetrant,
2227 4263 2466 4324 suntque
2485 4254 2598 4309 Deo
2621 4254 2781 4323 longe
2802 4253 3062 4323 gratiora.
3094 4251 3261 4306 Recte
3284 4251 3448 4321 igitur

1875 4346 2165 4402 denuntiat
2206 4344 2491 4413 Sapientia
2533 4360 2546 4395 :
2589 4363 2606 4395 ι
2640 4343 2963 4398 Juramento
2989 4358 3099 4397 non
3118 4341 3452 4396 assuefacias

1874 4454 1937 4493 os
1967 4446 2121 4491 tuum
2146 4444 2203 4488 et
2238 4433 2449 4488 nomini
2480 4442 2672 4487 saneto
2712 4449 2779 4487 ne
2826 4447 3148 4494 assuescas;
3180 4432 3275 4500 qui
3303 4430 3451 4485 enim

1877 4544 1974 4599 per
2019 4523 2439 4582 assuetudinem
2487 4526 2659 4595 jurat,
2705 4539 2989 4593 nunquam
3055 4522 3382 4593 purgahitur
3423 4539 3453 4576 a

185 4615 403 4686 μάρτυς
433 4614 602 4683 ταχὺς
626 4614 717 4667 ἐπὶ
748 4613 873 4676 τοὺς
901 4614 1203 4683 ὀμνύοντας
1235 4615 1312 4686 τῷ
1346 4616 1571 4687 ὀνόματί
1603 4635 1761 4689 μου.ι

1880 4598 2107 4692 peccato
2134 4621 2199 4675 ³³.
2241 4641 2259 4672 ι
2312 4620 2553 4675 Rursum
2583 4635 2596 4670 :
2633 4635 2651 4667 ι
2702 4616 2799 4671 Vir
2828 4617 3062 4669 multmn
3096 4616 3311 4686 jurans.
3346 4616 3450 4667 lm-

194 4703 537 4757 Ἐπιστέλλει
565 4702 621 4758 δὲ
654 4703 755 4757 καὶ
784 4706 812 4757 6
852 4704 1131 4769 Ἰάκωϐος,
1179 4705 1373 4775 λέγων,
1422 4727 1441 4759 ι
1476 4708 1589 4779 Πρὸ
1628 4711 1768 4764 πάν-

181 4814 321 4857 των,
360 4795 599 4863 ἀδελφοὶ,
638 4796 715 4867 μὴ
757 4796 1009 4865 ὀμνύετε,
1055 4799 1190 4867 μήτε
1225 4799 1318 4852 τὸν
1349 4799 1599 4871 οὐρανὸν,
1634 4803 1769 4870 μήτε

184 4887 289 4956 τὴν
319 4887 448 4954 γῆν,
480 4888 615 4956 μήτε
662 4887 784 4939 τινὰ
826 4887 985 4941 ἄλλον
1032 4889 1217 4959 ὃρκον’
1273 4892 1388 4959 ῆτω
1417 4891 1473 4944 δὲ
1508 4893 1663 4963 ὑμῶν
1688 4895 1769 4956 τὸ,

187 4982 298 5044 ναὶ,
345 4978 454 5043 ναὶ,
482 4980 575 5032 καὶ
605 4978 684 5042 τὸ,
715 4977 797 5040 οὒ,
827 4977 920 5032 οὗ·
968 4980 1054 5034 ἵνα
1095 4982 1170 5051 μὴ
1216 4984 1294 5045 εἰς
1344 4982 1634 5052 ὑπόκρισιν
1673 4988 1772 5038 ςτέ-

190 5089 352 5143 σητε.
387 5092 403 5123 ι
460 5072 739 5136 Ὡσαύτως
792 5074 885 5126 καὶ
916 5073 944 5125 ὁ
982 5072 1188 5143 Κύριος
1230 5074 1388 5145 ἡμῶν
1418 5077 1510 5129 καὶ
1557 5077 1768 5148 Σωτὴρ,

196 5186 215 5215 ι
264 5161 413 5232 Ἐγὼ
439 5162 668 5230 δὲλέγω
705 5163 855 5233 ὑμῖν,
899 5162 974 5233 μὴ
1007 5164 1203 5233 ὀμόσαι
1243 5165 1400 5229 ὅλως.
1436 5169 1573 5237 μήτε
1614 5170 1672 5220 ὲν
1698 5171 1775 5238 τῷ

188 5256 432 5328 οὐρανῷ,
458 5257 539 5309 ὃτι
581 5256 768 5327 θρόνος
791 5258 939 5310 ἔστιν
969 5256 1063 5309 τοῦ
1097 5256 1255 5320 Θεοῦ,
1299 5259 1435 5328 μήτε
1474 5261 1533 5313 ἐν
1575 5263 1641 5331 τῇ
1684 5264 1777 5330 γῇ,

188 5350 275 5401 ὅτι
312 5346 605 5399 ὑποπόδιον
649 5346 758 5399 τῶν
809 5346 987 5400 ποδῶν
1043 5345 1209 5399 αὑτοῦ
1255 5348 1444 5400 ἔστιν’
1505 5349 1643 5419 μήτε
1700 5352 1780 5413 εἰς

203 5434 579 5505 Ἰεροσόλυμα,
613 5434 695 5487 ὅτι
730 5435 886 5498 πόλις
917 5435 1067 5489 ἐστὶν
1112 5434 1240 5503 ἁγξα
1274 5435 1365 5489 τοῦ
1399 5438 1638 5504 μεγάλου
1672 5439 1779 5493 Βα-

194 5526 435 5587 σιλέως’
479 5526 617 5594 μήτε
670 5526 729 5579 ἑν
780 5529 847 5597 τῇ
901 5527 1111 5598 κεφαλῇ
1150 5543 1245 5581 σου
1295 5529 1539 5598 ὀμόσεις,
1586 5532 1669 5585 ὅτι
1719 5532 1779 5584 οὐ

274 5656 491 5710 "Psal.
548 5672 689 5719 thx,
764 5656 979 5722 16,17.
1056 5660 1097 5691 ⁸⁷
1133 5659 1268 5716 Luc.
1327 5662 1515 5721 “.65.

200 5729 241 5762 ³³
263 5726 369 5782 [5a.
398 5741 430 5786 ι,
456 5727 490 5778 τι
622 5726 664 5757 ³³
690 5727 826 5782 Psal.
857 5744 982 5793 xvti,
1016 5730 1096 5788 ιϐ.

202 5798 245 5829 ³⁷
276 5796 418 5853 Οδρο
451 5810 524 5861 tv,
558 5796 640 5852 l5.

1589 5661 1633 5692 "
1659 5662 1846 5717 Matth.
1879 5679 1930 5722 ν.
1958 5663 2055 5725 37;
2083 5664 2196 5718 Jac.
2252 5678 2326 5721 tv,
2385 5662 2464 5716 l2.

1173 5732 1216 5763 ³³
1252 5731 1419 5786 Eccl}.
1449 5748 1593 5787 χχιιι.
1631 5735 1681 5788 9.
1728 5734 1806 5785 ll.

1878 4714 2118 4783 plebitur
2148 4711 2465 4783 ignominia,
2523 4718 2580 4765 et
2637 4724 2747 4763 non
2784 4708 3007 4764 recedet
3056 4706 3125 4762 ab
3174 4723 3241 4761 eo
3281 4706 3456 4778 ﬂagel-

1878 4806 1989 4860 lum
2014 4806 2082 4860 ³⁵.
2129 4825 2147 4856 ι
2187 4805 2293 4861 Sed
2321 4804 2407 4858 vel
2452 4803 2567 4857 sola
2614 4800 2824 4857 locutio
2849 4799 2952 4854 viri
3003 4797 3334 4870 iuramentis
3370 4812 3456 4851 as-

1878 4898 2043 4959 sueti,
2080 4912 2190 4951 non
2245 4894 2422 4949 solum
2470 4893 2698 4963 capillos
2743 4891 2992 4960 surrigit,
3057 4903 3252 4944 verum
3291 4902 3458 4943 aures

1882 4992 2114 5059 insuper
2144 4986 2356 5041 infense
2383 4994 2439 5040 et
2474 4983 2801 5055 pugnaciter
2840 4981 3061 5036 vellicat
3090 4978 3454 5034 audientium.

1885 5081 1995 5136 Lex
2020 5093 2240 5149 quoque
2265 5076 2401 5131 dicit
2435 5094 2446 5129 :
2476 5094 2491 5127 ι
2524 5075 2814 5145 Nonjures
2837 5088 2936 5143 per
2965 5086 3165 5126 nomen
3193 5084 3375 5123 meum
3405 5069 3457 5122 in

1885 5185 1943 5224 re
1976 5170 2177 5238 iniusta
2202 5167 2266 5219 ".
2310 5186 2326 5215 ι
2369 5165 2645 5234 Propheta
2696 5170 2883 5218 autem
2913 5160 3206 5215 Zacharias
3257 5176 3269 5211 :
3309 5176 3327 5209 ι
3360 5156 3458 5210 Ju-

1884 5268 2197 5314 ramentum
2222 5255 2455 5310 mendax
2477 5268 2546 5307 ne
2571 5252 2836 5322 diligatis,
2863 5251 3155 5306 veritatem
3180 5256 3235 5302 et
3270 5260 3461 5316 pacem

1885 5348 2094 5419 diligite
2126 5348 2188 5400 ⁸⁸.
2232 5366 2251 5399 ο
2286 5345 2428 5401 Dicit
2461 5354 2516 5399 et
2553 5343 2693 5400 Osee
2725 5361 2737 5397 :
2776 5364 2792 5391 ι
2829 5342 2907 5397 Ne
2931 5339 3131 5411 juretis
3184 5337 3460 5392 viventem

1887 5440 2181 5495 Dominum
2215 5438 2277 5493 ³⁷.
2316 5456 2333 5487 ›
2367 5436 2623 5491 Michaeas
2660 5452 2673 5489 :
2706 5454 2723 5485 ε
2755 5435 2822 5489 Et
2848 5449 2945 5489 ero
2966 5432 3123 5487 testis
3167 5430 3323 5485 velox
3370 5430 3465 5482 ad-

1887 5546 2085 5587 versus
2139 5546 2237 5586 eos
2269 5529 2363 5601 qui
2407 5530 2596 5602 jurant
2644 5528 2700 5582 in
2752 5525 2974 5581 nomine
3008 5538 3130 5578 meo
3187 5519 3466 5576 mendaci-

2574 5661 2616 5689 ”
2652 5657 2789 5712 lhid.
2840 5657 2928 5710 '53.

2329 5734 2369 5761 "‘
2404 5732 2580 5786 Lavit.
2621 5746 2726 5791 xu,
2771 5730 2847 5783 ιιι.

3044 5655 3084 5683 ³⁰
3116 5652 3273 5705 .iuan.
3311 5666 3348 5711 ι,
3384 5650 3463 5705 1'3.

3415 5719 3441 5733 ay

1888 5720 1929 5765 5'"
1986 5720 2124 5788 Ibid.
2166 5732 2244 5785 ll.
2329 5734 2369 5761 θ’
2404 5732 2580 5786 Lavit.
2621 5746 2726 5788 xu.
2771 5730 2847 5783 ιιι.
2932 5727 2971 5756 ³¹ί
3008 5723 3172 5777 Zarll.
3215 5737 3341 5784 \‘ltl,
3385 5720 3436 5771 17
