4178 6436
776 415 908 478 1623
2025 416 2385 476 ANTIOCHI
2426 417 2767 476 MONACIII
3860 405 4001 468 162$

767 538 851 582 ter
878 527 944 580 “.
978 545 997 570 ι
1035 527 1177 581 Dicit
1212 537 1269 582 et
1309 527 1546 582 Jacobus
1597 541 1694 595 per
1733 527 2021 596 epistolam
2073 543 2087 580 :
2122 545 2139 577 ι
2186 527 2326 580 Ante

2430 524 2650 578 δύνασαι
2683 523 2812 594 μίαν
2854 522 3013 594 τρίχα
3051 519 3271 590 λευκὴν,
3323 518 3355 589 ἢ
3411 517 3690 582 μέλαιναν,
3738 516 4004 582 ποιῆσαι·

762 616 970 677 omnia,
1022 614 1242 678 fratres,
1280 615 1448 669 nolite
1491 617 1710 683 iurare,
1747 631 1922 682 neque
1955 629 2050 683 per
2100 615 2321 678 cmlum,

2430 616 2541 683 ἧτω
2567 615 2624 667 δι
2655 614 2807 683 ὑμῶν
2831 612 2915 676 τδ,
2955 612 3064 675 ναὶ,
3092 612 3200 676 ναὶ,
3233 609 3326 662 καὶ
3369 608 3451 671 τὸ,
3485 607 3568 670 οὓ,
3606 604 3687 658 οὔ.
3719 606 3793 656 Τὸ
3817 605 3873 656 δὲ
3907 622 4006 656 πε-

763 722 942 777 nequc
979 723 1079 777 per
1102 719 1324 771 terram,
1366 722 1544 776 neque
1575 708 1720 762 aliud
1768 707 2139 777 quodcunque
2169 708 2321 776 iura-

2431 707 2612 776 ρισσδν
2639 706 2863 769 τούτων,
2891 705 2957 757 ὲκ
2985 702 3079 755 τοῦ
3107 698 3344 770 πονηροῦ
3378 699 3542 751 ἔστιν.
3582 716 3600 748 ι
3648 697 3737 765 Τῷ
3774 695 3831 749 δὲ
3872 697 4010 765 Χρι-

760 807 1006 852 mentum
1043 815 1055 851 Ξ
1086 799 1156 852 εἰῑ
1178 806 1360 851 autem
1381 813 1563 852 sermo
1591 807 1794 861 νεειθτ,
1824 807 1908 852 εει
1934 807 2037 859 εει,
2059 812 2166 850 non
2190 811 2320 860 non,

2430 797 2539 866 στῷ
2564 796 2761 865 πρέπει
2795 795 2920 859 δόξα
2953 797 3032 857 είς
3059 794 3183 854 τοὺς
3215 791 3438 852 αἰῶνας.
3478 791 3670 858 Ἀμήν.

760 897 956 942 utnon
981 891 1082 945 sub
1127 889 1338 959 iudicio
1388 889 1740 945 decidatis”.
1785 910 1802 943 ι
1871 890 2125 945 Concinit
2193 889 2281 943 his
2318 897 2374 943 et
2411 890 2673 945 Dominus
2713 905 2777 944 ac
2831 889 3083 944 Salvator
3123 904 3136 940 :
3192 905 3209 936 ι
3246 885 3357 955 Ego
3398 893 3582 938 autem
3625 883 3747 937 dico
3796 883 3997 934 vobis:

763 979 974 1049 1125
1009 979 1188 1036 Nolite
1221 981 1408 1050 iurare
1442 981 1688 1044 omnino.
1731 997 1909 1050 neque
1965 996 2061 1050 per
2095 980 2315 1042 coelum,
2355 980 2486 1048 quia
2520 979 2680 1034 sedes
2736 979 2830 1034 Dei
2902 987 3019 1040 est;
3074 990 3249 1043 neque
3279 990 3378 1043 per
3426 980 3647 1036 terrain,
3696 971 3824 1039 quia
3879 985 3999 1022 sca-

759 1073 963 1128 bellum
989 1074 1188 1144 pedum
1214 1075 1385 1143 ipsius
1411 1084 1528 1139 est;
1587 1090 1766 1144 neque
1795 1090 1891 1143 per
1941 1073 2392 1140 Hierosolymam,
2434 1073 2561 1140 quia
2590 1073 2786 1126 civitas
2808 1080 2892 1125 est
2927 1069 3087 1138 Regis
3109 1067 3320 1136 magni;
3353 1076 3408 1118 et
3433 1080 3502 1118 ne
3531 1079 3626 1131 per
3646 1071 3811 1130 caput
3845 1072 3996 1114 tuum

754 1156 1046 1228 iuraveris.
1086 1167 1211 1236 quia
1239 1181 1343 1219 non
1377 1175 1533 1235 potes
1587 1181 1754 1219 unum
1804 1163 2059 1233 capillum
2117 1163 2300 1217 album
2343 1159 2520 1215 facere
2581 1172 2676 1218 aut
2731 1160 3284 1233 nigrumzsitautem
3320 1171 3501 1210 sermo
3523 1163 3724 1214 vester,
3771 1163 3857 1205 est
3892 1163 3998 1206 est.

757 1273 867 1312 non
897 1273 1004 1313 non
1032 1257 1215 1327 :quod
1239 1267 1423 1313 autem
1457 1260 1544 1314 his
1571 1258 1945 1312 abundantius
1987 1267 2091 1321 est,
2149 1274 2178 1310 a
2215 1253 2358 1308 malo
2394 1263 2477 1307 est
2503 1254 2570 1309 “.
2618 1275 2636 1308 ι
2671 1257 2783 1311 Deo
2805 1264 2994 1310 nostro
3026 1253 3196 1323 gloria
3235 1251 3288 1303 in
3320 1249 3534 1302 secula.
3565 1250 3758 1302 Amen.

1290 1368 1572 1423 IIOMILIA
1613 1368 1797 1423 LXIV.

1007 1477 1083 1531 De
1119 1477 1264 1545 ﬁdeli
1301 1479 1536 1532 custodia
1569 1479 1832 1533 commissi
1874 1479 2078 1531 arcani.

727 1637 746 1659 ,
832 1591 1106 1645 Arcanum
1135 1589 1375 1660 pectoris
1394 1592 1559 1647 unius
1579 1591 1886 1661 cuiuspiam
1922 1589 2046 1643 ﬁdei
2095 1603 2321 1644 concre-

760 1683 915 1746 dere.
941 1697 1135 1738 eorum
1162 1692 1246 1738 est
1267 1683 1362 1752 qui
1400 1691 1528 1738 sunt
1555 1683 1732 1737 intimi
1763 1691 1819 1736 et
1848 1680 2148 1735 domestice
2180 1681 2320 1744 noti,

760 1772 864 1826 hoc
887 1782 991 1836 est,
1019 1786 1158 1840 quos
1184 1775 1416 1827 sincerae
1439 1771 1688 1827 veritatis
1717 1784 1781 1826 ac
1827 1769 1953 1825 ﬁdei
2009 1770 2325 1825 indelibata;

760 1861 1109 1917 commendat
1129 1862 1436 1932 integritas,
1468 1877 1578 1916 non
1606 1861 1735 1916 item
1770 1876 1961 1915 eorum
1991 1863 2084 1930 qui
2110 1863 2323 1915 externi

3030 1364 3244 1418 ΛΟΓΟΣ
3270 1362 3380 1413 ΞΣ.

2703 1479 2836 1546 Περὶ
2874 1476 2980 1532 τοῦ
3003 1476 3347 1546 φυλάσσειν
3369 1469 3725 1542 μυστήριον.

2503 1593 2576 1645 Τὸ
2623 1589 2946 1661 θαρῤεϊσθαι
2973 1587 3292 1656 μυστήριον,
3338 1583 3448 1636 τῶν
3489 1583 3600 1636 [σω
3645 1584 3816 1644 ἐστὶν,
3853 1599 4006 1635 τουτ-

2430 1684 2601 1742 έστιν,
2659 1681 2768 1733 τῶν
2796 1680 3036 1748 γνησίων
3081 1679 3174 1730 καὶ
3204 1674 3431 1735 πιστῶν,
3484 1675 3603 1742 οὐχὶ
3646 1674 3702 1725 δὲ
3739 1673 3851 1725 τῶν
3876 1672 4002 1736 ἔξω.

2436 1793 2453 1821 ι
2493 1770 2651 1839 Ὑμῖν
2681 1769 2788 1836 γὰρ
2817 1769 3046 1832 δέδοται,
3078 1766 3243 1836 φησὶν
3272 1763 3541 1832 δΚύριος,
3574 1762 3774 1828 γνῶναι
3797 1763 3868 1815 τὰ
3904 1781 4005 1830 μν-

2435 1863 2629 1928 στήρια
2668 1860 2763 1927 τῆς
2818 1859 3121 1927 βασιλείας.
3163 1876 3180 1907 ι
3245 1856 3370 1908 Ἐὰν
3423 1851 3514 1906 οὖν
3575 1853 3874 1923 θαρῥηθεὶς
3931 1857 4005 1922 μὴ

758 1961 1166 2023 sunt.quorum
1201 1953 1452 2007 videlicet
1477 1951 1639 2007 ﬁdem
1675 1951 1918 2006 nondum
1949 1951 2121 2005 habes
2140 1953 2328 2020 explo-

2431 1948 2661 2020 φυλάξῃ.
2692 1947 2956 2018 προδότης
2983 1946 3080 2014 τῆς
3111 1944 3370 2014 ἀληθείας
3399 1943 3645 2010 γέγονεν.
3673 1941 4005 2007 Ἀναγκαῖον

757 2051 932 2096 ratam
963 2061 976 2095 :
1017 2061 1034 2094 ι
1066 2043 1233 2098 Vobis
1271 2042 1417 2096 enim
1444 2041 1632 2095 datum
1665 2050 1750 2095 est
1805 2055 1966 2094 nosse
2001 2040 2324 2108 mysterium

760 2133 909 2203 regni
946 2135 1011 2195 “,
1045 2153 1062 2185 ι
1088 2133 1468 2188 aitDominus.
1500 2132 1602 2198 Qui
1629 2133 1796 2200 igitur
1827 2146 1938 2185 sua:
1985 2130 2110 2185 ﬁdei
2173 2145 2325 2184 com-

759 2224 983 2277 missum
1041 2225 1222 2278 minus
1275 2223 1510 2277 ﬁdeliter
1559 2220 1911 2283 custodierit,
1942 2219 2194 2290 proditor
2214 2220 2324 2289 iam

757 2316 934 2370 iactus
953 2330 1037 2370 εει
1077 2314 1253 2383 regni.
1278 2313 1421 2367 Sane
1451 2311 1780 2382 nimisquam
1831 2312 2204 2366 necessarium
2255 2311 2326 2364 sit

755 2407 904 2460 omni
945 2421 1067 2460 cum
1105 2405 1606 2473 circumspectione
1657 2402 1954 2472 providere
1988 2411 2058 2464 te,
2110 2411 2172 2456 ut
2211 2415 2326 2471 my-

757 2498 986 2551 sterium
1027 2507 1134 2552 tua:
1182 2497 1348 2552 semel
1398 2494 1778 2550 concreditum
1827 2493 1953 2549 ﬁdei
2011 2493 2321 2554 contineas,

757 2604 924 2658 penes
949 2599 998 2643 te
1023 2603 1277 2642 asserves
1297 2594 1353 2642 et
1380 2602 1618 2657 premas,
1651 2601 1720 2640 ne
1746 2587 1792 2641 is
1817 2585 1912 2656 qui
1940 2585 2040 2639 tibi
2066 2598 2323 2654 germane

754 2683 965 2736 amicus
985 2689 1089 2740 est.
1113 2695 1180 2734 ex
1204 2679 1382 2734 amico
1402 2678 1662 2732 inimicus
1680 2685 1996 2747 perseveret
2041 2690 2321 2744 nunquam

755 2770 1135 2827 conciliandus
1175 2786 1188 2822 :
1222 2769 1685 2838 quemadmodum
1712 2775 1768 2823 et
1811 2767 1998 2822 divina
2033 2765 2322 2836 Scriptura

755 2860 998 2914 doctrice
1046 2859 1352 2920 erudimur,
1385 2873 1506 2928 qua:
1533 2867 1590 2913 ct
1648 2857 1812 2912 docet
1858 2866 2133 2911 secretum
2169 2855 2324 2910 nullo

757 2956 916 3018 pacto
937 2947 1325 3018 evulgandum.
1348 2948 1492 3003 Dicit
1518 2949 1667 3002 enim
1694 2946 2084 3002 Parmmiastes
2116 2962 2129 2998 :
2165 2963 2183 2996 ι
2218 2945 2322 3010 Qui

755 3039 900 3094 celat
930 3039 1210 3106 iniuriam,
1249 3039 1447 3108 quierit
1483 3037 1817 3102 amicitiam;
1850 3036 1945 3106 qui
1990 3047 2175 3089 autem
2233 3049 2322 3088 re-

758 3130 880 3183 nuit
909 3129 1108 3191 celare,
1145 3128 1406 3182 dissociat
1435 3126 1642 3182 amicos
1669 3133 1725 3180 et
1755 3125 2087 3179 domesticos
2108 3124 2174 3176 δ’.
2209 3123 2322 3179 Au-

757 3218 886 3273 disti
934 3219 1210 3273 verbum?
1264 3217 1660 3273 commoriatur
1703 3217 1861 3280 inte,
1897 3215 2009 3278 ait;
2043 3214 2137 3283 qui
2175 3215 2321 3268 enim
2352 3244 2397 3305 ο

757 3320 1032 3366 secretum
1081 3310 1308 3368 revelat.
1336 3308 1518 3379 perdit
1552 3306 1712 3360 ﬁdem
1751 3306 1818 3360 “.
1877 3325 1894 3356 ι
1925 3305 2178 3359 Rursus:
2219 3322 2235 3354 ι
2267 3302 2324 3358 Si

758 3400 1094 3456 revelaveris
1130 3407 1404 3454 secretum
1438 3397 1600 3452 amici
1644 3398 1746 3459 tui,
1804 3411 2086 3465 nunquam
2139 3410 2327 3465 perse-

757 3490 945 3560 quaris
966 3498 1091 3559 post
1111 3504 1268 3554 eum;
1301 3489 1447 3543 sicut
1474 3488 1620 3541 enim
1658 3501 1815 3540 avem
1837 3501 1869 3540 e
1903 3500 2068 3539 manu
2091 3493 2185 3538 tua
2227 3484 2325 3538 dc-

759 3579 982 3644 misisti,
1006 3579 1086 3633 sic
1108 3577 1398 3647 perdidisti
1434 3575 1741 3646 proximum
1771 3585 1922 3629 tuum
1951 3593 1963 3628 :
2005 3583 2061 3628 et
2097 3588 2205 3628 non
2238 3588 2327 3627 ca-

760 3679 880 3738 ptes
907 3684 1033 3722 eum
1060 3685 1074 3721 :
1105 3667 1215 3721 noli
1253 3666 1505 3735 persequi
1533 3681 1658 3720 eum
1680 3665 1810 3733 quia
1839 3664 1998 3734 longe
2019 3663 2176 3718 abest
2200 3663 2264 3714 “.
2303 3682 2320 3712 ι

759 3759 1013 3814 luducit:
1052 3778 1069 3808 ε
1103 3757 1313 3811 Vulnus
1361 3755 1525 3810 liceat
1563 3755 1808 3824 alligare,
1857 3763 1912 3807 et
1966 3753 2193 3807 convitii
2244 3761 2326 3807 est

757 3849 1112 3914 conciliatio;
1147 3847 1240 3916 qui
1274 3855 1455 3901 autem
1481 3845 1742 3900 revelavit
1773 3859 2057 3906 arcanum,
2086 3841 2327 3912 perdidit

759 3941 921 3996 ﬁdem
945 3941 1009 3994 “.
1047 3958 1065 3990 ι
1121 3937 1413 3994 Generosa:
1446 3937 1615 4007 igitur
1662 3951 1726 3990 ac
1757 3935 1936 3990 virilis
1991 3935 2189 3989 animae
2217 3943 2324 3997 est,

757 4033 938 4093 modis
959 4032 1218 4087 omnibus
1251 4031 1481 4085 alterius
1507 4039 1783 4084 secretum
1821 4044 1990 4097 penes
2038 4043 2097 4083 se
2128 4043 2323 4083 recou-

758 4124 913 4182 dere.
935 4137 1039 4177 nec
1064 4123 1227 4176 ullam
1259 4121 1330 4175 ob
1366 4135 1587 4176 causam
1620 4129 1717 4173 aut
1773 4120 2049 4173 invectum
2087 4118 2326 4172 tristitiae

761 4215 1009 4272 nubilum
1047 4212 1281 4282 prodere
1309 4211 1639 4277 etevulgare
1670 4225 1930 4262 arcanum
1967 4224 2091 4262 cum
2128 4207 2325 4262 ﬁducia

759 4303 1160 4359 concreditum.
1188 4303 1244 4356 lu
1268 4300 1589 4355 sustinendo
1612 4300 1832 4368 quidem
1873 4299 1959 4352 vel
1995 4298 2062 4352 ad
2108 4299 2323 4360 horam,

759 4394 1177 4449 ctcontinenter
1201 4389 1500 4462 premendo
1542 4399 1838 4449 secretum.
1873 4388 2123 4442 nonnihil
2171 4387 2326 4457 prin-

761 4483 906 4553 cipio
946 4483 1128 4536 aditur
1153 4480 1648 4536 laboriszdcmum
1707 4479 2084 4533 incredibilem
2141 4475 2325 4547 gaudii

2428 2036 2520 2094 οὖν
2552 2043 2696 2093 ἐστιν
2731 2039 2893 2106 ἄγαν,
2949 2037 3098 2107 πάσῃ
3151 2035 3368 2105 φυλακῇ
3428 2032 3861 2101 ὲγκρατεύεσθαι
3915 2035 4007 2085 καὶ

2432 2133 2622 2197 τηρεῖν
2646 2130 2706 2181 τδ
2735 2128 2914 2196 ἑαυτῷ
2949 2126 3219 2196 Θαρῤηθὲν
3253 2125 3571 2194 μυστήριον,
3612 2122 3699 2174 ἵνα
3743 2122 3821 2190 μὴ
3855 2124 3950 2173 καὶ
3979 2124 4008 2174 ό

2429 2221 2649 2290 γνήσιος
2683 2219 2846 2273 αὑτοῦ
2887 2218 3061 2284 φίλος.
3092 2214 3444 2276 ἀδιάλλακτος
3474 2211 3638 2265 αὑτοῦ
3671 2212 3867 2281 ἐχθρὸς
3888 2210 4005 2263 δια-

2430 2308 2609 2376 μείνῃ,
2651 2305 2828 2368 καθὼς
2863 2306 2958 2358 καὶ
2992 2305 3098 2357 ὑπὸ
3135 2303 3234 2371 τῆς
3288 2302 3440 2364 θείας
3489 2302 3711 2372 Γραφῆς
3749 2301 4004 2354 παιδευό-

2430 2396 2587 2467 μεθα,
2628 2397 2755 2466 περὶ
2783 2395 2877 2447 τοῦ
2911 2395 2984 2464 μὴ
3015 2392 3294 2459 ἐκφαίνειν
3333 2392 3654 2459 μυστήριον.
3693 2390 3857 2455 Λέγει
3899 2389 4008 2459 γὰρ

2425 2491 2453 2541 ὸ
2482 2484 2910 2556 Παροιμιαστὴς,
2928 2485 3008 2536 ὅτι
3035 2504 3049 2530 ι
3069 2486 3171 2543 ’ος
3189 2481 3425 2552 κρύπτει
3456 2480 3721 2547 ἀδίκημα,
3740 2480 3900 2546 ζητεῖ
3925 2496 4008 2544 φι-

2425 2579 2575 2632 λίαν·
2613 2577 2669 2639 ὃς
2713 2577 2769 2629 δὲ
2829 2577 2978 2646 μισεῖ
3017 2575 3314 2644 κρύπτειν,
3367 2570 3636 2638 διίστησιν
3681 2570 3872 2637 φίλους
3916 2569 4009 2621 καὶ

2422 2666 2676 2726 οἰκείους.
2709 2683 2726 2715 ι
2759 2662 3067 2726 Καὶάλλος,
3095 2680 3114 2710 ι
3141 2662 3407 2729 Ἀκήκοας
3439 2657 3616 2725 λόγον,
3657 2657 3848 2726 φησὶν,
3884 2674 4010 2709 συν-

2424 2756 2742 2810 αποθανέτω
2788 2769 2902 2807 σοι’
2953 2755 2981 2806 δ
3029 2751 3138 2822 γὰρ
3194 2749 3597 2804 ἀποκαλύπτων
3681 2749 4012 2818 μυστήριον,

2424 2847 2614 2903 ἀπολεῖ
2644 2846 2845 2898 πίστιν,
2887 2864 2904 2895 ι
2949 2844 3058 2897 Καὶ
3092 2838 3269 2905 αὖθις,
3305 2860 3321 2891 ε
3357 2838 3481 2892 Ἐὰν
3513 2835 3876 2906 ἀποκαλύψῃς
3909 2855 4012 2904 μυ-

2426 2937 2646 3004 στήριον
2675 2933 2771 2987 τοῦ
2805 2933 2960 3002 φίλου
2995 2947 3111 2993 σου,
3141 2929 3202 2982 οὗ
3231 2927 3304 2998 μὴ
3340 2924 3680 2996 καταδιὼξῃς
3711 2925 3891 2977 ὀπίσω
3921 2927 4016 2977 αὺ-

2422 3020 2538 3076 τοῦ.
2557 3021 2767 3089 Ὠσπερ
2783 3021 2891 3089 γὰρ
2906 3015 3154 3070 πετεινδν
3172 3015 3234 3067 εκ
3253 3015 3350 3082 τῆς
3371 3013 3548 3083 χειρός
3578 3029 3671 3065 σου
3697 3012 3882 3064 ἀπωλὲ
3894 3028 4012 3073 σας,

2426 3109 2753 3184 [ἀπέλυσας]
2777 3109 2948 3171 οὕτως
2982 3107 3199 3175 ἀφῆκας
3251 3105 3343 3157 τὸν
3369 3105 3599 3173 πλησίον
3649 3119 3770 3166 σου,
3824 3103 3921 3156 καὶ
3954 3103 4014 3154 οὐ

2428 3203 2712 3273 θηρεύσεις
2741 3200 2922 3255 αὐτόν.
2955 3199 3046 3267 Μὴ
3091 3193 3183 3250 οὖν
3214 3197 3377 3249 αὑτὸν
3407 3194 3625 3264 διώξῃς,
3674 3195 3757 3247 ὅτι
3793 3197 4016 3263 μακρὰν

2430 3293 2660 3361 ἀπέχει.
2701 3309 2720 3342 ι
2764 3290 2873 3341 Καὶ
2913 3289 3128 3355 ὶπάγει,
3174 3286 3254 3338 ὅτι
3301 3302 3317 3334 ι
3373 3282 3608 3352 Τραῦμά
3659 3283 3808 3332 ἐστιν
3849 3297 4018 3331 κατα-

2430 3380 2608 3448 δῆσαι,
2633 3379 2728 3432 καὶ
2753 3376 3020 3446 λοιδορίας
3057 3375 3204 3428 ἐστὶν
3247 3371 3602 3440 καταλλαγὴ·
3647 3373 3674 3422 ὁ
3713 3371 3771 3423 δὲ
3805 3373 4016 3421 ἀποκα-

2431 3468 2602 3534 λύψας
2631 3469 2948 3536 μυστήριον,
2996 3463 3276 3518 ἀπώλεσεν
3311 3463 3515 3515 πίστιν.
3550 3479 3568 3512 ι
3619 3459 3884 3522 Γενναίας
3926 3455 4018 3512 οὖν

2432 3560 2527 3613 καὶ
2550 3559 2796 3628 ἀνδρείας
2822 3557 2918 3610 καὶ
2945 3554 3143 3623 πιστῆς
3170 3552 3349 3622 ψυχῆς
3393 3553 3540 3605 ἐστιν
3569 3551 3628 3604 τδ
3657 3550 3805 3603 κατά
3836 3553 4018 3602 πάντα

2431 3657 2629 3721 τρόπον
2656 3649 2921 3720 κρύπτειν
2952 3648 3250 3718 μυστήριον
3271 3661 3284 3676 ·
3316 3661 3412 3696 και
3438 3643 3513 3713 μὴ
3535 3642 3623 3696 διά
3642 3657 3789 3704 τινος
3815 3643 4016 3704 αἰτίας,

2431 3743 2463 3812 ἢ
2494 3743 2688 3810 λύπης,
2719 3739 2795 3803 ὡς
2819 3739 2985 3802 εἰκὸς,
3019 3737 3298 3804 ἀκφαίνειν
3327 3735 3394 3787 τα
3427 3732 3574 3802 αὐτῷ
3615 3730 3979 3802 θαρῤούμενα
4005 3750 4016 3762 ·

2436 3831 2629 3902 μικρὸν
2672 3829 2781 3898 γὰρ
2833 3827 2969 3898 πρὸς
3022 3825 3170 3896 ὥραν
3227 3823 3501 3894 βαστάξας
3583 3822 3678 3874 καὶ
3732 3824 4020 3891 κρατήσας

2434 3925 2659 3993 ὓστερον
2708 3922 2914 3990 τρυγᾷς
2957 3917 3273 3986 γλυκασμδν
3324 3916 3498 3985 χαρᾶς
3547 3915 3612 3967 ἑκ
3651 3913 3748 3967 τοῦ
3795 3914 4020 3980 καρποῦ

2431 4016 2527 4082 τῆς
2554 4011 2898 4080 ἐγκρατείας.
2945 4009 3002 4061 ’0
3035 4009 3143 4076 γὰρ
3173 4007 3359 4068 πιστὸς
3396 4005 3581 4067 δοῦλος
3611 4005 3673 4057 τὸ
3707 4007 4022 4074 μυστήριον

2431 4104 2525 4157 τοῦ
2553 4103 2823 4155 Δεσπδτου
2852 4099 3017 4153 αὑτοῦ
3055 4099 3341 4168 φυλάσσει.
3389 4097 3560 4164 Φησὶν
3596 4097 3704 4164 γὰρ
3751 4097 3780 4148 δ
3813 4095 4022 4164 Κύριος

2431 4198 2540 4256 τοῖς
2583 4191 2775 4246 ἑαυτοῦ
2808 4191 3110 4260 μαθηταῖς,
3155 4207 3174 4239 ι
3211 4189 3375 4257 Ὑμῖν
3431 4185 3642 4240 δέδοται
3691 4184 3897 4251 γνῶναι
3955 4187 4023 4238 τά

2435 4285 2706 4354 μυστήρια
2741 4284 2840 4343 τῆς
2873 4278 3148 4347 βασιλείας
3186 4276 3280 4330 τοῦ
3313 4274 3472 4339 Θεοῦ,
3528 4275 3761 4336 ἐκείνοις
3807 4274 3862 4327 δὲ
3906 4278 4022 4337 τοῖς

2431 4377 2555 4442 ἔξω,
2591 4377 2648 4428 ὲν
2673 4371 3006 4442 παραϐολαῖς
3030 4369 3098 4423 τά
3130 4369 3310 4422 πάντα
3336 4366 3574 4433 λέγεται,
3606 4365 3692 4418 ἵνα
3724 4365 4022 4434 βλέποντες

2435 4467 2719 4539 βλέπωσιν,
2752 4464 2842 4517 καὶ
2872 4463 2945 4533 μὴ
2977 4461 3178 4524 ἴδωσιν,
3216 4460 3309 4512 καὶ
3338 4457 3646 4520 ἀκούοντες,
3679 4459 4020 4518 ἀκούσωσιν,

760 4575 1122 4630 vindemiabis
1149 4573 1496 4628 dulcedinem
1522 4589 1590 4627 ex
1627 4572 1810 4626 fructu
1851 4546 2185 4624 continentis
2218 4569 2326 4621 lin-

2435 4559 2529 4614 καὶ
2561 4558 2634 4629 μὴ
2659 4555 2929 4609 συνιῶσιν.
2960 4572 2978 4604 ι
3006 4549 3166 4621 Αὑτῷ
3189 4551 3221 4620 ἡ
3249 4548 3376 4615 δόξα
3396 4549 3474 4618 τῷ
3496 4546 3865 4617 φιλανθρώπῳ
3892 4547 4021 4617 Θεῴ

760 4682 897 4735 gnte.
922 4664 1126 4720 Servus
1144 4664 1290 4718 enim
1310 4663 1486 4718 ﬁdelis
1504 4663 1547 4717 si
1565 4670 1668 4727 est,
1691 4661 2025 4715 dominicum
2053 4672 2314 4712 arcanum

2423 4655 2501 4714 είς
2528 4647 2654 4709 τοὺς
2694 4644 2915 4706 αἰῶνας.
2956 4642 3149 4711 Ἀμήν.

761 4727 1007 4830 penesse
1037 4759 1234 4812 tacitus
1258 4766 1460 4813 servat.
1521 4757 1610 4811 Ait
1638 4755 1787 4810 enim
1832 4763 1888 4810 et
1923 4752 2185 4807 Dominus
2249 4745 2533 4817 discipulis
2571 4739 2688 4795 suis
2717 4755 2731 4788 ε
2759 4756 2775 4786 ι
2807 4736 2975 4790 Vobis
3001 4735 3190 4790 datum
3209 4740 3301 4830 est
3359 4727 3803 4830 nosse-mysteria
3857 4737 4020 4798 regni

761 4822 895 4913 Dei;
935 4850 1043 4904 illis
1078 4857 1282 4910 autem,
1321 4865 1338 4897 ι
1400 4860 1595 4913 nempe
1647 4842 1914 4905 externis,
1961 4843 2146 4896 omnia
2179 4861 2197 4892 ε
2231 4840 2286 4894 in
2329 4833 2608 4909 parabolis
2657 4849 2673 4882 ι
2711 4828 2994 4889 dicuntur,
3033 4843 3052 4877 ι
3089 4822 3423 4878 utvidentes
3485 4822 3735 4885 videant,
3803 4827 3856 4874 et
3891 4833 4012 4872 non

763 4943 1066 5012 intelligant
1107 4942 1173 4994 “.
1212 4959 1228 4991 ι
1271 4939 1374 5008 Ipsi
1408 4937 1578 5007 gloria
1625 4935 1678 4988 in
1727 4934 1922 4989 saecula
1974 4934 2320 4988 saeculorum.
2363 4929 2556 4984 Amen.

1197 5050 1238 5118 ι
1254 5048 1410 5117 126
1428 5045 1709 5101 HOMILIA
1740 5044 1894 5097 LXV.

766 5165 881 5220 Non
910 5164 1068 5220 cuivis
1091 5162 1516 5231 intempestiviter
1559 5169 1650 5211 aut
1673 5167 1866 5210 temere
1903 5154 2327 5209 committendum

1408 5245 1685 5282 arcanum.

839 5346 1172 5404 Unicuilibet
1205 5344 1366 5399 obvio
1399 5340 1732 5396 concredere
1761 5340 1845 5393 sui
1879 5337 2117 5406 pectoris
2178 5351 2329 5389 arca-

771 5452 921 5500 nuin,
955 5436 1006 5490 id
1043 5435 1317 5506 peculiare
1348 5441 1431 5486 est
1461 5432 1654 5485 anima:
1687 5444 1912 5498 prorsus
1942 5427 2250 5484 ineruditis.
2274 5435 2329 5481 et

770 5542 888 5596 qua:
923 5526 1152 5581 nihilum
1195 5532 1420 5594 experta
1472 5531 1553 5575 est
1593 5520 1776 5574 decori
1808 5528 1969 5588 atque
2006 5518 2324 5572 honr-statis.

839 5685 1249 5741 “linoilalach.
1277 5683 1439 5746 "1,5;
1466 5680 1628 5735 Zach.
1661 5697 1712 5740 v,
1740 5680 1786 5731 «1.
1871 5680 1912 5708 ³⁸
1939 5679 2051 5733 Jac.
2083 5695 2132 5736 v.
2165 5680 2227 5731 l9.

770 5756 814 5788 δ”
847 5756 1010 5810 [ῆι-Νι.
1064 5771 1172 5815 ιιι.
1218 5756 1278 5807 Nl

2319 5680 2359 5713 3“
2385 5679 2570 5733 .‘lulth.
2608 5676 2859 5738 v.3i-57.
2938 5676 2978 5705 “
3008 5673 3195 5728 Matth.
3233 5688 3342 5731 xm.
3393 5671 3468 5724 ll.

1375 5753 1413 5783 “
1455 5751 1615 5805 Eccli.
1661 5763 1818 5808 Πγιι.
1864 5748 2039 5802 εἷ’-22.
2119 5749 2315 5802 "Ibid.
2355 5749 2430 5805 l7.

3040 5024 3260 5079 ΛΟΓΟΣ
3287 5024 3407 5077 ΞΕ’.

2741 5137 2878 5205 Περὶ
2917 5134 3021 5188 τοῦ
3039 5133 3126 5203 μὴ
3155 5132 3410 5199 ἀκαίρως
3440 5127 3697 5197 θαρῤεἴν.

2504 5250 2578 5303 Τὸ
2613 5247 2854 5316 ἀκαίρως
2885 5244 3106 5315 θαρρεῖν
3135 5257 3262 5304 τινι,
3295 5236 3621 5291 ἀπαιδεύτου
3651 5237 3749 5290 καὶ
3786 5238 4022 5308 ἀπειρη.

2434 5342 2601 5394 κάλου
2627 5338 2802 5408 ψυχῆς
2834 5337 2983 5390 ἴδιον.
3017 5331 3208 5386 Πολλοὶ
3232 5332 3340 5399 γὰρ
3376 5330 3440 5381 ix
3468 5325 3562 5380 τοῦ
3589 5328 4022 5396 ἀπερισκέπτως

2434 5430 2705 5500 θαρρῆσαι
2738 5423 2819 5489 οἷς
2843 5427 2942 5479 οὐκ
2969 5423 3215 5492 ὤφειλον,
3250 5421 3475 5490 ὕστερον
3499 5421 3578 5482 είς
3609 5419 3820 5488 θλίψεις
3847 5428 4021 5490 μιγά-

2437 5520 2531 5582 λας
2564 5519 2659 5572 καὶ
2689 5519 2994 5588 ἀφορήτους
3022 5515 3302 5568 ὲνὲπεσαν.
3342 5511 3461 5582 Χρὴ
3496 5505 3589 5564 οὖν
3619 5511 3801 5565 πάντα
3855 5527 4021 5582 περι-

3551 5671 3593 5702 '°'
3623 5669 3785 5726 Prov.
3811 5687 3944 5734 xvii,
3965 5675 4018 5727 ‘J,

2512 5751 2551 5779 δ’
2578 5747 2762 5801 Matth.
2801 5761 2908 5804 vni.
2945 5745 3023 5807 li.
3053 5743 3130 5797 l2.
