4178 6436
161 363 180 420 l
193 362 304 424 625

1191 367 1520 427 HOMILIA
1560 368 1760 428 LXVI.
1785 395 1852 404 —
1879 369 1977 429 DE
2013 371 2413 431 VERITATE.

3289 361 3424 426 1626

152 468 524 540 εσκεμμένως
565 468 661 523 καὶ
695 435 835 540 μετά
857 468 1053 539 βουλῆς
1084 469 1371 540 πράσσειν,
1395 472 1490 524 καὶ
1514 471 1589 540 μὴ
1618 469 1749 539 θαρ-

1858 473 2154 542 Plerosque
2182 472 2413 540 contigit
2445 471 2731 540 perplexas
2773 479 2937 537 atque
2988 469 3076 523 vix
3109 469 3424 526 tolerabiles

155 565 273 631 ῥεῖν
323 577 436 613 τινι
483 560 558 623 ὼς
609 559 816 628 Ιτυχεν,
876 559 963 612 ἵνα
1022 559 1098 630 μὴ
1137 558 1365 629 ὕστερον
1412 561 1510 630 τῆς
1544 561 1740 614 ἑαυτοῦ

154 649 529 711 κακοδουλίας
578 649 828 718 καρποὺς
858 647 1052 717 ὀδύνης
1102 647 1312 718 θερίσῃ.
1360 651 1450 710 Εἰς
1494 648 1603 719 γὰρ
1632 646 1746 702 ὦτα

158 742 397 808 Ξᾩρονος
428 739 590 793 καλόν
622 741 768 793 εστιν
801 741 968 811 μηδὲν
996 741 1197 807 λέγειν.
1223 741 1300 803 ὥς
1323 758 1490 811 φησιν
1517 743 1545 793 ό
1585 741 1740 793 Σολο-

159 832 298 901 μὼν,
337 833 550 901 μήποτε
584 831 898 904 μυκτηρίσῃ
927 832 1052 895 τοὺς
1093 833 1218 895 σοὺς
1245 831 1456 899 λόγους.
1493 832 1744 885 Διδάσκει

153 924 210 976 δὲ
239 925 342 977 καὶ
372 924 534 987 ἄλλος
560 925 742 992 σοφὸς,
779 943 797 975 ι
833 925 989 978 Μετά
1021 924 1204 995 μωροῦ
1245 924 1320 993 μὴ
1348 923 1742 992 συμϐουλεύου,

155 1017 216 1067 οὗ
242 1016 360 1084 γάρ
382 1017 675 1086 δυνήσεται
702 1015 858 1082 λόγον
910 1017 1152 1081 στέξαι.»
1181 1016 1291 1068 Καὶ
1321 1016 1501 1079 πάλιν,
1531 1034 1549 1068 ι
1573 1015 1745 1069 Παντὶ

157 1107 440 1176 ἀνθρώπῳ
497 1108 570 1178 μὴ
610 1106 838 1174 ἐκφαινε
896 1108 964 1160 τὰ
1010 1107 1110 1176 τῆς
1152 1107 1378 1178 καρδίας
1429 1122 1558 1160 σουο
1611 1106 1745 1176 μηδὲ

157 1198 345 1247 πάντα
381 1196 670 1266 ἄνθρωπον
696 1195 960 1261 είσᾶγαγε
1014 1197 1094 1257 είς
1119 1197 1212 1248 τὸν
1241 1189 1389 1247 οἶκόν
1421 1211 1536 1249 σου.
1569 1194 1746 1248 Πολλά

157 1288 266 1352 γὰρ
289 1287 360 1339 τὰ
394 1287 581 1355 Ξνεδρα
615 1286 706 1340 τοῦ
740 1287 1004 1340 διαϐόλου.
1027 1309 1044 1338 ι
1083 1287 1192 1340 Καὶ
1225 1285 1403 1350 αὖθις,
1441 1306 1457 1336 ι
1484 1285 1745 1339 Ἐνώπιον

157 1377 450 1444 ἀλλοτρίου
487 1377 654 1446 μηδὲν
684 1378 917 1447 ποιήσῃς
938 1378 1198 1445 κρυπτόνο
1235 1377 1294 1429 ού
1317 1377 1426 1446 γὰρ
1456 1377 1746 1444 γινώσκεις

159 1467 208 1518 τί
240 1468 479 1532 τέξεται.
508 1487 526 1517 ι
576 1467 685 1519 Καὶ
722 1466 908 1531 πάλιν,
959 1486 977 1518 ι
1007 1465 1172 1536 Ἀνὴρ
1209 1467 1505 1533 δίγλωσσος
1538 1467 1747 1517 ἀποκα-

158 1557 356 1609 λύπτει
380 1558 575 1626 βουλὰς
592 1560 648 1610 ὲν
672 1558 966 1629 συνεδρίῳο
992 1559 1020 1611 ὁ
1047 1557 1102 1610 δὲ
1132 1558 1323 1620 πιστὸς
1354 1559 1489 1626 πνοῇ
1513 1554 1744 1625 κρύπτει

160 1648 492 1716 πράγματα.
531 1667 549 1699 ε
590 1650 696 1700 Καὶ
727 1651 756 1701 δ
797 1651 1080 1718 προφήτης
1118 1648 1357 1716 Μιχαίας
1404 1647 1501 1718 βοᾷ
1548 1647 1742 1711 λέγων,

167 1757 183 1786 ι
204 1738 295 1808 Μὴ
317 1741 752 1793 καταπιστεύετε
775 1741 832 1792 ὲν
848 1740 1044 1806 φίλοις.
1070 1739 1179 1792 Καὶ
1203 1740 1310 1793 ἀπὸ
1331 1741 1432 1808 τῆς
1454 1741 1745 1804 συγκοίτου

161 1845 252 1882 σου
285 1831 528 1899 φύλαξον
555 1833 649 1884 τοῦ
708 1832 782 1900 μὴ
833 1831 1129 1884 ἀναθέσθαι
1178 1832 1316 1901 αὐτῇ
1367 1849 1484 1884 τι.»
1548 1831 1745 1894 Καλῶς
1778 1823 1816 1874 Β

158 1919 290 1984 γοῦν
319 1923 418 1974 καὶ
455 1924 485 1975 ὁ
514 1923 801 1992 προφήτης
841 1925 1100 1992 παραινεῖ
1122 1922 1486 1992 φυλάττεσθαι
1514 1924 1622 1976 ἀπὸ
1646 1925 1743 1992 τῆς

161 2013 480 2078 συγκοίτου,
529 2014 739 2082 μήποτε
797 2013 1181 2083 ὑπομείνωμεν
1231 2015 1300 2068 τὰ
1338 2015 1432 2068 τοῦ
1480 2015 1742 2084 Σαμψών.

172 2104 458 2172 Ὀχληθεὶς
488 2104 597 2175 γὰρ
642 2107 670 2158 ὸ
715 2105 927 2167 δίκαιος
965 2104 1070 2157 ὑπὸ
1116 2105 1216 2174 τῆς
1266 2105 1438 2158 αὑτοῦ
1486 2105 1743 2175 συμδίου,

158 2194 490 2264 ἀνήγγειλεν
539 2197 677 2266 αὐτῇ
718 2197 779 2249 τὸ
831 2195 1146 2266 πρόὸλημα,
1205 2198 1300 2250 καὶ
1339 2197 1562 2265 γέγονεν
1595 2197 1744 2266 αὑτῷ

159 2289 235 2348 είς
280 2288 466 2356 λύπην
517 2289 781 2356 μεγάλην.
825 2288 1104 2351 Ὡσαύτως
1137 2289 1230 2342 καὶ
1257 2290 1289 2358 ἡ
1319 2289 1549 2358 δευτέρα
1576 2288 1741 2342 αὑτοῦ

161 2378 398 2446 σύμϐιος
434 2378 654 2442 Δαλιδὰ,
697 2378 1000 2449 ἀπατηλοῖς
1053 2379 1234 2446 λόγοις
1277 2381 1608 2448 ἀπατήσασα
1649 2380 1744 2433 τὸν

158 2467 390 2531 δίκαιον,
430 2467 715 2537 ὶπίχαρμα
773 2467 937 2520 αὑτὸν
987 2468 1321 2533 κατέστησεν
1370 2470 1480 2530 τοῖς
1529 2467 1743 2536 ἐχθροῖς

160 2557 350 2613 αὐτοῦ.
391 2559 498 2611 Καὶ
527 2561 554 2611 ό
582 2558 644 2622 ἐξ
673 2559 1008 2626 ἐπαγγελίας
1041 2558 1389 2627 συλληφθεὶς,
1417 2560 1511 2610 καὶ
1551 2558 1745 2628 κρίνας

160 2651 332 2703 εἴκοσι
365 2650 462 2720 ιτη
489 2651 581 2704 τὸν
616 2650 853 2717 Ἰσραὴλ,
906 2650 1000 2702 καὶ
1045 2650 1347 2718 ἀνασχίσας
1384 2649 1509 2709 ταῖς
1563 2647 1743 2698 παλά-

163 2757 288 2808 μαις
319 2742 383 2793 τὸ
406 2741 583 2810 στόμα
609 2739 706 2794 τοῦ
757 2741 993 2804 λέοντος,
1043 2739 1139 2792 καὶ
1181 2741 1239 2791 ὲν
1271 2737 1477 2806 σιαγόνι
1513 2737 1635 2790 ὄνου
1663 2753 1744 2806 χι·-

163 2832 304 2892 ιίους
335 2831 669 2894 ἀποκτείνας
715 2831 937 2901 ἄνδρας,
967 2831 1060 2882 καὶ
1102 2828 1248 2896 ὕδωρ
1273 2830 1338 2880 ὲκ
1365 2828 1466 2895 τῆς
1495 2827 1744 2895 σιαγόνος

164 2921 320 2984 πιὼν,
348 2923 443 2974 καὶ
471 2921 538 2974 δι’
557 2921 864 2991 ὑπερϐολὴν
896 2920 1079 2990 ίσχύος
1105 2919 1202 2981 τὰς
1232 2919 1408 2982 πύλας
1433 2917 1615 2987 Γάζης
1647 2917 1743 2970 σὺν

174 3014 248 3084 τῷ
270 3013 458 3084 μοχλῷ
482 3015 570 3066 iu‘
586 3012 751 3082 ὤμων
780 3012 940 3082 ἄρας,
965 3013 1059 3065 καὶ
1081 3013 1160 3073 είς
1183 3011 1244 3063 τὸ
1269 3009 1393 3080 ὅρος
1420 3009 1741 3076 ἀνενέγκας,

166 3107 265 3158 ὑπὸ
303 3106 518 3174 φαύλης
547 3104 808 3174 γυναικὸς
829 3102 1158 3165 δελεασθεὶς,
1184 3101 1444 3170 ἐξαίφνης
1488 3099 1548 3152 οὐ
1584 3099 1742 3168 μόνον

165 3193 256 3263 τὴν
284 3193 557 3263 τοσαύτην
591 3192 745 3261 ίσχίιν
793 3190 1096 3254 ἀπώλεσεν,
1130 3189 1268 3242 ἀλλά
1297 3189 1392 3241 καὶ
1422 3188 1489 3241 τὰ
1519 3188 1742 3256 ὄμματα

165 3286 495 3356 ιξορυχθεὶς,
529 3283 781 3351 παίγνιον
807 3284 920 3336 τοῖς
962 3279 1274 3349 παιδαρίοις
1301 3279 1410 3332 τῶν
1433 3276 1746 3344 ἀλλοφύλων

166 3377 476 3445 γενόμενος,
497 3375 594 3427 σὺν
619 3374 802 3434 αὐτοῖς
827 3371 919 3424 τὸν
948 3369 1062 3440 βίον
1092 3370 1407 3424 κατέλυσεν.
1448 3369 1744 3439 Ἐπόμενον

166 3463 252 3518 οὖν
303 3469 455 3518 ἐστιν
503 3464 565 3517 τὸ
613 3462 706 3516 τοῦ
763 3463 971 3533 Κυρίου
1022 3460 1184 3530 ῥητὸν
1227 3461 1289 3513 τὸ
1328 3463 1556 3528 φάσκον,
1594 3477 1611 3510 ι
1654 3457 1746 3527 Μὴ

167 3557 296 3609 δῶτε
323 3556 397 3609 τὰ
437 3555 568 3622 ἅγια
593 3555 708 3616 τοϊς
735 3552 916 3618 κυσὶν,
951 3551 1088 3622 μηδὲ
1117 3551 1337 3622 βάλλετε
1368 3551 1495 3613 τοὺς
1527 3568 1744 3620 μαργα-

171 3647 318 3715 ρίτας
356 3645 532 3715 ὑμῶν,
572 3642 884 3715 ἔμπροσθεν
923 3642 1032 3695 τῶν
1059 3642 1283 3712 χοίρων,
1320 3643 1529 3711 μήποτε
1570 3656 1743 3693 κατα-

168 3740 483 3808 πατήσωσιν
513 3733 712 3797 αὐτοὺς
745 3734 869 3796 τοῖς.
895 3733 1055 3786 ποσὶν
1102 3729 1304 3793 αὐτῶν,
1336 3731 1431 3783 καὶ
1477 3731 1743 3799 στραφέν-

170 3845 252 3889 τες
281 3828 520 3898 ῥήξωσιν
552 3825 716 3895 ὑμᾶς.
763 3844 780 3875 ι
821 3823 976 3892 Αὑτῷ
1007 3825 1040 3893 ἡ
1074 3822 1202 3888 δόξα
1236 3823 1313 3885 είς
1358 3823 1484 3883 τοὺς
1515 3821 1738 3881 αίῶνας.

183 3920 234 3970 ’Δ
244 3920 370 3987 μήν.

1855 563 2099 618 incidere
2127 565 2180 616 in
2209 562 2553 624 alliictiones,
2584 577 2650 614 ex
2685 575 2753 615 eo
2783 560 2930 630 quod
2958 560 3162 628 quibus
3195 577 3300 614 non
3323 561 3421 615 de-
3453 608 3455 610 .

1854 655 2074 717 bebant,
2100 654 2430 720 nimisquam
2459 660 2660 704 temere
2687 666 2744 704 se
2782 651 3158 704 crediderunt.
3193 652 3424 706 Necesse

1853 747 2020 815 igitur
2040 745 2134 806 sit,
2169 741 2611 810 circumspectim
2642 750 2698 794 et
2747 741 2946 794 comite
2989 741 3224 795 consilio
3263 757 3424 810 agere

1851 838 2055 898 omnia.
2100 851 2204 890 nec
2263 834 2598 895 inconsulte,
2651 841 2710 886 ιιι
2743 833 2855 886 fere
2889 831 2967 893 fit,
3001 840 3276 887 secretum
3301 834 3422 885 cui-

1851 943 2014 996 quam
2041 925 2411 988 committere,
2441 935 2500 978 ut
2528 939 2595 978 ne
2619 924 2841 977 demum
2880 939 2976 991 por
3007 933 3153 976 tuam
3194 922 3422 976 tenneri-

1853 1028 2017 1073 tatem
2071 1018 2286 1072 fructus
2327 1016 2578 1070 demetas
2621 1015 2852 1069 doloris.
2910 1014 2991 1068 Ad
3061 1029 3222 1067 aures
3273 1013 3422 1065 enim

1852 1109 2216 1176 imprudentis
2242 1109 2446 1160 bonum
2472 1114 2555 1160 est
2586 1106 2720 1158 nihil
2754 1105 2960 1167 dicere,
2989 1113 3048 1157 ut
3073 1113 3128 1157 et
3165 1104 3420 1157 Salomon

1850 1201 1948 1262 ait,
1999 1215 2066 1253 ne
2125 1199 2264 1252 forte
2313 1199 2614 1252 subsannet
2666 1196 2911 1249 eruditos
2949 1205 3071 1248 tuos
3117 1209 3414 1248 scrtmntzs.

1852 1292 2022 1345 Docet
2070 1296 2253 1342 autem
2289 1297 2344 1341 ct
2394 1289 2536 1340 alius
2569 1287 2787 1354 sapiens
2820 1303 2832 1336 :
2869 1303 2886 1333 ι
2922 1287 3057 1339 Cum
3103 1287 3272 1339 stulto
3313 1287 3423 1338 noli

1853 1382 1990 1436 inire
2055 1380 2380 1440 consilium,
2435 1393 2542 1430 non
2600 1377 2748 1431 enim
2811 1378 3014 1445 poterit
3069 1387 3250 1445 tegere
3305 1391 3426 1428 ver-

1853 1473 1980 1526 bum
2005 1472 2070 1525 ".
2111 1489 2128 1521 ι
2167 1471 2380 1524 Rursus
2417 1485 2429 1521 :
2481 1487 2498 1518 ι
2536 1467 2694 1521 Omni
2736 1467 2948 1520 homini
2980 1482 3048 1520 ne
3106 1466 3304 1535 prodas
3329 1481 3426 1519 cor

1853 1577 2006 1620 tuum
2037 1564 2102 1624 ⁸⁵⁸,
2133 1577 2310 1630 neque
2338 1575 2557 1614 omnem
2584 1560 2862 1613 hominem
2903 1559 3068 1612 induc
3094 1560 3148 1611 in
3197 1556 3421 1611 domum

1855 1667 1998 1711 tuam
2021 1673 2033 1718 ;
2078 1656 2264 1708 multa:
2288 1653 2434 1707 enim
2461 1662 2586 1705 sunt
2613 1651 2825 1706 insidiae
2847 1649 3273 1704 calmnniatoris
3297 1648 3362 1702 δ’.
3399 1667 3416 1696 ι

1855 1747 2092 1800 Rursum
2119 1762 2132 1797 :
2169 1762 2187 1794 ι
2222 1743 2418 1798 Coram
2445 1742 2625 1795 alieno
2649 1742 2785 1794 nihil
2803 1741 2971 1794 facias
2994 1741 3214 1802 secreti,
3243 1755 3421 1807 neqtte

1848 1838 1995 1891 enim
2037 1837 2168 1899 scis,
2202 1834 2334 1904 quid
2371 1835 2549 1903 pariet
2576 1833 2648 1886 '°.
2694 1852 2712 1883 ι
2747 1833 2952 1886 Iterum
2989 1849 3001 1884 :
3048 1852 3064 1880 ‹
3109 1832 3202 1885 Vir
3248 1832 3418 1886 bilin-

1847 1930 1969 2000 guis
2009 1928 2212 1982 revelat
2241 1927 2469 1981 consilia
2504 1927 2554 1979 in
2591 1925 2827 1980 concilio
2858 1925 3042 1978 habita
3069 1940 3083 1986 ;
3112 1923 3204 1991 qui
3237 1933 3420 1976 autem

1847 2021 2022 2075 fidelis
2048 2027 2132 2074 est
2157 2019 2378 2088 Spiritu,
2409 2017 2648 2070 occultat
2674 2031 2789 2071 rem
2829 2017 2895 2069 ⁸¹.
2933 2034 2953 2066 ι
2989 2015 3244 2069 Μίοίιτειιε
3299 2029 3424 2082 pm-

1847 2115 2007 2184 pheta
2049 2113 2248 2167 clamat
2300 2127 2312 2164 :
2369 2129 2386 2161 ι
2433 2111 2554 2164 Noli
2610 2110 2770 2164 tidem
2810 2110 3014 2163 habere
3041 2107 3252 2165 amicis.
3306 2115 3357 2159 et
3392 2118 3422 2157 τι

1846 2203 2154 2259 contliorali
2190 2213 2281 2258 tua
2332 2216 2484 2265 cave,
2536 2207 2594 2254 et
2625 2200 2760 2254 nihil
2801 2199 2951 2255 illius
2999 2197 3128 2253 ﬁdei
3163 2195 3421 2252 commit.

1847 2305 1898 2349 te
1923 2295 1989 2348 ".
2028 2313 2046 2345 ι
2082 2293 2194 2347 lloc
2219 2307 2286 2347 eo
2310 2291 2471 2353 dixit,
2497 2305 2566 2346 ne
2597 2290 2739 2346 forte
2757 2289 2951 2346 eadem
2979 2290 3280 2344 toleremus
3299 2303 3423 2357 qua:

1844 2393 1899 2438 et
1934 2383 2162 2438 Samson
2198 2383 2385 2451 :justo
2412 2380 2561 2435 enim
2599 2380 2750 2443 huic,
2784 2393 2906 2448 quae
2951 2393 3076 2432 cum
3117 2378 3235 2447 ipso
3267 2377 3421 2431 vive-

1846 2471 1939 2525 bat
1985 2471 2376 2533 communiter,
2415 2467 2832 2538 inexplicabiles
2878 2467 3149 2522 conscivit
3211 2466 3419 2520 turbas.

1846 2562 2075 2616 Samson
2135 2561 2284 2614 enim
2332 2559 2601 2628 propositi
2660 2558 3020 2628 problematis
3089 2554 3421 2609 solutionem

1841 2649 2160 2703 enuntiarat
2197 2665 2209 2700 :
2255 2647 2308 2701 id
2342 2647 2490 2716 quod
2527 2662 2634 2700 non
2681 2646 3018 2701 mediocrem
3060 2644 3268 2698 invexit
3299 2644 3424 2697 viro

1847 2741 2150 2795 tristitiam.
2194 2739 2305 2794 Nec
2347 2753 2509 2793 secus
2549 2739 2722 2792 altera
2775 2737 2880 2791 tori
2932 2752 3181 2797 consors,
3226 2751 3425 2804 nempe

1845 2832 2033 2887 Dalida
2060 2831 2312 2885 subdolis
2333 2839 2390 2883 et
2423 2831 2662 2884 illicibus
2696 2830 2882 2884 verbis
2912 2831 3061 2898 justo
3088 2843 3211 2881 cum
3243 2827 3422 2894 impo-

1845 2924 2068 2982 suisset.
2103 2922 2287 2976 etl'ecit
2314 2931 2373 2975 ut
2406 2921 2495 2975 hic
2521 2931 2704 2974 tantus
2739 2919 2973 2989 publica:
2993 2928 3138 2973 esset
3194 2917 3424 2970 insulta-

1848 3013 1982 3068 tioni
2013 3012 2255 3067 inimicis
2300 3013 2464 3066 suis:
2501 3011 2546 3066 is
2604 3011 2698 3080 qui
2744 3010 2992 3080 angelica
3051 3009 3424 3078 promissione

1846 3109 2144 3169 conceptus
2171 3108 2278 3160 est,
2305 3114 2511 3168 perque
2535 3114 2713 3153 annos
2748 3099 2942 3168 viginti
2981 3098 3292 3152 Israelitica:
3335 3099 3424 3167 ju-

1846 3191 1948 3245 dex
1973 3191 2170 3245 fuerat.
2202 3189 2353 3243 ldem
2374 3189 2630 3243 manibus
2655 3189 2707 3242 in
2750 3189 2928 3243 leonis
2956 3203 3052 3242 ora
3080 3188 3298 3258 injectis
3331 3189 3416 3256 ip-

1842 3296 1964 3336 sum
2015 3280 2392 3344 dissecuerat;
2425 3279 2479 3333 in
2509 3279 2825 3333 mand-ibula
2848 3279 2988 3333 asini
3017 3281 3164 3334 mille
3187 3279 3424 3349 peremit

1845 3371 2030 3435 viros;
2063 3383 2128 3423 ex
2156 3369 2346 3423 eadem
2369 3367 2588 3422 maxilla
2612 3368 3008 3423 scaturientem
3030 3369 3417 3436 bibitaquam:

1846 3458 1937 3513 hic
1965 3456 2319 3525 exsuperanti
2363 3454 2540 3508 fretus
2581 3455 2799 3521 robore,
2841 3462 3029 3525 portas
3081 3454 3238 3509 Gaza
3268 3453 3426 3509 urbis

1846 3564 1971 3604 cum
2003 3546 2300 3602 emovisset
2335 3546 2477 3611 loco,
2512 3561 2621 3600 una
2657 3561 2782 3600 cum
2843 3546 2983 3601 seris
3021 3545 3268 3600 humeris
3314 3545 3421 3599 im—

1849 3638 2076 3707 positas,
2109 3633 2334 3688 sustulit
2354 3635 2410 3687 in
2435 3643 2713 3700 montem;
2761 3643 2818 3689 et
2847 3634 2938 3690 hic
2983 3643 3168 3688 tantus
3193 3634 3422 3703 abiecta:

1849 3738 1913 3778 ac
1948 3721 2073 3776 vilis
2108 3718 2442 3774 mulierculae
2484 3718 2764 3773 inescatus
2823 3717 3118 3784 illecebris,
3147 3724 3425 3771 momento

1851 3829 1961 3869 non
2006 3809 2387 3865 tantummodo
2431 3809 2673 3878 perdidit
2703 3810 3105 3874 fortitudinem,
3137 3810 3233 3864 sed
3259 3825 3423 3863 exca-

1851 3904 1996 3959 vatis
2016 3912 2178 3972 atque
2198 3901 2416 3955 effossis
2441 3901 2728 3955 oculorum
2754 3901 3005 3964 orbibus,
3029 3900 3095 3954 ad
3121 3899 3424 3953 ludibrium

172 4010 451 4078 expositus
487 4018 573 4062 est
626 4005 854 4076 puerilis
883 4005 1063 4076 gentis
1100 4004 1428 4069 Philistinm,
1475 4005 1579 4057 hoc
1635 4010 1720 4056 est
1780 3999 2121 4068 alienigenzr,
2186 3996 2518 4065 quibuscum
2567 4011 2886 4066 oppressus,
2946 3995 3091 4049 diem
3133 4010 3291 4048 suum
3315 3993 3424 4047 'ob-

177 4102 318 4175 iit".
352 4101 521 4170 Sequi
553 4100 722 4170 igitur
749 4099 1020 4165 debemus
1085 4099 1424 4152 Dominicam
1461 4097 1611 4151 illam
1657 4093 2007 4153 sententiam,
2073 4105 2194 4157 qua:
2232 4089 2369 4143 dicit
2403 4107 2415 4142 :
2461 4108 2478 4139 ι
2515 4087 2694 4142 Nolite
2754 4087 2886 4142 dare
2935 4096 3122 4140 sancta
3175 4084 3423 4147 canibus,

178 4173 348 4263 neque
418 4190 723 4261 projiciatis
787 4190 1112 4258 margaritas
1138 4201 1347 4245 vestras
1412 4198 1538 4242 ante
1590 4200 1810 4255 porcos,
1855 4197 1924 4236 ne
1989 4182 2130 4234 forte
2189 4179 2519 4234 conculceut
2579 4193 2673 4234 eas
2733 4177 3000 4247 pedibus,
3056 4183 3113 4230 et
3169 4173 3421 4229 conversi

176 4286 512 4356 disrumpant
537 4300 634 4340 vos
664 4286 731 4339 “.
776 4304 793 4336 ν
845 4285 950 4355 Ipsi
998 4285 1173 4355 gloria
1218 4285 1272 4338 in
1303 4282 1500 4338 saecula
1522 4279 1872 4335 saculorum.
1899 4273 2097 4328 Amen.

769 4407 989 4463 ΛΟΓυΣ
1024 4407 1162 4476 scr.

721 4518 861 4588 Περὶ
888 4518 1195 4584 ἀληθείας.

2275 4397 2316 4465 ι
2330 4395 2483 4464 127
2510 4392 2794 4448 HOMlLlA
2822 4391 3003 4445 LXVI.

2473 4505 2548 4559 De
2569 4507 2811 4559 ueritate.

251 4639 432 4700 Ἴσως,
473 4635 622 4705 τίμιε
665 4632 842 4703 πάτερ
896 4629 1184 4694 Εὑστάθιε,
1227 4627 1552 4699 θαυμάζεις,
1589 4625 1653 4680 σύ
1686 4642 1745 4679 τε

1921 4619 2192 4674 Mirabere
2243 4619 2454 4681 forsan,
2493 4624 2650 4687 pater
2680 4615 2816 4670 mihi
2847 4614 3183 4670 venerabilis
3224 4615 3424 4670 Eusta-

186 4730 271 4782 καὶ
295 4731 346 4783 οι
378 4725 760 4796 εντευξάμενοι
801 4725 866 4794 τῇ
905 4722 1155 4793 παρούσῃ
1187 4720 1564 4792 πραγματείᾳ,
1600 4720 1747 4780 τίνος

181 4819 356 4874 ῑνεκεν
387 4817 519 4885 παρ’
564 4815 720 4886 ὑμῶν
753 4813 1116 4884 προτραπεὶς,
1159 4813 1250 4865 καὶ
1281 4812 1414 4880 πρὸς
1460 4811 1602 4880 ὑμᾶς
1648 4810 1746 4878 τὴν

184 4912 348 4980 ἀρχὴν
376 4908 468 4962 τοῦ
505 4908 666 4974 λόγου
691 4905 1082 4976 ποιησάμενος,
1111 4903 1311 4965 εὐθέως
1337 4902 1526 4970 ὥσπερ
1555 4900 1742 4953 ἐπιλα-

185 5001 399 5069 θόμενος
433 4998 650 5058 ἑαυτοῦ,
683 4998 758 5059 ὡς
794 4997 930 5067 πρός
958 5012 1113 5056 τινας
1146 4993 1406 5064 φοιτητὰς
1442 4991 1746 5062 χρῄζοντας

182 5090 538 5153 διδασκαλίας,
563 5089 661 5148 τὰς
683 5087 946 5152 διαλέξεις
978 5087 1342 5156 ὶποιησάμην.
1375 5084 1536 5137 Ἀλλά
1558 5083 1744 5153 μηδεὶς

187 5180 524 5250 θαυμαζέτω,
561 5178 698 5250 μηδὲ
729 5178 916 5239 ἀνοίας
966 5177 1216 5247 ιγκλημα
1259 5173 1599 5244 ιγγράψαιτό
1631 5191 1739 5242 μοι.

186 5267 274 5338 τὴν
301 5267 621 5338 ἐναλλαγὴν,
653 5266 789 5320 ἀλλά
817 5267 1015 5336 μᾶλλον
1049 5264 1377 5333 ἀποδέξηται
1402 5262 1500 5331 τῆς
1529 5264 1744 5316 ἐπαινε-

188 5362 274 5428 τῆς
300 5360 523 5421 δειλίας.
555 5358 632 5411 Οὑ
666 5359 774 5427 γὰρ
804 5356 1167 5425 ἐπιλέλησμαι
1195 5352 1452 5424 titan-:05,
1487 5352 1623 5407 ἀλλὰ
1647 5352 1744 5421 τὴν

190 5451 475 5518 ἀπολογίαν
499 5449 629 5518 ἐρῶ.
662 5449 771 5511 Τὰς
801 5449 901 5516 μὲν
931 5447 1039 5516 γὰρ
1068 5445 1321 5516 ἀφορμὰς
1348 5443 1442 5496 τοῦ
1480 5443 1742 5511 παρόντος

191 5541 492 5608 πονήματος
527 5538 622 5593 τοῦ
656 5537 1029 5606 κεφαλαιῶσαι
1063 5539 1120 5591 εν
1153 5535 1404 5604 συντόμῳ
1441 5537 1618 5587 πᾶσαν
1649 5535 1745 5599 τὴν

262 5677 295 5703 δτ
321 5676 488 5728 Eri-li.
519 5689 646 5731 xw,
681 5675 754 5727 Il.
819 5673 858 5702 ν’
896 5671 1063 5725 Evt-li.
1116 5685 1226 5728 \‘ltl,
1254 5670 1343 5721 2‘2.
1419 5668 1460 5693 ³⁵
1498 5666 1657 5719 Ειιιοίὶ.
1696 5681 1762 5718 \l.
1809 5663 1896 5717 5|.

203 5758 277 5803 vn,
306 5747 350 5798 ἲς,
436 5743 678 5798 "‘Judir.
710 5758 813 5803 \w,
843 5743 1058 5807 passim.
1145 5741 1183 5769 δ’
1222 5739 1384 5790 “still
1439 5753 1504 5790 vn
1553 5740 1583 5789 ὃ

1851 4711 1987 4774 thie,
2028 4719 2196 4779 tuque
2251 4719 2304 4761 et
2357 4707 2450 4777 qui
2508 4707 2704 4761 lecturi
2755 4715 2882 4760 sunt
2917 4707 3204 4774 prasentis
3241 4705 3426 4774 operis

1844 4799 2392 4861 con‘unentationem,
2431 4813 2531 4850 cur
2562 4806 2742 4850 vestra
2767 4796 3148 4850 exhortatione
3173 4795 3423 4848 admoni-

1846 4900 1935 4947 tus
1970 4900 2030 4944 ut
2069 4889 2394 4951 scriberem,
2424 4895 2479 4940 et
2511 4901 2541 4939 a
2589 4886 2746 4939 vobis
2780 4901 2901 4938 cum
2951 4884 3052 4938 sim
3107 4885 3424 4952 auspicatus

1845 4983 2010 5037 telam
2042 4990 2327 5051 pertexere
2376 4978 2537 5031 istius
2597 4976 2800 5043 Operis,
2851 4989 2974 5026 mox
3028 4982 3206 5027 tamen
3267 4974 3422 5041 quasi

1851 5073 1957 5127 mei
1993 5071 2168 5140 ipsius
2190 5068 2414 5132 oblitus,
2441 5067 2604 5120 hasce
2627 5066 2923 5118 conciones
2970 5065 3042 5116 ita
3069 5065 3316 5132 pertexui
3365 5074 3424 5118 ut

1850 5163 2027 5218 videri
2057 5160 2259 5231 possim
2304 5157 2596 5227 discipulis
2651 5156 2981 5224 quibusdam
3015 5155 3186 5224 loqui.
3220 5154 3423 5223 quibus

1844 5271 1983 5325 opus
2003 5255 2142 5308 lacte
2176 5250 2596 5306 siteruditionis
2637 5258 2692 5302 et
2725 5246 3010 5301 doctrinae.
3050 5248 3225 5313 Atque
3261 5262 3421 5299 nemo

1847 5347 2095 5405 miretur.
2150 5341 2330 5412 neque
2369 5341 2628 5396 vicariam
2673 5340 2813 5394 hanc
2860 5339 3315 5405 permutationem
3351 5347 3420 5389 ιι·-

1848 5457 1999 5496 mere
2038 5439 2265 5508 objiciat
2295 5438 2492 5492 factam
2516 5450 2637 5490 esse
2667 5450 2765 5505 per
2806 5434 3167 5504 ignorantiam
3198 5441 3291 5484 aut
3334 5430 3414 5481 in-

1847 5532 2234 5603 cogitantiam;
2278 5529 2448 5599 magis
2478 5541 2611 5580 vero
2649 5537 2862 5596 gratum
2912 5525 3111 5578 habeat
3166 5523 3413 5576 titttm‘t‘ttt

2009 5665 2050 5692 ""
2081 5661 2248 5716 Eccli.
2281 5676 2386 5713 vm.
2429 5661 2509 5713 il.
2630 5661 2666 5688 "'
2702 5659 2838 5711 l‘rov
2895 5675 2964 5718 xi,
3025 5658 3102 5710 l3.
3180 5656 3224 5685 "
3260 5655 3417 5708 Muli.
