4178 6436
187 408 209 469 1
221 410 323 472 629

1097 413 1422 471 HOMILIA
1464 413 1783 471 LX\’1[.—
1821 412 1916 469 DE
1952 411 2503 475 CORREPTIONE.

3275 408 3411 472 1630

171 540 278 589 μου
318 541 334 571 ι
364 521 464 572 οὐκ
514 518 658 573 ἔστιν
690 522 937 591 ἀλήθεια,
982 524 1063 576 ὅτι
1109 525 1143 591 ἡ
1181 525 1376 592 καρδία
1416 525 1595 577 αὐτῶν
1639 540 1745 591 μα-

1862 533 1934 577 est
1972 523 2194 585 veritas,
2224 523 2351 591 quia
2392 539 2487 579 cor
2513 538 2708 579 eorum
2727 536 2927 575 vanum
2949 527 3032 575 est
3062 529 3409 589 :sepulcl'um

167 610 334 661 ταία·
402 609 496 661 καὶ
548 609 717 676 τάφος
777 610 1120 679 ἀνεῳγμένος
1188 612 1216 663 6
1273 610 1480 681 λάρυγξ
1528 610 1743 663 αὐτῶνθ

166 702 289 760 ταῖς
323 696 595 765 γλώσσαις
641 698 819 751 αὐτῶν
863 698 1174 753 ἐδολιοῦσαν
1202 717 1214 729 ·
1253 700 1338 752 διὰ
1368 699 1525 751 τοῦτο
1564 701 1748 768 κρῖνον
1794 760 1819 776 θ

168 791 399 850 αὐτοὺς,
429 794 455 844 6
484 791 637 850 Θεὸς.
669 809 685 840 ι
721 790 888 857 Φησὶν
914 790 970 841 δὲ
998 790 1091 842 καὶ
1124 790 1152 841 6
1184 790 1435 857 ἀληθινὸς
1461 790 1602 852 Ἰὼϐ,
1640 809 1657 839 ι
1688 789 1746 839 El

166 882 226 933 δὲ
261 884 359 934 καὶ
390 883 710 953 ἐψευσάμην
743 884 963 950 ῥήματα
992 882 1147 949 ἁγίου
1177 882 1311 939 Θεοῦ
1363 898 1483 951 μου.
1522 900 1539 931 ι
1588 880 1696 933 Καὶ
1722 882 1749 932 6

172 973 627 1040 Παροιμιαστὴς,
670 989 687 1020 ι
728 972 1016 1040 Κρείσσων
1045 971 1259 1040 πτωχὸς
1290 973 1347 1023 ὲν
1381 969 1609 1040 ἀληθεία
1648 986 1749 1020 πο-

171 1063 474 1132 ρευόμενος
534 1062 783 1115 πλουσίου
815 1062 1069 1130 ψευστου.
1110 1081 1127 1112 ι
1182 1063 1359 1115 Ποιεῖν
1407 1061 1515 1130 γὰρ
1543 1060 1747 1123 δίκαια,

172 1152 271 1201 καὶ
296 1148 605 1216 ἀληθεύειν,
638 1151 842 1219 ἀρεστά
877 1150 1030 1218 παρὰ
1061 1150 1139 1219 τῷ
1175 1150 1294 1220 Θεῷ
1332 1150 1552 1220 μᾶλλον,
1586 1149 1617 1218 ἧ
1652 1140 1751 1200 ’θυ-

173 1242 313 1293 σιῶν
327 1237 484 1309 αἷμα.
507 1242 609 1295 Καὶ
624 1239 799 1319 αὖθις,
832 1260 850 1292 ι
880 1244 1359 1312 Ἀνοίγων,φησὶν,
1390 1242 1498 1296 ἀπὸ
1530 1242 1750 1311 χειλέων

170 1332 339 1401 ὀρθὰ,
384 1334 465 1385 ὅτι
501 1333 748 1402 ἀλήθειαν
796 1334 1079 1403 μελετήσει
1124 1334 1151 1385 6
1190 1333 1396 1402 λάρυγξ
1428 1350 1526 1400 μου
1553 1348 1567 1363 ·
1601 1332 1750 1384 ἐϐδε-

169 1425 423 1492 λυγμένα
449 1425 505 1477 δὲ
549 1424 779 1477 ἐνώπιόν
815 1441 916 1491 μου
950 1425 1097 1494 χείλη
1124 1424 1311 1492 ψευδῆ.
1350 1443 1367 1472 ι
1392 1423 1450 1475 Ὀ
1491 1423 1548 1475 δὲ
1592 1422 1752 1474 Ἀπό-

175 1516 367 1576 στολος
389 1533 402 1546 ’
432 1536 448 1565 ι
472 1515 826 1581 Ἀποθέμενοι
848 1515 939 1568 οὖν
964 1516 1023 1566 τὸ
1042 1515 1236 1581 ψεῦδος
1262 1513 1469 1565 λαλεῖτε
1492 1511 1751 1579 ἀλήθειαν

170 1605 409 1665 ’ἕκαστος
439 1606 573 1671 μετά
600 1603 693 1656 τοῦ
724 1605 949 1673 πλησίον
988 1603 1174 1667 αὑτοῦ,
1205 1604 1285 1655 ὅτι
1316 1602 1480 1669 ἐσμὲν
1512 1600 1753 1667 ἀλλήλων

176 1691 344 1759 μέλη.
377 1712 394 1741 ι
435 1694 561 1756 Καὶ,
600 1713 617 1742 ι
659 1693 746 1745 Ἐν
775 1693 961 1761 ἀγάπῃ
992 1693 1362 1760 ἀνυποκρίτῳ,
1395 1690 1490 1742 καὶ
1518 1693 1574 1743 ἐν
1611 1689 1753 1757 λόγῳ

170 1782 459 1851 ἀληθείας.
498 1803 514 1833 ι
564 1783 621 1834 Ὀ
654 1784 711 1835 δὲ
756 1781 1030 1849 Ἰωάννης,
1063 1802 1079 1832 r
1111 1783 1365 1847 Οἴδαμεν,
1402 1781 1584 1849 φησὶν,
1617 1782 1697 1833 ὅτι
1726 1780 1753 1831 6

174 1871 311 1933 Υἱὸς
342 1872 434 1923 τοῦ
468 1870 605 1923 Θεοῦ
651 1874 797 1941 ἥκει,
840 1874 932 1925 καὶ
960 1872 1157 1925 ἔδωκεν
1188 1875 1320 1941 ἡμῖν
1365 1873 1623 1934 διάνοιαν,
1665 1870 1753 1922 ἴνα
1782 1852 1823 1907 Β

169 1962 537 2030 γι.ώσκωμεν
571 1965 662 2016 τὸν
709 1964 966 2034 ἀληθινὸν
1011 1966 1165 2017 Θεόν.
1197 1967 1301 2018 Καὶ
1349 1965 1516 2032 ἐσμὲν
1565 1963 1621 2013 ὲν
1676 1962 1751 2033 τῷ

168 2053 544 2125 annosam
564 2054 726 2107 αὑτοῦ
750 2056 927 2129 Ἰησοῦ
949 2057 1189 2127 Χριστῷ,
1213 2057 1271 2116 ὃς
1292 2057 1436 2106 ἐστιν
1453 2056 1478 2105 6
1504 2052 1750 2123 ἀληθινὸς

167 2141 331 2202 Θεὶς,
372 2142 463 2193 καὶ
498 2144 529 2209 ἠ
559 2142 725 2213 ζωὴὴ
760 2145 996 2206 αἰώνιος.
1039 2146 1096 2198 Ὀ
1126 2144 1237 2211 γὰρ
1265 2144 1441 2195 λαλῶν
1472 2142 1747 2211 ἀλήθειαν,

170 2236 230 2285 ὲν
276 2234 356 2303 τῷ
387 2233 504 2304 Θεῷ
540 2235 709 2302 μένει.
745 2254 763 2284 ι
797 2234 914 2303 Χρὴ
942 2229 1037 2285 οὖν
1070 2236 1250 2285 πᾶσαν
1292 2233 1545 2302 ἀλήθειαν
1574 2234 1636 2283 ἐκ
1658 2228 1750 2284 τοῦ

173 2327 450 2393 στόματος
472 2324 564 2377 τοῦ
580 2324 867 2395 ἀνθρώπου
894 2325 1152 2394 ὲκπορεύε
1164 2325 1306 2384 σθαι,
1325 2326 1409 2376 ἵνα
1432 2325 1491 2375 τὸ
1513 2322 1749 2389 πνεῦμα,

166 2415 197 2467 ὃ
251 2418 281 2467 6
324 2415 456 2478 Θεὸς
510 2415 811 2485 κατῴκισεν
862 2419 918 2468 ὲν
980 2419 1045 2484 τῇ
1099 2417 1265 2485 σαρκὶ
1316 2414 1510 2485 ταύτῃ,
1555 2413 1752 2482 ἀληθὲς

168 2505 380 2574 εὑρεθῇ
421 2507 572 2575 παρά
605 2507 772 2559 πᾶσιν
812 2506 1143 2575 ἀνθρώποις,
1186 2506 1281 2557 καὶ
1315 2504 1485 2565 οὕτως
1522 2503 1749 2575 δοξασθῇ

168 2598 197 2647 6
242 2596 450 2663 Κύριος
484 2599 512 2649 6
550 2597 609 2648 ὲν
637 2595 713 2666 τῷ
740 2596 1013 2665 ἀνθρώπῳ
1046 2594 1335 2657 κατοικῶν,
1376 2594 1457 2647 ὅτι
1492 2596 1519 2646 6
1552 2592 1752 2663 Κύριος

169 2684 431 2750 ἀληθινὸς
488 2686 546 2735 ὲν
600 2686 761 2738 παντὶ
798 2688 1025 2756 ῥήματι,
1070 2684 1165 2736 καὶ
1215 2683 1367 2735 οὐδὲν
1426 2686 1557 2750 παρ’
1604 2680 1754 2752 αὐτῷ

168 2774 394 2841 ψεῦδος.
450 2775 510 2827 Οί
550 2770 643 2828 οὖν
676 2776 1019 2845 ψευδόμενοι,
1076 2774 1361 2827 ἀθετοῦσιν
1400 2774 1492 2824 τὸν
1528 2771 1750 2841 Κύριον,

171 2863 275 2915 καὶ
302 2862 543 2930 γίνονται
567 2865 937 2933 ἀποστερηταὶ
952 2862 1045 2914 τοῦ
1064 2861 1290 2929 Κυρίου,
1324 2859 1397 2930 μὴ
1417 2859 1755 2921 ἀποδιδόντες

172 2955 332 3025 αὖτῷ
359 2956 458 3025 τὴν
486 2954 813 3024 παραθήκην
840 2957 904 3024 ἥν
932 2952 1122 3005 ἔλαϐον
1148 2969 1160 2982 ο
1187 2952 1376 3003 ἔλαϐον
1399 2951 1506 3021 γὰρ
1542 2950 1756 3019 πνεῦμα

173 3045 473 3113 ἄψευστον.
496 3043 666 3096 Τοῦτο
691 3044 785 3097 ὲάν
800 3044 992 3112 ψευδὲς
1014 3043 1384 3105 ἀποδώσωσιν,
1408 3042 1638 3110 ἐμίαναν
1658 3040 1755 3109 τὴν

172 3134 275 3185 τοῦ
310 3134 446 3185 Θεοῦ
481 3134 829 3205 παραθήκην,
865 3136 959 3187 καὶ
992 3136 1238 3202 ἐγένοντο
1263 3133 1653 3201 ἁποστερηταί.
1700 3131 1756 3185 Ὀ

174 3224 291 3291 γὰρ
326 3222 615 3290 φυλάττων
659 3225 757 3294 τὴν
804 3224 1090 3294 ἀλήθειαν,
1129 3224 1351 3277 δύναται
1395 3223 1575 3292 ἑαυτῷ
1614 3223 1755 3293 ζωὴν

182 3316 651 3384 περιποιήσασθαι
673 3333 686 3347 ο
721 3316 1047 3383 φυλάττεται
1074 3318 1181 3386 γὰρ
1212 3316 1315 3367 ὑπὸ
1351 3316 1449 3380 τῆς
1478 3314 1754 3383 ἀληθείας.

185 3408 427 3469 Εἰκότως
480 3404 575 3459 οὖν
626 3409 767 3460 κατὰ
814 3408 987 3473 τάξιν,
1038 3410 1183 3476 τίμιε
1238 3407 1412 3476 πάτερ
1468 3404 1753 3470 Εὑστάθιε,

180 3501 315 3568 ὑμῖν
349 3498 694 3569 ἀνεθήκαμεν
717 3500 807 3551 τὸν
837 3501 965 3569 περὶ
1006 3500 1105 3568 τῆς
1148 3498 1404 3566 ἀληθείας
1431 3497 1607 3563 λόγον.
1644 3494 1761 3549 Ἀεὶ

182 3592 293 3661 γάρ
326 3590 418 3643 τὸν
451 3590 684 3659 Χριστὸν
730 3590 1095 3659 ἐνδεδυμένος,
1137 3591 1193 3640 ὲν
1232 3588 1380 3658 αὐτῷ
1417 3587 1514 3656 ζῇς
1550 3586 1645 3639 καὶ⁵
1676 3604 1759 3638 κι-

179 3682 373 3750 νῆσαι,
390 3681 482 3732 καὶ
503 3673 554 3731 εἶ
569 3680 642 3742 ὼς
666 3679 919 3750 ἀληθινὸς
941 3678 1248 3749 ἄνθρωπος,
1276 3677 1369 3729 κα)⁸
1390 3677 1486 3745 τῆς
1504 3675 1759 3744 ἀληθείας

178 3773 426 3841 ἐραστὴς
468 3770 857 3841 μανικώτατος.
891 3770 1027 3841 [Νῦν
1056 3770 1165 3839 γὰρ
1204 3767 1423 3839 θαρρετν
1458 3786 1546 3839 μοι
1578 3785 1757 3837 παρα-

180 3862 467 3915 κελεύεται
495 3861 667 3913 ταῦτα
712 3861 841 3931 περὶ
873 3861 965 3914 σοῦ
1012 3859 1394 3930 ἀποφήνασθαι
1426 3862 1453 3913 6
1481 3858 1650 3910 εἰπὼν
1681 3855 1759 3928 τῷ

178 3951 412 4019 Θωμᾷ,ι
435 3947 576 4015 Ἐγώ
599 3951 712 4017 ειμι
745 3951 777 4019 ἠ
805 3950 942 4012 ὁδὸς,
970 3948 1065 4002 καὶ
1106 3950 1139 4007 ἠ
1176 3947 1419 4017 ἀλήθεια,
1457 3944 1723 4016 καὶήξωή
1744 3960 1760 3977 ⁸

180 4041 284 4094 καὶ
302 4040 478 4100 οὐδεὶς
504 4039 718 4108 ἔρχεται
745 4041 881 4110 πρὸς
906 4040 995 4092 τὸν
1009 4040 1306 4106 Πατέρα,εἱ
1340 4038 1413 4108 μὴ
1439 4038 1505 4091 δι’
1533 4038 1685 4107 ἐμοῦ.
1705 4035 1755 4108 ι]

182 4126 348 4196 Αὑτῷ
378 4128 577 4196 πρέπει
607 4128 733 4194 δόξα
757 4129 854 4181 σὺν
886 4129 1060 4199 Πατρι
1090 4127 1186 4181 καὶ
1212 4126 1363 4196 ἀγίῳν
1381 4126 1654 4198 Πνεύματι
1682 4129 1763 4191 εἰς

180 4221 314 4279 τοὺς
353 4219 573 4281 αἰῶνας.
620 4219 813 4288 Ἀμήν.

1850 620 2042 679 patens
2068 619 2255 681 guttur
2275 628 2490 678 eorum,
2522 614 2725 682 linguis
2756 613 2872 667 suis
2892 612 3080 666 dolose
3102 620 3352 680 egerunt,
3385 632 3403 662 ο

1848 710 2072 771 propter
2102 703 2206 755 hoc
2236 722 2253 752 ι
2285 704 2470 772 judica
2506 703 2646 766 illos,
2686 704 2828 757 Deus
2850 706 2947 757 ⁸⁵.»
2981 702 3085 757 Sed
3123 710 3179 755 et
3206 702 3409 755 veridi-

1848 809 1946 846 cus
1977 792 2079 847 Job
2109 810 2121 845 :
2152 812 2170 842 ‹
2200 793 2319 846 Non
2346 794 2494 847 enim
2533 791 2673 846 elusi
2700 793 2863 845 verba
2886 792 3059 847 sancti
3087 791 3181 845 Dei
3219 790 3346 843 mei.
3385 809 3404 840 ι

1848 885 2268 940 Parmmiastes:
2311 903 2329 935 ι
2370 884 2561 938 Melior
2608 890 2691 937 est
2717 898 2921 951 pauper
2949 883 3002 935 in
3032 883 3263 937 veritate
3297 894 3413 933 am-

1849 977 2043 1030 bulans
2072 976 2241 1030 divite
2277 976 2538 1030 mendace
2564 977 2627 1030 ".
2665 996 2683 1028 »
2723 975 2923 1030 Facere
2948 974 3096 1027 enim
3126 989 3246 1042 qua:
3263 976 3410 1043 justa

1847 1077 1995 1130 sunt,
2025 1078 2081 1122 et
2116 1069 2261 1136 loqui
2304 1068 2611 1129 veritatem,
2662 1073 2885 1134 accepta
2916 1074 3045 1118 sunt
3096 1066 3206 1117 Deo
3239 1064 3412 1132 magis

1848 1175 2011 1227 quam
2038 1161 2257 1228 sanguis
2284 1158 2652 1211 victimarum.
2694 1157 2909 1210 Rursus
2942 1171 2955 1207 :
3006 1173 3022 1205 ι
3055 1152 3320 1222 Aperiens
3380 1167 3412 1206 e

1850 1249 2014 1304 labiis
2073 1258 2242 1312 recta,
2298 1248 2425 1317 quia
2483 1249 2773 1301 veritatem
2833 1244 3192 1299 meditabitur
3225 1250 3414 1313 guttur

1853 1355 2055 1401 meum,
2080 1338 2438 1392 exsecrabilia
2473 1347 2655 1390 autem
2697 1336 2751 1389 in
2784 1345 3079 1404 conspectu
3122 1350 3244 1388 meo
3270 1333 3413 1386 labia

1854 1428 2133 1483 mendacia
2164 1429 2230 1482 “.
2268 1448 2285 1479 ι
2333 1428 2465 1481 ltem
2497 1426 2790 1496 Apostolus
2826 1444 2837 1478 :
2885 1444 2901 1475 ι
2940 1426 3284 1493 Deponentes
3310 1422 3413 1490 igi-

1854 1529 1941 1573 tur
1975 1518 2317 1573 mendacium
2362 1516 2649 1586 loquimini
2693 1515 2977 1570 veritatem
3036 1512 3413 1580 unusquisque

1851 1627 1973 1665 cum
2000 1611 2246 1679 proximo
2275 1626 2394 1668 suo,
2413 1609 2539 1678 quia
2554 1622 2741 1662 sumus
2776 1606 3007 1659 invicem
3037 1602 3278 1656 membra
3297 1601 3362 1653 ⁶’.
3390 1619 3407 1650 ι

1852 1702 1957 1755 Et:
1998 1720 2015 1750 ι
2054 1700 2111 1752 In
2130 1700 2397 1753 charitate
2424 1715 2531 1751 non
2561 1698 2705 1759 (icta,
2734 1700 2788 1751 in
2817 1696 2985 1750 verbo
3005 1692 3258 1747 veritatis
3288 1690 3354 1743 "'.
3392 1711 3409 1741 ι

1852 1790 2089 1843 Joannes
2119 1804 2337 1855 quoque
2372 1804 2384 1839 :
2430 1806 2447 1836 ι
2491 1786 2708 1839 Scimus
2738 1785 2863 1853 quia
2901 1786 3072 1838 Filius
3107 1783 3201 1836 Dei
3268 1780 3415 1833 venit

1852 1887 1908 1932 et
1941 1877 2095 1930 dedit
2147 1877 2307 1930 nobis
2365 1890 2606 1936 sensum,
2664 1883 2723 1927 ut
2771 1888 3166 1943 cognoscamus
3222 1886 3412 1925 verum

1852 1970 2042 2031 Deum,
2081 1976 2138 2021 et
2180 1968 2355 2020 siums
2380 1967 2434 2019 in
2486 1980 2617 2019 vero
2654 1965 2791 2019 Filio
2825 1966 2943 2034 ejus
2971 1963 3098 2018 Jesu
3144 1961 3365 2015 Christo
3399 1977 3411 2013 :

1852 2058 1943 2112 hic
1972 2067 2056 2112 est
2083 2073 2247 2110 verus
2269 2058 2433 2117 Deus,
2459 2066 2515 2109 et
2542 2056 2653 2109 vita
2684 2064 2887 2108 aeterna
2919 2056 2961 2084 ⁸³
2994 2071 3006 2106 :
3038 2052 3131 2121 qui
3154 2051 3299 2106 enim
3326 2067 3417 2104 ve-

1856 2150 2069 2202 ritatem
2105 2149 2371 2215 loquitur,
2406 2147 2458 2198 iu
2497 2147 2607 2199 Deo
2634 2159 2816 2198 manet
2844 2146 2911 2197 το.
2945 2164 2961 2195 ι
2994 2144 3224 2198 Necesse
3248 2143 3417 2211 igitur

1852 2239 1943 2301 sit,
1967 2253 2033 2292 ex
2072 2238 2309 2291 hominis
2349 2253 2443 2290 ore.
2472 2238 2680 2290 nullmn
2734 2236 2941 2289 eliundi
2987 2249 3295 2288 sermonem
3322 2234 3415 2302 qui

1853 2343 1961 2381 non
1982 2327 2210 2379 veritate
2241 2326 2553 2379 omnimoda
2583 2325 2813 2387 nitatur,
2850 2336 2909 2377 ut
2931 2323 3171 2392 Spiritus
3201 2322 3291 2375 ille
3316 2336 3413 2374 ve-

1855 2418 2030 2471 ritatis
2053 2417 2146 2485 qui
2175 2417 2318 2469 idem
2342 2417 2485 2469 Deus
2512 2428 2615 2477 est,
2648 2415 2983 2482 intelligatur
3012 2414 3067 2466 in
3098 2413 3201 2465 hac
3225 2412 3419 2464 etiarn-

1852 2523 1981 2560 num
2017 2522 2182 2560 carne
2212 2507 2314 2560 sibi
2338 2504 2603 2573 delegisse
2648 2503 2987 2557 domicilium
3025 2519 3038 2555 :
3070 2501 3162 2570 qui
3192 2515 3289 2569 per
3318 2498 3422 2552 hoc

1852 2596 1996 2666 apud
2016 2612 2178 2650 omne
2206 2596 2489 2648 hominum
2523 2610 2696 2664 genus
2721 2593 3060 2662 eomperitur
3090 2590 3371 2644 veridieus
3401 2605 3415 2640 :

1853 2697 2017 2757 atque
2046 2688 2121 2742 ita
2147 2688 2367 2741 demum
2391 2686 2791 2756 glorilicabitur
2818 2683 3081 2737 Dominus
3109 2680 3421 2735 inhabitans

1854 2780 2150 2834 hominem.
2180 2780 2239 2832 In
2273 2778 2421 2831 omni
2457 2778 2629 2832 verbo
2670 2792 2833 2831 verax
2888 2784 2974 2830 est
3005 2774 3288 2832 Dominus.
3316 2784 3422 2824 nec

1856 2870 2025 2923 ullum
2058 2868 2230 2936 possit
2264 2867 2317 2919 in
2361 2866 2479 2935 ipso
2532 2864 2873 2933 deprehendi
2934 2861 3208 2917 mendacii
3248 2860 3423 2914 vesti-

1855 2960 2023 3029 gium.
2055 2957 2336 3024 Quotquot
2398 2956 2562 3025 igitur
2589 2964 2764 3010 semet
2801 2953 3060 3008 irretiunt
3102 2950 3421 3005 mendacio-

1859 3066 1977 3103 rum
2004 3047 2285 3107 funiculis,
2320 3046 2658 3099 frustrantur
2723 3052 2778 3099 et
2816 3045 3049 3098 eludunt
3102 3043 3421 3104 Dominum,

1861 3140 2105 3207 liuntque
2140 3137 2425 3207 praedones
2454 3135 2691 3198 Domini,
2722 3136 2851 3190 dum
2884 3135 2938 3189 id
2971 3132 3119 3203 quod
3166 3147 3336 3203 penes
3366 3147 3426 3186 se

1860 3228 2169 3297 depositum
2198 3236 2301 3289 est,
2338 3242 2446 3279 non
2508 3225 2747 3279 reddunt
2779 3226 3054 3279 incolume
3098 3230 3156 3277 et
3207 3237 3424 3276 sanum.

1862 3319 2126 3388 Spiritum
2150 3318 2297 3371 enim
2332 3325 2662 3384 acceperunt
2691 3315 2839 3368 nulla
2880 3322 3109 3383 contage
3156 3310 3427 3365 mendacii

1863 3408 2196 3462 decolorem.
2222 3407 2378 3460 Hunc
2408 3407 2452 3461 si
2484 3405 2823 3460 reddiderint
2861 3404 3094 3457 Domino
3142 3400 3427 3454 interstin-

1864 3507 2013 3552 ctum
2047 3496 2214 3551 variis
2240 3495 2649 3549 mendaciorum
2682 3493 2848 3557 notis,
2888 3493 3073 3561 utique
3100 3491 3279 3545 videri
3302 3506 3427 3559 pos-

1863 3596 1990 3642 sunt
2018 3586 2421 3641 contaminasse
2445 3584 2755 3654 depositum
2785 3600 2798 3635 :
2832 3598 2942 3651 quo
2973 3584 3050 3643 lit,
3088 3591 3148 3636 ut
3190 3581 3299 3635 dici
3328 3580 3429 3633 de-

1863 3680 2029 3732 beant
2060 3676 2142 3731 rei
2175 3676 2367 3730 alienae
2397 3676 2783 3744 suppilatores.
2815 3674 2934 3729 1am
2958 3672 3246 3727 veritatem
3271 3670 3426 3739 quis-

1862 3768 1989 3837 quis
2026 3765 2267 3821 custodit
2298 3780 2363 3818 ac
2400 3774 2609 3828 tuetur,
2648 3767 2787 3819 citra
2839 3764 3213 3819 diliicultatem
3262 3761 3428 3815 ullam

1862 3865 2044 3926 potest
2082 3855 2187 3909 sibi
2216 3854 2448 3908 emercri
2508 3854 2726 3908 beatam
2773 3854 2961 3907 vitam.
3003 3852 3085 3906 Ab
3120 3850 3234 3919 ipsa
3281 3849 3429 3903 enim

1860 3945 2165 4017 protegitur
2185 3944 2441 4005 veritate,
2477 3945 2727 3998 necunde
2758 3943 2918 3997 talem
2940 3941 3221 3996 adoriatur
3246 3949 3303 3994 et
3341 3953 3433 3991 ur-

1860 4045 1985 4107 geat
2017 4034 2297 4104 quidpiam
2351 4034 2501 4087 mali.
2551 4034 2683 4089 Jure
2734 4034 2921 4103 igitur,
2986 4041 3044 4085 et
3102 4046 3200 4100 pro
3228 4030 3432 4084 decoro

1865 4126 2051 4181 tuendi
2086 4125 2354 4179 hactenus
2374 4125 2535 4193 coepti
2562 4122 2775 4177 ordinis
2800 4138 3110 4178 sermonem
3142 4122 3289 4175 hunc
3313 4118 3428 4186 (qui

1866 4215 1934 4267 de
1994 4214 2229 4267 veritate
2289 4212 2393 4275 est)
2428 4211 2830 4264 succedaneum
2882 4209 3004 4273 tibi,
3040 4224 3073 4261 ο
3105 4206 3432 4262 venerabilis

184 4316 350 4375 pater
404 4307 679 4371 Eustathi,
734 4306 1206 4361 consecravimus.
1245 4305 1460 4375 1129
1518 4304 1746 4372 Semper
1786 4302 1932 4356 enim
1958 4300 2238 4354 Christum
2302 4297 2550 4361 indutus,
2591 4298 2645 4351 in
2713 4299 2832 4367 ipso
2873 4298 3015 4351 vivis
3060 4305 3116 4351 et
3168 4294 3428 4358 moveris,

187 4406 362 4463 utque
390 4395 552 4447 homo
584 4408 769 4457 verax,
838 4393 1119 4462 praecipuo
1176 4400 1232 4446 et
1265 4393 1587 4447 exuberanti
1636 4405 1820 4445 amore
1855 4391 2025 4459 ipsam
2054 4388 2274 4457 deperis
2295 4387 2585 4441 veritatem
2611 4386 2893 4442 Christum
2921 4404 2935 4440 :
2965 4402 3130 4456 quem
3164 4402 3271 4441 una
3304 4401 3429 4440 cum

188 4490 355 4542 Patre
378 4493 435 4539 et
462 4484 671 4554 Spiritu
704 4492 893 4539 sancto
946 4499 1169 4554 compar
1206 4484 1438 4539 addecet
1484 4484 1655 4554 gloria
1704 4482 1759 4537 in
1794 4481 1991 4537 saacula
2018 4482 2363 4534 seculorum.
2386 4478 2582 4533 Amen.

789 4618 1005 4670 ΛΟΓΟΣ
1042 4617 1159 4671 ΞΖ’.

677 4727 816 4794 Περὶ
848 4727 954 4781 τοῦ
992 4728 1281 4797 ἐλέγχειν.

267 4900 344 4952 Τδ
378 4898 519 4952 κατά
567 4898 699 4952 Θεὸν
749 4899 990 4967 ἐλέγχειν
1035 4901 1127 4953 τὸν
1175 4900 1420 4969 πλησίον,
1472 4900 1765 4970 εὐάρεστόν

187 4996 341 5046 ἐστιν
372 4990 450 5061 τῷ
482 4989 601 5059 Θεῷ
653 4991 748 5043 καὶ
779 4990 949 5057 φίλον.
984 4992 1296 5062 Τεκμήριον
1326 4994 1435 5063 γάρ
1468 4995 1612 5046 ἐστιν
1632 4992 1752 5060 φιλ-

187 5082 474 5149 αδελφίας,
524 5080 618 5133 καὶ
660 5079 978 5149 συμπαθοῦς
1014 5082 1257 5149 γνώμης,
1305 5082 1466 5149 μόνον
1518 5083 1576 5133 ἐν
1625 5080 1758 5134 εἱλισ

191 5176 374 5243 κρινεῖ
399 5171 596 5241 καρδίᾳ
630 5171 722 5223 καὶ¹
753 5170 977 5239 καθαρῷ
1008 5172 1300 5223 συνειδότι·
1331 5174 1388 5224 ὲν
1430 5172 1578 5242 φόϐῳ
1606 5170 1764 5234 Θεοῦ,

196 5262 342 5333 μετά
368 5262 549 5331 πάσης
576 5261 972 5330 εὐσπλαγχνίας
1007 5261 1267 5331 ἐλέγχειν,
1293 5264 1480 5330 σκοπῷ
1528 5262 1621 5315 τοῦ
1648 5264 1766 5314 ἐπι-

195 5353 429 5421 στρέψαι
454 5353 545 5404 τὸν
572 5353 973 5421 ἁμαρτάνοντα,
1020 5354 1101 5405 δεῖ
1146 5354 1300 5405 τοῦτο
1333 5358 1506 5406 ποιεῖν
1528 5371 1541 5384 ·
1573 5354 1677 5423 χρὴ
1710 5352 1766 5405 δὲ

192 5446 291 5497 καὶ
327 5443 624 5511 διακρίνειν
656 5446 788 5496 ὅπου
830 5443 911 5495 δεῖ
949 5443 1191 5511 ἐλέγχειν
1214 5461 1227 5474 ·
1262 5446 1383 5497 ἐπεὶ
1412 5445 1579 5514 ἄνδρα
1610 5445 1767 5496 δυνα-

190 5536 289 5586 τὸν
318 5534 379 5586 οὐ
426 5534 531 5603 χρὴ
586 5535 826 5604 ἐλέγχειν
862 5533 955 5585 ἰπὶ
979 5534 1321 5599 κενοδοξίαν*
1377 5534 1515 5589 ἀλλά
1569 5535 1767 5604 μᾶλλον

267 5686 311 5717 ⁸³
353 5684 492 5738 Psal.
530 5700 583 5743 ν,
620 5682 702 5747 10,
737 5683 820 5737 Η.
899 5683 944 5715 ⁸⁸
966 5684 1125 5740 Prov.
1155 5700 1263 5748 xu,
1306 5685 1355 5739 1.

199 5773 251 5815 v.
292 5756 379 5809 ‘20.
459 5755 504 5785 ⁷⁰
528 5754 681 5807 Prov.
721 5752 933 5811 “3.13.

2380 4612 2662 4667 HOMILIA
2700 4611 2910 4666 LXVII.

1866 4726 2137 4782 Neminem
2174 4736 2375 4789 praeter
2420 4726 2663 4847 demit-iugi
2718 4734 2765 4778 ct
2810 4726 3170 4779 discretionem
3219 4724 3435 4795 coargui

2585 4811 2613 4847 ε
2645 4812 2750 4847 ere.

2585 4811 2750 4849 εοενε.

1940 4903 2251 4957 Proximum
2290 4916 2587 4971 coarguere
2622 4899 2927 4955 secundum
2966 4900 3159 4961 Deum,
3190 4899 3304 4952 Deo
3330 4896 3434 4967 ipsi

1868 5010 2033 5063 quam
2086 4993 2156 5048 sit
2212 4994 2510 5063 gratiosum
2563 5000 2618 5047 et
2662 4990 2931 5054 amabile,
2984 4990 3109 5059 quis
3160 4988 3435 5059 explicet?

1877 5084 2035 5138 Aliud
2074 5084 2222 5137 enim
2257 5092 2342 5137 est
2370 5083 2507 5136 nihil
2540 5097 2701 5151 quam
2748 5081 2962 5150 insigne
3013 5080 3269 5134 fraternae
3300 5078 3437 5132 dile-

1866 5174 2069 5229 ctionis
2097 5184 2501 5242 argumentum,
2534 5186 2596 5225 ac
2626 5171 2731 5240 piae
2756 5184 2881 5239 erga
2905 5169 3212 5239 proximum
3243 5168 3439 5219 volun-

1867 5265 1995 5319 tatis
2026 5263 2237 5317 illustre
2264 5264 2501 5333 signum,
2523 5262 2705 5315 alieno
2732 5260 2982 5329 periculo
3024 5258 3435 5319 indolescentis,

1867 5357 2084 5409 sincero
2112 5355 2293 5409 cordis
2321 5356 2520 5409 allectu
2551 5363 2607 5406 et
2642 5352 2847 5406 munda
2879 5366 3105 5421 prorsus
3152 5348 3439 5404 conscien-

1868 5446 1964 5498 tia.
1996 5445 2055 5498 ln
2096 5446 2293 5501 timore
2325 5455 2507 5499 autem
2542 5443 2639 5497 Dei
2678 5443 2732 5496 id
2781 5443 2893 5506 ﬁat,
2928 5456 3029 5496 nec
3066 5440 3185 5495 sine
3234 5437 3439 5492 indivi-

1869 5534 1978 5588 dua
2016 5536 2137 5606 ejus
2170 5536 2373 5590 comite
2424 5533 2829 5596 misericordia,
2864 5548 3033 5588 unum
3067 5530 3307 5600 aliquem
3345 5543 3436 5582 ar-

1432 5685 1478 5717 “
1518 5684 1677 5739 Prov.
1706 5684 1821 5749 v‘ut,
1855 5682 1967 5747 6.7.
2040 5684 2084 5717 "
2119 5683 2322 5755 Ephes.
2356 5699 2427 5751 iv,
2449 5683 2539 5739 25.
2613 5682 2659 5717 ⁸⁸
2689 5682 2734 5739 ll
2781 5681 2909 5740 Cor.
2938 5694 3013 5750 vr,
3060 5682 3113 5739 6.
3154 5682 3199 5717 ⁶⁹
3233 5681 3434 5738 lJoan.
