4178 6436
764 372 894 435 ιδδι

2024 370 2385 432 ANTIOCHI
2429 371 2768 434 MONACIII

3894 376 4029 437 1632

761 499 948 554 gnere,
981 484 1084 537 hoe
1119 483 1377 538 nimirum
1400 484 1600 540 mentis
1631 500 1818 554 scopo,
1856 494 1917 538 ut
1944 483 2012 537 ad
2042 481 2331 538 rectitudi-

2440 481 2534 547 τὴν
2568 482 2833 551 ἐπι-ςοράν
2870 485 2966 551 τῆς
3000 483 3298 553 μελλούσης
3328 485 3551 551 ἀτιμίας
3595 485 3889 547 ἐπιδείξαι.
3939 486 4027 551 ’1⁸νῇ

764 576 849 629 nis
883 590 1110 628 revoces
1134 576 1273 629 viam
1316 584 1372 630 et
1402 585 1693 629 convertas
1718 584 2085 645 peceatorem.
2118 576 2173 629 ld
2214 574 2336 644 qui-

761 666 886 719 dem
926 666 1018 720 ﬁat
1068 674 1321 734 oportet;
1358 666 1455 720 sed
1491 674 1548 720 et
1599 682 1827 720 necesse
1867 666 1940 720 sit
1982 666 2336 720 discretionis

762 760 935 814 aciem
986 759 1295 822 intendere,
1355 759 1445 813 ubi
1492 769 1547 814 et
1593 774 1703 828 quo
1742 758 1848 812 loci
1898 760 1971 814 sit
2022 759 2334 814 necessaria

766 852 1142 921 reprehensio.
1200 853 1295 907 Vir
1344 863 1538 923 potens
1583 853 1945 917 auctoritate,
1974 853 2089 907 sive
2126 852 2334 907 divitiis

762 945 1150 999 snll‘areinatus
1183 947 1502 1015 neutiquam
1537 946 2023 1015 reprehendendus
2042 945 2193 1000 venit
2220 946 2335 1000 ina—

764 1038 851 1089 nis
883 1036 1069 1105 gloria:
1092 1054 1105 1089 :
1126 1039 1309 1106 potius
1340 1037 1486 1090 enim
1523 1037 1652 1090 huic
1681 1037 2006 1106 impendens
2030 1036 2333 1104 perieulum

764 1129 964 1183 futura:
998 1129 1314 1198 ignominia:
1358 1131 1620 1185 convenit
1662 1129 1902 1183 inductis
1935 1129 2202 1196 exemplis
2235 1130 2331 1183 de-

764 1231 1071 1275 monstrare
1102 1240 1115 1275 :
1150 1223 1255 1275 hoc
1301 1224 1447 1276 enim
1502 1232 1658 1291 pacto
1714 1222 1848 1275 tales
1894 1237 2004 1275 non
2056 1222 2335 1277 illibenter

763 1312 1060 1367 :ulmittent
1091 1316 1596 1384 reprehensionem.
1630 1313 1915 1369 Consimili
1950 1314 2163 1368 ratione
2198 1314 2334 1368 nihil

764 1405 1040 1472 profuerit
1069 1420 1194 1458 eum
1248 1406 1554 1474 increpare,
1587 1406 1680 1475 qui
1720 1421 1747 1459 a
1783 1406 2020 1475 peccatis
2071 1406 2337 1474 interqui-

763 1495 896 1556 evit,
930 1510 1207 1563 quemque
1242 1495 1444 1563 prioris
1483 1495 1711 1564 paenitet
1743 1495 1883 1547 vitm.
1937 1492 2090 1557 Quod
2121 1492 2165 1545 si
2198 1492 2336 1545 dicis

767 1583 1172 1651 reprehendere
1227 1594 1278 1637 te
1340 1599 1438 1651 per
1489 1583 1821 1637 eharitatemr
1865 1598 1994 1650 erga
2054 1582 2223 1635 Deum
2281 1588 2338 1635 et

764 1672 1075 1739 proximum
1099 1690 1111 1735 ;
1137 1674 1373 1741 primum
1433 1672 1518 1726 lae
1546 1673 1622 1727 illi
1652 1673 1979 1727 inclareseat
2007 1673 2331 1727 delictorum

764 1762 1022 1830 gravitas,
1059 1777 1156 1816 nec
1179 1765 1289 1832 jam
1322 1779 1557 1816 mmrore
1587 1772 1684 1816 aut
1726 1764 1953 1817 tristitia
1996 1763 2333 1818 contabescit
2380 1810 2397 1832 ς

766 1852 1154 1920 reprehensus.
1202 1852 1479 1922 Scriptum
1519 1855 1723 1922 quippe
1755 1862 1839 1908 est
1880 1854 1931 1906 in
1976 1854 2331 1908 Proverbiis:

773 1963 791 1993 ι
842 1944 1033 1998 Melior
1061 1954 1145 1998 est
1184 1946 1538 2013 reprehensio
1572 1945 1857 1998 manifesta
1890 1961 2053 2013 quam
2098 1946 2331 2000 abscon-

764 2037 879 2089 dita
915 2036 1189 2098 amicitia;
1238 2035 1485 2090 ﬁdeliora
1536 2038 1682 2091 enim
1729 2047 1857 2091 sunt
1900 2039 2126 2092 vulnera
2172 2041 2332 2092 amici

764 2140 929 2194 quam
956 2124 1269 2178 voluntaria
1301 2126 1487 2179 oscula
1532 2126 1739 2179 inimici
1772 2128 1852 2189 τίς
1904 2146 1920 2177 ι
1965 2127 2159 2180 melior
2189 2129 2335 2181 enim

763 2217 861 2285 qui
914 2216 1271 2285 reprehendit
1319 2217 1441 2269 viro
1517 2218 1721 2285 injuste
1776 2226 1831 2271 et
1881 2218 2117 2272 cervicis
2164 2218 2333 2272 durae.

765 2309 897 2375 Ejus
929 2308 1076 2362 enim
1107 2310 1199 2377 qui
1250 2320 1475 2377 repente
1508 2309 1891 2363 inllammescit
1949 2311 2050 2374 ira,
2109 2326 2220 2363 non
2250 2323 2335 2365 est

765 2397 993 2451 sanitas.
1031 2397 1244 2451 Rursus
1275 2413 1287 2449 :
1328 2414 1347 2448 α
1387 2396 1489 2463 Qui
1521 2396 1763 2451 ostendit
1793 2398 2002 2451 homini
2040 2398 2157 2452 vias
2188 2414 2332 2459 suas,

765 2486 891 2554 plus
935 2483 1165 2539 habebit
1205 2484 1391 2552 gratia:
1439 2498 1505 2537 eo
1551 2484 1645 2552 qui
1690 2483 1755 2537 ad
1804 2484 2031 2552 gratiam
2094 2484 2336 2552 linguam

764 2587 921 2627 suam
955 2572 1239 2642 componit
1281 2574 1344 2626 ν’.
1400 2590 1418 2623 ι
1457 2572 1662 2626 lterum
1694 2589 1706 2624 :
1744 2590 1763 2623 ι
1798 2572 1917 2626 Noli
1954 2587 2184 2641 arguere
2220 2588 2336 2625 ma-

766 2663 870 2727 los,
902 2664 1196 2731 nequando
1221 2662 1441 2716 oderint
1464 2672 1534 2724 te,
1568 2678 1736 2731 argue
1770 2662 2098 2732 sapientem,
2123 2672 2179 2717 et
2207 2664 2333 2716 dili-

764 2762 854 2823 get
889 2763 941 2808 te
966 2771 981 2819 ;
1017 2753 1085 2807 da
1111 2754 1345 2823 sapienti
1372 2754 1739 2817 occasionem,
1764 2763 1819 2807 et
1862 2754 2169 2823 sapientior
2196 2754 2333 2819 erit;

765 2844 993 2900 notilica
1031 2846 1202 2916 justo,
1238 2854 1293 2899 ct
1339 2844 1501 2899 addet
1553 2853 1610 2897 ut
1649 2844 1883 2913 accipiat
1928 2845 1994 2898 ".
2031 2863 2048 2895 ι
2084 2844 2288 2899 lterum
2322 2863 2333 2897 :

770 2954 790 2986 ε
860 2936 963 3002 Qui
1015 2937 1206 2990 annuit
1256 2937 1417 2990 oculo
1461 2952 1587 2991 cum
1634 2937 1794 3001 dolo,
1848 2946 2145 3006 congregat
2202 2937 2338 2991 viris

766 3027 1019 3081 tristitias
1048 3027 1121 3093 ἐς
1156 3028 1248 3097 qui
1281 3036 1463 3080 autem
1503 3042 1627 3080 eum
1666 3027 1916 3082 libertate
1958 3028 2332 3097 reprehendit,

2440 570 2547 639 γάρ
2593 573 2780 642 τρόπῳ
2827 574 3000 642 τούτῳ
3078 574 3128 625 οί
3174 573 3404 626 τοιοῦτοι
3456 574 3627 644 ἡδέως
3678 576 4024 645 ἐλέγχονται.

2448 660 2725 726 Ὡσαύτως
2774 664 2866 717 τὸν
2911 665 3283 734 παυσάμενον,
3333 665 3425 719 καὶ
3478 666 3877 735 μετανοοῦντα,
3921 670 4023 720 ούι

2436 754 2583 805 ἔστιν
2636 756 2799 810 καλὸν
2850 756 3113 825 ἐλέγχειν.
3168 757 3228 808 El
3276 756 3333 809 δὲ
3380 756 3577 824 λέγεις,
3612 758 3701 810 διὰ
3752 758 3895 811 Θεὸν
3931 763 4026 812 καὶ

2434 845 2533 913 τὴν
2566 846 2645 907 εἰς
2690 846 2781 898 τὸν
2818 848 3048 914 πλησίον
3074 848 3297 915 ἀγάπην
3336 849 3595 918 ἐλέγχειν,
3651 853 4025 921 φανεροποῦς-

2438 953 2528 988 σον
2560 936 2708 1007 αὐτῷ
2741 938 2955 1008 πρῶτον
2984 940 3050 992 τά
3080 939 3148 993 σά
3195 940 3663 1011 πλημμελήματα,
3697 945 3793 994 καὶ
3827 944 3890 994 οὐ
3933 943 4025 994 λυ-

2436 1030 2617 1081 πεῖται
2649 1028 3021 1099 ἐλεγχόμενος.
3056 1032 3366 1103 Γέγραπται
3414 1034 3471 1086 ἐν
3503 1037 3625 1095 ταῖς
3663 1035 4022 1104 Παροιμίαις,

2436 1119 2518 1172 ὃτι
2572 1139 2589 1171 ι
2633 1121 2902 1190 Κρείσσον
2946 1122 3157 1193 ἔλεγχοι
3200 1124 3733 1193 ἀποκαλυπτόμενοι,
3776 1144 4021 1193 κρυπτο-

2439 1210 2605 1279 μένης
2639 1212 2843 1281 φιλίας.
2891 1214 3331 1284 ’Λξιοπιστότερα
3373 1217 3480 1286 γὰρ
3509 1217 3807 1287 τραύματα
3841 1219 4021 1285 φίλου.

2434 1301 2467 1370 ἢ
2508 1302 2729 1356 ἑκούσια
2765 1304 3046 1374 φιλήματα
3100 1307 3316 1377 ἐχθροῦ,
3357 1327 3375 1359 ο
3421 1308 3516 1361 καὶ
3569 1312 3829 1378 κρεῖσσον
3881 1309 4024 1379 ἀνὴρ

2436 1392 2696 1462 ἐλέγχων,
2726 1395 2917 1465 ἀνδρὸς
2955 1396 3140 1449 ἀδίκου
3178 1398 3677 1468 σκληροτραχήλου.
3719 1400 4023 1469 Ἐξαπίνης

2436 1486 2545 1552 γὰρ
2576 1485 2911 1555 φλεγομένου
2941 1488 3224 1540 οὐκέστιν
3271 1490 3429 1550 ῐασις.
3489 1492 3598 1543 Kal
3650 1493 3841 1554 πάλιν,
3888 1511 3906 1542 ι
3968 1494 4024 1542 ’0

2436 1576 2675 1644 ἐλέγχων
2699 1578 2988 1647 ἀνθρώπου
3018 1580 3170 1643 ὁδοὺς
3203 1579 3389 1641 αὑτοῦ,
3427 1580 3653 1650 χάριτας
3673 1583 3786 1646 ἕξει
3820 1583 4023 1651 μᾶλλον

2436 1663 2531 1717 τοῦ
2568 1666 2702 1735 πρὸς
2735 1670 2897 1737 χάριν
2945 1670 3531 1739 γλωσσοχαριτοῦντος.
3593 1691 3611 1722 ι
3670 1674 3782 1727 Kal
3829 1674 4020 1736 πάλιν,

2448 1775 2464 1806 ι
2506 1756 2597 1826 Μὴ
2630 1758 2818 1827 ἔλεγχε
2851 1762 3075 1824 κακοὺς,
3105 1762 3191 1815 ἵνα
3224 1761 3297 1831 μὴ
3332 1762 3636 1832 μισήσωσίν
3684 1780 3744 1815 σε
3767 1778 3781 1791 ·
3832 1763 4022 1832 ἔλεγχε

2445 1848 2626 1915 σοφὸν,
2658 1849 2750 1901 καὶ
2776 1848 3050 1917 ἀγαπήσει
3085 1866 3142 1903 σε
3164 1867 3177 1881 ·
3204 1852 3426 1919 ἄσοφον,
3464 1853 3559 1904 καὶ
3590 1853 3899 1922 προσθήσει
3929 1853 4023 1905 τοῦ

2442 1938 2670 2007 μισῆσαί
2719 1956 2798 1993 σε.
2848 1940 3002 1992 Δίδου
3050 1940 3199 2010 σοφῷ
3250 1942 3522 2012 ἀφορμὴν,
3559 1945 3655 1995 καὶ
3710 1944 4022 2009 σοφώτερος

2439 2025 2612 2078 ἔσται.
2641 2026 2876 2097 Γνὼριζε
2903 2027 3117 2095 δικαίῳ,
3150 2029 3244 2080 καὶ
3266 2029 3569 2096 προσθήσει
3592 2027 3685 2080 τοῦ
3708 2027 4018 2096 δέχεσθαι..

2442 2117 2548 2167 Kal
2603 2116 2785 2181 πάλιν,
2837 2136 2855 2167 ι
2935 2117 2992 2170 '0
3046 2116 3277 2170 ὲννεύων
3312 2116 3591 2186 ὀφθαλμὸν
3650 2118 3797 2186 μετά
3848 2118 4021 2177 δόλου,

2441 2207 2663 2276 συνάγει
2714 2208 2939 2277 ἀνδράσι
2966 2207 3142 2265 λύπας
3162 2224 3177 2238 ο
3206 2210 3233 2260 6
3257 2206 3313 2260 δὲ
3353 2208 3591 2276 ἐλέγχων
3625 2208 3769 2276 μετά
3793 2211 4025 2278 παρρη-

2442 2300 2597 2364 σίας,
2654 2300 3004 2369 είρηνοποιεϊ.
3058 2299 3315 2366 Ἕλεγξον
3370 2301 3527 2368 φίλον
3596 2303 3667 2370 μή
3730 2317 3871 2353 ποτε
3928 2303 4023 2352 οὐκ

2439 2390 2725 2460 ἐποίησεν·
2782 2391 2876 2443 καὶ
2928 2391 2975 2442 εί
3018 2389 3296 2458 ἐποίησεν,
3348 2390 3435 2443 ἵνα
3482 2390 3557 2459 μὴ
3608 2391 3903 2460 προσθήσῃ
3958 2391 4024 2442 τά

2440 2480 2597 2534 αὐτά,
2636 2498 2653 2530 ι
2683 2481 2794 2533 Kal
2820 2482 2848 2532 6
2875 2480 3037 2550 νόμος
3072 2479 3258 2549 φησὶν,
3307 2497 3325 2529 ι
3371 2478 3641 2546 Ἑλέγξεις
3665 2482 3759 2532 τὶν
3796 2481 4024 2550 πλησίον

2441 2589 2558 2635 σου,
2591 2572 2664 2641 μή
2696 2588 2825 2624 ποτε
2859 2572 2958 2624 οὐκ
2983 2572 3258 2641 ἐποίησεν.
3285 2572 3345 2625 El
3391 2572 3448 2624 δὲ
3491 2574 3586 2624 καὶ
3617 2572 3907 2640 ἐποίησεν,
3941 2574 4023 2623 ἵνα

2444 2664 2516 2733 μὴ
2566 2663 2867 2733 προσθήσῃ.
2913 2681 2931 2715 ι
2969 2664 3079 2715 Kal
3132 2659 3309 2727 αὖθις,
3358 2682 3375 2714 ι
3408 2665 3619 2731 Ὥσπερ
3664 2664 3835 2716 καλὸν
3884 2667 4024 2717 ἐστιν

2439 2751 2702 2821 ἐλέγχειν,
2733 2750 2765 2816 ἦ
2798 2750 3395 2820 θυμοῦσθαικρυπτῶς.
3431 2772 3447 2801 ι
3470 2753 3579 2804 Kal
3608 2752 3834 2819 ἐπάγει,
3873 2772 3892 2803 ι
3943 2753 4026 2805 Ἑν

2441 2845 2726 2912 συμποσίῳ
2782 2843 2927 2895 οἴνου
2987 2842 3061 2913 μὴ
3088 2842 3315 2915 ἐλέγξῃς
3343 2843 3435 2895 τὸν
3481 2842 3747 2910 πλησίον·
3812 2846 3910 2895 καὶ
3954 2846 4023 2914 μὴ

2438 2935 2803 3006 ὲξουδενώσῃς
2828 2935 2989 2989 αὑτὸν
3022 2936 3081 2987 ὲν
3111 2935 3419 3005 εὐφροσύνῃ
3440 2934 3626 2987 αὐτοῦ.
3654 2955 3671 2986 ι
3700 2936 3813 2986 Καὶ
3843 2937 4021 2997 πάλιν,

2443 3047 2460 3079 ι
2486 3028 2611 3080 Ἑάν
2643 3028 2887 3095 ἐλέγχεις
2906 3025 3073 3096 ἄνδρα
3096 3025 3381 3095 φρόνιμον,
3396 3028 3489 3094 νοή
3500 3026 3876 3093 σειαῖσθησινο
3898 3045 4024 3095 καρ-

764 3116 931 3170 habet
961 3132 1151 3185 pacem
1182 3133 1195 3169 :
1233 3132 1398 3185 argue
1432 3117 1694 3179 amicum,
1742 3131 1812 3170 ne
1860 3117 2000 3172 forte
2037 3133 2146 3172 non
2179 3119 2325 3173 fece-

2440 3119 2524 3173 δία
2540 3120 2648 3191 γὰρ
2664 3117 2973 3188 αἰσθητικὴ,
2999 3115 3217 3187 λυπηρά
3241 3116 3388 3186 ψυχὴ
3415 3116 3676 3169 αὑτοῦ-οἱ
3705 3119 3761 3169 δὲ
3789 3117 4026 3185 ἐλέγχον-

766 3207 859 3270 rit,
900 3214 957 3259 et
997 3207 1043 3260 si
1091 3207 1241 3268 fecit,
1290 3217 1352 3260 ut
1382 3221 1451 3261 ne
1495 3206 1661 3261 addat
1700 3208 1764 3261 ".
1804 3228 1822 3259 ι
1860 3209 2063 3264 Eadem
2109 3228 2338 3280 prorsus

767 3295 851 3348 lex
881 3294 1003 3348 ait:
1048 3313 1065 3344 ι
1115 3296 1325 3364 Argues
1368 3296 1676 3364 proximum
1728 3306 1902 3361 tuum,
1947 3315 2017 3354 ne
2054 3300 2195 3357 forte
2226 3319 2334 3358 non

767 3384 998 3438 fecerit:
1030 3385 1177 3455 quod
1206 3386 1251 3439 si
1279 3384 1428 3447 fecit,
1460 3401 1529 3440 ne
1554 3387 1779 3457 adjiciat
1815 3390 1882 3440 ⁷⁸.
1922 3388 2095 3456 Quam
2132 3392 2334 3449 bonum

764 3483 849 3529 est
877 3489 1107 3543 arguere
1146 3476 1332 3545 potius
1361 3491 1525 3545 quam
1559 3477 1720 3532 irasci
1747 3480 1964 3535 occulte
1992 3482 2066 3535 "l
2108 3501 2126 3535 ο
2167 3483 2335 3539 Indu-

768 3566 880 3618 eit:
914 3583 933 3616 ι
971 3565 1028 3619 In
1062 3567 1317 3621 convivio
1343 3568 1458 3622 vini
1492 3584 1561 3622 ne
1590 3585 1787 3641 arguas
1827 3573 2158 3642 proximum.
2186 3586 2243 3631 ct
2268 3594 2339 3633 ne

768 3654 1043 3723 spreveris
1095 3670 1220 3711 eum
1259 3657 1312 3711 in
1364 3657 1551 3712 ltetitia
1601 3659 1722 3728 ejus
1759 3660 1824 3713 ⁷⁸.
1867 3680 1884 3712 ο
1936 3661 2067 3716 Item
2117 3681 2129 3715 :
2196 3684 2213 3715 ι
2283 3665 2337 3720 Si

768 3746 1019 3817 argueris
1063 3746 1412 3818 prudentem,
1444 3751 1817 3807 considerabit
1847 3768 2065 3809 sensum
2106 3758 2191 3810 ":
2246 3774 2341 3813 cor

769 3837 1115 3903 sensitivum,
1143 3841 1323 3894 anima
1361 3841 1507 3895 illius
1536 3843 1710 3899 triStis
1738 3855 1856 3911 est;
1898 3846 1990 3915 qui
2034 3855 2219 3903 autem
2257 3866 2340 3905 re-

767 3926 1152 3995 prehendunt,
1204 3930 1447 4000 sibiipsis
1495 3931 1775 3999 videntur,
1824 3952 1987 4005 quam
2038 3940 2168 4004 sint,
2222 3956 2342 3995 esse

768 4015 1028 4071 meliores
1054 4018 1118 4071 ⁸⁸.
1158 4036 1176 4070 ι
1214 4020 1415 4075 Paulus
1464 4021 1592 4077 item
1638 4023 1929 4080 Timotheo
1971 4026 2046 4080 ait
2079 4046 2091 4079 :
2131 4046 2148 4078 ‹
2207 4029 2341 4083 Pec-

768 4115 957 4161 cantes
1006 4122 1191 4162 coram
1215 4111 1473 4166 omnibus
1494 4127 1682 4183 argue,
1715 4122 1775 4169 ut
1796 4124 1852 4170 et
1874 4118 2056 4171 caeteri
2088 4118 2340 4175 timorem

770 4197 1009 4253 habeant
1038 4200 1103 4253 “.
1156 4220 1174 4252 ι
1228 4202 1441 4273 1130
1492 4204 1751 4259 Rursus:
1789 4223 1808 4256 ι
1844 4206 2045 4276 Argue,
2094 4208 2339 4281 increpa,

768 4289 999 4344 obsecra
1016 4290 1114 4345 ἰ.»
1146 4292 1252 4347 Sed
1278 4302 1334 4348 et
1360 4295 1406 4349 is
1423 4296 1517 4364 qui
1539 4311 1640 4351 nos
1666 4296 1731 4351 ad
1760 4298 1992 4353 salutem
2012 4316 2343 4372 magnopere

774 4380 956 4435 studet
1015 4384 1322 4452 provehere
1379 4385 1644 4441 Dominus
1698 4402 1762 4441 ac
1828 4387 2081 4445 Salvator
2134 4402 2342 4460 noster,

2440 3224 2551 3269 τες,
2568 3204 2809 3275 βελτίους
2830 3204 3189 3275 φανεροῦνται
3211 3206 3296 3258 ἐπ’
3321 3205 3534 3267 αὐτούς.
3564 3224 3582 3256 ι
3622 3206 3735 3258 Καὶ
3754 3208 3783 3258 6
3819 3206 4024 3259 Παύὶιιε

2438 3298 2687 3368 Τιμοθέῳ
2708 3297 2928 3367 φησὶν,ι
2960 3296 3100 3360 Τοὺς
3122 3297 3529 3366 ἁμαρτάνοντας
3558 3296 3789 3348 ἐνώπιον
3810 3298 4025 3350 πάντων

2438 3390 2649 3460 ἔλεγχε,
2686 3391 2772 3442 ἵνα
2802 3391 2897 3443 καὶ
2922 3389 2969 3441 οἱ
3010 3389 3185 3441 λοιποὶ
3215 3387 3377 3457 φόεον
3405 3387 3619 3457 ἔχωσιν.
3652 3407 3670 3439 ι
3701 3388 3816 3442 Kal
3846 3385 4019 3450 αὖθις,

2446 3500 2464 3533 ι
2503 3479 3140 3550 Ἐλεγξον,ὲπιτίμησον,
3169 3478 3549 3549 παρακάλεσον
3570 3496 3583 3509 ·
3628 3498 3647 3530 ι
3683 3481 3779 3532 xal
3807 3481 3839 3532 ὁ
3859 3480 4024 3532 θέλων

2438 3574 2587 3644 ἡμᾶς
2633 3572 2871 3641 σωθῆναι
2902 3570 3126 3643 Κύριος,
3157 3571 3250 3623 καὶ
3302 3570 3495 3640 Σωτὴρ
3543 3570 3723 3640 ήμῶν,
3770 3587 4022 3642 παρακε-

2438 3668 2656 3720 λεύεται
2700 3668 2835 3736 ἡμῖν
2863 3664 3060 3733 λέγων,
3118 3682 3137 3715 σ
3208 3662 3338 3716 Ἐὰν
3384 3663 3699 3733 ἁμαρτήσει
3755 3664 3840 3726 εἰς
3893 3663 3952 3715 σὲ
3996 3664 4025 3717 6

2439 3753 2671 3823 ἁδελφός
2705 3770 2823 3817 σου,
2865 3751 3068 3818 ὕπαγε,
3104 3750 3320 3819 ἔλεγξον
3353 3752 3515 3806 αὐτὸν
3548 3748 3755 3821 μεταξὺ
3796 3751 3898 3805 σοῦ
3929 3753 4022 3805 καὶ

2440 3844 2606 3900 αὑτοῦ
2673 3832 2860 3914 μόνου.
2934 3843 3060 3897 Ἐάν
3111 3860 3204 3895 σου
3276 3842 3523 3915 ἀκούσῃ,
3574 3843 3883 3912 ἐκέρδησας
3936 3845 4026 3898 τὸν

2441 3936 2671 4003 ἀδελφόν
2723 3951 2852 3988 σου·
2895 3933 2989 3986 ὲάν
3032 3933 3088 3987 δὲ
3139 3934 3215 4005 μὴ
3246 3933 3480 4003 ἀκούσῃ,
3532 3933 3823 4003 παράλαϐε
3884 3936 4019 4004 μετὰ

2445 4025 2671 4081 σεαυτοῦ
2727 4024 3018 4103 ἔτιθὲναῆ
3076 4023 3198 4086 δύο,
3251 4024 3340 4078 ἵνα
3386 4024 3478 4077 ἐπὶ
3532 4024 3801 4092 στόματος
3851 4025 3950 4079 δύο
3991 4027 4022 4095 ἢ

2443 4118 2610 4191 τριῶν
2662 4116 2957 4189 μαρτύρων
3014 4114 3355 4185 σταθήσηται
3413 4115 3523 4168 πᾶν
3575 4114 3760 4185 ῥῆμα·
3813 4115 3916 4168 ξαν
3970 4116 4024 4168 δὲ

2445 4206 2770 4279 παρακούσῃ
2821 4206 3026 4271 αὐτῶν,
3058 4206 3179 4258 εἰπε
3220 4207 3288 4276 τῇ
3329 4203 3658 4275 Ἑκκλησίᾳο
3694 4205 3789 4257 ἐὰν
3842 4204 3903 4258 δὲ
3934 4204 4026 4257 καὶ

2443 4302 2510 4369 τῇ
2541 4296 2836 4368 Ἐγκλησίᾳ
2849 4296 3192 4367 παρακούσῃ,
3221 4294 3363 4347 ἔστω
3393 4311 3476 4346 σοι
3505 4294 3691 4364 ὥσπερ
3746 4296 3776 4347 6
3810 4293 4025 4356 ἐθνικὸς

2447 4392 2542 4447 καὶ
2589 4393 2618 4445 6
2665 4388 2925 4459 τελώνης.
2984 4407 3002 4439 ι
3056 4385 3212 4456 Αὐτῷ
3264 4387 3297 4455 ἡ
3342 4382 3468 4449 δόξα
3516 4386 3596 4449 είς
3625 4384 3753 4447 τοὺς
3796 4384 4021 4448 αἰῶνας.

774 4471 917 4525 hunc
953 4472 1006 4527 in
1042 4474 1263 4528 modum
1312 4491 1412 4529 nos
1452 4476 1779 4532 adhortatur
1813 4496 1824 4530 :
1868 4496 1887 4529 ι
1930 4477 1986 4532 Si
2032 4485 2346 4549 peccaverit
2380 4480 2421 4535 D
2462 4484 2656 4553 Ἀμήν.

780 4577 825 4612 -n
871 4569 922 4615 te
970 4561 1139 4617 l'rater
1181 4571 1327 4625 tuus,
1362 4565 1521 4627 vade,
1557 4569 1772 4636 corripe
1810 4581 1939 4622 cum
1991 4568 2137 4625 inter
2188 4582 2241 4627 te
2284 4586 2341 4629 et
2380 4574 2559 4645 ipsum
2593 4573 2811 4627 solum:
2866 4569 2910 4623 si
2958 4576 3011 4622 te
3054 4566 3333 4629 audierit,
3378 4566 3621 4620 lucratus
3684 4581 3748 4620 es
3793 4565 4020 4622 fratrem

782 4668 961 4722 tuum;
1016 4658 1061 4711 si
1108 4668 1291 4713 autem
1364 4669 1416 4714 te
1469 4675 1579 4715 non
1631 4662 1891 4727 audierit,
1945 4664 2147 4721 adhibe
2229 4679 2411 4722 tecum
2450 4684 2619 4723 unum
2643 4677 2738 4721 aut.
2763 4664 3085 4727 duos,utin
3114 4678 3211 4716 ore
3231 4661 3462 4714 duorum
3487 4661 3769 4714 auttrium
3800 4664 4021 4718 testium

782 4758 876 4803 stet
906 4765 1067 4804 onme
1099 4751 1329 4806 verbum
1363 4770 1375 4804 :
1408 4754 1553 4821 quod
1589 4754 1632 4809 si
1680 4771 1783 4810 nec
1814 4758 1915 4813 hos
1953 4758 2213 4820 audierit.
2247 4761 2337 4815 die
2375 4762 2665 4826 Ecclesia;
2699 4760 2742 4814 si
2793 4770 2977 4813 autem
3023 4772 3127 4810 nec
3176 4755 3475 4811 Ecclesia!!!
3519 4754 3781 4815 audierit.
3818 4757 3894 4811 sit
3927 4758 4020 4813 tibi

778 4851 1030 4912 'anquam
1058 4844 1313 4899 ethnicus
1342 4855 1399 4900 et
1429 4847 1754 4916 publicanus
1781 4848 1852 4904 ⁸³.
1897 4869 1916 4902 ι
1957 4851 2139 4906 Gloria
2182 4853 2296 4908 Deo
2322 4861 2511 4909 nostro
2572 4853 2628 4908 in
2666 4853 2884 4908 saecula.
2922 4851 3113 4906 Amen.

1265 4953 1549 5011 IIOMILIA
1601 4957 1833 5013 LXVIII.

1039 5065 1105 5121 Ut
1131 5068 1240 5137 ipse
1269 5072 1599 5139 coarguaris,
1638 5071 1786 5125 debes
1822 5080 2077 5142 expetere.

844 5177 1017 5233 Ilomo
1053 5178 1344 5248 (siquidem
1376 5180 1444 5235 de
1479 5196 1537 5236 se
1577 5197 1741 5251 quam
1782 5181 2189 5238 modestissime
2217 5198 2343 5237 sen-

774 5270 870 5332 tit,
927 5285 1096 5341 sequc
1145 5286 1245 5341 pro
1298 5273 1511 5342 abjecto
1556 5273 1723 5329 habet
1757 5283 1813 5329 et
1856 5273 1973 5343 vili)
2006 5274 2175 5329 multa
2218 5290 2341 5329 cum

771 5361 941 5417 animi
977 5362 1255 5432 voluptate
1300 5372 1355 5417 ct
1386 5364 1765 5420 benevolentia
1803 5380 1899 5420 eas
1938 5372 2190 5435 exceptat
2221 5381 2343 5435 qua:

775 5455 830 5508 in
862 5468 919 5509 se
951 5453 1199 5509 recidunt
1221 5456 1621 5527 correptiones,
1643 5465 1738 5511 aut
1762 5457 2064 5526 quamlibet
2094 5472 2339 5527 asperam

3037 4958 3253 5012 ΛΟΓΟΣ
3288 4957 3418 5011 ΞΗθ.

2892 5069 3029 5139 Περὶ
3062 5069 3166 5123 τοῦ
3206 5069 3578 5138 ἐλέγχεσθαι.

2523 5185 2841 5254 Ἀνθρωπος
2912 5184 3007 5238 ἐάν
3072 5186 3221 5237 ἐστιν
3276 5184 3693 5254 ταπεινόφρων,
3756 5186 3857 5238 καί
3909 5186 4012 5256 ἔχει

2447 5279 2637 5332 ἑαυτὸν
2660 5277 2883 5346 εὐτελῆ,
2913 5275 3050 5347 μετά
3123 5275 3387 5345 θυμηδίας
3431 5277 3523 5329 καὶ
3572 5275 3871 5345 εὐμενείας
3896 5280 4014 5337 τοὺς

2446 5367 2871 5437 ἐπιφερομένους
2922 5365 3072 5435 αύτῷ
3109 5366 3381 5434 ἐλέγχους.
3445 5367 3539 5418 καὶ
3598 5367 3661 5419 τὸ
3714 5368 4009 5436 ἐπιτίμιον.

2447 5457 2833 5525 παραδέχεται.
2898 5459 3176 5525 Μακάριος
3244 5452 3336 5509 οὖν
3395 5458 3542 5509 ἐστιν
3594 5458 3622 5509 ὁ
3690 5460 3929 5527 μοναχὸς
3989 5460 4011 5505 ’ἓ

845 5608 886 5635 ⁷⁹
933 5607 1089 5661 Prov.
1119 5624 1281 5673 xxv",
1306 5611 1359 5672 5,
1384 5608 1434 5662 6.
1511 5609 1733 5665 "PmV.
1761 5625 1943 5671 xxvtu,
1971 5611 2057 5663 '25.
2137 5611 2180 5640 ⁷³
2223 5611 2377 5663 l‘rov.
2424 5626 2495 5664 Ix.
2528 5612 2578 5664 ὃ.
2610 5611 2659 5662 9.
2738 5612 2779 5643 ⁷ο
2823 5610 2979 5664 l‘rov.
3017 5626 3065 5665 κ.
3097 5611 3181 5663 lit.
3259 5610 3302 5638 "
3342 5607 3506 5662 Eri-li.
3535 5624 3607 5667 Ix.
3640 5609 3719 5662 l3.
3800 5611 3848 5638 ⁷⁸
3881 5610 4006 5663 Ilml.

787 5677 863 5727 Ii.
940 5678 981 5706 ⁷⁷
1026 5678 1191 5732 Ειτοιί.
1231 5694 1318 5737 xx,
1354 5679 1398 5730 l.
1476 5678 1524 5709 "'
1562 5679 1726 5733 Ercli.
1765 5694 1905 5738 χχχι,
1967 5680 2017 5731 Η

781 5743 918 5797 Tim.
965 5762 1030 5794 ιι.
1067 5749 1099 5797 2
1197 5747 1240 5773 ’³
1284 5748 1444 5801 \latth
1500 5763 1641 5801 mn.
1684 5748 1741 5799 l3
1786 5749 1840 5800 l7

2127 5680 2165 5704 ’⁵
2210 5680 2369 5733 Prov.
2412 5695 2492 5731 vn
2550 5681 2617 5729 ζεῖν

2714 5682 2757 5704 ⁸η
2803 5680 2939 5731 I'mv
2988 5679 3075 5737 :27,
3107 5680 3153 5727 ἵ».
3267 5680 3305 5707 ⁸¹
3352 5676 3542 5731 ITim.
3599 5694 3649 5742 v,
3692 5676 3783 5731 30.
3886 5679 3931 5711 “
3967 5676 4008 5736 Il
