4178 6436
139 350 154 412 1
170 350 276 412 633

1089 351 1414 410 llOMlLiA
1460 351 1641 412 LXIX
1699 374 1765 386 -κ
1799 350 1894 413 DE
1935 352 2437 414 V'EllEtIUNDIA.

3253 359 3389 427 1634

131 463 357 517 πάντων
393 459 678 529 περίψημα
705 459 893 513 ἑαυτὸν
929 461 1088 529 ιχων.
1137 460 1574 533 Ἐλαχιατότερον
1605 465 1712 534 γάρ

1817 463 2274 535 obiurgationem.
2301 466 2501 522 Beatus
2522 463 2688 537 igitur
2712 469 3014 524 monachus
3035 474 3126 542 qui
3147 474 3386 543 scipsutu

131 553 332 605 ιτυτθιν
357 549 608 618 λογιζόμε
627 565 725 613 1ος,
753 549 986 619 γέγηθεν
1022 549 1222 620 μᾶλλον
1255 553 1346 605 ιπὶ
1374 555 1439 624 τῇ
1470 553 1713 624 εὐτελείᾳ

133 647 230 699 καί
264 645 692 714 καταφρονήσει,
715 644 859 713 ἢπερ
879 643 972 694 tari
992 645 1125 713 τιμῇ
1160 644 1254 696 καὶ
1283 643 1520 714 εὐκλείᾳ.
1553 645 1713 698 Ὅθεν

132 734 230 784 καὶ
265 729 368 783 ὑπὸ
417 729 509 783 τοῦ
557 728 691 782 Θεοῦ
739 730 1041 798 ἁγιάζεται,
1075 729 1258 796 καθὼς
1312 734 1580 803 μαρτυρεῖ
1623 734 1714 787 ’11η

131 823 324 884 utar
364 839 381 873 1
429 819 716 889 Ἀγιάσατε
735 822 865 892 γὰρ,
899 821 1082 891 φησὶν,
1121 821 1213 876 τὸν
1263 821 1587 891 φαυλίςοντα
1617 821 1714 893 τὴν

129 915 320 983 ψυχὴν
347 909 534 966 αὑτοῦ.
573 911 630 964 ὐ
661 910 716 965 δι
747 911 923 982 μισῶν
945 911 1220 983 ὲλέγχους,
1249 912 1459 982 ἀφρων,
1498 931 1516 966 ι
1555 913 1715 968 Ἀλλά

134 1009 232 1059 καὶ
267 1005 510 1074 ιγκειται
541 1002 722 1058 πάθει.
763 1002 822 1056 '0
847 1003 901 1057 δὲ
927 1003 1177 1073 ἀγαπῶν,
1200 1002 1358 1075 δῆλον
1381 1005 1461 1059 δτι
1497 1005 1716 1075 ἀπαθής

133 1095 310 1148 ἐστιν.
373 1092 550 1147 Καλὸν
618 1087 712 1146 οὖν
766 1091 1126 1163 ἀποδέχεσθαι
1182 1093 1307 1152 τοὺς
1365 1093 1716 1158 σκώπτοντας

133 1185 310 1253 ἡμᾶς.
347 1185 489 1252 ὑπὲρ
533 1184 660 1246 τοὺς
704 1181 1080 1247 ἔπαινοῦντας,
1115 1183 1307 1246 οἵτινες
1353 1183 1504 1237 οὑδδν
1535 1182 1718 1254 διαφι-

134 1290 330 1342 ρουσιν
362 1275 775 1345 καταρωμένου,
821 1273 962 1326 κατά
1008 1276 1109 1342 τὴν
1141 1272 1384 1343 ι’ραφήν.
1409 1274 1518 1327 Καὶ
1554 1275 1717 1327 πάλιν

131 1367 160 1417 ὁ
198 1365 368 1428 αὐτὸς
406 1363 656 1428 Ἡσαΐας,
698 1384 714 1415 1
771 1363 1060 1417 Ἀκούσατε
1094 1365 1244 1434 ῥῆμα
1273 1365 1498 1432 Κυρίου,
1525 1365 1719 1433 clept-

137 1471 335 1523 μοντες
365 1458 456 1508 τδν
481 1455 636 1523 λόγον
659 1453 847 1519 αὑτοῦ,
876 1453 1087 1517 εἴπατε,
1120 1453 1368 1524 Ἀδελφοὶ
1401 1454 1578 1524 ἡμῶν,
1607 1457 1718 1519 τοῖς

138 1544 397 1612 μισοῦσιν
441 1545 583 1615 ὑμᾶς
648 1545 742 1597 καὶ
787 1543 1252 1614 βδελυσσομένοις.
1292 1561 1310 1594 1
1352 1543 1520 1612 Φησὶν
1554 1545 1647 1596 καὶ
1691 1545 1718 1598 ὁ

136 1634 575 1707 Παροιμιαστὴς,
636 1654 653 1687 1
696 1633 980 1706 Συντρίσει
1013 1633 1210 1705 ἀπειλὴ
1256 1632 1484 1704 καρδίαν
1533 1633 1718 1706 φρονί-

139 1742 247 1796 μου
269 1743 282 1759 ·
319 1728 511 1797 ἀφρων
542 1726 598 1780 δι
635 1725 1019 1795 μαστιγωθεὶς,
1049 1725 1149 1780 οὐκ
1182 1723 1515 1780 αισθάνεται.
1557 1742 1573 1777 1
1611 1726 1718 1779 Kat

135 1817 327 1883 πάλιν,
370 1817 814 1881 conmotus.
838 1815 1107 1882 παιδείαν,
1137 1818 1283 1887 μισεῖ
1319 1817 1528 1871 ἑαυτόν.
1579 1817 1635 1869 Ὀ
1663 1817 1716 1871 δὲ

133 1908 323 1980 τηρῶν
354 1909 630 1980 ιλιγχους,
661 1909 856 1962 κτᾶται
884 1908 1160 1980 φρόνησιν.
1199 1925 1218 1959 1
1250 1909 1358 1962 Καὶ
1385 1909 1567 1971 πάλιν,
1599 1927 1616 1958 1
1662 1909 1717 1979 '_0

132 2003 435 2072 δεχόμινος
462 2000 727 2066 παιδείαν,
763 2001 822 2054 ιν
849 1998 1074 2070 ἀγαθοῖς
1105 2000 1278 2054 ισται.
1331 2000 1389 2053 '0
1416 1998 1471 2055 δδ
1511 2001 1716 2069 φυλάσ-

134 2107 247 2146 σων
299 2093 579 2162 δλὲγχους,
632 2091 1040 2162 σοφισθήσεται.
1082 2108 1099 2142 1
1140 2090 1271 2156 Καὶ,
1311 2109 1329 2141 1
1393 2089 1450 2143 ’0
1503 2090 1717 2146 ἀκούων

137 2183 404 2253 tuneo;
434 2183 601 2252 ζωῆς,
633 2182 690 2236 ιν
733 2182 884 2254 μέσῳ
909 2181 1086 2252 σοφῶν
1111 2181 1517 2253 αὺλισθήσεται.
1556 2203 1574 2234 1
1612 2183 1718 2236 Καὶ

135 2276 326 2340 πάλιν,
388 2293 406 2327 1
471 2273 527 2328 '0
577 2271 759 2345 τηρῶν
814 2275 1089 2345 ιλέγχους,
1138 2273 1330 2346 ἀγαπᾷ
1373 2273 1470 2344 τὴν
1525 2271 1716 2326 ἑαυτοῦ

131 2365 340 2436 ψυχήν.
384 2365 447 2419 01
475 2363 530 2418 δὲ
559 2363 860 2434 μισοῦντες,
898 2362 1228 2418 τελευτῶσιν
1259 2362 1518 2433 αίσχρῶς.
1561 2381 1579 2413 1
1612 2362 1720 2416 Kal.

133 2455 318 2521 αὖθις,
358 2476 375 2506 1
415 2454 612 2509 Πενίαν
644 2456 736 2509 καὶ
764 2454 984 2525 ἀτιμίαν
1017 2455 1332 2525 ἀφαιρεῖται
1381 2452 1614 2508 παιδεία.
1658 2453 1717 2507 '0

132 2545 188 2601 6t
232 2544 528 2615 φυλάσσων
574 2545 848 2615 ιλιγχους,
879 2543 1290 2615 δοξασθήσεται.
1334 2563 1352 2597 1
1387 2543 1493 2598 Καὶ
1527 2543 1708 2608 πάλιν,

140 2657 158 2688 1
216 2635 434 2705 ιιληγαὶ
481 2635 576 2690 καὶ
632 2633 845 2705 ελεγχοι
893 2633 1130 2689 διδόασιν
1188 2634 1422 2704 σοφίαν·
1479 2635 1608 2696 παῖς
1655 2633 1712 2687 δι

136 2725 517 2796 πλανώμενος,
557 2725 802 2796 αίσχυνεῐ
852 2726 1030 2794 γονεῖς
1075 2723 1262 2782 αὑτοῦ.
1323 2743 1340 2776 1
1382 2725 1491 2778 Καὶ
1535 2723 1716 2789 πάλιν,

141 2837 159 2869 1
206 2817 270 2870 ὐ
301 2815 535 2886 ἀγαπῶν
562 2815 834 2880 παιδείαν,
865 2815 1054 2886 ἀγαπᾷ
1089 2816 1340 2886 αἴσθησιν
1362 2831 1376 2848 ·
1405 2815 1434 2868 δ
1463 2815 1517 2870 δι
1547 2815 1719 2886 μισῶν

135 2908 422 2980 ἑλίγχους,
473 2908 683 2980 ἀφρων.
733 2924 752 2959 1
801 2907 861 2960 '0
912 2907 969 2960 δι
1014 2906 1200 2970 Δαυτδ,
1244 2925 1262 2958 1
1299 2905 1492 2979 Κύριε,
1521 2906 1595 2978 μὴ
1644 2905 1721 2976 τῷ

137 2999 297 3071 Θυμῷ
326 3015 426 3053 σου
457 2997 694 3068 ιλιγξεις
731 3013 823 3068 με,
884 2996 1016 3068 μηδι
1082 2999 1148 3069 τῇ
1192 2999 1326 3069 ὀργῇ
1362 3014 1454 3052 σου
1501 2998 1720 3053 natasti-

138 3107 237 3163 σῃς
276 3106 344 3162 με
367 3107 380 3123 ·
417 3109 437 3144 1
473 3089 570 3162 οὐχ
599 3091 680 3144 ὅτι
714 3088 806 3143 τὸν
836 3087 1055 3159 ιλιγχον
1083 3090 1400 3162 παρῃτεῖτο,
1440 3089 1575 3144 ἀλλά
1621 3089 1720 3162 τὴν

141 3183 265 3255 μετ’
315 3179 487 3254 ὀργῆς
526 3180 793 3236 παιδείαν.
844 3179 1128 3251 Ἐπιφιρει
1175 3181 1303 3250 γάρ,
1356 3197 1374 3232 1
1431 3179 1719 3234 Παιδεύοτι

140 3285 208 3340 με
263 3268 469 3333 δίκαιος
516 3269 574 3323 δν
622 3267 761 3322 11111
817 3269 912 3322 καὶ
949 3266 1154 3338 tiri-{Est
1191 3284 1280 3338 με.
1337 3285 1356 3320 1
1408 3269 1596 3337 Μέγας
1629 3265 1722 3324 οὗν

138 3364 311 3425 ἑστιν,
354 3359 651 3430 ἀγαπητοὶ,
701 3357 798 3412 καὶ
847 3357 1163 3428 Θαυμαστὸς
1208 3358 1236 3411 δ
1276 3358 1651 3430 ιλεγχόμενος,
1686 3358 1719 3431 ἢ

137 3447 540 3521 ἀτιμαζόμενος
583 3445 686 3501 ὑπό
744 3461 922 3512 τινος,
957 3447 1049 3501 καὶ
1102 3446 1418 3517 βαστάζων,
1472 3449 1721 3521 καθάπερ

137 3544 234 3594 καὶ
294 3540 328 3610 ή
373 3537 546 3609 σεμνὴ
611 3537 704 3590 καῖ
753 3537 960 3609 μεγάλη
1011 3537 1193 3608 ἑκείνη
1246 3539 1544 3607 Χαναναία,
1601 3541 1721 3612 ἣτις

136 3629 425 3682 ἀκούσασα
469 3628 619 3698 παρά
660 3624 756 3681 τοῦ
789 3625 1017 3697 κυρίου,
1047 3627 1126 3680 δτι
1163 3645 1179 3678 1
1231 3628 1344 3680 υὺκ
1381 3626 1530 3681 ιστιν
1559 3630 1720 3683 καλὸν

139 3716 332 3772 λαϐεῖν
357 3717 448 3770 τὸν
475 3716 638 3788 ἀρτον
661 3715 770 3770 τῶν
801 3716 1026 3781 τέκνων,
1072 3715 1165 3768 καὶ
1194 3713 1378 3786 βαλεῖν
1417 3718 1530 3781 τοις
1561 3735 1721 3771 κυνα-

138 3810 315 3872 ρίοις·
361 3827 377 3858 1
415 3806 514 3861 οὐκ
555 3806 958 3876 ἠγανάκτησεν,
1010 3803 1144 3859 ἀλλά
1173 3805 1480 3860 τούναντίον
1522 3807 1722 3879 ἑαυτὴν

135 3894 490 3962 εὐτελίζουσα
538 3889 712 3962 τίπεν,
741 3911 760 3947 1
812 3893 941 3960 Ναὶ,
985 3893 1154 3960 Κύριε
1183 3911 1196 3926 ·
1229 3895 1324 3949 καὶ
1360 3895 1467 3966 γάρ
1509 3897 1580 3950 τὰ
1627 3915 1724 3951 xu.

137 3991 304 4060 νάρια
341 3987 508 4041 ισθίει
553 3984 820 4041 ἀπὸντῶν
867 3983 1066 4055 ψιχίων
1114 3984 1222 4038 τῶν
1262 3988 1563 4041 πιπτόντων
1615 3988 1723 4042 ἀπὸ

135 4081 236 4151 τῆς
300 4078 582 4149 τραπέζης
637 4075 745 4131 τῶν
792 4075 998 4146 κυρίων
1042 4074 1256 4129 αὐτῶνο
1311 4095 1328 4128 1
1386 4075 1506 4130 ὅθεν
1552 4078 1722 4149 ὑπερ-

136 4168 454 4237 ευαύμασιν
498 4165 527 4218 ὸ
577 4164 782 4236 Κύριος
805 4162 902 4235 τὴν
934 4163 1261 4217 ταπείνωσιν
1293 4163 1388 4218 καὶ
1420 4163 1600 4219 πίστιν
1628 4169 1720 4220 αὐ.

134 4257 258 4327 τῆς,
299 4255 488 4320 είπὼν,
518 4250 617 4308 ιὮ
642 4253 821 4323 γύναι,
840 4253 1050 4325 μεγάλη
1071 4268 1162 4306 σου
1182 4254 1213 4323 ὴ
1235 4254 1722 4327 πίστις.γενηθήτω

138 4363 224 4401 σοι
247 4345 323 4409 ὡς
347 4346 540 4409 θέλεις.
575 4361 593 4396 1
625 4343 785 4415 Αὐτῷ
816 4344 848 4414 ὴ
872 4342 996 4409 δόξα
1020 4344 1101 4407 τίς
1128 4343 1253 4407 τοὺς
1283 4344 1504 4409 αίῶνας.
1524 4345 1715 4417 Ἀμήν.

1813 551 1958 606 aliud
1997 567 2118 608 esse
2147 564 2335 608 cetiset
2380 553 2540 617 nihil,
2580 568 2744 624 quam
2775 555 3023 611 omnium
3058 560 3387 630 peripsema.

1814 642 2127 699 Incredibili
2170 646 2317 700 enim
2359 644 2544 699 laetitia
2577 644 2934 714 perfunditur
2969 646 3188 714 tacitus,
3227 665 3392 722 super

1815 733 1967 803 priva
1997 731 2303 805 dejectione
2325 742 2382 789 et
2410 740 2725 805 contemptu
2757 736 2906 807 (dum
2931 739 3176 809 seipsqu
3212 740 3390 812 depu-

1816 833 1893 880 tat
1927 839 2032 880 nec
2073 823 2254 882 fucata
2301 825 2514 882 caeteris
2542 835 2696 882 tanto
2729 841 2849 885 esse
2895 831 3189 899 minorem)
3222 836 3393 904 magis

1816 930 1978 987 quam
2016 933 2115 989 pro
2147 916 2398 974 exhibito
2444 918 2654 976 honore
2687 928 2782 976 aut
2824 923 3030 993 proprii
3069 925 3392 982 celebritate

1816 1007 2076 1064 nominis.
2115 1008 2270 1066 Unde
2318 1019 2375 1065 et
2426 1011 2549 1066 talis
2583 1027 2613 1066 a
2657 1011 2769 1067 Deo
2808 1012 3138 1083 prmdicatur
3173 1016 3384 1080 beatus,

1811 1097 1966 1168 juxta
2015 1099 2167 1155 lsaite
2218 1099 2591 1156 testimonium
2637 1101 2873 1160 dicentis
2916 1120 2928 1158 :
2983 1122 3001 1157 1
3043 1104 3392 1165 Sanctificate

1817 1201 1943 1242 eum
1975 1188 2067 1259 qui
2094 1195 2356 1245 extenuat
2387 1191 2624 1246 animam
2660 1207 2811 1247 suam
2831 1194 3022 1263 “:qui
3053 1204 3236 1251 autem
3272 1196 3390 1251 odit

1817 1279 2216 1349 correptiones,
2254 1280 2576 1350 imprudens
2603 1290 2687 1337 est
2727 1285 2793 1337 ".
2840 1302 2859 1337 1
2903 1285 3007 1341 Sed
3036 1295 3091 1341 et
3123 1286 3250 1342 huic
3289 1287 3392 1342 im-

1818 1367 2020 1436 pendet
2062 1384 2173 1425 non
2202 1370 2434 1441 simplex
2459 1371 2802 1441 perturbatio
2831 1391 2843 1404 -
2877 1376 2969 1444 qui
3000 1388 3182 1434 autem
3210 1377 3394 1450 diligit

1818 1472 1932 1523 cas,
1969 1459 2141 1529 liquet
2178 1459 2327 1515 hunc
2373 1461 2520 1516 nulla
2548 1462 2658 1532 jam
2689 1463 2916 1533 percelli
2966 1468 3132 1521 animi
3177 1478 3396 1539 pertur-

1818 1549 2061 1614 batione,
2093 1549 2186 1606 sed
2219 1550 2410 1608 sedato
2438 1561 2522 1607 est
2547 1552 2751 1608 animo.
2785 1553 2956 1622 Quam
2983 1556 3147 1625 igitur
3174 1560 3397 1629 profuc-

1821 1641 1895 1695 rit
1940 1640 2175 1713 benigne
2226 1655 2323 1698 eos
2372 1642 2628 1713 excipere
2676 1645 2769 1715 qui
2819 1660 2920 1702 nos
2971 1649 3085 1703 suis
3133 1663 3397 1708 exercent

1821 1732 2010 1786 sannls
2038 1741 2094 1788 et
2125 1734 2526 1790 scommatibus
2558 1735 2860 1805 quamlibet
2883 1738 3262 1806 amarulentis,
3285 1755 3397 1811 prae

1823 1822 1932 1878 illis
1967 1823 2059 1893 qui
2096 1837 2199 1880 nos
2227 1825 2501 1881 adornant
2533 1827 2649 1881 suis
2678 1828 3072 1886 commentitiis
3106 1831 3398 1889 laudibus?

1817 1913 1912 1984 qui
1940 1917 2093 1984 juxta
2124 1915 2463 1985 Scripturam
2490 1916 2628 1972 nihil
2661 1917 2730 1972 ab
2759 1932 2826 1973 eo
2855 1917 3120 1976 diil‘erunt
3152 1922 3244 1991 qui
3277 1937 3399 1976 ma-

1817 2003 2025 2060 ledicit.
2075 2005 2223 2061 Idem
2255 2020 2446 2062 rursus
2488 2006 2694 2062 isaias:
2731 2025 2749 2059 1
2793 2007 2992 2063 Audite
3023 2010 3254 2064 verbum
3289 2010 3397 2065 Do-

1816 2095 1971 2162 mini,
2018 2097 2111 2166 qui
2155 2096 2535 2152 intremiscitis
2575 2097 2639 2152 ad
2694 2111 3004 2152 sermonem
3054 2100 3194 2170 ejus,
3231 2099 3396 2156 dicite

1818 2185 1903 2240 bis
1929 2185 2022 2256 qui
2051 2201 2148 2242 vos
2169 2187 2405 2242 oderunt
2428 2195 2483 2243 et
2501 2199 2881 2254 exsecrantur,
2912 2189 3129 2246 Fratres
3150 2191 3252 2245 mei
3275 2191 3342 2247 “.
3371 2211 3388 2243 1

1820 2271 1924 2328 Sed
1965 2281 2020 2328 et
2067 2272 2457 2330 Parmmiastes
2499 2291 2510 2329 :
2555 2292 2573 2327 1
2628 2273 2879 2332 Conterit
2921 2277 3274 2333 comminatio
3305 2295 3399 2334 cor

1820 2363 2129 2434 prudentis,
2162 2364 2482 2435 imprudens
2512 2373 2694 2419 autem
2738 2366 2904 2420 etiam
2950 2365 3256 2437 ilagellntus
3284 2384 3394 2423 non

1821 2451 1990 2504 sentit
2019 2451 2084 2505 ".
2121 2469 2137 2504 1
2177 2451 2376 2507 lterum
2407 2468 2418 2506 :
2451 2471 2470 2503 1
2500 2450 2604 2519 Qui
2640 2453 2857 2524 repellit
2883 2454 3256 2526 disciplinam.
3280 2455 3401 2516 odit

1819 2539 2096 2609 seipsum;
2132 2541 2224 2610 qui
2258 2549 2438 2596 autem
2469 2552 2649 2598 servat
2688 2545 3117 2614 correptionem,
3154 2547 3402 2616 possidet

1820 2630 2168 2701 prudentiam
2201 2631 2266 2684 ⁸⁸.
2306 2650 2323 2684 1
2357 2631 2609 2688 Rursus:
2641 2653 2658 2684 1
2695 2635 2798 2700 Qui
2830 2634 2995 2690 habet
3027 2637 3399 2718 prudentiam,
3503 2683 3507 2688 .

1823 2722 1877 2776 in
1919 2720 2078 2776 bonis
2110 2721 2217 2776 erit
2251 2722 2317 2785 ⁸⁸,
2352 2731 2409 2777 et
2452 2725 2543 2792 qui
2594 2723 2833 2779 custodit
2880 2727 3281 2796 correptiones,
3318 2743 3404 2783 sa-

1820 2811 1980 2882 piens
2007 2809 2276 2867 eiIlcletur
2304 2812 2391 2865 "'.
2425 2830 2442 2864 1
2471 2812 2572 2866 Ει;
2599 2831 2615 2864 1
2644 2811 2746 2879 Qui
2768 2823 2950 2869 servat
2975 2816 3401 2887 increpationes,

1822 2913 1976 2954 suam
2025 2901 2194 2971 ipsius
2241 2900 2419 2972 diligit
2462 2901 2731 2969 animam;
2765 2903 2857 2974 qui
2906 2912 3091 2960 autem
3140 2906 3401 2968 oderunt,

1824 2991 2186 3061 ignominiosa
2219 2993 2534 3048 moriuntur
2561 2993 2627 3046 ὀ.
2668 3011 2685 3046 1
2729 2993 2794 3048 Et
2827 3010 2841 3048 :
2876 3013 2894 3046 1
2931 2995 3314 3066 Paupertatem
3347 3005 3404 3051 et

1748 3118 1790 3176 ε
1824 3079 2177 3150 ignominiam
2215 3081 2393 3138 aufert
2429 3081 2753 3153 disciplina;
2794 3084 2885 3154 qui
2923 3092 3105 3140 autem
3158 3087 3402 3143 custodit

1823 3171 2217 3236 correctiones,
2249 3171 2648 3242 gloriﬂcabitur
2674 3173 2739 3229 “.
2781 3193 2796 3225 1
2840 3175 3123 3230 Rursum:
3162 3197 3179 3229 1
3227 3177 3403 3249 Plaga:

1821 3265 1877 3312 et
1909 3256 2324 3330 obiurgationes
2364 3260 2617 3318 tribuunt
2645 3263 3004 3333 sapientiam;
3047 3279 3187 3335 puer
3218 3276 3402 3323 autem

1823 3344 2086 3403 deerrans
2138 3348 2427 3406 confundit
2473 3361 2729 3421 parentes
2782 3367 2910 3408 suos
2956 3354 3024 3409 ”.
3075 3375 3094 3407 1
3143 3355 3345 3410 iterum
3387 3373 3399 3410 :

1828 3452 1846 3489 1
1880 3434 1983 3504 Qui
2015 3436 2196 3509 diligit
2229 3437 2787 3512 disciplinam,diligit
2815 3457 3070 3499 sensum:
3096 3443 3190 3515 qui
3221 3455 3402 3503 autem

1821 3525 1938 3581 odit
1970 3526 2402 3598 increpationes,
2430 3529 2754 3601 imprudens
2789 3533 2855 3588 ”.
2893 3550 2912 3586 1
2941 3532 3113 3589 David
3144 3549 3402 3606 quoth:

1828 3636 1847 3669 1
1889 3615 2140 3680 Domine,
2188 3633 2256 3673 ne
2290 3619 2345 3674 in
2393 3618 2582 3676 furore
2615 3636 2706 3677 tuo
2743 3637 2941 3694 arguas
2983 3639 3092 3691 me,
3129 3641 3308 3697 neque
3346 3629 3399 3683 in

1823 3705 1902 3762 ira
1938 3715 2029 3762 tua
2066 3708 2333 3779 corripias
2363 3724 2448 3766 me
2478 3710 2545 3766 “.
2582 3729 2600 3764 1
2632 3711 2749 3768 Non
2774 3713 3000 3784 quidem
3028 3716 3176 3787 quod
3215 3717 3260 3772 is
3306 3719 3404 3773 de-

1823 3807 2146 3869 precaretur
2200 3807 2294 3855 aut
2344 3800 2632 3874 defugeret
2675 3803 3011 3863 vitabundus
3063 3806 3402 3865 Dominicam

1823 3889 2248 3960 correptionem,
2267 3890 2361 3947 sed
2391 3907 2512 3948 eam
2542 3908 2666 3963 quae
2697 3911 2821 3951 cum
2851 3897 2927 3952 ira
2964 3899 3112 3969 gravi
3147 3899 3402 3968 infertur,

1823 3978 2172 4050 disciplinam
2207 3995 2236 4036 a
2279 3997 2336 4037 se
2372 3984 2690 4053 precatione
2725 3986 2827 4042 hac
2862 4004 2993 4044 usus
3032 3990 3401 4046 amoliebatur

1789 4093 1793 4098 -
1823 4083 1887 4124 ac
1917 4069 2244 4140 depellebat.
2283 4071 2488 4143 1131
2520 4073 2687 4130 infert
2715 4079 2862 4132 enim
2899 4094 2912 4132 :
2947 4099 2965 4131 1
3001 4080 3276 4151 Corripiet
3311 4096 3398 4137 me

1817 4159 2002 4231 justus
2035 4163 2091 4216 in
2124 4165 2505 4221 misericordia
2535 4175 2592 4222 et
2627 4169 2935 4240 increpabit
2965 4186 3049 4226 me
3076 4174 3141 4226 ".
3179 4194 3197 4224 1
3234 4173 3398 4238 Sane,

1822 4263 1986 4321 quam
2017 4265 2144 4306 eum
2167 4266 2268 4322 par
2294 4261 2378 4309 est
2406 4271 2658 4327 magnum
2687 4258 2901 4314 censeri
2919 4269 2975 4316 et
2998 4262 3399 4325 admirabilem,

1826 4344 1921 4414 qui
1973 4358 2097 4398 cum
2132 4343 2444 4415 lncrepatur
2473 4349 2656 4404 acrius
2687 4358 2741 4404 et
2785 4352 3081 4422 ignominia
3128 4368 3238 4408 non
3293 4354 3398 4428 levi

137 4437 472 4509 aspergitur,
531 4432 739 4506 perfert
774 4442 955 4489 tamen
984 4431 1486 4504 :quemadmodum
1556 4435 1787 4492 honesta
1827 4435 1917 4492 illa
1955 4432 2293 4498 Chananitis,
2327 4437 2617 4508 magnique
2654 4441 2857 4506 meriti,
2898 4457 3019 4511 quae
3051 4443 3274 4511 quidem
3326 4445 3402 4499 si-

137 4530 250 4584 mul
286 4539 450 4599 atque
495 4541 526 4582 a
567 4524 800 4581 Domino
830 4521 1118 4579 audisset:
1193 4541 1210 4574 1
1251 4522 1370 4578 Νοη
1422 4533 1507 4580 est
1553 4523 1755 4581 bonum
1797 4537 2012 4580 sumere
2053 4536 2248 4592 panem
2287 4524 2522 4581 filiorum
2595 4537 2650 4583 et
2700 4531 2918 4587 mittere
2970 4532 3182 4588 catellis
3233 4534 3278 4567 ⁶⁶
3317 4550 3331 4585 :
3375 4555 3392 4589 1

138 4635 246 4674 non
279 4617 396 4675 hac
434 4615 594 4672 modo
625 4613 905 4686 indignata
949 4627 1058 4668 non
1105 4621 1209 4680 est,
1242 4613 1334 4669 sed
1380 4629 1446 4670 ex
1486 4615 1704 4672 diverso
1738 4617 1975 4686 seipsam
2031 4623 2335 4672 extenuans
2382 4619 2704 4689 respondit:
2782 4642 2801 4674 1
2842 4621 2972 4688 imo,
3008 4623 3259 4688 Domine,
3306 4634 3396 4680 et-

136 4713 285 4768 enim
344 4709 525 4767 eatelil
579 4707 754 4765 edunt
786 4704 854 4762 de
907 4703 1172 4760 bucceilis
1221 4721 1345 4775 quae
1393 4705 1595 4762 cadunt
1646 4707 1713 4762 de
1753 4721 1940 4763 mensa
2004 4705 2351 4762 dominorum
2398 4723 2621 4766 suorum
2669 4713 2733 4767 ".
2792 4733 2810 4764 1
2855 4713 2968 4769 lioc
3029 4729 3295 4785 responso
3341 4716 3397 4772 in

136 4800 560 4858 admirationem
611 4803 772 4852 tanta:
819 4791 978 4848 istius
1023 4798 1082 4847 et
1119 4791 1449 4850 humilitatis
1494 4805 1550 4850 et
1583 4795 1709 4850 tldci
1752 4809 1809 4850 se
1873 4793 2155 4865 surrlgens
2217 4795 2500 4864 Dominus,
2551 4798 2731 4855 dixit:
2773 4821 2790 4855 1
2840 4801 2885 4858 Ο
2934 4804 3154 4870 mulier,
3198 4819 3395 4878 magna

133 4905 221 4953 est
248 4892 386 4949 fides
418 4899 531 4955 tua,
563 4886 655 4944 iiat
700 4885 797 4942 tibi
833 4885 975 4940 sicut
1004 4883 1090 4938 vis
1113 4880 1179 4936 ”.
1230 4903 1246 4936 1
1295 4883 1402 4955 ipsi
1437 4887 1606 4956 gloria
1653 4887 1706 4941 in
1747 4886 1960 4941 saecula.
1992 4883 2186 4942 Amen.

739 4997 956 5057 ΛΟΓΟΣ
992 4997 1110 5053 IG’.

565 5091 701 5161 Περι
735 5089 842 5146 τοῦ
869 5089 1284 5158 αίσκύνεσθαι.

205 5188 365 5259 Καλὴ
390 5188 556 5249 ἑστιν,
578 5183 869 5252 ἀγαπητοὶ,
899 5182 932 5252 ἡ
959 5179 1098 5234 κατά
1119 5179 1250 5234 Θεὸν
1270 5179 1497 5252 αίσχύνη
1524 5181 1711 5253 (ἠγουν

135 5275 348 5346 αἰδὼς),
376 5273 410 5345 η
441 5270 841 5343 ἀκαπηλευτος,
870 5274 902 5342 ἡ
930 5269 1239 5343 ἀκίδδηλος,
1263 5269 1296 5341 ἠ
1323 5268 1708 5340 ἀνεπίληπτος,

2346 5001 2628 5060 1101111111
2676 5003 2861 5060 LXIX.

2223 5091 2300 5149 De
2335 5095 2535 5168 pudore
2567 5105 2617 5151 et
2645 5099 2980 5153 uerecundia.

1892 5182 2252 5251 Verecundia,
2305 5185 2635 5255 charissimi,
2690 5188 2806 5244 sive
2842 5189 3020 5260 pudor
3058 5192 3148 5263 qui
3196 5207 3390 5249 secun-

1817 5271 1948 5329 dum
2001 5273 2173 5330 Deum
2224 5287 2329 5344 est,
2382 5288 2589 5348 quanto
2644 5280 2901 5350 prmnitet
2959 5280 3186 5339 decore!
3243 5283 3392 5340 Nihil

136 5368 171 5440 ἡ
200 5365 280 5439 τῷ
312 5363 430 5436 Θεῷ
467 5361 810 5431 διαλλάκτης.
838 5359 1052 5431 Ταύτην
1091 5355 1184 5415 οὖν
1214 5359 1595 5430 κατάσχωμεν,
1626 5359 1709 5415 ῐνα

1817 5364 1964 5420 enim
2006 5363 2246 5422 admittit
2298 5367 2630 5424 inslncerum
2677 5378 2773 5426 aut
2821 5373 3188 5443 permistum;
3237 5374 3389 5433 nulla

206 5546 255 5581 ⁸⁸
295 5543 409 5599 imo
440 5539 607 5597 Eccli.
651 5555 707 5602 11,
731 5535 819 5594 το.
893 5537 938 5570 ⁸⁸
978 5535 1146 5591 Eccll.
1177 5551 1286 5598 xix.
1313 5536 1365 5593 5.
1441 5536 1488 5570 ⁸⁸
1527 5534 1628 5592 isa.
1666 5553 1803 5604 vat,
1836 5541 1888 5594 5.

142 5613 230 5671 13.
309 5612 375 5681 ³9·
416 5608 821 5681 Prov._xv,__5.“
851 5605 1073 5681 '°_lbid.
1110 5605 1195 5681 i_0_.
1270 5606 1615 5681 ’}_i';ccl_i._x_,
1645 5609 1753 5681 53_._
1798 5609 2034 5681 f'Proy.
2069 5612 2304 5680 xxix,i5
2355 5605 2362 5609 ⁷
2401 5614 2445 5646 ’³
2487 5613 2647 5671 Prov.
2685 5630 2778 5681 xu,
2820 5618 2867 5672 i.

2003 5539 2046 5572 "
2085 5540 2244 5597 Prov.
2278 5559 2366 5609 xv,
2407 5541 2490 5598 19.
2567 5543 2614 5576 ⁸⁸
2653 5545 2787 5600 ibid.
2819 5545 2908 5602 δε.
3005 5549 3049 5581 ε’
3091 5549 3250 5604 Prov.
3303 5565 3385 5611 111.

2003 5625 2034 5664 ν.
2069 5612 2304 5676 1111111,15
2401 5614 2445 5646 ’³
2487 5613 2647 5671 Prov.
2685 5630 2778 5676 xu.
2820 5618 2867 5672 l.
2945 5619 2990 5651 "
3031 5619 3172 5675 Psal.
3212 5635 3285 5676 vt.
3327 5619 3381 5676 Ω.

3075 5635 3172 5674 sal.
3212 5635 3285 5686 vt,
3327 5635 3381 5676 2.

138 5685 184 5719 "
229 5678 372 5741 Psai.
407 5694 526 5743 cst,
563 5677 615 5732 5.
689 5677 734 5710 ”
776 5674 960 5731 Matth.
1011 5691 1095 5740 xv,
1127 5673 1216 5730 96.
1292 5675 1334 5708 "
1378 5675 1513 5731 ibid.
1544 5675 1633 5733 97.
1710 5675 1755 5711 ’⁸
1795 5678 1925 5733 ibid.
1967 5677 2056 5734 28.
