4178 6436
199 449 340 512 1637
1165 453 1321 512 "OM
1337 455 1352 511 Ι
1369 454 1483 512 LM
1528 455 1699 512 LXX.
1728 480 1765 488 -

1867 455 1918 512 Ἐ
1962 456 2460 513 ΙΠΙΜΙῌΤᾹἹἙ,
3303 453 3440 514 1638

190 564 304 613 Et:
348 582 365 612 ι
423 563 496 615 Ne
548 562 902 615 eonfundmis
955 562 1206 616 confiteri
1261 573 1480 630 peccata
1531 567 1697 615 tua".
1757 583 1773 611 ι
1807 563 1924 617 Non
1977 563 2240 616 mediocri
2273 579 2412 631 opus
2443 562 2646 614 homini
2691 569 2775 612 est
2832 559 3034 614 lumine
3065 559 3439 623 discretionis,

191 667 255 707 ιιι
304 655 455 707 norit
505 654 595 706 ubi
629 655 826 707 debeat
879 655 1284 722 suppudcscerc
1316 663 1370 706 et
1435 653 1802 707 circumfundi
1839 655 2194 713 verecundia,
2239 670 2358 722 qua:
2406 653 2469 706 ad
2513 655 2709 705 anim.e
2754 667 2868 703 sua:
2939 661 3255 718 promoveat
3289 651 3438 703 salu-

189 761 332 808 tem,
369 747 457 799 ubi
487 756 676 799 contra
712 745 910 798 debeat
936 760 1055 798 catn
1095 761 1124 797 a
1157 761 1214 797 sc
1248 745 1512 797 recellere
1577 759 1640 797 ac
1673 745 2000 813 propellere.
2033 746 2178 814 quod
2247 745 2313 796 ad
2343 753 2625 812 peccatum
2658 790 2665 800 _
2695 744 2880 795 ducat.
2925 740 3109 794 Liceat
3181 742 3324 794 enim
3355 741 3441 794 in-

185 837 393 888 venire
419 836 510 904 qui
549 835 842 903 pollicetur
864 835 1085 903 quidem
1146 834 1411 902 suiipsius
1439 835 1618 886 amico
1648 837 1944 888 verecundi
2008 835 2237 905 pudoris
2289 836 2540 902 gratiam,
2597 833 2834 900 denique
2855 847 2981 884 cum
3009 832 3186 900 ipsum
3217 833 3442 887 sortitus

187 927 442 993 gratuito
494 927 801 979 inimicum.
849 926 959 979 Nos
1037 927 1224 994 igitur,
1288 925 1664 987 dilectissimi,
1715 928 2220 981 eam'verecundim
2273 928 2514 995 speciem
2571 941 2668 995 pro
2711 925 2854 978 virili
2899 923 3063 978 nobis
3108 925 3443 977 asciscamus

187 1033 319 1085 qua:
357 1019 660 1071 secundum
709 1018 880 1070 Deum
915 1027 1020 1077 est,
1055 1016 1250 1069 imitati
1300 1016 1577 1084 publicani
1619 1016 1768 1070 illius
1805 1019 2134 1086 exemplum,
2165 1018 2258 1086 qui
2295 1019 2376 1070 vel
2443 1019 2495 1070 in
2561 1019 2756 1071 ccelnm
2786 1016 3067 1084 suspicere
3099 1024 3154 1068 ct
3191 1016 3442 1067 attollere

187 1109 392 1162 oculos
465 1108 782 1171 verebatur,
864 1108 1085 1160 interim
1135 1122 1295 1159 sumn
1345 1105 1584 1159 tundcns
1630 1118 1840 1172 pectus,
1882 1108 2076 1176 hisque
2119 1125 2283 1162 orans
2323 1109 2545 1161 verbis:
2580 1125 2596 1156 ι
2631 1107 2796 1169 Deus,
2829 1105 3103 1174 propitius
3145 1112 3264 1157 esto
3307 1101 3439 1154 nnhi

188 1198 498 1264 peccatori,
535 1215 552 1246 ι
590 1207 649 1249 ut
681 1198 827 1250 illius
859 1197 1110 1264 exemplo
1146 1195 1452 1247 absolutam
1493 1205 1839 1263 peccatorum
1883 1199 2258 1250 remissionem
2313 1213 2624 1252 mercamur
2665 1196 2902 1265 assequi,
2955 1196 3012 1249 in
3051 1195 3271 1251 Christo
3312 1193 3439 1248 Jesu

185 1289 435 1343 Domino
462 1299 655 1342 nostro
682 1308 694 1342 :
726 1290 815 1343 cui
842 1289 1015 1358 gloria
1059 1299 1114 1341 ct
1142 1288 1434 1356 imperium
1481 1288 1534 1340 in
1576 1290 1771 1342 secula
1811 1290 2155 1344 smeulorum.
2200 1293 2392 1344 Amen.

822 1383 1036 1436 ΛΟΓΟΣ
1075 1385 1148 1436 Ο’.

608 1476 742 1542 Περὶ
784 1491 1012 1527 Tanain
1029 1474 1340 1541 gpocciruc

277 1564 344 1615 ’11
379 1564 848 1632 ταπεινοφροσύνη
882 1563 1151 1628 ὑψιπετεῖ,
1183 1565 1271 1614 καὶ
1305 1567 1602 1632 αεροπόρον
1631 1564 1768 1613 ἁπο-

185 1651 345 1704 τελεῖ
375 1653 466 1704 τὸν
499 1651 804 1721 ἄνθρωπον.
844 1651 1003 1702 Ὅσον
1035 1653 1140 1720 γάρ
1167 1668 1249 1712 τις
1282 1652 1475 1702 ἑαυτὸν
1507 1654 1766 1712 ταπεινοῖ,

188 1743 615 1804 πολλαπλασίως
657 1742 781 1810 ὑψοῖ
813 1743 973 1794 αὐτὸν
1010 1745 1038 1795 ὁ
1068 1742 1197 1804 Θεὸς
1219 1757 1234 1772 ·
1271 1741 1454 1803 καθὼς
1487 1742 1581 1793 καὶ
1613 1744 1639 1793 ὁ
1676 1740 1768 1792 τοῦ

187 1835 334 1886 θεοῦ
385 1833 670 1900 συνὸμιλος
727 1833 967 1901 Μωῦσῆς
1009 1829 1484 1900 ταπεινοφρονῶν,
1524 1835 1622 1881 οὐκ
1666 1832 1770 1881 απ·-

186 1923 457 1975 εόάλλετο
471 1923 570 1991 τὴν
594 1921 923 1991 συμϐουλίαν
941 1920 1034 1972 τοῦ
1061 1920 1307 1989 γαμϐροῦ
1330 1921 1497 1972 αὑτοῦ
1533 1922 1732 1988 Ἱώυωρ
1754 1963 1764 1981 ,

185 2010 374 2062 καίτοι
422 2008 558 2077 μετὰ
613 2006 884 2068 τοσαύτας
929 2006 1249 2074 θεοφανίας.
1308 2005 1424 2058 ἀλλ’
1476 2009 1574 2058 ὅσα
1619 2004 1769 2057 εἶπεν

185 2100 367 2167 αὐτῷ,
399 2093 654 2166 ἐποίησεν
677 2113 689 2126 ⁶
722 2096 802 2148 διὸ
850 2099 938 2148 καὶ
973 2097 1000 2148 ὁ
1047 2095 1178 2158 Θεὸς
1208 2096 1370 2147 αὑτὸν
1414 2095 1768 2166 ὑπερύψωσεν

187 2191 348 2258 παρὰ
384 2189 592 2250 πάντας
624 2190 749 2251 τοὺς
781 2187 876 2240 ἐπὶ
920 2189 1046 2254 γῆς.
1096 2185 1328 2256 Ὁμοίως
1370 2188 1424 2238 δὲ
1471 2189 1565 2240 καὶ
1609 2189 1638 2239 ὁ
1671 2189 1770 2240 Γεο

183 2280 329 2332 δεὼν
377 2280 696 2346 ἀπελογεῖτο
751 2279 958 2350 μετρίῳ
1035 2283 1340 2351 φρονήματι
1399 2283 1477 2353 τῷ
1532 2283 1770 2354 Ἐφραῒμ

182 2368 391 2435 λέγων,
431 2386 448 2417 ι
483 2369 548 2419 Τί
587 2369 818 2438 ἐποίησα
857 2370 952 2419 νῦν
984 2369 1165 2432 καΟὼς
1197 2371 1351 2440 ὑμεῖς
1377 2375 1701 2440 ὲποιήσατε;
1734 2371 1766 2441 ἢ

181 2461 313 2528 οὐχὶ
368 2460 634 2528 κρείττων
697 2459 982 2526 ὲπιφυλλὶς
1053 2461 1324 2532 Ἐφραῖμ,
1399 2464 1431 2532 ἢ
1499 2463 1768 2532 rgum“;

195 2549 489 2620 ’Λϐιέζερς
543 2553 599 2601 ἐν
649 2551 794 2620 χειρὶ
842 2550 994 2620 ὑμῶν
1039 2554 1354 2621 παρέδωκεν
1405 2552 1606 2621 Κύριος
1644 2555 1766 2615 τοὺς

182 2642 462 2710 ἄρχοντας
517 2642 770 2710 Μαδιάμ·
805 2645 897 2695 καὶ
931 2644 980 2693 τί
1017 2644 1288 2713 ἠδυνήθην
1318 2645 1536 2715 ποιῆσαι
1585 2644 1769 2705 καῦὼς

1801 1388 1848 1441 Α

2416 1382 2700 1438 llO.\lll.lA
2739 1379 2901 1435 LXX.

2119 1472 2194 1524 De
2232 1474 2488 1526 modestia
2534 1473 2702 1525 animi
2741 1473 2846 1523 sive
2877 1468 3193 1523 humilitate.

1934 1563 2200 1618 hlodestia
2239 1565 2407 1618 animi
2440 1579 2560 1618 sese
2604 1564 2748 1616 ultro
2791 1562 3145 1625 dimittentis,
3193 1561 3308 1616 sive
3339 1562 3441 1615 hu-

1867 1647 2091 1710 militas,
2133 1650 2412 1703 hominem
2451 1649 2734 1703 altivolum
2788 1647 2954 1701 eilicit
3000 1659 3055 1702 et
3100 1651 3435 1718 aerivagnm.

1866 1737 2080 1802 Quanto
2114 1740 2260 1792 enim
2301 1741 2426 1809 quis
2465 1755 2522 1793 se
2555 1739 2695 1792 infra
2740 1738 2948 1808 dejicit,
2994 1747 3144 1791 tanto
3174 1739 3318 1793 hunc
3348 1756 3440 1793 su-

1868 1829 2088 1883 blimius
2135 1831 2392 1884 subvehit
2438 1830 2582 1883 Deus
2615 1838 2672 1882 et
2709 1830 2929 1883 allevat.
2972 1828 3065 1883 Sic
3107 1827 3307 1888 Moses.
3345 1831 3441 1898 qui

1867 1919 1979 1973 Deo
2023 1929 2130 1972 tam
2176 1920 2522 1974 familiariter
2554 1920 3038 1988 congrediebatur.
3082 1920 3180 1973 llic
3231 1930 3438 1986 tantus,

1867 2009 1934 2062 de
1977 2026 2035 2063 se
2079 2024 2204 2064 cum
2247 2010 2656 2064 modestissime
2691 2009 2946 2074 sentiret,
2985 2011 3273 2065 consilium
3302 2027 3442 2066 neu-

1870 2101 2076 2168 tiquam
2119 2111 2404 2155 aversatus
2446 2111 2532 2155 est
2583 2101 2666 2155 sui
2721 2101 2896 2158 soceri
2947 2101 3161 2160 Jethro,
3223 2103 3438 2154 tametsi

1869 2199 2016 2243 tanta
2049 2193 2203 2260 prius
2229 2193 2442 2255 fuisset,
2469 2208 2663 2260 nempe
2692 2193 3083 2262 auguStissima
3107 2192 3202 2245 Dci
3229 2193 3440 2245 visione

1868 2281 2191 2350 perfruitus.
2223 2283 2423 2334 Verum
2452 2295 2791 2349 quaecunque
2823 2281 2910 2332 ille
2943 2288 3310 2348 suggesserat,
3350 2280 3441 2334 hic

1867 2372 2086 2436 cilecit;
2126 2386 2302 2439 eoque
2359 2371 2535 2440 ipsum
2569 2371 2711 2424 Dens
2756 2381 2956 2439 prteter
2985 2379 3215 2424 czcteros
3250 2386 3441 2424 omnes

1867 2459 1960 2526 qui
2017 2459 2070 2510 in
2127 2465 2269 2511 terra
2323 2457 2704 2523 morabantur,
2755 2457 2939 2509 evexit
2984 2456 3040 2510 in
3095 2457 3332 2512 sublime
3372 2459 3438 2511 ¹⁰.

1868 2547 2023 2601 llaud
2064 2563 2226 2602 secus
2272 2547 2496 2602 Gedeon
2546 2546 2918 2616 respondebat
2955 2548 3119 2601 tribui
3153 2548 3437 2616 Ephraim,

1868 2639 2153 2693 moderata
2184 2656 2317 2694 usus
2354 2649 2410 2693 et
2456 2656 2522 2694 co
2559 2640 2955 2708 opportuniore
2985 2640 3280 2708 prudentia
3310 2642 3438 2694 dum

184 2733 390 2800 ὑμεῖςς
439 2751 458 2784 ι
506 2731 701 2784 Καίτοι
769 2749 830 2799 γε
873 2734 1020 2804 αὐτῷ
1060 2735 1157 2804 τὴν
1202 2735 1358 2804 νίκην
1390 2735 1703 2805 ἐδωρήσατο
1738 2739 1765 2788 ὁ

1867 2731 2043 2784 dicit:
2081 2750 2102 2782 ι
2153 2731 2294 2797 Quid
2343 2731 2447 2785 feci
2495 2748 2638 2785 nunc
2676 2741 2733 2784 ut
2772 2747 2868 2784 vos
2907 2732 3151 2786 fecistis?
3180 2733 3440 2802 Nunquid

182 2826 322 2886 Θεὸς
367 2826 428 2875 ὲν
470 2827 585 2885 τοῖς
632 2826 964 2894 τριακοσίοις
999 2825 1244 2894 ἀνδράσι.
1305 2827 1444 2878 Ἀλλ’
1484 2831 1512 2878 ὁ
1561 2827 1768 2888 δίκαιος

183 2911 277 2962 διὰ
317 2911 420 2979 τῆς
445 2912 946 2982 ταπεινοφροσύνης
982 2915 1330 2966 κατέσπασεν
1358 2914 1448 2965 τὸν
1483 2913 1652 2980 θυμὸν
1681 2915 1770 2965 αὐ-

183 3002 319 3054 τῶν.
356 3003 465 3054 Καὶ
509 3003 614 3071 πρὸ
656 3004 844 3054 τούτου
873 3004 1006 3074 πρὸς
1035 3005 1125 3056 τὸν
1167 3005 1396 3072 ἄγγελον
1418 3003 1625 3070 ἔλεγεν,
1673 3005 1767 3067 Τίς

183 3093 306 3161 εἰμι
335 3092 472 3159 ἐγὼ,
519 3093 550 3162 ἦ
595 3088 791 3156 ὁοῗκος
821 3095 913 3145 τοῦ
964 3096 1167 3164 πατρὸς
1210 3113 1340 3163 μους
1379 3095 1411 3164 ἡ
1459 3096 1630 3164 χιλιὰς
1666 3113 1766 3164 μου

183 3180 555 3249 ταπεινοτέρα
597 3181 654 3230 ἐν
682 3181 970 3250 Μανασσῇ.
1023 3181 1183 3247 Λέγει
1225 3181 1279 3233 δὲ
1319 3182 1411 3234 καί
1449 3199 1532 3240 τις
1571 3183 1762 3248 σοφὸς·

189 3288 209 3319 ι
257 3269 429 3320 Ὅσον
462 3269 634 3336 μέγας
681 3267 748 3332 εἴ,
794 3271 1046 3322 τοσοῦτον
1080 3269 1336 3323 ταπεινοῦ
1382 3271 1626 3333 σεαυτὸν,
1676 3273 1768 3322 καὶ

185 3361 376 3412 ἔναντι
424 3362 628 3428 Κυρίου
659 3362 909 3429 εὑρήσεις
937 3362 1114 3430 χάριν,
1158 3381 1174 3410 ι
1220 3361 1301 3413 ὅτι
1329 3362 1504 3412 πάντα
1537 3361 1602 3410 τὰ
1635 3361 1768 3427 ἔργα

182 3451 286 3504 τοῦ
312 3448 596 3512 ταπεινοῦ,
630 3452 840 3520 φανερὰ
883 3455 1032 3520 παρᾶ
1067 3453 1292 3522 Κυρίου.
1330 3452 1440 3505 Καὶ
1485 3453 1660 3520 στόμα
1683 3468 1768 3502 τα-

185 3541 385 3596 πεινοῦ
431 3544 633 3612 μελετᾷ
685 3543 896 3610 σοφίαν.
953 3543 1177 3605 Σύνεσις
1224 3543 1279 3596 δὲ
1327 3543 1540 3612 ἀγαθὴ,
1583 3543 1766 3594 (lilii-tot

187 3637 373 3704 χάριν.
423 3635 482 3686 '0
511 3635 566 3686 δὲ
601 3634 896 3704 Ψα).μῳῶς
927 3652 1088 3704 φησιν
1115 3651 1125 3664 ·
1155 3655 1172 3686 ε
1226 3636 1365 3702 Ἐγὼ
1398 3636 1450 3687 δὲ
1480 3638 1592 3703 εἰμι
1626 3653 1693 3687 cz
1718 3662 1768 3686 τι·

185 3729 311 3796 λῃξ,
360 3728 454 3778 καὶ
503 3727 604 3779 οὐκ
653 3726 973 3797 ἄνθρωπος,
1031 3725 1230 3788 ὁνειδος
1275 3727 1614 3794 ἀνθρώπων,
1677 3728 1768 3778 καὶ

185 3816 540 3884 ἐξουόἐνωμα
568 3815 718 3868 λαοῦ.
776 3835 794 3867 ι
843 3816 952 3867 Καὶ
985 3814 1168 3876 πάλιν,
1205 3832 1224 3865 ι
1275 3817 1418 3867 Ὠσε“ι
1450 3817 1614 3887 τέρας
1648 3821 1768 3882 εχε-

184 3909 365 3978 νήοην
389 3912 498 3969 τοῖς
537 3907 769 3968 πολλοῖς,
814 3909 906 3959 καὶ
940 3907 1004 3958 σὺ
1039 3906 1230 3976 βοηθός
1269 3924 1368 3978 μου
1419 3909 1697 3978 κραταιὸς.
1743 3927 1760 3958 ι

197 4001 260 4053 Ὀ
291 4001 675 4071 ταπεινόιρρων
705 4000 796 4052 καὶ
841 3999 1000 4068 ἔργον
1045 3999 1183 4070 ἔχων
1223 4001 1614 4069 πνευματικὸν,
1640 4003 1765 4053 ἁνα-

1868 2836 1977 2873 ιιοη
2020 2822 2216 2875 melior
2245 2831 2330 2876 est
2375 2822 2685 2875 raccmulus
2731 2821 2992 2889 Ephraim
3034 2836 3196 2890 quam
3242 2821 3440 2875 vinde-

1869 2909 1975 2962 mia
2012 2910 2282 2964 Abiezer?
2312 2911 2368 2964 ln
2401 2911 2661 2964 manibus
2687 2909 2884 2963 vestris
2914 2909 3141 2963 tradidit
3174 2911 3442 2966 Dominus

1867 3002 2146 3070 principes
2191 3002 2425 3055 .\ladian.
2474 3001 2683 3069 Ecquid
2723 3001 2831 3053 tale
2861 2999 3041 3054 facere
3071 3001 3248 3070 potui,
3279 3001 3441 3070 quale

1867 3107 1968 3145 vos
2005 3093 2045 3121 “
2065 3096 2087 3144 ’ἐ
2116 3112 2131 3136 ι
2156 3093 2318 3159 Atqui
2348 3091 2478 3143 huic
2502 3091 2646 3143 Deus
2669 3105 2788 3143 eam
2814 3091 3125 3143 contulerat
3148 3091 3438 3143 victoriam

1873 3182 2083 3251 1133
2106 3183 2159 3234 in
2179 3181 2439 3234 trecentis
2455 3181 2608 3233 viris.
2643 3179 2912 3234 Caeterum
2937 3181 3117 3248 justus
3146 3181 3236 3234 hic
3259 3180 3443 3233 mode-

1869 3274 1972 3326 stia
2003 3291 2065 3326 ac
2105 3274 2333 3327 lenitate
2365 3272 2611 3340 responsi
2662 3269 2952 3323 excitatam
2991 3271 3126 3324 iram
3176 3271 3442 3340 repressit

1869 3381 1933 3417 ac
1963 3365 2191 3428 sedavit,
2222 3365 2354 3433 quin
2391 3365 2546 3432 prius
2591 3363 2874 3431 aliquanto
2905 3363 3098 3429 angelo
3135 3363 3438 3431 reSpondit,

1868 3455 2001 3518 Quis
2045 3471 2165 3508 sum
2194 3472 2314 3524 ego,
2373 3463 2470 3509 aut
2521 3471 2641 3523 quae
2691 3461 2776 3508 est
2830 3453 3027 3507 domus
3066 3455 3236 3522 patris
3291 3455 3442 3509 mei?

1869 3545 2204 3598 ltlillenarius
2237 3561 2393 3598 meus
2423 3545 2689 3614 abiectior
2732 3553 2815 3598 cst
2857 3553 2914 3598 et
2942 3544 3204 3597 humilior
3241 3545 3295 3598 in
3326 3545 3441 3599 Ma-

1868 3652 2026 3690 nasse
2063 3639 2124 3690 ".
2171 3635 2400 3706 Sapiens
2450 3635 2670 3706 quidem
2721 3633 2898 3690 dicit:
2938 3652 2954 3685 ι
3013 3633 3228 3700 Quanto
3268 3639 3442 3708 major

1869 3744 1946 3789 es,
1995 3737 2144 3780 tanto
2180 3728 2408 3780 humilia
2473 3727 2729 3795 teipsum,
2765 3735 2820 3779 et
2865 3741 3048 3779 coram
3086 3727 3319 3780 Domino
3352 3728 3440 3781 in-

1870 3819 2060 3870 venies
2093 3817 2433 3885 gratiam".i
2469 3816 2783 3885 l\amopeta
2807 3817 2989 3869 omnia
3009 3817 3350 3870 humiliantis
3380 3835 3440 3873 se

1871 3906 2157 3959 manifesta
2202 3919 2330 3960 sunt
2368 3915 2425 3958 et
2454 3905 2752 3971 conspicua
2790 3905 2966 3958 oculis
3011 3905 3227 3959 Domini
3261 3907 3325 3959 ιδ.
3366 3905 3440 3961 Os

1869 3998 2016 4048 enim
2066 3997 2270 4049 humile
2306 3997 2604 4050 meditatur
2640 3996 2962 4064 sapientiam
3003 3997 3079 4060 ¹⁵;
3125 3997 3439 4051 intellectus

186 4091 480 4158 γινώσκων
516 4092 612 4152 τὰς
640 4090 788 4152 θείας
816 4091 1062 4160 Γραφὰς,
1087 4090 1264 4141 πάντα
1306 4092 1382 4152 εἰς
1413 4091 1606 4142 ἑαυτὸν
1633 4093 1761 4154 νοεῖ,

1868 4095 2049 4138 autem
2080 4087 2257 4139 bonus
2287 4087 2380 4140 dat
2413 4087 2643 4155 gratiam
2684 4088 2746 4140 ³⁸.
2794 4087 2883 4139 Ait
2919 4087 3049 4139 item
3099 4088 3308 4142 Psaltes
3355 4104 3440 4142 rc-

188 4183 286 4232 καὶ
315 4181 418 4232 οὐκ
452 4183 529 4240 εἰς
571 4180 663 4232 τὸν
692 4180 895 4249 ἕτερον.
961 4182 1085 4233 Ἐὰν
1116 4175 1208 4232 οὖν
1253 4179 1494 4248 θέλωμεν
1531 4181 1609 4250 τῷ
1654 4182 1763 4233 ὄντι

187 4272 562 4340 εὐαρεστῆσαι
591 4272 730 4342 Θεῷ,
764 4273 856 4324 καὶ
903 4272 1001 4338 τὴν
1046 4272 1473 4341 μακαριωτάτην
1508 4272 1766 4342 φιλιωῢῆ-

186 4381 281 4417 ναι
331 4363 536 4431 φιλίαν,
580 4363 784 4432 γυμνὸν
814 4363 905 4414 τὸν
944 4361 1067 4414 νοῦν
1105 4361 1262 4431 ἡμῶν
1305 4365 1760 4432 παραστήσωμεν,

189 4453 366 4522 μηδὲν
408 4452 800 4521 ἐπισυρόμενσν
840 4451 932 4502 τοῦ
977 4452 1240 4519 παρόντος
1276 4452 1488 4513 αἰῶνος,
1529 4453 1602 4521 μή
1646 4470 1763 4504 τινα

184 4543 566 4610 τεχνάσματα,
591 4541 622 4609 ἦ
651 4541 979 4610 σοφίσματα,
1011 4540 1043 4608 ἢ
1071 4541 1433 4608 δικαιολογίαν
1457 4559 1469 4571 ο
1498 4545 1763 4615 ἀποστρέ-

186 4646 352 4697 φεται
387 4631 494 4696 γὰρ
522 4629 581 4680 τὸ
606 4628 759 4680 Θείον
795 4629 918 4690 τοὺς
967 4628 1104 4698 μετὰ
1150 4629 1472 4697 οξηματικοῦ
1503 4629 1596 4681 τοῦ
1638 4632 1761 4698 τρό-

187 4736 293 4771 που
330 4717 521 4771 τούτου
554 4717 1024 4787 προσερχομένους
1058 4717 1221 4787 αὐτῷ.
1284 4718 1406 4770 Ἐὰν
1454 4719 1560 4787 γὰρ
1593 4720 1763 4771 θεοσε-

187 4811 291 4881 ϐὴς
325 4812 417 4862 καὶ
441 4810 816 4879 ταπεινόφρων
834 4810 1066 4879 ὑπάρχει
1096 4827 1202 4875 τις,
1235 4813 1328 4863 καὶ
1361 4811 1435 4880 μὴ
1471 4813 1764 4882 ὑπεραιρο-

189 4917 356 4972 μενος
406 4901 703 4970 σωματικῷ
759 4900 940 4970 ὄγκῳ,
998 4902 1208 4970 μήποτε
1271 4902 1760 4972 προπετευόμε-ιος,

185 4989 326 5042 αλλὰ
360 4989 732 5058 κατεαγμὲνος
766 4992 832 5060 τῇ
876 4989 1091 5058 καρδία,
1125 4991 1218 5042 καὶ
1250 4988 1593 5060 λογιζόμενος
1633 4993 1761 5044 ἑαυ-

184 5084 281 5136 τὸν
313 5083 534 5150 ἀχρεῖον
561 5079 743 5132 δοῦλον
773 5077 932 5144 εἶναι,
967 5080 1087 5130 τότε
1125 5078 1408 5132 ἐπιϐλέπει
1445 5081 1538 5132 καὶ
1567 5082 1765 5133 ἐνοικεῖ

183 5179 218 5246 ἡ
258 5176 422 5245 χάρις
449 5173 544 5227 τοῦ
580 5173 735 5227 Θεοῦ.
780 5173 1063 5244 ἈληΟινῆς
1111 5173 1217 5242 γὰρ
1264 5172 1762 5241 ταπεινοφροσύνης

185 5267 500 5336 γνώρισμα,
531 5267 591 5318 οὐ
625 5266 683 5318 τὸ
714 5265 891 5334 ἑαυτῷ
938 5263 1222 5332 καταχέειν
1275 5263 1481 5332 ὕϐρεις,
1528 5263 1662 5315 ἀλλὰ
1702 5264 1763 5315 τὸ

1865 4177 1985 4244 gius
2012 4194 2025 4229 :
2067 4194 2084 4225 ι
2127 4176 2240 4244 Ego
2269 4186 2455 4229 autem
2500 4191 2620 4228 smn
2646 4177 2852 4228 vermis
2883 4184 2938 4229 et
2967 4191 3073 4228 non
3116 4177 3299 4239 homo,
3334 4191 3437 4245 0p-

1864 4267 2149 4335 probritnn
2173 4267 2456 4320 hominum
2487 4273 2542 4318 et
2568 4266 2803 4334 abjectio
2836 4265 3011 4334 plebis
3044 4266 3104 4318 ¹⁷.
3135 4285 3152 4316 ι
3190 4267 3435 4322 Rursus:

1871 4377 1887 4407 ι
1912 4356 2190 4424 Tanquam
2212 4357 2521 4424 prodigium
2551 4357 2727 4410 factus
2755 4371 2875 4409 sum
2905 4355 3184 4418 multis,et
3208 4365 3262 4410 tu
3283 4357 3438 4427 adju-

1866 4456 1952 4500 tor
1993 4463 2148 4500 meus
2178 4448 2334 4500 fortis
2367 4447 2429 4499 ’⁸.
2482 4465 2498 4496 ι
2547 4447 2650 4512 Qui
2679 4445 2745 4500 de
2779 4461 2836 4500 se
2869 4447 3146 4500 moderate
3186 4450 3352 4502 sentit
3379 4457 3438 4504 et

1863 4555 2003 4607 opus
2039 4548 2234 4593 tractat
2269 4538 2579 4608 spirituale,
2614 4538 2837 4593 interim
2885 4537 3100 4592 divinas
3141 4537 3272 4592 dum
3304 4539 3438 4609 legit

1865 4627 2202 4698 Scripturas,
2235 4645 2577 4698 qmccnnque
2616 4634 2936 4691 occurrunt,
2980 4627 3233 4681 universa
3264 4628 3318 4681 in
3347 4644 3438 4682 se-

1866 4720 2042 4790 ipsum
2096 4722 2253 4774 tacita
2302 4720 2634 4789 cogitatione
2662 4717 2928 4791 reﬂectit,
2977 4726 3035 4770 et
3060 4733 3168 4770 non
3205 4718 3259 4770 in
3301 4719 3433 4773 alte-

1867 4827 2009 4865 rum.
2053 4811 2107 4864 Si
2141 4811 2394 4879 cupimus
2435 4810 2548 4864 Deo
2583 4817 2772 4862 nostro
2810 4824 3140 4878 magnopere
3168 4825 3287 4864 esse
3317 4827 3425 4881 gra-

1869 4902 1992 4956 tiosi
2028 4911 2082 4955 et
2115 4901 2410 4964 amabiles,
2448 4900 2854 4966 amicitiamque
2899 4899 3018 4966 ejus
3065 4899 3434 4953 felicissimam

1865 4993 2172 5048 exosculari
2227 4992 2550 5047 suavissime
2602 5001 2659 5046 et
2703 4991 3008 5061 amplecti:
3061 4999 3297 5044 mentem
3354 4989 3436 5045 illi

1865 5099 2108 5142 nostram
2140 5087 2499 5140 exhibeamus
2544 5085 2744 5139 nudam
2789 5092 2844 5136 et
2891 5083 2960 5136 ab
3008 5082 3156 5144 omni
3204 5098 3436 5138 concrc-

1869 5181 2014 5233 tione
2045 5178 2289 5232 materia:
2330 5178 2667 5240 defaecatam,
2713 5192 2835 5245 qua:
2868 5175 3004 5227 nihil
3045 5174 3226 5229 saeculi
3277 5173 3436 5227 istius

1865 5269 2121 5325 alicunde
2153 5269 2218 5322 ad
2277 5284 2334 5324 se
2367 5269 2617 5329 asciscat,
2646 5267 2828 5320 nullas
2858 5265 3089 5320 advocet
3124 5265 3437 5318 molitioncs

187 5360 342 5425 παρὰ
376 5356 549 5410 ἄλλων
584 5355 934 5426 ὑϐριζόμενον
966 5356 1226 5422 γενναίως
1263 5356 1484 5425 φέρειν·
1536 5357 1626 5407 καὶ¹
1673 5357 1764 5408 οὖν

1869 5361 2142 5422 fraudum,
2168 5361 2303 5414 nihil
2333 5359 2770 5414 commentitium
2795 5369 2889 5411 aut
2916 5357 3299 5424 sophisticnm,
3325 5371 3433 5407 non

186 5448 300 5508 δεὶς
345 5444 725 5514 ταπεινόρρων
768 5443 1184 5512 δικαιολογεῖταί
1225 5461 1375 5496 ποτε.

186 5537 404 5606 καρπὸς
441 5536 604 5599 πολὺς
637 5537 877 5604 κάμπτει
911 5537 1122 5597 κλῶνας
1155 5536 1394 5605 δένδρου,
1426 5536 1594 5597 οὕτως
1634 5538 1764 5605 ἀρε-

185 5629 287 5696 τῆς
333 5627 538 5696 πλῆθος
591 5629 837 5679 ταπεινοῖ
884 5630 1138 5697 φρόνημα
1171 5625 1381 5696 ἀνδρός.
1434 5629 1542 5680 Καὶ
1579 5628 1765 5698 ὥσπερ

260 5765 281 5795 ⁸
306 5764 579 5824 Eccl.xtv,
607 5763 695 5818 22.
775 5765 817 5796 "’
849 5765 1017 5818 Exod.
1055 5782 1201 5826 vvm,
1233 5766 1453 5834 passim.

188 5848 263 5898 tv,
293 5834 377 5886 l5.
460 5836 501 5868 ⁸⁸
543 5835 683 5888 l‘sal.
715 5850 890 5892 χχχι-ι.
921 5835 1007 5888 50.

1424 5445 1592 5495 Ὢσπε
1604 5463 1631 5513 ρ
1670 5442 1762 5497 οὖν

1089 5837 1129 5865 ’⁸
1155 5836 1313 5889 Prov.
1356 5852 1465 5900 xm,
1500 5838 1579 5887 Ιῖἰ.

1535 5768 1571 5796 ¹¹
1595 5769 1775 5824 .ludic.
1806 5787 1919 5832 vni,
1948 5774 2001 5831 2,
2034 5772 2085 5824 '5.

1659 5840 1695 5869 ³⁷
1738 5843 1876 5894 ΡδτιΙ.
1907 5858 2013 5894 xvi.
2039 5844 2087 5893 7.

1869 5454 1994 5506 item
2027 5450 2465 5505 cansiﬁcationes
2488 5450 2603 5502 sive
2635 5448 3057 5517 disceptationes
3079 5445 3241 5516 juris.
3268 5445 3440 5498 Aver-

1864 5553 2013 5597 satur
2044 5542 2190 5595 enim
2228 5556 2432 5594 numen
2467 5539 2599 5592 illud
2640 5554 2736 5592 eos
2766 5539 2856 5606 qui
2904 5553 2961 5592 se
3009 5537 3210 5591 adeunt
3243 5551 3436 5604 super!-

1863 5631 2050 5686 ciliosa
2095 5631 2330 5700 quadam
2380 5629 2505 5683 freti
2556 5629 2946 5698 persuasione.‘
2970 5627 3169 5683 Contra
3215 5626 3260 5681 si
3308 5629 3435 5693 quis

2167 5772 2404 5826 “Jmiic.
2430 5789 2504 5834 vt,
2542 5771 2624 5825 l5.
2703 5772 2746 5803 "
2768 5771 2931 5826 Eccli.
2955 5785 3031 5831 ιιι,
3061 5769 3148 5823 20.
3229 5766 3432 5819 "'Psal.

2169 5843 2210 5875 ¹⁸
2254 5843 2391 5895 Psal.
2428 5858 2546 5904 tu,
2592 5843 2673 5894 18.
