4178 6436
804 412 937 474 1639

2061 410 2424 470 ANTIOCHI
2472 406 2816 471 MONACIII

3914 396 3936 459 1
3948 398 4048 459 610

798 526 1018 579 licicola
1051 538 1114 576 ac
1149 523 1271 592 pius
1316 526 1382 578 de
1432 542 1488 578 se
1532 526 1736 594 alioqui
1791 541 1954 594 quam
2005 526 2372 594 abjectissimc

2479 522 2658 593 χάραξ
2703 522 2957 590 βαστάζει
3006 519 3184 574 κλῶνα
3235 518 3608 585 κατάκαρπον,
3660 515 3831 574 οὕτως
3887 513 4048 579 ςόῦοε

796 626 1063 686 sentiens,
1096 625 1414 692 neutiquam
1448 634 1772 693 turgesecns
1806 635 1902 678 aut
1943 625 2111 679 veluti
2141 624 2369 678 extube-

798 737 927 774 rans
958 722 1107 774 inani
1139 721 1303 783 fastu,
1338 721 1475 774 nihil
1512 733 1717 777 temere
1749 722 1854 776 sibi
1895 722 2179 777 aseribens
2208 720 2373 774 tueri-

796 821 980 866 torum
1012 813 1175 865 tacita
1206 812 1562 881 cogitatione,
1599 813 1768 882 magis
1797 828 1930 866 vero
1965 813 2058 882 qui
2108 827 2165 866 se
2211 811 2377 864 inuti-

796 914 906 968 lem
940 928 1060 966 chc
1090 927 1314 966 servum
1365 914 1628 984 deputet;
1674 915 1823 966 hunc
1867 914 2028 967 talem
2077 914 2378 966 clementer

801 1013 1031 1081 respicit
1055 1012 1344 1075 Dominus,
1377 1015 1607 1084 ejusque
1639 1013 1909 1067 inhabitat
1938 1021 2175 1066 mentem
2205 1011 2377 1081 gratia

798 1112 920 1165 Dei.
956 1112 1272 1165 Verissima:
1314 1113 1644 1167 humilitatis
1678 1114 1892 1181 insigne
1926 1113 2031 1164 hoc
2062 1120 2167 1173 est,
2203 1110 2381 1163 nullas

804 1212 859 1263 in
892 1214 1203 1280 quempiam
1244 1212 1564 1282 intorquere
1593 1212 1979 1274 contumelias,
2009 1210 2102 1263 sed
2144 1210 2212 1264 ab
2256 1211 2380 1263 aliis

809 1312 865 1363 in
902 1321 953 1360 te
977 1321 1258 1365 contortas
1279 1328 1542 1381 generose
1568 1301 1882 1364 etinlracto
1906 1310 2148 1378 perferre
2175 1308 2375 1361 animo.

811 1411 1098 1479 Siquidem
1131 1428 1294 1465 nemo
1325 1411 1509 1479 (modo
1540 1411 1586 1464 is
1628 1410 1699 1463 sit
1736 1426 1843 1461 non
1880 1410 1985 1463 fue;
2011 1420 2083 1474 ἀ)
2133 1407 2377 1469 humilis,

810 1509 905 1573 qui
946 1508 1297 1562 causifieetur
1325 1517 1421 1562 aut
1460 1520 1643 1577 partes
1688 1525 1927 1578 unquam
1975 1509 2243 1562 sustineat
2291 1517 2376 1559 tu-

806 1598 934 1651 cndi
988 1612 1067 1651 se.
1113 1598 1183 1653 Ut
1220 1598 1367 1651 enim
1396 1599 1652 1652 arborum
1685 1614 1865 1652 ramos
1896 1598 2203 1652 exuberans
2228 1596 2380 1664 copia

804 1687 1080 1741 fructuum
1116 1688 1374 1742 deorsum
1407 1704 1601 1742 versus
1641 1689 1892 1750 inflectit,
1931 1689 2003 1741 ita
2049 1697 2105 1741 et
2138 1687 2382 1741 accessio

807 1777 966 1831 dives
997 1779 1263 1831 virtutum
1296 1794 1518 1832 sensum
1554 1779 1792 1834 hominis
1831 1794 1889 1833 se
1917 1779 2250 1848 possidentis
2287 1778 2381 1831 de-

2475 614 2611 666 Θεοῦ
2636 615 2908 683 ἐνάρετον.
2949 613 3007 665 Ὀ
3034 614 3090 665 δὲ
3123 612 3387 680 μακάριος
3424 609 3632 669 ιιαῦλος
3668 603 4051 659 καταστέλλων

2475 705 2634 775 ἡμῶν
2669 707 2729 757 τὸ
2771 706 3047 773 φρόνημα,
3082 702 3404 765 ἐπιστέλλει,
3436 701 3644 767 λέγων·
3690 716 3706 745 ι
3756 695 4049 748 Ταλαὶπω-

2479 808 2570 860 ρος
2603 790 2713 858 ἐγὼ
2742 791 3047 860 ἅνθρωπος,
3087 789 3169 850 τίς
3214 805 3280 856 με
3309 787 3531 857 ῥύσεται
3562 787 3625 837 ἐκ
3658 784 3751 837 τοῦ
3796 781 4049 849 σώματος

2476 880 2570 932 τοῦ
2600 878 2829 932 θανάτου
2857 878 3083 942 τούτους
3122 897 3139 927 ι
3181 877 3275 930 καὶ
3306 876 3491 940 πάλιν,
3532 894 3549 925 ι
3582 875 3672 938 Ὦς
3706 872 4050 942 περικαθάρο

2482 986 2625 1039 ματα
2653 968 2747 1021 τοῦ
2787 968 2992 1034 κόσμου
3033 966 3392 1035 ἐγενήθημεν,
3419 970 3636 1017 πάντων
3675 963 3988 1033 περίψημα.
4024 978 4045 1013 ι

2479 1057 2665 1111 Ταῦτα
2711 1056 2767 1110 δὲ
2798 1056 2867 1109 τὰ
2900 1057 3143 1126 ῥήματα,
3178 1054 3672 1124 ταπεινοφροσύνης
3718 1054 4046 1120 ὑπόδειγμα.

2479 1150 2590 1202 Καὶ
2618 1148 2806 1210 αὖθιςο
2844 1167 2862 1198 ι
2904 1147 3204 1198 Γινώσκετε
3255 1147 3362 1215 γάρ
3403 1146 3499 1216 τὴν
3540 1146 3698 1215 χάριν
3738 1142 3839 1195 τοῦ
3892 1142 4046 1205 Θεοῦ,

2478 1241 2559 1292 ὅτι
2593 1240 2660 1291 δι’
2690 1241 2836 1309 ἡμᾶς
2876 1240 3219 1306 ἐπτώχευσεν
3254 1237 3502 1298 πλούσιος
3531 1237 3629 1298 ὢν,
3662 1237 3748 1287 ἵνα
3780 1236 3944 1302 ὑμεῖς
3986 1238 4047 1301 τῇ

2480 1330 2687 1380 ἐκείνου
2719 1328 2960 1397 πτωχείᾳ
2994 1327 3355 1395 πλουτήσητε.
3394 1344 3413 1375 ι
3451 1326 3563 1378 Καὶ
3607 1326 3831 1390 ὲπάγει’
3869 1341 3887 1373 ι
3943 1323 4047 1374 Πα-

2484 1414 2703 1486 ρακαλῶ
2734 1411 2827 1467 οὖν
2857 1414 2966 1483 ἐγὼ
2993 1417 3021 1467 ό
3048 1414 3265 1481 δέσμιος
3294 1415 3352 1465 ὲν
3382 1414 3595 1482 Κυρίῳ,
3626 1412 3793 1475 ἀξίως
3817 1428 4048 1479 περιπα·

2481 1507 2642 1573 τῆσαι
2674 1503 2771 1572 τῆς
2799 1504 3066 1572 κλήσεως,
3087 1501 3154 1573 ἦς
3183 1504 3447 1572 ἐκλήθητε
3483 1503 3621 1572 μετὰ
3652 1505 3838 1570 πάσης
3867 1517 4049 1552 ταπει-

2482 1595 2817 1663 νοφροσύνης
2849 1595 2943 1647 καὶ
2975 1594 3303 1665 πραότητος,
3362 1599 3501 1662 μετὰ
3541 1592 3927 1663 μακροθυμξας
3963 1590 4050 1642 άν-

2481 1684 2732 1751 εχόμενοι
2778 1682 3019 1752 ἀλλήλων
3063 1683 3120 1734 ὲν
3166 1681 3376 1753 ἀγάπῃ.
3432 1699 3451 1730 ι
3481 1680 3593 1734 Καὶ
3625 1680 3904 1748 ἐπιφέρει,
3935 1695 3954 1720 ε
3982 1678 4051 1727 Τὸ

2484 1772 2710 1840 ὕστερον
2740 1773 2978 1832 πάντων,
3026 1770 3269 1840 ὡσπερεὶ
3297 1769 3374 1839 τῷ
3416 1769 3730 1838 ἐκτρώματι
3758 1766 3922 1834 ὤφθη
3950 1766 4048 1817 κά-

808 1867 975 1919 mittit
1005 1877 1168 1933 atque
1204 1867 1475 1921 humiliat.
1514 1869 1749 1932 Rursus,
1780 1868 2239 1937 quemadmodum
2269 1876 2378 1920 sta-

2484 1863 2595 1929 μοί.
2648 1857 2791 1928 Ἐγὼ
2833 1860 2941 1928 γάρ
2989 1864 3104 1929 εἰμι
3136 1863 3164 1913 ό
3192 1860 3472 1928 ἐλάχιστος
3511 1861 3727 1910 πάντων
3768 1857 3884 1909 τῶν
3917 1858 4051 1908 ἁπο-

809 1966 995 2007 tumen
1027 1964 1123 2009 aut
1166 1956 1340 2010 vincte
1390 1956 1777 2025 pedamentum
1828 1974 2038 2010 ramum
2077 1957 2383 2010 communit

814 2059 880 2097 ac
912 2047 1136 2114 gestitat
1170 2045 1449 2099 fructuum
1482 2047 1731 2101 ubertate
1762 2055 2154 2115 prmgnantem,
2189 2044 2260 2097 ita
2308 2046 2377 2098 ti-

809 2149 931 2185 mor
977 2134 1068 2187 Dei
1121 2149 1247 2187 eum
1294 2134 1576 2199 suﬂ‘uleit,
1627 2135 1721 2203 qui
1764 2135 1970 2188 virtute
2020 2134 2250 2187 adornat
2298 2149 2375 2188 se.

809 2224 1010 2277 Beatus
1060 2224 1151 2278 ille
1190 2224 1392 2278 Paulus
1436 2234 1743 2278 extenuans
1782 2240 1848 2279 ac
1895 2224 2246 2292 supprimens
2273 2238 2376 2275 no-

808 2324 986 2369 strum
1033 2315 1181 2369 hunc
1209 2315 1431 2377 fastum,
1460 2331 1559 2385 per
1610 2316 1896 2385 epistolam
1947 2316 2125 2369 dicit:
2166 2334 2184 2364 ‹
2219 2314 2383 2368 Miser

808 2420 913 2473 ego
962 2405 1149 2467 homo,
1187 2407 1311 2474 quis
1362 2421 1447 2459 me
1500 2405 1758 2459 liberabit
1807 2405 1876 2458 de
1923 2419 2151 2473 corpore
2193 2405 2385 2457 mortis

811 2494 977 2561 hujus
1009 2492 1095 2543 ‘9?
1130 2512 1147 2543 ι
1179 2492 1381 2546 lterum
1415 2511 1426 2545 :
1473 2514 1490 2544 ι
1534 2492 1600 2547 Ut
1643 2502 1997 2562 purgamenta
2030 2493 2220 2546 mundi
2256 2492 2380 2547 facti

812 2598 1027 2645 sumus,
1055 2582 1302 2636 omnium
1350 2584 1656 2652 peripsema
1699 2584 1765 2635 ".
1809 2604 1828 2635 ι
1863 2582 1987 2637 [late
2021 2598 2187 2652 porro
2216 2583 2381 2637 verba

812 2673 867 2725 in
902 2674 1214 2741 exemplum
1259 2674 1433 2741 posita
1469 2684 1599 2728 sunt
1646 2674 1988 2728 insinuanda:
2033 2674 2380 2727 humilitatis.

814 2764 1065 2817 Rursus:
1101 2783 1116 2813 ι
1166 2763 1490 2832 Cognoscite
1542 2766 1772 2834 gratiam
1823 2765 1943 2829 Dei,
1986 2766 2115 2833 quia
2161 2774 2387 2833 propter

812 2870 915 2907 nos
938 2854 1092 2908 dives
1124 2870 1247 2908 cum
1288 2864 1455 2917 esset,
1489 2870 1695 2925 pauper
1724 2854 1901 2909 factus
1928 2866 2033 2917 est,
2071 2862 2129 2907 ut
2169 2869 2271 2908 nos
2314 2855 2381 2906 il-

815 2942 922 2995 lius
977 2953 1297 3012 paupertate
1345 2944 1548 2999 divites
1601 2960 1847 2999 essemus
1892 2946 1959 2997 ".
2038 2963 2056 2995 ι
2121 2944 2381 2998 lndueit:

820 3050 839 3082 ε
881 3031 1122 3086 Obsecro
1152 3034 1332 3102 itaque
1363 3048 1461 3086 vos
1488 3049 1590 3103 ego
1612 3035 1829 3088 vinctus
1859 3034 1912 3086 in
1946 3033 2198 3094 Domino,
2224 3032 2385 3101 digne

819 3132 880 3174 ut
910 3123 1253 3176 ambulemus
1298 3123 1584 3177 vocatione
1627 3140 1733 3192 qua
1780 3125 1957 3177 vocati
1995 3138 2208 3187 sumus,
2257 3139 2384 3176 eum

814 3212 965 3266 omni
1001 3212 1311 3268 humilitate
1337 3223 1393 3268 et
1420 3215 1863 3277 mansuetudine,
1894 3231 2019 3269 eum
2054 3214 2381 3283 longanimi-

817 3311 927 3355 tate
957 3312 1349 3370 supportantes
1382 3304 1617 3358 invicem
1649 3305 1703 3357 in
1744 3305 2011 3358 eharitate
2053 3305 2117 3357 “.
2161 3322 2178 3354 ι
2214 3304 2380 3357 Deni-

814 3408 924 3455 que
969 3393 1168 3447 iul'ert:
1207 3414 1225 3446 ι
1260 3395 1545 3449 Postremo
1568 3395 1814 3448 omnium
1846 3404 2099 3462 tanquam
2133 3394 2382 3448 abortivo

819 3484 968 3536 visus
993 3491 1078 3536 cst
1122 3494 1179 3537 et
1205 3484 1360 3538 mihi.
1394 3485 1606 3557 1134
1648 3485 1759 3555 Ego
1796 3487 1941 3538 enim
1971 3501 2089 3537 sum
2122 3484 2382 3539 minimus

818 3574 1211 3642 apostolorum,
1252 3575 1345 3643 qui
1392 3592 1503 3629 non
1537 3592 1657 3629 sum
1690 3576 1886 3645 dignus
1929 3576 2113 3629 vocari
2162 3585 2381 3643 aposto-

2483 1952 2702 2003 στόλων.
2741 1952 2835 2013 ⁸³ος
2884 1953 2985 2003 οὐκ
3024 1954 3140 2020 εἰμί
3185 1951 3332 2015 ἄξιος
3361 1950 3626 2021 κληθῆναι
3664 1946 3989 2007 ἀπόστολος,
4028 1964 4045 1996 ι

2483 2043 2635 2113 [διότι
2662 2042 2854 2106 ἐδίωξα
2889 2042 2986 2111 τὴν
3014 2041 3343 2111 Ἐκκλησίαν
3367 2041 3462 2094 τοῦ
3484 2039 3668 2110 Θεοῦ.]
3714 2041 3776 2091 ’0
3807 2038 3907 2093 οὖν
3938 2038 4052 2107 βου-

2480 2134 2703 2202 λόμενος
2753 2134 3055 2204 κτήσασθαι
3091 2133 3189 2202 τὴν
3235 2132 3569 2202 θεοδώρητον
3609 2132 3815 2199 ταύτην
3858 2131 4050 2200 ἀρετὴν

2478 2226 2575 2295 τῆς
2612 2224 3134 2296 ταπεινοφροσύνης,
3185 2224 3281 2277 καὶ
3312 2226 3524 2293 φυγεῖν,
3570 2222 3753 2284 καθὼς
3796 2220 4051 2289 προείρηο

2478 2332 2591 2379 ται,
2622 2318 2711 2369 τὸν
2736 2318 2962 2385 μάταιον
3005 2318 3098 2369 καὶ
3140 2316 3500 2384 θεοστύγητον
3531 2314 3694 2381 δγκον
3746 2312 3851 2382 τῆς
3890 2315 4050 2382 ὑπερ-

2480 2405 2738 2471 ηφανίας,
2778 2404 2942 2473 μηδὲν
2967 2404 3352 2472 παραλειπέτω
3387 2404 3496 2455 τῶν
3535 2401 3937 2455 συντελούντων
3979 2403 4051 2463 εἰς

2481 2496 2581 2564 τὴν
2615 2494 2950 2564 κατόρθωσιν
2981 2495 3169 2562 αὐτῆε,
3204 2494 3319 2545 ἀλλ’
3360 2493 3500 2545 ἔστω
3538 2494 3685 2560 αύτῷ
3720 2494 3813 2544 καὶ
3850 2493 4051 2561 σχῆμα,

2482 2586 2575 2638 καὶ
2603 2586 2838 2654 ἱμάτιον,
2870 2585 2964 2637 καὶ
2996 2585 3255 2655 βάδισμα,
3292 2585 3386 2637 καὶ
3423 2584 3681 2653 καθέδρα,
3722 2585 3821 2637 καὶ
3858 2584 4048 2653 τροφὴ,

2482 2676 2576 2728 καὶ
2602 2678 2880 2745 στρωμνὴ,
2914 2677 3007 2727 καὶ
3034 2676 3209 2743 λόγος,
3256 2675 3351 2726 καὶ
3401 2675 3637 2744 κίνησις,
3681 2674 3779 2725 καὶ
3810 2674 4049 2741 βλέμμα,

2484 2769 2581 2819 καὶ
2610 2769 2644 2836 ὴ
2675 2766 2808 2831 πρὸς
2832 2766 2924 2818 τὸν
2953 2766 3180 2834 πλησίον
3224 2765 3483 2829 ἔντευξις,
3515 2766 3691 2818 πάντα
3722 2767 3866 2834 πρὸς
3908 2765 4051 2817 εύτέ-

2482 2856 2634 2909 λειαν
2662 2858 2968 2927 ἠσκημένα.
2999 2856 3113 2926 Πρὸ
3135 2857 3348 2908 πάντων
3372 2856 3427 2908 δὲ
3458 2856 3515 2908 ὲν
3539 2855 3727 2925 μηδενὶ
3752 2856 4053 2906 πιστευέτω

2485 2945 2686 3013 ἐαυτῷ,
2712 2944 2825 2996 ἀλλ’
2853 2945 3240 2996 ὑποτασσέσθω
3264 2943 3343 3012 τῷ
3375 2944 3619 3012 πλησίον,
3642 2944 3736 2994 καὶ
3758 2943 4052 2995 δουλευέτω

2485 3035 2654 3103 αὐτῷ,
2708 3037 3051 3104 μεμνημένος
3100 3034 3195 3086 τοῦ
3246 3035 3474 3105 Κυρίου.
3524 3034 3598 3104 μὴ
3642 3034 4051 3098 ἀπαξιώσαντος

2485 3126 2634 3193 νῖψαι
2667 3126 2791 3187 τοὺς
2834 3126 2997 3184 πόδας
3022 3125 3131 3176 τῶν
3165 3124 3358 3176 ἑαυτοῦ
3394 3123 3682 3193 μαθητῶνο
3718 3124 3815 3176 καὶ
3842 3124 4051 3193 εἰρηκό-

2486 3232 2610 3277 τος·
2652 3234 2670 3264 ι
2722 3214 3051 3283 ’Υπόδειγμα
3080 3215 3189 3283 γὰρ
3236 3215 3365 3283 ύμῖν
3389 3214 3593 3267 δέδωκα
3625 3238 3639 3264 ι
3675 3211 3774 3283 ἑῆς
3801 3230 4049 3265 ταπεινο-

2489 3305 2783 3376 φροσύνης.
2818 3323 2838 3356 ι
2866 3307 2953 3357 ἵνα
2985 3304 3166 3366 καθὼς
3209 3305 3320 3371 ἐγὼ
3352 3306 3581 3371 ἐποίησα
3602 3306 3750 3372 ὑμῖν,
3781 3304 3882 3356 καὶ
3905 3306 4051 3372 ὑμεῖς

2488 3396 2676 3464 ποιῆτε
2712 3394 2981 3464 ἀλλήλοις.
3025 3413 3043 3445 ι
3082 3396 3143 3447 Ei
3173 3396 3345 3447 ταῦτα
3384 3395 3583 3455 οἴδατε,
3616 3394 3883 3462 μακάριοι
3911 3395 4047 3458 ὲστε,

2488 3484 2581 3536 ἐὰν
2633 3482 2825 3551 ποιῆτε
2876 3482 3032 3537 αύτά.
3081 3482 3239 3552 Λύτῴ
3281 3486 3315 3554 ἡ
3359 3483 3487 3548 δόξα
3527 3486 3609 3545 εἰς
3644 3486 3771 3546 τους
3833 3484 4031 3545 αἰῶνας

2501 3574 2689 3643 Ἀμήν.

818 3665 905 3718 lus
929 3665 992 3718 ’³.
1024 3686 1042 3714 ›
1069 3663 1330 3733 Quisquis
1360 3665 1524 3733 igitur
1548 3664 1732 3718 studet
1755 3663 2008 3733 indipisci
2040 3664 2299 3716 virtutem
2321 3662 2668 3724 humilitatis,
2698 3676 2821 3731 qua:
2852 3676 2882 3713 a
2911 3659 3028 3714 solo
3052 3660 3165 3714 Deo
3200 3669 3555 3731 prarogatur,
3582 3662 3858 3731 simulque
3887 3662 4051 3717 decli-

817 3770 951 3809 nare
1000 3762 1283 3822 parentem
1336 3753 1614 3817 vanitatis,
1684 3754 1796 3807 Deo
1848 3752 2025 3806 modis
2093 3751 2351 3805 onuiibus
2420 3748 2655 3801 invisum
2751 3756 3017 3800 tumorem
3077 3747 3387 3817 superbiae,
3443 3763 3545 3802 ceu
3604 3750 3757 3819 prius
3848 3751 4053 3804 dictum

821 3847 956 3901 mihi
997 3859 1102 3911 est,
1136 3848 1272 3901 nihil
1318 3850 1538 3903 omittat
1582 3864 1778 3903 eorum
1843 3864 1964 3917 qua:
2030 3847 2347 3901 conducunt
2389 3845 2456 3898 ad
2496 3843 2798 3913 parandum
2829 3843 3157 3896 humilitatis
3211 3844 3511 3913 legitimam
3559 3844 3926 3909 functionem,
3963 3845 4053 3898 sed

822 3938 913 3989 tali
983 3936 1164 3991 adsint
1221 3937 1480 4003 habitus,
1531 3938 1792 4007 pallium,
1849 3938 2127 3999 incessus,
2182 3935 2376 3999 sedile,
2416 3933 2711 3996 alimonia,
2761 3941 2987 3996 stratus,
3032 3947 3248 3997 sermo,
3328 3933 3445 4002 ipse
3511 3935 3757 4003 corporis
3850 3946 4054 3997 motus,

820 4038 1105 4097 aspectus,
1159 4046 1486 4101 congressus
1564 4045 1688 4084 cum
1734 4032 1983 4100 proximo
2028 4044 2091 4082 ac
2144 4027 2397 4081 familiari
2436 4027 2796 4094 colloquium,
2854 4024 3091 4093 denique
3113 4039 3235 4093 qua;
3268 4024 3463 4078 abillo
3501 4042 3625 4080 eum
3662 4026 3850 4082 labore
3898 4027 4053 4089 ﬁunt,

821 4120 889 4171 ad
926 4120 1292 4189 frugalitatem
1337 4132 1393 4176 et
1436 4123 1828 4192 parcimoniam
1878 4131 2127 4193 spectent
2174 4121 2375 4175 omnia.
2418 4120 2476 4173 In
2506 4118 2702 4188 primis
2741 4133 2842 4172 suo
2870 4116 2938 4171 de
2972 4133 3030 4171 se
3051 4116 3263 4186 judicio
3318 4133 3387 4172 ne
3417 4133 3475 4173 se
3518 4128 3689 4173 totum
3751 4120 4055 4189 permittat,

825 4224 1034 4261 metuor
1062 4211 1133 4263 sit
1159 4210 1396 4274 Domini,
1430 4212 1524 4279 qui
1558 4226 1902 4280 nequaquam
1967 4211 2249 4281 indignum
2307 4210 2464 4262 duxit
2501 4208 2827 4262 submittere
2858 4222 2915 4260 se
2953 4206 3198 4260 lavandis
3241 4207 3635 4277 discipulorum
3672 4208 3932 4278 pedibus,
3967 4212 4054 4279 qui

822 4296 1039 4349 etdixit
1077 4315 1088 4349 :
1136 4318 1153 4347 ι
1207 4298 1524 4367 Exemplum
1572 4300 1720 4353 enim
1768 4300 1891 4354 dedi
1927 4300 2103 4361 vobis,
2145 4318 2163 4349 ι
2195 4312 2390 4366 nempe
2429 4296 2772 4361 humilitatis,
2809 4313 2830 4347 ι
2860 4303 2921 4348 ut
2970 4295 3432 4364 quemadmodum
3479 4295 3581 4352 feci
3630 4297 3791 4352 vobis
3817 4339 3836 4363 ,
3878 4309 3938 4356 et
3967 4315 4057 4353 vos

825 4381 1036 4439 faciatis
1071 4388 1300 4440 invicem
1336 4389 1401 4439 υ.
1440 4406 1459 4438 ›
1503 4388 1559 4441 Si
1595 4388 1708 4442 haze
1738 4388 1911 4451 scitis,
1957 4386 2099 4441 beati
2146 4387 2305 4440 eritis
2335 4385 2379 4439 si
2416 4383 2657 4440 feceritis
2681 4398 2766 4438 ea.
2799 4382 2902 4452 Ipsi
2937 4381 3111 4453 gloria
3150 4384 3208 4437 in
3247 4385 3469 4440 saecula.
3509 4388 3703 4442 Amen.

1349 4524 1636 4579 HOMILIA
1675 4524 1864 4579 LXXI.

3085 4519 3301 4572 ΛΟΓΟΣ
3338 4520 3462 4574 OA'.

1028 4634 1099 4684 lle
1126 4649 1186 4684 eo
1215 4633 1351 4701 quod
1379 4634 1618 4703 proximo
1650 4634 2055 4687 condonandum
2090 4632 2177 4686 sit.

2745 4634 2885 4700 Περὶ
2918 4630 3025 4685 τοῦ
3060 4631 3396 4702 συγχωρεῖν
3442 4631 3524 4697 τῷ
3548 4635 3811 4702 πλησίω.

901 4743 967 4797 Ut
994 4742 1241 4811 proximo
1266 4742 1517 4810 ignoscas
1548 4743 1603 4795 in
1646 4741 1989 4812 plenitudine
2034 4740 2237 4805 cordis,
2283 4740 2387 4793 Do-

829 4836 1089 4887 minieum
1122 4842 1276 4901 urget
1335 4842 1385 4885 te
1420 4832 1763 4895 mandatum,
1799 4830 2056 4885 universo
2102 4830 2384 4884 hominum

830 4922 1019 4990 generi
1054 4922 1297 4992 apprime
1330 4922 1694 4975 salutiferum.
1744 4921 1960 4975 Domini
2005 4930 2187 4973 autem
2239 4934 2390 4972 man-

831 5013 1021 5067 datum
1053 5021 1255 5065 aeterna
1298 5021 1383 5066 est
1415 5012 1544 5064 vita.
1580 5012 1766 5081 Itaque
1811 5009 2173 5064 condonanda
2209 5010 2392 5077 proxia

828 5106 952 5166 mis,
998 5104 1209 5155 veniam
1255 5102 1355 5171 ipsi
1392 5104 1766 5171 impetramus.
1802 5101 1897 5155 Siti
1953 5101 2296 5154 remittemus
2322 5116 2387 5153 ex

826 5194 1034 5259 animo,
1065 5205 1249 5246 nostra
1274 5194 1516 5263 ipsorum
1546 5200 1766 5263 peccata
1807 5207 1903 5260 per
1935 5190 2039 5244 hoc
2072 5192 2225 5259 quasi
2254 5206 2389 5259 quo-

827 5286 973 5354 piam
1023 5285 1304 5353 signaculo
1334 5285 1676 5355 insignimus,
1725 5298 1792 5336 ne
1830 5282 2041 5336 veniam
2078 5276 2399 5349 promereaJ

828 5391 973 5428 mur.
1005 5375 1140 5441 Quis
1180 5376 1342 5445 igitur
1378 5375 1617 5445 (sapiens
1644 5373 1808 5426 modo
1850 5373 1939 5440 sit)
1972 5373 2065 5440 qui
2109 5388 2232 5425 eum
2274 5388 2389 5425 ma-

826 5481 1067 5536 gnopere
1094 5469 1278 5536 cupiat
1302 5482 1526 5522 suorum
1550 5481 1650 5520 nec
1680 5465 1775 5518 uili
1805 5463 2264 5518 numerandorum
2297 5462 2390 5515 de-

900 5595 943 5626 “
982 5595 1137 5649 Rom.
1162 5608 1255 5658 vn,
1279 5594 1367 5648 21.
1444 5594 1489 5625 ⁸⁸
1525 5592 1693 5647 lCor.
1729 5608 1799 5655 Iv,
1842 5590 1921 5643 I3.
2000 5593 2039 5622 "
2085 5591 2125 5645 ΙΙ
2148 5590 2270 5642 Cor.
2305 5607 2374 5640 νη

2483 5630 2496 5642 .
2572 5588 2832 5656 "Ephes.
2869 5605 2937 5651 Iv,
2976 5590 3021 5643 1.
3051 5590 3103 5643 ‘2.
3180 5591 3225 5622 ”
3264 5592 3283 5644 Ι
3312 5590 3436 5645 Cor.
3471 5608 3557 5654 xv,
3585 5594 3638 5656 8,
3665 5593 3721 5649 9.

829 5679 941 5722 sui.
985 5664 1064 5715 l3.

2564 4742 2638 4796 Τὸ
2666 4758 2767 4810 συγ
2775 4745 2969 4813 χωρεῖν
2991 4741 3069 4813 τῷ
3093 4743 3322 4812 πλησίον
3335 4743 3445 4797 άπὸ
3470 4745 3718 4815 καρδίας,
3751 4748 4055 4817 amnti}

2493 4833 2680 4904 ἐντολή
2711 4836 2877 4895 ἐστιν,
2928 4833 3023 4886 καὶ
3075 4837 3343 4904 σωτήριος
3397 4822 3564 4888 πῖσιν
3612 4835 3950 4907 ἀνθρώποις.
3994 4841 4055 4892 Ἥ

2494 4924 2602 4993 γὰρ
2629 4924 2816 4994 ἐντολὴ
2857 4924 3022 4977 αὑτοῦ
3045 4924 3158 4994 ζωὴ
3187 4924 3404 4989 αἰώνιός
3426 4928 3597 4980 ἐστιν.
3640 4927 3768 4980 Ἐάν
3795 4929 3896 4982 οὖν
3927 4947 4055 4998 συγ-

2495 5011 2801 5081 χωροῦμεν,
2857 5013 3316 5082 συγχωρούμεθαο
3365 5014 3461 5067 ἐὰν
3493 5016 3552 5069 δὲ
3589 5015 3685 5086 μὴ,
3729 5018 4056 5089 δπισφρατέ-

2496 5101 2661 5168 ζομεν
2692 5100 2789 5161 τὰς
2820 5100 3030 5153 ἑαυτῶν
3059 5102 3356 5170 ἁμαρτίας.
3383 5102 3480 5166 Τις
3499 5099 3592 5157 οὖν
3616 5106 3805 5172 σοφὸς,
3835 5110 3866 5159 ὀ
3889 5107 4056 5161 θέλων

2492 5195 2673 5259 τυχεῖν
2702 5192 2799 5259 τῆς
2837 5192 3084 5258 ἀφέσεως
3120 5193 3230 5244 τῶν
3267 5192 3652 5265 ἀναριθμήτων
3678 5195 3850 5248 αὐτοῦ
3876 5198 4056 5268 πλημο

2498 5280 2848 5350 μελημάτων,
2880 5281 2955 5351 μὴ
2988 5282 3126 5350 μετὰ
3153 5283 3326 5351 χαρᾶς
3354 5283 3558 5352 ἀφήσει
3594 5283 3673 5353 τῷ
3696 5285 3933 5355 πλησίον
3966 5289 4056 5340 αύ-

2494 5372 2589 5425 τοῦ
2618 5371 2685 5423 τά
2717 5370 2972 5439 ἐλάχιστα
2994 5370 3377 5440 ὲλαττὼματας
3407 5373 3483 5425 Οὐ
3520 5372 3677 5441 μόνον
3707 5373 3766 5427 δὲ
3793 5375 3825 5426 ό
3857 5374 4055 5444 Κύριος

2496 5460 2654 5514 τοῦτο
2684 5460 2986 5512 ἐντέλλεται
3020 5462 3152 5529 ἡμῖν
3195 5464 3393 5523 ποιεῖν,
3438 5462 3577 5514 ἀλλὰ
3609 5465 3703 5515 καὶ
3743 5464 3894 5535 εργῳ
3931 5467 4057 5533 ἡμῖν

3818 5597 3864 5628 ’⁸
3898 5598 4050 5655 δωη.
