4178 6436
174 414 302 478 1641

949 412 1273 471 HOMILIA
1317 411 1559 472 LXXII.
1596 433 1665 443 --
1698 409 2077 468 ORANDUM
2117 409 2264 468 PRO
2304 408 2645 470 lNVICEM.

3292 412 3426 477 1612

170 527 454 592 ὑπέδειξεν
484 525 599 589 πῶς
625 526 709 578 δεῖ
730 524 900 593 αὐτὴν
923 522 1185 577 ἐκτελεῖν.
1227 524 1315 575 Ἐν
1348 524 1457 593 γὰρ
1478 522 1556 591 τῷ
1578 539 1744 574 σταυ-

1861 523 2104 576 ictorum
2155 522 2365 591 perfrui
2421 523 2813 586 absolutione,
2860 540 2970 580 non
3028 543 3151 582 cum
3217 531 3423 600 ingenti

169 619 246 690 ρῷ
279 618 354 671 ὢν
383 617 689 687 παρεκάλει
724 616 865 686 ὑπὲρ
885 614 996 667 τῶν
1028 616 1107 676 εἰς
1140 613 1302 667 αὐτὸν
1329 613 1745 684 ἁνομησάντων,

165 713 261 764 τὸν
282 707 480 763 ἑαυτοῦ
508 709 749 778 Πατέρα,
778 706 973 774 λέγων·
1005 724 1022 757 ι
1061 704 1264 775 Πάτερ,
1286 705 1421 773 ἄφες
1443 706 1627 769 αὐτοῖς
1652 704 1749 774 τὴν

167 799 450 871 ἁμαρτίαν
480 799 705 868 ταύτην·
732 799 794 850 οὐ
823 798 934 868 γὰρ
953 798 1159 851 οἴδασιν
1187 797 1239 850 τί
1264 798 1532 853 ποιοῦσιν.
1565 816 1583 849 ι
1620 798 1747 851 Ἰδοὺ

166 894 193 943 ὁ
225 891 644 958 εῦσπλαγχνος,
698 890 793 943 καὶ
851 887 1202 957 ὑπεράγαθος
1251 887 1751 959 ὑπεραπολογεῖται

169 983 314 1052 ὑπὲρ
339 981 544 1042 αὐτῶν,
573 981 751 1047 λέγων
775 996 789 1012 ·
836 1001 855 1031 ι
891 981 964 1033 Οὐ
997 980 1107 1050 γὰρ
1135 981 1353 1049 οἴδασιν,
1372 982 1424 1034 τί
1450 982 1745 1036 ποιοῦσιν.»

171 1075 281 1127 Καὶ
307 1074 415 1143 πρὸ
427 1072 616 1127 τούτου
643 1073 701 1127 δὲ
721 1074 830 1126 τῶν
862 1072 1118 1143 μαθητῶν
1137 1074 1589 1142 ἀγανακτούντων
1611 1079 1753 1131 κατά

168 1182 337 1218 τινων
372 1163 732 1233 Σαμαρειτῶν
774 1162 849 1231 μὴ
891 1163 1205 1233 δεξαμένων
1248 1164 1467 1228 αὐτοὺς,
1521 1167 1615 1219 καὶ
1663 1167 1752 1219 ai-

168 1255 412 1310 τούντων
467 1255 715 1326 θεηλάτῳ
760 1256 896 1325 πυρῖ⁹
948 1254 1292 1323 ἀναλωθῆναι
1322 1256 1539 1319 αὐτοὺς,
1573 1258 1752 1310 ἐπετίο

171 1363 351 1417 μησεν
381 1346 587 1410 αὐτοῖς,
622 1346 816 1412 λέγων,
848 1365 867 1399 ι
906 1347 1021 1399 Οὐκ
1043 1345 1223 1400 οἴδατε
1255 1346 1410 1399 ποίου
1442 1347 1754 1417 πνεύματός

168 1441 317 1490 ἐστε.
353 1457 373 1488 ι
411 1437 727 1502 Τουτέστιν,
770 1436 865 1490 τοῦ
901 1439 1103 1507 πράου,
1137 1438 1233 1492 καὶ
1260 1438 1491 1506 ἀγαθοῦ.
1525 1440 1599 1492 Τὸ
1625 1439 1755 1491 αὐτὸ

166 1531 225 1583 δὲ
258 1530 358 1582 καὶ
389 1530 477 1582 διὰ
506 1529 613 1582 τῶν
660 1530 961 1599 προφητῶν
989 1530 1296 1585 ἐκδιδάσκει
1333 1533 1503 1601 ἡμᾶς.
1532 1532 1699 1600 Φησὶν
1728 1533 1755 1584 ὁ

168 1621 487 1690 Ζαχαρίας,
524 1640 542 1672 ι
590 1623 778 1692 Κρῖμα
820 1622 1028 1676 δίκαιον
1061 1624 1306 1692 κρίνατε,
1342 1623 1439 1675 καὶ
1476 1622 1625 1685 ἔλεος
1662 1624 1755 1676 καὶ

168 1713 462 1782 οἰκτιρμὸν
493 1716 702 1766 ποιεῖτε
730 1713 964 1776 ἕκαστος
997 1715 1134 1784 πρὸς
1162 1714 1254 1767 τὸν
1280 1714 1509 1781 ἀδελφὸν
1531 1715 1748 1769 αὐτοῦ.»

171 1805 287 1855 Καὶ
328 1807 358 1857 ὁ
404 1804 612 1866 Παῦλος
670 1822 859 1874 φησιν,
897 1823 915 1855 ι
957 1804 1181 1858 Γίνεσθε
1216 1800 1311 1857 οὖν
1361 1808 1441 1867 είς
1489 1805 1753 1874 ἀλλήλους

169 1894 427 1962 χρηστοὶ,
463 1893 853 1964 εὔσπλαγχνοι,
892 1894 1131 1964 μιμηταὶ
1162 1895 1253 1947 τοῦ
1288 1895 1446 1959 Θεοῦ,
1481 1896 1556 1958 ὼς
1584 1896 1750 1948 τέκνα
1789 1874 1826 1926 Β

169 1986 461 2055 ἀγαπητὰ,
483 1984 833 2057 χαριζόμενοι
866 1987 1102 2049 ἑαυτοῖς.
1134 1986 1315 2050 καθὼς
1346 1988 1439 2040 καὶ
1474 1990 1503 2040 ὁ
1537 1988 1669 2050 Θεὸς
1694 1989 1752 2041 ἐν

169 2075 398 2145 Χριστῷ
427 2077 722 2146 ἐχαρίσατο
751 2077 900 2145 ὑμῖν.
948 2096 966 2131 ι
1018 2077 1076 2129 ’0
1110 2077 1165 2130 δὲ
1189 2080 1478 2149 προφήτης
1516 2080 1749 2145 Ἀσδιοὺ,

173 2184 194 2218 ι
212 2167 311 2218 Ὃν
327 2166 529 2236 τρόπον
554 2165 881 2236 πεποίηκας,
913 2166 1064 2219 ἔσται
1092 2184 1172 2220 σοι
1195 2168 1389 2233 οὕτως·
1420 2170 1513 2221 καὶ
1538 2170 1598 2222 τὸ
1630 2172 1754 2223 ἀντ-

173 2252 435 2322 απόδομά
452 2259 547 2305 σου
581 2254 1094 2323 ἀνταποδοθήσεταί
1123 2272 1205 2309 σοι
1235 2258 1315 2318 εἰς
1333 2259 1576 2327 κεφαλήν
1598 2276 1711 2314 σου.
1728 2278 1747 2311 ι

182 2342 511 2412 Ὀφείλομεν
537 2340 631 2397 οὖν
655 2345 1004 2414 συμπάσχειν
1025 2347 1119 2399 καὶ
1140 2349 1450 2417 συγχωρεῖν
1478 2348 1750 2417 ἀλλήλοις,

170 2433 257 2486 ὅτι
286 2433 345 2486 ἓν
377 2433 538 2503 σῶμά
575 2437 744 2504 ἐσμεν
792 2438 888 2488 καὶ
933 2436 1178 2506 ἀλλήλων
1209 2438 1368 2507 μέλη,
1408 2440 1503 2493 καὶ
1536 2440 1596 2491 τὸ
1624 2441 1756 2493 αὐτὸ

170 2520 467 2590 ὀφείλομεν
515 2523 657 2592 ὑπὲρ
709 2524 955 2595 ἀλλήλων
990 2528 1209 2595 φρονεῖν
1239 2542 1251 2555 ’
1288 2526 1613 2598 φοϐούμενοι
1656 2530 1755 2584 κοιλ⁵

171 2611 272 2682 τὴν
299 2613 467 2666 αὑτοῦ
500 2614 598 2667 τοῦ
647 2617 855 2687 Κυρίου
902 2619 1140 2686 φοϐερὰν
1187 2620 1484 2688 ἀπόφασιν,
1520 2621 1616 2675 καὶ
1648 2622 1757 2674 ἀπὸ

173 2703 409 2773 καρδίας
455 2709 909 2777 συγχωρήσωμεν
949 2709 1225 2778 ἀλλήλοις.
1273 2707 1442 2765 Εἶπεν
1478 2712 1623 2782 γὰρ,
1675 2712 1756 2764 ὃτι

172 2794 366 2858 Οῦτως
399 2797 616 2866 ποιήσει
640 2799 769 2865 ὑμῖν
795 2800 824 2851 ὁ
858 2801 1047 2870 Πατήρ
1079 2818 1178 2869 μου
1205 2802 1233 2853 ὁ
1257 2804 1526 2871 οὐράνιος,
1554 2802 1649 2855 ἐὰν
1682 2803 1755 2872 μή

172 2888 355 2957 ἀφῆτε
396 2889 626 2952 ἕκαστος
672 2889 750 2960 τῷ
788 2891 1001 2961 ἀδελφῷ
1031 2892 1199 2945 αὑτοῦ
1228 2892 1337 2947 ἀπὸ
1369 2895 1481 2947 τῶν
1520 2897 1756 2967 καρδιῶν

173 2978 334 3047 ὑμῶν
364 2978 433 3031 τὰ
461 2979 889 3051 παραπτώματα
920 2982 1117 3036 αὐτῶν.
1156 3002 1174 3035 ι
1215 2983 1381 3037 Δοῦλε
1407 2987 1535 3055 γὰρ,
1568 2986 1754 3055 φησὶν,

178 3070 411 3140 πονηρὲ,
431 3073 611 3124 πᾶσαν
639 3074 739 3141 τὴν
771 3072 992 3144 ὀφειλὴν
1020 3076 1236 3146 ἐκείνην
1270 3077 1457 3146 ἀφῆκά
1488 3094 1601 3142 σοι,
1630 3079 1757 3131 ἐπεὶ

176 3159 569 3226 παρεκάλεσάς
615 3178 706 3231 με,
737 3163 837 3214 οὐκ
870 3163 976 3215 ἔδει
1018 3166 1113 3218 καὶ
1157 3166 1238 3229 σὲ,
1268 3166 1489 3236 ἐλεῆσαι
1518 3167 1606 3219 τὸν
1635 3167 1758 3219 σύν-

174 3250 367 3302 δοῦλόν
401 3266 517 3316 σου,
551 3252 627 3315 ὼς
655 3251 811 3321 κάγώ
836 3270 895 3306 σε
923 3255 1159 3325 ἡλέησα;
1187 3256 1281 3309 καὶ
1310 3258 1587 3327 ὀργισθεὶς
1618 3276 1758 3328 παρ-

176 3339 385 3393 έδωκεν
425 3342 588 3395 αὑτὸν
638 3347 750 3407 τοῖς
800 3346 1175 3413 βασανισταῖς,
1205 3348 1309 3411 ἕως
1344 3344 1407 3403 οὗ
1436 3349 1619 3419 ἀποδῷ
1649 3352 1757 3403 πᾶν

174 3430 238 3482 τὸ
276 3429 655 3502 ὀφειλόμενον.
707 3453 726 3485 ι
783 3436 894 3488 Καὶ
938 3436 1014 3506 τῷ
1053 3438 1242 3508 Πέτρῳ
1288 3438 1345 3491 δὲ
1392 3440 1755 3509 ἐρωτήσαντι,

181 3539 201 3572 ι
244 3522 491 3585 Ποσάκις
515 3524 709 3594 ἀφήσω
735 3525 813 3595 τῷ
840 3527 1055 3597 ἀδελφῷ
1083 3546 1183 3598 μου
1211 3530 1308 3582 ἐὰν
1333 3531 1645 3601 ἁμαρτήσει
1679 3534 1756 3595 εἰς

176 3612 319 3684 ἐμές
353 3614 461 3677 ἕως
523 3616 796 3684 ἐπτὰκις;
843 3637 863 3668 ι
892 3619 1230 3689 ἀπεκρίνατο
1262 3622 1411 3692 αὐτῷ
1458 3624 1486 3675 ὁ
1530 3622 1755 3693 Κύριος,

182 3724 202 3756 ε
251 3706 329 3759 Οὐ
361 3706 506 3774 λέγω
548 3726 631 3761 σοι
674 3710 780 3771 ἓως
828 3711 1079 3774 ἑπτάκις,
1120 3713 1234 3766 ἀλλ’
1275 3713 1379 3777 ἕως
1420 3714 1756 3785 ἑϐδομηκον-

176 3796 342 3859 τάκις
368 3798 530 3852 ὲπτὰ.
572 3817 591 3850 ι
625 3802 723 3853 Διά
762 3800 920 3854 τοῦτο
954 3803 1173 3871 ἐπάγει,
1208 3821 1226 3854 ι
1267 3805 1487 3872 Ἅφετε,
1524 3805 1619 3858 καὶ
1658 3808 1759 3872 ἀφ·

177 3888 441 3959 εθήσεται
469 3891 618 3961 ὑμῖν.
648 3911 668 3943 ι
708 3894 818 3946 Καὶ
862 3896 958 3950 ἐὰν
994 3897 1306 3966 ἁμαρτήσει
1338 3900 1417 3959 εἰς
1456 3898 1515 3950 σὲ
1548 3899 1575 3950 ὀ
1601 3897 1756 3950 ἀδελ-

178 3979 281 4045 φός
341 3996 461 4044 σου,
511 3982 835 4052 ἐπιτίμησον
875 3985 1044 4054 αὐτῷ.
1099 3987 1209 4039 Καὶ
1259 3987 1352 4039 ἐὰν
1406 3987 1756 4057 μετανοήσει,

178 4072 320 4138 ἄφες
344 4071 514 4142 αὐτῷ’
542 4075 637 4127 καὶ
662 4075 761 4127 ἐὰν
799 4076 1034 4139 ἑπτάκις
1074 4078 1171 4147 τῆς
1209 4078 1421 4147 ἡμέρας
1443 4079 1758 4148 ἁμαρτήσει

177 4164 262 4224 εἰς
304 4162 387 4227 σὲ,
418 4165 513 4216 καὶ
541 4164 772 4228 ἑπτάκις
804 4167 903 4237 τῆς
931 4168 1144 4238 ἡμέρας
1167 4168 1472 4240 ἐπιστρέψῃ
1504 4169 1640 4239 πρὸς
1676 4170 1757 4232 σὲ,

177 4252 385 4320 λέγων,
416 4256 702 4322 Μετανοῶ,
744 4258 881 4324 ἄφες
928 4259 1097 4329 αὐτῷ.
1138 4260 1355 4329 Λὺτῷή
1392 4259 1521 4324 δόξα
1559 4258 1638 4329 τῷ
1668 4260 1759 4312 εὐ-

179 4345 485 4415 σπλάγχνφ
511 4350 608 4401 καὶ
631 4349 999 4420 φιλανθρώπῳ
1030 4349 1274 4421 Χριστῷ,
1308 4353 1387 4414 εἰς
1410 4350 1537 4413 τοὺς
1560 4350 1761 4413 αἰῶνας

176 4435 293 4488 τῶν
330 4436 567 4493 αἰώνων.
616 4438 811 4509 Ἀμήν.

1850 614 2050 685 gaudio
2084 614 2308 669 festinet
2362 617 2614 684 proximo
2663 616 2978 673 condonare
3028 620 3426 680 minutissimos

1850 720 2097 774 quosque
2128 705 2409 761 defectus?
2431 708 2550 763 Jam
2580 708 2684 762 hoc
2709 725 2739 763 a
2771 711 2933 765 nobis
2955 720 3013 764 ut
3044 714 3156 777 liat,
3184 730 3292 768 non
3328 734 3423 771 ore

1851 798 2028 852 solum
2053 799 2389 868 praescripsit
2420 801 2703 864 Dominus,
2728 804 2822 856 sed
2845 812 2903 856 ct
2935 820 3102 873 opere
3138 805 3256 874 ipso
3287 823 3424 874 prte—

1852 888 2199 952 monstravit,
2228 898 2338 958 quo
2367 899 2526 959 pacto
2548 891 2755 960 expleri
2782 892 3000 947 debeat.
3039 895 3252 950 Patrem
3278 899 3424 952 enim

1850 993 2013 1033 suum
2047 979 2203 1035 cruci
2230 980 2475 1035 conﬁxus
2507 980 2911 1051 interpellabat,
2942 985 3073 1054 ipsis
3102 999 3427 1056 apprecatus

1853 1071 2067 1124 veniam
2111 1071 2205 1140 qui
2230 1086 2289 1126 se
2312 1081 2557 1126 extreme
2590 1080 2645 1127 et
2682 1073 3023 1143 iniquissime
3053 1077 3381 1133 divexabant
3411 1100 3423 1133 :

1859 1181 1877 1211 ι
1917 1160 2097 1226 Pater,
2120 1163 2218 1225 ait,
2243 1162 2460 1218 dimitte
2484 1164 2610 1227 illis,
2635 1178 2743 1218 non
2782 1166 2930 1219 enim
2958 1167 3143 1221 sciunt
3172 1169 3304 1238 quid
3344 1171 3426 1223 fa-

1854 1252 2010 1306 ciunt
2036 1254 2103 1305 ”.
2137 1272 2155 1304 ι
2185 1253 2327 1318 Quin
2350 1266 2406 1310 et
2433 1256 2714 1324 aliquanto
2752 1257 2905 1324 prius
2926 1298 2940 1321 ,
2991 1273 3113 1311 cum
3155 1259 3429 1328 deqnere-

1856 1353 2047 1397 rentur
2080 1342 2337 1413 discipuli
2370 1345 2635 1399 adversus
2672 1347 2940 1413 quosdam
2991 1348 3290 1403 Samarites
3312 1392 3325 1414 ,
3369 1361 3428 1403 ut

1856 1435 1952 1504 qui
1987 1435 2091 1489 hos
2121 1434 2497 1489 detrectarunt
2549 1436 2804 1505 excipere
2856 1437 3115 1507 hospitio,
3174 1452 3429 1511 rogarent

1855 1526 2107 1595 proinde,
2150 1528 2231 1582 sic
2262 1528 2621 1583 inclementes
2670 1530 2793 1598 igne
2832 1531 3051 1585 ccelitus
3096 1534 3262 1587 misso
3296 1550 3426 1588 con—

1856 1619 2021 1683 sumi,
2052 1620 2186 1689 quid
2218 1620 2505 1689 respondit
2531 1621 2829 1677 Dominus?
2862 1623 3057 1692 Utique
3103 1640 3199 1679 eos
3247 1627 3426 1681 incre-

1856 1714 2018 1782 puit:
2058 1732 2076 1764 ι
2111 1712 2379 1777 Nescitis,
2432 1714 2633 1782 inquit,
2673 1716 2831 1785 cujus
2858 1716 3085 1785 spiritus
3131 1717 3265 1771 estis
3299 1719 3375 1781 ¹⁶;
3406 1740 3421 1767 ι

1860 1805 2120 1857 nimirum
2146 1804 2435 1866 mansueti,
2460 1804 2748 1858 elementis
2770 1814 2825 1857 et
2850 1806 3090 1874 benigni.
3118 1806 3230 1859 lloc
3252 1806 3427 1874 ipsum

1859 1909 1960 1947 nos
1995 1892 2330 1962 propheticis
2358 1894 2597 1947 oraculis
2617 1893 2833 1947 edocuit
2860 1894 3154 1959 Dominus;
3187 1895 3429 1948 aitenitu

1861 1984 2150 2038 Zacharias
2203 2000 2216 2036 :
2268 2003 2285 2034 ι
2340 1983 2614 2036 Judiciunt
2646 1985 2852 2054 justum
2897 1984 3174 2054 iudicate,
3212 1985 3431 2039 miseri-

1861 2076 2102 2131 cordiam
2137 2085 2192 2129 et
2223 2075 2631 2130 miserationem
2681 2077 2841 2130 facite
2885 2076 3261 2146 unusquisque
3305 2092 3429 2131 eum

1861 2169 2110 2237 proximo
2152 2183 2252 2221 suo
2294 2168 2359 2220 ³⁷.
2402 2185 2420 2217 ι
2456 2166 2560 2220 Sed
2596 2176 2650 2221 et
2700 2168 2900 2222 Paulus
2939 2185 2950 2219 :
2991 2188 3008 2218 ι
3051 2169 3237 2223 Estote
3269 2169 3433 2237 igitur

1861 2258 2092 2312 invicem
2125 2257 2365 2327 benigni,
2398 2257 2818 2321 misericordes,
2856 2258 3159 2313 imitatores
3200 2259 3316 2322 Dei,
3352 2262 3429 2313 si-

1861 2356 1954 2403 cut
1979 2349 2075 2402 lilii
2105 2347 2435 2411 charissimi,
2469 2348 2741 2401 donantes
2770 2346 3174 2416 vobismetipsis
3207 2348 3349 2402 sicut
3376 2363 3432 2404 et

1862 2444 2005 2497 Deus
2052 2440 2276 2495 donavit
2321 2439 2476 2493 vobis
2520 2439 2584 2492 ²⁸.
2627 2457 2645 2489 ι
2693 2437 2899 2491 Abdias
2942 2436 3073 2491 item
3118 2437 3429 2506 propheta:

1870 2552 1888 2584 σ
1932 2530 2402 2598 Quemadmodum
2435 2527 2646 2597 1135
2690 2526 2889 2591 fecisti,
2915 2526 3008 2581 ﬁet
3029 2526 3162 2591 tibi;
3191 2528 3433 2581 retribu-

1864 2622 1940 2675 tio
1982 2629 2075 2675 tua
2115 2620 2453 2674 retribuetur
2485 2619 2539 2672 in
2570 2627 2736 2686 caput
2779 2626 2933 2671 tuum
2980 2618 3045 2671 ".
3096 2636 3114 2668 ι
3162 2618 3437 2673 Debemus

1864 2724 1992 2765 sane
2033 2710 2226 2764 alienis
2260 2709 2602 2763 indolescere
2637 2708 2821 2769 malis,
2855 2722 2957 2761 nee
2991 2706 3266 2777 gravatim
3318 2724 3441 2763 mu-

1865 2808 1986 2855 tuas
2014 2801 2220 2855 donare
2264 2800 2533 2865 offensas;
2584 2813 2773 2853 sumus
2820 2798 2967 2852 enim
3004 2814 3173 2852 unum
3204 2815 3436 2870 corpus,

1862 2902 1918 2947 et
1953 2893 2111 2946 alteri
2158 2893 2393 2945 aliorum
2444 2889 2711 2959 membra.
2770 2888 3044 2944 Debemus
3094 2891 3320 2959 insuper
3352 2892 3438 2945 id-

1862 2985 2041 3054 ipsum
2083 2984 2227 3038 inter
2251 3000 2351 3037 nos
2386 2991 2551 3051 atque
2604 2981 2749 3035 idem
2781 2991 2976 3049 sapere
3010 3000 3023 3034 :
3051 2983 3288 3051 perculsi
3322 2990 3438 3037 ter-

1863 3090 1988 3129 rore
2018 3073 2382 3128 formidabilis
2424 3073 2710 3127 sententiaa
2733 3072 2972 3138 Domini,
3004 3085 3073 3126 ex
3098 3073 3263 3127 corde
3294 3077 3436 3128 invi-

1864 3181 1981 3220 cem
2016 3166 2365 3220 remittamus
2397 3164 2653 3219 offensas.
2690 3166 2837 3218 Dixit
2872 3166 3042 3229 enim,
3081 3167 3207 3234 quia
3254 3167 3333 3221 sic
3361 3166 3440 3221 fa-

1864 3257 1973 3310 ciet
1998 3256 2283 3310 vobiscum
2315 3257 2476 3310 Pater
2503 3270 2659 3309 meus
2688 3256 2950 3317 caelestis.
2978 3255 3023 3310 si
3068 3272 3178 3310 non
3211 3257 3438 3312 dimise-

1864 3350 1987 3403 ritis
2037 3347 2415 3416 unusquisque
2471 3346 2629 3400 fratri
2685 3363 2787 3400 suo
2830 3345 2899 3400 de
2946 3347 3208 3402 cordibus
3241 3351 3440 3404 vestris

1863 3450 2087 3509 peccata
2118 3439 2383 3508 ipsorum.
2425 3456 2444 3490 ι
2477 3437 2664 3502 Serve,
2697 3440 2792 3501 ait,
2826 3453 3086 3507 nequam,
3115 3454 3277 3495 omne
3303 3440 3439 3495 illud

1863 3528 2110 3584 debitum
2144 3528 2327 3583 dimisi
2355 3527 2474 3591 tibi,
2507 3527 2631 3596 quia
2672 3528 2873 3597 rogasti
2904 3542 3026 3591 me;
3059 3543 3243 3582 nonne
3279 3543 3442 3598 opor-

1866 3622 2018 3676 tebat
2047 3629 2104 3674 et
2150 3628 2203 3675 te
2232 3618 2480 3672 misereri
2512 3633 2782 3672 conservo
2810 3626 2924 3680 tuo,
2962 3617 3182 3672 sicutet
3218 3634 3320 3688 ego
3361 3620 3441 3674 tui

1863 3717 2123 3770 misertus
2163 3730 2285 3769 sum
2320 3731 2335 3768 :
2371 3723 2427 3768 et
2477 3713 2650 3767 iratus
2680 3713 2909 3767 tradidit
2958 3728 3085 3767 cum
3119 3714 3438 3779 tortoribus,

1862 3821 2149 3877 quousque
2178 3805 2433 3859 redderet
2461 3818 2623 3857 omne
2664 3803 2910 3857 debitum
2941 3803 3006 3855 ³⁸.
3046 3823 3064 3854 ι
3095 3803 3237 3869 Quin
3278 3803 3442 3858 Petro

1862 3894 2073 3965 roganti
2105 3912 2116 3945 :
2160 3912 2178 3944 ι
2214 3892 2445 3958 Quoties
2489 3890 2764 3944 dimittam
2797 3890 2954 3943 fratri
2989 3904 3142 3951 meo,
3171 3889 3216 3943 si
3246 3902 3443 3958 pecca-

1862 3987 2003 4040 verit
2023 3988 2080 4040 in
2110 3985 2233 4039 me?
2271 3999 2443 4053 usque
2472 3982 2712 4053 septies?
2742 4001 2759 4034 ι
2781 3982 3089 4051 Respondit
3123 3979 3389 4034 Dominus
3426 3998 3439 4032 :

1872 4093 1889 4124 ι
1952 4075 2072 4129 Νοη
2106 4075 2229 4128 dico
2259 4088 2434 4142 usque
2482 4072 2706 4141 septies,
2758 4071 2854 4125 sed
2915 4085 3090 4139 usque
3132 4069 3444 4139 septuagies

1864 4165 2067 4235 septies
2103 4182 2117 4217 :
2157 4184 2175 4216 ι
2218 4178 2394 4233 eoque
2420 4162 2656 4232 subjecit
2698 4180 2710 4213 ε
2754 4180 2773 4212 ‹
2814 4160 3080 4215 Dimittite
3114 4167 3172 4212 et
3205 4158 3445 4211 dimitte-

1866 4264 1956 4310 tur
1981 4256 2140 4311 vobis
2172 4256 2237 4309 ³⁸.
2271 4275 2289 4306 ι
2321 4252 2479 4319 Quod
2510 4253 2556 4307 si
2589 4252 2894 4322 peccaverit
2919 4253 2974 4306 in
3017 4258 3067 4304 te
3099 4250 3267 4305 frater
3296 4257 3442 4309 tuus,

1866 4348 2083 4416 corripe
2134 4361 2296 4410 eum;
2349 4345 2395 4399 si
2440 4344 2741 4413 resipucrit
2774 4358 2871 4413 per
2903 4341 3308 4413 paenitentiam,
3358 4340 3447 4393 di-

1868 4442 2024 4493 mitte
2053 4438 2126 4502 ei,
2163 4438 2208 4492 si
2238 4438 2442 4506 septies
2493 4437 2793 4491 etiamnum
2831 4436 2885 4488 in
2929 4434 3020 4488 die
3059 4433 3126 4489 ad
3168 4440 3221 4487 te
3264 4445 3448 4486 rever-

184 4541 281 4582 sus
330 4527 519 4593 fuerit,
579 4529 812 4586 dicens:
848 4531 930 4586 Mc
1002 4532 1271 4600 pcnnitet;
1300 4530 1512 4586 dimitte
1561 4531 1636 4585 ei.
1668 4530 1839 4585 Deum
1880 4539 2129 4585 nostrum
2180 4527 2414 4582 addecet
2480 4527 2649 4597 gloria
2714 4527 2769 4579 in
2830 4525 3030 4579 smeula
3093 4524 3438 4605 saeculorum.

179 4619 381 4674 Amen.

780 4734 997 4786 ΛΟΓΟΣ
1051 4734 1169 4788 OB'.

257 4847 399 4915 Περὶ
453 4845 560 4901 τοῦ
601 4848 883 4969 εὔχεσθαέ
913 4847 1065 4970 τέπξρ
1109 4848 1419 4917 ἀλλήλων,
1448 4849 1545 4903 καί
1577 4848 1692 4903 τῶν

888 4937 918 4970 γ
959 4935 1100 4970 οων.

884 4935 1100 4986 χυρων.

257 5027 464 5090 Καλὸν,
495 5028 790 5097 ἀγαπητοὶ,
809 5031 870 5082 τὸ
893 5029 981 5083 διὰ
1015 5030 1205 5084 πασῶν
1232 5032 1438 5085 ὁδεύειν
1480 5032 1590 5086 τῶν
1620 5034 1765 5086 ἐντο-

180 5118 293 5170 λῶν
324 5116 422 5170 τοῦ
452 5118 709 5188 Χριστοῦ·
761 5119 948 5189 ἐπειδὴ
984 5122 1145 5192 ἑτέρα
1190 5122 1290 5191 τῆς
1340 5124 1534 5193 ἐτέρας
1585 5125 1764 5195 ἔχεται

179 5210 257 5273 ὡς
289 5209 388 5262 ἐπὶ
417 5208 636 5271 ἁλύσιος
665 5209 894 5278 χρυσῆς.
933 5228 950 5260 ι
998 5211 1191 5263 ιΙισταὶ
1226 5212 1335 5283 γὰρ
1390 5215 1560 5266 πᾶσαι
1601 5217 1658 5267 αἰ
1683 5218 1767 5268 ἐν·

181 5300 344 5354 τολαὶ
372 5298 563 5362 αὐτοῦ,
596 5301 991 5369 ὲστηριγμέναι
1040 5303 1122 5366 εἰς
1163 5303 1254 5357 τὸν
1288 5305 1461 5359 αἰῶνα
1496 5305 1589 5359 τοῦ
1636 5308 1768 5359 αἰῶ-

2387 4728 2671 4784 HOMILIA
2701 4727 2912 4782 LXXII.

1866 4843 2016 4910 Quod
2050 4861 2145 4915 pro
2168 4845 2386 4899 invicem
2409 4843 2670 4896 orandum
2698 4843 2788 4905 sit,
2818 4848 2865 4893 et
2894 4840 3181 4910 quamlibet
3200 4841 3444 4895 inimicis.

1937 5035 2205 5091 Praeclare
2240 5033 2531 5089 nobiscum
2574 5040 2788 5103 agetur,
2812 5031 3032 5109 fratres,
3060 5031 3105 5086 si
3140 5047 3237 5101 per
3264 5032 3441 5086 omnia

1865 5125 2240 5197 ingrediemur
2274 5125 2340 5178 ad
2372 5124 2749 5195 praescriptam
2794 5122 2956 5177 nobis
2992 5138 3022 5177 a
3064 5122 3286 5178 Christo
3332 5121 3447 5178 for-

1869 5218 2071 5271 mulam
2120 5221 2500 5271 mandatorum
2537 5232 2549 5266 :
2590 5215 3037 5285 quandoquidem
3083 5216 3162 5270 sic
3216 5214 3447 5269 alterum

1871 5312 2025 5365 alteri
2054 5310 2377 5365 eobmrescit
2421 5318 2476 5363 et
2514 5309 2833 5373 innectitur,
2866 5307 3023 5377 quasi
3053 5307 3240 5360 annuli
3270 5322 3453 5362 aurea:

184 5413 293 5458 νος.
336 5413 355 5445 ι
390 5396 480 5446 Δεῖ
506 5394 599 5447 οὖν
625 5394 718 5447 τὸν
752 5395 1023 5464 ἀληθινῶς
1061 5395 1282 5451 θέλοντα
1320 5400 1655 5469 μαθητεῦσαι
1692 5403 1769 5470 τῷ

1871 5402 2175 5473 cujuspiam
2203 5402 2473 5457 eatenulie
2512 5399 2753 5455 conserti
2786 5400 2929 5453 inter
2983 5414 3041 5453 se
3087 5409 3143 5454 et
3190 5398 3446 5468 implexi:

185 5484 434 5555 Χριστῷ,
480 5483 574 5536 καὶ
617 5485 974 5554 ἐκκαιόμενον
1012 5486 1092 5556 τῷ
1133 5490 1270 5557 πυρὶ
1304 5490 1405 5561 τῆς
1437 5491 1770 5560 ἀγαπήσεως

184 5573 357 5629 αὐτοῦ
411 5575 681 5646 μηδεμίαν
739 5576 1031 5647 παρελθεῖν
1088 5579 1309 5649 ἐντολὴν
1368 5582 1553 5644 αὑτοῦ,
1597 5584 1645 5635 εἰ
1676 5585 1771 5635 καὶ

184 5712 803 5837 _J”_l:ue."x:giql3i.u
832 5714 1041 5840 asine.
1079 5734 1161 5840 Ixé
1188 5721 1275 5775 55.

184 5812 275 5841 ιι-.
302 5806 389 5837 ιιι).
670 5822 681 5835 .
962 5824 975 5839 .
1007 5802 1093 5841 cx.
1167 5829 1179 5841 .

670 5822 681 5835 .
760 5803 803 5815 "
834 5803 975 5840 1⁸581.
1007 5803 1093 5848 CX,
1128 5803 1179 5841 δ.

184 5806 253 5835 ιΙΖ
263 5826 275 5847 ί
302 5806 389 5837 ιιι).

436 5876 706 5937 fumet.
749 5874 867 5937 Gn.
912 5877 1216 5938 LXXXIX

1387 5722 1429 5753 ⁸⁷
1467 5720 1629 5777 Zach.
1671 5738 1762 5787 vn,
1794 5722 1845 5778 9.

1876 5512 1895 5545 ι
1926 5494 2131 5548 Fidelia
2181 5495 2331 5548 enim
2367 5491 2552 5546 omnia
2596 5490 2848 5545 mandata
2891 5491 3012 5560 ejus
3044 5490 3367 5545 confirmata
3397 5489 3451 5544 in

1874 5586 2133 5640 smculum
2176 5584 2360 5639 saeculi
2393 5585 2457 5637 “.
2508 5603 2526 5637 ι
2566 5583 2802 5639 Prorsus
2841 5598 3063 5638 necesse
3096 5580 3167 5636 sit
3198 5595 3325 5634 eum
3358 5580 3452 5649 qui

1964 5721 2008 5754 ’⁸
2040 5723 2239 5794 Eplics.
2269 5738 2338 5787 tv,
2365 5723 2450 5777 52.
2557 5723 2602 5755 ”
2629 5722 2768 5778 Abd.
2814 5723 2897 5778 15.
3011 5722 3054 5754 ³ο
3077 5721 3271 5776 Matth.
3303 5737 3448 5786 xvm,

3060 5884 3131 5942 52
