4178 6436
167 431 305 497 IIIIS

813 423 1139 485 IIOMILIA
1180 418 1451 478 LXXIII.
1488 443 1552 451 --
1588 413 1734 471 NO";
1780 410 2166 483 QU.’ERERE
2203 410 2375 480 QUAE
2413 410 2558 469 SUA
2599 410 2818 472 SUNT.

3286 408 3424 475 1646

158 547 566 617 ἀνεῳγμένους.
608 545 702 598 καὶ¹
728 543 819 597 τὸν
851 542 977 594 Υἱὸν
1006 537 1100 591 τοῦ
1128 535 1422 607 ἀνθρώπου
1453 533 1659 586 ἑστῶτα
1688 532 1749 583 ὲκ

1862 529 1998 581 enim
2045 526 2235 580 audito
2264 542 2373 580 non
2413 526 2573 595 pauci
2604 540 2671 581 cx
2707 527 2869 597 plebe
2900 526 3278 581 crediderunt.
3316 529 3435 585 Ca2-

157 640 354 704 δεξιῶν
394 640 490 691 τοῦ
526 635 683 688 θεοῦ.
727 653 745 686 ι
782 629 1239 701 Συναρπάσαντες
1261 626 1318 678 δὲ
1350 624 1532 687 αὐτὸν,
1561 621 1748 685 ἐξέϐα-

158 733 249 784 λον
284 732 392 797 ἔξω
426 730 524 798 τῆς
574 727 802 789 πόλεως,
834 724 930 777 καὶ
961 718 1304 775 ἐλιθοϐόλουν
1331 716 1516 779 αὐτὴν,
1554 718 1748 767 επικα-

157 824 249 877 λοῦ
259 841 424 893 μενον
449 823 541 875 καὶ
559 820 809 888 λέγοντα,
841 837 856 868 ι
886 815 1084 883 Κύριε,
1114 812 1189 884 μὴ
1218 812 1421 881 στήσῃς
1452 807 1631 868 αὐτοῖς
1652 806 1750 873 τὴν

160 916 443 984 ἁμαρτίαν
500 912 727 981 ταύτην.
796 928 813 960 ι
881 907 1013 959 ’ἰδοὺ
1056 906 1238 957 τοίνυν
1294 900 1567 972 βλέπομεν
1623 896 1748 957 τοὺς

159 1008 354 1075 ἁγίους
404 1007 486 1058 δτι
530 1006 635 1067 ’ἐιυς
686 1002 917 1057 θανάτου
962 996 1339 1069 ὑπερηύχοντο
1393 990 1504 1045 τῶν
1539 988 1750 1059 ὲχθρῶν

158 1101 371 1153 αὐτῶν.
408 1098 518 1152 Καὶ
543 1097 651 1165 γὰρ
692 1092 1025 1148 ἀδικούντων
1058 1088 1365 1159 ἀνθρώπων
1392 1085 1421 1137 ὁ
1453 1077 1752 1150 ὑπερευχό-

162 1209 328 1263 μενος
360 1190 697 1259 καταράσσει
740 1185 839 1256 μὲν
872 1182 1156 1250 δαίμονας,
1185 1176 1347 1239 αὐτὸς
1377 1174 1433 1227 δὲ
1473 1168 1750 1263 βασιλείας

157 1285 415 1352 οὐρανῶν
487 1279 875 1335 ἀποδείκνυται
949 1270 1310 1342 κληρονόμος.
1369 1260 1752 1352 Παρακελεύε-

156 1395 247 1430 ται
292 1377 351 1428 δὲ
398 1376 492 1428 καὶ
545 1375 574 1425 ὀ
612 1368 958 1429 ’Λπόστολος,
987 1365 1127 1433 ὑπὲρ
1179 1361 1395 1413 πάντων
1445 1351 1751 1425 ἀνθρώπων

158 1463 587 1539 προσεύχεσθαι.
644 1461 717 1513 Τὸ
780 1460 838 1511 δὲ
879 1455 1135 1524 εὔχεσθαι
1183 1451 1325 1522 ὑπὲρ
1379 1446 1599 1500 πάντων
1653 1458 1753 1511 ση-

161 1533 488 1630 tamen
519 1554 579 1608 οὐ
608 1553 772 1622 μόνον
796 1547 934 1616 ὑπὲρ
957 1545 1065 1597 τῶν
1092 1543 1282 1612 φίλων,
1318 1538 1455 1593 ἀλλὰ
1487 1535 1590 1630 καὶ.
1612 1533 1754 1630 ὑπερ

158 1623 270 1705 τῶν
302 1648 515 1719 ἐχθρῶν
555 1646 635 1697 δεῖ
677 1637 1101 1712 προσεύχεσθαι.
1139 1634 1265 1687 Ἐὰν
1297 1626 1392 1685 οὖν
1433 1623 1751 1719 βουλώμεθα

162 1717 413 1813 μιμηταὶ
438 1738 548 1790 τῶν
584 1734 755 1801 ἁγίων
778 1733 872 1786 καὶ
898 1728 1138 1799 μαθηταὶ
1163 1724 1381 1793 γνήσιοι
1416 1717 1751 1813 τοῦΑΚυρῖου

158 1805 584 1898 ἀναδειχθῆναι,
628 1819 1017 1893 χρεωστοῦμεν
1068 1816 1162 1869 καὶ
1221 1813 1423 1883 ἡμεῖς,
1475 1808 1538 1862 οὐ
1594 1805 1753 1877 μόνον

1853 617 1955 671 teri
1989 619 2081 686 qui
2108 633 2234 671 cum
2278 634 2348 671 eo
2390 618 2783 681 ascenderant,
2809 633 2840 672 e
2867 619 3093 673 sublimi
3122 619 3438 690 praecipita-

1854 717 1983 762 runt
2027 719 2281 763 sanctum
2318 725 2332 760 ε
2366 710 2614 778 quicum
2664 710 2719 763 in
2765 725 2947 780 genua
2988 710 3303 774 recidisset,
3336 728 3441 767 nec

1851 800 2034 853 statim
2055 800 2377 870 oppetiissct
2397 811 2652 866 mortem,
2676 802 2769 857 sed
2788 810 2976 856 oraret
2998 816 3097 871 pro
3120 802 3272 871 ipsis,
3298 818 3442 857 unus

1854 891 2089 945 filiorum
2129 893 2371 947 Illiecani
2409 893 2639 962 propius
2683 909 2809 947 cum
2846 908 2905 948 se.
2933 894 3011 948 illi
3065 894 3437 961 admovisset,

1852 985 2065 1039 audivit
2095 994 2347 1038 orantem
2374 994 2432 1039 et
2452 984 2592 1039 dixit
2618 1004 2630 1037 :
2666 1003 2684 1035 ι
2714 985 2857 1051 Quid
2885 985 3102 1040 facitis?
3121 1002 3191 1041 en
3217 1003 3440 1057 quoque

1854 1091 1954 1144 pro
1995 1076 2361 1145 vobisjustus
2392 1086 2535 1130 orat.
2574 1096 2592 1128 ι
2636 1077 2794 1131 Tunc
2841 1094 2985 1131 unus
3021 1079 3293 1149 quispiam
3320 1089 3439 1133 arte

1853 1165 2010 1229 fullo,
2038 1180 2164 1220 cum
2190 1167 2545 1229 accurrisset,
2576 1166 2785 1237 lignum
2814 1166 3038 1221 intorsit
3068 1169 3123 1220 in
3144 1168 3441 1222 calvariam

1852 1258 1991 1326 ejus,
2016 1273 2127 1327 quo
2174 1257 2400 1326 quidem
2433 1256 2665 1327 Opifices
2711 1257 2791 1311 illi
2843 1257 3101 1311 sordidas
3130 1266 3314 1311 vestes
3345 1274 3442 1312 ex-

1852 1347 2122 1417 primunt,
2154 1346 2435 1416 vitamque
2464 1347 2545 1401 illi
2578 1348 2804 1403 ademit.
2837 1348 3085 1403 Similem
3116 1348 3173 1402 in
3215 1348 3440 1402 modum

1853 1438 2051 1493 beatus
2081 1437 2399 1509 Stephanus
2428 1438 2485 1493 in
2526 1438 2709 1492 medio
2738 1439 3053 1493 consistens
3097 1439 3441 1508 iniquorum,

1852 1531 2182 1586 exclamavit
2211 1547 2225 1585 :
2258 1549 2275 1581 ι
2306 1531 2447 1586 Ecce
2488 1531 2652 1586 video
2691 1531 2864 1585 cmlos
2913 1540 3134 1599 apertos
3157 1539 3215 1585 et
3242 1530 3443 1585 Filium

1854 1624 1951 1678 Dci
1990 1632 2229 1678 stantem
2269 1639 2299 1678 a
2336 1624 2545 1679 dextris
2573 1624 2752 1694 ipsius
2777 1623 2846 1676 “.
2890 1643 2907 1675 ι
2940 1622 3190 1693 Cumque
3230 1622 3447 1693 rapuis-

1855 1726 1978 1772 sent
2020 1732 2172 1783 eum,
2220 1720 2506 1789 ejecerunt
2567 1728 2725 1774 extra
2769 1719 3093 1783 civitatem,
3138 1727 3195 1774 et
3227 1718 3444 1788 lapida-

1855 1808 1991 1863 bant
2018 1809 2369 1863 invocantem
2404 1818 2461 1863 et
2508 1810 2789 1865 dicentem
2820 1827 2832 1863 :
2875 1829 2893 1862 ι
2930 1810 3183 1873 Domine,
3217 1826 3286 1865 ne
3329 1821 3446 1866 sta-

160 1879 467 1990 aliiiv.
490 1879 681 1985 φίλων,
719 1913 855 1966 ἀλλὰ
889 1879 982 1963 καὶ
1014 1907 1152 1979 ὑπὲρ
1324 1898 1535 1973 ἐχθρῶν
1579 1914 1750 1990 προσ-

1862 1908 1986 1953 tuas
2029 1897 2140 1953 illis
2171 1900 2278 1954 hoc
2307 1909 2615 1970 peccatum.
2650 1921 2668 1952 ι
2700 1902 2843 1957 Ecce
2884 1902 3055 1973 igitur
3091 1902 3193 1972 ipsi
3231 1903 3444 1972 perspi-

159 1989 449 2083 εύχεσθαι,
489 2006 671 2069 καθὼς
708 2005 803 2058 καὶ
831 2001 995 2063 αὐτὸς
1022 1998 1170 2070 ἔργῳ
1198 1998 1329 2067 ἡμῖν
1350 1993 1510 2048 τοῦτο
1541 1989 1754 2083 ὑπέδει-

159 2078 272 2168 ξεξ,
312 2101 371 2152 ἐν
408 2100 505 2168 μὲν
534 2096 611 2165 τῷ
647 2089 869 2162 σταυρῷ
918 2088 1058 2158 ὑπὲρ
1096 2086 1205 2140 τῶν
1237 2082 1617 2155 σταυρούντων
1660 2078 1755 2132 αὺ-

158 2196 275 2257 τδν,
331 2188 673 2259 παρακαλῶν
721 2186 814 2239 τὸν
860 2180 1059 2237 ἑαυτοῦ
1094 2178 1350 2248 Πατέρα·
1398 2174 1505 2245 πρὸ
1556 2173 1612 2225 δὲ
1662 2168 1755 2224 τοῦ

160 2283 407 2351 σεαυροῦ
436 2282 494 2333 ἐν
535 2278 611 2348 τῷ
646 2274 893 2346 μυστικῷ
940 2272 1147 2341 δείπνῳ
1208 2268 1350 2337 ὑπὲρ
1394 2267 1503 2319 τῶν
1553 2262 1749 2318 ἑαυτοῦ

158 2374 465 2445 φίλων⁸καὶ
493 2368 772 2441 μαθητῶν.
810 2383 829 2417 ι
877 2365 1066 2434 Ὑμεῖς
1099 2360 1209 2432 γὰρ
1235 2359 1378 2426 φίλοι
1416 2374 1518 2427 μου
1546 2354 1693 2445 ἐστε,
1725 2372 1744 2405 ι

159 2443 351 2535 ᾡησέν.
379 2463 509 2523 Καὶ,
547 2478 565 2513 ι
607 2460 720 2512 Οὐκ
748 2457 830 2509 ἔτι
869 2454 1013 2522 λέγω
1043 2453 1187 2521 ὑμᾶς
1212 2450 1451 2508 δούλους.
1491 2466 1510 2499 ι
1568 2443 1750 2508 ἸΙξέου

159 2558 362 2625 λέγων,
397 2572 414 2605 ι
456 2553 637 2621 Πάτερ
669 2550 825 2617 ᾶγιε,
861 2548 1103 2615 τήρησον
1151 2541 1353 2603 αὐτοὺς
1410 2542 1466 2592 ἐν
1515 2536 1594 2605 τῷ
1627 2535 1749 2588 ὀνό-

163 2648 297 2720 ματί
332 2663 454 2707 σου,
481 2642 574 2706 οὒς
594 2639 832 2701 δεδωκάς
865 2655 977 2708 μοι.
1011 2654 1029 2688 ι
1066 2636 1174 2689 Καὶ
1199 2629 1378 2693 αὖθις,
1412 2648 1430 2680 ι
1465 2628 1582 2680 Οὐκ
1613 2627 1751 2692 ἐρω-

158 2717 239 2793 τῶ
271 2739 364 2791 ἵνα
396 2737 535 2807 ἄρῃς
574 2732 772 2794 αὐτοὺς
813 2731 877 2782 ἐκ
918 2726 1013 2781 τοῦ
1040 2726 1267 2793 κόσμου,
1303 2719 1421 2775 ἀλλ’
1458 2718 1544 2773 ἵνα
1572 2717 1749 2787 τηρή-

162 2846 265 2902 σῃς
308 2826 511 2887 αὐτοὺς
543 2822 650 2877 ἀπὸ
679 2821 772 2873 τοῦ
796 2816 1057 2887 πονηροῦ.
1094 2813 1346 2881 Ἀγὶασον
1370 2810 1565 2871 αὐτοὺς
1594 2810 1653 2862 ἐν
1679 2810 1746 2877 τῇ

158 2901 397 2989 ἀληθείᾳ
426 2933 519 2969 σου
546 2930 558 2945 ’
587 2916 615 2967 ὁ
647 2913 804 2980 λόγος
858 2911 887 2963 ὁ
925 2908 1036 2971 σὸς,
1068 2905 1295 2977 ἀλήθειά
1317 2903 1487 2957 ἐστιν.
1534 2921 1553 2953 ι
1586 2901 1746 2970 Αὐτῷ

162 3014 193 3081 ἡ
234 3010 367 3073 δόξα
399 3008 478 3069 εις
521 3006 649 3067 τοὺς
686 3002 905 3062 αἰῶνας.
948 2999 1141 3067 Ἀμήν.

1860 1990 2040 2044 cimus
2069 1990 2318 2059 prosuis
2345 1993 2651 2046 etiamnum
2696 1993 2937 2047 inimicis
2976 2009 3164 2047 orasse
3197 1993 3447 2063 adusque

1864 2091 2100 2137 mortem
2129 2093 2371 2138 sanctos.
2422 2084 2634 2154 1137
2683 2084 2813 2139 Jun;
2865 2086 3093 2154 quidem
3133 2102 3145 2137 :
3184 2100 3309 2139 nam
3349 2086 3445 2155 qui

1864 2189 1963 2242 pro
1980 2189 2038 2229 se
2057 2174 2426 2230 allicicntibus
2447 2177 2652 2245 injuria
2673 2177 2931 2245 quapiam
2953 2176 3187 2231 effundit
3204 2193 3445 2247 precem,

1857 2266 2024 2320 illidit
2052 2266 2276 2336 quidem
2311 2276 2368 2320 et
2404 2266 2664 2322 deturbat
2689 2267 3001 2333 darmones;
3035 2284 3093 2323 se
3126 2278 3312 2323 autem
3341 2270 3448 2325 hoc

1856 2354 1977 2423 ipso
2023 2369 2192 2424 opere
2241 2355 2485 2410 declarat
2512 2357 2788 2413 bacredem
2821 2374 2944 2413 esse
2973 2359 3124 2429 regni
3153 2361 3446 2416 caelorum.

1855 2445 2132 2500 Admonet
2206 2456 2471 2516 praeterea
2520 2449 2840 2519 Apostolus.
2899 2459 2962 2503 ut
3002 2466 3103 2519 pro
3158 2451 3448 2507 hominum

1856 2550 2081 2590 oremus
2102 2550 2324 2607 genere,
2348 2538 2542 2607 utique
2569 2554 2694 2593 eum
2722 2539 2801 2593 ait
2827 2556 2839 2592 :
2867 2558 2886 2591 ι
2915 2541 3016 2594 Pro
3044 2541 3362 2596 omnibus"
3389 2561 3402 2598 :
3426 2564 3444 2595 ι

1856 2642 1955 2697 per
2011 2628 2116 2682 hoc
2168 2628 2397 2692 indicat,
2444 2645 2545 2683 nos
2598 2646 2709 2684 non
2745 2647 2848 2701 pro
2878 2632 3073 2687 amicis
3117 2634 3319 2698 solum,
3352 2638 3450 2691 sed

1855 2729 1912 2775 et
1958 2736 2058 2790 pro
2114 2720 2355 2775 inimicis
2386 2731 2648 2791 Oportere
2683 2738 2863 2779 orare.
2901 2724 3092 2794 Itaque
3140 2726 3184 2779 si
3230 2727 3448 2783 Domini

1857 2812 2167 2867 imitatores
2224 2812 2401 2867 videri
2458 2814 2727 2878 vellus,
2790 2830 3020 2871 necesse
3068 2817 3142 2875 sit
3182 2835 3292 2873 non
3351 2836 3453 2889 pro

1854 2904 2048 2957 amicis
2083 2904 2262 2958 solum
2304 2916 2363 2957 ut
2395 2920 2642 2969 oremus,
2670 2905 2765 2959 scd
2794 2916 2850 2961 et
2891 2922 2991 2977 pro
3026 2909 3292 2974 inimicis,
3318 2927 3449 2982 pro-

1852 2994 2032 3049 vocati
2078 2994 2299 3050 Domini
2352 2995 2632 3064 exemplo.
2678 2995 2797 3064 Ipse
2844 2998 2990 3051 enim
3041 3015 3211 3070 opere
3261 3000 3451 3055 docuit

164 3114 354 3166 facere
383 3102 490 3155 hoc
520 3113 620 3153 nos
653 3106 930 3165 oportere.
983 3087 1270 3158 Siquidem
1321 3102 1352 3139 a
1402 3100 1568 3140 cruce
1619 3083 1752 3137 dum
1792 3084 2083 3153 penderet,
2151 3086 2370 3139 Patrem
2441 3087 2813 3156 interpellavit
2854 3104 2953 3157 pro
2991 3105 3049 3145 se
3079 3093 3455 3163 crucifigenti-

159 3197 307 3259 bus;
336 3207 439 3263 pro
474 3188 667 3245 amicis
709 3186 841 3238 item
890 3188 1185 3249 antequam
1230 3177 1285 3229 in
1314 3188 1537 3228 crucem
1566 3172 1970 3242 subrigeretur,
2004 3188 2218 3243 proque
2252 3174 2539 3245 discipulis
2612 3177 2666 3229 in
2738 3179 2971 3248 mystico
3037 3180 3134 3235 illo
3197 3183 3456 3238 convivio

166 3304 359 3344 orasse
388 3284 613 3356 legitur.
646 3299 664 3331 ι
692 3279 801 3332 Vos
829 3274 979 3330 enim
1015 3270 1179 3327 amici
1211 3268 1347 3323 mibi
1377 3267 1514 3322 estis
1540 3266 1586 3297 "
1614 3286 1631 3316 ›
1657 3267 1752 3319 ait.
1796 3267 1865 3321 Et
1896 3284 1911 3320 :
1952 3285 1971 3318 ι
2007 3267 2124 3321 .Iam
2168 3284 2277 3322 non
2328 3269 2454 3323 dico
2495 3285 2594 3323 vos
2664 3285 2857 3326 servos
2892 3272 2956 3327 “.
3001 3293 3019 3325 ι
3062 3273 3267 3329 Orabat
3338 3286 3454 3334 tum

166 3383 368 3435 dicens
402 3395 415 3430 :
448 3394 466 3426 ι
502 3377 665 3429 Pater
714 3376 924 3431 sancte,
994 3379 1152 3420 serva
1191 3377 1289 3418 eos
1335 3362 1392 3415 in
1433 3360 1654 3414 nomine
1691 3368 1785 3414 tuo
1826 3375 1969 3429 quos
1989 3361 2191 3417 dedisti
2223 3362 2358 3423 mihi
2389 3362 2488 3416 ⁵⁸.»
2524 3363 2775 3419 Rursus:
2816 3384 2834 3416 ι
2876 3366 2996 3420 Non
3026 3384 3158 3438 rogo
3191 3381 3252 3424 ut
3296 3372 3456 3426 tollas

179 3489 281 3530 eos
310 3472 381 3525 de
416 3466 646 3529 mundo,
678 3462 773 3517 sed
808 3469 867 3514 ut
895 3472 1083 3514 serves
1109 3471 1206 3511 eos
1232 3470 1263 3508 a
1302 3453 1468 3517 malo,
1501 3449 1781 3506 sanctiﬁca
1816 3466 1913 3505 eos
1975 3453 2029 3507 in
2064 3454 2300 3509 veritate
2332 3464 2447 3518 tua,
2473 3469 2657 3509 sermo
2687 3465 2816 3511 tuus
2836 3460 3042 3514 veritas
3070 3470 3155 3516 est
3188 3462 3252 3515 ⁸⁸.
3285 3482 3302 3515 ι
3345 3462 3455 3533 Ipsi

169 3564 348 3635 gloria
382 3562 436 3616 in
469 3558 688 3614 saecula.
722 3558 915 3608 Amen.

778 3670 995 3724 ΛΟΓΟΣ
1028 3668 1146 3721 01".

463 3787 598 3855 Περὶ
628 3784 740 3838 τοῦ
774 3783 860 3852 μὴ
895 3780 1090 3849 ζητεῖν
1124 3779 1193 3833 τὰ
1235 3776 1475 3831 ἑαυτοῦ.

244 3903 467 3969 Ὠσπερ
493 3894 878 3968 χρειοστοῦμεν
911 3893 975 3945 ὲκ
1005 3890 1104 3960 τῆς
1155 3888 1377 3960 ἐντολῆς
1403 3887 1499 3940 τοῦ
1529 3887 1666 3940 Θεοῦ
1700 3888 1763 3940 τὸ

174 3993 513 4063 συγχωρεῖν,
544 3988 639 4042 καὶ
669 3986 930 4056 εὔχεσθαι
960 3982 1104 4052 ὑπὲρ
1127 3981 1400 4051 ἀλλήλων,
1421 3980 1595 4043 οὕτως
1617 3980 1764 4048 ὀφεί-

170 4089 367 4155 λομεν,
395 4083 491 4135 καὶ
512 4081 575 4133 τὸ
606 4079 681 4150 μὴ
712 4078 893 4148 ζητεῖν
918 4075 988 4130 τὰ
1012 4074 1242 4137 ἑαυτῶν,
1275 4073 1413 4127 ἀλλά
1442 4073 1538 4125 καὶ
1566 4070 1634 4124 τὰ
1655 4071 1763 4124 τῶν

172 4174 489 4245 ὀμοσώμων
519 4169 787 4238 ἀδελφῶν
820 4168 909 4222 ἵνα
941 4167 1016 4237 μὴ
1045 4166 1378 4238 παρέχωμεν
1406 4164 1621 4222 ἑαυτοῖς
1644 4161 1761 4231 βλάι

175 4269 283 4339 6ης
307 4264 584 4335 ἀφορμήν.
616 4262 781 4329 Λέγει
817 4261 925 4331 γὰρ
950 4260 979 4312 ὁ
1006 4259 1139 4322 Θεὸς
1159 4257 1238 4327 τῷ
1267 4258 1497 4327 Μωῦσῇ,
1533 4274 1551 4306 ι
1589 4254 1764 4308 Λῦσον

175 4360 239 4411 τὸ
268 4356 529 4425 ὑπόδημα
555 4352 664 4406 τῶν
691 4349 870 4404 ποδῶν
902 4364 1019 4402 σουο
1062 4367 1079 4398 ι
1108 4346 1413 4410 τουτέστιν,
1446 4344 1623 4398 Λῦσόν
1664 4361 1759 4397 σου

174 4452 242 4503 τὸ
272 4448 555 4514 δικαίωμα
575 4488 590 4510 ,
621 4445 682 4497 τὸ
724 4442 989 4513 σαρκικὺν
1020 4441 1276 4511 φρόνημα
1309 4438 1403 4493 τοῦ
1446 4439 1581 4492 ἰδίου
1611 4437 1766 4509 θελή-

182 4558 377 4609 ματος·
422 4558 441 4589 ι
500 4539 558 4591 '0
586 4537 692 4608 γὰρ
748 4536 913 4597 τόπος
959 4537 1016 4586 ἐν
1047 4525 1091 4601 ᾧ
1121 4535 1187 4586 σὺ
1230 4532 1490 4600 ἕστηκας,
1537 4533 1606 4599 γῆ
1637 4530 1767 4597 ἁγία

179 4630 355 4684 ἐστίν’
394 4647 412 4680 ›
444 4628 510 4699 ἢν
550 4624 983 4696 κληρονομοῦσιν
1037 4625 1252 4693 πραεῖς.
1312 4621 1421 4672 Καὶ
1471 4621 1635 4689 ἡμεῖς
1676 4614 1768 4671 οῦν

181 4724 448 4794 κόψωμεν
495 4719 563 4773 τὰ
613 4718 900 4789 θελήματα
940 4715 1099 4786 ἡμῶν
1135 4714 1203 4767 τὰ
1253 4712 1512 4784 σαρκικὰ,
1565 4712 1660 4764 καὶ
1692 4711 1770 4781 τῷ

180 4816 279 4870 τοῦ
315 4813 453 4868 Θεοῦ
488 4811 875 4881 κατάσχωμεν,
920 4810 1006 4860 ἵνα
1058 4806 1132 4878 μὴ
1167 4806 1524 4876 ὲγκληθῶμεν
1556 4805 1648 4856 ὑπ’
1675 4805 1770 4856 αὖ·

180 4905 279 4963 τοῦ
312 4907 402 4960 διὰ
446 4905 709 4976 Ἰερεμίου
739 4901 1009 4969 λέγοντος,
1050 4917 1069 4950 ι
1118 4898 1248 4967 Ἐμὲ
1270 4896 1624 4966 ἐγκατέλιπον
1669 4912 1773 4965 πη.

2384 3666 2667 3722 IIO.\III.IA
2700 3669 2938 3724 LXXIII.

2150 3780 2226 3833 De
2267 3797 2371 3835 non
2414 3783 2704 3844 quaerendo
2738 3801 2856 3855 qua:
2884 3801 2985 3839 sua
3020 3795 3166 3840 sunt.

1932 3891 2406 3958 Quemadmodum
2459 3895 2750 3951 Dominico
2799 3896 3063 3952 mandato
3106 3914 3369 3967 urgemur
3399 3910 3457 3957 et

1868 3992 2086 4038 mutuas
2118 3985 2327 4041 donare
2357 3987 2596 4043 offensas
2628 3996 2683 4043 et
2734 4004 2836 4059 pro
2882 3989 3120 4044 invicem
3166 4006 3349 4057 orare,
3379 3993 3455 4048 ita

1868 4092 1972 4132 nec
2000 4077 2269 4133 debemus
2318 4095 2442 4149 qua:
2490 4088 2678 4133 nostra
2713 4080 2960 4149 ipsorum
3012 4088 3164 4145 sunt,
3206 4097 3457 4151 quaarere

1869 4169 2145 4238 cupidius,
2175 4170 2272 4225 sed
2293 4187 2415 4240 qua:
2451 4170 2686 4226 fratrum
2717 4173 2813 4241 qui
2841 4171 3092 4241 ejusdem
3123 4184 3252 4227 sunt
3279 4190 3457 4229 mem-

1870 4260 1968 4315 bra
2004 4262 2281 4330 corporis,
2308 4270 2370 4315 ut
2394 4278 2461 4316 ne
2487 4272 2675 4317 nostro
2703 4262 2836 4316 vitio
2876 4264 3041 4317 ullam
3067 4264 3267 4319 adeant
3294 4281 3457 4321 occa-

1872 4352 2084 4405 sionem
2148 4366 2305 4407 noxa:
2358 4363 2454 4409 aut
2499 4353 2842 4408 detrimenti.
2897 4355 3048 4410 Dixit
3107 4358 3257 4410 enim
3313 4358 3458 4415 Deus

1873 4445 2079 4515 Moysi:
2107 4464 2124 4495 ι
2153 4444 2315 4500 Solve
2349 4446 2783 4500 calceamentum
2815 4446 3017 4517 pedum
3052 4455 3274 4503 tuorum
3307 4450 3353 4481 ⁸⁷
3383 4467 3396 4503 :
3431 4470 3449 4503 ι

1871 4537 1977 4591 hoc
1996 4545 2100 4599 est,
2127 4536 2277 4591 solve
2295 4536 2746 4607 justiﬁcationem
2783 4546 2953 4600 tuam,
2985 4540 3262 4594 carnalem
3296 4541 3456 4596 istam

1870 4627 2222 4697 prudentiam
2249 4642 2314 4681 ac
2348 4627 2549 4682 fastum
2586 4628 2821 4697 propria:
2859 4629 3183 4685 voluntatis.
3225 4648 3242 4681 ι
3278 4630 3460 4688 Locus

1871 4719 2020 4773 enim
2070 4718 2123 4772 in
2171 4735 2283 4788 quo
2332 4728 2389 4773 tu
2440 4727 2574 4781 stas,
2617 4726 2763 4774 terra
2799 4730 2989 4774 sancta
3022 4729 3107 4775 est
3135 4721 3203 4787 ",
3241 4741 3259 4773 ι
3290 4739 3457 4793 quam

1874 4812 2064 4880 utique
2125 4812 2321 4866 sortito
2367 4811 2697 4867 hreredilant
2759 4813 3053 4867 mansueti.
3113 4813 3224 4869 Nos
3276 4814 3460 4886 itaque

1875 4902 2113 4958 carnalis
2152 4902 2312 4957 istius
2353 4903 2649 4957 voluntatis
2682 4912 2885 4958 nostrae
2917 4903 3283 4972 praecidamus
3322 4921 3460 4976 prae-

182 4998 288 5068 τὴν
318 4994 513 5056 ὓδατος
541 4992 761 5055 ζῶντος.
808 5009 824 5039 ι
860 4990 991 5051 Καὶ,
1030 5006 1047 5039 ι
1098 4985 1505 5056 Ἐπορεύθησαν
1527 4990 1639 5049 τοῖς
1669 4989 1757 5043 θε-

1870 4996 2106 5066 putium,
2135 5009 2257 5048 eam
2296 4994 2583 5063 explentes
2612 5009 2735 5063 quae
2767 4994 2866 5049 Dei
2895 5004 2982 5050 est
3020 5013 3032 5048 :
3070 5011 3141 5050 ne
3169 4996 3239 5049 ab
3263 5012 3330 5051 eo
3358 5013 3460 5052 ex-

184 5089 430 5158 λήμασιν
455 5083 636 5136 αὐτῶν
661 5084 772 5144 τοῖς
798 5081 1011 5142 κακοῖς.
1054 5100 1070 5131 ι
1101 5077 1434 5148 Πρόσχωμεν
1463 5074 1555 5132 οὖν
1590 5081 1768 5149 ἀσφα-

184 5181 320 5243 λῶς.
358 5179 571 5248 μήποτε
617 5174 928 5242 ποτίσωμεν
975 5174 1101 5234 τοὺς
1145 5171 1409 5239 ἀδελφοὺς
1446 5172 1604 5241 ήμῶν
1642 5175 1772 5227 ἀνα.

185 5269 400 5341 τροπὴν
437 5266 687 5338 θολεράν,
722 5264 787 5318 δι’
815 5263 1134 5331 οξουδήποτε
1184 5264 1505 5317 σκανδάλου.
1550 5264 1613 5316 Εἰ
1663 5265 1773 5335 γὰρ

186 5364 276 5418 διὰ
312 5362 529 5433 βρῶμα,
567 5358 755 5428 φησιν,
782 5359 809 5410 ὁ
835 5355 1065 5423 ἀδελφός
1103 5370 1196 5407 σου
1222 5353 1495 5415 λυπεῖται,
1532 5354 1565 5424 ἧ
1606 5372 1772 5409 σκαν-

187 5454 492 5517 δαλίζεται,
538 5451 572 5520 ἦ
626 5449 864 5509 ἀσθενεῖ,
915 5446 948 5516 ἢ
1001 5447 1359 5517 προσκόπτει,
1404 5448 1586 5500 οὐκέτι
1633 5450 1773 5502 κατὰ

190 5547 421 5616 ἀγάπην
450 5543 790 5615 περιπατεῖς·
836 5558 854 5592 ι
896 5538 989 5611 Μὴ
1036 5538 1113 5609 τῷ
1145 5537 1392 5609 βρώματί
1433 5556 1527 5591 σου
1568 5541 1775 5593 ἐκεῖνον

194 5638 458 5702 ἀπόλλυε,
512 5635 653 5706 ὑπὲρ
700 5627 760 5686 οῦ
798 5632 1038 5703 Χριστὸς
1082 5631 1380 5686 ἀπέθανεν.
1439 5652 1456 5682 ι
1503 5630 1691 5695 Οὕτως
1721 5631 1776 5685 δὲ

287 5780 331 5810 δ’
367 5778 489 5832 Act.
526 5790 619 5837 vn,
651 5774 737 5829 55.
852 5773 896 5805 δ’
928 5772 949 5826 I
983 5772 1125 5826 Tim.
1158 5790 1218 5835 ιι,
1244 5772 1296 5826 8.

196 5850 243 5883 ⁸⁷
268 5848 445 5907 Exod.
482 5862 558 5910 ιιι,
603 5846 655 5899 ὅ.
734 5845 775 5876 ⁸⁸
803 5844 935 5898 ibid.
1011 5843 1056 5874 "
1086 5844 1195 5899 .Icr.
1223 5860 1279 5908 ιι,
1314 5845 1395 5897 I3.
1474 5844 1517 5873 ⁵ο
1548 5844 1680 5897 ibid.
1723 5844 1773 5898 5.

1392 5774 1436 5804 ⁸³
1454 5772 1611 5827 Joan.
1647 5789 1736 5831 xv.
1768 5773 1853 5827 Μ.

1872 5084 2121 5139 cidamus
2142 5084 2236 5153 qui
2271 5099 2370 5154 per
2391 5082 2687 5138 Jeremiam
2719 5081 2855 5137 dicit
2904 5100 2917 5134 :
2961 5102 2978 5133 ι
3013 5084 3096 5139 Ille
3139 5085 3459 5156 derelique-

1874 5184 2005 5229 runt
2047 5175 2255 5229 fontem
2289 5191 2446 5244 aqua:
2486 5174 2727 5229 viventis
2757 5177 2825 5228 δ’.
2866 5194 2884 5226 ι
2916 5175 3022 5229 Et:
3064 5195 3081 5227 ι
3125 5178 3461 5233 Ambulave—

1876 5276 2008 5321 runt
2045 5277 2169 5336 post
2202 5268 2514 5321 voluntates
2550 5281 2680 5320 suas
2712 5267 2884 5321 malas
2916 5267 2983 5321 ⁵⁸³.
3023 5287 3042 5319 ι
3074 5269 3268 5340 Magna
3304 5270 3464 5325 nobis

1875 5358 2129 5413 cautione
2174 5358 2597 5427 providendum,
2633 5374 2706 5413 ne
2742 5357 2942 5414 fratres
2972 5369 3192 5415 nostros
3231 5362 3466 5416 exsatie-

1880 5466 2004 5504 mns
2038 5450 2240 5519 poculo
2273 5450 2604 5505 turbulenta:
2632 5450 3034 5516 subversionis,
3070 5467 3267 5521 nempe
3301 5467 3463 5507 scan-

1878 5542 2014 5597 dali.
2066 5540 2123 5596 Si
2174 5542 2324 5596 enim
2370 5551 2597 5612 propter
2639 5542 2847 5605 cibum,
2900 5543 2977 5596 ait
3021 5544 3244 5609 Paulus,
3296 5543 3467 5599 frater

1885 5642 2015 5688 tuus
2071 5634 2461 5699 contristatur,
2512 5643 2608 5688 aut
2664 5633 2999 5700 infirmatur,
3057 5643 3153 5691 aut
3210 5636 3477 5700 offendit,—

1949 5773 1996 5805 “
2028 5773 2160 5831 ibid.
2208 5774 2291 5827 15.
2404 5773 2623 5828 “.Ioan.
2666 5789 2795 5838 xvn,
2830 5774 2915 5827 II.
3028 5775 3074 5806 “
3099 5774 3235 5829 ibid.
3277 5776 3463 5834 lii—l7.
