4178 6436
754 484 881 544 liii?

2020 483 2379 543 ANI‘lULlll
2430 482 2770 541 MUNACIII

3903 481 4031 542 1648

752 611 861 646 non
911 595 1022 663 jam
1075 594 1379 647 secundum
1432 593 1761 646 (leuitatem
1812 593 2107 646 ambulas:
2149 613 2165 644 ι
2223 594 2319 646 Νυι

2447 593 2541 646 καὶ
2572 594 2981 664 ἁμαρτάνοντες
3006 596 3085 657 είς
3122 595 3249 656 τοὺς
3290 595 3576 661 ἀδελιρους,
3611 610 3703 645 και
3735 594 4033 646 τύπτοντες

750 685 875 739 cibo
908 692 1002 738 tuo
1032 683 1186 738 illum
1219 684 1470 753 perdere,
1507 698 1609 752 pro
1645 698 1757 753 quo
1794 683 2047 739 Christus
2075 693 2329 738 mortuus

747 784 830 829 est
860 777 932 840 5‘;
988 794 1006 826 ι
1041 776 1120 830 sic
1165 785 1347 829 autem
1381 785 1672 844 peccantes
1716 777 1771 831 iu
1815 776 2212 832 conscientiam
2249 777 2329 829 in-

748 870 983 932 tirmam,
1034 868 1091 921 in
1132 866 1409 921 Christum
1461 882 1778 936 peccamus.
1834 869 2071 937 Ideoque
2117 867 2161 921 si
2202 882 2328 922 esca

746 956 1082 1011 scandalizat
1109 956 1339 1012 fratrem
1364 973 1573 1023 meum,
1614 959 1830 1029 1138
1862 960 2112 1016 dicamus
2143 969 2201 1015 et
2230 976 2332 1015 nos

745 1048 841 1117 qui
894 1049 1139 1119 religiosi
1179 1066 1371 1106 sumus
1422 1070 1434 1104 :
1477 1052 1597 1107 Non
1631 1052 1975 1107 manducabo
2030 1067 2227 1107 carnes
2273 1053 2329 1107 in

744 1150 1033 1203 .eternum,
1066 1149 1224 1195 utne
1260 1142 1487 1197 fratrem
1542 1158 1726 1198 meum
1780 1144 2170 1197 scandalizem.
2207 1142 2331 1198 llaec

746 1229 883 1282 nihil
914 1230 1148 1285 obscure
1183 1231 1437 1297 faciebat,
1468 1231 1665 1285 fratres
1692 1233 1821 1295 mei,
1852 1232 2048 1287 beatus
2078 1233 2168 1287 ille
2196 1234 2331 1287 fide-

746 1321 813 1374 lis
834 1336 1087 1390 prorsus,
1114 1322 1209 1376 Dei
1241 1333 1297 1376 et
1322 1322 1526 1376 Christi
1548 1323 1669 1392 ejus
1692 1324 2125 1387 amantissimus,
2160 1324 2331 1379 idem-

743 1428 850 1479 que
910 1415 1106 1469 salutis
1148 1415 1528 1483 proximorum
1581 1416 2054 1485 cupientissimus.
2109 1417 2208 1471 llic
2261 1432 2331 1470 ne

742 1505 870 1572 quis
904 1505 1159 1575 improbo
1209 1522 1311 1560 suo
1356 1507 1609 1575 exemplo
1661 1507 2150 1573 scandalizarctur,
2195 1509 2332 1562 irre-

743 1597 1177 1667 prehensibilem
1227 1613 1284 1651 se
1335 1613 1420 1667 per
1485 1598 1670 1652 omnia
1714 1599 2051 1660 exhibebat,
2096 1607 2330 1655 mortem

741 1687 981 1756 denique
1008 1687 1294 1756 oppetivit.
1334 1689 1545 1757 Itaque.
1574 1689 1793 1753 fratres,
1836 1689 1889 1742 in
1922 1689 2183 1744 omnibus
2220 1705 2324 1745 vo-

742 1780 939 1833 luntati
977 1790 1179 1833 nostra:
1234 1780 1548 1851 iujiciamus
1598 1780 1848 1844 frcrmm,
1888 1781 2124 1851 proximi
2166 1798 2329 1837 causa

740 1887 861 1925 eam
912 1870 1277 1940 pnecidcntes
1325 1890 1337 1924 :
1393 1880 1455 1925 ut
1502 1888 1572 1925 ne
1624 1883 1882 1926 auctores
1933 1874 2101 1928 ullius
2155 1874 2331 1929 simus

2436 682 2622 735 αὐτῶν
2643 686 2742 752 τὴν
2771 683 3081 754 συνείδησιν
3104 681 3458 745 ἀσθενοῦσαν,
3485 684 3564 744 εἰς
3592 682 3833 752 Χριστὸν
3859 682 4033 751 ἀμαρο

2431 774 2690 843 τάνομεν.
2724 776 2926 845 Διόπερ
2970 776 3019 827 εἰ
3065 774 3262 844 βρῶμα
3300 772 3647 836 σκανδαλίζει
3678 772 3773 825 τὸν
3800 771 4033 839 ἀδελφόν

2434 880 2550 925 σου,
2583 864 2831 933 εἴπωμεν
2887 865 2981 917 καὶ
3031 865 3191 933 ἡμεῖς
3224 866 3274 916 οἱ
3317 864 3586 927 εὐλαϐεῖς
3621 865 3696 915 Οὔ
3755 863 3834 933 μὴ
3874 863 4033 929 φάγω

2434 955 2573 1025 κρέα
2623 955 2704 1017 εἰς
2749 955 2841 1007 τὸν
2875 954 3070 1015 αἰῶνα,
3103 953 3193 1007 ἵνα
3234 954 3310 1023 μὴ
3340 954 3432 1008 τὸν
3462 953 3690 1006 ἁδελιιὸν
3722 971 3829 1023 μου
3871 970 4031 1006 σκαν-

2431 1044 2651 1098 δαλίσωο
2687 1044 2863 1100 ταῦτα
2918 1046 2975 1099 δὲ
3025 1045 3211 1114 λέγει,
3246 1046 3419 1115 ἤγουν
3461 1049 3627 1102 ποιεῖ.
3667 1048 3695 1098 6
3727 1044 3908 1107 ὅντως
3951 1062 4032 1096 πι-

2435 1137 2580 1199 στὸς,
2617 1136 2713 1189 καὶ
2749 1137 3022 1205 φιλόθεος,
3055 1139 3149 1193 καὶ
3182 1138 3557 1208 φιλόχριστος,
3603 1141 3695 1191 καὶ
3733 1136 4029 1205 φιλοπλοὲο

2435 1239 2569 1285 σιος,
2602 1225 2629 1275 6
2684 1224 2826 1277 κατά
2863 1227 3041 1279 πάντα
3071 1227 3424 1296 ἀπρόσκοπον
3468 1228 3662 1279 ἑαυτὸν
3700 1226 3915 1296 τηρῶν,
3949 1226 4029 1276 ἵνα

2437 1314 2511 1385 μὴ
2538 1315 2602 1367 δι’
2635 1315 2802 1368 αὐτοῦ
2849 1332 2939 1379 τις
2973 1317 3391 1379 σκανδαλισθεὶς
3435 1319 3709 1388 ἀποθάνῃ.
3755 1317 4031 1386 κοψωμεν

2432 1407 2550 1471 οῦν,
2587 1408 2831 1475 ἀδελφοὶ,
2863 1409 2931 1460 τέι
2971 1407 3257 1478 θελήματα
3288 1410 3471 1481 ημῶν,
3503 1409 3581 1480 τῷ
3608 1411 3850 1479 πλησίον
3878 1409 4031 1478 ἡμῶν

2433 1500 2491 1551 ἐν
2540 1502 2703 1560 πᾶσι,
2743 1500 2829 1554 ἵνα
2884 1500 2958 1570 μὴ
3007 1501 3298 1571 γενώμεθα
3349 1504 3510 1555 αἴτιοι
3560 1502 3905 1564 σκανδάλων,
3941 1502 4031 1553 καὶ

2432 1596 2822 1663 καταστροφῆς
2878 1595 2990 1657 τοῖς
3042 1594 3362 1661 ἁκούουσιν,
3425 1597 3518 1648 καὶ
3574 1595 3881 1654 βλέπουσιν
3938 1594 4029 1661 τὴν

2430 1682 2709 1753 διαγωγὴν
2755 1686 2932 1755 ἡμῶν.
2994 1687 3285 1755 Μακάριος
3323 1687 3382 1750 ὃς
3434 1689 3818 1756 καταπτήσσει
3856 1687 4029 1738 πάντα

2431 1775 2499 1827 δι’
2541 1776 2854 1830 εὐλάὸειαν.
2917 1779 3125 1848 Γράφει
3173 1778 3230 1831 δὲ
3281 1780 3374 1831 καὶ
3408 1781 3436 1831 6
3486 1781 3761 1849 μακάριος
3797 1771 4027 1839 Παῦλος,

2439 1867 2673 1937 «Μηδεὶς
2693 1870 2757 1921 τὰ
2786 1868 2982 1922 ἑαυτοῦ
3000 1871 3254 1941 ζητείτω,
3285 1870 3419 1925 ἀλλὰ
3438 1872 3506 1926 τά
3532 1871 3625 1925 τοῦ
3644 1872 3883 1942 πλησίον
3905 1873 4030 1923 ἕκα-

741 1964 981 2019 scamlali
1016 1976 1112 2019 aut
1154 1965 1532 2019 subversionis
1562 1965 1949 2029 audientibus,
1980 1974 2144 2035 atque
2192 1967 2319 2022 vita:

2433 1978 2565 2024 στος.
2601 1980 2697 2012 ι-
2715 1978 2733 2011 ι
2770 1962 3135 2033 Ἀπρόσκοποι
3157 1965 3396 2031 γίνεσθε,
3424 1966 3560 2034 φησὶ
3580 2007 3593 2028 ,
3621 1966 3716 2018 καὶ
3730 1965 4027 2027 Ἰουδαίοις.

741 2052 901 2106 istius
920 2061 1123 2108 nostra:
1148 2053 1463 2107 institutum
1489 2055 1924 2123 cxplorantibus.
1946 2055 2039 2109 ille
2065 2071 2331 2125 perquam

742 2146 940 2199 beatus
983 2145 1080 2213 qui
1116 2146 1338 2213 pietatis
1376 2145 1595 2199 tuendae
1642 2147 1818 2215 gratia
1866 2156 2065 2201 cuncta
2104 2156 2331 2201 veretur

742 2254 805 2292 ac
849 2239 1025 2291 timet.
1061 2237 1344 2305 Scriptura
1377 2254 1613 2307 namque
1651 2239 1815 2293 habet
1856 2255 1921 2293 ac
1960 2239 2158 2294 beatus
2192 2240 2333 2293 l‘au-

742 2331 827 2383 lus
868 2346 880 2381 :
913 2348 931 2379 ι
974 2329 1148 2383 Nemo
1178 2338 1387 2397 qua-rat
1435 2346 1558 2398 qua:
1591 2346 1687 2383 sua
1716 2339 1875 2392 sunt,
1909 2331 2005 2384 sed
2040 2346 2163 2399 qua:
2207 2348 2332 2399 pro-

743 2424 873 2476 ximi
894 2424 961 2475 ".
995 2441 1122 2472 ι-ι
1149 2421 1675 2489 lrrcprchcnsibiles
1701 2432 1898 2487 estote,
1930 2423 2101 2488 ait,et
2123 2423 2331 2479 Judzeis

743 2521 801 2564 et
841 2512 1055 2567 Grtccis
1120 2524 1175 2565 ct
1226 2512 1493 2566 Ecclesia.-
1551 2512 1696 2576 Dci;
1744 2514 2216 2581 quemadmodum
2272 2526 2330 2569 ct

743 2619 846 2674 ego
872 2604 1135 2658 omnibus
1163 2620 1259 2672 per
1285 2604 1468 2657 omnia
1500 2604 1711 2672 placeo,
1746 2620 1855 2657 non
1901 2620 2156 2674 qumreus
2178 2606 2325 2675 quod

747 2694 879 2747 mihi
921 2694 1024 2764 ipsi
1066 2693 1201 2747 utile
1251 2704 1355 2758 est,
1409 2696 1503 2748 sed
1544 2709 1667 2762 qme
1722 2695 2047 2760 umltorum,
2080 2703 2142 2748 ut
2191 2696 2325 2749 salvi

748 2790 881 2843 liaut
914 2789 982 2843 ⁸³.
1018 2809 1036 2840 ι
1072 2790 1140 2843 Ει
1171 2804 1409 2842 rursus:
1448 2810 1464 2838 ι
1518 2788 1774 2843 Charitas
1824 2803 1933 2840 non
1971 2787 2173 2856 qumrit
2205 2802 2329 2855 qua:

744 2895 842 2933 sua
870 2880 1042 2949 ipsius
1071 2889 1222 2943 sunt,
1253 2894 1365 2932 non
1416 2878 1695 2942 irritatur,
1726 2877 1910 2931 omnia
1958 2876 2177 2939 suffert,
2206 2892 2327 2930 om-

746 2970 833 3024 nia
864 2970 1104 3024 sustinet
1133 2970 1198 3023 ⁸³.
1238 2990 1254 3021 ι
1292 2969 1400 3023 Sed
1449 2978 1505 3022 et
1538 2970 1585 3022 is
1614 2969 1779 3023 infert
1808 2984 1820 3020 :
1848 2987 1883 3018 γι
1917 2968 2195 3022 Debemus
2226 2984 2325 3020 au-

745 3068 853 3110 tem
889 3073 991 3110 nos
1017 3057 1113 3125 qui
1143 3066 1401 3126 potentes
1424 3072 1637 3120 sumus,
1666 3055 2021 3110 infirmitates
2050 3056 2323 3125 impoten-

744 3148 881 3201 tium
933 3148 1257 3209 sustinere.
1323 3158 1378 3202 et
1430 3164 1537 3203 non
1600 3146 2023 3217 nobismetipsis
2070 3148 2325 3216 placere;

742 3241 951 3295 ctenim
988 3242 1104 3311 ipse
1151 3242 1409 3295 Christus
1456 3256 1567 3295 non
1599 3241 1705 3296 sibi
1762 3239 1867 3309 ipsi
1930 3240 2138 3309 placuit
2179 3240 2250 3291 ⁵⁵.
2301 3260 2319 3289 ι

745 3334 949 3387 lterum
987 3352 1000 3386 :
1042 3353 1059 3384 ι
1105 3333 1242 3399 Quis
1280 3334 1613 3399 infirmatur,
1646 3341 1703 3387 et
1749 3348 1851 3402 ego
1869 3338 1993 3386 'non
2039 3331 2329 3385 infirmor?

742 3425 871 3493 quis
895 3425 1306 3478 scandalizatur
1354 3434 1409 3477 et
1464 3439 1566 3494 ego
1602 3439 1714 3478 non
1749 3439 1885 3477 uror
1934 3424 2026 3475 δεῖ
2058 3443 2076 3473 ι
2127 3422 2233 3477 Sed
2274 3431 2331 3477 et

745 3514 1009 3568 Dominus
1042 3533 1055 3567 :
1102 3535 1119 3565 ι
1163 3516 1314 3568 Meus
1346 3515 1506 3567 cibus
1540 3522 1707 3567 estut
1753 3514 1948 3568 faciam
1985 3515 2329 3567 voluntatem

2437 2052 2533 2105 καὶ
2566 2053 2843 2122 Ἕλλησιν,
2873 2054 2969 2107 καὶ
3031 2058 3096 2123 τῇ
3134 2054 3433 2125 Ἐκκλησία
3480 2055 3578 2109 τοῦ
3628 2054 3766 2108 Θεοῦ
3792 2071 3803 2081 ·
3852 2053 4029 2115 καθὼς

2436 2141 2592 2210 κάγὼ
2640 2146 2995 2199 παντάπασιν
3054 2146 3300 2216 ἀρέσκω,
3327 2148 3389 2201 οὐ
3430 2149 3612 2218 ζητῶν
3662 2148 3723 2201 τὸ
3784 2146 4027 2217 ἐμαυτοῦ

2436 2236 2738 2306 συμφέρον,
2770 2237 2910 2291 ἀλλά
2940 2239 3002 2291 τὸ
3027 2238 3134 2292 τῶν
3165 2238 3399 2303 πολλῶν,
3436 2239 3523 2293 ἵνα
3555 2240 3831 2294 σωθῶσιν.
3870 2258 3888 2290 ι
3926 2239 4029 2289 Καὶ

2434 2327 2621 2394 πάλιν,
2661 2347 2679 2377 ι
2728 2330 2788 2381 ’Π
2811 2331 3000 2399 ἀγάπη
3028 2332 3089 2384 οὐ
3138 2329 3297 2403 ζητεῖ
3332 2332 3402 2384 τά
3448 2333 3669 2401 ἑαυτῆς,
3692 2333 3757 2384 οὺ
3792 2331 3999 2403 παροξύ

2434 2434 2609 2481 νεται,
2645 2419 2825 2473 πάντα
2874 2421 3079 2487 στέγει,
3124 2422 3301 2474 πάντα.
3355 2423 3641 2493 ὑπομένει.
3692 2441 3710 2472 ι
3760 2423 3876 2474 Ka‘t
3912 2424 4027 2474 ἑπι-

2434 2508 2625 2577 φέρει·
2666 2528 2684 2559 ι
2742 2511 3065 2581 Ὀφείλομεν
3124 2514 3181 2566 δὲ
3231 2514 3326 2566 καὶ
3379 2517 3542 2583 ἡμεῖς
3598 2516 3647 2565 οἱ
3699 2514 3932 2565 δυνατοὶ
3965 2515 4029 2565 τά

2432 2602 2790 2672 ἀσθενήματα
2820 2606 2929 2657 τῶν
2959 2605 3240 2659 ἀδυνάτων
3284 2606 3598 2676 βαστάζειν,
3645 2608 3741 2659 καὶ
3791 2608 3875 2676 μὴ
3909 2609 4027 2659 ἑαυη

2430 2695 2540 2754 τοῖς
2578 2693 2856 2765 ἀρέσκειν.
2897 2696 3004 2748 Καὶ
3037 2696 3145 2766 γὰρ
3178 2699 3206 2750 ὁ
3250 2697 3488 2769 Χριστὸς
3519 2697 3618 2766 οὺχ
3654 2697 3839 2766 ἑαυτῷ
3893 2699 4026 2768 ᾕρε-

2433 2800 2543 2836 σεν.
2584 2804 2601 2834 ι
2638 2786 2748 2837 Καὶ
2783 2786 2969 2851 πάλιν,
3012 2807 3029 2838 ι
3067 2788 3164 2850 Τίς
3218 2788 3457 2855 ἀσθενεῖ,
3508 2790 3605 2842 καὶ
3641 2788 3745 2841 οῦκ
3776 2788 4025 2850 ἀσθενῶς

2429 2876 2511 2938 τίς
2540 2877 2981 2941 σκανδαλίζεται,
3014 2880 3111 2931 καὶ
3155 2880 3255 2932 οὐκ
3296 2880 3407 2947 ἐγὼ
3437 2879 3761 2950 πυροῦμαι;
3808 2900 3828 2931 ι
3870 2881 3976 2932 Καὶ
4004 2884 4029 2931 6

2430 2967 2635 3037 Κύριός
2662 2987 2847 3039 φησιν,
2874 2989 2889 3020 ι
2935 2972 3097 3040 Ἐμὸν
3130 2970 3328 3040 βρῶμά
3367 2974 3516 3025 ἐστιν
3558 2973 3646 3023 ἵνα
3684 2972 3829 3023 ποιῶ
3854 2971 3917 3023 τὸ
3947 2969 4027 3023 θέ-

2427 3058 2581 3127 λημα
2604 3059 2698 3113 τοῦ
2722 3061 3039 3131 πέμᾲαντός
3068 3078 3136 3130 με
3170 3062 3404 3133 Πατρδς,
3432 3065 3527 3117 καὶ
3553 3062 3837 3116 τελειώσω
3864 3062 4025 3116 αὑτοῦ

2429 3150 2490 3202 τὸ
2536 3150 2715 3220 ἔργον.
2759 3171 2777 3203 ι
2812 3154 3037 3224 Θέλημα
3092 3154 3149 3207 δὲ
3193 3154 3289 3207 τοῦ
3322 3156 3533 3225 Πατρὶς
3562 3155 3728 3208 αὑτοῦ
3774 3157 3929 3208 ἐστιν
3970 3155 4028 3207 τὸ

2432 3243 2670 3314 σωθῆναι
2704 3246 2881 3299 πάντα
2918 3246 3225 3316 άνθριοιπον.
3266 3247 3376 3301 Kal.
3410 3247 3593 3311 πάλιν,
3636 3268 3653 3297 ι
3693 3247 4023 3316 Καταὸἑὸη-

2436 3354 2509 3389 κα
2560 3340 2624 3390 ἐκ
2677 3337 2771 3389 τοῦ
2827 3339 3097 3406 οὐρανοῦ,
3147 3340 3245 3407 οὐχ
3302 3339 3389 3391 ῖνα
3428 3339 3568 3391 ποιῶ
3618 3338 3678 3390 τὸ
3708 3338 3932 3407 θέλημα
3966 3342 4027 3390 τὸ

2434 3427 2588 3495 ἐμὸν,
2622 3427 2763 3480 ἀλλά
2793 3428 2853 3479 τὸ
2904 3428 3119 3498 θέλημα
3170 3430 3266 3481 τοῦ
3316 3429 3635 3499 πέμψαντός
3676 3447 3748 3499 με
3789 3431 4019 3497 Πατρός.

2435 3514 2593 3583 Αὐτῷ
2625 3517 2657 3584 ὴ
2685 3516 2811 3581 δόξα
2848 3517 2926 3579 εἰς
2963 3518 3092 3580 τοὺς
3126 3517 3353 3580 αἰῶνας.
3398 3517 3590 3588 ’Λμήν.

743 3610 865 3679 ejus
883 3607 978 3675 qui
1003 3606 1274 3669 misitme,
1299 3606 1497 3668 Patris,
1519 3605 1871 3673 etperficiam
1896 3621 2037 3674 opus
2062 3606 2183 3674 ejus
2211 3606 2277 3657 ⁵⁷.
2328 3626 2345 3655 ι
2393 3607 2658 3660 Voluntas
2692 3615 2875 3660 autem
2910 3608 3085 3677 ipsius
3136 3617 3244 3673 est,
3276 3618 3336 3661 ut
3385 3609 3589 3663 salvem
3655 3624 3887 3664 omnem
3933 3610 4028 3662 ho-

745 3701 969 3754 minem.
1006 3699 1263 3753 Rursus:
1308 3717 1324 3747 ι
1369 3698 1636 3751 υιιςοριιιίἰ
1687 3698 1755 3751 de
1804 3698 1968 3760 coelo,
2002 3714 2110 3750 nou
2164 3706 2224 3749 ut
2292 3698 2489 3750 faciam
2566 3698 2907 3752 voluntatem
2960 3714 3163 3762 meam,
3234 3700 3330 3754 sed
3373 3702 3720 3755 voluntatem
3762 3704 3887 3771 ejus
3931 3705 4023 3771 qui

747 3792 897 3847 misit
926 3805 1037 3854 me,
1069 3788 1252 3843 Patris
1283 3790 1346 3841 °".
1383 3807 1399 3837 ι
1431 3788 1536 3857 Ipsi
1569 3789 1741 3857 gloria
1778 3788 1832 3841 in
1872 3788 2071 3842 saecula
2100 3788 2453 3841 seculorum.
2492 3789 2688 3841 Amen.

1263 3898 1548 3953 IIOMILIA
1586 3897 1816 3954 LXXIV.

1193 4009 1270 4062 De
1309 4026 1410 4061 non
1445 4009 1874 4077 concupiscendo.

816 4126 1095 4195 Scriptum
1126 4134 1210 4177 est
1235 4139 1248 4175 :
1282 4143 1299 4173 ι
1329 4122 1659 4191 Quicunque
1695 4121 1905 4192 Spiritu
1934 4123 2030 4178 Dei
2060 4136 2323 4195 aguntur,

746 4218 919 4274 hifilii
957 4225 1087 4273 sunt
1116 4216 1211 4270 Dei
1240 4217 1316 4267 ah'z
1349 4235 1365 4261 ι
1397 4215 1551 4279 Quod
1580 4231 1626 4268 St
1660 4214 1758 4267 ﬁlii
1780 4215 1876 4269 Dei
1917 4214 2059 4270 filias
2086 4216 2325 4287 diligunt

747 4314 1057 4372 hominum,
1104 4309 1209 4362 hoc
1264 4318 1369 4368 est,
1409 4306 1635 4360 humani
1673 4305 1879 4360 favoris
1924 4308 2009 4361 vel
2041 4309 2320 4363 existima-

747 4402 915 4456 tionis
945 4400 1229 4453 ducuntur
1272 4394 1569 4449 affectibus
1605 4410 1617 4446 :
1651 4393 1742 4447 cui
1773 4394 2073 4448 obscurum
2110 4394 2204 4457 sit,
2244 4404 2323 4448 ta-

3037 3905 3255 3958 ΛΟΓΟΣ
3294 3906 3413 3958 OA'.

2848 4017 2991 4083 Περὶ
3032 4017 3141 4070 τοῦ
3164 4016 3252 4085 μὴ
3276 4017 3606 4086 ἐπιθυμεῖν.

2508 4129 2841 4200 Γέγραπται,
2869 4148 2887 4181 ι
2923 4131 3081 4183 Ὅσοι
3113 4130 3395 4201 Πνεύματι
3430 4129 3566 4182 Θεοῦ
3603 4131 3856 4198 ἄγονται,
3883 4130 4025 4189 οὗτοί

2434 4221 2573 4273 εἰσιν
2608 4221 2710 4273 υἱοὶ
2749 4221 2905 4277 Θεοῦ,
2948 4242 2964 4271 ι
3017 4223 3142 4275 Ἐὰν
3174 4218 3270 4275 οῦν
3299 4223 3406 4274 υἱοὶ
3436 4222 3532 4274 τοῦ
3556 4222 3693 4275 Θε.ῦ
3727 4226 4025 4295 ἀγαπήσω·

2434 4322 2521 4358 σιν
2549 4307 2647 4370 τάς
2682 4307 2996 4378 θυγατέρας
3028 4310 3139 4361 τῶν
3168 4309 3493 4378 ἀνθρώπων,
3521 4312 3832 4377 τουτέστιν,
3869 4315 4024 4382 δόξας

2433 4399 2802 4468 ἀνθρωπίνας,
2850 4401 2913 4453 ἐκ
2944 4400 3151 4454 τούτων
3185 4400 3373 4454 λοιπὸν
3406 4403 3707 4469 γεννῶνται
3739 4406 4021 4473 γίγαντες,

748 4486 882 4548 liuui
919 4490 1278 4547 commistura
1307 4487 1454 4557 gigni
1490 4486 1545 4540 iu
1572 4497 1856 4555 posterum
1881 4486 2133 4555 gigantes
2164 4486 2327 4539 initio

2433 4490 2481 4542 οἱ
2530 4491 2624 4542 ἀπ’
2667 4490 2862 4554 αἰῶνος
2901 4492 3217 4561 ὀνομαστοί·
3256 4495 3559 4557 τουτέστιν,
3608 4496 3671 4547 ἐκ
3706 4497 3807 4565 τῆς
3840 4501 4021 4551 τοιαύ-

747 4587 933 4639 statim
982 4580 1192 4637 conditi
1240 4578 1395 4631 orbis
1443 4577 1693 4632 celebres
1732 4576 1995 4645 Opinione
2031 4585 2195 4646 atque
2246 4576 2326 4630 fa-

748 4676 965 4730 mosos?
994 4674 1099 4726 hoc
1135 4678 1254 4731 est,
1295 4685 1325 4721 e
1360 4667 1564 4737 quibus
1604 4682 1830 4736 genueu
1870 4667 2095 4721 emersit
2139 4666 2324 4737 gloria:

750 4767 948 4825 inanis.
987 4778 1183 4831 nempe
1230 4760 1509 4829 superbia,
1536 4759 1724 4819 elatio,
1754 4758 1963 4812 inflatio
1984 4758 2098 4813 sive
2130 4758 2322 4817 fastus,

749 4856 1063 4927 arrogantia
1111 4854 1225 4908 sive
1269 4852 1562 4906 immodica
1597 4851 1931 4905 existimatio
1967 4851 2075 4913 sui,
2108 4851 2323 4921 jactan-

753 4952 823 5004 Iia
858 4950 972 5002 sive
1006 4945 1279 5017 gloriatio.
1310 4944 1352 4996 A
1380 4944 1584 4996 sreculo
1614 4942 1759 4995 enim
1792 4942 2019 4997 emersit
2043 4943 2323 5011 superbia,

751 5058 811 5095 ac
853 5039 1040 5095 caeteri
1079 5036 1263 5091 vitiosi
1313 5036 1543 5090 affectus
1591 5052 1657 5088 ex
1699 5036 1815 5103 ipsa
1847 5036 1995 5089 enati
2035 5045 2184 5089 sunt.
2222 5036 2325 5090 Sed

752 5133 880 5201 quid
909 5131 1084 5185 Deus?
1118 5148 1136 5180 ι
1167 5130 1286 5183 Non
1314 5127 1664 5197 permanebit
1686 5125 1928 5195 Spiritus
1961 5141 2118 5180 meus
2141 5127 2195 5181 in
2225 5126 2319 5180 ho-

755 5223 993 5277 minibus
1024 5220 1113 5274 his
1135 5221 1469 5274 inzetcrnum
1495 5219 1539 5247 ⁶⁰
1566 5233 1580 5281 ;
1615 5237 1633 5269 ι
1658 5217 1786 5287 quia
1805 5218 2056 5271 carnales
2081 5227 2209 5271 sunt
2233 5233 2328 5286 per

755 5331 932 5384 prava:
960 5312 1420 5382 concupiscentiae
1441 5311 1835 5380 corruptelam,
1862 5310 2326 5379 quemadmodum

752 5418 803 5460 ιιι
842 5406 1046 5461 Paulus
1081 5404 1304 5458 Galatas
1338 5418 1667 5471 coarguens,
1691 5400 1829 5455 dicit
1862 5418 1874 5453 :
1904 5421 1919 5450 ι
1954 5400 2090 5455 Cum
2132 5402 2329 5468 spiritu

755 5496 1053 5567 imperitis,
1078 5510 1225 5549 nunc
1240 5510 1403 5547 carne
1421 5493 1880 5546 consummamini
1903 5493 1941 5521 ⁶¹
1954 5532 1966 5543 .
2002 5512 2019 5542 ι
2032 5493 2321 5562 Egregium

752 5604 881 5642 sane
908 5586 1106 5649 fuerit,
1151 5586 1196 5639 si
1233 5585 1455 5653 quidem
1509 5584 1577 5637 ab
1603 5583 1874 5651 ejusmodi
1919 5599 2040 5653 qua:
2077 5582 2131 5635 iu
2172 5600 2328 5637 tltllll-

754 5684 825 5734 da
877 5689 1025 5745 sunt,
1065 5676 1533 5747 concupiscentiis
1580 5674 1927 5729 excidemur.
1974 5674 2124 5728 Talis
2178 5676 2327 5729 enim

1393 5831 1438 5860 "
1468 5832 1483 5882 l
1513 5829 1641 5883 Cor.
1672 5844 1702 5881 κ
1740 5869 1753 5890 ,
1782 5831 1872 5882 “ll.
1949 5828 1996 5858 ⁸³
2020 5828 2156 5881 ibid.
2196 5830 2285 5883 35.

1550 5902 1596 5931 "
1618 5901 1773 5954 .loan.
1802 5915 1873 5965 γι,
1902 5897 1987 5952 58.

822 5837 862 5866 "
898 5834 1058 5887 Rom.
1088 5849 1196 5891 xw.
1225 5833 1311 5884 15.

757 5924 824 5971 \t,
862 5906 951 5960 ἓξ).
1031 5905 1244 5957 "Joan.
1280 5918 1347 5963 Iv,
1383 5900 1469 5953 5i.

2375 5832 2418 5861 "
2446 5831 2462 5884 1
2492 5832 2619 5885 Cor.
2665 5850 2779 5894 xm,
2807 5836 2859 5897 fi,
2898 5837 2925 5888 7

2067 5900 2111 5929 δ’
2143 5900 2300 5951 ltoru.
2338 5916 2448 5964 vm,
2490 5905 2571 5955 li.

2431 4598 2529 4650 της
2560 4580 2719 4648 δόξης
2750 4584 3007 4648 γεννᾶται
3034 4584 3408 4654 ὑπερηφανία,
3438 4585 3692 4655 ἔπαρσις,
3728 4590 4018 4654 φυσίωσις,

2432 4673 2630 4742 οἴησις,
2664 4671 2817 4741 ὕψος,
2855 4674 3163 4737 ἀλαζονείαο
3196 4676 3290 4729 ἀπ’
3319 4676 3513 4739 αἰῶνος
3534 4677 3641 4746 γὰρ
3671 4679 3706 4747 ἡ
3732 4680 4019 4751 ὑπερηςρα-

2433 4762 2523 4816 νία
2564 4763 2657 4815 καὶ
2696 4763 2767 4816 τά
2809 4764 2973 4819 λοιπά
3004 4766 3175 4835 πάθη.
3208 4767 3320 4819 Καὶ
3348 4766 3495 4834 λέγει
3518 4770 3545 4819 6
3575 4769 3734 4833 Θεὸς,
3774 4790 3794 4821 ι
3841 4776 3917 4825 Οὐ
3952 4776 4020 4843 μὴ

2435 4855 2741 4927 καταμείνῃ
2778 4864 2839 4910 τὸ
2891 4857 3117 4929 Πνεῦμα
3166 4877 3267 4927 μου
3296 4861 3355 4913 ὲν
3381 4862 3495 4922 τοῖς
3539 4862 3862 4931 ἀνθρώποις
3905 4869 4019 4919 τοῦ·

2434 4962 2566 5010 τοις,
2602 4948 2681 5009 εἰς
2708 4948 2796 5001 τὸν
2824 4948 3021 5014 αἰῶνα,
3054 4968 3072 4999 ι
3111 4949 3198 5003 διά
3224 4951 3285 5003 τὸ
3311 4950 3452 5004 εἶναι
3483 4952 3681 5015 αὐτοὺς
3722 4962 4019 5026 σαρκικοὶις

2434 5039 2541 5090 τῶν
2590 5040 2778 5092 κακῶν
2811 5040 3140 5111 ἐπιθυμιῶν.
3173 5042 3371 5107 Καθὼς
3402 5044 3497 5096 καὶ
3532 5046 3559 5097 6
3596 5044 3811 5109 Παῦλος
3838 5050 4016 5115 λέγει.

2440 5130 2794 5200 μεμφόμενος
2853 5132 3144 5196 Γαλάταις
3187 5154 3204 5185 ι
3236 5135 3514 5205 Πνεύματι
3558 5138 3891 5208 ἀρξάμενοι,
3930 5140 4018 5194 νῦν

2433 5222 2595 5291 σαρκὶ
2644 5223 3007 5278 ἐπιτελεῖσθε.
3058 5225 3239 5279 Καλὸν
3280 5227 3374 5279 οῦν
3419 5228 3569 5280 ἐστιν
3600 5228 3661 5280 τὸ
3710 5231 4017 5284 ἀνακόπτε-

2432 5312 2555 5367 σθαι
2620 5314 2728 5367 άπὸ
2779 5315 2886 5371 τῶν
2943 5317 3255 5386 ἐπιθυμιῶν
3287 5318 3397 5371 τῶν
3453 5320 3512 5372 ἐν
3548 5320 3625 5390 τῷ
3675 5322 3898 5394 κόσμῳ,
3942 5325 4018 5379 δτι

2433 5407 2581 5457 πᾶσα
2614 5406 2877 5476 ἐπιθυμία
2923 5409 3067 5461 κατά
3116 5409 3211 5462 τοῦ
3236 5410 3551 5480 πνεύματος
3610 5415 4013 5484 στρατεύεταιν

2434 5494 2468 5562 ἡ
2499 5493 2606 5563 γὰρ
2633 5493 2907 5565 φιλήδονος
2935 5496 3130 5566 καρδία
3170 5498 3382 5569 εἱρκτὴ,
3414 5502 3509 5553 καὶ
3545 5502 3738 5563 ἂλυσις
3767 5507 3836 5573 τῇ
3875 5505 4014 5575 ψυχῇ

2436 5586 2493 5637 ἐν
2520 5585 2701 5656 καιρῷ
2722 5585 2902 5651 ἐξόδου
2940 5590 3172 5656 γίνεται·
3202 5593 3234 5661 η
3266 5591 3323 5644 δὲ
3356 5590 3665 5661 φιλόπονος,
3704 5594 3849 5666 θύρα
3877 5600 4017 5652 ἐστὶν

2436 5678 2777 5748 ἀνεῳγμένη.
2811 5679 2884 5732 Τὸ
2906 5680 3014 5751 γὰρ
3041 5681 3139 5752 τῆς
3172 5683 3467 5754 ἐπιθυμίας
3507 5687 3701 5754 πάθος,
3738 5686 3940 5756 βλάστη
3962 5708 4012 5738 ια

3023 5836 3069 5867 ⁵³
3107 5836 3265 5892 Rom.
3326 5853 3414 5897 xv,
3450 5839 3500 5901 1,
3532 5839 3586 5892 '5.
3710 5843 3756 5873 “
3793 5843 3831 5897 ll
3886 5844 4014 5898 Cur.

2653 5905 2697 5934 "
2731 5903 2869 5959 Ceu.
2901 5921 2969 5970 γι,
3015 5906 3063 5956 Ti.
3142 5910 3181 5937 “
3220 5907 3396 5962 Galat.
3438 5925 3515 5975 tu,
3542 5909 3593 5962 5.
