4178 6436
178 358 345 418 ἱῦξῑι

993 366 1312 425 llU.\lll.l.\
1358 368 1685 427 LXXIV.“
1727 367 1817 426 UE
1860 366 2008 424 ΜΝ
2048 369 2682 427 CUXtIlil’lStIliNlMl.

3327 366 3459 430 1650

163 480 297 540 τῆς
364 476 561 544 ἀργιας
597 480 848 549 ὑπάρχει.
894 482 954 531 'll
988 481 1095 549 γὰρ
1135 484 1325 551 ἀργία.
1366 486 1641 552 ἀπογεννᾷ
1684 486 1781 553 τὴν

1885 484 2331 550 concupiscentia
2372 486 2552 538 ttlllllla’
2600 484 2867 537 adiersus
2904 483 3158 551 spiritum
3207 486 3450 540 militat:

167 567 505 638 ἐπιθυμίαν
532 612 544 630 ,
598 574 690 623 καὶ
732 573 829 641 τὴν
871 573 1156 642 ὁκνηρίαν,
1205 576 1406 644 μᾶλλον
1459 576 1515 628 δὲ
1565 578 1654 629 καὶ
1685 577 1782 645 τὴν

168 658 580 716 ἀνελπιστίαν.
608 663 665 714 ΕΞ
693 662 802 732 γὰρ
832 664 1202 733 ἐγινώσκομεν
1227 668 1310 719 ὅτι
1340 667 1593 735 πάροικοί
1619 671 1784 737 ἐσμεν

173 753 295 804 ἐπὶ
340 754 440 821 τῆς
473 755 597 823 γῆς,
629 756 723 807 καὶ
770 758 987 826 εἴχομεν
1031 760 1097 811 τὰ
1149 761 1391 826 παρόντα
1442 758 1655 829 φθαρτά
1690 760 1784 812 καὶ

177 848 628 915 παρατρέχοντα
656 849 823 916 ἡμᾶς,
854 851 1153 918 χειμάρρου
1183 849 1402 918 τρόπον,
1425 852 1524 903 οὐκ
1550 851 1616 903 ἂν
1642 852 1783 920 ὠρε-

175 932 420 1003 γόμεθα
450 936 515 986 τά
544 935 619 1005 μὴ
645 936 907 1005 ἡμέτερα,
940 941 1033 991 καὶ
1056 938 1418 1007 ὀλιγοχρόνια,
1452 940 1564 993 ἀλλ’
1587 940 1780 992 ἐπεθυ·

180 1022 423 1090 μοῦμεν
468 1025 535 1076 τά
563 1024 730 1088 ὅντως
756 1026 1021 1096 ἡμέτερα,
1055 1026 1150 1079 καὶ
1191 1028 1594 1091 διαιωνίζοντα,
1633 1047 1783 1083 τουτ-

178 1112 360 1165 έστιν
390 1112 453 1165 τὸ
484 1114 624 1183 μετά
653 1115 886 1186 Χριστοῦ
916 1113 1077 1180 εἶναι,
1113 1118 1205 1170 καὶ
1232 1119 1527 1172 ἀπολαύειν
1554 1121 1655 1189 τῆς
1687 1122 1781 1173 αὐ·

178 1202 298 1254 τοῦ
334 1204 674 1275 γλυκύτητος
734 1207 829 1259 καὶ
888 1208 1181 1277 βασιλείας.
1234 1211 1296 1262 Οἱ
1348 1211 1453 1280 γὰρ
1490 1214 1582 1264 τὲν
1618 1211 1781 1263 αὑτοῦ

179 1294 375 1347 πόθον
404 1296 640 1365 ἔχοντες,
661 1297 730 1351 τὰ
758 1299 850 1350 τοῦ
875 1300 1141 1369 παρόντος
1170 1301 1362 1363 αἰῶνος
1386 1303 1583 1364 πάντα,
1616 1302 1784 1355 πλοῦ-

176 1387 297 1439 τόν
331 1403 500 1455 φημι,
536 1388 835 1455 καὶδόξαν,
866 1393 957 1445 καὶ
985 1392 1321 1451 δυναστείαν.
1349 1394 1443 1446 καὶ
1476 1393 1647 1462 κάλλη
1677 1411 1781 1446 σω-

189 1476 401 1543 μάτων
429 1477 504 1539 ὠς
535 1476 782 1532 σκύϐαλα
802 1479 1081 1548 ἡγοῦνται.
1120 1480 1229 1532 Καὶ
1256 1480 1317 1532 ού
1348 1479 1573 1533 δύναται
1602 1480 1658 1534 ἐν
1676 1498 1781 1533 τινι

184 1565 494 1632 ἀπατῆσαι
534 1566 733 1628 αὐτοὺς
781 1568 809 1619 ὁ
857 1568 1040 1637 ἄρχων
1075 1568 1169 1619 τοῦ
1207 1567 1402 1630 αίῶνος
1441 1567 1655 1633 τούτου,
1690 1572 1781 1621 καὶ

186 1657 520 1727 ἀποστῆσαι
558 1658 657 1727 τῆς
708 1657 800 1710 τοῦ
828 1659 1065 1727 Χριστοῦ
1101 1659 1339 1728 ἀγάπης.
1387 1659 1585 1722 Καθὼς
1623 1661 1717 1712 καὶ
1754 1662 1782 1713 ὁ

189 1746 464 1814 Σολομὼν
499 1766 680 1818 φησιν,
718 1768 737 1798 ‹
778 1749 1182 1817 Ἐπιθυμήσατε
1215 1751 1428 1817 σοφίαν,
1459 1752 1545 1804 ἵνα
1580 1753 1661 1813 εἰς
1689 1751 1781 1803 τὸν

187 1836 383 1889 αἰῶνα
421 1836 796 1908 βασιλεύσητε.
840 1858 859 1890 ι
889 1868 962 1879 --
993 1858 1011 1889 ι
1042 1842 1318 1909 Ζητήσατε
1352 1842 1644 1912 φρόνησιν,
1689 1844 1780 1896 καὶ

189 1927 601 1997 κατορθώσατε
634 1928 850 1983 σύνεσιν
895 1932 951 1982 ἐν
980 1930 1178 1998 γνώσει
1206 1949 1219 1962 ·
1271 1952 1289 1983 ι
1328 1932 1423 1985 καὶ
1476 1934 1577 1985 ὅσα
1619 1933 1782 2002 ἕτερα

191 2018 439 2072 τοιαῦτα
468 2020 798 2090 γέγραπται.
835 2022 915 2075 Ta
944 2022 1052 2092 γὰρ
1080 2025 1278 2091 αἰσχρὰ
1311 2024 1487 2076 πάντα
1510 2064 1524 2087 ,
1567 2026 1658 2077 καὶ
1686 2025 1781 2077 ἁλ-

191 2108 422 2179 ὶὸτρια,
451 2112 785 2183 ἀπαγορεύει
816 2113 1126 2182 ἐπιθυμεῖν·
1153 2113 1292 2167 ὥστε
1326 2114 1627 2185 συλλήϐδην
1655 2133 1777 2178 που,

197 2201 349 2267 μετὰ
404 2201 604 2271 πολλὴν
640 2203 923 2273 διαφορὰν,
979 2205 1180 2272 μεταξὺ
1223 2206 1316 2258 τοῦ
1354 2205 1518 2258 καλοῦ
1550 2207 1643 2260 καὶ
1687 2208 1780 2261 τοῦ

196 2292 473 2362 πονηροῦ,
524 2293 816 2348 ὄεικνῦναι.
861 2296 1030 2363 Φησιν
1062 2297 1190 2365 γὰρ,
1237 2315 1255 2345 ο
1303 2293 1473 2365 τΑρον
1527 2299 1635 2352 ἀπὸ
1686 2298 1779 2351 σοῦ

194 2385 391 2436 πᾶσαν
442 2383 737 2454 ἐπιθυμίαν
797 2387 1067 2457 πονηράν·
1115 2388 1328 2441 ἔνδυσαι
1378 2389 1432 2442 δὲ
1485 2390 1780 2459 ἐπιθυμίαν

193 2477 422 2546 ἀγαθὴν
453 2478 546 2530 καὶ
576 2480 799 2549 σεμνήν.
842 2500 860 2531 ι
902 2481 1374 2552 Ἐνδιδυσκόμενος
1405 2484 1511 2553 γὰρ
1530 2485 1628 2554 τὴν
1663 2487 1781 2537 ἐπι-

197 2569 418 2638 θυμίαν
467 2569 693 2641 ταύτην,
738 2574 990 2643 μισήσεις
1042 2575 1139 2642 τὴν
1176 2575 1417 2644 πονηρὰν
1462 2575 1779 2643 ἐπιθυμίαν,

197 2663 305 2713 καὶ
355 2662 829 2733 χαλιναγωγήσεις
874 2664 1063 2733 αὐτὴν,
1105 2663 1287 2726 καθὼς
1332 2664 1527 2733 βούλει.
1589 2666 1782 2738 ’Δγρία

195 2754 318 2821 γάρ
344 2755 495 2805 ἐστιν
525 2756 557 2824 ἠ
591 2754 859 2823 ἐπιθυμία
898 2756 930 2824 ή
963 2756 1196 2825 πονήρά,
1220 2759 1312 2809 καὶ
1343 2757 1613 2820 δυσκόλως
1640 2762 1781 2827 ἡμε-

201 2842 425 2911 ροῦται.
456 2844 813 2916 Φοόερωτέρα
840 2848 948 2915 γάρ
982 2849 1151 2911 ἐστιν,
1184 2849 1277 2901 καὶ
1321 2850 1443 2902 λίαν
1484 2852 1549 2919 τῇ
1585 2851 1782 2918 ἑαυτῆς

198 2937 500 3005 ἀγριότητι
530 2937 745 3008 δαπανᾷ
772 2938 900 2999 τοὺς
918 2940 1258 3007 ἀνθρώπους.
1291 2941 1450 2994 Ἐνδέ
1470 2942 1547 3013 τῷ
1577 2941 1779 3009 λέγειν,

202 3043 225 3075 ι
287 3024 485 3095 Ἀγρία
520 3027 665 3078 ἐστὶν
714 3028 747 3096 ἠ
789 3026 1055 3094 ἐπιθυμία
1094 3030 1126 3095 ἡ
1172 3029 1404 3099 πονηρὰ,
1445 3049 1463 3079 ι
1504 3031 1780 3099 σημαίνει,

1889 571 2103 641 ιιθθ
2131 573 2238 626 (Ζοι-
2287 574 2433 627 enim
2481 574 2823 642 voluptatum
2866 573 3217 626 asscctatoris
3268 589 3458 627 career

1886 660 2074 729 utique
2100 671 2203 725 est,
2243 673 2298 715 et
2327 672 2519 717 catena
2541 664 2736 717 anima:
2760 662 2813 715 in
2833 662 2951 731 ipso
2978 662 3159 715 exitus
3178 664 3413 717 articulo
3440 683 3450 717 :

1885 760 2072 805 contra
2113 752 2388 805 industrio
2410 761 2464 806 et
2498 752 2705 806 laboris
2739 753 2990 821 patienti,
3030 763 3088 805 ut
3123 753 3295 806 libera
3321 770 3449 807 evo--

1885 843 1980 905 let,
2010 853 2200 912 aperta
2246 854 2331 898 cst
2377 844 2565 912 janua.
2602 844 2845 898 Allectus
2904 860 3141 913 namque
3191 847 3456 913 concupi.

1885 936 2105 987 scentia:
2157 951 2379 1003 germen
2424 941 2510 988 est
2551 950 2618 994 ex
2648 936 2761 988 otio
2807 937 3208 1004 suppnllulans.
3268 934 3452 989 Otium

1884 1027 2030 1078 enim
2082 1042 2183 1080 suo
2249 1027 2400 1080 velut
2456 1026 2666 1079 semine
2701 1026 2875 1095 gignit
2928 1027 3454 1096 concupiscentiam,

1886 1127 2048 1185 atque
2080 1116 2251 1169 animi
2304 1116 2596 1177 lentorem,
2630 1116 2801 1185 magis
2826 1132 2956 1169 vero
2995 1116 3452 1183 desperationem.

1886 1205 1941 1259 Si
1990 1207 2137 1260 enim
2199 1214 2351 1261 recto
2406 1208 2634 1261 rationis
2697 1206 2905 1276 judicio
2967 1208 3453 1275 perpenderemus.

1884 1297 2014 1366 quia
2066 1313 2234 1365 super
2280 1307 2483 1352 terram
2537 1299 2790 1367 inquilini
2827 1314 3036 1361 sunws,
3070 1308 3126 1352 ct
3153 1299 3280 1368 quia
3309 1300 3455 1352 cele-

1887 1389 2003 1442 rius
2066 1388 2446 1455 emigrandum
2493 1387 2623 1441 hinc
2679 1389 2839 1441 nobis
2865 1397 2971 1449 est,
3006 1398 3201 1442 cuncta
3264 1389 3453 1457 utique

1886 1479 2035 1535 istmc
2081 1479 2408 1548 temporaria
2458 1479 2694 1533 obnoxia
2740 1479 3080 1547 corruptioni
3122 1488 3177 1532 et
3205 1494 3327 1547 qua:
3356 1495 3456 1532 nos

1887 1572 2222 1641 rapidissimi
2252 1573 2509 1627 torrentis
2539 1574 2714 1627 instar
2747 1580 3104 1642 praetereunt,
3134 1572 3453 1639 neutiquam

1885 1675 2036 1721 tanto
2061 1676 2444 1736 expeteremus
2485 1667 2694 1728 studio,
2726 1668 2931 1736 quippe
2956 1682 3080 1735 quae
3107 1676 3294 1720 nostra
3347 1680 3454 1718 non

1886 1767 2015 1811 sunt
2039 1773 2102 1811 ac
2132 1759 2222 1810 vix
2252 1758 2466 1811 tantillo
2512 1758 2713 1811 durant
2750 1769 3015 1826 tempore.
3044 1758 3225 1823 Quare
3273 1756 3455 1809 sinum

1885 1858 2087 1901 nostra:
2135 1847 2597 1916 concupiscentiae
2648 1848 2922 1901 l'usissime
2982 1849 3228 1901 laxemus
3274 1845 3341 1899 ad
3391 1862 3456 1899 ea

1884 1954 2008 2008 qua)
2049 1954 2175 1992 vere
2201 1949 2389 1992 nostra
2419 1946 2569 2001 sunt,
2604 1947 2660 1991 et
2692 1954 2813 2006 quae
2848 1937 3233 2008 percnnabunt
3266 1936 3455 1990 nobis-

1884 2044 2008 2083 cum
2042 2046 2054 2080 :
2106 2029 2364 2082 nimirum
2394 2039 2451 2083 ut
2482 2028 2653 2082 simus
2687 2044 2811 2083 cum
2848 2028 3090 2089 Christo,
3128 2036 3187 2079 ut
3217 2027 3337 2097 eius
3369 2026 3455 2079 in-

1884 2120 2163 2189 cogitabili
2185 2120 2477 2174 dulcedine
2502 2130 2664 2188 atque
2687 2134 2854 2188 regno
2881 2134 3190 2172 mercamur
3224 2116 3452 2185 perfrui.

1884 2211 2018 2265 Nam
2048 2213 2142 2280 qui
2176 2213 2331 2275 tales,
2367 2213 2650 2280 prwsentis
2680 2212 2839 2265 istius
2864 2210 3048 2264 smculi
3081 2209 3287 2271 omnia,
3317 2207 3457 2261 divi-

1885 2302 1988 2357 tias
2034 2302 2178 2363 dico,
2228 2304 2481 2372 gloriam,
2518 2302 2925 2372 praefecturam,
2982 2301 3237 2354 decoram
3290 2309 3454 2367 atque

1882 2392 2171 2446 amabilem
2220 2394 2468 2463 corporis
2511 2392 2862 2461 elegantiam,
2892 2399 2951 2444 ut
2982 2391 3283 2444 fmdissima
3312 2399 3453 2443 ster-

1881 2499 2009 2537 cora
2065 2484 2352 2553 dcputant,
2408 2486 2529 2538 istis
2560 2484 2707 2537 nulla
2750 2485 2804 2537 in
2864 2500 2921 2537 re
2974 2485 3255 2551 imponere
3290 2491 3455 2550 queat

1882 2573 2139 2642 princeps
2168 2575 2332 2644 hujus
2376 2575 2584 2638 szL-culi,
2621 2584 2682 2629 ut
2713 2591 2743 2629 a
2775 2574 3107 2628 rectitudine
3135 2573 3452 2631 deflectant,

1882 2671 1977 2716 aut
2025 2677 2252 2717 avocare
2320 2679 2350 2717 a
2402 2663 2671 2717 eharitate
2731 2663 2958 2725 Christi,
3016 2673 3299 2717 astruente
3351 2663 3455 2716 hoe

1884 2755 2213 2810 Salomone:
2250 2776 2267 2807 ι
2308 2755 2714 2827 Concupiscite,
2760 2756 2857 2819 ait,
2895 2757 3239 2824 sapientiam,
3294 2768 3355 2817 ne
3399 2757 3453 2809 in

1882 2853 2147 2897 internum
2178 2846 2420 2914 regnetis
2443 2847 2508 2899 “.
2555 2865 2571 2897 ι
2607 2846 2716 2899 Et:
2756 2866 2771 2896 ι
2809 2844 3048 2911 ρυίετίιε
3083 2845 3453 2915 prudentiam,

1882 2941 1941 2987 ct
1970 2933 2216 3002 perﬁcito
2247 2935 2298 2987 in
2332 2935 2564 2988 scientia
2614 2934 3032 3004 intelligentiam
3064 2936 3129 2999 ",
3171 2955 3188 2986 ι
3239 2946 3296 2990 ει
3350 2937 3455 2991 alia

1886 3024 1938 3077 id
1970 3040 2143 3094 genus
2175 3039 2286 3077 non
2306 3040 2477 3093 pauca
2505 3026 2709 3095 scripta
2738 3035 2885 3080 sunt.
2916 3027 2995 3079 Ah
3023 3027 3282 3080 omnibus
3306 3027 3454 3081 enim

196 3116 293 3167 ὅτι
322 3115 522 3185 ἑαυτὴν
567 3116 796 3181 ἀναφύει
828 3116 903 3178 ὡς
933 3117 1099 3187 ἀγρία
1130 3117 1349 3187 βοτάνη,
1386 3122 1465 3182 είς
1501 3119 1784 3192 ἀγεώργη-

1886 3113 2183 3183 Scriptura:
2220 3116 2380 3170 nobis
2416 3116 2775 3179 interdicunt,
2808 3133 2931 3187 qua:
2964 3129 3093 3173 sunt
3125 3134 3225 3188 per
3273 3133 3331 3172 se
3360 3118 3459 3171 ob-

197 3221 302 3256 τον
321 3205 541 3273 χωρίον·
578 3204 610 3275 ἣ
648 3204 723 3266 ὡς
765 3205 956 3275 ἄγριον
990 3206 1128 3269 ζῶον
1168 3208 1225 3260 ἐν
1256 3210 1433 3281 ἐαυτῷ
1462 3212 1779 3282 νεμόμενον,

196 3296 344 3349 ἄνευ
377 3294 599 3365 λογικῆς
647 3297 1009 3360 ἐπιστάσεως.
1041 3298 1137 3362 Τίς
1167 3299 1223 3352 δὲ
1256 3303 1346 3353 καὶ
1383 3303 1601 3372 ποταπή
1634 3305 1784 3356 ἐστιν

198 3386 271 3438 οὐ
305 3386 467 3454 μόνον
496 3388 530 3455 ἡ
560 3387 815 3457 πονηρία,
839 3388 973 3442 ἀλλά
1001 3407 1072 3443 κα
1096 3390 1300 3459 ἰἀγαθὴ
1328 3391 1586 3461 ἐκθυμία,
1618 3396 1676 3447 ἐν
1705 3396 1783 3466 τῷ

201 3473 452 3544 καθεξῆς
482 3475 717 3545 διαλόγῳ
769 3477 1015 3546 ἀκριὸὦς
1048 3479 1339 3544 ἐκτίθεται,
1380 3481 1465 3533 ἵνα
1497 3483 1671 3552 δῆλον,
1700 3485 1781 3537 ὅτι

199 3566 660 3634 ἀποστραφέντες
708 3568 890 3620 πᾶσαν
931 3569 1173 3637 πονηρὰν
1220 3570 1515 3641 ἐπιθυμίαν
1556 3573 1783 3642 ἐμπολι-

201 3656 536 3726 τευσὼμεθα
557 3660 625 3725 τῇ
648 3658 825 3729 ἀγαθῇ
859 3659 953 3711 καὶ
993 3662 1166 3731 σεμνῇ
1200 3661 1485 3733 ἐπιθυμίᾳ.
1524 3663 1685 3717 Ὅθεν
1723 3665 1785 3717 τὺ

204 3748 371 3813 ξύλον
398 3746 493 3801 τοῦ
528 3748 725 3803 είδέναι
758 3751 1016 3817 γνωστὸν,
1054 3752 1237 3815 καλὸν,
1263 3753 1357 3806 καὶ
1395 3754 1647 3823 πονηρὸν,
1676 3756 1785 3809 δει-

203 3840 401 3892 κτικὸν
429 3841 577 3893 ἐστιν
605 3840 700 3894 τοῦ
740 3841 832 3894 τὸν
863 3841 1148 3913 ἄνθρωπον
1178 3844 1425 3898 δεκτικὸν
1469 3842 1608 3899 εἶναι
1637 3847 1782 3915 γνὼ-

205 3948 353 3994 σεως
384 3930 549 3985 καλοῦ
584 3933 678 3985 καὶ
703 3933 965 4004 πονηροῦ⁸
998 3936 1264 4005 διαφορὰν
1298 3936 1356 3989 δὲ
1386 3937 1662 4007 ἐμφαίνει,
1686 3942 1782 4010 οὐχ

207 4022 302 4075 ἴνα
330 4039 415 4085 τις
441 4023 497 4074 ἐν
523 4022 607 4093 τῷ
636 4023 786 4092 αὐτῷ
812 4025 871 4077 τὸ
897 4026 1132 4095 πονηρὸν
1160 4026 1298 4094 μετά
1326 4027 1419 4080 τοῦ
1448 4029 1612 4082 καλοῦ
1632 4033 1782 4101 ποιῇ,

206 4112 327 4165 ἀλλ’
362 4112 451 4167 ἵνα
480 4112 649 4166 ποιῶν
680 4114 741 4166 τὺ
777 4115 962 4179 καλὸν,
1004 4116 1227 4187 ἐκκλίνῃ
1260 4118 1368 4171 ἀπὸ
1392 4118 1486 4172 τοῦ
1519 4122 1781 4191 πονηροῦ,

206 4204 356 4258 κατά
380 4205 472 4257 τὸν
500 4204 777 4272 λέγοντα,«
810 4207 1097 4261 Ἐκκλινον
1136 4207 1244 4260 ἀπὸ
1277 4209 1469 4272 κακοῦ,
1499 4214 1593 4265 καὶ
1629 4214 1786 4283 ποίης

208 4312 305 4348 σον
337 4295 592 4363 ἀγαθόν.»
620 4296 840 4366 Πρῶτος
865 4299 893 4349 ὁ
921 4298 1081 4367 νόμος
1106 4300 1560 4369 παρακελεύεται.
1587 4302 1782 4372 λέγων,

213 4405 231 4436 ι
254 4384 374 4437 Οὐκ
409 4384 763 4454 ἐπιθυμήσεις
783 4386 884 4440 ὅσα
904 4385 997 4439 τοῦ
1024 4386 1249 4455 πλησίον
1282 4405 1374 4440 σου
1407 4390 1571 4443 ἐστίν.
1596 4410 1616 4445 ι
1647 4392 1703 4447 ’0
1725 4395 1783 4449 δὲ

1884 3220 2067 3260 scaena
2094 3213 2151 3260 et
2177 3206 2244 3259 ab
2268 3206 2554 3261 honestate
2577 3206 2778 3271 aliena,
2800 3207 2871 3261 ita
2902 3216 2961 3262 ut
2993 3208 3163 3262 veluti
3194 3208 3248 3261 in
3287 3223 3458 3263 unum

1882 3294 2084 3350 fascem
2110 3296 2421 3360 confertim,
2456 3297 2551 3351 ubi
2582 3298 2755 3352 multa
2794 3300 3148 3352 contentione
3194 3297 3459 3353 differen-

1885 3386 2017 3440 tiam
2088 3386 2382 3455 explicavit
2431 3386 2589 3441 bona:
2649 3387 2916 3457 malaeque
2972 3388 3458 3458 concupiscentiar,

1884 3474 2208 3529 subuectat:
2251 3493 2271 3527 ι
2310 3474 2480 3530 Aufer
2514 3491 2545 3529 a
2574 3485 2626 3530 te
2657 3476 2778 3546 ipso
2814 3493 3032 3531 omnem
3063 3477 3461 3546 concupiscen-

1884 3564 2017 3617 tiam
2049 3565 2246 3618 malam
2276 3564 2341 3628 σε,
2401 3564 2635 3619 induere
2660 3580 2791 3620 vero
2821 3583 2940 3620 eam
2972 3583 3093 3636 qu:e
3126 3567 3266 3620 bona
3296 3577 3381 3622 est
3404 3576 3461 3622 et

1884 3652 2085 3725 pudica
2109 3655 2175 3707 ⁸⁵.
2213 3674 2231 3706 ι
2289 3655 2401 3709 Hac
2428 3656 2701 3725 siquidem
2736 3658 3025 3713 redimitus
3064 3667 3215 3713 veste
3251 3674 3457 3711 concu-

1883 3748 2185 3817 piscentize,
2216 3747 2372 3802 facile
2424 3749 2572 3802 illam
2624 3748 2982 3804 exsecrabcrc
3026 3758 3192 3817 atque
3248 3747 3460 3801 infense

1882 3838 2066 3893 oderis
2095 3854 2218 3908 quae
2252 3838 2503 3907 improba
2530 3847 2616 3893 est
2662 3848 2719 3893 et
2763 3838 2982 3900 vitiosa,
3037 3854 3247 3907 proque
3290 3839 3460 3892 animi

1884 3929 1963 3984 tui
1990 3928 2262 3983 sententia
2290 3928 2449 3997 quasi
2481 3929 2684 3998 injecto
2709 3928 2763 3982 in
2794 3944 2857 3982 os
2879 3928 3037 3981 freno
3076 3928 3457 3982 moderahere.

1884 4021 1981 4075 Est
2042 4020 2190 4074 enim
2260 4019 2451 4075 istluec
2508 4019 2751 4089 maligna
2808 4019 3258 4088 concupiscentia
3320 4020 3459 4072 min-

1885 4115 2120 4184 agrestis
2141 4128 2204 4167 ac
2236 4113 2538 4182 prteferox;
2564 4126 2669 4166 nec
2700 4111 2842 4165 citra
2872 4112 3153 4181 negotium
3179 4112 3461 4166 cicuratur

1887 4214 1984 4257 aut
2020 4204 2336 4257 mansuetit.
2389 4202 2568 4271 Supra
2610 4201 2835 4256 modum
2894 4202 3042 4257 enim
3096 4202 3464 4258 formidabilis

1886 4306 1991 4358 est,
2009 4295 2458 4364 quandoquidem
2492 4303 2723 4349 cunctos
2744 4310 2913 4364 prope
2933 4295 3176 4350 absumit
3203 4310 3269 4349 ac
3295 4295 3464 4350 devo-

1887 4396 1988 4442 rat.
2021 4388 2124 4441 l’er
2152 4387 2209 4441 id
2241 4387 2391 4456 quod
2420 4386 2555 4441 dicit
2588 4404 2601 4439 :
2642 4405 2659 4436 ι
2686 4385 2929 4455 Agrestis
2946 4395 3032 4439 est
3059 4386 3462 4455 concupiscen-

220 4476 429 4545 ,Λχαάσ
466 4475 716 4546 παραϐὰς
762 4476 863 4545 τὴν
911 4476 1128 4547 ἐντολὴν
1166 4478 1388 4548 ταύτην,
1436 4481 1783 4554 ἐπεθύμησεν

1890 4480 1960 4534 tia
1992 4480 2130 4533 mala
2180 4479 2258 4542 ⁶⁶;
2311 4499 2327 4529 ι
2369 4478 2619 4532 insinuat
2654 4478 2816 4530 talem
2853 4484 3051 4545 saepte
3089 4478 3253 4546 genio
3278 4492 3464 4531 emer-

205 4568 303 4618 τὶν
365 4566 659 4634 ἀμπελῶνα
707 4565 975 4619 Ναόουθέο
1024 4567 1240 4619 καὶτὸν
1280 4569 1377 4637 μὲν
1416 4570 1621 4625 δίκαιον
1675 4574 1781 4628 ἀπ-

205 4660 449 4711 έκτεινεν
500 4656 679 4724 ἐαυτῷ
718 4657 774 4709 δὲ
830 4657 924 4710 καὶ
963 4657 1040 4727 τῷ
1094 4661 1227 4728 οἴκῳ
1268 4660 1433 4715 αὐτοῦ
1474 4664 1783 4735 ἀπήνεγκεν

206 4749 433 4819 ὄλεθρον
473 4749 750 4812 ἀπωλείας
803 4748 1039 4803 αἰώνιον.
1105 4750 1485 4822 Ἐπεθύμησεν
1526 4755 1584 4807 δὲ
1625 4759 1719 4811 καὶ
1755 4762 1783 4813 ὁ

206 4842 339 4904 λαὸς
386 4840 680 4910 ἐπιθυμίαν
726 4841 785 4893 ἐν
821 4843 886 4911 τῇ
919 4842 1132 4912 ἐρήμῳ,
1188 4842 1281 4895 καὶ
1327 4845 1441 4896 ἐκεῖ
1476 4844 1678 4901 ἔπεσαν
1716 4850 1784 4903 τὰ

209 4934 363 4988 κῶλα
416 4933 618 4986 αὐτῶν.
654 4933 814 5001 Λέγει
856 4932 914 4985 δὲ
955 4936 1046 4984 καὶ
1075 4936 1103 4987 ὁ
1141 4935 1578 5006 Παροιμιαστὴς,
1611 4957 1629 4987 ι
1669 4940 1782 5002 Πᾶς

207 5026 411 5094 ἄεργος
464 5025 522 5076 ἐν
552 5024 818 5093 ἐπιθυμία
847 5023 1019 5077 ἐσται.
1073 5025 1265 5093 Χείρες
1298 5024 1354 5078 δὲ
1395 5028 1678 5096 ἀνδρείων,
1726 5033 1783 5083 ἐν

210 5114 520 5184 ἐπιμελείᾳ.
555 5135 574 5167 ι
604 5115 711 5168 Καὶ
771 5114 955 5178 πάλιν,
994 5132 1012 5164 ι
1067 5115 1414 5185 Ῥεμόασμὸς
1466 5119 1783 5190 ἐπιθυμίας,

214 5204 538 5277 μεταλλεύει
588 5204 713 5258 νοῦν
758 5206 985 5261 ἄκακον.
1017 5225 1035 5256 ι
1083 5207 1195 5260 Καὶ⁵
1252 5208 1433 5271 πάλιν,
1480 5228 1499 5261 ι
1558 5211 1785 5280 Ἀσεϐὴς

207 5298 338 5367 ὃλην
383 5297 481 5365 τὴν
518 5296 731 5365 ἡμέραν
786 5296 1045 5366 ἐπιθυμεῖ
1077 5297 1373 5366 ἐπιθυμίας
1399 5300 1595 5362 κακὰς.
1643 5302 1700 5353 '0
1728 5303 1785 5355 δὲ

209 5388 437 5449 δίκαιος,
475 5385 632 5449 ἐλεεῖ,
674 5386 769 5439 καὶ
792 5387 1320 5456 οἰκτείρειάφειδῶς.
1368 5406 1387 5438 ι
1424 5388 1533 5442 Καὶ
1566 5390 1783 5459 ἐπάγει,

216 5499 233 5529 ι
271 5478 363 5549 Μή
406 5493 465 5529 σε
499 5479 699 5550 νικήσῃ
743 5477 937 5541 κάλλος
974 5478 1288 5548 ἐπιθυμίας,
1333 5480 1465 5551 μηδὲ
1514 5481 1787 5553 ἀγρευθῇς

212 5569 322 5631 σοῖς
345 5566 668 5636 ὀφθαλμοῖς.
708 5585 727 5619 ι
773 5566 831 5618 Ὀ
849 5566 906 5620 δὲ
931 5566 1216 5636 ἄμεμπτος
1269 5568 1407 5634 Ἰὼϐ,
1442 5571 1689 5639 πατήσας
1726 5572 1788 5625 τὸ

278 5743 322 5771 “
350 5742 479 5810 Sap.
512 5756 582 5795 vt.
625 5742 702 5796 [2.

783 5743 824 5775 ⁵³
860 5742 1015 5797 Prov.
1061 5760 1129 5797 IV.
1172 5744 1214 5795 l.
1295 5742 1337 5775 “
1389 5742 1560 5797 lflor.
1612 5760 1663 5807 γ,
1704 5744 1783 5799 l5.

1888 4586 2038 4641 gere,
2070 4585 2174 4624 ceu
2224 4569 2427 4624 assolet
2472 4568 2716 4622 emicare
2755 4567 2928 4621 herba
2980 4568 3211 4636 agrestis
3244 4567 3301 4621 in
3334 4583 3465 4638 agro

1890 4663 2117 4717 minime
2148 4660 2422 4730 proscisso
2447 4666 2503 4713 et
2551 4659 2786 4720 inarato,
2822 4666 2916 4711 aut
2946 4667 3094 4711 certe
3131 4672 3233 4712 ceu
3262 4659 3464 4712 animal

1891 4762 2098 4808 natura:
2127 4752 2383 4823 agrestis,
2423 4749 2571 4820 quod
2615 4765 2673 4804 se
2726 4749 2781 4803 in
2817 4748 2961 4820 agris
2998 4749 3231 4802 exsatiat
3261 4764 3465 4817 pascuo

1889 4844 2155 4917 gramine,
2185 4843 2321 4898 citra
2356 4842 2787 4896 moderationem
2812 4839 3062 4894 rationis.
3091 4840 3221 4905 Quae
3248 4839 3467 4892 tandem

1890 4937 2124 5005 maligna
2161 4938 2275 4990 [nec
2294 4944 2378 4990 est
2410 4933 2660 5003 etqualis
2684 4930 3169 5001 concupiscentia?
3191 4931 3463 4986 Caeterum

1890 5028 2184 5096 utriusque
2220 5026 2432 5080 indoles
2460 5025 2618 5079 bona:
2648 5024 2805 5093 juxta
2831 5038 2895 5077 ac
2927 5023 3160 5088 vitiosae,
3210 5037 3461 5076 sermone

1892 5118 2141 5186 proximo
2179 5117 2489 5186 explicatur
2532 5129 2601 5169 eo
2636 5114 2907 5177 exactius,
2936 5122 2995 5168 ut
3033 5113 3321 5181 utriusque
3353 5111 3468 5165 dis~

1891 5207 2123 5261 crimine
2153 5206 2396 5261 lucidius
2421 5204 2715 5274 explicato,
2752 5204 3055 5258 adversarti
3083 5217 3205 5257 eam
3243 5216 3463 5256 omnem

1889 5313 2011 5368 quze
2041 5297 2236 5352 vitiosa
2267 5306 2374 5361 est,
2395 5296 2563 5351 vitam
2589 5305 2835 5349 nostram
2864 5294 3216 5349 instituamus
3247 5291 3314 5346 ad
3334 5307 3469 5362 pta-.-

1890 5387 2158 5457 scriptum
2212 5401 2477 5441 eanonem
2517 5384 2669 5438 illius
2697 5400 2818 5452 qua:
2869 5383 3014 5437 bona
3049 5391 3134 5437 est
3173 5390 3229 5435 ct
3278 5396 3373 5451 per
3408 5396 3467 5434 se

1891 5480 2141 5535 honesta.
2167 5479 2323 5535 Unde
2360 5487 2415 5533 et
2440 5478 2648 5548 lignum
2692 5478 2826 5532 illud
2859 5476 3103 5531 scientia:
3141 5478 3208 5529 ad
3232 5473 3466 5529 infusio-

1893 5587 2015 5625 nem
2066 5571 2350 5641 pertinens
2404 5569 2755 5640 cognitionis,
2800 5584 2965 5638 capax
3017 5577 3100 5623 est
3145 5573 3199 5622 et
3231 5564 3365 5620 boni
3412 5577 3471 5620 et.

1862 5746 1903 5769 ""
1938 5744 2103 5798 lin-li.
2145 5761 2215 5806 vr,
2264 5745 2352 5801 32.
2431 5748 2473 5769 "‘"
2504 5744 2669 5801 Πύθι’.
2721 5759 2772 5808 x,
2808 5743 2894 5798 :22.
