4178 6436
735 388 869 450 ιθδι

2011 392 2376 453 ANTIOCHI
2412 394 2755 454 MONACSII

3873 393 4022 453 1652

734 498 889 561 mali;
925 507 980 550 et
1014 496 1296 552 hominem
1330 499 1812 568 indicatcapacem
1836 512 1959 552 esse
1989 500 2308 569 cognitionis

2424 500 2597 563 πάθος
2620 501 2720 569 τῆς
2751 498 3069 569 ἐπιθυμίας,
3107 500 3276 568 λέγει·
3321 518 3338 550 ι
3380 501 3443 553 Εἰ
3473 502 3531 554 δὲ
3564 499 3657 554 καὶ
3701 499 3780 567 τῷ
3812 500 3997 567 assa;

731 596 788 639 et
816 585 942 638 boni
976 593 1032 638 rt
1062 586 1211 640 mali.
1248 587 1554 641 Discrimen
1590 602 1721 641 vero
1759 589 2048 657 utriusque
2073 589 2310 658 explicat

730 680 997 747 pressius,
1040 696 1148 733 non
1184 696 1251 734 co
1306 691 1365 734 ut
1396 680 1523 749 quis
1568 683 1771 735 malum
1808 697 1932 735 cum
1987 681 2133 735 bono
2184 696 2311 750 pro-

730 769 938 823 miscue
992 780 1286 838 operetur;
1336 772 1474 839 quin
1527 771 1724 841 magis,
1776 781 1836 826 ut
1894 770 2103 826 faciens
2160 770 2309 840 quod

731 862 935 915 bonum
1009 871 1114 925 est,
1194 862 1436 918 declinet
1514 879 1544 918 a
1615 866 1781 929 malo,
1855 866 2008 935 juxta
2085 874 2310 917 senten—

735 954 864 1008 tiam
921 954 1156 1008 dicentis
1213 970 1226 1005 :
1296 975 1314 1005 ι
1369 956 1593 1010 Declina
1659 972 1688 1010 a
1757 956 1901 1009 malo
1948 964 2005 1009 et
2063 956 2147 1009 fac
2213 957 2313 1009 bo-

730 1062 861 1099 num
900 1048 963 1100 ".
1008 1066 1025 1095 ι
1069 1045 1174 1099 Sed
1207 1055 1264 1099 et
1322 1048 1580 1116 primaria
1639 1048 1728 1100 illa
1772 1048 1856 1101 lex
1907 1048 2089 1101 edicto
2129 1058 2309 1115 caret,

732 1138 948 1208 1146
971 1156 988 1188 ι
1014 1138 1091 1192 Ne
1112 1138 1245 1206 quid
1276 1156 1467 1193 eorum
1486 1140 1849 1208 concupiscas
1880 1154 2001 1209 quae
2025 1148 2155 1193 sunt
2186 1156 2313 1209 pro-

728 1230 859 1282 ximi
883 1230 957 1282 tui
992 1230 1057 1284 ⁸⁸.
1091 1250 1108 1281 ›
1138 1231 1201 1284 Et
1225 1231 1450 1299 quidem
1471 1232 1651 1284 Achas
1674 1231 1993 1285 mandatum
2013 1231 2117 1284 hoc
2142 1240 2313 1285 trans-

726 1337 972 1389 gressus,
1004 1322 1217 1375 vineam
1251 1322 1519 1376 Nabutha:
1542 1322 1882 1391 concupivit,
1917 1322 2011 1376 sed
2035 1324 2310 1390 ctjustuzn

729 1407 942 1461 dedidit
976 1409 1121 1470 neci,
1151 1407 1257 1462 sibi
1304 1417 1490 1462 autem
1540 1425 1603 1462 ac
1641 1410 1827 1462 domui
1869 1425 1981 1463 su.m
2010 1421 2311 1463 extremam

728 1500 939 1552 invexit
969 1500 1183 1553 cladem
1223 1509 1445 1553 mtermc
1492 1500 1821 1568 perditionis
1867 1504 1931 1554 ⁸⁸.
1984 1501 2313 1570 Concupivit

727 1592 959 1659 proinde
1001 1593 1239 1661 populus
1277 1592 1783 1660 concupiscentiam
1820 1592 1874 1645 in
1901 1592 2144 1656 deserto,
2173 1608 2311 1661 qua-

726 1692 955 1752 propter
982 1685 1094 1737 illic
1125 1684 1489 1752 prociderunt
1520 1684 1768 1737 membra
1810 1685 2030 1739 illorum
2061 1687 2129 1738 7°.
2171 1686 2315 1739 Dicit

726 1782 781 1827 et
814 1774 1197 1828 Parmmiastcs
1228 1792 1241 1827 :
1277 1793 1295 1824 ι
1325 1776 1551 1828 Otiosus
1579 1776 1761 1829 omnis
1784 1777 1837 1829 in
1867 1777 2315 1845 concupiscentia

2420 592 2505 661 μῷ
2538 608 2639 661 μου
2689 592 3160 662 ἐπηκουλούθησεν
3213 595 3246 661 ἡ
3298 593 3498 662 καρδία
3537 611 3659 663 μου,
3696 591 3766 643 τὰ
3803 592 3864 643 δέ
3931 610 4022 658 μοι

2418 683 2718 754 σκυθρωπὰ
2750 682 3045 753 συμϐαίνῃ.
3096 703 3115 735 ο
3175 684 3343 755 Φησὶν
3380 682 3471 736 καὶ
3497 685 3525 736 ό
3565 683 3872 744 ἀπόστολος
3910 683 4020 733 Πέ-

2416 790 2565 843 τρος,
2598 794 2615 825 ι
2672 774 2993 844 Ἀγαπητοὶ,
3050 775 3377 844 παρακαλῶ,
3424 775 3501 838 ὡς
3552 777 3861 843 παροίκους
3926 775 4023 825 καὶ

2418 863 2831 934 παρεπιδήμους
2852 864 3155 932 ἀπέχεσθαι
3209 866 3317 918 τῶν
3354 864 3635 936 σαρκικῶν
3669 863 4017 932 ἐπιθυμιῶν.

2418 958 2619 1018 αἵτινες
2669 957 3052 1027 στρατεύονται
3125 957 3267 1010 κατὰ
3348 957 3448 1026 τῆς
3494 956 3696 1025 Ιζιυχῆς.
3753 976 3775 1007 ι
3818 955 3935 1007 Καὶ
3990 957 4019 1007 ὀ

2420 1045 2649 1108 Παῦλος,
2711 1062 2729 1095 ι
2760 1046 3093 1117 Νεκρώσατε
3146 1046 3216 1099 τὰ
3257 1047 3393 1117 μέλη
3438 1048 3593 1117 ὑμῶν
3633 1046 3706 1098 τὰ
3763 1046 3865 1097 ἐπὶ
3918 1047 4017 1109 τῆς

2418 1134 2542 1203 Ὺῆςι
2572 1135 2848 1205 πορνείαν,
2894 1136 3257 1205 ἀκαθαρσίαν,
3313 1136 3509 1201 πάθος,
3559 1134 3872 1203 ἐπιθυμίαν
3917 1152 4015 1185 κα-

2420 1232 2521 1294 κήν
2548 1241 2561 1255 ·
2586 1227 2647 1277 ού
2693 1225 2803 1294 γὰρ
2858 1226 3116 1279 ἐκάλεσεν
3151 1227 3297 1296 ἡμᾶς
3326 1228 3354 1278 ὁ
3388 1226 3520 1289 Θεὸς
3547 1226 3640 1277 ἐπὶ
3668 1225 4013 1294 ἀκαθαρσία,

2419 1317 2533 1369 ἀλλ’
2564 1318 2621 1367 ἐν
2648 1316 2926 1386 ἁγιασμῷ.
2976 1318 3067 1387 Μὴ
3110 1314 3203 1370 οὖν
3229 1315 3565 1386 βασιλευέτω
3596 1320 3629 1383 ἡ
3680 1316 3938 1384 ἁμαρτία
3958 1316 4017 1364 ἐν

2420 1408 2497 1477 τῷ
2528 1407 2704 1477 θνητῷ
2746 1407 2902 1477 ἡμῶν
2938 1406 3152 1477 σώματι
3186 1411 3261 1471 εἰς
3308 1408 3368 1459 τὸ
3398 1407 3697 1460 ὑπακούειν
3728 1408 3857 1466 ταῖς
3888 1407 4013 1457 ἐπι-

2422 1499 2648 1567 θυμίαις
2704 1500 2908 1563 αὐτοῦ,
2953 1499 3070 1552 ἀλλ’
3119 1500 3409 1553 ἐνδύσασθε
3459 1500 3551 1552 τὸν
3598 1499 3811 1567 Κύριον
3854 1497 4016 1567 ἡμῶν

2433 1591 2640 1660 Ἰησοῦν
2698 1592 2954 1662 Χριστὸν,
3011 1592 3105 1644 καὶ⁸
3163 1591 3262 1661 τῆς
3329 1591 3530 1661 σαρκὸς
3613 1590 3883 1659 πρόνοιαν
3941 1588 4014 1657 μὴ

2422 1681 2659 1734 ποιεῖσθε
2694 1683 2773 1745 είς
2803 1682 3118 1752 ἐπιθυμίας.
3157 1700 3175 1732 ι
3213 1683 3325 1735 Καὶ
3355 1678 3534 1743 αὖθις,
3571 1701 3588 1731 ι
3642 1681 3733 1732 Ἐν
3762 1674 3850 1741 οἷς
3880 1681 4014 1731 πάν-

2422 1788 2531 1833 τες,
2557 1770 2743 1840 φησιν,
2776 1773 2937 1840 ἡμεῖς
2963 1771 3381 1842 ἀνεστράφημέν
3416 1788 3545 1822 ποτε
3576 1775 3632 1822 ἐν
3660 1772 3786 1831 ταῖς
3820 1768 4013 1821 ἐπιθυ.

727 1864 854 1927 crit,
881 1880 1077 1919 manus
1106 1875 1291 1919 autem
1327 1865 1551 1918 fortium
1582 1866 1635 1919 in
1684 1866 1969 1935 diligentia
2000 1868 2066 1920 ¹¹¹.
2112 1887 2130 1918 ι
2168 1868 2308 1920 Itur-

2420 1862 2570 1931 μίαις
2602 1862 2709 1914 τῶν
2755 1862 2991 1930 καρδιῶν
3054 1863 3231 1932 ἡμῶν,
3287 1862 3566 1924 ποιοῦντες
3600 1862 3664 1914 τὰ
3716 1861 4011 1930 θελήματα

726 1970 820 2008 sus
853 1974 866 2008 :
905 1976 921 2008 ι
962 1958 1108 2011 Vana
1149 1959 1440 2026 occupatio
1468 1970 1706 2012 mentem
1730 1965 2116 2028 perscrutatur
2138 1966 2193 2012 et
2215 1973 2311 2012 ex-

726 2046 907 2113 plorat
935 2062 1043 2101 non
1101 2050 1318 2101 malam.
1361 2073 1377 2100 »
1409 2049 1701 2117 Itemque:
1747 2067 1764 2098 ι
1807 2049 2017 2118 Impius
2047 2059 2159 2104 tota
2221 2050 2311 2104 die

724 2139 1073 2206 concupiscit
1144 2142 1631 2210 coucupisccntias
1704 2158 1815 2196 non
1875 2142 2071 2206 bonas,
2130 2144 2314 2213 justus

733 2237 919 2281 autem
955 2229 1277 2283 misericors
1308 2239 1365 2283 et
1418 2230 1733 2294 miser-ator,
1763 2246 1866 2285 uec
1897 2247 2061 2300 parce
2091 2234 2158 2285 τ’.
2190 2251 2208 2282 ι
2247 2232 2315 2287 Et

725 2320 982 2375 inducit:
1031 2339 1048 2371 ι
1110 2320 1187 2375 Ne
1236 2332 1288 2375 te
1336 2324 1531 2378 vicerit
1569 2324 1997 2393 pulchritudinis
2049 2326 2314 2394 concupi-

724 2415 958 2477 scentia,
991 2428 1170 2481 neque
1204 2414 1479 2469 irretiaris
1522 2416 1630 2469 tuis
1662 2415 1943 2484 palpebris
1976 2416 2042 2469 ⁷³.
2079 2435 2097 2466 ι
2129 2415 2310 2469 lucul-

725 2514 887 2575 patus
928 2521 1149 2573 quoque
1193 2521 1294 2559 nec
1330 2507 1425 2560 ulli
1466 2508 1740 2561 obnoxius
1766 2506 2185 2577 reprehensioni
2211 2508 2312 2561 Job

724 2593 818 2664 qui
845 2602 901 2649 et
948 2596 1177 2665 pulchre
1206 2595 1464 2651 allectum
1509 2599 1657 2653 hunc
1688 2598 2151 2667 concupiscentia:
2181 2613 2312 2667 pro-

724 2686 974 2749 triverat,
1034 2686 1210 2740 dicit:
1256 2706 1274 2737 ι
1310 2687 1364 2741 Si
1401 2689 1623 2741 oculum
1683 2705 1864 2743 meum
1918 2698 2171 2743 secutum
2226 2697 2308 2743 est

722 2793 822 2832 cor
851 2792 1032 2830 meum
1056 2778 1124 2838 “.
1164 2797 1182 2829 ι
1215 2787 1323 2832 etc.
1356 2781 1652 2849 Apostolus
1676 2781 1807 2834 item
1839 2782 2072 2835 Petrus:
2117 2800 2133 2830 1
2168 2780 2311 2835 Cha-

723 2870 951 2935 rissimi,
976 2869 1209 2925 obsecro
1233 2885 1333 2924 vos
1364 2880 1623 2939 tauquam
1648 2871 1889 2925 advenas
1912 2880 1967 2925 et
1987 2870 2311 2941 peregrinos

724 2962 1003 3015 abstinere
1037 2976 1135 3014 vos
1165 2976 1195 3014 a
1223 2961 1542 3015 carnalibus
1566 2961 1881 3026 desideriis,
1913 2977 2035 3031 quae
2071 2962 2309 3015 militant

723 3052 991 3106 adversus
1034 3052 1273 3106 animam
1305 3053 1373 3105 ⁷⁵.
1429 3071 1447 3102 ι
1482 3052 1686 3105 Eodem
1719 3051 2007 3105 contendit
2058 3051 2261 3104 l'aulus
2293 3068 2305 3104 :

729 3158 746 3189 ι
786 3139 1113 3193 Mortiﬁcate
1145 3139 1331 3207 itaque
1359 3140 1604 3192 membra
1631 3148 1811 3193 vestra
1838 3155 1960 3207 qua:
1986 3149 2117 3193 sunt
2141 3154 2310 3208 super

2417 1953 2526 2006 τῶν
2580 1954 2819 2025 καρδιῶν
2864 1954 2960 2007 καὶ
3019 1953 3128 2006 τῶν
3180 1954 3430 2007 διανοιῶν
3486 1954 3667 2023 ἡμῶν.
3720 1973 3738 2005 ι
3786 1953 3853 2005 Ὀ
3917 1952 4010 2006 οῦν

2417 2044 2587 2097 θέλων
2618 2046 2877 2111 ἐκφυγεῖν
2918 2047 3015 2114 τὴν
3066 2044 3391 2115 φθοροποιὸν
3435 2044 3638 2112 ταύτην
3671 2045 4004 2113 ἐπιθυμίαν,

2414 2135 2514 2202 τὴν
2560 2134 2904 2200 κατάγουσαν
2958 2136 3050 2187 τὸν
3090 2136 3377 2204 ἄνθρωπον
3423 2135 3502 2196 εἰς
3559 2134 3818 2203 πυθμένα
3850 2134 4002 2204 ᾅδου,

2412 2226 2506 2279 τὸν
2559 2224 2724 2292 φόϐον
2779 2224 2872 2276 τοῦ
2921 2224 3057 2277 Θεοῦ
3122 2225 3437 2295 κτησάσθω.
3490 2244 3507 2276 ι
3552 2223 3613 2275 '0
3665 2224 3838 2293 φόϐος
3874 2224 4001 2293 γὰρ,

2426 2314 2573 2382 snsi,
2616 2314 2819 2383 Κυρίου
2867 2314 3053 2381 ἁγνὸς,
3083 2314 3353 2383 διαμένων
3401 2318 3481 2378 είς
3509 2316 3681 2369 αἰῶνα
3713 2316 3937 2378 αἰῶνος.
3981 2336 3997 2365 ι

2418 2403 2530 2455 Καὶ
2565 2401 2748 2468 πάλιν,
2790 2422 2808 2453 ι
2841 2403 3180 2473 Καθή).ωσον
3207 2408 3270 2458 ὲκ
3294 2405 3388 2457 τοῦ
3419 2405 3586 2472 φόϐου
3620 2423 3713 2457 σου
3739 2407 3845 2468 τὰς
3872 2407 4001 2475 σάρ-

2416 2514 2517 2559 κας
2557 2513 2679 2566 μον.
2726 2514 2745 2547 ι
2786 2498 2846 2549 '0
2892 2497 3003 2567 γὰρ
3037 2498 3437 2569 ἐνθυμούμενος
3469 2499 3557 2551 ἀεὶ
3606 2501 3697 2551 τὸν
3740 2499 3998 2562 θάνατον,

2416 2589 2510 2643 καὶ
2541 2588 2602 2641 τὸ
2633 2588 2744 2660 πῦρ
2783 2589 2845 2641 τὸ
2886 2588 3126 2650 αἰώνιον.
3157 2591 3253 2643 καὶ
3284 2591 3374 2643 τὸν
3406 2589 3664 2657 σκώληκα
3701 2591 3797 2641 τὸν
3848 2590 4001 2642 ἀκοί-

2419 2697 2608 2749 μητον,
2637 2683 2733 2735 καὶ
2758 2680 2817 2734 τὸ
2841 2681 3029 2744 σκότος
3052 2681 3112 2734 τὸ
3134 2680 3421 2752 ἐξώτερον,
3457 2682 3550 2735 καὶ
3574 2682 3665 2733 τὸν
3692 2681 3998 2751 κλαυθμὸν,

2414 2774 2507 2824 καὶ
2546 2773 2791 2842 βρυγμδν
2831 2774 2942 2826 τῶν
2974 2773 3205 2827 ὀδόντων
3228 2815 3242 2836 ,
3276 2774 3374 2828 καὶ
3417 2774 3515 2843 τὴν
3554 2775 3825 2843 αἰσχύνην
3854 2775 3998 2827 ἐχεί-

2412 2879 2531 2930 νην,
2566 2861 2666 2933 τὴν
2721 2865 2811 2915 ἐπὶ
2862 2863 2957 2915 τοῦ
3002 2863 3238 2936 φοόεροῦ
3278 2864 3526 2933 βήματος
3581 2863 3675 2915 τοῦ
3732 2862 3996 2934 Χριστοῦ,

2412 2952 2644 3006 ἐνώπιον
2707 2955 2957 3022 ἀγγέλων
3010 2956 3104 3007 καὶ
3145 2956 3479 3026 ἀνθρώπων.
3521 2954 3729 3007 διαλύει
3787 2954 3892 3024 μὲν
3938 2954 3997 3007 τὸ

2411 3044 2530 3098 λίαν
2558 3045 2656 3112 τῆς
2697 3047 2912 3116 ἡδονῆς,
2943 3049 3126 3100 πᾶσαν
3153 3046 3208 3099 δὲ
3249 3047 3349 3117 τὴν
3375 3046 3675 3115 ἐπιθυμίαν
3710 3046 3881 3100 αὑτοῦ
3920 3051 3995 3109 εις

2410 3135 2548 3188 Θεὸν
2582 3136 2955 3206 μετατίθησιν.
2999 3138 3367 3208 Ἐφαψώμεθα
3398 3135 3513 3200 οῦν,
3547 3138 3852 3206 ἀγαπητοὶ,
3888 3138 3995 3191 τῶν

724 3241 925 3283 terram
960 3247 973 3283 :
1005 3230 1451 3293 fornicationem,
1507 3230 1935 3293 immunditiam,
1967 3229 2303 3299 passionem,

2414 3224 2745 3294 σωματικῶν
2774 3225 2872 3277 καὶ
2906 3228 3296 3295 πνευματικῶν
3326 3227 3544 3288 κόπων,
3593 3226 3687 3277 καὶ
3729 3228 3763 3292 ἠ
3801 3226 3990 3278 ἐπιθυο

722 3319 1229 3389 concupiscentiam
1267 3319 1463 3372 malam
1502 3319 1578 3383 7‘;
1634 3334 1743 3371 non
1773 3319 1921 3372 enim
1959 3320 2180 3373 vocavit
2204 3333 2308 3372 nos

724 3411 869 3465 Deus
901 3412 954 3463 in
989 3410 1419 3471 immunditiam,
1466 3411 1559 3463 sed
1594 3411 1651 3463 in
1683 3408 2173 3464 sanctiﬁcationem
2214 3411 2259 3442 '”
2288 3426 2305 3476 ;

723 3516 833 3553 non
868 3500 1039 3570 igitur
1064 3510 1257 3568 regnet
1300 3509 1585 3569 peccatum
1614 3500 1670 3553 in
1700 3510 1887 3554 vestro
1920 3501 2140 3555 mortali
2180 3516 2305 3555 cor-

725 3606 881 3659 pore,
923 3590 976 3644 in
1018 3591 1124 3645 hoc
1175 3599 1237 3644 ut
1283 3591 1561 3645 obediatis
1592 3591 2061 3660 concupiscentiis
2091 3592 2211 3661 ejus
2230 3592 2299 3657 ’⁸,

722 3680 820 3734 sed
853 3679 1147 3735 iuduimini
1175 3681 1470 3734 Dominum
1497 3688 1747 3735 nostrum
1778 3681 1965 3735 .lesum
1991 3679 2296 3746 Christum,

718 3783 774 3827 et
830 3776 1015 3829 carnis
1065 3790 1253 3828 curam
1305 3790 1373 3827 nc
1426 3772 1732 3827 inl‘cceritis
1761 3774 1815 3826 in
1861 3771 2151 3827 desideriis
2174 3773 2238 3826 ⁷⁸.
2274 3790 2293 3823 ι

723 3864 936 3918 llursus
974 3882 987 3917 :
1024 3882 1043 3914 ι
1080 3865 1139 3918 1η
1177 3865 1381 3933 quibus
1414 3878 1608 3917 omnes
1633 3878 1736 3916 nos
1766 3863 2075 3917 conversati
2110 3877 2301 3916 sumus

717 3956 1015 4025 aliquando
1071 3956 1125 4009 iu
1159 3955 1628 4025 concupiscentiis
1675 3954 1929 4009 cordium
1957 3963 2295 4020 nostrorum,

718 4043 983 4098 facientes
1010 4045 1324 4098 voluntates
1352 4044 1537 4097 carnis
1564 4052 1621 4098 et
1645 4043 2042 4113 cogitationum
2080 4052 2301 4096 nostra-

2407 3311 2507 3380 μία
2554 3313 2852 3383 ὑποχωρεῖ.
2900 3312 3220 3383 Ἐπιθυμίαι
3273 3314 3382 3382 γὰρ
3448 3314 3683 3383 ὀκνηρὸν
3734 3316 3992 3368 ἀποκτείι

2404 3418 2606 3455 νουσιν.
2637 3403 2713 3455 Οὐ
2748 3403 2859 3473 γὰρ
2884 3403 3278 3475 προαιροῦνται
3308 3406 3365 3458 αἱ
3391 3408 3571 3475 χεῖρες
3604 3404 3774 3458 αὑτοῦ
3816 3408 3991 3458 ποιείν

2401 3507 2477 3544 τι.
2526 3491 2586 3544 '0
2612 3492 2669 3545 δὲ
2703 3492 3005 3563 φιλόψυχος
3032 3494 3238 3565 Κύριος
3252 3498 3467 3564 φησὶν,ι
3507 3496 3677 3548 Ἐὰνό
3708 3494 3988 3565 ὀφθαλμός

2404 3598 2497 3633 σου
2528 3583 2557 3634 ό
2592 3581 2763 3646 δεξιὸς
2803 3583 3147 3649 σκανδαλίζει
3192 3602 3273 3651 σε,
3303 3585 3452 3649 ἔξελε
3488 3586 3666 3649 αὑτὸν,
3717 3588 3813 3639 καὶ
3862 3587 3986 3656 βάλε

2398 3675 2509 3727 ἀπὸ
2538 3675 2654 3728 σοῦ·
2687 3677 2962 3746 συμφέρει
3012 3677 3122 3748 γάρ
3173 3695 3279 3743 σοι,
3333 3680 3417 3731 ἵνα
3466 3678 3735 3747 ἀπόληται
3780 3680 3843 3730 ἒν
3881 3678 3988 3731 τῶν

2402 3764 2580 3833 μελῶν
2609 3782 2724 3828 σου,
2758 3768 2854 3820 καὶ
2902 3766 2978 3834 μὴ
3007 3769 3131 3821 ὅλον
3164 3768 3227 3821 τὸ
3257 3769 3419 3838 σῶμά
3450 3786 3545 3821 σου
3575 3768 3748 3839 βληθῇ
3779 3769 3863 3831 είς
3891 3770 3987 3838 τὴν

2398 3857 2620 3924 γέενναν
2644 3877 2662 3908 ι
2682 3854 2797 3931 [τοῦ
2816 3860 3004 3931 πυρός.
3029 3855 3103 3915 Οῦ
3125 3860 3511 3932 ρυ[σ]θείημεν
3538 3862 3721 3932 χάριτι
3747 3861 3984 3930 Χριστοῦ

2404 3952 2609 4019 Κυρίου
2661 3952 2865 4025 ἡμῶν.]
2920 3955 3079 4025 Αύτῷ
3122 3958 3156 4024 ἠ
3192 3956 3321 4020 δόξα
3354 3956 3453 4027 [τῷ
3495 3956 3686 4026 ἀγαθῷ
3719 3955 3869 4027 Θεῷ]
3909 3957 3984 4018 εἰς

2402 4045 2527 4107 τοὺς
2557 4044 2780 4108 αἰῶνας.
2832 4046 3027 4115 Ἀμήν.

718 4148 837 4185 rum
875 4133 940 4187 ".
992 4152 1010 4183 ι
1061 4132 1323 4202 Quisquis
1371 4134 1539 4201 igitur
1587 4135 1741 4202 cupit
1792 4134 2296 4202 concupiscentiam
2339 4131 2549 4200 fugere,
2615 4137 2784 4190 totius
2824 4136 3154 4205 corruptela:
3184 4137 3475 4203 artiﬁcem,
3514 4154 3636 4208 qua:
3700 4138 3978 4192 hominem

717 4235 866 4279 recta
893 4225 1218 4279 transmittit
1244 4225 1297 4278 in
1344 4225 1745 4295 penitissimam
1807 4225 2065 4295 abyssum
2133 4225 2360 4286 inferni,
2404 4225 2451 4279 is
2494 4225 2601 4279 sibi
2652 4227 2900 4281 studiose
2923 4234 3079 4297 paret
3118 4228 3215 4281 Dei
3240 4230 3518 4283 timorem.
3550 4248 3569 4279 ι
3602 4229 3798 4283 Timor
3834 4233 3977 4284 enim

716 4318 932 4371 Domini
960 4327 1205 4381 sanctus,
1246 4332 1576 4386 permanens
1617 4317 1671 4369 in
1703 4318 1964 4371 smculum
1996 4318 2179 4371 szeculi
2210 4318 2276 4382 ⁸⁸,
2308 4339 2324 4368 ι
2368 4318 2446 4372 ait
2492 4320 2686 4373 David.
2740 4321 2955 4375 Rursus
3011 4322 3157 4378 idem

3216 4339 3231 4377 :
3272 4341 3291 4373 ι
3348 4322 3575 4393 Conﬁge
3624 4323 3827 4377 timore
3889 4334 3978 4377 tuo

715 4426 912 4465 carnes
940 4425 1089 4464 meas
1118 4411 1188 4463 εί.
1222 4430 1238 4461 ι
1269 4410 1372 4477 Qui
1403 4410 1550 4463 enim
1574 4411 1779 4479 jugiter
1822 4410 1894 4463 ob
1958 4411 2151 4464 oculos
2218 4412 2416 4464 mentis
2445 4412 2600 4479 ponit
2631 4419 2687 4466 et
2714 4412 2974 4467 obversat
3000 4414 3407 4485 impendentem
3480 4425 3737 4479 mortem,
3800 4415 3975 4483 ignem

718 4501 873 4555 illum
960 4512 1248 4564 aeternum,
1307 4500 1611 4553 insomnem
1686 4515 1790 4553 nec
1861 4516 2103 4570 unquam
2163 4501 2687 4569 interquiescentcm

2779 4519 3025 4559 vermem
3053 4544 3068 4566 ,
3135 4506 3257 4560 illas
3348 4506 3649 4560 exteriores
3698 4507 3972 4571 tenebras,

717 4601 903 4653 lletum
933 4614 995 4652 ac
1024 4597 1313 4651 stridorem
1342 4596 1874 4656 dentium.dedecus
1903 4613 2123 4666 quoque
2159 4597 2293 4651 illud
2334 4597 2645 4667 ignominia:
2690 4615 2953 4670 perquam
3024 4602 3247 4671 plenum
3297 4617 3408 4670 quo
3478 4601 3805 4671 aspergendi
3854 4610 3975 4655 sunt

717 4691 959 4759 reprobi,
1005 4701 1131 4743 ante
1177 4689 1524 4743 formidabile
1598 4689 1806 4744 Christi
1861 4691 2128 4753 tribunal,
2190 4692 2356 4759 inque
2395 4703 2691 4761 conspectu
2723 4704 2779 4748 et
2812 4696 3133 4765 angelorum
3165 4695 3450 4750 hominum
3480 4696 3793 4757 constituti,
3828 4698 3973 4751 nullo

716 4780 936 4848 negotio
976 4780 1340 4848 isinterpolat
1370 4795 1432 4832 ac
1480 4794 1705 4849 prorsus
1737 4780 1987 4833 dissolvit
2046 4781 2446 4849 quantamlibct
2498 4783 2901 4838 lenocinantem
2985 4785 3302 4839 illecebram
3364 4784 3670 4853 voluptatis
3698 4823 3714 4845 ,
3756 4800 3969 4839 onmem

716 4869 957 4937 denique
984 4870 1487 4938 concupiscentiam
1517 4886 1624 4938 qua
1690 4880 2063 4939 oppugnatur,
2091 4871 2146 4923 in
2181 4886 2423 4924 amorem
2485 4872 2809 4928 transcribit
2872 4873 2988 4927 Dei.
3029 4873 3275 4927 Labores
3340 4872 3509 4942 igitur
3537 4887 3893 4942 capessamus
3922 4883 3972 4927 ct

716 4960 969 5029 corporis
1002 4970 1057 5014 et
1085 4961 1330 5029 spiritus,
1363 4969 1417 5012 ct
1457 4960 1509 5013 in
1544 4961 1778 5015 articulo
1813 4965 2052 5031 suscepti
2085 4962 2291 5017 laboris
2330 4965 2540 5017 secedit
2586 4966 3059 5035 concupiscentia.
3103 4966 3324 5035 Pigrum
3356 4965 3503 5019 enim
3562 4980 3627 5019 ac
3689 4966 3969 5022 socordem

716 5052 1161 5121 concupiscentia
1213 5052 1457 5105 occidit:
1510 5069 1620 5106 non
1676 5057 1823 5106 enim
1876 5054 2069 5107 volunt
2133 5070 2329 5107 ntamts
2363 5057 2481 5125 ejus
2523 5056 2825 5125 quidquam
2890 5057 3130 5126 operari.
3158 5057 3425 5113 Dominus
3451 5058 3764 5112 animarum
3788 5075 3971 5112 aman-

718 5141 962 5194 tissimus
991 5143 1101 5193 ait:
1154 5161 1170 5190 ι
1211 5142 1265 5194 Si
1308 5142 1499 5195 oculus
1541 5152 1671 5197 tuus
1726 5144 1917 5197 dexter
1947 5145 2281 5197 scandalizat
2324 5157 2393 5207 te,
2422 5163 2556 5200 erue
2609 5164 2735 5201 eum
2769 5157 2825 5202 et
2877 5148 3087 5218 projice
3151 5148 3251 5202 abs
3303 5157 3389 5214 te;
3422 5150 3619 5203 melius
3655 5151 3806 5202 enim
3876 5150 3966 5203 tLbi

717 5234 806 5295 sit,
849 5233 1056 5304 1141
1086 5242 1145 5285 ιιι
1211 5246 1399 5302 pereat
1468 5251 1637 5288 unum
1687 5236 2062 5289 membrorum
2109 5244 2354 5298 tuorum,
2391 5246 2581 5293 etnon
2618 5246 2791 5293 totum
2818 5253 3020 5308 corpus
3047 5236 3371 5309 projiciatur
3407 5238 3462 5293 in
3506 5239 3820 5309 gehennam
3848 5241 3911 5295 ⁸³.
3942 5261 3959 5292 ι

718 5328 820 5396 ipsi
851 5329 1021 5398 gloria
1042 5330 1096 5383 in
1132 5330 1326 5383 accola
1356 5332 1707 5384 szeculorum.
1740 5331 1934 5385 Amen.

785 5551 826 5624 ξ’
852 5550 871 5604 1
902 5551 1047 5607 Pctr.
1085 5570 1167 5617 ιιι,
1203 5556 1289 5609 Η.
1369 5557 1412 5586 ⁸⁸
1465 5557 1636 5612 Exod,
1676 5576 1766 5624 χχ,
1802 5561 1882 5614 Π,

714 5620 941 5673 "l‘rov.
980 5625 1178 5688 uult),
1220 5626 1305 5679 12.
1383 5627 1427 5656 ⁷³
1479 5629 1637 5681 Prov.
1695 5620 1767 5689 vt,
1833 5632 1922 5683 ‘23.

717 5706 787 5747 Iv,
818 5690 868 5741 7.
946 5693 989 5722 ⁷⁸
1014 5694 1169 5746 liutn.
1200 5712 1274 5748 γι.
1305 5697 1389 5749 12.
1470 5698 1511 5730 ⁷⁵
1541 5699 1696 5753 lium.
1734 5716 1847 5759 xm,
1892 5703 1969 5754 Ι-ί.

720 5760 881 5812 Matth
951 5778 1001 5816 γ,
1037 5763 1125 5815 ‘le.

1961 5561 2005 5593 ⁸³
2053 5562 2119 5616 lll
2160 5563 2293 5631 Reg.
2342 5580 2428 5617 xx:
2478 5564 2702 5633 passim.

2003 5634 2044 5663 ⁷³
2084 5634 2187 5685 .lob
2223 5649 2363 5691 XXXI,
2402 5635 2453 5686 7.

2052 5706 2096 5731 Μ’
2131 5704 2331 5771 liphrs.
2368 5720 2421 5756 ιι.
2464 5704 2517 5757 π.

3476 5567 3515 5598 ⁷¹
3567 5567 3730 5621 Prov.
3760 5585 3816 5624 κ.
3850 5570 3898 5622 4.

3092 5635 3139 5665 ⁷⁸
3176 5635 3386 5690 Coloss.
3418 5652 3493 5699 111,
3529 5636 3580 5688 5.
3664 5640 3705 5668 ⁷⁷
3733 5639 3752 5692 Ι
3781 5639 3959 5691 Thess.

3211 5704 3255 5735 ¹²
3300 5706 3440 5761 l-‘sal.
3477 5722 3661 5773 cxnu,
3712 5710 3827 5763 leo.
3899 5707 3941 5738 ⁸³

2779 5566 2825 5596 "°
2854 5565 3015 5619 Num.
3050 5582 3123 5627 xt,
3175 5566 3397 5634 passim.

2531 5635 2617 5687 ⁷³1
2657 5635 2801 5688 l‘elr.
2837 5652 2893 5692 ιι.
2934 5636 3014 5688 ll.

2594 5706 2633 5733 '”
2668 5705 2808 5758 Psal.
2836 5721 2981 5766 mu,
3026 5707 3106 5758 l0.
