4178 6436
734 439 871 502 1655

2000 440 2363 500 ANTIOCHI
2406 438 2748 501 MONACHI

3859 431 3996 495 1656

732 552 1052 613 dormiseat,
1104 550 1415 607 destertens
1477 553 1697 608 interim
1756 571 1819 609 ac
1890 571 2121 612 securus
2169 572 2316 612 cura:

2423 557 2480 609 ὲν
2509 557 2681 626 φόῢῳ,
2712 558 2807 609 καὶ
2845 554 3173 623 ἀγαλλιᾶσθε
3214 552 3365 621 αὖτῷ
3408 553 3463 602 ὲν
3501 549 3706 621 τρόμῳ·
3757 553 3869 609 πᾶς
3902 554 3997 603 ἄν·

733 642 969 695 omnis:
1025 643 1284 697 omnibus
1327 643 1474 697 enim
1530 661 1596 699 ex
1651 662 1810 717 mque
1855 649 2167 705 vivificator
2226 652 2317 706 ille

735 730 975 800 Spiritus
1034 732 1137 786 hoc
1186 733 1500 802 prmscribit
1554 736 1896 791 mandatum.
1938 739 2031 792 Ait
2064 741 2213 793 enim
2249 741 2316 806 is,

737 837 838 891 per
880 839 943 877 os
988 824 1158 877 David
1193 840 1206 875 :
1267 842 1286 874 ι
1324 824 1661 892 Erudimini,
1696 844 1889 883 omnes
1920 831 2013 899 qui
2059 831 2321 899 judicatis

746 928 949 976 erraui,
993 914 1198 968 servite
1228 914 1460 969 Domino
1482 917 1533 970 in
1561 918 1775 983 timore,
1809 929 1866 975 et
1892 921 2163 975 exsultate
2186 922 2238 975 ei
2265 923 2318 975 in

740 1012 999 1066 tremore,
1068 994 1469 1075 apprehendite
1538 1008 1910 1078 disciplinam.
1976 1028 2043 1065 ne
2100 1012 2321 1081 quando

745 1099 1019 1151 irascatur
1050 1098 1337 1163 Dominus,
1388 1108 1445 1152 et
1499 1101 1737 1168 pereatis
1774 1100 1841 1156 de
1873 1103 1959 1156 via
2001 1104 2149 1173 justa
2191 1103 2257 1157 ⁸⁸.
2296 1124 2315 1154 ι

740 1189 955 1243 Rursus
991 1207 1002 1241 :
1041 1207 1058 1237 ι
1100 1189 1251 1243 Beati
1305 1191 1398 1259 qui
1446 1192 1767 1246 custodiunt
1806 1193 2099 1262 judicium,
2142 1204 2199 1249 et
2243 1196 2322 1249 fa-

735 1281 891 1333 ciunt
916 1279 1185 1345 justitiam
1212 1280 1266 1332 in
1296 1281 1443 1333 omni
1470 1289 1716 1348 tempore
1738 1282 1804 1333 ".
1848 1301 1865 1332 ι
1891 1282 1958 1335 Ει
1997 1300 2009 1335 ι
2053 1302 2070 1334 ι
2103 1282 2157 1337 Si
2192 1300 2321 1338 vere

738 1373 933 1439 uti.va
960 1371 1235 1441 justitiam
1276 1372 1589 1440 loquimini,
1620 1374 2052 1444 rectejudicatc,
2092 1376 2188 1429 filii
2216 1376 2320 1430 ho-

738 1464 950 1515 minum
988 1465 1025 1515 '.
1064 1481 1082 1513 ι
1149 1462 1201 1515 Si
1255 1478 1383 1517 vere
1419 1464 1631 1532 utique,
1682 1481 1789 1518 non
1822 1467 2201 1521 eommentitie
2256 1482 2321 1521 ac

736 1552 1100 1617 mendaciter,
1127 1568 1308 1621 neque
1356 1570 1456 1621 per
1502 1554 1837 1623 hypocrisin.
1890 1557 2103 1610 Dixeris
2135 1573 2149 1609 :
2183 1555 2317 1626 quid

737 1642 906 1711 igitur
942 1642 1008 1695 ad
1058 1657 1145 1696 me
1194 1642 1338 1696 istud
1397 1643 1595 1697 attinet
1642 1646 1987 1709 mandatum,
2024 1647 2114 1699 cui
2165 1646 2316 1700 nulla

735 1733 1049 1786 concredita
1076 1731 1291 1786 functio
1314 1732 1624 1802 judiciarize
1672 1736 1984 1803 potestatis,
2039 1736 2133 1806 qui
2182 1735 2317 1789 nihil

736 1826 920 1878 minus
952 1840 1115 1895 quam
1140 1824 1385 1895 judieem
1416 1825 1723 1894 profiteor?
1752 1828 1893 1881 llnic
1910 1827 2310 1897 responderim,

738 1914 884 1969 Deus
921 1917 1013 1984 qui
1072 1916 1350 1970 hominem
1393 1916 1663 1977 condidit.
1693 1917 1975 1972 feciteum
2019 1933 2133 1971 sum
2190 1932 2309 1972 esse

736 2006 950 2074 spontis
980 2022 1043 2059 ac
1071 2006 1232 2060 liberi
1278 2007 1491 2060 arbitrii
1524 2025 1535 2059 :
1575 2023 1833 2077 capacem
1868 2016 2135 2076 μέτεισι-ρει
2176 2024 2309 2077 pro-

734 2098 900 2167 positi
945 2099 1288 2160 alterutrius,
1312 2107 1405 2151 ant
1438 2100 1660 2152 virtutis
1694 2109 1787 2153 aut
1811 2100 1950 2152 vitii.
1975 2098 2223 2168 Cumque
2254 2098 2308 2152 in

736 2190 930 2243 faciem
993 2191 1235 2245 hominis
1304 2191 1602 2259 inspirans,
1661 2192 2021 2260 multiplicem
2088 2207 2309 2245 sensum

737 2279 1047 2343 insevissct,
1082 2280 1312 2348 perinde
1359 2289 1523 2348 atque
1559 2280 1612 2333 in
1663 2282 1839 2350 agello
1879 2283 2159 2351 quopiam,
2214 2298 2311 2336 cx-

737 2371 1051 2440 plessetque
1100 2372 1397 2426 satellitum
1434 2373 1687 2427 ordinem
1728 2391 1741 2437 ;
1796 2373 1849 2425 in
1896 2373 2094 2427 horum
2132 2373 2313 2428 medio

738 2460 900 2529 jussit
930 2470 1173 2515 mentem
1220 2455 1469 2516 residere
1506 2463 1822 2531 primariam
1856 2472 2019 2532 atque
2049 2480 2311 2517 sensuum

739 2550 1189 2617 moderatricem,
1218 2567 1318 2606 ceu
1347 2568 1529 2622 regem
1553 2555 1812 2623 stipatum
1836 2556 2095 2610 satellitio
2117 2557 2311 2621 milite,

746 2658 933 2712 regem
992 2644 1176 2712 plane,
1214 2659 1282 2697 ex
1332 2645 1651 2698 conditione
1704 2645 1909 2699 bonum
1962 2662 2027 2700 ac
2077 2649 2311 2715 justum.

740 2734 917 2788 Penes
946 2749 1071 2786 eum
1128 2734 1296 2803 igitur
1348 2736 1575 2789 omnino
1617 2744 1701 2789 est
1743 2736 2029 2807 judicandi
2063 2739 2312 2801 libertas,

742 2840 854 2893 quo
876 2825 1247 2878 discerniculo
1277 2826 1455 2878 virtus
1486 2842 1515 2879 ιι
1550 2827 1686 2879 vitio
1729 2827 2127 2898 distinguatur,
2183 2839 2313 2899 puta

743 2914 1111 2983 temperantia
1137 2914 1206 2966 ab
1239 2914 1434 2968 effreni
1462 2916 1723 2981 libidine;
1761 2918 2031 2988 ingluvies
2060 2921 2130 2973 ab
2159 2935 2319 2975 exer-

743 3006 875 3061 citio
906 3006 1278 3068 abstinentiae,
1330 3007 1408 3059 ira
1439 3022 1469 3059 a
1498 3009 1947 3075 mansuetudine,
1982 3010 2163 3065 inanis
2196 3012 2317 3081 glo-

748 3098 843 3151 rize
876 3097 997 3150 sitis
1032 3098 1101 3151 ab
1152 3098 1486 3152 humilitate.
1509 3098 1699 3154 Virtus
1723 3099 1963 3170 denique
2011 3103 2194 3157 omnis
2231 3104 2319 3157 vi-

2344 1889 2387 1942 Β

2424 648 2641 717 Ορωπος
2670 646 2937 714 δράξασθε
2969 646 3240 707 παιδείας,
3266 646 3475 712 μήποτε
3511 640 3743 709 όργισθῇ
3769 640 3996 709 Κύριος.

2422 739 2515 790 καὶ
2538 738 2827 790 ἀπολεῖσθε
2853 735 2911 802 ἐξ
2933 734 3053 788 όδοῦ
3082 733 3317 795 δικαίας,
3356 752 3375 784 ›
3409 732 3519 784 Καὶ
3541 731 3724 788 πάλιν,
3755 748 3772 777 ι
3807 730 4000 781 Μακά-

2424 846 2527 899 ριοι
2572 830 2620 883 οί
2654 829 3020 899 φυλάσσοντες
3050 828 3255 896 κρίσιν,
3288 826 3384 878 καὶ
3418 822 3697 883 ποιοῦντες
3731 820 4003 873 δικαιοσό·

2421 936 2520 987 νην
2549 922 2605 973 ὲν
2632 919 2798 974 παντὶ
2829 919 3027 991 καιρῷ,
3058 940 3076 971 ι
3112 918 3242 981 Καὶ,
3274 934 3292 966 ι
3328 916 3389 969 Εἰ
3410 913 3583 983 ἀληθιτ
3608 931 3624 973 ;
3650 913 3761 979 ἄρα
3789 912 3998 964 δικαιοη

2424 1010 2590 1080 σύνην
2612 1011 2844 1075 λαλεῖτε,
2874 1012 3037 1064 εὐθέα
3066 1008 3313 1081 κρίνατε,
3340 1007 3447 1059 υίοὶ
3470 1007 3577 1057 τῶν
3618 1003 3945 1072 ἀνθρώπων.
3978 1022 3994 1051 ι

2424 1105 2485 1157 Εἰ
2512 1102 2725 1172 ἀληθῶς
2758 1103 2887 1172 ἄρα,
2932 1103 3025 1154 καὶ
3063 1103 3140 1172 μὴ
3176 1099 3395 1169 ψεῦδος,
3433 1098 3568 1166 μηδὲ
3607 1096 3731 1149 καθ’
3763 1096 3999 1159 ὑπόκρι-

2425 1212 2531 1248 σιν.
2562 1195 2627 1246 Τί
2652 1192 2768 1257 οὖν,
2795 1193 2981 1263 φησὶν,
3018 1193 3156 1261 πρός
3192 1209 3280 1261 με,
3318 1191 3408 1243 τὸν
3438 1190 3512 1259 μὴ
3543 1186 3999 1257 ἐμπεπιστευμέ-

2422 1301 2511 1339 νον
2542 1283 2864 1353 δικαστικὴν
2908 1283 3120 1354 ἀρχήνς
3160 1282 3235 1334 Τὸ
3277 1279 3651 1350 παράγγελμα
3679 1276 3846 1329 τοῦτο
3891 1277 4001 1343 ἐγώ

2424 1393 2505 1429 σοι
2529 1374 2657 1445 ὲρῶσ
2696 1375 2753 1427 '0
2775 1375 2909 1438 Θεὸς
2930 1377 2959 1427 6
2986 1373 3179 1435 κτίσας
3202 1373 3294 1425 τὸν
3320 1372 3627 1442 ἄνθρωπον,
3646 1368 4001 1430 αὐτεξούσιον

2422 1464 2584 1518 αὐτὸν
2634 1464 2913 1533 ἐποίησεν,
2951 1462 3203 1515 δεκτικὸν
3254 1460 3581 1530 προσϐολῆς,
3641 1458 3874 1529 ἀρετῆς,
3907 1459 4001 1508 καὶ

2421 1557 2640 1619 κακίας.
2687 1554 2964 1616 Φυτεόσας
2990 1554 3046 1606 δὲ
3080 1553 3182 1615 τὰς
3212 1551 3428 1612 πλείους
3457 1550 3765 1619 αἰσθήσεις,
3811 1548 4000 1615 ὥσπερ

2420 1646 2479 1697 ἐν
2513 1645 2692 1716 μικρῷ
2724 1661 2830 1697 τινι
2863 1643 3072 1715 χωρίῳ,
3105 1645 3170 1712 τῇ
3206 1642 3326 1709 ὕψει
3359 1640 3678 1710 δορυφόρων
3720 1639 3884 1703 τάξιν
3917 1640 3995 1689 ἐκ·

2420 1734 2755 1804 πληρούσας,
2783 1733 3083 1804 ὲνθρονίζει
3114 1734 3326 1793 αὐταῖς,
3364 1729 3555 1798 ὥσπερ
3598 1728 3827 1798 βασιλέα
3868 1729 4003 1793 ἁγα-

2421 1827 2511 1879 θὸν
2557 1825 2654 1879 καὶ
2704 1825 2934 1889 δίκαιον,
2976 1826 3067 1877 τὸν
3106 1824 3350 1895 ἡγεμόνα
3419 1821 3567 1875 νοῦν.
3613 1820 3881 1891 Κρίνεται
3910 1817 4002 1871 οὖν

2415 1921 2633 1982 πάντως
2704 1918 2875 1988 ἀρετὴ
2926 1917 3023 1971 καὶ
3076 1919 3267 1977 κακία,
3317 1916 3614 1971 τουτέστιν,
3669 1910 3998 1981 σωσροσὺνη

2412 2011 2507 2063 καὶ
2552 2010 2835 2074 ἀκολασία,
2894 2008 3311 2078 γαστριμαργία
3365 2008 3460 2059 καὶ
3528 2006 3764 2073 ἄσκησις
3830 2003 4002 2071 θυμὸς

2412 2096 2506 2148 καὶ
2551 2098 2794 2166 πραότης
2854 2095 3131 2159 κενοδοξία
3182 2095 3277 2147 καὶ
3324 2092 3799 2163 ταπεινοφροσῦνη
3844 2110 3858 2122 ·
3907 2093 4003 2144 καὶ

2414 2186 2597 2251 ἁπλῶς
2628 2190 2784 2242 πᾶσα
2819 2188 2987 2258 ἀρετὴ
3041 2188 3203 2257 δίκην
3256 2188 3368 2255 ἔχει
3418 2187 3553 2255 πᾴις
3604 2187 3705 2254 τὴν
3757 2184 4000 2238 ἀντιδιαα

2416 2278 2777 2348 στελλομένην
2805 2278 2945 2348 αὐτῇ
2976 2277 3199 2331 κακίαν.
3246 2278 3372 2329 Ἐάν
3400 2273 3492 2329 οὖν
3513 2276 3541 2327 ὁ
3572 2274 3698 2335 νοῦς
3727 2274 3999 2343 κατακρίο

2412 2387 2494 2423 νει
2517 2370 2615 2439 τὴν
2642 2369 2863 2433 κακίαν,
2890 2367 3178 2422 δικαιώσει
3209 2367 3265 2421 δὲ
3288 2369 3387 2437 τὴν
3413 2367 3635 2438 ἀρετὴν,
3660 2365 3831 2418 εὐθέα
3861 2366 4003 2434 ἔκρι-

2414 2477 2525 2522 νεν,
2563 2460 2659 2514 καὶ¹
2710 2459 2979 2529 ἐφύλαξεν
3012 2462 3188 2531 κρῖμα
3223 2462 3316 2512 καλ⁸
3348 2460 3720 2527 δικαιοσύνην.
3755 2458 3819 2510 ΕΞ
3854 2458 3911 2510 δὲ
3939 2460 4001 2510 ὲκ

2415 2552 2754 2615 πολυποσίας
2799 2552 3124 2622 ἐπιλάθηται.
3170 2552 3402 2615 ἑαυτοῦ,
3444 2551 3632 2604 πίπτει
3680 2553 3746 2603 ἐκ
3792 2549 3892 2602 τοῦ
3920 2549 4001 2601 δι-

2416 2644 2597 2705 καίου,
2640 2643 2715 2705 ὡς
2750 2643 3022 2712 Ὀχοζίας,
3058 2645 3151 2695 καὶ
3192 2646 3468 2713 ἀρρωστεῖ
3501 2643 3821 2713 ἀρρωστίαν
3861 2642 4002 2709 πρὸς

2418 2736 2667 2800 θάνατον,
2697 2737 2977 2788 τουτέστιν
3008 2736 3232 2789 ἁπόλλει
3252 2736 3349 2806 τὴν
3376 2736 3677 2805 διάκρισιν,
3710 2734 3811 2787 καὶ
3840 2734 3999 2787 δίδω-

2420 2844 2503 2880 σιν
2531 2828 2629 2899 τὴν
2652 2828 2890 2881 νικῶσαν
2911 2828 3092 2897 ψῆφον
3115 2831 3181 2898 τῇ
3206 2828 3398 2896 κακία,
3423 2827 3517 2879 καὶ
3542 2825 3883 2893 ἀποθνήσκει
3909 2825 4002 2876 τόν

2417 2920 2635 2974 αἰώνιον
2666 2919 2917 2974 θάνατον.
2955 2903 3180 2983 Τούτοις
3206 2920 3261 2971 δὲ
3295 2921 3665 2988 ἐπιμαρτυρεῖ
3712 2918 3807 2969 καὶ
3834 2918 3861 2968 ὁ
3887 2916 4004 2968 Κό-

2422 3029 2558 3081 ριος,
2586 3012 2783 3080 λέγων,
2832 3031 2850 3063 ι
2888 3012 2953 3064 Τί
2984 3012 3042 3063 δὲ
3076 3011 3171 3064 καὶ
3204 3013 3296 3079 ἀφ’
3330 3011 3540 3063 ἑαυτῶν
3587 3011 3649 3062 οὐ
3691 3009 3911 3077 κρίνετε
3942 3008 4004 3058 ’2³)

2417 3100 2655 3163 δίκαιον;
2678 3119 2695 3151 ι
2748 3101 2836 3163 Ὠς
2866 3099 2973 3171 γὰρ
3008 3100 3242 3162 ὑπάγεις
3290 3100 3427 3167 μετὰ
3456 3097 3551 3150 τοῦ
3597 3097 3871 3149 ἀντιδίκου
3906 3112 4002 3147 σου

745 3187 885 3245 tium
941 3188 1103 3241 habet
1153 3188 1242 3241 cui
1297 3189 1625 3251 reluctetur,
1680 3205 1791 3259 quo
1863 3206 1989 3246 cum
2045 3192 2317 3262 judicium

2421 3189 2509 3242 ἐπ’
2541 3190 2798 3259 ἄρχοντα*
2841 3193 2900 3243 ἐν
2936 3193 3002 3259 τῇ
3053 3189 3157 3259 (ῖδῷ
3200 3190 3287 3249 δδς
3333 3190 3596 3259 ἐργασίαν
3650 3187 4002 3255 ἀπηλλάχθαι

745 3289 1015 3335 exerceat.
1044 3280 1193 3335 Mens
1225 3281 1394 3351 igitur
1420 3282 1463 3335 si
1490 3282 1752 3336 malitiam
1795 3284 2148 3346 condemnet,
2177 3284 2317 3339 ferat

744 3382 927 3427 autem
973 3389 1074 3443 pro
1138 3373 1343 3427 virtute
1405 3375 1766 3438 sententiam,
1821 3384 1971 3429 recte
2024 3375 2315 3445 judicavit,

745 3460 987 3530 fecitque
1011 3463 1282 3531 judicium
1328 3472 1383 3517 et
1412 3465 1709 3535 justitiam.
1746 3466 1903 3531 Quod
1931 3466 1975 3520 si
2007 3482 2107 3535 per
2131 3467 2323 3521 immo.

746 3552 994 3605 deratam
1056 3556 1427 3624 sumptionem
1502 3557 1615 3610 vini
1676 3556 1911 3626 seipsam
1979 3556 2183 3625 fugerit
2258 3571 2323 3611 ac

746 3645 1026 3707 nescierit,
1055 3647 1308 3716 prolapsa
1338 3649 1449 3717 jam
1482 3657 1569 3702 est
1594 3664 1623 3702 a
1652 3648 1983 3703 rectitudine
2013 3647 2233 3717 judicii,
2264 3656 2323 3702 ut

748 3735 838 3788 ille
867 3737 998 3789 olim
1043 3738 1332 3801 Ochozias,
1357 3755 1421 3793 ac
1460 3740 1660 3795 misere
1684 3748 1919 3809 aegrotat
1967 3740 2323 3809 :egrotatione

748 3831 813 3884 ad
849 3842 1077 3887 mortem
1105 3838 1124 3866 ¹
1160 3853 1173 3887 ι

2422 3279 2518 3331 ἀπ’
2548 3279 2736 3340 αὐτοῦ,
2790 3281 3002 3349 μήποτε
3060 3280 3343 3350 κατασύρῃ
3390 3297 3449 3331 σε
3483 3280 3621 3348 πρὸς
3647 3278 3741 3330 τὸν
3780 3277 3999 3347 κριτὴν,

2419 3369 2515 3423 καὶ
2564 3372 2593 3423 6
2638 3371 2831 3441 κριτὴς
2891 3370 3189 3441 παραδώσῃ
3238 3388 3297 3423 σε
3347 3371 3424 3439 τῷ
3470 3372 3758 3439 πράκτωρι
3787 3410 3803 3433 ,
3851 3370 3947 3421 καὶ
3975 3369 4003 3418 ὁ

2417 3460 2681 3531 πράκτωρ
2718 3462 2854 3533 βάλῃ
2905 3479 2966 3515 σε
3016 3464 3096 3526 είς
3137 3463 3406 3532 φυλακήν.
3450 3463 3621 3531 ’Δμὴν
3663 3462 3818 3527 ἀμὴν
3859 3460 4002 3526 λέγω

2421 3568 2521 3617 σοι,
2555 3554 2618 3606 οὐ
2659 3553 2733 3624 μὴ
2770 3553 2991 3624 ἐξέλθῃς
3020 3554 3231 3607 ἐκεῖθεν
3259 3554 3365 3615 ἕως
3391 3547 3453 3607 οὗ
3481 3552 3697 3622 ἀποδῷς
3728 3552 3819 3603 τὸν
3840 3550 4001 3619 ἔσχα-

2418 3661 2511 3697 τον
2544 3645 2868 3715 κοδράντην.
2905 3646 3065 3717 Αὐτῷ
3096 3647 3129 3716 ἡ
3179 3646 3308 3711 δόξα
3337 3645 3415 3715 τῷ
3461 3645 3607 3715 μόνῳ
3651 3645 3999 3713 δικαιοκριτῇ

2422 3736 2643 3807 Χριστῷ
2673 3737 2751 3798 εἰς
2778 3737 2907 3799 τοὺς
2935 3736 3162 3799 αἰῶνας.
3203 3737 3399 3805 Ἀμήν.

1231 3834 1337 3888 hoc
1386 3844 1491 3896 est,
1531 3834 1766 3889 descivit
1794 3849 1825 3888 ιι
1872 3835 2022 3905 justo
2085 3832 2319 3887 rationis
2350 3829 2582 3901 judicio,
2626 3830 2883 3899 ultroque
2950 3831 3174 3885 malitiae
3221 3830 3387 3885 cessit
3448 3826 3709 3898 palmaris
3754 3826 4002 3879 victorize

749 3929 1033 3985 tesseram,
1064 3940 1126 3978 ac
1162 3940 1220 3978 se
1255 3933 1475 3979 αξιοι-ηιξ
1510 3925 1675 3980 morti
1712 3924 1944 3980 addixit.
1977 3924 2104 3979 Haec
2168 3922 2437 3979 Dominus
2498 3936 2600 3975 suo
2650 3923 2848 3975 astruit
2889 3922 3225 3985 testimonio,
3287 3921 3515 3975 dicens:
3550 3938 3568 3968 ι
3607 3919 3722 3973 Cur
3754 3928 3941 3972 autem
3974 3934 4001 3971 a

748 4013 1041 4083 vobisipsis
1099 4031 1208 4069 non
1258 4016 1541 4085 judicatur
1601 4017 1749 4087 quod
1793 4019 2003 4089 justum
2057 4024 2143 4071 est
2202 4016 2257 4069 ’?
2292 4036 2310 4068 ι
2353 4013 2583 4080 Quando
2611 4013 2767 4067 vadis
2795 4030 2919 4068 eum
2951 4014 3267 4069 adversario
3301 4023 3396 4068 tuo
3453 4013 3522 4066 ad
3581 4012 3917 4081 principem,
3952 4013 4000 4065 in

748 4106 834 4157 via
865 4107 932 4159 da
966 4123 1192 4176 operam
1238 4108 1556 4165 liherariah
1591 4124 1680 4174 eo,
1748 4108 2042 4179 nequando
2074 4108 2256 4163 trahat
2305 4116 2358 4160 te
2424 4104 2489 4159 ad
2518 4105 2785 4174 judicem,
2835 4116 2891 4159 et
2933 4105 3100 4176 judex
3135 4104 3316 4159 tradat
3349 4114 3403 4159 te
3456 4105 3676 4167 tortori,
3722 4116 3781 4159 et
3829 4114 4004 4160 tortor

750 4196 928 4251 mittat
964 4209 1015 4253 te
1053 4200 1104 4252 in
1140 4216 1439 4254 carcerem.
1478 4202 1649 4253 Amen
1701 4216 1859 4254 amen
1890 4200 2015 4256 dico
2042 4201 2165 4264 tibi,
2202 4216 2313 4255 non
2348 4199 2527 4253 exibis
2602 4198 2757 4253 illinc
2818 4198 2999 4253 donec
3042 4198 3353 4254 reddideris
3410 4198 3780 4253 novissimum
3866 4215 4003 4270 qna-

747 4290 999 4344 drautem
1028 4290 1068 4343 ⁸.
1094 4290 1201 4358 Ipsi
1249 4291 1417 4361 gloria
1464 4292 1563 4345 soli
1587 4293 1739 4361 justo
1767 4291 1941 4361 judici
1965 4290 2188 4347 Christo
2246 4293 2303 4346 in
2343 4293 2561 4347 saecula.
2590 4292 2789 4346 Amen.

1122 4429 1165 4496 1
1178 4428 1332 4499 15.3
1370 4429 1655 4483 llOlllLlA
1709 4429 1945 4484 LXXVI.

1281 4540 1354 4594 De
1368 4543 1517 4613 justa
1543 4559 1813 4595 mensura.

818 4651 950 4716 Qua:
984 4651 1127 4719 justa
1185 4660 1315 4705 sunt
1364 4653 1572 4715 omnia,
1613 4670 1876 4722 perquam
1907 4656 2168 4711 amabilia
2203 4658 2320 4713 Deo

3009 4430 3228 4484 ΛΟΓΟΣ
3284 4430 3422 4497 οςν.

2888 4543 3022 4611 Περὶ
3078 4542 3534 4612 δικαιομετριας.

2496 4656 2680 4710 Πάντα
2709 4656 2778 4709 τά
2825 4656 3010 4709 δίκαια
3051 4654 3275 4723 Θεόφιλα
3326 4656 3423 4707 καὶ
3467 4656 3758 4726 εὐάρεστα.
3797 4658 4003 4726 Ὠσπερ

751 4749 882 4793 sunt
907 4749 964 4794 et
991 4749 1239 4808 accepta.
1268 4741 1337 4795 Ut
1369 4742 1516 4794 enim
1549 4742 1867 4810 :equitatem
1915 4744 2131 4813 judicii,
2163 4746 2235 4800 ita
2265 4758 2318 4802 et

2422 4748 2532 4817 γὰρ
2560 4748 2660 4816 τὴν
2684 4745 3089 4810 δικαιοκρισίαν
3120 4747 3309 4815 ἀγαπᾷ
3343 4748 3371 4798 ὁ
3400 4724 3759 4810 Θεδςξοῦτως
3790 4750 3887 4801 καὶ
3907 4724 4004 4817 τὴν

753 4830 807 4883 in
855 4830 1133 4884 metiendo
1187 4840 1458 4885 servatam
1494 4833 1767 4899 justitiam
1819 4834 1998 4904 diligit
2032 4836 2197 4890 Deus.
2225 4837 2325 4891 Ju-

750 4929 875 4974 stus
910 4922 1057 4975 enim
1090 4937 1214 4975 cum
1243 4923 1333 4983 sit,
1370 4923 1423 4975 in
1471 4922 1525 4975 id
1558 4924 1782 4992 respicit
1816 4925 2142 4989 clementer,
2177 4930 2326 4997 quod

749 5014 959 5081 justum
998 5022 1100 5066 est.
1140 5014 1271 5067 Jure
1308 5015 1656 5085 igiturjnhet
1687 5014 1975 5085 Scriptura
2004 5020 2325 5074 servandam

753 5120 871 5158 esse
901 5104 1217 5173 mquitatem
1240 5116 1295 5159 et
1314 5107 1576 5174 ponderis
1605 5117 1662 5161 et
1693 5122 1980 5161 mensurae.
2005 5108 2026 5138 ⁸
2045 5108 2325 5165 Nefarium

754 5206 984 5261 prorsus
1061 5201 1227 5260 atque
1301 5209 1520 5247 omnem
1600 5210 1913 5264 expurgatis
1980 5199 2326 5267 iniquitatem

754 5293 841 5337 est
876 5283 1123 5352 duplices
1146 5285 1352 5339 habere
1378 5301 1686 5349 mensuras,
1716 5304 1936 5357 parvam
1965 5302 2021 5345 ct
2050 5309 2324 5361 magnam.

755 5375 911 5430 Unde
970 5385 1026 5429 ct
1080 5377 1349 5444 propheta
1395 5380 1584 5440 Amos,
1618 5380 1890 5449 ejusmodi
1939 5384 2328 5453 immorigeros

758 5480 859 5517 nec
890 5466 1039 5518 dicto
1070 5466 1362 5521 audientes
1393 5467 1645 5523 indicans
1688 5471 1849 5541 longe
1895 5489 2019 5529 esse
2076 5476 2326 5529 miserri-

759 5571 877 5609 mos
910 5572 922 5608 ι
967 5576 985 5607 ι
1018 5557 1111 5611 Va:
1160 5557 1234 5622 ei,
1260 5558 1359 5620 ait,
1395 5559 1489 5627 qui
1542 5558 1828 5617 desiderat
1879 5565 2027 5620 diem
2061 5565 2279 5619 Domini
2308 5584 2323 5631 ;

832 5750 878 5779 "
900 5752 1040 5804 Psal.
1066 5768 1123 5807 ιι.
1160 5752 1339 5806 10-19..

1417 5756 1460 5786 ”
1496 5754 1637 5810 Psal.
1668 5771 1753 5814 cv,
1786 5757 1837 5806 5.

767 5815 785 5847 ⁸
828 5818 955 5873 Luc.
986 5837 1057 5884 γι,
1086 5823 1172 5874 38.

1917 5756 2101 5811 'Psal.
2142 5774 2269 5821 nu,
2303 5759 2355 5811 ει.

2421 4838 2855 4907 δικαιομετρίαν.
2904 4837 3127 4898 Δίκαιος
3183 4836 3293 4906 γὰρ
3359 4834 3456 4900 ὢν,
3499 4838 3724 4906 προνοεῖ
3785 4838 3881 4889 τοῦ
3931 4839 4004 4890 δι·

2423 4926 2600 4978 καίου.
2665 4925 2907 4985 Εἰκότως
2956 4920 3050 4976 οὖν
3103 4925 3136 4993 ἡ
3192 4923 3382 4994 Γραφὴ
3439 4925 3822 4992 παραγγέλλει
3880 4927 4008 4993 περὶ

2426 5015 2912 5085 ἰσοσταθμίαςααὶ
2956 5015 3309 5086 ῖσομετρίας·
3351 5016 3610 5085 ἀθέμιτον
3651 5019 3765 5086 γάρ
3838 5022 4007 5081 ἐστιν,

2427 5109 2522 5159 καὶ
2578 5109 2759 5178 πάσης
2804 5110 3020 5172 ἀδικίας
3073 5109 3542 5171 έπέκεινα,δισσα
3598 5111 3780 5179 μέτρα
3837 5112 4007 5180 ἔχειν.

2430 5198 2627 5267 μικρὸν
2658 5198 2752 5251 καὶ
2779 5201 2940 5267 μέγα.
2972 5200 3134 5251 Ὅθεν
3162 5201 3257 5253 καὶ
3290 5201 3319 5253 6
3350 5201 3642 5271 προιρήτης
3683 5202 3869 5271 Ἀμώς
3900 5221 4009 5272 φη-

2428 5305 2533 5352 σιν,
2561 5288 2858 5351 ταλανίζων
2905 5290 3033 5353 τοὺς
3066 5291 3370 5358 ἀνηκόους,
3410 5310 3428 5342 ι
3465 5291 3605 5344 Οὐαὶ
3648 5292 3677 5343 6
3719 5292 4010 5361 ἐπιθυμῶν

2426 5379 2524 5449 τὴν
2579 5381 2796 5451 ἡμέραν
2850 5382 3076 5450 Κυρίου,
3121 5384 3216 5435 καὶ
3255 5383 3391 5451 αὕτη
3437 5382 3587 5434 ἐστὶν
3640 5384 3835 5447 σκότος
3862 5402 3877 5415 ·
3914 5384 4008 5436 τοῦ

2427 5477 2647 5543 ποιῆσαι
2680 5476 2875 5545 μικρὸν
2913 5477 3135 5546 μέτρον,
3161 5477 3255 5529 καὶ
3278 5476 3441 5543 ζυγὸν
3462 5476 3668 5531 ἄδικον.
3710 5494 3730 5528 ι
3774 5477 4010 5545 Ὁμοίως

2427 5568 2563 5628 καὶὸ
2592 5567 2857 5637 Μιχαίας,
2897 5586 2916 5619 ι
2958 5569 3019 5621 Εἰ
3044 5566 3496 5638 δικαιωθήσεται,
3529 5566 3730 5635 λέγων,
3768 5569 3829 5620 ἐν
3857 5568 4009 5637 ζυγῷ

2434 5760 2524 5816 'IV
2558 5760 2690 5828 Reg.
2718 5776 2757 5822 ι,
2779 5759 2832 5813 2.

2914 5760 2931 5789 ³
2974 5759 3103 5814 Luc.
3142 5776 3236 5821 xu,
3276 5760 3367 5814 57.
3446 5762 3463 5788 ⁸
3497 5758 3686 5814 Matth.
3715 5776 3769 5821 v,
