4178 6436
176 435 318 500 1557

1090 438 1419 499 IIOMILIA
1458 439 1746 500 LXXVII.
1786 465 1856 474 —
1898 441 1994 500 DE
2032 441 2545 503 l‘fENITENTIA.

3298 442 3433 509 1658

170 558 403 624 ἄνομος.
445 552 541 606 καὶ
604 552 663 605 ὲν
723 554 1028 624 μαρσίππῳ
1096 551 1335 623 σταθμία
1397 552 1574 606 δόλου.
1613 569 1632 603 9
1670 552 1752 604 Τὰ

1867 568 1970 621 φειδ
2004 553 2155 608 enim
2193 562 2277 608 est
2314 555 2559 609 tenebrae
2583 556 2602 586 ⁶
2632 571 2645 607 :
2682 561 2743 607 ut
2790 554 2954 609 faciat
2996 569 3223 623 parvum
3277 568 3432 607 men—

169 648 321 700 αὐτα
359 647 455 699 καὶ
494 649 523 699 ὁ
559 646 901 715 Ψαλμῳδός·
941 663 961 695 ι
997 645 1228 706 Ψευδείς
1276 644 1387 713 γάρ
1442 647 1583 697 εἰσιν
1645 644 1753 695 υἱοὶ

169 738 289 791 τῶν
313 737 640 807 ἀνθρώπων.
670 737 727 788 ὲν
752 736 938 804 ζυγοῖς
968 734 1065 789 τοῦ
1109 735 1387 803 ἀδικῆσαι.
1426 753 1445 784 9
1476 735 1589 789 Καὶ
1641 735 1753 787 δει-

169 827 360 882 κνύων
385 829 465 882 ὄτι
486 830 584 898 τῆς
605 827 916 892 πλεονεξίας
945 828 1093 879 ἐστὶν
1121 827 1181 879 τὸ
1203 827 1436 896 νόσημα.
1454 824 1598 898 [καὶ]
1629 826 1753 879 ἑπι-

168 920 359 990 φέρει,
400 938 418 970 ι
452 920 615 973 Αὐτοὶ
647 921 712 972 ὲκ
744 920 1103 990 ματαιότητος
1127 921 1221 973 ἐπὶ
1242 919 1304 972 τὸ
1335 919 1468 972 αὐτὸ
1502 918 1577 987 μὴ
1600 916 1754 970 ἐλπίς

171 1012 321 1075 ζετε,
351 1013 438 1065 ἐπ’
472 1013 687 1065 ἀδικίαν
728 1014 826 1066 καὶ
873 1013 967 1065 ἐπὶ
1002 1012 1274 1081 ἅρπαγμα
1313 1010 1388 1081 μὴ
1420 1011 1753 1064 ἐπιποοεϊτε.

172 1100 421 1165 Πλοῦτος
449 1102 545 1155 ἐὰν
578 1104 714 1172 ῥέει,
745 1104 819 1171 μὴ
850 1102 1211 1171 προστίθεσθε
1246 1102 1497 1171 καρδίαν.
1534 1121 1553 1153 9
1594 1103 1701 1155 Καὶ
1727 1103 1756 1154 ό

172 1190 345 1260 νόμος
376 1192 724 1260 προστάττει,
752 1191 929 1258 λέγων
949 1207 963 1222 ο
1002 1191 1089 1242 Ἐν
1122 1190 1365 1260 μέτροις,
1398 1190 1494 1243 καὶ
1524 1192 1583 1243 ὲν
1624 1206 1755 1243 στα-

172 1279 342 1349 θμοῖς
397 1284 493 1334 καὶ
533 1284 590 1334 ὲν
623 1282 831 1349 ζυγοῖς.
854 1281 1043 1335 δίκαια
1065 1281 1221 1333 ἔσται
1253 1281 1402 1350 ὑμῖν.
1436 1282 1544 1333 Καὶ
1577 1276 1756 1346 αὖθις,

178 1390 199 1421 ι
250 1375 328 1424 Οὐ
374 1374 764 1443 μετακινήσεις
813 1373 1001 1443 φησὶν,
1041 1374 1190 1442 ὅρια,
1221 1372 1257 1426 ἃ
1287 1372 1472 1425 ἔθεντο
1510 1374 1558 1425 οἱ
1586 1372 1757 1425 πατέ-

177 1478 275 1529 ρες
327 1478 443 1517 σου.
488 1481 507 1513 9
550 1463 610 1515 ’0
667 1463 725 1515 δὲ
790 1467 1080 1534 προφήτης
1133 1466 1432 1533 Σοφονίας,
1484 1486 1502 1517 ι
1568 1468 1757 1537 Κρίμα

171 1553 509 1623 ἐργάζεσθε,
543 1556 636 1607 καὶ
665 1555 1014 1625 δικαιοσύνην
1046 1556 1343 1629 ζητήσατε.
1367 1559 1516 1620 ὅπως
1551 1574 1760 1611 σκεπα-

174 1646 350 1717 σθῆτε
389 1649 449 1698 ὲν
475 1646 659 1717 ἡμέρα
688 1649 858 1719 ὀργῆς
896 1651 1125 1720 Κυρίου.
1158 1670 1175 1701 9
1222 1651 1498 1714 Ὡσαύτως
1526 1650 1584 1703 δὲ
1613 1652 1708 1704 καὶ
1733 1653 1762 1704 ό

188 1738 477 1808 Ἰεζεκιὴλ,
507 1758 526 1791 ι
554 1741 742 1809 Κρῖμα
764 1744 857 1793 καί
879 1741 1229 1811 δικαιοσύνην
1251 1744 1537 1811 ποιήσατε.
1555 1742 1752 1811 λέγων,

174 1828 349 1895 ζυγὸν
395 1829 636 1891 δίκαιον,
669 1831 762 1883 καὶ
800 1832 998 1901 μέτρον
1051 1832 1295 1896 δίκαιον,
1326 1834 1416 1885 καὶ
1444 1833 1613 1902 χοῖνιξ
1676 1833 1758 1885 δι·-

174 1920 312 1972 καία
340 1921 493 1973 ἔσται
526 1922 673 1991 ύμῖν.
708 1940 726 1972 9
757 1922 817 1975 '0
838 1922 895 1976 δὲ
933 1924 1344 1995 Παροιμιαστής
1370 1940 1384 1955 ο
1423 1943 1441 1975 ι
1481 1926 1646 1992 Συγοὶ
1674 1923 1762 1976 δό-

174 2010 307 2075 λιοι,
366 2010 645 2082 βδέλυγμα
699 2013 931 2067 ὲνώπιον
980 2015 1210 2085 Κυρίου,
1256 2015 1548 2085 σταθμεῖον
1592 2015 1648 2067 δὲ
1678 2016 1763 2068 δί-

177 2118 339 2155 καιον
363 2104 552 2157 δεκτὸν
579 2104 751 2176 αύτῷ.
786 2125 805 2158 9
845 2106 956 2160 Καὶ
984 2108 1167 2168 πάλιν,
1197 2125 1215 2157 ι
1256 2106 1557 2177 Σταθμεῖον
1588 2108 1756 2178 μέγα,

182 2194 285 2245 καὶ
350 2194 567 2263 μικρὸν,
604 2196 701 2248 καὶ
750 2195 925 2267 μέτρα
976 2196 1171 2260 δισσὰ,
1200 2197 1487 2268 ἀκάθαρτα
1533 2199 1763 2251 ἐνώπιον

177 2285 419 2354 Κυρίου,
452 2288 547 2340 καὶ
578 2289 865 2359 ἀμφότερα
892 2291 951 2342 ὲν
982 2291 1093 2351 τοϊς
1120 2290 1547 2361 ἐπιτηδεύμασιν
1583 2291 1764 2343 αὐτῶν

178 2377 743 2448 συμποδισθήσονται.
781 2398 799 2430 9
840 2381 998 2443 Ἴσως
1031 2380 1182 2433 δοκεῖ
1203 2381 1376 2434 ταῦτα
1404 2384 1519 2443 τοῖς
1548 2382 1765 2444 πολλοῖς

176 2468 277 2520 τοῦ
312 2467 543 2537 μηδενὸς
573 2470 697 2535 ἄξια
728 2468 866 2526 εἶναι
896 2489 911 2503 ·
942 2475 1058 2527 ἀλλ’
1087 2476 1243 2529 οὐδὲν
1295 2476 1418 2546 εἰκῆ
1454 2476 1547 2528 καὶ
1589 2478 1765 2547 μάτην

180 2564 238 2615 αἱ
308 2563 663 2619 θεόπνευστοι
728 2567 947 2637 Γραφαὶ
992 2568 1427 2640 διαγορεύουσιν.
1476 2570 1659 2622 Πάντα
1708 2570 1766 2623 δὲ

180 2652 327 2721 πρὸς
360 2655 637 2725 σωτηρίαν
665 2658 821 2727 ἡμῶν
854 2661 948 2711 καὶ
978 2659 1124 2727 ζωὴν
1153 2657 1372 2711 αἰώνιον
1407 2660 1468 2711 τὸ
1524 2676 1765 2730 προσκυ-

178 2744 352 2813 νητδν
396 2746 789 2818 ἐνομοθέτησεν
835 2748 1085 2818 Πνεῦμα.
1147 2749 1765 2819 Φυλαξώμεθατοίνυν,

181 2837 487 2905 ἀγαπητοὶ,
525 2838 587 2890 τὸ
615 2840 788 2901 πάθος
841 2841 940 2911 τῆς
984 2840 1320 2904 πλεονεξίας,
1358 2842 1456 2910 τῆς
1506 2843 1767 2914 δευτέρας

181 2927 659 2998 είδωλολατρείας.
692 2930 863 2985 Τοῦτο
926 2933 1034 3003 γὰρ
1089 2933 1457 3002 παιδευόμεθα
1515 2934 1603 2988 διὰ
1669 2936 1766 3005 τῆς

186 3020 537 3089 ίσομετρίας,
572 3021 645 3085 ὡς
687 3022 780 3074 καὶ
806 3024 834 3074 ὁ
864 3023 1068 3093 Κύριος
1095 3024 1252 3094 ἡμῶν
1294 3024 1501 3092 Ἰησοῦς
1536 3027 1768 3096 Χριστὸς

182 3114 245 3165 ὲν
274 3116 390 3177 τοῖς
421 3115 774 3182 Εὑαγγελίοις
816 3118 1142 3187 προστάττει
1192 3120 1326 3188 ἡμῖν
1376 3118 1574 3185 λέγων,
1618 3138 1633 3170 ι
1682 3120 1770 3172 Δί-

1857 658 2043 696 suram
2082 650 2139 697 et
2188 651 2453 697 stateram
2487 645 2530 697 ⁷.
2570 642 2683 698 Nec
2723 640 2946 695 abludit
2976 640 3276 695 Michwas:
3316 659 3335 690 ι
3375 638 3435 693 Si

1849 734 2247 805 justilicabitur
2300 734 2355 788 in
2406 742 2615 790 statera
2662 735 2909 805 iniquus,
2937 744 2991 789 et
3040 733 3099 787 in
3152 732 3434 801 marsupin

1856 834 2060 880 statera
2123 825 2300 881 dolosi
2328 826 2372 881 ⁸.
2413 846 2430 877 9
2468 825 2727 882 Concinit
2786 825 2874 879 his
2920 825 3111 895 regius
3162 822 3377 877 Psaltes
3418 839 3430 875 :

1864 938 1882 969 ι
1915 919 2207 974 Μεηάσοεε
2251 917 2345 971 lilii
2393 918 2679 972 hominum
2732 916 2786 970 in
2823 916 3077 977 stateris,
3124 923 3187 966 ut
3226 912 3434 981 injuste

1857 1020 2019 1081 agant
2043 1011 2085 1064 '.
2126 1030 2143 1062 9
2190 1009 2478 1079 Simulque
2510 1009 2802 1063 insinuans
2849 1008 2984 1061 tales
3027 1006 3222 1059 morbo
3256 1004 3435 1072 impo-

1860 1100 2029 1154 tentis
2057 1100 2306 1154 avaritize
2333 1114 2657 1170 aegrescere,
2695 1099 2864 1153 infert
2897 1117 2911 1153 :
2958 1117 2976 1149 ι
3024 1099 3134 1169 Ipsi
3170 1098 3239 1152 de
3275 1096 3435 1150 vani-

1860 1199 1969 1244 tate
2002 1191 2055 1245 in
2098 1190 2340 1261 idipsum
2373 1191 2547 1246 nolite
2596 1205 2841 1260 sperare,
2873 1190 2927 1243 in
2983 1190 3339 1258 iniquitatem
3377 1196 3435 1242 et

1858 1282 2105 1351 rapinam
2153 1284 2323 1337 nolite
2381 1283 2813 1352 concupiscere;
2853 1282 3062 1336 divitiae
3092 1281 3137 1334 si
3185 1281 3433 1339 atlluant,

1858 1375 2031 1428 nolite
2059 1390 2156 1428 cor
2186 1389 2469 1444 apponere
2503 1377 2568 1429 '°.
2613 1394 2631 1427 9
2666 1375 2813 1441 Quin
2835 1375 2924 1428 lex
2949 1374 3069 1443 ipsa
3094 1373 3274 1441 jubet,
3295 1380 3357 1424 ut
3381 1372 3435 1423 in

1860 1465 2165 1529 mensuris,
2205 1465 2260 1518 in
2294 1466 2639 1534 ponderibus
2676 1474 2733 1519 et
2784 1466 2840 1518 in
2870 1466 3099 1519 steteris
3143 1465 3292 1534 justa
3327 1461 3439 1514 sint

1858 1557 2038 1610 vobis.
2069 1555 2237 1610 Addit
2271 1565 2327 1611 et
2360 1556 2495 1611 illud
2526 1573 2540 1609 :
2584 1575 2601 1606 ι
2647 1555 2768 1609 Non
2824 1556 3127 1609 transferes
3171 1554 3440 1609 terminos

1860 1662 2000 1716 quos
2051 1656 2361 1716 posuerunt
2411 1656 2601 1716 patres
2633 1647 2712 1699 tui
2745 1648 2809 1698 ¹¹.
2845 1664 2863 1696 ι
2899 1644 3009 1699 Sed
3041 1654 3098 1698 et
3130 1642 3443 1711 Sophonias

1860 1738 2129 1806 propheta
2169 1755 2182 1790 :
2227 1754 2246 1787 σ
2277 1736 2557 1791 Iudicium
2600 1737 2907 1805 opercmini
2940 1746 2997 1790 et
3039 1734 3310 1805 justitiam
3347 1747 3440 1786 εις

1864 1828 2072 1897 quirite
2101 1838 2164 1883 ut
2191 1828 2558 1898 protegamini
2588 1828 2641 1882 in
2672 1828 2763 1882 die
2789 1828 2886 1882 ira:
2922 1827 3140 1881 Domini
3176 1826 3241 1876 ".
3278 1843 3297 1875 9
3332 1823 3443 1877 Nec

1864 1936 2027 1975 secus
2082 1920 2389 1975 Ezechiel:
2440 1939 2458 1971 ι
2490 1920 2774 1975 Iudicium
2825 1928 2882 1973 ct
2932 1919 3211 1989 justitiam
3254 1914 3437 1969 facite.

1864 2013 2079 2067 Statcra
2117 2013 2288 2081 justa,
2314 2021 2370 2065 ct
2419 2025 2679 2065 mensura
2728 2011 2897 2080 justa,
2929 2017 2987 2062 et
3030 2006 3253 2062 chaenix
3299 2005 3441 2075 justa

1861 2106 1971 2159 erit
2002 2104 2164 2158 vobis
2204 2104 2264 2153 ⁸³.
2310 2122 2327 2153 9
2360 2102 2591 2156 Accedit
2622 2102 2709 2156 his
2742 2099 3135 2155 Paraemiastes
3177 2116 3191 2150 :
3225 2096 3442 2151 Statera

1863 2197 2054 2251 dolosa
2080 2195 2423 2249 abominatio
2449 2204 2535 2249 est
2563 2203 2693 2247 ante
2740 2192 3037 2247 Dominum
3057 2230 3071 2253 ,
3098 2188 3319 2259 pondus
3348 2202 3418 2240 au

1866 2288 2202 2357 temjustum
2232 2286 2575 2357 acccptabile
2599 2292 2684 2338 est
2707 2283 2760 2337 ei
2794 2283 2857 2334 “.
2896 2304 2911 2331 9
2946 2281 3153 2335 Iterum
3182 2296 3196 2333 :
3222 2276 3447 2332 Ροιιιίιιε

1864 2396 2121 2451 magnum
2144 2388 2201 2435 et
2230 2393 2486 2449 parvum,
2515 2387 2572 2431 et
2595 2390 2868 2429 mensurze
2891 2374 3142 2443 duplices
3164 2369 3444 2423 immunda

1864 2487 1994 2532 sunt
2024 2492 2212 2531 coram
2264 2474 2536 2539 Domino;
2571 2481 2628 2526 et
2688 2481 2926 2539 utraque
2975 2469 3030 2522 in
3070 2466 3275 2521 studiis
3302 2465 3442 2517 irre—

1866 2567 2078 2623 ticntur
2105 2567 2167 2620 “’.
2205 2587 2222 2617 9
2259 2566 2423 2621 Forte
2472 2565 2589 2618 hmc
2628 2560 3069 2631 aliquanunultis
3113 2556 3294 2611 videri
3344 2570 3443 2623 po-

1867 2667 2096 2716 tuerunt
2143 2658 2352 2712 nullius
2396 2668 2571 2725 prope
2619 2652 2908 2715 momenti,
2941 2659 2998 2705 et
3041 2649 3269 2717 indigna
3326 2662 3449 2715 quae

1867 2752 2265 2821 dcpromantur
2323 2748 2378 2801 in
2450 2762 2684 2801 aerem:
2742 2753 2797 2798 at
2841 2751 2994 2797 certe
3054 2740 3194 2794 nihil
3247 2740 3447 2792 horum

1868 2849 2078 2895 temere
2126 2838 2241 2893 sive
2268 2836 2633 2891 'frustratorie
2695 2833 2993 2889 enuntiant
3038 2838 3134 2884 aut
3203 2827 3452 2898 produnt

1869 2930 2174 2999 Scriptum
2210 2926 2487 2981 divinitus
2519 2924 2825 2994 inspirata.
2860 2919 3076 2975 Cuncta
3096 2918 3244 2972 enim
3268 2917 3335 2971 ad
3361 2931 3417 2971 sa
3436 2949 3448 2956 -

1868 3022 2039 3075 lutem
2068 3028 2337 3081 nostram,
2370 3026 2634 3071 aeternam
2661 3027 2886 3084 quoque
2915 3009 3218 3080 parandam
3247 3008 3446 3069 vitam,

1871 3111 2054 3166 sanxit
2085 3124 2244 3164 sacer
2274 3108 2367 3161 ille
2398 3122 2463 3161 ac
2486 3104 2814 3175 suppliciter
2835 3099 3155 3157 adorandus
3180 3098 3447 3168 Spiritus.

180 3203 332 3268 δοτε,
359 3206 452 3257 καὶ
498 3204 781 3275 δοθήσεται
835 3207 966 3276 ὑμῖν
990 3221 1005 3236 ⁹
1042 3209 1241 3279 μέτρον
1277 3211 1441 3263 καλὸν
1472 3211 1764 3263 ἑπιπεπιε-

1873 3201 2068 3270 Magno
2096 3198 2265 3269 igitur
2298 3195 2482 3251 studio
2513 3194 2775 3257 vitemus,
2814 3189 3152 3253 charissimi,
3185 3188 3448 3243 vitiosam

186 3295 413 3365 σμένον.
445 3296 541 3348 καὶ
592 3297 988 3367 σεσαλεύμενον
1028 3299 1293 3353 δώσουσιν
1332 3302 1412 3363 εἰς
1443 3301 1534 3354 τὸν
1566 3302 1765 3356 κόλπον

1868 3294 2117 3349 ενοι-ἰήιε
2146 3291 2519 3351 affectionem,
2549 3303 2672 3357 qua:
2698 3285 3018 3357 (erudiente
3039 3298 3143 3337 nos
3162 3281 3452 3351 Apostolol

184 3387 368 3457 ὑμῶν.
411 3387 501 3457 Τῷ
560 3387 711 3457 αὐτῷ
762 3391 873 3458 γὰρ
916 3389 1100 3459 μέτρῳ
1131 3385 1176 3458 ᾧ
1217 3394 1467 3461 μετρεῖτε
1494 3432 1510 3454 ,
1543 3393 1768 3463 ἀντιμε-

183 3479 529 3548 τρηθήσεται
572 3480 720 3551 ὑμῖν.
758 3499 777 3532 9
808 3481 1030 3551 Αὑτῷή
1074 3481 1201 3546 δόξα
1241 3484 1322 3545 είς
1365 3484 1492 3544 τοὺς
1541 3483 1767 3548 αἰῶνας.

198 3572 258 3623 ‘A
268 3571 345 3640 μή
352 3587 400 3625 ν.

1868 3385 2179 3442 secundum
2236 3380 2632 3443 idololatriam,
2660 3378 2873 3446 primas
2918 3384 3087 3431 tenet.
3132 3394 3149 3427 ι
3191 3375 3349 3436 Date,
3376 3373 3456 3426 ait

1864 3479 2137 3536 Dominus
2170 3477 2224 3530 in
2263 3472 2599 3541 Evangeliis,
2630 3480 2688 3525 et
2730 3470 2955 3524 dabitur
2990 3468 3194 3533 vobis;
3226 3481 3451 3521 mensu-

1867 3587 1982 3627 ram
2003 3571 2229 3629 bonam,
2255 3564 2583 3634 coagitatam
2634 3562 2849 3616 dabunt
2872 3560 2927 3613 in
2948 3560 3131 3614 sinum
3162 3566 3410 3612 vestrum
3438 3575 3451 3609 :

183 3661 389 3716 eadem
425 3658 575 3714 enim
612 3674 869 3715 mensura
904 3675 1013 3730 qua
1060 3661 1237 3715 mensi
1289 3660 1531 3725 fueritis,
1602 3665 1925 3719 remetietur
1974 3659 2137 3714 vobis
2198 3657 2262 3709 ¹⁶.
2306 3675 2323 3708 9
2357 3655 2463 3724 Ipsi
2498 3653 2671 3723 gloria
2721 3653 2775 3706 in
2844 3651 3043 3705 saecula
3102 3649 3453 3705 saeculorum.

188 3758 396 3810 Amen.

790 3842 1011 3895 ΛΟΓΟΣ
1046 3843 1168 3896 ΟΖ¹.

721 3931 860 3997 Περὶ
895 3932 1238 3998 μετανοίας.

272 4039 367 4104 Ὦς
398 4039 626 4105 γλυκεῐά
654 4041 1050 4109 ὲστιν,άδελιροί
1086 4060 1208 4111 μου,
1239 4043 1272 4111 ἡ
1293 4041 1554 4112 μετάνοια
1574 4060 1589 4075 ·
1619 4044 1773 4097 οὐδὲν

128 4129 139 4140 ’
185 4134 385 4203 ἕτερον
444 4132 561 4185 ἀλλ’
614 4132 648 4202 ἦ
708 4133 1056 4202 φάρμακονί
1104 4134 1268 4202 ζωῆς.
1323 4136 1575 4189 Μάλιστα
1625 4137 1709 4190 ὅτι
1746 4139 1775 4189 ό

187 4228 405 4294 γλυκὺς
463 4224 740 4295 Δεσπότης
802 4224 980 4294 ἡμῶν,
1021 4226 1423 4294 ἀμνησίκακος,
1479 4227 1775 4296 ἀγαθὸςμ)

190 4316 520 4386 οἰκτίρμων,
553 4318 581 4369 ὁ
609 4315 1011 4385 φιλάνθρωπος,
1039 4318 1067 4368 ό
1090 4317 1407 4386 σιλόψυχος,
1442 4319 1470 4371 ό
1510 4320 1779 4386 φιλόπτωο

191 4426 314 4480 χος,
344 4409 375 4461 ό
428 4407 681 4477 κηδεμὼν
714 4407 812 4476 τῆς
865 4407 1141 4478 σωτηρίας
1180 4409 1363 4478 ἡμῶν,
1398 4410 1486 4463 ἀεὶ
1517 4409 1651 4480 διψᾷ
1677 4410 1777 4481 τὴν

194 4500 493 4567 μετάνοιαν
528 4497 703 4568 ἡμῶν.
736 4497 1099 4567 Εὑφραξνεται
1140 4498 1249 4568 γὰρ
1289 4500 1380 4551 ἐπὶ
1404 4503 1516 4564 τοῖς
1542 4500 1777 4571 δάκρυσι

2227 3841 2269 3908 ι
2282 3837 2442 3910 ιω
2494 3836 2783 3891 IIOMILIA
2843 3833 3100 3888 LXXVII.

2440 3929 2513 3982 De
2554 3928 2888 3999 paruiteutia.

1940 4043 2217 4112 Quantum
2248 4044 2304 4097 in
2326 4058 2385 4099 se
2418 4043 2588 4097 habet
2612 4042 2883 4111 dulcoris,
2905 4043 3102 4097 fratres
3123 4038 3255 4103 mei,
3278 4036 3464 4108 poeni-

1875 4136 2069 4200 tentia,
2100 4151 2265 4205 quam
2288 4144 2375 4189 est
2397 4135 2624 4188 suavisl
2668 4134 2833 4189 Aliud
2866 4146 3099 4205 prorsus
3125 4130 3267 4185 nihil
3293 4144 3463 4199 quam

1875 4228 2184 4286 sarcienda:
2224 4228 2353 4282 vita:
2398 4227 2641 4283 salutare
2674 4228 3064 4298 pharmacum,
3099 4230 3163 4277 ut
3191 4238 3259 4278 eo
3290 4221 3468 4276 maxi-

1874 4337 1983 4386 me,
2011 4322 2141 4391 quia
2174 4319 2364 4374 suavis
2405 4328 2493 4374 est
2529 4319 2799 4373 Dominus
2844 4326 3065 4378 noster,
3104 4315 3248 4370 male
3298 4312 3469 4367 nobis

1874 4413 2301 4470 commissorum
2333 4412 2497 4467 facile
2546 4412 2863 4475 immemor,
2896 4410 3175 4480 benignus
3195 4449 3210 4470 ,
3237 4408 3465 4461 misera-

1876 4514 1989 4569 tor,
2024 4503 2256 4557 humani
2310 4503 2552 4574 generis,
2613 4502 2727 4556 imo
2782 4503 3098 4557 animarum
3142 4509 3463 4553 nostrarum

189 4592 306 4645 τῶν
340 4589 746 4661 μετανοούντων
766 4629 780 4653 ,
817 4588 1109 4657 ἀγάλλεται
1139 4590 1233 4642 ἐπὶ
1265 4593 1332 4661 τῇ
1358 4589 1765 4661 ἐξομολογήσει,

1884 4595 2321 4659 amantissimus,
2349 4595 2529 4649 modis
2559 4594 2822 4649 omnibus
2864 4593 3217 4664 prospiciens
3264 4597 3470 4643 nostra:

190 4683 380 4756 χαίρει
442 4682 537 4735 ἐπὶ
591 4684 659 4752 τῇ
705 4682 1140 4753 συντετριμμένῃ
1182 4681 1278 4734 καὶ
1323 4683 1771 4754 τεταπεινωμένῃ

197 4773 425 4844 καρδίᾳ,
456 4772 547 4826 καὶ
577 4772 715 4843 μετὰ
743 4770 1121 4840 μακροθυμίας
1152 4771 1359 4840 πολλῆς
1380 4774 1646 4843 ἀναμένει
1677 4773 1773 4844 τὴν

195 4863 543 4933 ἐπιστροφὴν
591 4862 769 4932 ἡμῶν,
807 4863 901 4913 καὶ
938 4862 1037 4914 οὐκ
1081 4862 1371 4915 ἀπολείπει
1400 4863 1507 4926 ἕως
1537 4865 1777 4934 ἐσχάτης

194 4953 480 5021 ἀναπνοῆς
508 4967 523 4983 ⁸
563 4951 744 5024 [ποθεῖ
773 4950 942 5003 πολλᾶ
987 4952 1087 5021 τὴν
1125 4952 1412 5021 μετάνοιαν
1444 4954 1603 5023 ἡμῶν
1632 4995 1646 5018 ,
1682 4955 1778 5008 καὶ

196 5048 279 5110 ὡς
311 5046 405 5099 τὸν
466 5046 877 5113 μετανοήσαντα
908 5044 1116 5097 ἄσωτον
1148 5044 1261 5096 υίδν
1291 5044 1504 5115 δέχεται
1540 5047 1636 5098 καὶ
1675 5063 1778 5099 κα-

192 5135 474 5208 ταφιλεῖΰ]
512 5136 843 5206 παρακαλῶν
872 5137 964 5189 καὶ
996 5138 1442 5207 προτρεπόμενος
1496 5138 1593 5192 ἕνα
1644 5140 1776 5193 ἕκα-

195 5243 325 5278 στον
357 5224 514 5294 ἡμῶν
543 5224 683 5295 μετὰ
713 5223 910 5294 μυρίας
947 5225 1378 5296 ἁθεμιτουργξας
1409 5228 1505 5280 καὶ
1540 5228 1779 5282 διαϐολι-

195 5317 301 5379 κάς
326 5314 556 5386 πράξεις
592 5314 727 5385 πρὸς
749 5315 913 5367 αὑτὸν
946 5315 1309 5385 ἐπιστρέψαι·
1351 5318 1535 5383 καθὼς
1564 5319 1663 5391 βοᾷ
1693 5319 1781 5373 διὰ

270 5476 293 5508 ⁶
324 5474 494 5530 Amos
531 5490 584 5540 v,
619 5474 701 5527 10.

202 5547 243 5577 ¹⁸
277 5545 529 5615 Sophon.
563 5560 621 5609 η,
648 5544 701 5598 5.

808 5475 827 5505 ⁷
861 5476 1026 5527 Amos
1054 5490 1167 5534 vm.
1197 5474 1249 5526 5.

780 5544 824 5576 ⁸³
856 5544 1056 5599 Ezccli.
1119 5559 1204 5607 VL,
1236 5545 1289 5609 9,
1330 5546 1410 5600 l0.

1353 5476 1373 5507 ⁸
1403 5477 1566 5531 Mich.
1610 5497 1681 5543 γι,
1746 5484 1829 5536 11.

1496 5549 1538 5580 ’δ
1575 5550 1738 5605 Prov.
1767 5569 1840 5616 XI,
1884 5553 1929 5606 l.

1873 4689 2124 4744 onmium
2170 4686 2481 4741 saluti.IIic
2519 4686 2644 4740 talis
2684 4686 2823 4739 nihil
2866 4695 2975 4739 tam
3021 4683 3142 4737 sitit
3185 4696 3352 4750 quam
3388 4689 3453 4731 ut

1876 4781 2293 4851 resipiscamus,
2321 4795 2532 4849 nosque
2568 4780 2837 4848 pmnitcat
2877 4778 3008 4831 vita:
3038 4774 3277 4844 turpiter
3309 4782 3466 4827 actae.

1874 4870 2051 4937 Super
2074 4868 2333 4939 Iaerymis
2364 4882 2423 4922 se
2458 4868 2875 4937 recipientium,
2912 4866 2981 4921 ad
3022 4866 3310 4920 meliorem
3343 4861 3471 4914 vita:

1875 4959 2088 5030 frugem
2123 4960 2264 5013 mirc
2302 4959 2521 5014 lzetatur
2561 4969 2619 5012 et
2661 4958 3043 5013 exhilarcscit.
3071 4955 3328 5010 Exsultat
3373 4967 3468 5006 su-

1887 5067 1985 5120 per
2014 5051 2361 5106 confessione
2393 5051 2689 5119 pmnitenti
2708 5066 2797 5104 um
2826 5065 2994 5119 super
3027 5048 3277 5102 contrito
3298 5043 3471 5098 corde

1888 5154 1945 5197 et
1993 5144 2285 5198 humiliato
2325 5142 2640 5196 incredibili
2680 5142 2884 5212 gaudio
2913 5140 3289 5212 perfunditur.
3326 5136 3473 5203 Quin

1889 5234 2228 5303 nimisquam
2269 5232 2665 5305 longanimiter
2710 5244 2956 5289 nostram
3009 5232 3264 5302 operitur
3330 5244 3469 5284 con-

1888 5322 2227 5388 versionem,
2266 5339 2368 5378 nec
2397 5324 2619 5378 interim
2645 5323 3012 5393 conquiescit,
3046 5321 3117 5376 ad
3148 5334 3471 5390 supremum

1906 5486 1925 5515 ’
1957 5484 2100 5537 Psal.
2136 5499 2241 5545 ut,
2294 5482 2379 5537 10.
2500 5484 2544 5515 ¹⁰
2573 5482 2709 5536 ibid.
2743 5481 2828 5534 11.
2947 5480 2991 5512 ¹²
3020 5479 3194 5534 Exod.
3237 5492 3349 5534 XIX,
3377 5474 3469 5528 9.5.

2014 5554 2055 5583 ⁸⁸
2087 5554 2250 5607 Prov.
2280 5568 2373 5613 xx,
2413 5551 2500 5605 10.
2583 5554 2650 5617 ³⁸.
2675 5552 2790 5606 Luc
2828 5567 2903 5605 vr.
2934 5551 3022 5605 58.

1467 5658 1705 5716 VARIJZ
1737 5662 2147 5719 LECTIONES.

276 5784 291 5820 ι
325 5777 643 5846 Φάρμακον,
691 5771 861 5846 dictio
900 5769 1109 5825 medica
1133 5782 1237 5846 est,
1276 5783 1332 5826 ut

1387 5774 2145 5852 probatur,__Dcverborum
2197 5777 2446 5852 signific.
2490 5780 2524 5831 Ι.
2581 5776 2706 5852 250,
2740 5776 2885 5852 οτι
2948 5774 3222 5852 Odyssea.
3262 5772 3359 5830 llic
3417 5775 3472 5827 in

202 5841 639 5916 bonam'partcm
679 5841 917 5898 sumitur
946 5856 1045 5910 pro
1079 5843 1328 5898 antidoto
1355 5841 1470 5898 sive
1508 5847 1772 5902 remedio.
1811 5848 1915 5916 (Ex
1939 5848 2098 5902 Dion.
2122 5841 2321 5917 Arer.
2346 5849 2514 5918 Epist.
2548 5849 2617 5900 ml
2648 5846 3011 5916 Domi/tcum.)
