4178 6436
194 445 333 503 1661

1120 442 1446 503 llOMILIA
1486 442 1775 504 LXXVII.
1798 466 1867 479 -
1890 445 1985 503 DE
2024 446 2527 506 PCENITENTIA.

3310 433 3445 496 1662

188 549 407 619 ἐχθρός.
461 548 634 616 ’1ησοῦ
665 550 886 619 Χριστε,
920 549 1169 617 ἀντίσχου
1222 567 1311 617 μοι
1362 551 1455 603 καὶ
1484 550 1644 619 γενοῦ
1679 567 1745 619 μο

1875 554 2110 622 Signasti
2157 554 2303 609 enim
2360 571 2443 608 me
2480 553 2789 608 arrhabone
2822 549 2993 604 sancti
3031 547 3107 602 tui
3160 546 3437 615 Spiritus:

188 641 390 712 βοηθὸς
429 642 686 712 κραταιὸς
714 644 771 694 ἐν
797 641 1039 710 πολέμῳ,
1066 642 1146 693 ὅτι
1188 641 1377 703 δοῦλός
1408 645 1523 711 εἰμι
1578 642 1764 695 ἐπιθυ-

191 736 347 806 μίας,
380 736 474 789 καί
520 734 866 805 πολεμοῦμαι
913 735 1008 787 ὑπ’
1033 734 1204 800 αὐτῆς
1235 750 1249 765 ο
1278 734 1412 787 ἀλλὰ
1452 735 1538 795 σὺ,
1569 734 1762 804 Κύριε,

190 827 270 896 μὴ
298 827 673 897 ὲγκαταλίπῃς
717 842 783 895 με
825 827 917 877 τὸν
945 827 1033 878 ἐπὶ
1065 825 1167 894 γῆς
1194 825 1528 896 ἐρριμμένον
1572 828 1629 878 ὲν
1662 842 1761 877 κα-

185 917 388 988 ταδίκῃ
440 918 616 985 ἔργων
651 932 753 985 μου
784 932 797 945 ·
830 916 1196 985 ἑλευθέρωσόν
1249 934 1337 981 με,
1373 916 1635 976 Δέσποτα,
1668 919 1763 985 τῆς

186 1009 440 1077 πονηρᾶς
463 1006 707 1069 δουλείας
737 1005 831 1059 τοῦ
860 1007 1326 1075 κοσμοκράτορος,
1363 1008 1457 1059 καὶ
1485 1008 1765 1060 οἰκείωσόν

188 1117 258 1170 με
305 1103 366 1153 ἐν
394 1102 508 1163 τοῖς
536 1100 922 1170 προστάγμασι
962 1116 1054 1151 σου
1084 1116 1095 1127 ·
1127 1101 1159 1168 ἡ
1192 1099 1308 1159 ὁδὸς
1335 1099 1436 1166 τῆς
1471 1099 1617 1169 ζωῆς
1658 1116 1761 1169 μου

183 1192 214 1242 ό
244 1191 485 1261 Χριστός
518 1207 618 1259 μου
652 1206 664 1218 ·
703 1190 795 1241 καὶ
839 1188 899 1241 τὸ
944 1190 1058 1255 φῶς
1082 1189 1191 1240 τῶν
1226 1188 1520 1258 ὀφθαλμῶν
1550 1207 1672 1259 μου,
1705 1188 1764 1242 τὸ

184 1284 482 1352 πρόσωπόν
533 1299 648 1334 σου.
681 1281 778 1334 Θεὲ
815 1281 1079 1344 Δέσποτα,
1114 1280 1207 1332 καὶ
1259 1281 1431 1350 Κύριε
1474 1281 1573 1349 τῆς
1620 1280 1764 1349 ζωῆς

187 1392 322 1443 μου,
352 1373 729 1444 μετεωρισμὸν
757 1372 1050 1441 ὀφθαλμῶν
1082 1388 1183 1442 μου
1239 1373 1311 1441 μὴ
1340 1371 1483 1441 δῴης
1516 1388 1605 1440 μοι
1637 1388 1649 1402 ·
1670 1371 1763 1422 καὶ

182 1464 489 1531 ἐπιθυμίαν
534 1464 712 1530 κακὴν
773 1463 1086 1530 ἀπόστησον
1131 1463 1227 1514 ἀπ’
1283 1460 1442 1532 ἐμοῦ.
1485 1461 1761 1531 ’Λντίσχου

185 1570 279 1620 με,
304 1552 532 1621 Χριστὲ,
561 1555 626 1623 τῇ
661 1551 806 1621 χειρί
838 1567 932 1603 σου
963 1554 1029 1619 τῇ
1053 1552 1184 1623 ἁγίᾳ
1206 1567 1221 1580 ⁸
1253 1550 1463 1621 ὀρέξεις
1500 1551 1592 1604 καὶ
1633 1569 1758 1604 συν-

180 1645 475 1713 ουσιασμοὶ
506 1645 578 1715 μὴ
617 1642 1072 1697 καταλασὲτωσάν
1113 1661 1201 1710 με,
1235 1644 1330 1695 καὶ
1361 1643 1505 1713 ψυχῇ
1556 1645 1762 1697 ἀναιδεῖ

184 1733 263 1802 μὴ
294 1732 551 1804 παραδῷς
580 1749 666 1801 με.
702 1732 928 1800 Λάμψον
965 1734 1022 1785 ὲν
1059 1734 1183 1801 ἐμοὶ
1230 1732 1289 1784 τὸ
1320 1732 1435 1800 φῶς
1462 1733 1557 1785 τοῦ
1587 1751 1757 1803 προσ-

180 1823 336 1875 (imm
396 1840 513 1884 σου,
559 1822 751 1891 Κύριε,
784 1824 871 1875 ἵνα
930 1824 1070 1893 μὴη
1118 1823 1304 1875 σκοτία
1357 1824 1639 1895 καταλάϐῃ
1669 1843 1755 1894 με.

181 1919 277 1969 καὶ
308 1920 338 1970 ό
366 1919 685 1988 περιπατῶν
723 1920 781 1971 ὲν
815 1920 950 1988 αὐτῇ
979 1919 1282 1989 ὑφαρπὰσῃ
1319 1937 1407 1989 με.
1434 1919 1527 1990 Μὴ
1576 1937 1755 1987 παρα-

177 2008 309 2078 δῷς,
337 2008 529 2081 Κύριε,
553 2010 763 2078 θηρίοις
793 2011 1042 2079 ἀοράτοις
1064 2010 1241 2081 ψυχὴν
1263 2009 1763 2079 ὲξομολογουμένην

182 2116 287 2152 σοι.
323 2101 415 2170 Μὴ
448 2100 737 2171 καταδέξῃ.
778 2100 971 2171 Κύριε,
1003 2102 1275 2172 πληγῆναι
1298 2100 1497 2153 δοῦλόν
1530 2117 1623 2153 σου
1659 2100 1761 2152 ὑπὸ

178 2191 365 2243 κυνῶν
396 2191 690 2260 ἀλλοτρίων
711 2207 727 2223 °
764 2192 943 2255 ξενίαν
978 2193 1073 2244 τοῦ
1106 2193 1264 2260 ἁγίου
1301 2209 1396 2245 σου
1447 2191 1761 2260 Πνεύματος

178 2280 522 2344 καταξίωσόν
557 2298 647 2349 με,
679 2282 860 2351 Πάτερ
886 2282 1036 2349 ἆγιε,
1064 2281 1339 2350 γενέσθαι.
1371 2282 1469 2335 καὶ
1495 2279 1643 2335 οἷκον
1668 2281 1759 2333 τοῦ

178 2372 423 2442 Χριστοῦ
454 2390 546 2425 σου
571 2388 585 2402 ⁸
619 2374 975 2443 οἱκοδόμησόν
1008 2392 1096 2443 με,
1135 2375 1163 2426 ό
1194 2374 1381 2443 ὀδηγδς
1404 2374 1512 2425 τῶν
1555 2390 1617 2425 πε
1630 2374 1759 2425 πλα-

176 2462 439 2531 νημένων
460 2479 474 2493 ·
503 2465 671 2533 όδὴγη
684 2465 773 2514 σόν
825 2481 916 2530 με,
946 2463 1033 2517 ἴνα
1074 2464 1146 2533 μὴ
1176 2464 1409 2516 ἑκκλίνω
1434 2465 1512 2526 εἰς
1542 2464 1606 2515 τὰ
1636 2466 1756 2532 ἀρι-

180 2553 354 2621 στερά
376 2570 389 2582 ·
423 2556 718 2622 πρόσωπόν
741 2570 854 2617 σου,
884 2538 1077 2623 Κύριε,
1111 2556 1236 2607 ἰδεῖν
1262 2554 1527 2607 ἐπιποθῶ·
1552 2557 1578 2608 ό
1602 2556 1753 2616 Θεδς,

175 2642 255 2713 τῷ
313 2644 455 2710 φωτὶ
505 2644 599 2696 τοῦ
646 2643 936 2714 προσώπου
996 2663 1088 2697 σου
1137 2646 1401 2716 ἑδήγησὸν
1476 2663 1541 2715 με
1572 2662 1583 2671 ·
1635 2647 1761 2713 ῥοῦν

175 2734 435 2803 δακρύων
466 2736 697 2805 χάρισαί
740 2754 830 2803 μοι
860 2736 947 2805 τῷ
973 2736 1143 2805 δούλῳ
1177 2754 1290 2799 σου,
1320 2737 1413 2788 καὶ
1443 2736 1643 2805 ἰκμάδα
1668 2735 1760 2788 τοῦ

177 2824 343 2892 ἁγίου
408 2842 501 2878 σου
560 2825 885 2895 Πνεύματος
931 2826 1172 2895 δώρησαι
1206 2826 1285 2896 τῷ
1314 2826 1595 2896 πλάσματί
1643 2844 1756 2891 σου,

178 2916 266 2969 ἶνα
305 2916 384 2985 μὴ
429 2917 681 2983 ξηρανθῶ
721 2918 796 2979 ὡς
832 2920 865 2987 ἠ
904 2918 1042 2987 συκῆ
1073 2918 1141 2987 ἢν
1174 2919 1237 2971 σὺ
1291 2920 1591 2988 κατηράσω
1624 2938 1635 2950 ·
1669 2920 1759 2972 καὶ

175 3007 321 3059 ἔστω
342 3006 411 3060 τὰ
438 3007 648 3077 δακρυά
688 3025 792 3077 μου
826 3010 906 3071 εἰς
931 3008 1063 3077 ὲμδν
1091 3009 1241 3078 πόμα
1273 3025 1288 3039 ο
1328 3012 1422 3061 καὶ
1459 3011 1491 3080 ἡ
1518 3027 1755 3081 προσευ-

174 3098 243 3168 χή
300 3114 405 3167 μου
441 3097 560 3149 ἀντὶ
609 3096 884 3167 βρώσεως.
914 3097 1149 3168 Τρέψον,
1174 3097 1369 3168 Κύριε,
1394 3098 1486 3151 τὸν
1531 3100 1760 3152 κοπετόν

1876 647 2141 700 reduxisti
2202 647 2347 700 enim
2421 661 2507 699 me
2580 660 2644 698 ex
2707 644 2974 697 altissima
3019 640 3279 709 voragine
3330 637 3438 692 ini-

1868 739 2141 807 quitatum
2213 754 2506 799 mearum,
2576 746 2635 790 ιιι
2698 750 2766 789 nc
2827 734 2882 788 in
2948 730 3131 802 praeda
3193 729 3438 783 abduce-

1868 840 1951 882 ret
1985 844 2070 882 me
2112 830 2390 884 inimicus.
2423 829 2554 883 Jesu
2597 827 2815 883 Christe
2839 869 2852 889 ,
2888 822 3111 879 suﬂulci
3155 836 3242 876 me
3275 828 3441 889 atque

1867 931 2203 985 sustenta,et
2231 931 2351 976 esto
2382 920 2516 974 mihi
2547 920 2852 979 auxiliaris.
2881 927 2938 971 tu
2968 918 3020 971 in
3046 916 3196 969 bello
3220 923 3436 983 potens.

1868 1011 2071 1067 Servus
2108 1013 2257 1065 enim
2290 1027 2411 1064 sum
2457 1010 2945 1080 concupiscentim,
2977 1009 3045 1061 ab
3086 1007 3187 1060 hac
3240 1004 3439 1058 misere

1866 1118 2154 1173 oppugnor
2183 1121 2196 1168 ;
2229 1102 2323 1157 sed
2353 1113 2429 1166 tu,
2459 1103 2712 1165 Domine,
2750 1117 2817 1154 ne
2866 1116 2952 1154 me
3002 1098 3356 1165 derelinquas
3382 1096 3437 1148 in

1869 1199 2070 1246 terram
2098 1192 2412 1262 disjectum,
2430 1188 2881 1261 quandoquidem
2901 1202 3139 1256 agnosco
3161 1193 3216 1240 et
3237 1184 3440 1238 damno

1866 1298 2032 1351 opera
2057 1299 2197 1338 mea.
2234 1283 2532 1352 Eniaucipa
2560 1298 2665 1346 me,
2693 1280 2943 1341 Domine,
2965 1280 3096 1349 jugo
3114 1278 3434 1348 depressum

1865 1374 2189 1429 miserandae
2245 1374 2549 1437 servitutis,
2572 1390 2676 1443 qua
2739 1373 2930 1427 mundi
2989 1371 3149 1425 istius
3199 1369 3439 1422 obstrin-

1864 1481 1961 1535 gor
2008 1466 2268 1535 principi.
2307 1466 2437 1519 Tum
2487 1482 2571 1520 me
2606 1465 2869 1519 ascribito
2897 1462 3190 1523 clientelas,
3215 1468 3343 1512 tuus
3379 1468 3439 1511 ut

1865 1559 1967 1613 sim
2016 1574 2115 1629 per
2159 1558 2606 1613 observationem
2661 1555 3045 1609 mandatorum
3093 1562 3348 1612 tuorum,
3381 1560 3436 1603 tu

1863 1651 1956 1719 qui
2006 1652 2092 1705 via
2128 1667 2190 1705 es
2236 1652 2363 1704 vitae.
2412 1665 2570 1712 meae,
2608 1656 2663 1702 ct
2709 1648 2964 1703 Christus
3014 1661 3202 1706 meus,
3237 1644 3330 1699 sed
3382 1652 3440 1697 et

1865 1742 2035 1795 facies
2065 1750 2156 1794 tua
2184 1742 2372 1794 lumen
2398 1739 2686 1793 oculorum
2723 1753 2972 1792 meorum
3014 1744 3117 1790 cst.
3150 1737 3297 1790 Deus
3330 1735 3436 1787 Do-

1866 1830 2036 1893 mine,
2064 1838 2119 1885 et
2143 1830 2373 1884 Domine
2399 1831 2524 1884 vite
2550 1845 2704 1890 mete,
2732 1827 3110 1883 extollentiam
3147 1826 3437 1880 oculorum

1869 1937 2115 1977 meorum
2145 1938 2213 1977 ne
2249 1921 2479 1976 dederis
2502 1920 2661 1984 mihi,
2693 1930 2749 1975 et
2775 1919 3282 1988 concupiscentiam
3313 1934 3439 1987 pra-

1876 2029 1999 2067 vam
2031 2022 2220 2067 averte
2254 2029 2283 2067 a
2319 2029 2427 2066 me.
2453 2012 2714 2066 Sustenta
2740 2026 2846 2075 me,
2868 2010 3117 2073 Domine,
3150 2024 3314 2063 manu
3349 2019 3437 2063 tua

1864 2114 2072 2158 sancta.
2102 2103 2395 2172 Appetitus
2429 2101 2641 2155 ventris
2663 2109 2719 2155 et
2748 2100 3085 2155 concubitus
3108 2114 3216 2153 non
3238 2115 3436 2169 apprc-

1864 2194 2113 2249 hendant
2146 2209 2252 2258 me,
2279 2202 2335 2248 et
2381 2194 2579 2248 animm
2634 2194 2959 2247 irreverr-nti
2998 2208 3066 2247 ne
3105 2192 3288 2248 tradas
3328 2208 3434 2247 me.

1866 2284 2086 2338 lllustra
2121 2283 2175 2337 in
2228 2299 2314 2338 me
2352 2283 2539 2338 lumen
2589 2283 2777 2337 vultus
2820 2282 2920 2343 tui,
2974 2282 3204 2335 Domine
3228 2321 3243 2344 ,
3270 2292 3329 2335 ut
3367 2298 3437 2335 ne.

1863 2376 2340 2445 comprehendant
2372 2391 2461 2430 me
2486 2375 2747 2436 tenebras.
2775 2375 2870 2429 sed
2914 2384 2969 2428 et
2998 2374 3093 2443 qui
3120 2374 3431 2427 obambulat

1862 2484 1974 2533 eas,
2012 2484 2078 2522 ne
2107 2469 2463 2523 clanculariis
2490 2469 2607 2522 suis
2638 2467 2783 2521 dolis
2808 2467 3053 2535 abripiat
3084 2482 3190 2521 mc.
3221 2467 3299 2520 Ne
3331 2476 3440 2520 tra-

1862 2558 1982 2619 das.
2024 2558 2277 2621 Domine,
2313 2559 2510 2613 bestiis
2553 2557 2926 2612 invisibilibus
2969 2558 3208 2611 animam
3261 2557 3437 2611 confi-

1864 2656 2068 2702 tentem
2121 2649 2343 2703 tibi.Ne
2380 2650 2627 2718 patiaris,
2682 2650 2911 2703 Domine
2941 2690 2954 2711 ,
2998 2664 3217 2703 servum
3282 2663 3434 2702 tuum

1864 2738 2181 2792 immaniter
2206 2742 2452 2809 torqueri
2479 2757 2509 2794 a
2544 2742 2778 2795 canibus
2808 2742 2957 2805 istis,
3000 2740 3094 2809 qui
3129 2756 3158 2793 a
3188 2750 3240 2793 te
3272 2741 3436 2793 alieni

1864 2836 1995 2881 sunt
2048 2839 2105 2882 et
2156 2828 2505 2883 defecerunt.
2548 2830 2780 2900 Dignum
2846 2845 2931 2882 mc
2985 2828 3209 2885 cﬂicito.
3276 2830 3441 2883 Pater

1863 2928 2072 2980 sancte,
2108 2919 2375 2988 ImSpitali
2433 2935 2665 2973 munere
2707 2920 2879 2973 sancti
2916 2919 2993 2972 tui
3039 2919 3299 2989 Spiritus,
3329 2935 3443 2972 me-

1862 3023 1970 3077 que
1990 3007 2272 3063 eazedifica
2298 3008 2353 3061 in
2378 3007 2725 3062 domicilium
2751 3007 2955 3060 Christi
2981 3006 3081 3059 tui.
3110 3007 3224 3059 Dux
3246 3021 3438 3060 eorum

1863 3100 1957 3168 qui
2022 3107 2348 3153 excrrarunt
2382 3114 2412 3153 a
2462 3101 2573 3162 via,
2606 3099 2831 3169 praedux
2886 3098 3021 3151 mihi
3072 3107 3191 3152 esto
3250 3108 3307 3152 et
3351 3113 3443 3151 eo-

176 3208 277 3259 μου
304 3192 386 3253 είς
408 3189 582 3261 χαρὰν
611 3191 754 3260 ἐμοί·
780 3192 874 3243 καὶ
890 3190 1038 3254 δέξαι
1067 3207 1133 3261 με
1157 3191 1236 3254 εἰς
1269 3191 1369 3255 τάς
1390 3191 1641 3254 αἰωνίους
1667 3208 1753 3244 σου

1864 3190 2081 3253 mitare,
2150 3197 2210 3243 ut
2264 3206 2332 3244 ne
2400 3190 2466 3243 ad
2524 3189 2811 3244 sinistram
2885 3188 3183 3243 declinem.
3224 3189 3439 3243 Faciem

175 3285 385 3351 σκηνάς
406 3297 419 3311 ·
450 3282 708 3351 φθασάτω
736 3300 804 3354 με
843 3284 877 3354 ή
906 3280 1246 3353 ἐλεημοσύνη
1280 3299 1398 3347 σου,
1428 3283 1601 3354 Κύριε
1621 3322 1635 3344 ,
1660 3284 1752 3335 καὶ

171 3374 222 3425 oi
243 3373 523 3442 οἰκτιρμοί
548 3391 644 3426 σου
669 3374 882 3427 καταλα
896 3373 1140 3427 ὁὲτωσάν
1169 3390 1256 3441 με,
1282 3375 1375 3427 καὶ
1405 3375 1542 3441 ἄφες
1571 3374 1753 3437 πάσας

172 3462 269 3527 τάς
307 3464 580 3533 ἁμαρτίας
631 3482 757 3534 μου.
790 3466 862 3518 Σὺ
896 3465 1004 3535 γὰρ
1041 3460 1095 3517 εἴ
1122 3467 1255 3528 Θεὸς
1288 3465 1541 3534 ἀληθινὸς
1573 3464 1749 3534 ἀφιὼν

172 3554 423 3622 ἀνομίας.
474 3555 583 3607 Καὶ
651 3555 725 3626 μὴ
769 3555 1060 3625 καταδὲξῃ,
1115 3556 1312 3626 Κύριε,
1351 3557 1618 3625 ἀτιμάσαι
1676 3557 1747 3610 τὰ

172 3644 315 3712 ἔργα
334 3643 441 3697 τῶν
466 3645 664 3715 χειρῶν
689 3663 804 3712 σου,
821 3646 908 3699 διὰ
932 3646 999 3699 «ea:
1022 3647 1198 3717 πλήθη
1218 3646 1326 3699 τῶν
1350 3648 1591 3717 ἀνομιῶν
1614 3665 1741 3716 μου,

170 3733 311 3787 ἀλλά
344 3734 676 3787 ἀνακάλεσαί
733 3752 822 3806 με,
858 3737 1125 3799 Δέσποτα,
1156 3737 1247 3790 διὰ
1274 3736 1370 3790 τοῦ
1423 3738 1746 3807 μονογενοῦς

172 3842 265 3878 σου
291 3824 427 3878 Υἱοῦ
459 3824 553 3877 τοῦ
582 3826 834 3896 Σωτῆρος
862 3828 1019 3896 ἡμῶν
1043 3844 1058 3858 ·
1090 3828 1186 3881 καὶ
1208 3827 1421 3899 ἐγειρόν
1453 3847 1520 3899 με
1556 3831 1747 3899 κείμε-

169 3931 256 3968 νον
281 3915 363 3980 ὡς
390 3915 522 3972 Λευῖ
552 3917 643 3970 τὸν
667 3916 907 3988 τελώνην
929 3935 945 3949 ·
975 3919 1070 3972 καὶ
1101 3919 1435 3990 ζωοποίησόν
1478 3938 1546 3991 με
1576 3923 1668 3974 τον
1691 3925 1749 3975 ὲν

169 4007 471 4075 ἁμαρτίαις
510 4008 912 4078 νενεκρωμένον
936 4049 951 4073 ,
992 4010 1069 4072 ὼς
1121 4012 1220 4080 τῆς
1274 4012 1448 4082 χήρας
1490 4012 1581 4064 τὸν
1612 4013 1748 4077 υἱὸν,

169 4098 250 4150 ὅτι
287 4100 352 4151 σὺ
395 4099 554 4166 μόνος
581 4099 845 4170 ὑπάρχεις
879 4102 913 4170 ἡ
945 4100 1245 4164 ἀνάστασις
1270 4102 1377 4155 τῶν
1406 4103 1747 4158 τεθνεώτων.

171 4188 282 4241 Καὶ
311 4190 397 4242 σοὶ
419 4188 543 4253 δόξα
571 4189 770 4261 πρέπει
810 4190 891 4251 είς
924 4191 1050 4253 τοὺς
1082 4190 1307 4253 αἰῶνας.
1340 4191 1533 4262 Ἀμήν.

1864 3294 2035 3346 tuam,
2061 3284 2132 3337 mi
2176 3282 2427 3346 Domine,
2456 3282 2820 3351 flagrantibus
2842 3282 2989 3335 votis
3018 3281 3207 3335 videre
3238 3298 3442 3337 concu-

1868 3374 2045 3442 pisco.
2090 3374 2258 3437 Deus,
2307 3373 2678 3427 illustratione
2699 3374 2891 3427 vultus
2929 3372 3006 3427 tui
3039 3372 3213 3441 dirige
3270 3388 3356 3427 me
3387 3374 3439 3427 iu

1858 3465 2045 3527 viam,
2098 3465 2305 3518 flumen
2365 3464 2733 3534 lacrymarum
2794 3462 3017 3533 indulge
3075 3463 3211 3517 mihi
3285 3478 3445 3516 servo

1848 3565 1967 3616 tuo,
2026 3554 2315 3609 humorem
2376 3555 2550 3608 sancti
2644 3553 2723 3609 tui
2813 3553 3055 3624 Spiritus
3137 3553 3269 3608 huic
3347 3563 3443 3608 tuo

1854 3645 2109 3716 plasmati
2204 3645 2510 3699 liberaliter
2598 3645 2933 3715 impertire,
3008 3654 3070 3699 ιιι
3161 3660 3232 3700 ne
3317 3660 3441 3700 exa-

1859 3747 2037 3792 rescat
2117 3738 2370 3806 exemplo
2445 3738 2693 3792 ficulnea:
2754 3738 2900 3791 illius
2929 3737 3019 3791 cui
3084 3747 3141 3791 tu
3208 3737 3442 3791 maledi-

1858 3829 2005 3883 xisti.
2065 3829 2329 3884 l’oculum
2394 3830 2527 3883 mihi
2588 3844 2724 3884 meze
2763 3830 2876 3883 sint
2926 3830 3201 3899 lacrymze,
3264 3830 3441 3882 vicem

1859 3919 2139 3973 alimonia:
2229 3920 2489 3987 suppleat
2546 3920 2732 3973 oratio
2796 3934 2937 3973 mea.
3004 3919 3224 3989 1146
3277 3919 3440 3974 Verte

1858 4010 2143 4080 planctum
2177 4024 2361 4064 meum
2422 4011 2479 4063 in
2527 4009 2791 4079 gaudium
2853 4008 3037 4073 mihi;
3071 4009 3299 4062 admitte
3356 4022 3443 4061 me

1859 4102 1914 4155 in
1972 4109 2178 4157 aeterna
2244 4101 2599 4156 tabernacula
2654 4108 2769 4153 tua.
2800 4100 3081 4169 Anticipet
3136 4115 3223 4153 me
3281 4100 3443 4153 misc-

1860 4193 2098 4247 ricordia
2128 4205 2243 4257 tua,
2280 4194 2531 4254 Domine,
2558 4199 2614 4245 et
2657 4192 3049 4245 miserationes
3101 4200 3206 4245 ture
3246 4205 3441 4259 apprc-

175 4283 424 4338 hendant
487 4299 596 4347 me,
656 4293 713 4338 et
759 4284 979 4340 remitte
1024 4287 1211 4340 omnia
1256 4299 1483 4356 peccata
1552 4302 1691 4342 mea.
1736 4286 1816 4340 Tu
1875 4288 2045 4351 enim,
2115 4289 2259 4342 Deus
2315 4302 2501 4348 verus.
2525 4286 2621 4356 qui
2686 4284 2924 4339 remittis
2975 4284 3316 4352 iniquitates.
3365 4282 3443 4336 Ne

173 4380 422 4447 patiaris,
482 4378 732 4444 Domine,
781 4395 921 4448 opus
958 4395 1219 4434 manuum
1253 4388 1471 4434 tuarum
1532 4381 1646 4435 ullo
1700 4382 1973 4437 atrociore
2005 4382 2219 4451 aspergi
2252 4382 2578 4451 opprobrio.
2630 4381 2701 4434 ob
2728 4378 3135 4433 multitudinem
3186 4378 3446 4446 iniquita-

174 4484 289 4527 tum
354 4486 639 4535 mearum;
695 4474 829 4540 quin
862 4487 1060 4527 revoca
1099 4488 1186 4527 me
1241 4488 1339 4542 per
1389 4472 1733 4543 unigenitum
1795 4474 1991 4530 Filium
2068 4486 2222 4531 tuum
2294 4483 2497 4528 nostrae
2570 4473 2819 4527 omnium
2901 4471 3095 4525 salutis
3143 4471 3438 4524 vindicem.

177 4568 368 4623 Excita
404 4580 491 4619 me
526 4567 725 4621 misere
770 4568 1064 4637 iacentem.
1097 4569 1307 4623 utolim
1344 4569 1500 4623 illum
1547 4570 1787 4625 telonem
1835 4572 1965 4627 Levi
1995 4590 2008 4639 ;
2038 4573 2252 4627 viviflca
2286 4588 2372 4626 me
2418 4580 2768 4641 peccatorum
2804 4580 2979 4624 morte
3010 4570 3359 4635 tabefactum,
3382 4582 3443 4627 ut

171 4677 299 4719 tunc
360 4663 533 4718 filium
578 4663 800 4727 vidum;
836 4672 894 4719 tu
947 4665 1103 4719 solus
1144 4666 1482 4720 resurrectio
1523 4680 1585 4720 cs
1639 4676 2010 4722 mortuorum.
2047 4668 2172 4721 Tibi
2210 4667 2385 4738 gloria
2420 4667 2474 4720 in
2507 4666 2732 4720 saecula.
2768 4669 2963 4720 Amen.

235 4756 401 4807 Θέλει
451 4754 507 4807 δὲ
548 4756 578 4807 ό
609 4756 665 4807 ὲν
709 4755 940 4826 ἀληθεία
978 4756 1256 4825 μετανοῶν
1299 4756 1385 4823 ἐφ’
1412 4751 1493 4820 οἷς
1545 4756 1746 4828 ἔπραξε

1929 4757 2094 4829 Optet
2122 4760 2177 4813 in
2214 4760 2432 4829 primis,
2460 4772 2627 4827 quem
2653 4772 2784 4811 vere
2812 4756 3066 4825 pmnitet,
3099 4764 3155 4809 ct
3187 4769 3244 4809 se
3279 4755 3349 4807 oh
3376 4771 3439 4808 ea

168 4848 359 4909 κακοῖς
392 4844 486 4897 καὶ
511 4845 701 4899 ἑαυτὸν
745 4846 1181 4918 ἐπιμέμφεσθαι,
1206 4848 1300 4900 καὶ
1324 4848 1391 4899 τὰ
1416 4847 1547 4918 παρ’
1571 4849 1745 4902 ἀλλων

168 4938 345 5007 ὀνείδη
391 4938 677 5008 καρτερῶς
725 4939 913 5008 φέρειν
938 4956 949 4969 ·
988 4941 1246 5007 μετάνοια
1278 4940 1384 5010 γάρ
1423 4941 1538 4994 ὲστι
1572 4942 1631 4993 τὸ
1654 4943 1745 4994 ὑπ’

173 5028 432 5098 ἀφρόνων
456 5028 834 5097 χλευάζεσθαι,
861 5032 953 5083 καὶ
976 5034 1278 5099 καρτερεῖν,
1298 5031 1393 5082 καὶ
1417 5031 1744 5102 όλοκαρδίως

170 5119 507 5190 προσφέρειν
557 5120 637 5189 τῷ
666 5121 781 5190 θεῷ
832 5121 1237 5192 ἐξομολόγησιν.
1284 5120 1346 5175 Ὀ
1391 5120 1616 5186 Ἡσαΐας
1652 5141 1747 5176 πο-

167 5212 467 5281 τνιώμενος
501 5213 629 5281 περὶ¹
662 5214 769 5266 τῶν
802 5214 1051 5283 σκληρῶν
1090 5215 1181 5266 καὶ
1224 5216 1629 5282 ἀμετανοέτων,
1652 5215 1742 5268 λέ-

168 5315 251 5362 γει
281 5315 294 5327 ·
337 5318 357 5349 ι
415 5300 505 5371 Μὴ
545 5301 645 5354 οὐκ
678 5303 849 5372 ἰσχύει
904 5302 1107 5372 Κύριος
1154 5304 1250 5356 τοῦ
1314 5304 1485 5356 σῶσαι
1521 5322 1534 5363 :
1604 5304 1741 5357 ἀλλὰ

166 5387 251 5441 διὰ
292 5388 399 5451 τὰς
447 5391 723 5460 ἁμαρτίας
776 5393 928 5461 ὑμῶν
981 5393 1321 5463 ἀπέστρεψεν
1352 5394 1412 5446 τὸ
1449 5394 1740 5461 πρόσωπον

168 5477 328 5532 αὐτοῦ
355 5481 450 5549 ἀφ’
478 5481 652 5549 ὑμῶν.
679 5483 760 5535 ὅτι
812 5484 985 5546 οὐδεὶς
1017 5483 1170 5537 λαλεῖ
1211 5486 1419 5543 δίκαια,
1455 5486 1565 5538 οὐδ’
1594 5486 1741 5538 ἔστιν

169 5568 347 5636 κρίσις
407 5570 656 5640 ἀληθινή.
701 5592 718 5622 ι
772 5574 997 5644 Ἕτερος
1045 5575 1101 5629 δέ
1157 5593 1291 5643 φησι
1320 5593 1335 5609 ο
1373 5596 1390 5627 ι
1432 5576 1517 5638 Ὠς
1576 5577 1739 5629 καλὸν

168 5654 490 5725 ἐλεγχθέντα
547 5660 857 5729 φανερῶσαι
901 5662 1213 5732 μετάνοιανῑ
1241 5663 1396 5717 Οὖτιν)
1420 5663 1527 5733 γὰρ
1566 5666 1737 5735 φεύξῃ

242 5813 407 5865 ³³1ετιΔ
447 5829 527 5865 1.1x
552 5853 564 5875 ,
598 5813 701 5864 l-S.

1848 4864 1974 4917 qua?
2016 4862 2311 4917 perperam
2361 4845 2553 4916 gessit,
2589 4845 2786 4899 durius
2835 4844 3086 4912 coargui,
3119 4852 3175 4897 et
3212 4857 3333 4911 qua:
3372 4843 3441 4897 ab

1846 4940 1969 4994 aliis
1993 4938 2323 5007 ingeruntur
2345 4935 2666 5006 opprobria,
2690 4932 3108 5004 generoseferat
3140 4934 3445 5001 ;pmniten-

1848 5031 1921 5085 tia
1946 5029 2093 5083 enim
2130 5037 2218 5083 cst
2249 5029 2316 5082 ab
2347 5024 2802 5096 imprudentibus
2835 5023 3169 5078 subsannari
3201 5040 3214 5075 :
3249 5037 3313 5076 ac
3353 5024 3439 5076 in-

1848 5121 2011 5175 terim
2043 5120 2172 5173 dunt
2206 5120 2321 5173 haec
2364 5127 2479 5171 toto
2526 5116 2742 5186 perfers
2785 5124 3034 5184 pectore,
3071 5129 3183 5166 non
3230 5114 3441 5170 desinis

1851 5214 1961 5267 Deo
1990 5212 2195 5265 offerre
2224 5211 2657 5265 confessionem.
2694 5207 2863 5261 Isaias
2891 5207 3068 5260 Deum
3108 5205 3438 5273 suppliciter

1847 5302 2136 5356 obtestans
2190 5317 2291 5371 pro
2346 5299 2471 5354 duri
2525 5298 2826 5352 admodum
2860 5295 3044 5350 cordis
3089 5293 3435 5349 hominibus.

1844 5410 2057 5465 proque
2115 5393 2616 5464 impcenitentibus,
2672 5392 2846 5447 dicit:
2901 5410 2919 5441 ι
2981 5387 3260 5457 Numquid
3327 5400 3436 5439 non

1846 5494 2027 5554 potest
2052 5485 2316 5539 Dominus
2336 5498 2435 5538 vos
2454 5483 2639 5537 salvos
2668 5482 2850 5536 facere
2878 5480 2903 5531 ?
2928 5478 3021 5532 sed
3051 5487 3277 5546 propter
3302 5490 3433 5544 pec-

1845 5586 1966 5631 cata
2006 5586 2189 5630 vestra
2224 5574 2430 5629 avertit
2460 5573 2659 5629 faciem
2699 5586 2857 5627 suam
2898 5586 2926 5625 a
2964 5568 3141 5627 vobis.
3176 5565 3304 5635 quia
3337 5579 3436 5618 nc-

1845 5682 1933 5721 mo
1963 5668 2109 5736 justa
2152 5664 2424 5736 loquitur,
2454 5681 2637 5734 neque
2664 5672 2747 5719 est
2770 5660 3043 5733 judicium
3082 5672 3273 5713 verum
3305 5657 3370 5709 “.
3410 5672 3434 5709 ι
