4178 6436
724 397 858 460 ἳθθθ

1994 403 2354 462 ANTIOCHI
2398 404 2738 463 MONACIII

3852 399 3977 462 l66-i

714 510 820 563 Sed
854 518 908 565 et
941 510 1121 563 alter:
1162 526 1180 557 ι
1220 510 1394 574 Quam
1427 510 1629 563 bonum
1670 519 1775 573 est,
1813 527 1939 564 eum
1984 513 2076 581 qui
2125 528 2280 563 coar~

2393 514 2637 565 ἑκούσιον
2695 515 2987 583 ἁμαρτία-ι.
3038 533 3049 561 ι
3111 515 3215 564 Καὶ
3274 514 3467 572 πάλιν,
3508 530 3523 559 ι
3574 513 3876 581 Ἠμαρτες,
3913 530 3984 577 μη

711 600 917 667 guitur,
950 599 1303 653 manifestare
1364 599 1786 667 pccnitentiaml
1827 600 1907 655 sic
1955 602 2102 654 enim
2146 602 2290 652 cllu-

710 692 827 760 gics
852 690 1225 744 voluntarium
1256 698 1543 759 peccatum
1575 691 1640 745 ".
1685 710 1702 741 ι
1743 692 1996 747 Rursus:
2043 712 2061 743 ι
2098 693 2293 747 l'ecca-

711 782 820 835 sti?
847 798 916 837 ne
940 782 1113 838 addas
1142 784 1282 838 ultra
1316 802 1330 850 ;
1365 788 1461 841 sed
1492 797 1549 842 ct
1574 805 1672 858 pro
1704 787 1946 858 peccatis
1990 788 2101 841 tuis
2142 788 2292 857 prio-

714 875 868 928 rihus
894 876 1198 945 deprecare
1230 879 1298 930 ³⁵.
1330 898 1347 927 ι
1382 878 1602 934 lnducit
1631 880 1760 935 item
1794 899 1805 933 :
1853 899 1870 929 ι
1915 878 2291 945 Quasiafacie

711 968 991 1036 serpentis
1054 968 1177 1033 fuge
1209 986 1238 1022 a
1286 983 1513 1040 peccato
1540 974 1586 1004 "
1621 991 1634 1036 ;
1680 990 1699 1024 ι
1736 991 1830 1022 -ι
1871 971 2102 1040 Sapiens
2144 973 2291 1025 enim

713 1056 909 1109 timore
955 1068 1247 1127 correptus
1298 1061 1539 1115 declinat
1568 1078 1597 1115 a
1646 1062 1790 1115 malo
1814 1063 1882 1114 ’⁵.
1928 1083 1944 1113 ι
1978 1062 2082 1116 Job
2111 1062 2242 1116 item
2278 1082 2288 1115 :

716 1165 733 1193 ι
774 1148 931 1212 Quod
971 1149 1017 1203 si
1049 1159 1339 1221 postquam
1376 1155 1633 1223 peccavi,
1670 1154 1980 1207 voluntarie
2019 1156 2291 1209 occultavi

715 1248 1001 1305 penatum
1030 1259 1235 1308 meum,
1260 1261 1370 1300 non
1404 1246 1551 1299 enim
1583 1247 1859 1301 reveritus
1912 1246 1992 1301 sic
2026 1263 2146 1301 sum
2194 1264 2286 1302 co-

715 1334 919 1399 piosam
970 1336 1383 1390 multitudinem
1434 1337 1696 1400 civitatis,
1736 1340 2039 1408 quominus
2087 1340 2286 1409 prode-

714 1439 852 1488 rem,
884 1425 1184 1481 confiterer
1226 1438 1283 1483 et
1327 1430 1644 1499 evulgarem
1699 1432 1832 1485 illud
1872 1434 1925 1486 in
1988 1445 2289 1502 conspectu

711 1520 988 1571 eorum".
1015 1538 1030 1569 ι
1060 1521 1127 1573 Et
1160 1522 1214 1575 in
1243 1522 1473 1576 Actibus
1502 1524 1701 1577 Petrus
1731 1525 2081 1579 multitudini
2106 1523 2245 1577 dixit
2274 1543 2285 1577 :

716 1627 735 1658 ι
774 1609 1123 1664 νωηηοιηίηἰ
1159 1612 1326 1680 igitur
1368 1621 1421 1665 ct
1453 1614 1843 1668 convertimini
1865 1654 1878 1678 ,
1908 1626 1967 1667 ut
1998 1615 2289 1668 deleantur

711 1710 932 1767 peccata
962 1710 1162 1766 vestra,
1199 1702 1245 1756 si
1280 1703 1503 1771 quando
1539 1706 1801 1758 venerint
1846 1717 2093 1773 tempora
2122 1706 2289 1759 refri-

709 1792 845 1859 gerii
874 1793 974 1845 ιθ.»
1008 1794 1074 1848 Et
1115 1808 1235 1856 nos,
1268 1794 1604 1859 eharissimi,
1633 1797 2098 1865 quemadmodum
2128 1812 2290 1865 supe-

712 1883 826 1937 rius
870 1886 1007 1939 mihi
1062 1887 1271 1941 dictum
1306 1899 1412 1949 est,
1466 1905 1573 1942 una
1619 1890 2029 1957 pmniteatvita:
2057 1891 2283 1958 prioris,

708 1978 874 2030 corde
908 1993 1137 2047 prorsus
1169 1980 1410 2043 sincero,
1451 1996 1480 2034 a
1511 1982 1669 2034 malis
1695 1996 1819 2048 quae
1848 1981 1951 2048 ipsi
1978 1981 2247 2049 gessimus
2268 2022 2281 2040 ,

705 2082 1007 2121 (δουναι-8ος
1050 2067 1117 2121 ad
1166 2068 1361 2132 Deum,
1411 2085 1475 2123 ac
1537 2069 1831 2124 dicentes:
1889 2070 2284 2132 Peccavimus,

706 2156 980 2224 propitius
1026 2165 1149 2210 esto
1178 2174 1192 2220 ;
1220 2158 1407 2225 iuiquc
1450 2161 1686 2227 egimus,
1711 2160 1963 2213 condoua
1992 2179 2006 2223 ;
2048 2160 2283 2215 offendi-

706 2263 847 2310 mus,
875 2247 1174 2301 conciliare
1233 2259 1289 2301 tu
1352 2250 1534 2304 nobis.
1580 2251 1835 2320 Expurga
1875 2267 1999 2315 nos,
2031 2255 2286 2324 exemplo

705 2339 1011 2393 meretricis
1037 2340 1205 2403 illius,
1226 2350 1279 2395 ut
1304 2342 1661 2409 publicautun
1683 2343 1836 2396 illum
1861 2358 1961 2397 nos
1980 2344 2283 2398 etiamnum

704 2429 957 2499 iustifica.
988 2431 1184 2485 Veniat
1214 2448 1381 2501 super
1412 2449 1499 2488 me
1553 2434 1936 2488 misericordia
1963 2445 2076 2499 tua,
2114 2452 2282 2505 super

704 2540 790 2579 me
825 2525 1079 2579 roscidus
1111 2526 1313 2579 humor
1338 2527 1650 2581 clementi.»
1680 2536 1786 2581 tute
1812 2526 2067 2591 distillet,
2101 2544 2281 2599 neque

703 2618 854 2671 sinas
888 2633 975 2671 me
1012 2617 1320 2672 venundari
1374 2619 1554 2687 pretio
1606 2627 1956 2686 peccatorum
2008 2635 2280 2683 meorum,

705 2710 1000 2778 nequando
1069 2708 1477 2763 obdormiscam
1522 2721 1577 2763 et
1634 2709 1875 2763 emoriar
1937 2710 2281 2763 amarissima

706 2812 881 2856 morte
910 2802 1156 2870 peccati;
1186 2801 1319 2870 quin
1358 2803 1543 2870 potius
1590 2802 1799 2856 redime
1845 2817 1929 2856 me
1967 2818 1997 2855 a
2025 2802 2278 2870 pncscnti

702 2894 905 2947 saeculo
942 2908 1198 2962 nequam.
1240 2891 1461 2961 lndulge
1508 2893 1641 2946 mihi
1677 2893 2015 2961 pcenitentim
2042 2901 2277 2961 tempus,

703 2990 885 3039 locum
928 2985 1221 3054 purganda:
1251 2984 1605 3039 conscientiae
1653 2985 1895 3053 imparti.
1926 3003 1944 3034 ι
1984 2984 2102 3039 Non
2131 2986 2279 3040 enim

703 3088 786 3132 est
833 3093 938 3147 pax
985 3078 1039 3131 in
1090 3076 1307 3131 ossibus
1346 3076 1484 3131 meis
1517 3092 1549 3131 a
1582 3077 1718 3131 facie
1754 3086 2105 3145 peccatormn
2134 3093 2280 3133 meo-

2396 606 2634 675 προσθῇς
2696 606 2800 669 ἔτι,
2825 607 2917 657 καὶ
2970 606 3096 675 περὶ
3127 604 3233 656 τῶν
3282 606 3565 672 προτέρων
3600 620 3694 655 σου
3735 604 3982 672 δεήθητι.

2402 719 2420 745 ο
2460 697 2567 747 Καὶ
2620 697 2833 763 ἐπάγει,
2870 713 2888 745 ι
2938 695 3027 757 Ὠς
3076 695 3184 747 ἀπὸ
3246 692 3537 762 προσώπου
3584 694 3759 758 ὅμως
3813 693 3982 759 φεῦγε

2393 784 2501 836 ἀπὸ
2552 786 2850 855 ἁμαρτίας.
2911 804 2929 836 ι
2960 816 3029 823 -
3065 802 3083 836 ε
3124 786 3290 853 Σοφδς
3322 786 3429 852 γὰρ
3460 785 3722 854 φοϐηθεὶς
3769 784 3986 848 ἐξέκλι-

2395 893 2483 927 νεν
2528 878 2635 929 ἀπο
2666 878 2855 930 κακοῦ.
2895 895 2912 927 ι
2950 879 3117 947 Φησὶ-ι
3137 879 3194 930 δέ
3221 880 3314 930 καὶ
3344 880 3371 929 ὁ
3405 877 3545 939 Ἰὼϐ,
3575 896 3593 928 ί
3636 878 3699 930 Εἰ
3730 880 3841 945 Tit1
3890 878 3983 931 καὶ

2396 965 2657 1037 ἁμαρτὼν
2703 967 2990 1032 ἑκουσίως,
3027 967 3240 1037 ἔκρυψα
3275 971 3374 1038 τὴν
3426 967 3701 1036 ἁμαρτίαν
3740 984 3847 1036 μευ
3872 985 3885 996 ·
3920 969 3979 1019 οὗ

2395 1059 2503 1127 γὰρ
2530 1058 2826 1129 διετράπην
2847 1058 3168 1129 πολυυχλίαν
3200 1058 3427 1121 πόλεως.
3450 1060 3541 1111 τοῦ
3577 1060 3649 1128 μὴ
3681 1058 3975 1130 ἐξαγορεδ-

2398 1166 2486 1201 σαι
2535 1149 2767 1203 ἐνώπιον
2818 1150 3019 1204 αὐτῶν.
3059 1171 3076 1201 ι
3116 1150 3224 1204 Καὶ
3256 1152 3314 1202 ἐν
3356 1153 3473 1213 ταῖς
3509 1152 3781 1221 ιΙραξεσιν
3813 1153 3842 1203 ὁ
3878 1152 3980 1203 1ιέ-

2396 1257 2520 1309 τρος
2552 1240 2630 1309 τῷ
2664 1240 2860 1310 πλήθει
2885 1259 2897 1271 ·
2928 1262 2945 1293 ι
2973 1243 3357 1311 Μετανοήσατε
3385 1237 3479 1293 οὖν
3511 1244 3605 1294 καὶ
3637 1242 3979 1311 ἐπιστρέψα-

2398 1330 2511 1394 σθε,
2542 1333 2619 1394 είς
2649 1332 2710 1385 τὸ
2767 1330 3153 1401 ἐξαλειφθῆναι
3185 1332 3337 1401 ὑμῶν
3361 1331 3461 1394 τὰς
3499 1332 3802 1402 ἁμαρτίας,
3831 1334 3980 1392 ὅπως

2396 1423 2462 1475 ἂν
2492 1422 2719 1475 ἕλθωτιν
2754 1424 2935 1493 καιροὶ
2959 1424 3297 1492 ἀναψύξεως.
3342 1446 3359 1475 ι
3397 1425 3505 1477 Καὶ
3539 1426 3723 1493 ἡμεῖς,
3755 1426 3980 1492 ἀγαπη-

2393 1515 2496 1575 τοὶ,
2536 1515 2719 1576 καθὼς
2748 1516 3098 1584 προείρηται,
3128 1516 3187 1581 ἐξ
3230 1516 3556 1587 εἰλικρινοῦς
3605 1516 3844 1584 καρδίας
3881 1534 3977 1583 με·

2392 1606 2745 1673 τανοήσωμεν
2800 1607 2907 1658 ἀπο
2947 1606 3057 1658 τῶν
3110 1606 3315 1670 κακῶν,
3354 1601 3429 1659 ῶν
3479 1608 3825 1675 ἐπράξαμεν,
3860 1611 3981 1659 ἐπι-

2394 1696 2721 1765 στραφέντες
2745 1697 2878 1765 πρὸς
2896 1699 2986 1749 τὸν
3004 1697 3157 1761 Θεὸν,
3184 1699 3277 1750 καὶ
3298 1698 3569 1765 λέγοντες,
3588 1699 3651 1750 Ἢ
3661 1700 3976 1767 μάρτομτν,

2395 1784 2641 1853 ἱλάσθητί
2665 1798 2679 1812 ⁸
2708 1787 3085 1856 ὴνομήσαμεν,
3135 1788 3490 1857 συγχώρησον
3518 1805 3530 1817 '
3559 1787 3977 1857 προσεκρούσα-

2397 1894 2514 1946 μεν,
2547 1875 2940 1947 καταλλάγηθι.
2978 1878 3069 1939 Ὠς
3114 1879 3213 1949 τὴν
3268 1881 3476 1949 πόρνην
3526 1880 3831 1951 καθάρισον
3855 1899 3870 1911 ·
3900 1882 3978 1945 ὡς

2390 1967 2479 2020 τὸν
2534 1965 2771 2035 τελώνην
2830 1968 3153 2021 δικαίωσον·
3187 1970 3387 2023 ἐλθέτω
3438 1972 3525 2024 ἐπ’
3556 1972 3657 2041 ἐμὲ
3708 1973 3773 2025 τὸ
3825 1973 3979 2037 ἔλεός

2392 2073 2484 2108 σον
2509 2071 2522 2084 ⁸
2565 2058 2910 2116 ἐπισταξὰτω
2940 2059 3026 2110 ἐπ’
3060 2059 3159 2127 ἐμὲ
3199 2062 3231 2128 ἡ
3278 2060 3658 2131 φιλανθρωπία
3710 2080 3833 2117 σου.
3867 2065 3979 2115 Καὶ

2392 2148 2466 2216 μὴ
2528 2152 2857 2219 συγχωρήσῃ
2905 2167 2972 2219 με
3026 2151 3299 2220 πραθῆναι
3338 2155 3457 2215 ταῖς
3508 2154 3813 2222 ἁμαρτίαις
3848 2172 3977 2219 μιν,

2392 2237 2514 2306 μηδ’
2538 2238 2782 2291 ὑπνῶσαι
2805 2241 2899 2293 καὶ
2916 2242 3208 2295 ἀποθανεῖν
3230 2242 3322 2295 τὸν
3348 2244 3544 2313 πικρὸν
3572 2244 3668 2313 τῆς
3693 2245 3978 2314 ἁμαρτίας

2389 2329 2640 2394 θάνατον,
2689 2330 2803 2383 ἀλλ’
2850 2332 3184 2415 ἐξαγόρασρν
3240 2352 3307 2405 με
3364 2336 3473 2388 ἀπὸ
3524 2335 3618 2388 τοῦ
3672 2338 3978 2399 ἐνεστῶτος

2387 2423 2584 2487 αἰῶνος
2612 2425 2870 2495 πονηροῦ.
2907 2426 3005 2488 Δὸς
3040 2443 3131 2494 μοι
3161 2426 3353 2494 καιρὸν
3392 2428 3707 2496 μετανοίας,
3745 2430 3843 2480 καὶ
3881 2430 3945 2480 τό

2388 2526 2487 2562 πον
2515 2512 2834 2579 ἀπολογίας,
2868 2514 2949 2567 ὅτι
2987 2532 3005 2563 ι
3047 2515 3160 2567 Οὐκ
3184 2514 3338 2567 ἔστιν
3366 2519 3558 2587 εἰρήνη
3614 2522 3730 2581 τοῖς
3757 2520 3976 2581 ὀστέοις

2394 2620 2496 2672 μου
2528 2603 2636 2657 ἀπὸ
2666 2605 2962 2669 προσώπου
2992 2606 3102 2659 τῶν
3128 2607 3413 2678 ἁμαρτιῶν
3445 2627 3547 2678 μου
3568 2624 3583 2638 ’
3620 2611 3702 2662 ὅτι
3752 2614 3809 2665 αἱ
3846 2613 3976 2663 dvo-

2390 2695 2508 2763 μίαι
2538 2712 2639 2761 μου
2673 2695 2957 2766 ὑπερῆραν
2983 2698 3083 2767 τὴν
3114 2699 3358 2768 κεφαλήν
3390 2717 3515 2769 μου.
3562 2701 3707 2754 Ὠσεὶ
3750 2704 3979 2774 φορτίον

2388 2789 2526 2860 βαρὺ
2550 2788 2934 2856 ἐϐαρύνθησαν
2963 2788 3049 2840 ἐπ’
3075 2788 3193 2855 ἐμέ.
3227 2790 3353 2842 Ἐὰν
3380 2792 3488 2859 γὰρ
3523 2790 3758 2858 ἀνομίας
3788 2810 3975 2864 παρα-

2385 2881 2652 2949 τηρήσῃς,
2681 2880 2875 2948 Κύριε,
2902 2878 3096 2948 Κύριε,
3129 2879 3212 2941 τίς
3243 2879 3650 2949 ὑποστήσεται;
3689 2884 3772 2935 ὅτι
3812 2885 3973 2954 παρὰ

2388 2971 2480 3022 σοῦ
2512 2968 2738 3038 ἱλασμός
2779 2972 2947 3023 ἐστιν.
2988 2988 3007 3020 ι
3043 2970 3433 3041 Πιστεύσωμεν
3486 2967 3579 3025 οὖν
3627 2973 3705 3042 τῷ
3750 2976 3898 3044 Θεῷ,
3925 2978 3977 3028 οἱ

2386 3060 2475 3114 διὰ
2521 3061 2620 3123 τὰς
2666 3062 2939 3130 ἁμαρτίας
2998 3062 3157 3131 ἡμῶν
3216 3065 3599 3131 ἀπεγνωκότες
3658 3069 3752 3137 τῆς
3826 3069 3976 3137 ζωῆς

705 3184 853 3233 rum,
885 3170 1014 3238 quia
1038 3168 1359 3238 iniquitates
1387 3183 1523 3223 mem
1552 3183 1925 3238 supergressa
1952 3177 2083 3223 sunt
2116 3177 2280 3239 caput

2391 3152 2587 3223 ἡμῶν·
2625 3155 2720 3205 καὶ
2773 3154 3190 3224 ἐπιστρέψωμεν
3247 3156 3384 3225 πρὸς
3445 3156 3655 3226 Κύριον
3709 3161 3802 3212 τὸν
3836 3163 3977 3213 θεὸν

704 3276 910 3323 meum,
926 3262 1070 3315 sicut
1090 3277 1232 3315 onus
1256 3277 1420 3331 grave
1436 3272 1675 3330 gravata:
1696 3272 1823 3315 sunt
1848 3276 2016 3329 super
2034 3276 2120 3314 me
2141 3260 2184 3291 “
2211 3278 2225 3314 :
2257 3279 2275 3312 ι

701 3353 929 3415 etenim,
970 3372 988 3403 ι
1030 3354 1282 3415 Domine,
1318 3354 1360 3407 si
1387 3353 1769 3409 observaveris
1790 3352 2129 3422 iniquitates,
2153 3352 2282 3421 quis

704 3444 1034 3499 sustinebit?
1056 3444 1186 3514 quia
1204 3444 1349 3515 apud
1376 3455 1428 3499 te
1451 3442 1772 3514 propitiatio
1800 3451 1886 3498 est
1908 3443 1973 3495 ⁸⁸.
2011 3460 2030 3493 ι
2068 3442 2281 3514 1147

701 3535 1001 3592 Credamus
1018 3537 1427 3607 igiturDeo,qui
1442 3536 2283 3607 urgcntibuspeccatis,propriae

701 3629 827 3683 vita:
857 3644 1010 3698 spem
1050 3629 1371 3697 abiecimus,
1397 3637 1453 3683 et
1477 3637 1865 3683 convertamur
1891 3627 1959 3681 ad
1984 3625 2279 3681 Dominum

703 3720 875 3774 Deum
908 3719 962 3773 in
995 3719 1341 3788 plenitudine
1368 3718 1555 3773 cordis
1587 3718 1784 3773 nostri.
1813 3726 2109 3785 operantcs
2137 3718 2279 3772 inte-

702 3808 804 3861 riln
833 3808 1124 3877 justitiam,
1155 3807 1417 3877 quodque
1444 3814 1699 3876 superest
1728 3805 1855 3859 vita:
1884 3806 2049 3859 istius
2076 3814 2279 3861 nostra:

702 3908 979 3952 vertamus
1008 3899 1064 3952 in
1095 3899 1396 3969 legitimam
1427 3898 1603 3968 ipsius
1638 3897 1964 3952 servitutem
1996 3912 2103 3965 pro
2134 3897 2278 3951 bona

700 3989 818 4058 ejus
851 3992 1157 4053 voluntate,
1190 3996 1251 4043 ut
1303 3988 1575 4043 medelam
1625 3997 1854 4043 accuret
1888 3986 2280 4041 oblitterandis

702 4079 898 4147 prioris
947 4080 1074 4134 vita:
1122 4079 1366 4144 delictis,
1400 4079 1673 4148 nobisque
1696 4079 1959 4133 virtutem
1992 4087 2279 4149 suggerat.

699 4185 808 4238 qua
835 4170 1103 4225 adversus
1134 4179 1446 4224 commenta
1474 4170 1766 4224 diabolicae
1793 4170 2153 4240 malignitatis
2173 4168 2275 4238 ipsi

700 4259 1109 4328 praevaleamus.
1162 4259 1639 4314 Tcrriculameuta
1687 4260 1933 4314 minasve
1976 4262 2097 4329 ejus
2138 4259 2275 4313 nihil

700 4350 927 4403 omnino
956 4358 1043 4403 cst
1072 4350 1219 4419 quod
1252 4350 1561 4405 timeamus.
1598 4349 1883 4406 Etnareuit
1927 4350 2075 4403 enim
2131 4349 2278 4403 illius

702 4440 902 4507 impuri
939 4440 1139 4503 virtus,
1173 4441 1329 4510 quasi
1371 4440 1528 4494 nervi
1578 4438 1946 4509 praemortui;
1978 4438 2123 4505 Quin
2176 4453 2273 4507 po-

2386 3241 2546 3311 ἠμῶν
2574 3241 2636 3307 ἐξ
2683 3243 2811 3313 ὅλης
2857 3246 2958 3314 τῆς
2984 3245 3210 3314 καρδίας
3250 3244 3409 3314 ἡμῶν
3434 3261 3446 3274 '
3480 3248 3570 3301 καὶ
3597 3249 3972 3317 ἐργασώμεθα

2383 3332 2481 3403 τὴν
2511 3333 2857 3405 δικαιοσύνην
2885 3336 2983 3397 τὰς
3018 3335 3209 3398 λοιπὰς
3226 3338 3438 3406 ἡμέρας
3473 3339 3571 3407 τῆς
3608 3339 3757 3409 ζωῆς
3785 3340 3973 3410 ἡμῶν,

2387 3428 2483 3481 καὶ
2515 3429 2891 3499 δουλεύσωμεν
2913 3430 3061 3501 αὐτῷ
3079 3432 3255 3502 ὀρθῶς
3281 3433 3424 3487 κατὰ
3454 3434 3515 3487 τὸ
3536 3434 3748 3505 θέλημα
3776 3436 3970 3490 αὑτοῦ·

2386 3521 2481 3573 καὶ
2524 3524 2741 3591 ποιήσει
2790 3524 2934 3575 ἴασιν
2983 3527 3095 3585 τοῖς
3143 3526 3429 3595 προτέροις
3467 3526 3627 3595 ἡμῶν
3658 3530 3976 3598 παραπτώ-

2390 3629 2547 3679 μασι.
2581 3612 2689 3667 Καὶ
2722 3612 2924 3683 ἔχομεν
2966 3613 3193 3682 δύναμιν
3230 3614 3323 3668 τοῦ
3374 3618 3814 3687 κατακυριεῦσαι
3856 3620 3974 3672 τῶν

2383 3704 2561 3774 ἔργων
2592 3705 2685 3758 τοῦ
2712 3705 2982 3760 διαὸόλου.
3022 3707 3134 3776 Τὴν
3170 3707 3226 3761 δὲ
3260 3708 3491 3779 ἀπειλὴν
3520 3710 3690 3764 αὑτοῦ
3715 3712 3856 3775 ὅλως
3894 3713 3974 3783 μὴ

2383 3796 2710 3866 φοϐηθῶμεν
2738 3814 2751 3827 ’
2794 3797 2983 3861 ἄτονος
3014 3800 3123 3868 γάρ
3151 3800 3300 3853 ἐστιν
3327 3843 3340 3863 ,
3370 3800 3562 3873 ῶσπερ
3595 3802 3793 3872 νεκροῦ
3846 3805 3972 3858 νεῦ-

2385 3903 2488 3955 ρα’
2545 3886 2681 3941 ἀλλὰ
2732 3876 3059 3958 φοϐηθῶμεν
3120 3890 3212 3943 τὸν
3268 3891 3680 3961 παντοδὺναμον
3737 3894 3971 3965 Κύριον.

2382 3976 2602 4041 καὶτὰς
2636 3977 2857 4041 ἐντολὰς
2900 3979 3063 4032 αὑτοῦ
3110 3979 3456 4050 φυλάξωμεν,
3496 3983 3591 4034 καὶ
3620 3982 3882 4054 ζήσωμεν
3912 3988 3975 4039 ἐν

2380 4065 2552 4135 αὐτῷ.
2611 4066 2720 4119 Καὶ
2803 4067 2898 4120 ἐὰν
2958 4068 3102 4121 οὕτω
3150 4070 3289 4139 μετὰ
3338 4071 3662 4140 στεναγμῶν
3727 4075 3824 4127 καὶ
3875 4078 3973 4128 δα-

2381 4158 2561 4227 κρύων
2588 4158 2954 4227 ἱκετεύσωμεν
2980 4160 3116 4228 πρὸς
3146 4159 3492 4227 αὐτὸν,λέξει
3523 4164 3616 4215 καὶ
3643 4165 3784 4235 πρὸς
3817 4168 3973 4237 ἡμᾶς

2378 4249 2467 4301 διὰ
2507 4248 2766 4318 Ἰεζεκιὴλ
2815 4249 2909 4303 τοῦ
2968 4252 3250 4321 προφήτου
3276 4270 3290 4283 ⁸
3329 4271 3348 4304 ε
3383 4254 3471 4307 Ζῶ
3503 4254 3634 4323 ἐγὼ,
3662 4255 3816 4325 λέγει
3846 4260 3973 4313 Κῦ-

2383 4358 2517 4412 ριος,
2552 4341 2613 4394 οὐ
2638 4340 2899 4412 βούλομαι
2932 4342 3026 4396 τὸν
3054 4342 3287 4399 θάνατον
3315 4346 3409 4399 τοῦ
3436 4348 3885 4418 ἀμαρτωλοὶὡς
3908 4354 3975 4406 τὸ

2380 4432 2706 4503 ἐπιστρέψαι
2745 4434 2837 4487 καὶ
2895 4434 2993 4505 ζῇν
3017 4436 3200 4490 αὐτόν.
3239 4455 3259 4489 ι
3294 4439 3404 4492 Καὶ
3429 4435 3605 4506 αὖθις,
3648 4460 3669 4494 ε
3716 4442 3806 4497 Ἑν
3902 4445 3975 4497 ἂν

701 4531 810 4585 tius
834 4533 1269 4601 omnipotentem
1293 4532 1584 4587 Dominum
1608 4546 1985 4594 revereamur,
2013 4531 2162 4585 illius
2180 4530 2279 4584 ob-

2386 4526 2563 4596 ἡμέρᾳ
2616 4526 2920 4597 ἐπιστρέψῃ
2953 4528 2982 4580 ὁ
3026 4526 3229 4598 ἄνομος
3255 4529 3319 4581 ἐκ
3352 4531 3543 4585 πασῶν
3571 4532 3682 4588 τῶν
3719 4513 3976 4605 ἀνομιῶν

699 4637 985 4676 servemus
1005 4622 1285 4687 mandata,
1312 4633 1477 4693 atque
1508 4622 1565 4677 in
1602 4622 1707 4676 hoc
1734 4623 1908 4677 vitam
1931 4622 2272 4691 expleamus.

698 4713 751 4765 Si
784 4712 850 4766 ad
880 4728 1007 4767 eum
1042 4713 1265 4767 modum
1297 4730 1422 4768 cum
1458 4714 1666 4783 gemitu
1697 4728 1762 4767 ac
1798 4713 2056 4783 lacrymis
2083 4713 2269 4782 ipsum

698 4802 974 4871 supplices
1028 4802 1288 4857 obtestati
1337 4802 1628 4862 lucrimus.
1676 4802 1872 4872 utique
1916 4801 2274 4872 respondebit

699 4894 844 4962 quod
900 4910 998 4963 per
1052 4894 1400 4949 Ezechielcm
1469 4894 1797 4963 prophetam
1843 4893 2030 4948 dixit:
2078 4911 2097 4945 ι
2136 4893 2273 4949 Vivo

696 5001 818 5055 ego,
851 4985 987 5039 dicit
1019 4986 1308 5049 Dominus,
1342 4988 1470 5055 quia
1497 4986 1625 5039 uolo
1666 4994 1903 5038 mortem
1933 4984 2266 5053 peccatoris,

697 5078 869 5146 magis
919 5087 1103 5131 autem
1143 5087 1197 5131 ut
1252 5085 1613 5132 convertatur
1650 5086 1708 5130 et
1748 5076 1897 5129 vivat
1934 5076 2001 5127 ³³.
2050 5095 2068 5126 ι
2117 5076 2267 5129 itur-

697 5185 842 5223 sus:
888 5188 906 5219 α
950 5170 1007 5223 lu
1061 5186 1392 5239 quacunque
1439 5169 1530 5223 die
1590 5184 1893 5223 conversus
1943 5168 2113 5222 fuerit
2166 5167 2270 5220 ini-

699 5276 843 5328 quus
905 5260 974 5314 ab
1034 5262 1295 5314 omnibus
1356 5261 1744 5330 iniquitatibus
1803 5260 1937 5314 suis.
1963 5270 2019 5313 ct
2072 5257 2271 5313 fecerit

698 5351 985 5416 iustitiam,
1017 5368 1125 5405 non
1184 5360 1351 5406 erunt
1414 5354 1559 5407 ultra
1621 5353 1675 5406 in
1722 5351 1987 5407 memoria
2047 5362 2271 5418 peccata

699 5441 846 5495 illius
874 5441 939 5496 “.
993 5462 1011 5494 ι
1066 5443 1345 5497 Desiderat
1377 5462 1393 5493 ε
1437 5444 1705 5499 Dominus
1748 5457 2082 5514 magnopere
2121 5442 2271 5496 salu-

699 5540 808 5587 tem
870 5541 1113 5589 nostram
1157 5535 1221 5588 ⁵⁵.
1273 5554 1291 5587 ι
1345 5536 1490 5590 Dixit
1549 5536 1697 5591 enim
1755 5534 2045 5605 discipulis
2099 5534 2212 5588 suis
2258 5551 2269 5586 :

1870 5674 1915 5704 "
1968 5671 2103 5725 ihid.

1500 5745 1539 5773 ‘”
1577 5745 1715 5798 l'sal.
1750 5760 1929 5801 t“.\\l.\.
1966 5744 2017 5802 3,
2056 5744 2106 5797 .l.

772 5674 816 5699 "
844 5672 1010 5727 Eccli.
1044 5690 1132 5736 xx,
1163 5674 1212 5725 .l.
1291 5674 1336 5705 “
1369 5675 1534 5729 Ei'cli.
1600 5691 1709 5732 xu,
1750 5676 1790 5727 Ι.

774 5742 977 5829 ³¹⁷Ι³ιιειι
1009 5759 1211 5805 \‘u’vu,
1256 5745 1299 5801 l.
1335 5745 1384 5797 fi,

707 5830 768 5867 ιι.
800 5834 852 5865 +-

2183 5672 2227 5701 ν’
2270 5670 2429 5723 Prov.
2484 5687 2594 5733 vtv,
2630 5670 2713 5724 16.

2227 5741 2269 5773 ³³
2302 5740 2500 5795 Ezech.
2548 5757 2694 5801 mu,
2726 5744 2812 5794 23.

2375 4614 2566 4679 αὑτοῦ,
2602 4616 2698 4669 καὶ
2749 4618 2967 4687 ποιήσει
3000 4616 3372 4690 δικαιοσύνην,
3401 4622 3462 4674 οὐ
3497 4624 3573 4693 μὴ
3623 4626 3850 4695 μνησθῶ
3885 4627 3977 4681 ἔτι

2370 4706 2442 4760 τὰ
2495 4708 2876 4777 ἁμαρτήματα
2921 4709 3109 4764 αὐτοῦ.
3156 4730 3174 4761 ι
3213 4741 3283 4751 -
3316 4728 3334 4762 ι
3373 4713 3551 4766 Πολλὰ
3585 4714 3695 4786 γὰρ
3744 4718 3915 4771 ποθεῖ
3943 4722 3978 4773 ό

2373 4797 2579 4870 Κύριος
2603 4800 2701 4870 τὴν
2724 4800 2881 4870 ἡμῶν
2906 4802 3203 4873 σωτηρίαν.
3235 4823 3255 4855 ι
3289 4806 3459 4876 Φησὶν
3487 4806 3595 4878 γὰρ
3624 4810 3736 4871 τοῖς
3761 4812 3977 4865 ἑαυτοῦ

2375 4892 2665 4962 μαθηταῖς,
2704 4911 2721 4943 ε
2746 4892 2951 4960 Δέγετε
2975 4893 3181 4958 αὐτοῖς,
3200 4896 3531 4950 Μετανοεῖτε
3552 4915 3566 4927 ·
3596 4900 3829 4969 ἤγγικεν
3850 4904 3979 4974 γὰρ

2381 4984 2415 5053 ἡ
2450 4982 2695 5050 βασιλεία
2720 4983 2827 5035 τῶν
2859 4983 3127 5053 οὐρανῶν.
3170 5005 3189 5039 ι
3230 4987 3331 5040 Διὰ
3379 4990 3538 5041 τοῦτο
3589 4992 3694 5060 γὰρ
3734 4993 3980 5048 καταλι-

2378 5075 2494 5128 πὼν
2517 5075 2585 5128 τὰ
2614 5076 2966 5145 ἐννενήκοντα
2992 5078 3147 5131 ἐννέα
3176 5080 3426 5148 πρόϐατα
3456 5084 3513 5133 ἐν
3540 5082 3617 5151 τῷ
3646 5082 3760 5151 ὄρει
3784 5086 3813 5136 ὁ
3844 5103 3978 5140 ποι-

2381 5166 2543 5237 μὴνό
2580 5166 2765 5228 καλὸς,
2819 5168 3105 5238 πορεύεται
3165 5170 3345 5241 ζητῶν
3398 5173 3459 5225 τὸ
3510 5174 3830 5239 ἀπολωλὸς,
3868 5181 3979 5232 καὶ

2371 5255 2547 5327 εὑρὼν
2576 5256 2829 5327 βαστάζει
2880 5260 2973 5312 ἐπὶ
3002 5261 3132 5325 τοὺς
3158 5259 3344 5331 ῶμους
3373 5263 3541 5316 αὐτοῦ
3594 5265 3825 5334 χαίρων,
3861 5272 3979 5321 καὶ

2374 5348 2637 5417 συγκαλεῖ
2692 5350 2790 5413 τὰς
2842 5351 2955 5405 ἄνω
3008 5352 3288 5424 δυνάμεις,
3314 5356 3523 5425 χαίρων
3593 5358 3686 5411 καὶ
3753 5358 3977 5425 λέγων,

2378 5461 2395 5492 ο
2432 5442 2756 5513 Συγχὰρηθη
2774 5440 2879 5516 [τέ]
2922 5461 3032 5513 μοι,
3063 5445 3145 5497 ὅτι
3168 5437 3327 5516 εὖρον
3355 5445 3415 5499 τὸ
3451 5445 3751 5509 ἀπολωλός.
3796 5466 3815 5499 ι
3848 5450 3979 5502 Καὶ

2373 5534 2593 5599 ἐπάγει,
2630 5552 2649 5587 ι
2696 5534 2855 5601 Λέγω
2887 5534 3017 5604 ὑμῖν
3063 5535 3143 5589 ὅτι
3186 5534 3356 5600 οὕτως
3416 5535 3564 5606 χαρὰ
3590 5534 3744 5589 ἔσται
3789 5538 3850 5589 ἐν
3888 5540 3977 5607 τῷ

2822 5672 2868 5701 ¹⁹
2899 5671 3001 5725 .luh
3062 5689 3208 5735 xxvi,
3241 5673 3331 5732 55.
3365 5674 3453 5726 51.
3533 5672 3579 5704 ³⁸
3610 5672 3730 5727 Act.
3760 5689 3839 5729 ut.
3880 5676 3971 5731 ID.

2932 5742 2969 5773 ³³
3001 5744 3194 5797 πήρα-ἢ.
3232 5758 3415 5802 \\Xlll',
3450 5743 3533 5804 12,
3577 5743 3656 5795 Ιῧ.
3738 5744 3784 5772 ³²
3813 5745 3949 5798 Tim;
