4178 6436
175 414 321 477 1665
553 466 557 475 .
1126 415 1447 475 IIOMILIA
1484 416 1761 475 LXXVII:

1862 441 1889 452 -
1927 418 2019 475 DE
2060 417 2475 481 PATIENTIA.
3290 420 3427 487 1666

163 522 392 592 οὑρανῷ
437 522 527 574 ἐπὶ
576 522 652 574 ἐνὶ
682 521 995 591 ἁμαρτωλῷ
1038 522 1385 590 μετανοοῦντι
1416 522 1448 591 ἢ
1481 522 1573 573 ἐπὶ
1600 524 1748 574 ἐννε-

1862 544 1877 573 ι
1917 524 2089 577 Ilieite
2136 524 2260 578 eis:
2295 526 2685 580 Paenitentiam
2742 528 2908 595 agite,
2966 530 3431 599 appropinquavit

165 624 410 679 νηκοντα
460 615 616 666 ἐννέα
667 613 917 674 δικαίοις,
950 612 1146 675 οἵτινες
1205 615 1267 666 οὑ
1328 614 1515 683 χρείαν
1558 614 1744 683 έχουσι

1862 615 2001 668 enim
2058 630 2287 683 regnmn
2339 618 2602 670 ea-lormn
2636 617 2701 670 ³⁸.
2741 636 2757 667 ι
2796 616 2878 670 Ob
2918 617 3021 670 hoc
3051 619 3197 671 cnim
3253 621 3430 674 bonus

168 705 487 771 μετανοίας.
526 722 544 754 ι
577 702 735 773 Λῦτῷ
768 705 801 772 ὴ
838 703 966 765 δόξα
996 706 1074 765 είς
1110 703 1233 765 τοὺς
1287 702 1510 764 αἰῶνας.
1552 704 1743 771 Ἀμήν.

1862 706 1945 759 hic
2010 714 2219 774 pastor,
2255 706 2461 760 relictis
2522 708 2819 777 nonaginta
2873 722 3070 760 novem
3113 709 3331 772 ovibus,
3372 710 3426 763 in

164 805 363 848 monte
399 793 688 848 erraticam
720 794 867 848 illaut
896 792 991 846 ubi
1018 792 1249 851 invenit.
1288 792 1601 861 impositam
1634 793 1877 847 humeris
1938 795 2107 848 refert
2159 795 2226 848 ad
2282 796 2780 864 eaulamgaudens.
2831 798 3113 852 Convocat
3167 797 3428 851 sublimes

162 885 298 939 illas
356 886 630 947 virtutes,
687 885 879 939 dicens
941 902 954 937 :
1012 902 1031 935 ι
1072 882 1543 952 Congratulamini
1609 883 1742 936 mihi
1776 885 1904 952 quia
1963 885 2143 939 inveni
2201 884 2472 955 perditam
2531 886 2678 939 illam
2740 887 3012 941 oviculatn
3063 888 3128 942 ⁸⁷.
3168 906 3187 938 ›
3225 887 3294 941 Ει
3345 886 3430 939 in-

163 976 376 1030 ducit:
419 996 437 1029 ι
474 979 606 1033 Dico
667 978 847 1041 vobis,
879 979 1007 1048 quia
1065 978 1146 1031 sic
1198 977 1307 1030 erit
1362 978 1624 1047 gaudium
1688 978 1742 1031 in
1815 980 1955 1034 ewlo
2028 996 2195 1050 super
2267 997 2378 1035 uno
2457 991 2745 1051 peccatore
2815 982 3193 1051 pmnitcntiam
3235 992 3431 1051 agente

165 1068 349 1136 magis
382 1083 547 1138 quam
599 1084 765 1138 super
818 1068 1114 1138 nonaginta
1164 1082 1364 1122 novem
1417 1068 1581 1139 justis
1651 1069 1747 1138 qui
1782 1084 1891 1123 non
1940 1071 2183 1143 indigent
2216 1072 2627 1141 pmnitentia”.
2661 1092 2678 1122 ι
2722 1073 2827 1142 lpsi
2884 1074 3055 1142 gloria
3099 1074 3155 1127 in
3207 1074 3430 1129 saecula.

166 1160 372 1216 Amen.

784 1277 1001 1331 ΛΟΓΟΣ
1042 1278 1167 1331 OH'.

708 1392 847 1459 Περὶ
880 1389 1216 1460 ὑπομονῆς.

254 1505 448 1571 Ὀλίγα
488 1502 609 1557 τινὰ
651 1503 782 1571 περὶ
825 1503 1115 1573 μετανοίας
1163 1504 1295 1572 ἡμῖν
1337 1501 1760 1571 προδιαλεχθέν-

168 1612 290 1662 τες,
323 1597 570 1662 εἴπωμεν
595 1594 734 1648 Θεοῦ
776 1593 1168 1666 συνεργοῦντος
1193 1594 1288 1645 καὶ
1325 1596 1451 1662 περὶ
1480 1593 1759 1663 ὑπομονῆς

167 1690 274 1757 τῆς
310 1687 592 1756 σωζοὺσης
631 1686 723 1738 τὸν
778 1686 1064 1756 ἄνθρωπον
1090 1700 1103 1714 ⁸
1137 1686 1236 1737 ὃσα
1265 1686 1298 1753 ὴ
1321 1683 1488 1737 αὑτοῦ
1532 1686 1760 1754 παρέχει

172 1775 587 1845 φιλανθρωπία.
628 1773 839 1842 Χρῄζει
890 1772 1000 1841 γάρ
1043 1773 1076 1843 ἡ
1130 1772 1388 1842 μετάνοια
1418 1772 1516 1841 τῆς
1557 1774 1763 1841 ὑπομο-

170 1869 296 1937 νῆς,
338 1869 434 1920 καὶ
468 1866 636 1936 χωρὶς
678 1865 851 1933 αὐτῆς
894 1864 1248 1934 τελειωθῆναι
1280 1865 1342 1917 οὑ
1367 1864 1613 1918 δύναται.
1645 1867 1759 1917 Μο-

172 1962 444 2030 νόπτερος
472 1958 581 2029 γάρ
609 1958 767 2020 ἀετὸς
792 1959 853 2010 οὑ
892 1957 1115 2011 δύναται
1144 1960 1223 2021 εἰς
1249 1956 1384 2027 ὕψος
1417 1960 1721 2028 ἀναπτῆναι
1740 1974 1754 1988 ο

2340 1277 2623 1331 HOMILIA
2662 1276 2946 1332 LXXVIII.

2434 1388 2510 1441 De
2545 1391 2831 1458 patientia.

1927 1500 1996 1554 Et
2029 1498 2251 1569 quidem
2300 1496 2368 1551 de
2410 1498 2739 1566 ptenitentia
2775 1514 2899 1552 cum
2936 1515 3211 1569 perpauca
3256 1502 3431 1557 disse-

1860 1593 2137 1646 ruerimus
2181 1588 2338 1645 vobis
2370 1590 2553 1659 priore
2578 1606 2852 1656 sermone,
2880 1601 3155 1661 superest,
3194 1593 3306 1648 Deo
3336 1609 3431 1649 co-

1858 1694 2151 1753 operante,
2184 1686 2438 1739 nonnihil
2495 1693 2556 1739 ut
2601 1684 2849 1739 dicamus
2877 1684 2945 1738 de
2980 1685 3270 1754 patientia,
3310 1703 3432 1756 quae

1858 1790 1990 1829 sane
2024 1776 2306 1829 hominem
2340 1784 2490 1829 recta
2550 1774 2802 1844 provehit
2846 1775 2915 1828 ad
2958 1777 3154 1829 salutis
3185 1787 3429 1845 portum.

1857 1867 1932 1921 Ea
1965 1867 2155 1935 utique
2178 1866 2450 1930 dicemus,
2476 1881 2821 1936 quaecunque
2850 1867 3024 1936 ipsius
3053 1868 3272 1923 Domini
3302 1886 3432 1941 sug-

1855 1966 2008 2027 geret
2040 1957 2371 2026 benignitas.
2397 1957 2725 2011 Paenitentia
2753 1958 2903 2011 enim
2926 1957 3108 2029 indiga
3136 1960 3431 2015 admodum

172 2054 274 2106 καὶ
315 2052 567 2121 ὑπομονὴ
613 2050 809 2103 τελειοϊ
840 2048 942 2119 τὴν
982 2049 1291 2118 μετάνοιαν,
1341 2051 1435 2103 καὶ
1493 2067 1759 2119 στεφανη-

1864 2058 1949 2103 est
1986 2048 2288 2118 patientiae,
2324 2049 2463 2103 citra
2525 2050 2684 2119 cujus
2725 2063 2952 2117 operam
2999 2050 3188 2119 perﬁci
3248 2053 3433 2106 neuti-

172 2145 461 2214 φοροῦσαν
504 2140 673 2210 αὑτὴν
723 2139 1119 2193 ἀναδείκνυσιν.
1172 2140 1248 2192 υὺ
1301 2144 1459 2209 μόνον
1508 2140 1565 2193 δέ
1612 2142 1759 2193 ἐστιν

172 2238 454 2305 χρήσιμος
499 2234 532 2303 ὴ
583 2231 830 2302 ὑπομονὴ
870 2233 950 2294 είς
980 2232 1080 2302 τὴν
1114 2232 1212 2301 τῆς
1247 2232 1538 2301 μετανοίας
1566 2235 1757 2303 συνέρ-

171 2343 360 2394 γειαν,
391 2324 506 2379 ἀλλ’
535 2325 642 2377 οὑδ⁹
661 2325 798 2387 ὅλως
839 2324 1038 2395 ἀρετὴν
1069 2324 1102 2393 ἢ
1138 2323 1359 2392 ἐντολὴν
1420 2323 1555 2377 Θεοῦ
1599 2324 1759 2377 δυνά-

178 2419 327 2490 μεθα
358 2418 525 2487 χωρὶς
581 2417 753 2485 αὑτῆς
793 2415 1167 2486 κατορθῶσαι.
1203 2415 1276 2467 Τὸ
1326 2416 1624 2484 κεφάλαιον
1660 2412 1756 2470 οῦν

173 2511 290 2562 τῶν
318 2510 379 2561 ἐν
406 2510 537 2577 ἡμῖν
582 2506 801 2573 ἀγαθῶν
834 2507 867 2575 ὴ
894 2506 1139 2575 ὑπομονὴ
1178 2507 1457 2576 τυγχάνει.
1493 2508 1603 2559 Καὶ
1653 2507 1757 2577 χρὴ

174 2602 368 2652 πάντα
415 2598 720 2669 πειρασμὸν
756 2597 852 2650 καὶ
911 2596 1090 2664 θλίψιν
1155 2597 1274 2667 μεθ’
1333 2598 1610 2668 ὑπομονῆς
1662 2600 1757 2650 καὶ

176 2691 538 2763 εὐχαριστίας
594 2688 1014 2759 προσδέξασθαι,
1042 2689 1190 2748 ὅπως
1236 2689 1639 2757 καταλάϐωμεν
1660 2690 1757 2754 τὴν

174 2784 285 2849 γῆν
316 2780 417 2850 τῆς
450 2777 802 2846 ἐπαγγελίας.
833 2777 1011 2829 Καλὸν
1033 2776 1090 2829 δὲ
1119 2777 1180 2828 τὸ
1212 2778 1285 2844 μὴ
1318 2776 1664 2845 μεταϐαίνειν
1694 2778 1759 2829 ἐκ

173 2873 352 2925 τόπου
374 2872 455 2932 εἰς
471 2870 652 2922 τόπον.
670 2868 938 2929 Ἕκαστος
966 2868 1074 2937 γὰρ
1106 2868 1163 2919 ἐν
1258 2866 1486 2936 ἐκλήθη,
1507 2870 1564 2920 ἐν
1583 2866 1758 2936 τούτῳ

179 2964 420 3032 μενέτω.
452 2961 514 3012 Ἦ
541 2958 787 3028 ὑπομονὴ
819 2959 979 3012 πόνον
1003 2958 1328 3021 ἐκδιδάσκει,
1357 2959 1595 3019 καὶτοὺς
1630 2955 1759 3022 ἔξω·

177 3053 274 3104 Θεν
303 3049 648 3120 πειρασμοῦς
676 3049 815 3101 κατά
850 3049 945 3118 τῆς
968 3049 1297 3117 ἐγκρατείας
1341 3047 1628 3117 καρτερῶς
1660 3047 1758 3115 φέ-

180 3163 291 3215 ρει.
335 3146 429 3196 ’ον
457 3144 658 3211 τρόπον
679 3142 809 3212 γὰρ,
840 3142 914 3212 μὴ
940 3141 1267 3211 θερμανθεὶς
1302 3141 1435 3211 μηδὲ
1464 3140 1758 3210 μαλαχθεὶς

174 3242 205 3290 ὁ
222 3237 400 3306 κηρδς
435 3236 527 3286 ἐπὶ
562 3234 723 3293 πολὺ,
755 3235 815 3285 οὑ
833 3233 1058 3286 δύναται
1079 3233 1178 3301 τὴν
1200 3231 1586 3302 ἐπιτιθεμένην
1610 3232 1759 3299 αὑτῷ

178 3325 462 3396 σφραγῖδα
506 3323 797 3386 δέξασθαιο
828 3322 1003 3385 οὑτως
1049 3323 1173 3375 οὑδὲ
1222 3324 1509 3391 ἄνθρωπος
1553 3324 1648 3377 ἐὰν
1682 3324 1756 3391 μὴ

175 3419 271 3469 διὰ
324 3416 500 3468 πόνων
550 3416 644 3467 καὶ
696 3414 994 3469 ἀσθενειῶν
1044 3415 1372 3485 δοκιμασθῇ,
1420 3416 1483 3468 οὑ
1534 3392 1826 3467 δύναταιε

176 3509 435 3579 χωρῆσαι
470 3507 565 3576 τῆς
622 3506 823 3575 ἀρετῆς
870 3506 964 3557 τοῦ
1010 3504 1146 3557 Θεοῦ
1196 3505 1290 3575 τὴν
1339 3506 1630 3573 σφραγῖδα.
1661 3506 1760 3556 Διὰ

176 3600 346 3653 τοῦτο
374 3600 402 3650 ό
431 3598 637 3667 Κύριος
694 3596 846 3663 ἔλεγε
901 3595 979 3665 τῷ
1032 3595 1228 3665 Παύλῳ
1255 3612 1266 3623 '
1312 3616 1327 3646 ι
1368 3596 1552 3665 Ἀρκεῖ
1605 3612 1685 3648 σοι
1728 3598 1759 3664 ἡ

180 3694 346 3761 χάρις
382 3706 505 3755 μου.
552 3688 616 3740 'H
646 3688 753 3756 γάρ
777 3687 1004 3755 δύναμίς
1040 3703 1141 3757 μου
1169 3689 1227 3738 ἐν
1243 3686 1497 3757 ἀσθενείᾳ
1519 3685 1760 3739 τελειοῦ-

177 3800 299 3836 ται.
327 3801 344 3831 )
386 3783 512 3833 Ὅτε
543 3782 752 3848 ἀφῆκεν
782 3781 811 3832 ὁ
839 3779 1079 3841 διάϐολος
1114 3778 1205 3830 τὸν
1242 3778 1467 3848 Κύριον,
1499 3779 1619 3831 τότε
1661 3774 1761 3847 ἦλ-

181 3873 279 3924 θον
307 3874 355 3923 οί
386 3870 625 3937 ἄγγελοι,
657 3870 752 3922 καὶ
783 3870 1065 3937 διηκόνουν
1112 3867 1278 3936 αὑτῷ.
1313 3868 1523 3939 Ὥσπερ
1560 3864 1654 3922 οῦν
1702 3872 1760 3922 ὲν

178 3962 262 4031 τῷ
294 3958 652 4031 πειράζεσθαι
676 3959 841 4013 αὑτὸν
867 3960 927 4010 οὑ
961 3959 1212 4027 παρῆσαν
1235 3960 1284 4010 οἱ
1314 3959 1558 4026 ἄγγελοι,
1590 3960 1760 4023 οὑτως

180 4052 283 4105 καὶ
310 4049 468 4119 ἡμῶν
496 4046 910 4118 πειραζομένων
941 4047 1118 4117 καιρῷ
1157 4065 1264 4099 τινι
1292 4048 1669 4118 ὑποχωροῦσιν
1696 4052 1759 4103 οὑ

184 4142 413 4211 μακράν
446 4141 494 4193 οἱ
535 4139 628 4192 τοῦ
660 4139 795 4192 Θεοῦ
830 4138 1074 4206 ἄγγελοι,
1106 4140 1200 4191 καὶ
1247 4140 1383 4209 μετά
1412 4142 1510 4209 τὴν
1541 4141 1756 4209 ἀναχώ-

180 4247 347 4302 ρησιν
397 4230 504 4281 τῶν
558 4228 949 4299 πειραζόντων,
992 4226 1244 4297 ἔρχονται
1301 4229 1437 4299 πρὸς
1466 4232 1612 4299 ἡμᾶς
1640 4230 1759 4282 δια-

178 4320 469 4381 κονοῦντες
498 4317 615 4371 θεῖα
647 4320 917 4386 νοήματα,
950 4318 1253 4385 φωτισμὸν,
1288 4320 1600 4384 κατάνυξιν,
1629 4321 1755 4387 γλυ-

178 4412 421 4481 κασμδν,
452 4410 547 4462 καὶ
575 4409 853 4479 ὑπομονήν
871 4425 886 4440 ·
914 4411 1007 4462 καὶ
1032 4408 1216 4463 λοιπὸν
1257 4411 1557 4463 ἀνακτάται
1590 4412 1755 4482 ψυχὴ,

176 4502 258 4564 ὼς
289 4499 622 4553 κοπιάσασα.
653 4501 751 4550 Διά
778 4499 939 4551 τοῦτο
964 4500 1059 4551 καὶ
1081 4500 1109 4551 ό
1152 4500 1383 4563 Ἡσαΐας
1412 4500 1595 4568 λέγει’
1637 4520 1655 4553 ι
1696 4503 1759 4555 Oi

181 4590 549 4659 ὑπομένοντες
572 4590 662 4643 τὸν
688 4590 841 4655 Θεὸν,
875 4590 1194 4654 άλλάξουσιν
1231 4589 1383 4660 ἰσχύν
1405 4608 1417 4621 ·
1449 4594 1759 4661 πτεροφυή-

181 4700 373 4736 σουσιν
399 4682 475 4743 ὡς
524 4682 704 4734 ἀετοί·
755 4680 1109 4750 δραμοῦνται,
1144 4682 1238 4733 καὶ
1296 4683 1357 4734 οὑ
1410 4683 1755 4737 κοπιάσουσι⁶

181 4771 519 4843 βαδιοῦνται,
558 4772 649 4823 καὶ
679 4772 739 4823 οὑ
776 4771 1143 4823 πεινάσουσιν.
1177 4791 1194 4823 ι
1234 4771 1433 4836 Καθὼς
1466 4790 1629 4842 φησιν
1667 4776 1763 4829 καλ

179 4865 208 4915 ό
240 4860 487 4927 Μωῦσῆς
534 4863 669 4930 πρὸς
714 4862 803 4913 τὸν
846 4861 1040 4914 λαόνί
1071 4863 1169 4914 Διά
1204 4862 1361 4914 τοῦτο
1384 4865 1641 4933 ἐπείρασε
1683 4882 1765 4930 σε,

180 4954 282 5006 καὶ
346 4953 597 5005 ἐκάκωσε
661 4968 742 5014 σε,
804 4952 891 5003 ἵνα
941 4952 1167 5022 ψωμίσῃ
1206 4969 1263 5005 σε
1315 4954 1378 5005 τὸ
1445 4955 1641 5023 μάννα,
1680 4956 1766 5009 ἴνα

178 5040 405 5110 γνωσθῇ
438 5040 505 5092 τὰ
534 5043 590 5093 ὲν
616 5044 680 5111 τῇ
703 5041 904 5109 καρδίᾳ.
934 5058 1049 5094 σου.
1084 5041 1172 5103 Ὠς
1203 5044 1254 5095 εἴ
1280 5059 1363 5105 τις
1394 5044 1641 5097 παιδεύει
1670 5045 1765 5097 ἄν·

182 5133 406 5199 θρωπος
428 5130 519 5182 τὸν
546 5130 659 5182 υἱὸν
680 5130 868 5195 αὑτοῦ,
899 5132 1070 5194 οὕτως
1112 5132 1314 5201 Κύριος
1338 5133 1623 5187 ἐπαίδευσέ
1648 5152 1724 5187 σε.
1742 5153 1759 5184 ι

183 5222 298 5274 Καὶ
337 5218 516 5284 αὖθις,
576 5222 729 5274 «Καὶ
780 5222 1029 5276 ἐκάκωσε
1083 5240 1140 5275 σε
1201 5222 1424 5292 Κύριος,
1460 5226 1547 5276 ἵνα
1593 5221 1651 5277 εὖ
1681 5243 1763 5278 σοι

182 5313 392 5382 ποιήσῃ
434 5312 519 5365 ἐπ’
565 5313 833 5382 ἐσχάτων.
865 5332 883 5364 ι
934 5315 1098 5381 Λέγει
1146 5313 1201 5366 δὲ
1255 5314 1349 5365 καὶ
1400 5314 1429 5366 ό
1478 5316 1767 5385 προφήτης

180 5402 387 5471 Ναούμ
413 5419 425 5434 ·
463 5404 752 5474 «Χρηστὺς
802 5404 1003 5472 Κύριος
1053 5406 1168 5466 τοῖς
1198 5404 1561 5473 ὑπομένουσιν
1606 5406 1767 5459 αὑτὸν

181 5494 240 5544 ἐν
274 5491 462 5562 ἡμέρᾳ
497 5491 748 5562 θλίψεως.
782 5514 798 5542 ι
832 5493 1023 5557 Ἄλλος
1056 5495 1112 5547 δέ
1141 5510 1155 5525 ·
1193 5512 1211 5544 ι
1239 5493 1331 5564 Μὴ
1361 5496 1543 5567 εἴπῃς,
1570 5496 1768 5557 Κακῶς

183 5582 468 5651 χρήσομαι
502 5581 595 5634 τὸν
642 5583 837 5653 ἐχθρόν
879 5600 1003 5653 μου,
1053 5584 1168 5635 ἀλλ’
1217 5583 1511 5653 ὑπόμεινον
1538 5586 1630 5637 τὸν
1658 5584 1766 5636 K9-

262 5761 308 5792 ⁸⁸
348 5759 533 5813 Matth.
571 5776 646 5815 In.
673 5760 726 5814 2.
806 5762 848 5793 "’
883 5762 1014 5817 Luc.
1050 5779 1136 5828 λγ,
1174 5764 1225 5816 θ.
1307 5762 1347 5793 ³⁸⁵
1384 5761 1517 5817 ibid.
1556 5763 1608 5814 7.

1729 5764 1810 5816 3"l
1843 5762 1968 5815 Cor.
2008 5779 2100 5828 xu,
2143 5767 2195 5819 υ.

1862 2154 2026 2208 quam
2076 2138 2272 2209 possit.
2304 2140 2495 2208 Neque
2539 2138 2687 2192 enim
2724 2138 2911 2207 aquila
2940 2139 3143 2193 unialis
3172 2140 3217 2194 si
3252 2151 3338 2195 est
3378 2152 3435 2195 et

1861 2232 2189 2285 alterutrius
2212 2230 2480 2285 destituta
2517 2229 2797 2299 praesidio,
2826 2239 2994 2298 queat
3023 2246 3264 2300 unquam
3303 2233 3434 2285 sub-

1861 2325 2047 2377 volare
2085 2332 2141 2377 et
2173 2323 2229 2377 in
2274 2322 2512 2377 sublime
2559 2320 2794 2375 sustolli.
2830 2320 3104 2375 Patientia
3155 2324 3431 2391 paeniten-

1864 2414 1992 2468 tiam
2024 2413 2264 2483 perﬁcit,
2300 2424 2357 2467 et
2393 2428 2513 2466 eam
2539 2413 2691 2465 velut
2742 2411 2925 2464 indice
2964 2421 3207 2467 ostentat
3242 2414 3433 2482 praesi-

1860 2504 1949 2575 gni
1983 2520 2191 2559 corona
2236 2504 2573 2557 redimitam.
2595 2502 2709 2555 Nec
2739 2517 2807 2555 eo
2838 2501 3015 2555 solum
3068 2502 3434 2558 conducibilis

1860 2594 2025 2648 nobis
2059 2594 2336 2648 censenda
2381 2602 2465 2648 est
2512 2593 2799 2662 patientia,
2823 2594 2971 2662 quod
3015 2592 3311 2649 efﬁcaciter
3338 2611 3432 2649 eo-

1861 2696 2128 2755 operetnr
2169 2685 2523 2754 perficiundze
2575 2684 2936 2754 pmnitentiae,
2968 2685 3064 2738 sed
3098 2686 3244 2754 quod
3284 2687 3434 2739 nulla

1862 2792 2119 2847 prorsum
2152 2776 2353 2839 virtus,
2390 2776 2673 2829 nullumve
2706 2775 2802 2830 Dei
2840 2775 3155 2830 mandatum
3197 2777 3303 2831 nisi
3336 2778 3436 2832 hac

1861 2869 2084 2931 comite,
2124 2867 2370 2937 legitime
2421 2866 2612 2936 perlici
2654 2876 2845 2935 queat.
2879 2866 3153 2919 Bonorum
3180 2866 3435 2937 igitur(si

1860 2976 1970 3028 qua
2024 2960 2078 3013 in
2124 2960 2291 3013 nobis
2339 2958 2491 3028 sunt)
2543 2958 2713 3012 cardo
2748 2966 2805 3012 et
2835 2967 2995 3027 caput
3030 2959 3295 3027 patientia
3329 2973 3432 3014 es'.

1858 3051 2087 3106 Omnem
2123 3051 2355 3120 proinde
2412 3049 2793 3115 tentationem,
2832 3050 3184 3105 atllictioncm
3215 3067 3435 3106 omnem

1861 3156 2087 3195 necesse
2134 3142 2204 3195 sit
2252 3149 2310 3194 ut
2354 3141 2721 3209 suscipiamus
2749 3156 2874 3194 eum
2917 3140 3179 3210 patientia
3212 3151 3269 3196 et
3302 3160 3430 3212 gra-

1864 3234 2060 3285 tiarum
2090 3231 2329 3291 actione,
2366 3246 2476 3299 quo
2520 3232 2601 3283 vel
2633 3231 2850 3285 tandem
2887 3233 3105 3301 assequi
3141 3236 3303 3288 detur
3330 3244 3439 3288 ler-

1862 3337 1976 3374 ram
2017 3322 2164 3375 illam
2210 3321 2611 3390 promissionis.
2674 3321 2891 3393 1148
2945 3323 3235 3394 Egregium
3278 3326 3439 3394 plane.

1864 3413 1955 3475 sit,
1989 3428 2098 3465 non
2134 3413 2293 3466 facile
2331 3413 2500 3481 (plani
2532 3415 2584 3466 in
2619 3428 2827 3467 morem
2874 3430 2938 3467 ac
2990 3416 3135 3484 vagi)
3173 3416 3355 3471 eloco
3384 3419 3438 3470 in

1865 3503 2045 3556 locum
2071 3504 2276 3558 diduci.
2318 3505 2707 3573 Unusquisque
2745 3506 2892 3559 enim
2951 3506 3004 3559 in
3034 3508 3181 3575 quod
3209 3519 3442 3563 vocatus

1863 3602 1970 3660 est,
2003 3596 2058 3649 in
2105 3611 2173 3649 eo
2210 3605 2267 3650 et
2300 3606 2538 3650 maneat.
2571 3597 2839 3652 Patientia
2890 3598 3066 3651 solum
3097 3598 3201 3652 hoc
3231 3608 3282 3653 te
3310 3600 3442 3653 edn-

1864 3691 1972 3748 cet,
2000 3701 2099 3753 per
2133 3685 2521 3739 abstinentiam
2562 3685 2797 3739 intracto
2830 3695 2891 3738 ut
2921 3685 3063 3739 feras
3103 3686 3285 3739 animo
3316 3698 3439 3741 ten-

1867 3776 2101 3829 tationes
2142 3791 2264 3845 quae
2309 3775 2565 3830 alicunde
2616 3776 2961 3830 extrinsecus
2994 3785 3045 3831 te
3091 3774 3437 3833 adoriuntur.

1863 3864 2339 3930 Quemadmodum
2365 3867 2513 3920 enim
2542 3882 2669 3921 cera
2703 3876 2758 3920 ut
2792 3867 3116 3935 plurimum,
3144 3867 3248 3923 nisi
3281 3886 3437 3925 reca-

1864 3958 2035 4011 lescat
2069 3966 2163 4010 aut
2193 3958 2609 4025 prannolliatur,
2640 3973 2751 4011 non
2802 3959 2962 4012 facile
3022 3958 3075 4012 in
3124 3975 3181 4013 se
3240 3962 3440 4030 recipit

1863 4048 2027 4117 sigilli
2068 4049 2522 4117 impressionem;
2565 4049 2638 4101 ita
2684 4057 2740 4102 et
2785 4049 2973 4113 homo,
3026 4050 3131 4104 nisi
3186 4051 3437 4106 laborum

1863 4156 1927 4193 ac
1958 4140 2287 4194 multivaria:
2324 4140 2661 4194 inﬁrmitatis
2688 4139 2956 4209 probetur
2987 4141 3274 4208 exercitio,
3307 4158 3442 4197 nen-

1866 4230 2072 4298 tiquam
2106 4230 2251 4284 sinet
2284 4230 2537 4301 insigniri
2582 4247 2642 4285 se
2685 4230 2968 4301 signaculo
2998 4230 3200 4285 divinae
3224 4233 3434 4302 gratia.

1862 4322 1945 4376 οι)
1992 4322 2097 4375 hoc
2146 4321 2315 4375 Paulo
2370 4322 2657 4390 respondit
2702 4321 3007 4375 Dominus:
3048 4342 3065 4374 ι
3091 4322 3303 4377 Sufficit
3339 4325 3435 4377 tilzi

1862 4412 2035 4483 gratia
2076 4427 2217 4474 mea,
2250 4412 2424 4465 virtus
2474 4412 2620 4465 enim
2656 4427 2774 4465 mea
2810 4412 2863 4465 in
2916 4412 3236 4467 infirmitate
3268 4416 3434 4484 perfi-

1863 4505 2009 4560 citur
2033 4506 2097 4559 ⁸⁹.
2122 4523 2139 4554 ›
2179 4504 2409 4570 Quando
2442 4505 2733 4558 Dominum
2765 4505 2970 4559 dimisit
3002 4505 3277 4570 diabolus,
3306 4515 3437 4562 tunc

1861 4604 2132 4650 venerunt
2172 4596 2374 4665 angeli,
2399 4604 2456 4650 et
2486 4596 2876 4650 ministrabant
2900 4596 3031 4650 ei“.
3065 4596 3433 4662 Quemadmo-

1864 4685 1995 4739 dum
2027 4685 2194 4754 igitur
2216 4684 2347 4739 dum
2379 4694 2707 4744 tentaretur.
2749 4702 2859 4739 non
2905 4686 3166 4755 leguntur
3211 4686 3437 4741 affuisse

1864 4775 2066 4844 angeli.
2099 4776 2173 4828 ita
2198 4775 2361 4829 nobis
2397 4790 2616 4845 quoque
2665 4774 2719 4829 in
2746 4775 3048 4829 tentatione
3082 4776 3296 4844 positis.
3322 4786 3440 4831 tan-

1866 4865 1981 4917 tillo
2031 4864 2254 4918 interim
2298 4880 2354 4918 se
2406 4865 2733 4919 submovent
2783 4874 3049 4934 tempore.
3090 4881 3190 4920 nec
3244 4867 3435 4934 procul

1864 4963 2047 5008 tamen
2079 4954 2357 5009 absistunt
2386 4955 2563 5025 angeli
2591 4956 2709 5009 Dei.
2741 4954 3015 5010 Cazterum
3051 4971 3175 5009 mox
3199 4971 3228 5008 a
3257 4964 3435 5009 tenta-

1865 5043 1999 5096 toris
2030 5058 2274 5108 secessu,
2319 5044 2526 5098 instant
2575 5044 2735 5098 nobis
2791 5052 3147 5114 suggerentes
3191 5059 3314 5113 qua:
3370 5043 3439 5097 ad

1869 5133 2071 5188 divina:
2115 5135 2382 5190 bonitatis
2433 5136 2821 5205 cogitationem
2852 5135 3086 5197 faciant;
3125 5144 3276 5203 puta,
3310 5134 3440 5187 illu-

1870 5224 2195 5279 strationem
2246 5228 2465 5290 mentis,
2522 5226 3040 5294 compunctionem,
3094 5224 3441 5279 dulcedinem

1865 5314 2095 5382 spiritus
2143 5324 2197 5368 et
2238 5316 2597 5386 patientiam;
2630 5324 2795 5385 atque
2839 5317 2910 5369 ita
2952 5316 3233 5384 deinceps,
3261 5314 3440 5369 anima

1870 5404 1994 5457 talis
2032 5405 2263 5460 amissas
2307 5406 2539 5459 resumit
2576 5405 2753 5470 vires,
2785 5421 2848 5460 ac
2878 5405 3160 5460 rcfovctur
3193 5420 3293 5473 pro
3323 5419 3447 5469 uno:

1867 5493 1999 5547 dulo
2029 5497 2276 5549 tolerata:
2302 5496 2635 5551 afflictionis.
2656 5497 2885 5566 Propter
2906 5496 3011 5550 hoc
3044 5496 3209 5549 Isaias
3237 5511 3250 5547 :
3288 5512 3305 5544 ι
3334 5492 3441 5547 Sn-

1867 5580 2139 5637 stinentes
2175 5584 2345 5638 Deum
2376 5584 2673 5638 mutabunt
2720 5583 3122 5649 fortitudinem,
3161 5588 3437 5638 assumcnt

2276 5764 2532 5817 “Matth.
2562 5778 2631 5821 ιγ,
2664 5763 2747 5816 ll.
