4178 6436
767 412 898 476 1667

2017 407 2377 468 ANTIOCHI
2420 408 2761 467 MONACHI

3894 403 4028 467 1668

762 541 966 593 pennas
1007 534 1065 577 ut
1115 524 1333 594 aquilae,
1366 532 1593 577 current
1629 533 1685 573 et
1733 535 1841 573 non
1890 521 2212 581 Iasscseent,
2244 534 2330 571 va-

2450 536 2561 588 ριον
2601 520 2686 570 ἵνα
2716 535 2799 569 σοι
2829 518 3073 587 βοηθήσῃ
3094 534 3105 546 ·
3141 517 3199 569 οὑ
3240 516 3715 585 καθυποστερήσει
3748 516 3857 586 γὰρ
3892 516 4027 568 ὑπο-

757 620 889 668 ιῖ-Ὶῖι
915 625 973 668 et
1018 630 1127 668 non
1162 615 1405 668 esuriem
1438 614 1503 663 ".
1542 632 1558 662 ι
1601 612 1665 664 Et
1705 610 1886 663 Moses
1921 610 1987 663 ad
2022 611 2290 678 populum
2321 628 2330 661 .

761 732 777 755 .
813 708 1043 775 i’ropter
1081 706 1187 759 hoc
1240 705 1472 758 tcntavit
1504 712 1555 756 te
1588 712 1639 756 ct
1676 702 1867 756 alllixit
1894 710 1968 765 te,
1998 712 2056 755 ut
2088 711 2336 769 pasceret

755 812 806 852 te
837 815 1059 861 manna,
1092 807 1153 852 ut
1176 807 1305 851 nota
1339 798 1537 851 tierent
1581 812 1702 865 qua:
1733 797 1788 851 in
1824 796 1991 849 corde
2026 804 2122 848 tuo
2156 810 2337 850 versa-

754 893 977 953 bantur,
1009 889 1163 958 quasi
1215 889 1418 958 siquis
1461 888 1649 942 erudit
1706 892 1875 941 homo
1922 888 2091 941 lilium
2154 904 2332 951 suum,

756 979 836 1030 sic
871 979 1139 1031 lloininus
1185 978 1430 1031 erudivit
1475 986 1525 1029 te
1549 978 1613 1030 “.
1651 996 1669 1027 ι
1706 977 1921 1031 Rursus
1959 995 1971 1029 :
2012 976 2337 1031 «Etafllixit

760 1080 808 1118 tu
871 1070 1155 1129 υοηιίηυε,
1212 1079 1273 1122 ut
1330 1068 1472 1122 bene
1514 1068 1610 1123 tibi
1664 1068 1875 1123 faceret
1926 1069 1979 1121 in
2036 1068 2338 1137 postremis

755 1158 865 1209 luis
888 1158 951 1209 ”³.
988 1177 1005 1209 ι
1048 1158 1192 1211 Dicit
1218 1167 1478 1211 autemet
1508 1159 1772 1227 propheta
1813 1158 2027 1212 Nahum
2057 1175 2069 1210 :
2106 1176 2124 1209 ‹
2156 1158 2337 1211 Bonus

755 1250 1022 1302 Dmuinus
1069 1250 1522 1319 exspectantibus
1577 1266 1705 1302 cum
1763 1251 1817 1304 in
1871 1251 1960 1305 die
2020 1250 2334 1305 tribulatio—

959 1360 978 1393 ι
1015 1341 1171 1393 Alius
1201 1341 1329 1394 item
1357 1357 1369 1392 :
1405 1359 1421 1389 ι
1454 1340 1534 1394 Ne
1563 1340 1736 1404 dicas,
1768 1343 2045 1396 Ultionem
2085 1352 2334 1412 expetam

751 1430 819 1482 de
853 1430 1078 1483 iuiinico
1116 1446 1260 1493 meo,
1297 1430 1393 1484 sed
1428 1431 1639 1484 sustine
1668 1433 1960 1487 Dominum
2000 1444 2058 1487 ut
2100 1434 2332 1487 auxilie-

754 1532 842 1574 Iur
885 1521 1003 1581 tibi,
1035 1536 1147 1573 non
1208 1520 1354 1573 enim
1405 1520 1685 1573 lraudabit
1734 1523 1999 1590 patientia
2051 1523 2174 1591 pios
2204 1525 2273 1574 "‘.
2310 1542 2328 1573 ι

750 1614 830 1666 Ad
863 1630 990 1666 cum
1026 1614 1251 1665 modum
1283 1612 1420 1664 nihil
1473 1627 1580 1664 non
1618 1613 1923 1667 sutierebat
1952 1614 2243 1668 lenissimo
2280 1624 2337 1668 et

752 1703 1011 1770 placabili
1053 1703 1240 1755 animo
1298 1703 1381 1755 vir
1424 1703 1618 1757 David.
1668 1705 1861 1774 Neque
1910 1707 2060 1759 enim
2117 1705 2164 1760 is
2208 1721 2335 1760 cum

753 1793 1098 1848 intoleranda
1132 1793 1523 1848 maledicentia
1555 1795 1945 1862 lacesseretur,
1978 1805 2035 1850 ct
2071 1796 2334 1852 audiret:

756 1903 773 1933 ι
804 1884 1101 1953 Egredere,
1138 1886 1224 1937 vir
1260 1886 1568 1954 iniquus“,
1597 1904 1615 1936 ι
1654 1887 1826 1940 ullum
1880 1888 2034 1941 dedit
2078 1888 2336 1943 concitati

750 1974 920 2027 animi
950 1975 1240 2028 indicium.
1278 1976 1382 2029 Sed
1424 1984 1476 2027 et
1518 1977 1885 2029 consobrinus
1919 1978 2094 2046 ipsius
2120 1980 2211 2032 tali
2256 1980 2338 2033 in-

749 2066 1017 2135 dignitate
1072 2077 1361 2135 permotus
1413 2084 1539 2121 cum
1590 2067 1843 2131 dixisset,
1904 2068 2082 2134 «Quis
2128 2070 2219 2123 hic
2253 2078 2337 2124 est

748 2159 903 2210 canis
945 2158 1039 2226 qui
1091 2158 1373 2212 maledicit
1425 2158 1652 2212 domino
1713 2175 1835 2213 meo
1869 2160 2338 2229 regi?l’rol‘ectus

750 2249 899 2311 hinc,
933 2249 1240 2317 percutiam
1267 2265 1416 2312 eum,
1458 2259 1514 2303 et
1547 2251 1793 2303 auferam
1826 2259 1992 2319 caput
2015 2252 2285 2321 ipsius";
2312 2270 2331 2302 ι

749 2341 895 2391 hunc
943 2338 1142 2390 durius
1191 2339 1460 2406 coarguit,
1501 2337 1726 2391 dicens:
1765 2360 1781 2389 ι
1810 2339 2035 2393 Dimitte
2084 2356 2235 2403 eum,
2276 2350 2337 2395 ut

751 2429 1039 2483 malcdieat
1082 2428 1241 2491 mihi,
1302 2436 1363 2480 ut
1404 2428 1587 2481 videat
1637 2430 1904 2483 Dominus
1938 2440 1996 2484 ct
2028 2447 2128 2500 pro
2167 2433 2337 2487 malc-

748 2520 993 2573 diclionc
1054 2520 1158 2572 hac
1216 2519 1481 2573 retribuat
1546 2520 1681 2573 mihi
1730 2520 1963 2574 bona“.
1995 2540 2012 2573 ι
2061 2523 2332 2587 Quocirca

748 2627 859 2663 non
912 2611 1011 2663 abs
1086 2626 1141 2662 rc
1201 2609 1509 2676 psallebat'
1559 2630 1574 2659 ι
1608 2610 1953 2679 Exspectaus
2015 2614 2331 2682 exspectavi

748 2702 1069 2761 Dominum,
1105 2710 1160 2754 et
1193 2701 1430 2753 intendit
1461 2701 1619 2765 mibi,
1650 2710 1708 2755 et
1752 2703 2037 2757 exaudivit
2072 2704 2335 2774 depreca-

750 2794 955 2845 tionem
998 2807 1173 2844 meam
1197 2792 1263 2845 ⁸⁸.
1299 2809 1316 2839 ›
1359 2792 1597 2861 [ltursus
1637 2809 1649 2845 :
1690 2795 2079 2863 «Exspectabo
2128 2814 2331 2851 nomen

749 2894 927 2946 tuum,
964 2883 1226 2951 quoniam
1284 2883 1491 2936 bonum
1545 2885 1598 2936 in
1653 2896 1956 2955 conspectu
2008 2874 2329 2943 sanctorum

749 2988 971 3027 tuorum
999 2976 1063 3027 ⁸·¹.
1090 2974 1135 3043 il
1163 2974 1268 3040 Qui
1298 2984 1352 3029 et
1379 2991 1482 3029 nos
1521 2977 1587 3030 ad
1620 2977 1947 3045 patientiam
1976 2979 2326 3045 adhortatur,

746 3067 980 3118 dicens:
1018 3086 1034 3116 ι
1063 3066 1308 3120 Viriiiler
1346 3082 1469 3135 age,
1506 3077 1562 3120 et
1595 3068 1946 3123 confortctur
1996 3087 2093 3124 eor
2150 3082 2326 3137 luunt,

755 1342 836 1392 uis
863 1343 925 1390 ³⁸³.

746 3165 802 3209 et
849 3156 1059 3209 sustine
1098 3156 1390 3209 Dominum
1417 3160 1495 3222 5‘;
1540 3159 1882 3213 sustinentes
1926 3161 2075 3214 enim
2139 3163 2328 3219 Domi-

2434 3156 2539 3208 Καὶ
2568 3158 2596 3209 6
2637 3157 2893 3220 Ἰάκωϐος
2926 3175 2938 3186 ·

748 3263 877 3299 num
909 3247 1011 3315 ipsi
1042 3247 1452 3301 haereditabunt
1504 3259 1704 3302 terram
1732 3251 2038 3306 viventium
2063 3255 2129 3307 ⁸².
2161 3273 2178 3305 ›
2222 3255 2289 3309 Et
2317 3274 2329 3308 :

752 3356 767 3382 ι
800 3336 918 3388 Non
962 3336 1397 3400 conl'undeulur,
1452 3339 1546 3405 qui
1605 3349 1931 3408 exspectant
1971 3352 2042 3407 te,
2077 3344 2329 3411 Domine,

750 3425 977 3477 iloiniue
1009 3424 1275 3478 virtutum
1295 3426 1402 3495 ".r
1438 3427 1574 3478 Vasa
1602 3427 1752 3480 enim
1788 3427 1936 3497 ﬁguli
1973 3430 2171 3498 probat
2220 3432 2333 3485 for-

748 3532 874 3574 nax.
909 3525 964 3569 et
1011 3517 1242 3570 tcatatio
1277 3516 1527 3570 hominis
1561 3518 1615 3570 in
1658 3519 2092 3588 cogitationibus
2122 3522 2326 3590 ejus”.

754 3610 837 3662 t’ze
862 3620 1047 3661 autem
1091 3609 1157 3662 iis
1187 3609 1281 3677 qui
1332 3609 1699 3677 perdiderunt
1727 3610 1941 3681 1149
1978 3612 2322 3681 patientiam.

750 3702 812 3755 lit
843 3701 971 3769 quid
1010 3702 1238 3757 facient.
1265 3716 1390 3754 cum
1428 3700 1673 3754 visitabit
1696 3702 1964 3756 Dominus
1982 3704 2063 3755 ⁸⁸⁸2
2099 3705 2321 3759 Patien-

749 3796 821 3845 tia
872 3794 1020 3845 enim
1065 3808 1366 3861 pauperum
1400 3808 1507 3845 non
1558 3793 1763 3862 peribit
1802 3794 1855 3847 in
1904 3794 2066 3847 linem
2094 3796 2200 3847 ⁵⁸.»
2235 3796 2327 3849 Ait

746 3894 928 3935 autem
955 3892 1011 3935 et
1043 3882 1353 3950 Sophonias
1386 3899 1397 3934 :
1441 3902 1457 3933 ι
1488 3883 1542 3936 Si
1581 3898 1790 3936 moram
1822 3884 2033 3946 fecerit,
2068 3896 2323 3954 exspecta

743 3990 907 4036 eum;
944 3973 1069 4041 quia
1111 3973 1340 4026 veniens
1367 3975 1552 4027 veniet
1585 3984 1640 4027 ct
1673 3991 1781 4028 non
1822 3975 2142 4029 tardabit".
2168 3995 2185 4027 ι
2218 3977 2280 4031 Et
2310 3994 2322 4029 :

2445 610 2580 677 μονὴ
2623 609 2892 671 εὐσεϐεῖς.
2920 628 2937 659 ι
2976 608 3161 671 Οὖτως
3217 608 3480 677 ὑπέμεινε
3532 608 3627 660 καὶ
3659 610 3687 660 6
3717 607 4030 676 πραότατος

2441 698 2603 751 Δαὸίδ
2626 717 2637 728 ·
2676 698 3073 768 κατακείμενος
3117 699 3224 768 γὰρ
3273 699 3366 752 καὶ
3405 697 3761 769 λιθαζόμενος
3795 698 3902 751 ὑπὸ
3936 699 4027 749 τοῦ

2441 791 2626 860 Σεμεῒ,
2671 792 2764 845 καὶ
2795 791 3039 851 ἀκούων,
3080 808 3099 840 ι
3135 790 3384 857 Ἔξελθε,
3418 791 3556 860 ἀνὴρ
3584 794 3612 843 6
3644 791 4023 859 παράνομος,ι

2439 882 2537 935 οὑκ
2561 883 2941 951 ἠγανάκτησε.
2978 881 3401 953 Χαλεπήναντος
3452 883 3508 935 δὲ
3561 884 3657 935 ἐπὶ
3702 884 3882 951 τούτῳ
3934 880 4028 932 τοῦ

2442 974 2663 1042 ἀνεψιοῦ
2721 975 2909 1039 αὑτοῦ,
2965 976 3060 1028 καὶ
3104 975 3350 1037 εἰπόντος
3377 993 3388 1004 ·
3431 975 3566 1038 «Ti;
3614 975 3761 1027 ἐστιν
3797 967 3955 1035 οὗτος
4001 972 4029 1022 6

2442 1065 2583 1118 κύων
2633 1066 2690 1128 ὃς
2748 1070 3063 1137 καταρᾶται
3108 1068 3198 1118 τὸν
3248 1065 3455 1136 Κύριόν
3507 1084 3610 1135 μου
3645 1065 4026 1133 τὸνβασιλέα,

2441 1156 2726 1226 παρελθὼν
2781 1156 2837 1209 δὲ
2891 1157 3121 1221 πατάξω
3153 1156 3335 1219 αὑτὸν,
3376 1159 3471 1208 καὶ
3503 1156 3691 1225 ἀφελῶ
3725 1155 3826 1226 τὴν
3858 1170 4029 1221 xequ-

2440 1248 2534 1317 λὴν
2581 1249 2823 1301 αὐτοῦ’»
2888 1251 3223 1320 ἐπετίμησεν
3266 1249 3434 1319 αὑτῷ,
3492 1250 3666 1316 λέγων
3695 1266 3709 1279 ’
3768 1268 3788 1301 ι
3822 1248 4027 1314 Ἅφετε

2440 1339 2601 1390 αὑτὸν
2650 1340 2995 1407 καταρᾶσθαι
3050 1359 3141 1409 με,
3171 1344 3320 1404 ὅπως
3355 1341 3438 1413 ἴδῃ
3471 1344 3713 1410 Κύριος,
3752 1343 3851 1395 καὶ
3897 1342 4027 1394 ἅντ-

2440 1432 2692 1503 αποδώσῃ
2722 1449 2809 1502 μοι
2838 1432 3037 1500 ἀγαθά.
3065 1434 3259 1486 »Ὅθεν
3286 1434 3511 1497 εἰκότως
3538 1433 3787 1503 ἔψαλλεν·
3812 1453 3830 1484 ι
3863 1432 4028 1484 Ύπο-

2443 1522 2621 1589 μένων
2661 1522 2932 1591 ὑπέμεινα
2960 1522 3053 1573 τὸν
3084 1521 3312 1592 Κύριον,
3344 1524 3439 1575 καὶ
3473 1523 3743 1592 προσέσχε
3782 1537 3907 1591 μοι’
3936 1521 4029 1574 καὶ

2440 1613 2761 1682 εἰσήκουσεν
2814 1615 2913 1682 τῆς
2965 1612 3206 1683 δεήσεως
3265 1630 3389 1682 μου.
3420 1632 3438 1664 ι
3474 1613 3941 1682 Προτρεπόμενος
3974 1610 4029 1663 δὲ

2439 1703 2608 1771 ἡμᾶς,
2642 1705 2809 1772 φησίν
2837 1717 2850 1730 ·
2896 1723 2913 1754 ι
2953 1704 3227 1775 Ἀνδρὶζου
3256 1706 3352 1759 καὶ
3398 1704 3786 1774 κραταιούσθω
3825 1705 3860 1774 ὴ
3894 1720 4032 1774 καρ-

2438 1791 2525 1845 δία
2568 1809 2684 1855 σου,
2725 1796 2819 1846 καὶ
2845 1795 3138 1863 ὑπόμεινον
3170 1795 3264 1848 τὸν
3308 1794 3532 1865 Κύριον.
3567 1796 3632 1848 Οἱ
3668 1795 3779 1865 γὰρ
3818 1793 4029 1863 ὑπομέ-

2440 1901 2622 1947 νοντες
2654 1885 2744 1937 τὸν
2788 1884 3013 1955 Κύριον,
3044 1886 3202 1937 αὑτοὶ
3250 1887 3728 1957 κληρονομήσουσι
3773 1886 3881 1956 γῆν
3920 1883 4029 1937 τῶν

2439 1975 2680 2039 ζώντων.
2709 1995 2727 2027 ι
2767 1977 2898 2042 Καὶ,
2932 1995 2949 2027 ι
2976 1977 3051 2029 Οὑ
3083 1976 3157 2047 μὴ
3188 1977 3609 2047 αἰσχυνθείησαν
3637 1980 3687 2030 οἱ
3723 1977 4031 2046 ὑπομένον-

2438 2068 2529 2130 τές
2563 2084 2643 2130 σε,
2704 2067 2900 2137 Κύριε,
2933 2069 3110 2139 Κύριε
3161 2070 3271 2123 τῶν
3324 2070 3630 2141 δυνάμεων.
3680 2071 3866 2140 Σκεὺη
3923 2072 4031 2141 γὰρ

2440 2157 2729 2225 κεραμέως
2754 2156 3043 2227 δοκιμάζει
3076 2160 3328 2229 κάμινος,
3364 2165 3461 2214 καὶ
3478 2163 3791 2231 πειρασμὸς
3814 2160 4031 2231 ἀνθρώ-

2440 2266 2543 2301 που
2574 2250 2633 2301 ὲν
2681 2249 3055 2319 διαλογισμοῖς
3079 2254 3270 2309 αὑτοῦ.
3303 2254 3440 2306 Οὑαὶ
3490 2254 3547 2307 δὲ
3595 2258 3707 2317 τοῖς
3751 2253 4032 2308 ἀπολωλεο

2438 2340 2560 2392 κὸσι
2590 2341 2690 2410 τὴν
2725 2343 3027 2412 ὑπομονήν.
3058 2344 3170 2395 Καὶ
3204 2346 3258 2396 τί
3285 2348 3588 2414 ποιήσωσιν
3615 2347 3745 2399 ὅταν
3804 2347 4031 2399 ἐπισκέ-

2437 2449 2638 2501 πτηται
2671 2435 2699 2485 6
2732 2434 2972 2503 Κύριοςς
3017 2435 3083 2488 Ἢ
3140 2436 3247 2506 γὰρ
3297 2436 3546 2505 ὑπομονὴ
3601 2437 3713 2489 τῶν
3774 2439 4029 2505 πενήτων

2434 2522 2534 2576 οὑκ
2577 2524 2860 2577 ἀπολεῖται
2908 2528 2989 2587 εἰς
3021 2526 3192 2589 τέλος.
3221 2545 3240 2577 ι
3298 2528 3407 2581 Καὶ
3434 2530 3463 2580 6
3495 2528 3760 2595 onpovia;
3786 2544 3801 2559 ’
3846 2546 3866 2580 ι
3904 2528 4029 2581 Ἐὰν

2438 2612 2732 2684 ὑστερήοῃ,
2773 2613 3071 2681 ὑπόμεινον
3129 2616 3331 2668 αὑτόν·
3364 2618 3498 2668 ὅτιό
3549 2617 3859 2687 ἐρχόμενος
3888 2618 4026 2688 ἡξει,

2438 2704 2529 2755 καὶ
2558 2704 2619 2755 οὐ
2647 2708 2867 2773 χρονιεῖ.
2896 2724 2914 2755 ι
2952 2705 3085 2769 Καὶ,
3112 2725 3130 2757 ι
3169 2706 3296 2759 Ἐὰν
3320 2706 3704 2776 ὑποστείληται
3730 2710 3759 2761 6
3795 2708 4028 2771 δίκαιος,

2433 2795 2533 2847 οὑκ
2556 2795 2768 2847 εὐδοκεῖ
2820 2797 2878 2848 ὲν
2908 2796 3057 2866 αὑτῴ
3089 2798 3121 2866 ἡ
3149 2797 3297 2867 ψυχή
3337 2815 3461 2867 μου.
3492 2816 3512 2848 ι
3557 2800 3665 2852 Καὶ
3696 2800 3726 2851 6
3758 2799 3978 2862 Παῦλος
4010 2817 4024 2829 ⁸

2440 2904 2456 2933 ι
2485 2885 2547 2936 Εἰ
2600 2885 2973 2956 ὑπομένομεν,
3011 2889 3106 2940 καὶ
3157 2888 3687 2960 συμϐασιλεύσομεν.
3720 2910 3739 2943 ι
3787 2893 3904 2944 Καὶ
3929 2892 4028 2944 πά-

2430 2979 2514 3028 λιν
2542 2993 2556 3008 ο
2595 2996 2613 3028 ι
2655 2979 2969 3048 ’Υπομονῆς
2999 2981 3108 3051 γὰρ
3137 2980 3289 3049 ἔχετε
3339 2984 3549 3052 χρείαν,
3587 2983 3674 3035 ἴνα
3723 2982 3787 3035 τὺ
3820 2982 4027 3054 θέλημα

2431 3066 2526 3118 τοῦ
2564 3067 2699 3119 Θεοῦ
2755 3070 3115 3137 ποιήταντες,
3143 3071 3414 3140 κομίσητε
3462 3072 3563 3135 τὰς
3621 3073 4021 3140 ἐπαγγελίας.)

2980 3178 2998 3209 ι
3031 3160 3221 3213 Πᾶσαν
3267 3161 3441 3231 χαρὰν
3468 3163 3773 3232 ἡγήσασθε,
3808 3165 4027 3233 ἁδελφοί

2436 3263 2560 3314 μου,
2588 3248 2717 3300 ὅταν
2767 3254 3096 3319 πειρασμοῖς
3150 3254 3487 3324 περιπέσητε
3534 3256 3827 3321 ποικίλοις,
3865 3260 4028 3326 γινώ-

2432 3352 2652 3398 σκοντες
2682 3338 2764 3389 ὅτι
2808 3338 2870 3390 τὸ
2922 3338 3169 3417 ὑοκίμιον
3216 3341 3371 3410 ὑμῶν
3396 3344 3494 3412 τῆς
3544 3345 3788 3409 πίστεως
3822 3363 4024 3417 κατερ-

2430 3427 2657 3493 γάζεται
2719 3412 3041 3496 ὑπομονῆψ
3085 3433 3118 3499 ἡ
3173 3432 3230 3484 δὲ
3284 3435 3533 3504 ὑπομονὴ
3591 3435 3753 3505 ἔργον
3818 3412 4027 3491 τέλειον

2429 3517 2620 3586 ἐχέτω.
2647 3538 2665 3569 ι
2711 3522 2821 3573 Καὶ
2855 3521 3074 3589 ἐπάγει·
3117 3541 3136 3571 ι
3166 3524 3451 3594 Μακάριος
3482 3526 3621 3596 ἀνὴρ
3675 3526 3733 3590 ὃς
3758 3529 4028 3598 ὑπομένει

2429 3613 2755 3681 πειρασμὸν,
2786 3614 2869 3665 ὅτι
2898 3613 3118 3681 δόκιμος
3168 3616 3477 3684 γενόμενος,
3503 3619 3736 3688 λήψεται
3774 3622 3868 3674 τὸν
3901 3624 4028 3676 στέ-

2426 3720 2592 3771 φανον
2623 3705 2721 3773 ’.ἧς
2756 3704 2922 3774 ζωῆς.
2951 3726 2969 3758 ι
3021 3708 3078 3759 Ὀ
3111 3707 3168 3760 δὲ
3228 3708 3428 3779 Κύριός
3479 3728 3643 3780 φησιν
3670 3730 3685 3744 ⁸
3730 3731 3748 3763 ι
3790 3714 3855 3767 '0
3890 3716 4027 3771 ὑποο

2428 3792 2617 3860 μείνας
2639 3796 2718 3857 εἰς
2744 3796 2921 3858 τέλος,
2943 3791 3100 3859 οὗτος
3127 3797 3454 3864 σωθήσεται.
3481 3818 3499 3851 ι
3527 3802 3633 3854 Καὶ
3665 3802 3858 3857 πάλιν·
3895 3824 3917 3859 ι
3948 3809 4030 3859 Ἐν

2424 3887 2489 3954 τῇ
2521 3886 2764 3956 ὑπομονῇ
2798 3888 2952 3957 ὑμῶν
2973 3890 3239 3959 κτήσεσθε
3266 3889 3365 3953 τὰς
3402 3891 3580 3961 ψυχὰς
3608 3894 3789 3964 ὑμῶν.
3814 3917 3833 3948 ι
3868 3900 4029 3969 Αὐτῷ

2425 3980 2458 4048 ἡ
2485 3978 2611 4042 δόξα
2643 3982 2722 4042 εἰς
2753 3983 2880 4044 τοὺς
2905 3982 3126 4046 αἰῶνας.
3180 3984 3377 4053 Ἀμήν.

752 4092 768 4112 .
803 4066 855 4118 Si
885 4066 1224 4120 subtraxerit
1256 4082 1314 4119 se
1343 4068 1545 4135 justus.
1581 4083 1688 4121 non
1735 4068 1974 4137 placebit
2002 4070 2053 4123 in
2128 4072 2218 4125 illo
2270 4072 2452 4126 anima
2520 4090 2639 4128 mea
2663 4076 2727 4128 ⁵⁸.
2752 4094 2768 4126 ι
2828 4076 2894 4130 Et
2919 4077 3119 4132 Paulus
3151 4096 3164 4131 :
3198 4098 3216 4130 ι
3239 4078 3297 4133 Si
3329 4081 3784 4150 sustinuerimus,
3810 4098 3871 4143 et
3898 4104 4027 4142 con-

747 4160 1226 4228 regnabimuSMJ
1300 4159 1565 4215 Rursus:
1630 4182 1646 4213 ι
1698 4163 1970 4217 Patientia
2008 4166 2166 4220 vobis
2216 4169 2530 4222 necessaria
2563 4179 2668 4233 est,
2730 4178 2788 4223 ul
2852 4172 3191 4227 voluntatem
3242 4174 3339 4228 Dei
3397 4175 3667 4232 facientes
3720 4184 4027 4251 reportetis

745 4253 1224 4320 prmuissiones‘“.
1260 4272 1278 4303 ›
1326 4254 1566 4309 Jacobus
1613 4272 1883 4326 quoque:
1952 4259 2163 4315 «Omne
2218 4262 2480 4331 gaudium
2525 4265 2860 4329 existimate,
2931 4266 3133 4323 fratres
3191 4271 3327 4333 mei,
3395 4288 3521 4327 eum
3560 4274 3615 4327 in
3681 4278 4027 4333 tentationes

746 4344 928 4395 varias
968 4344 1296 4402 incideritis.
1359 4345 1599 4401 scientes
1672 4349 1819 4415 quod
1869 4349 2126 4417 probatio
2186 4352 2312 4405 lidei
2350 4362 2545 4407 vestrm
2604 4356 2928 4423 patientiam
2975 4368 3271 4426 operatur;
3335 4363 3603 4431 patientia
3650 4373 3844 4419 autem
3887 4384 4026 4437 opus

746 4434 1051 4501 perfectum
1105 4435 1395 4489 habeat“.
1422 4455 1439 4487 ι
1504 4438 1716 4492 Inducit
1756 4439 1942 4493 idem:
2000 4460 2018 4491 ι
2050 4440 2250 4496 Beatus
2282 4444 2353 4497 vit
2395 4445 2489 4512 qui
2527 4446 2725 4500 sulIert
2771 4448 3153 4511 tentationem,
3215 4454 3506 4521 quoniam,
3574 4470 3703 4508 eum
3751 4434 4025 4526 probatus

746 4524 933 4584 fuerit,
971 4524 1203 4593 accipiet
1254 4541 1517 4582 coronam
1550 4529 1757 4583 vitaz".
1788 4550 1804 4581 ι
1846 4531 2116 4586 Dominus
2151 4535 2281 4588 item
2313 4554 2325 4588 :
2372 4555 2390 4587 ι
2418 4536 2519 4602 Qui
2559 4540 2890 4594 sustinuerit
2941 4556 3117 4610 usque
3176 4544 3229 4597 in
3266 4544 3563 4606 [ineunbic
3580 4524 3772 4603 salvus
3790 4552 4018 4607 erit”.o

744 4616 944 4668 lterum
978 4632 990 4666 :
1039 4634 1056 4666 ι
1088 4616 1145 4669 In
1184 4618 1449 4687 patientia
1489 4634 1668 4674 vestra
1718 4622 2073 4690 possidebitis
2113 4627 2324 4681 animas
2357 4639 2571 4684 vestras
2595 4634 2659 4684 ⁸⁵.
2699 4651 2718 4680 ›
2756 4634 2857 4701 Ipsi
2892 4634 3065 4704 gloria
3101 4635 3155 4688 in
3192 4637 3411 4692 saacula.
3441 4638 3638 4695 Amen.

1252 4747 1535 4802 IIOMILIA
1574 4748 1819 4804 LXXIX.

3019 4768 3239 4819 ΛΟΓΟΣ
3292 4769 3411 4823 ΟΘ’.

1374 4859 1448 4913 De
1486 4878 1675 4932 agone.

3006 4878 3141 4945 Περὶ
3177 4879 3426 4947 ἁῖῶνος.

813 4968 963 5036 Agou
986 4971 1290 5025 commilito
1316 4982 1402 5026 est
1432 4984 1488 5027 et
1522 4990 1755 5029 consors
1785 4976 2087 5045 patientiae.
2117 4977 2318 5033 Verius

2509 4982 2565 5035 '0
2606 4984 2777 5051 ἀγὼν,
2830 4989 3243 5060 συστρατιώτης
3305 4995 3455 5046 ἐστὶν
3508 4996 3604 5049 καὶ
3668 5002 4016 5072 συμμέτοχος

744 5061 961 5114 initium
992 5071 1076 5115 est
1121 5074 1176 5117 et
1234 5064 1397 5130 linis;
1453 5081 1517 5119 ac
1576 5082 1745 5137 prope
1792 5068 2051 5135 dixerim,
2084 5070 2321 5139 amplius

741 5153 1020 5220 quiddam.
1068 5154 1221 5209 Adeo
1272 5159 1419 5210 enim
1471 5158 1745 5213 alterutra
1783 5160 2013 5215 alterius
2045 5176 2149 5231 ope
2195 5170 2317 5231 eget

742 5256 804 5294 ac
835 5252 1025 5296 mutua
1058 5249 1404 5316 compagine,
1440 5257 1500 5302 ut
1549 5260 1744 5305 neutra
1791 5251 1966 5320 possit
2016 5252 2084 5306 ad
2132 5253 2325 5307 vietri~

743 5348 861 5387 cem
898 5336 1215 5406 pertingere
1249 5355 1505 5395 coronam
1544 5342 1661 5397 sine
1712 5359 1809 5397 sua
1857 5359 2137 5414 compare.
2170 5346 2315 5401 Con-

1978 5525 2023 5556 "
2049 5526 2183 5580 ibid.
2212 5528 2296 5581 16.

1638 5592 1682 5625 ⁸³
1717 5595 1856 5649 Psal.
1892 5611 2048 5649 xxxrx
2077 5637 2090 5655 ,
2121 5598 2167 5649 1.

1337 5663 1380 5692 ⁸³
1426 5662 1593 5715 Eccli.
1652 5679 1814 5721 xxvn.
1842 5668 1895 5717 6.
1971 5666 2017 5695 "
2048 5666 2217 5720 Eccli.
2253 5685 2309 5730 ιι,

1192 5730 1238 5760 ⁸³⁸
1270 5729 1309 5782 ll
1346 5731 1484 5785 Tim.
1529 5748 1585 5791 ιι,
1621 5733 1704 5785 1‘2.
1784 5734 1826 5764 ⁶⁰
1856 5732 2021 5788 llcbr.
2054 5751 2104 5797 x,
2148 5737 2235 5790 56.

823 5516 996 5587 δ’ίιειι.
1023 5535 1116 5583 XL,
1153 5521 1241 5574 5|.
1320 5522 1365 5552 δ’
1394 5523 1548 5575 Deut.
1585 5539 1700 5581 vlu.
1732 5525 1787 5587 2,
1821 5526 1874 5580 5.

748 5584 953 5637 "ibid.
1008 5587 1060 5639 9.
1167 5590 1213 5619 "‘
1245 5590 1379 5644 ibid.
1442 5592 1527 5644 10.

749 5654 792 5682 ⁵³
826 5653 961 5708 I’sal.
986 5671 1166 5720 1.xvm,
1210 5662 1261 5711 '7.

750 5721 910 5774 llcbr.
946 5740 997 5787 κ,
1029 5726 1114 5780 58.

750 5806 855 5853 xxi,
891 5792 951 5845 l9

2282 5599 2327 5629 '°
2350 5599 2491 5655 Psal.
2526 5618 2595 5666 ιι,
2634 5603 2720 5656 11.

2379 5670 2463 5730 16,
2504 5671 2589 5724 17.

2315 5739 2357 5768 ⁸⁸
2387 5738 2500 5793 Jac.
2532 5756 2566 5803 ι,
2594 5741 2691 5795 2-4

2416 5073 2514 5140 τῆς
2548 5074 2831 5146 ὑπομονῆς
2852 5095 2866 5109 ο
2910 5080 3114 5146 μᾶλλον
3146 5083 3201 5135 δὲ
3233 5084 3378 5156 ἀρχὴ
3414 5088 3511 5140 καὶ
3552 5088 3731 5151 τέλος,
3767 5094 3865 5143 καὶ
3895 5111 4014 5162 σχε-

2416 5165 2504 5217 δὸν
2554 5168 2751 5231 εἰπεῖν,
2784 5168 2843 5221 ’ἐν
2890 5171 2943 5221 τί
2984 5172 3135 5225 ἐστιν
3166 5174 3423 5243 δεόμενον
3470 5178 3571 5247 τῆς
3601 5180 3735 5249 παρ’
3767 5184 4014 5254 ἀλλήλων

2421 5256 2673 5328 βοηθείας
2709 5264 2814 5314 -καὶ
2873 5263 3213 5336 συνὰρσεως.
3245 5268 3383 5320 υὺδὲ
3409 5269 3519 5340 γὰρ
3551 5271 3786 5327 δυνατὸν
3819 5277 4013 5345 ἑτέραν

2422 5349 2592 5418 χωρὶς
2627 5351 2859 5421 θατέρας
2894 5357 3330 5426 στεφανωθῆναι.
3370 5360 3740 5431 Ἐναρμονὶως
3764 5365 3903 5435 γοῦν
3923 5370 4011 5420 καὶ

2410 5528 2466 5603 δῖ
2499 5530 2712 5585 Nabum
2741 5534 2844 5594 ι,7.
2924 5538 2969 5568 ⁸⁸
2993 5536 3152 5590 Ρτον-
3187 5554 3276 5603 XX.
3300 5540 3390 5595 39-

2823 5607 2865 5637 “
2912 5606 3053 5659 Psal.
3108 5623 3251 5671 xxvi,
3287 5611 3373 5663 14.

2688 5673 2732 5704 ⁸⁸
2765 5673 2907 5726 Psal.
2952 5691 3025 5738 Ix,
3070 5677 3154 5731 19.

2791 5743 2833 5775 ⁸³
2863 5745 2996 5799 Ibid.
3028 5747 3110 5801 I2.

3469 5542 3515 5573 “
3537 5542 3582 5597 ΙΙ
3609 5543 3744 5614 Reg.
3774 5561 3888 5609 xvi,
3917 5549 4002 5602 17.

3483 5614 3527 5645 ³’
3552 5613 3710 5667 Ρειιιζ
3742 5631 3927 5681 nm,
3951 5620 4000 5671 2.

3266 5680 3310 5711 "
3339 5681 3453 5735 lino
3483 5682 3688 5737 lIahac.
3710 5700 3772 5748 ιι,
3804 5686 3859 5741 3.
3916 5680 3921 5681 ν
3962 5687 4003 5719 ⁵⁸

3188 5748 3417 5805 “Marc.
3460 5768 3570 5814 xm,
3604 5753 3690 5807 15.
3796 5756 3843 5788 ⁸⁸
3874 5754 3998 5811 Luc.
