4178 6436
202 419 337 481 1600

1260 420 1579 478 llUMlLlA
1622 421 1883 480 LXXIX.
1915 444 1982 454 --
2018 419 2113 477 DE
2154 418 2425 478 AGUNE.

3314 413 3446 479 1670

195 525 509 588 ἀκολούθως
560 525 862 596 ὲζεύξαμεν
906 529 972 596 τῇ
1028 527 1272 597 ὑπομονῇ
1327 528 1420 579 τὸν
1451 527 1661 595 ἀγῶνα,
1696 529 1765 580 ὅτι

1881 528 2047 582 cium»
2075 526 2243 596 igitur
2270 526 2466 581 ordine
2508 544 2569 578 ac.
2611 523 2806 578 rationi
2830 531 3205 577 consentaneo
3230 520 3445 590 patien-

194 617 335 670 κατά
388 618 591 680 παντὸς
646 617 854 678 πάθους
898 618 1210 670 διαϐολικοῦ
1262 620 1360 689 τὴν
1389 620 1546 688 νίκην
1575 619 1777 684 ἀποψέ-

195 724 404 774 ρονται,
440 708 895 777 συνεπισχύοντος
949 708 1042 761 καί⁹
1090 708 1459 775 ἐπαμύνοντος
1502 707 1595 760 τοῦ
1629 710 1775 774 ἀγω-

192 800 412 849 νοθέτου
462 799 672 868 Κυρίου
706 798 864 867 ἡμῶν
899 797 1076 867 Ἰησοῦ
1118 797 1377 867 Χριστοῦ.
1421 800 1480 850 'U
1510 798 1776 866 ἀγωνιζό-

193 903 351 953 μενος
380 886 562 939 πάντα
606 886 1023 956 ἐγκρατεύεται,
1057 889 1149 939 καὶ
1184 888 1243 938 ’.ὑ
1270 886 1527 951 παύεται,
1565 889 1667 949 ἕως
1711 889 1776 941 ἂν

190 976 449 1048 ἐξαλείψῃ
485 979 687 1047 Κύριος
719 980 927 1041 πάντας
986 978 1113 1039 τοὺς
1165 979 1397 1048 ἐχθροὺς
1449 981 1557 1032 ἀπὸ
1600 997 1772 1051 προσ-

190 1070 341 1121 ώπου
401 1068 593 1122 αὑτοῦ.
640 1069 705 1121 'll
752 1066 847 1122 οὖν
909 1070 1207 1139 ἐγκράτεια
1236 1069 1397 1136 διπλῆ
1425 1070 1600 1122 ἐστιν.
1646 1070 1774 1123 Ἐπὶ

187 1161 350 1213 τινῶν
384 1161 494 1229 γὰρ
527 1159 609 1213 δεῖ
632 1159 1082 1228 ἐγκρατεύεσθαι,
1110 1160 1201 1212 ἐπὶ
1223 1159 1385 1212 τινῶν
1408 1161 1465 1213 δὲ
1488 1163 1549 1214 οὐ
1570 1163 1667 1214 δεῖ.
1701 1163 1775 1215 Τὸ

188 1252 428 1319 πονηρὸν
456 1251 567 1319 γάρ
594 1252 675 1303 δεῖ
706 1252 1158 1320 ὲγκρατεύεσθαι,
1186 1251 1281 1302 καὶ
1312 1252 1386 1321 μὴ
1412 1256 1589 1305 ποιεῖν
1617 1252 1770 1305 αὑτό.

188 1341 259 1393 Τὸ
279 1343 336 1394 δὲ
370 1344 574 1406 ἀγαθὸν
601 1342 674 1412 μὴ
700 1342 1151 1411 ἐγκρατεύεσθαι,
1173 1343 1306 1397 ἀλλὰ
1329 1348 1519 1396 ποιεῖν.
1540 1344 1774 1411 Ἐγκρά-

186 1449 381 1507 τευσαι
403 1429 498 1486 οὖν
518 1433 627 1486 ἀπὸ
658 1433 835 1504 πάσης
862 1435 1148 1503 πονηρεας,
1168 1435 1532 1504 ἐργαζόμενος
1548 1435 1609 1487 τδ
1632 1436 1773 1500 ἀγα·-

187 1526 311 1575 Οόν·
348 1525 723 1595 ἐγκράτευσαι
749 1527 858 1577 ἀπὸ
881 1525 1143 1594 μοιχείας,
1178 1526 1452 1593 πορνείας,
1490 1525 1767 1594 μεθύσμα-

186 1632 294 1679 τος,
322 1616 579 1684 ἀνομίας,
612 1617 720 1668 ἀπὸ
776 1616 1011 1686 τρυφῆς,
1058 1617 1166 1669 ἀπὸ
1224 1618 1511 1686 πονηρίας.
1558 1618 1667 1670 ἀπό
1712 1634 1770 1670 τε

184 1706 503 1774 ἐδεσμάτων
527 1707 759 1766 πολλῶν,
780 1708 873 1759 καὶ
892 1707 1503 1770 πολυτελείας,πλούτου
1525 1710 1618 1761 καὶ
1635 1727 1769 1761 καυ-

184 1799 420 1864 χήσεως,
481 1798 931 1868 ὑψηλοφροσύνης
955 1801 1051 1853 καὶ
1082 1802 1480 1870 ὑπερηφανίας,
1513 1802 1603 1853 καὶ
1661 1801 1769 1854 ἀπὸ

1881 619 1966 672 tia:
1992 616 2394 670 connexuimus
2437 630 2686 685 agonem.
2726 614 2969 682 Utraque
3008 613 3156 666 enim
3213 614 3446 666 Domino

1879 718 2071 761 nostro
2101 708 2228 761 Jcsu
2278 707 2504 760 Christo
2552 705 2668 775 (qui
2702 704 3010 773 spiritualis
3043 704 3307 772 palaestrae
3356 712 3445 756 t0-

1878 800 1985 852 tius
2031 799 2390 867 agonothetes
2445 799 2551 863 est)
2598 798 2746 850 vires
2801 804 3130 865 suggerente
3159 811 3222 848 ac
3254 804 3445 864 prote-

1877 899 2057 959 gente,
2085 890 2383 958 paimarcm
2425 888 2714 941 victoriam
2745 895 2993 955 reportat
3027 886 3293 940 adversus
3320 900 3444 938 om-

1877 996 1999 1033 nem
2029 980 2314 1032 diabolica:
2340 980 2771 1047 perturbationis
2799 980 3093 1031 violentam
3125 978 3446 1047 impressio-

1876 1086 2019 1123 nem.
2052 1070 2153 1136 Qui
2188 1071 2242 1123 in
2272 1084 2444 1139 agone
2475 1068 2780 1131 contendit,
2816 1069 2886 1121 ab
2933 1070 3195 1123 omnibus
3222 1084 3279 1123 se
3314 1070 3446 1123 abs-

1877 1159 2033 1221 tinet,
2061 1175 2162 1213 nec
2199 1160 2581 1228 interquiescit
2622 1158 2799 1212 donec
2840 1158 3092 1213 inimicos
3121 1159 3446 1235 remoliatur

1874 1259 1931 1303 et
1966 1249 2183 1303 aboleat
2229 1266 2259 1304 a
2305 1251 2444 1305 facie
2492 1265 2613 1304 sua.
2665 1250 2808 1305 Sane
2850 1251 3207 1318 temperantia
3244 1249 3444 1317 duplex

1873 1347 1977 1393 est.
2025 1339 2283 1404 Qumdam
2316 1340 2465 1393 enim
2498 1349 2627 1394 sunt
2658 1356 2688 1393 a
2728 1341 2932 1409 quibus
2974 1354 3202 1394 necesse
3242 1340 3315 1393 sit
3346 1340 3443 1393 tibi

1876 1440 1935 1485 ut
1961 1440 2251 1499 temperes,
2274 1430 2379 1483 alia
2412 1430 2543 1483 item
2574 1439 2702 1483 sunt
2728 1446 2849 1498 qua:
2889 1446 3028 1499 opus
3068 1430 3142 1484 sit
3192 1440 3250 1485 ut
3292 1446 3446 1485 exsc-

1871 1524 2078 1593 qnaris.
2115 1522 2196 1576 Ab
2226 1523 2595 1592 improbitate,
2626 1538 2807 1591 opera:
2837 1524 2909 1576 sit
2942 1524 3179 1590 pretium
3210 1533 3273 1577 ut
3312 1523 3438 1576 abs-

1872 1614 2067 1678 tineas,
2118 1630 2220 1667 nec
2272 1615 2495 1683 expleas
2541 1630 2708 1682 opere
2757 1631 2770 1667 :
2824 1624 3036 1677 contra,
3089 1614 3160 1667 ab
3194 1628 3261 1667 eo
3292 1614 3442 1682 quod

1873 1705 2075 1759 bonum
2128 1714 2214 1759 est
2262 1714 2319 1759 et
2373 1707 2666 1760 honestum
2716 1722 2910 1761 manus
2965 1723 3036 1760 ne
3102 1706 3439 1765 contrahito,

1873 1796 2047 1863 magis
2079 1805 2263 1848 autem
2306 1810 2402 1849 eas
2456 1794 2542 1849 fac
2584 1796 2970 1849 accommodes
3011 1796 3103 1864 pio
3145 1796 3323 1865 operi.
3357 1796 3441 1848 Ab

181 1890 520 1956 ψεύσματος,
539 1892 632 1943 καὶ
656 1890 999 1954 καταλαλιάς
1028 1892 1122 1944 καὶ
1136 1893 1499 1963 ὑποκρίσεως,
1518 1894 1611 1946 καὶ
1628 1910 1765 1963 μνη-

1872 1887 2024 1941 omui
2058 1888 2227 1956 igitur
2255 1887 2464 1941 malitia
2517 1902 2714 1940 manus
2761 1888 3020 1941 amolitor
3060 1888 3293 1942 honesto
3319 1888 3442 1941 cui—

182 1978 467 2043 σικακίας,
498 1980 595 2031 καὶ
646 1981 827 2051 πάσης
877 1980 1245 2051 βλασφημίας,
1274 1983 1604 2053 κλέμματος,
1633 1984 1768 2038 ἀποο

183 2070 522 2137 στερήσεως,
555 2070 1053 2143 ψευδομαρτυρίας,
1085 2073 1421 2140 πλεονεξίας,
1467 2074 1768 2143 ἐπιθυμίας

180 2162 452 2229 πονηρᾶς,
485 2161 724 2230 ἀπάτης,
743 2163 1070 2227 κενοδοξίας,
1120 2163 1462 2228 ἀλαζονείας,
1522 2166 1619 2217 καὶ
1665 2166 1767 2218 ὅσα

178 2251 394 2313 τούτο.ς
424 2252 587 2320 ὅμοιά
610 2253 779 2307 ἐστιν.
810 2251 1028 2305 Τούτων
1046 2252 1110 2323 δὴ
1140 2254 1247 2306 τῶν
1264 2253 1439 2324 ἔργων
1456 2253 1537 2305 δεῖ
1564 2256 1766 2323 ἐγκρα-

177 2342 439 2394 τεύεσθαι
462 2342 554 2394 τὸν
581 2344 890 2412 ἀγωνιστὴν
938 2344 1032 2396 καί
1077 2343 1262 2396 δοῦλον
1292 2342 1386 2396 τοῦ
1424 2342 1581 2397 Θεοῦ.
1616 2343 1765 2396 Εἰσὶν

176 2433 233 2484 δὲ
267 2433 365 2484 καὶ
396 2433 536 2499 ἔργα
566 2433 749 2500 ἀγαθά
778 2433 815 2486 ἃ
837 2433 919 2486 δεῖ
957 2434 1294 2504 ἐργάζεσθαι
1322 2435 1416 2489 καὶ
1449 2436 1524 2507 μὴ
1557 2436 1765 2507 ἐγκρα-

176 2522 467 2574 τεύεσθαι’
504 2523 611 2592 πρὸ
666 2523 723 2575 δὲ
774 2523 1017 2585 πάντων,
1082 2523 1285 2588 πίστις,
1321 2524 1482 2593 φόϐος
1535 2526 1762 2595 Κυρίου,

176 2614 399 2680 ἀγάπη.
430 2613 677 2682 ὁμόνοια,
711 2613 933 2682 ῥήματα
956 2613 1325 2681 δικαιοσύνης,
1351 2614 1599 2686 ἀλήθεια,
1630 2616 1765 2668 ὑπο-

180 2703 346 2772 μονὴ,
401 2704 602 2774 χήραις
656 2705 974 2773 ὑπηρετεῖν,
1028 2706 1299 2775 ὀρφανοὺς
1336 2707 1764 2776 ὑστερουμένους

176 2796 638 2860 ἐπισκέπτεσθαι,
671 2795 730 2860 ἐξ
760 2797 1019 2864 ἀναγκῶν
1045 2797 1371 2868 λυτροῦσθαι
1397 2800 1523 2861 τοὺς
1545 2798 1763 2862 δούλους

175 2884 272 2935 τοῦ
306 2884 471 2947 Θεοῦ,
500 2884 779 2951 φιλόξενον
811 2880 975 2949 εἶναι,
1018 2886 1220 2954 ἥσυχον
1244 2926 1257 2949 ,
1307 2886 1647 2957 ἐνδεέστερον
1678 2904 1763 2957 γε·

175 2977 367 3027 νὲσόαι
415 2975 633 3028 πάντων
688 2975 992 3046 ἀνθρώπων
1024 3015 1040 3038 ,
1089 2976 1400 3043 πρεσϐύτας
1456 2976 1711 3029 σέϐεσθαι
1744 3016 1757 3040 ,

176 3068 373 3119 ἀσκεῖν
415 3065 789 3137 δικαιοσύνην,
827 3066 1169 3138 ἀδελφότητα
1210 3067 1514 3137 συντηρεῖν,
1549 3065 1759 3135 μακρό-

1868 1980 2015 2049 piam
2046 1978 2201 2047 operi
2235 1987 2498 2033 attentus.
2536 1978 2643 2032 Fac
2682 1979 2970 2033 contineas
3021 1980 3090 2033 ab
3143 1978 3437 2043 adulterio,

1869 2086 1900 2124 a
1943 2068 2327 2131 fornicatione,
2379 2069 2449 2122 ab
2482 2068 2773 2132 ebrietate,
2800 2071 2871 2124 ab
2902 2071 3191 2140 iniquitate
3215 2080 3271 2125 et
3307 2072 3441 2140 legis

1870 2162 2329 2231 transgressione,
2358 2176 2389 2215 a
2422 2161 2625 2231 geniali
2672 2161 2805 2215 luxu
2831 2163 3176 2226 deliciarum,
3206 2163 3276 2217 ab
3301 2163 3442 2218 edu-

1867 2251 2070 2304 liorum
2131 2251 2493 2305 immoderata
2533 2251 2712 2320 copia,
2764 2252 2833 2306 ab
2882 2254 3173 2308 immodico
3229 2264 3440 2323 qumstu

1864 2340 2209 2406 divitiarum,
2243 2341 2312 2394 ab
2354 2341 2642 2411 impotenti
2684 2344 2970 2413 jactantia,
3003 2361 3072 2398 ne
3104 2347 3237 2414 quid
3286 2346 3354 2400 de
3389 2356 3441 2399 te

1866 2430 2109 2485 senseris
2179 2430 2496 2496 sublimius,
2553 2447 2621 2487 ne
2666 2448 2765 2501 per
2811 2435 3129 2502 superbiam
3184 2436 3439 2492 evehere.

1865 2520 2094 2577 Abstine
2137 2538 2168 2576 a
2207 2523 2523 2587 mendacio,
2573 2523 2940 2588 detractione,
2988 2526 3285 2594 hypocrisi.
3331 2527 3440 2581 Ac-

1865 2622 2035 2681 cepta}
2081 2613 2299 2681 injuriae
2362 2627 2578 2667 memor
2624 2628 2691 2667 ne
2740 2623 2881 2668 esto.
2938 2616 3171 2671 Provide
3228 2618 3325 2670 tibi
3381 2628 3442 2671 ut

1867 2709 2139 2771 temperes
2187 2701 2257 2755 ab
2298 2703 2449 2757 omni
2499 2703 2865 2772 blasphemia,
2902 2720 2933 2758 a
2967 2705 3138 2769 furto,
3169 2722 3197 2760 a
3221 2717 3439 2761 vetera-

1867 2795 2006 2849 toria
2058 2795 2273 2858 fraude,
2316 2796 2455 2850 falso
2504 2796 2843 2861 testimonio,
2879 2798 3136 2860 avaritia,
3172 2800 3442 2870 concupi-

1862 2886 2073 2941 scentia
2115 2888 2279 2950 mala,
2338 2888 2645 2955 impostura
2703 2898 2758 2941 et
2827 2888 3319 2955 circumventione,
3373 2891 3442 2944 ab

1863 2977 2044 3031 inanis
2077 2977 2267 3046 gloria:
2320 2978 2589 3045 appetitu,
2621 2987 2679 3032 et
2729 2979 3069 3048 arrogantia,
3100 2979 3338 3049 denique
3371 2982 3442 3035 ab

1864 3067 1931 3120 iis
1980 3081 2323 3137 quacunque
2372 3067 2570 3121 horum
2616 3077 2745 3122 sunt
2788 3084 3054 3139 perquam
3103 3071 3323 3126 similia.
3358 3073 3442 3127 Ab

176 3159 356 3226 θύμον
402 3156 566 3222 εἶναι,
600 3158 966 3227 μνησικακίαν
1007 3158 1084 3227 μὴ
1134 3157 1300 3227 ἔχειν,
1352 3157 1662 3227 κάμνοντας
1692 3158 1758 3224 τῇ

1867 3159 1987 3213 istis
2018 3158 2184 3227 igitur
2219 3158 2489 3226 operibus
2539 3159 2793 3229 quisquis
2821 3175 2903 3223 es,
2940 3177 2974 3215 ο
2999 3177 3158 3217 serve
3185 3164 3305 3228 Dei,
3343 3165 3438 3235 qui

172 3251 327 3319 ψυχῇ
362 3248 727 3318 παρακαλεῖν,
777 3248 1312 3316 ἐσκανδαλισμένους
1366 3247 1477 3300 ἀπὸ
1522 3247 1761 3309 πίστεως

176 3340 257 3406 μὴ
313 3336 736 3402 ἀποϐάλλεσθαι,
782 3337 897 3388 ἀλλ’
951 3337 1305 3406 ἐπιστρέφειν
1350 3338 1444 3389 καὶ
1492 3334 1763 3404 εὑθύμους

173 3429 381 3489 ποιεῖν,
432 3426 850 3496 ἁμαρτάνοντας
904 3425 1198 3487 νουθετεῖν,
1229 3424 1509 3494 χρεώστας
1541 3424 1616 3493 μή
1652 3422 1762 3475 θλί-

175 3519 297 3570 ϐειν
328 3518 525 3580 ἐνδεεῖς
547 3534 562 3549 ο
589 3520 682 3570 καὶ
712 3519 764 3570 εἴ
808 3534 929 3569 τινα
957 3516 1171 3579 τούτοις
1196 3516 1359 3585 ὅμοιά
1378 3517 1547 3569 ἐστιν.
1580 3514 1764 3567 Ταῦτα

174 3611 290 3679 γάρ
315 3610 410 3661 ἐάν
440 3627 521 3672 τις
571 3609 782 3679 φυλάξῃ
811 3609 907 3661 καὶ
965 3608 1039 3679 μὴ
1077 3608 1514 3679 ὲγκρατεύσηται
1536 3607 1630 3662 ἀπ’
1666 3609 1763 3661 αὑ-

172 3701 311 3764 τῶν,
362 3702 588 3770 ζήσεται
638 3700 714 3769 τῷ
755 3700 895 3769 Θεῷ.
949 3698 1071 3768 Χρὴ
1114 3699 1172 3750 δὲ
1201 3698 1291 3751 τὸν
1338 3699 1642 3769 ἀγωνιστὴν
1670 3699 1760 3751 καὶ

174 3793 439 3859 ἑκτήκειν
488 3792 580 3843 τὸν
631 3792 925 3844 ἀντίπαλον
976 3791 1033 3841 ὲν
1088 3791 1157 3858 τῇ
1196 3789 1392 3842 ἑαυτοῦ
1447 3790 1634 3860 σαρκὶ,
1674 3792 1756 3841 ἱνα

179 3885 258 3954 μὴ
286 3884 374 3937 διὰ
422 3883 521 3951 τῆς
550 3885 847 3953 ὑγρότητος
872 3882 1155 3955 ὀλισθαίνῃ
1187 3883 1215 3934 ὁ
1246 3880 1368 3944 νοῦς
1413 3882 1495 3943 είς
1525 3881 1587 3933 τὸ
1616 3862 1758 3934 λεῖον

174 3974 290 4026 τῶν
324 3974 548 4042 ἡδονῶν,
576 3976 725 4037 ὅπως
755 3977 783 4028 ὁ
813 3976 937 4040 νοῦς
955 3976 1066 4030 τῶν
1090 3977 1508 4047 ἀγωνιζομένων
1534 3977 1638 4030 ὑπὸ
1664 3975 1757 4029 τοῦ

174 4063 330 4114 θείου
365 4063 544 4131 φωτὸς
588 4068 901 4135 ἐνεργῆται,
936 4068 1029 4119 καὶ
1075 4066 1155 4137 τῷ
1186 4066 1315 4136 θείῳ
1346 4071 1496 4136 νόμῳ
1525 4064 1752 4137 δουλεύῃ

173 4155 273 4205 καὶ
306 4154 623 4223 συνήδηται,
656 4155 795 4207 κατά
820 4155 911 4207 τὸν
955 4155 1297 4209 Ἀπόστολον.

1863 3245 2166 3314 spiritualis
2195 3246 2324 3301 vita:
2363 3245 2683 3315 aggrederis
2715 3260 3017 3310 certamen,
3046 3250 3224 3305 modis
3255 3253 3439 3306 omni-

1861 3337 1963 3389 bus
1998 3333 2420 3403 temperandum
2473 3350 2694 3389 censeo.
2733 3338 2949 3407 1150
2985 3338 3125 3393 Sunt
3155 3351 3348 3395 contra
3384 3350 3441 3394 et

1860 3428 2005 3482 bona
2035 3443 2206 3496 opera
2236 3443 2357 3495 qua:
2393 3436 2452 3480 ut
2481 3430 2749 3497 Opereris,
2790 3446 3016 3485 necesse
3040 3433 3132 3496 sit,
3163 3448 3273 3487 non
3305 3437 3436 3491 item

1864 3527 1924 3573 ut
1970 3520 2038 3572 ab
2091 3520 2173 3573 eis
2222 3518 2528 3572 contineas.
2580 3518 2835 3573 Omnium
2894 3522 3136 3590 primum
3168 3523 3304 3578 ﬁdes
3332 3536 3436 3588 est,

1867 3610 2071 3664 deinde
2105 3611 2270 3663 timor
2297 3610 2539 3669 Domini.
2590 3611 2852 3675 cbaritas,
2886 3613 3180 3667 concordia
3222 3614 3437 3669 animo-

1868 3719 2012 3765 rum,
2041 3702 2214 3757 verba
2245 3702 2495 3772 justitiw,
2534 3711 2760 3765 veritas,
2808 3704 3093 3772 patientia,
3123 3705 3441 3761 subservire

1864 3793 2069 3857 viduis,
2104 3794 2347 3862 pupillos
2377 3793 2573 3846 solatio
2602 3792 2896 3847 destitutos
2945 3804 3237 3863 parentum
3269 3797 3441 3851 inter-

1862 3884 2065 3945 visere,
2115 3898 2305 3937 servos
2355 3883 2450 3936 Dei
2503 3883 2698 3951 quavis
2760 3884 3088 3939 necessitate
3148 3900 3445 3955 Oppressos

1862 3972 2136 4027 cxtricare
2178 3986 2244 4025 ac
2292 3971 2586 4034 redimere,
2613 3972 2854 4041 hospitio
2886 3975 3145 4043 excipere
3196 3978 3445 4047 peregri-

1864 4080 1988 4127 nos,
2037 4078 2159 4117 esse
2214 4063 2525 4131 requietum
2579 4071 2636 4117 et
2693 4064 3051 4128 taciturnum,
3078 4075 3359 4134 postremo
3386 4079 3447 4123 ut

1864 4154 1934 4208 de
1984 4153 2245 4207 omnibus
2295 4152 2348 4205 in
2392 4166 2684 4205 commune
2730 4150 2872 4206 bene
2937 4156 3221 4216 merearis,
3286 4171 3446 4211 senes

175 4254 487 4311 reverctor,
531 4249 804 4319 justitiam
883 4264 1195 4315 cxcerceto,
1243 4252 1539 4306 fraternam
1618 4260 1948 4305 conservato
2002 4247 2382 4303 dilectionem.
2452 4246 2844 4316 Longanimcm
2904 4249 3163 4301 convenit
3201 4264 3324 4303 esse
3394 4260 3446 4304 te

171 4352 238 4391 ac
282 4339 631 4402 tolerantem,
663 4342 868 4396 nuilius
897 4358 928 4396 a
964 4345 1223 4413 quopiam
1267 4355 1505 4413 accepta:
1531 4345 1746 4413 injuria:
1786 4342 2128 4404 memineris,
2157 4341 2243 4394 fac
2298 4355 2394 4393 eos
2433 4340 2739 4393 consoleris
2790 4339 2887 4408 qui
2956 4342 3142 4395 animo
3171 4341 3445 4396 afﬂictan-

175 4441 269 4483 tur
298 4440 356 4483 et
386 4431 655 4487 laborant,
693 4435 796 4500 Qui
824 4434 1128 4488 etiamnum
1174 4436 1227 4489 in
1300 4435 1405 4489 ﬁde
1472 4436 1681 4489 luerent
1743 4435 1989 4504 perplexi
2018 4443 2071 4486 et
2107 4430 2350 4485 scandali
2387 4434 2669 4503 quidpiam
2710 4434 2990 4495 adierunt,
3034 4436 3137 4489 hos
3184 4450 3254 4488 ne
3301 4434 3446 4504 abji-

172 4520 312 4583 cite,
349 4522 523 4589 magis
571 4530 757 4576 autem
799 4523 1070 4588 aduitere,
1126 4523 1180 4578 iu
1233 4524 1372 4578 viam
1420 4534 1479 4578 ut
1526 4525 1756 4579 redeant
1822 4523 1972 4586 ﬁdei,
2018 4522 2274 4590 bonoque
2329 4522 2443 4575 sint
2484 4532 2540 4576 et
2603 4523 2771 4576 alacri
2825 4523 2892 4577 ad
2941 4523 3103 4577 ﬁdem
3138 4523 3345 4579 animo.
3376 4524 3440 4578 In

173 4630 400 4669 errores
431 4614 624 4669 devios
663 4619 756 4686 qui
801 4619 1138 4685 exorbitant,
1174 4630 1267 4674 tuo
1298 4621 1518 4674 hortatu
1584 4628 1640 4674 ct
1691 4619 1923 4674 consilio
1990 4618 2056 4671 ad
2117 4617 2509 4672 rcctitudincm
2557 4633 2772 4672 revoca.
2804 4619 3002 4673 Debito
3048 4620 3307 4689 quopiam
3350 4621 3446 4673 oh-

178 4706 406 4760 strictos
458 4707 579 4770 tibi,
616 4708 799 4778 inopia
838 4711 884 4765 si
918 4720 1265 4780 premuntur,
1333 4727 1402 4765 ue
1436 4711 1708 4776 aiﬁictes;
1740 4722 1792 4765 et
1832 4711 1875 4765 si
1919 4724 2026 4779 qua
2079 4708 2163 4762 his
2234 4709 2475 4763 conﬁnia
2529 4718 2676 4763 sunt.
2733 4710 2927 4765 lsthtec
2968 4725 3134 4779 opera
3190 4712 3445 4780 quisquis

184 4802 289 4855 rite
336 4802 732 4871 observaverit,
774 4822 882 4859 non
938 4808 1065 4861 item
1111 4809 1180 4862 ab
1226 4808 1494 4878 ejusmodi
1556 4822 1752 4862 manus
1806 4805 2146 4860 contraxerit
2180 4820 2280 4873 per
2329 4806 2635 4859 socordiam
2692 4821 2756 4859 ac
2796 4806 3064 4860 lentorem
3108 4806 3301 4872 animi,
3325 4809 3437 4862 uti-

179 4909 287 4959 que
318 4898 467 4952 vivet
504 4899 634 4953 Deo.
663 4899 814 4970 Opus
839 4900 904 4954 ad
936 4901 1053 4955 haec
1083 4902 1273 4963 fuerit,
1314 4912 1375 4954 ut
1404 4902 1497 4970 qui
1564 4901 1619 4954 in
1661 4899 1931 4970 spirituali
1977 4912 2151 4966 agone
2191 4897 2462 4960 decertat,
2499 4912 2658 4951 suum
2692 4903 2933 4951 maceret
2987 4906 3045 4951 et
3110 4897 3236 4952 tabe
3272 4896 3438 4953 conti-

179 4986 287 5039 ciat
330 4987 706 5043 adversarium
752 4991 807 5044 in
855 5006 1020 5045 carne
1052 4992 1275 5061 propria
1314 4991 1753 5053 delitescentem,
1796 5006 1865 5043 ne
1905 4989 2139 5041 lmmore
2205 4986 2497 5041 exsudauti
2546 4986 2893 5057 periclitetur
2949 5002 3125 5051 mens,
3168 5001 3225 5041 et
3252 4991 3441 5043 conci-

182 5078 274 5130 dat
304 5092 553 5148 praeceps
585 5078 640 5132 in
667 5080 895 5134 livorem
954 5097 1018 5137 ac
1052 5082 1334 5151 planitiem
1379 5082 1607 5136 illicium
1652 5082 2022 5151 voluptatum,
2082 5094 2194 5147 quo
2230 5092 2387 5132 mens
2455 5078 2569 5147 ipsa
2620 5077 2961 5146 spiritualem
3002 5093 3230 5148 agonem
3289 5081 3447 5133 susti-

177 5169 451 5234 nentium,
489 5168 757 5224 illustrata
783 5172 957 5226 divini
1003 5173 1227 5228 luminis
1266 5173 1579 5242 splendore,
1604 5173 1878 5227 etlieaeius
1915 5178 2198 5240 operetur,
2222 5170 2325 5240 legi
2351 5170 2444 5224 Dei
2464 5170 2734 5224 serviatet
2761 5167 3173 5224 eondelectetur
3198 5170 3263 5232 ",
3293 5170 3446 5239 juxta

174 5261 423 5332 Apostoli
456 5263 802 5317 sententiam.

243 5357 340 5406 Δεῖ
387 5348 485 5406 οὖν
534 5357 859 5423 εὐτρεπίσαι
908 5358 998 5408 τὸν
1027 5356 1153 5409 νοῦν
1185 5358 1281 5411 καὶ
1319 5356 1624 5427 μετῳκίσαι
1658 5354 1758 5425 τὴν

1937 5352 2043 5407 Sed
2098 5362 2155 5407 et
2204 5353 2395 5407 eadem
2432 5351 2751 5406 adornanda
2805 5350 2956 5405 venit
2995 5359 3052 5404 et
3098 5351 3442 5404 immutauda

173 5447 444 5508 διάνοιαν,
500 5447 593 5498 καὶ
634 5446 953 5517 ὑπερκύψαι
1004 5448 1094 5500 τὸν
1142 5448 1390 5516 οὐρανὸν,
1444 5446 1539 5499 καὶ
1579 5447 1759 5512 πάσης

170 5539 417 5599 κτίσεως
439 5537 699 5607 ὑπεράνω
732 5556 833 5591 που
865 5539 1143 5606 γενέσθαι,
1171 5540 1267 5591 καὶ
1290 5538 1543 5608 διαπύρῳ
1569 5536 1759 5587 ἐπιθυ-

174 5633 297 5701 μία,
328 5632 742 5702 ἀκαταπαύστῳ
772 5634 838 5703 τῇ
875 5632 1082 5703 διανοίᾳ
1124 5632 1261 5703 πρὸς
1312 5633 1494 5684 ἐκεῖνα
1524 5627 1755 5698 προσδε-

252 5791 296 5819 “
333 5788 491 5840 llum.
518 5801 606 5849 vn,
637 5785 728 5838 ΞΩ.

1867 5444 2033 5497 animi
2085 5445 2366 5513 cogitatio,
2395 5454 2452 5498 et
2485 5445 2553 5498 ad
2592 5445 2793 5498 coelum
2842 5458 3014 5511 usque
3066 5442 3443 5497 transcriben-

1866 5535 1934 5589 da
1974 5544 2057 5587 cst
2106 5543 2161 5587 et
2208 5536 2529 5597 attollenda,
2556 5549 2833 5603 supraque
2860 5550 3078 5589 omnem
3131 5542 3443 5589 creaturam

1870 5627 1927 5680 in
1980 5627 2216 5681 sublime
2275 5635 2356 5681 cst
2404 5627 2704 5697 erigendus
2765 5627 3027 5689 animus,
3076 5635 3131 5681 et
3192 5624 3442 5697 ﬂagranti
