4178 6436
734 376 863 441 1071

2002 370 2364 433 ANTIOCHI
2406 372 2749 437 MONACHI

3863 382 4001 445 1672

731 486 1045 547 desiderio,
1090 483 1390 552 irrequieta
1462 489 1627 550 atque
1695 481 1907 551 perpeti
1976 480 2311 549 cogitatione

2429 479 2601 534 iéaOat
2633 482 2668 535 ἀ
2695 484 2788 536 καὶ
2810 485 2857 536 οἱ
2880 483 3124 554 ἀληθινοὶ
3163 485 3467 553 ἀγωνισταὶ
3494 485 3723 555 ἔδειξαν,
3758 491 3856 544 καὶ
3883 494 3989 546 ἐδο-

734 593 831 646 par
868 584 952 629 cst
999 581 1059 627 ut
1104 573 1448 627 adhaerescet
1497 580 1553 624 et
1612 571 1948 639 astringatur
2008 572 2313 638 prarccptis,

730 683 854 738 qua:
901 667 1163 738 agonista:
1220 664 1297 718 illi
1352 679 1575 719 veraces
1624 679 1790 732 Opere
1848 662 1966 732 ipso
2012 678 2314 732 repraesen-

735 771 940 825 tarnnt,
1012 774 1222 829 suaque
1266 757 1543 812 sententia
1599 765 1899 811 sanxerunt
1964 756 2070 825 piis
2121 756 2312 810 obser-

732 854 934 916 vanda,
982 852 1113 905 dum
1165 866 1223 905 se
1266 866 1440 919 agone
1499 849 1774 919 spirituali
1842 857 2181 903 exercerent.
2232 848 2313 902 Illi

734 949 882 1001 enim
943 946 1162 1000 eminus
1219 955 1279 999 et
1325 960 1357 999 e
1435 943 1741 1012 longinquo
1816 949 2148 1010 prospectu,
2218 956 2315 1009 per

734 1037 898 1091 ﬁdem
976 1037 1334 1105 contemplati
1404 1035 1834 1105 promissioncs,
1900 1032 2108 1085 nullam
2179 1031 2317 1085 afﬂi-

735 1132 982 1186 ctionum
1012 1128 1388 1184 accessionem
1424 1125 1943 1197 prolixitudiuemvc
1990 1134 2319 1178 recusarunt

735 1220 1001 1291 perferre.
1059 1221 1277 1275 Etenim
1329 1219 1543 1273 lidelem
1593 1231 1714 1271 esse
1766 1230 1893 1269 eum
1939 1214 2314 1278 crediderunt,

737 1312 830 1382 qui
876 1311 1223 1381 repromisit;
1275 1318 1656 1377 exspectantes
1701 1308 1924 1363 interim
1970 1308 2112 1362 diem
2164 1308 2317 1361 illum

736 1403 1012 1457 Dominici
1072 1402 1345 1456 adventus
1410 1402 1613 1471 insigni
1678 1400 1929 1456 claritate
1974 1402 2315 1469 :‘ltBIIISll‘Cln

736 1495 1005 1556 futurum,
1041 1509 1151 1563 quo
1202 1509 1333 1547 suos
1372 1493 1605 1546 famulos
1644 1492 1867 1561 publico
1907 1491 2185 1560 praeconio
2215 1491 2315 1544 de-

739 1585 1052 1639 claraturus
1074 1593 1178 1646 est,
1210 1598 1333 1639 cum
1359 1583 1576 1636 venerit
1614 1581 1671 1634 in
1703 1580 1946 1635 nubibus
1973 1581 2119 1645 cmli,
2151 1582 2318 1650 inque

741 1691 912 1728 unum
943 1690 1075 1729 suos
1105 1673 1424 1744 aggregabit
1462 1682 1706 1736 sanctos,
1749 1672 2015 1726 nimirum
2062 1672 2321 1741 spiritua-

738 1764 820 1819 les
850 1765 1128 1834 agonistas
1158 1774 1215 1820 et
1242 1764 1648 1834 integerrimus.
1677 1764 1911 1817 Necesse
1942 1764 2111 1832 igitur
2144 1771 2227 1817 est
2261 1772 2319 1817 ut

743 1856 1094 1911 deccrtemus
1121 1873 1135 1909 :
1166 1865 1221 1911 et
1252 1856 1476 1925 quidem
1508 1871 1710 1925 corpus
1737 1855 2013 1909 continuae
2037 1855 2320 1923 asperitati

741 1944 1116 2014 objiciendum
1144 1945 1411 1999 adversus
1438 1954 1624 1998 autem
1655 1944 1932 2013 improbas
1964 1945 2323 2014 cogitationes

742 2037 893 2089 unmi
937 2036 1238 2090 securitate
1286 2044 1343 2091 ct
1388 2036 1653 2104 patientia
1714 2036 2145 2105 praemunienda:
2195 2046 2325 2091 sunt

740 2126 960 2180 animm.
985 2125 1211 2196 Oportet
1234 2128 1479 2196 insuper,
1513 2138 1571 2181 ut
1594 2143 1916 2183 accuremus
1948 2128 2323 2183 testimonium

743 2218 1092 2273 conscientia:
1115 2220 1351 2288 propria:
1380 2220 1584 2274 habere
1614 2220 1667 2273 in
1694 2229 1993 2290 conspectu
2019 2220 2136 2275 Dei.
2170 2239 2189 2271 ι
2214 2221 2323 2274 Ex-

743 2320 1019 2379 spcctans,
1065 2329 1083 2361 ›
1131 2313 1301 2371 enim,
1336 2329 1355 2362 ι
1386 2312 1699 2380 exspectavi
1728 2312 2054 2378 Dominum;
2090 2312 2326 2368 intendit

744 2401 963 2455 mihi“.
992 2422 1009 2453 ι
1048 2402 1168 2456 Non
1200 2402 1347 2456 enim
1373 2411 1553 2472 potest
1592 2403 1717 2471 quis
1754 2403 2009 2473 indipisci
2038 2406 2321 2469 virtutem,

744 2493 802 2547 ni
838 2493 989 2561 prius
1038 2494 1162 2562 (pro
1217 2493 1367 2548 illius
1421 2495 1792 2566 assecutione)
1851 2511 1977 2550 cum
2037 2496 2228 2550 labore
2266 2508 2323 2552 et

747 2585 1038 2639 tolerantia
1083 2584 1467 2650 afﬂictionum,
1521 2602 1645 2640 cum
1706 2588 1865 2642 hoste
1910 2589 2322 2657 congrediatnr.

746 2675 823 2729 Ex
858 2676 1095 2731 adverso
1121 2678 1270 2730 enim
1320 2678 1718 2733 obluctandum
1762 2687 1989 2748 peccato
2034 2688 2117 2733 est
2152 2694 2326 2748 usque

746 2768 815 2821 ad
844 2777 1101 2832 mortem,
1149 2777 1207 2823 et
1253 2770 1367 2824 acri
1420 2772 1724 2826 certamine
1758 2784 1920 2841 atque
1952 2769 2328 2825 indesinenter

747 2860 803 2914 in
858 2861 1145 2930 procinctu
1192 2862 1690 2928 consistendum",
1720 2863 1873 2933 juxta
1908 2862 2191 2915 Paulinam
2229 2876 2328 2914 vo-

748 2969 892 3009 cem.
939 2955 1085 3009 Dicit
1133 2956 1370 3024 proinde
1428 2955 1762 3024 Scriptura:
1805 2974 1822 3003 ι
1853 2954 1994 3007 Ante
2048 2952 2326 3006 hominem

748 3047 928 3115 posita
973 3055 1103 3101 sunt
1135 3049 1248 3101 vita
1275 3055 1331 3102 et
1368 3061 1536 3109 mors,
1576 3056 1633 3100 ct
1664 3044 1812 3114 quod
1849 3044 2141 3113 placuerit,
2174 3043 2331 3096 dabi-

2416 570 2694 643 ξάσθησαν
2739 577 2796 629 ἐν
2826 575 2905 645 τῷ
2931 576 3103 645 ἀγῶνι
3133 578 3333 631 αὐτῶν.
3358 578 3652 648 Πόρρωθεν
3681 582 3792 651 γὰρ
3818 584 3934 653 ἐωρ
3975 616 3992 625 -

2414 666 2570 729 κότες
2599 667 2696 731 τὰς
2729 669 3062 737 ἐπαγγελίας
3111 669 3200 723 διᾶ
3250 671 3506 735 πίστεως,
3545 674 3723 742 μῆκος
3762 674 3995 745 θλίψεων,

2416 758 2890 829 ὑπέμειναν,’ἐπε“ι
2916 762 3106 815 πιστὸν
3141 764 3421 833 ἡγήσαντο
3467 765 3557 816 τὸν
3581 768 3963 838 ἐπαγγειλάμε

2416 865 2527 913 νον,
2555 850 2986 921 ἀπεκδεχόμενοι
3017 852 3117 923 τὴν
3147 852 3409 923 λαμπράν
3432 854 3650 926 ἡμέραν
3664 858 3759 910 τοῦ
3794 862 3996 912 Ascuri-

2415 957 2532 1003 του,
2566 943 2624 994 ἐν
2738 943 3008 1006 ἀναδείξει
3042 946 3071 997 ὁ
3092 944 3223 1007 Θεὸς
3246 946 3373 1007 τοὺς
3399 947 3594 1000 ἑαυτοῦ
3635 947 3995 1017 θεράπσντις.

2416 1031 2543 1083 ὅταν
2594 1033 2722 1104 ἔλθῃ
2770 1034 2995 1086 ἐπὶτῶν
3028 1034 3265 1102 νεφελῶν
3292 1038 3385 1086 τοῦ
3418 1035 3676 1105 ούρανοῦ,
3724 1040 3824 1091 καὶ
3873 1056 3995 1092 συν-

2418 1123 2601 1195 αγάγῃ
2628 1124 2754 1186 τοὺς
2792 1124 2968 1187 ὁσίους
2994 1124 3160 1177 αὑτοῦ
3205 1127 3334 1188 τοὺς
3367 1124 3611 1190 τελείους
3655 1131 3990 1197 ἀγωνιστάς.

2418 1213 2539 1284 Χρὴ
2574 1210 2667 1267 οῦν
2698 1216 3091 1285 δοκιμάζεσθαι
3123 1218 3218 1269 καὶ
3264 1218 3560 1287 ὑποφέρειν
3597 1224 3855 1292 συνεχέσι
3905 1224 3996 1293 μὲν

2418 1306 2758 1375 ἀνωμαλίαις
2810 1308 2872 1359 τὸ
2926 1306 3109 1376 σῶμα,
3163 1307 3445 1377 λογισμοῖς
3493 1309 3549 1361 δὲ
3592 1316 3861 1381 πονηροῖς
3906 1314 3999 1375 τὰς

2419 1396 2615 1467 ψυχάς.
2648 1397 2856 1451 Οὐκοῦν
2883 1400 3020 1467 μετά
3054 1398 3235 1467 πάσης
3264 1400 3563 1467 ἀσφαλείας
3588 1403 3683 1455 καὶ
3713 1403 3995 1473 ὑπομονῆς

2421 1492 2525 1561 χρὴ
2553 1491 2612 1543 τὸ
2642 1491 2943 1561 μαρτύριον
2992 1494 3091 1560 τῆς
3133 1492 3495 1562 συνειδήσεως
3522 1496 3680 1564 ήμῶν
3716 1498 3993 1567 κατεργά-

2421 1581 2612 1646 ζεσθαι
2662 1586 2810 1653 ἡμᾶς
2850 1582 3079 1636 ἐνώπιον
3109 1584 3200 1636 τοῦ
3241 1584 3400 1639 Θεοῦ.
3442 1606 3461 1637 ι
3514 1586 3843 1658 ἰ’πομένων
3872 1590 3998 1659 γάρ.

2421 1676 2693 1746 ὑπέμεινα
2720 1678 2814 1730 τὸν
2848 1678 3075 1747 Κύριον,
3117 1678 3214 1731 καὶ
3246 1678 3520 1748 προσέσχε
3550 1697 3660 1749 μοι.
3690 1701 3707 1731 ι
3737 1684 3816 1734 Οὑ
3850 1683 4002 1735 δύνα-

2423 1785 2511 1820 ται
2542 1769 2653 1838 γάρ
2680 1786 2764 1831 τις
2794 1770 3101 1839 κτήσασθαι
3134 1770 3359 1840 ἀρετὴν,
3389 1772 3438 1822 εί
3465 1771 3538 1840 μὴ
3570 1772 3845 1842 πρότερον
3868 1775 4000 1839 ὑπὲι

2425 1861 2593 1930 αὑτῆς
2616 1860 2719 1923 ἓως
2751 1861 2984 1929 αἵματος
3013 1861 3419 1931 παρατάξηται.
3450 1865 3540 1915 Δεῖ
3570 1864 3679 1931 γάρ
3700 1866 3807 1927 ἕως
3844 1866 4003 1919 θανά-

2422 1970 2516 2005 του
2537 1952 3019 2007 ἀντικαθίστασθαι
3037 1954 3173 2022 πρὸς
3186 1953 3285 2023 τήν
3303 1955 3600 2023 ἁμαρτίαν,
3625 1958 4003 2023 ἀγωνιστικῶς

2426 2047 2519 2098 καὶ
2548 2046 2881 2109 ἀνεκλύτως,
2912 2047 3055 2098 κατὰ
3087 2046 3179 2097 τὸν
3223 2045 3525 2099 ἀπόστολον
3566 2048 3805 2102 Παῦλον.
3844 2048 4004 2117 Λέγει

2424 2136 2480 2188 δὲ
2514 2138 2607 2189 καὶ
2636 2138 2668 2207 ή
2698 2138 2911 2207 Γραφή·
2944 2155 2963 2187 ι
3005 2137 3277 2190 Ἐναντίον
3308 2137 3599 2207 ἀνθρώπου
3643 2140 3677 2208 ή
3711 2137 3831 2210 ζωὴ
3860 2142 3954 2193 καὶ
3979 2143 4006 2193 ὁ

2426 2228 2678 2290 θάνατος,
2705 2228 2801 2280 καὶ
2821 2228 2849 2280 ὃ
2882 2227 2975 2280 ἐὰν
2999 2227 3293 2298 εὐδοκήσῃ,
3321 2228 3607 2298 δοθήσεται
3632 2230 3808 2299 αὐτῷ.
3838 2250 3857 2281 ι
3900 2232 4005 2285 Καὶ

2425 2318 2535 2388 γάρ
2568 2320 2833 2388 δεσπότης
2866 2320 2975 2372 τῶν
3020 2320 3210 2373 παθῶν
3248 2321 3470 2388 λέγεται
3527 2317 3667 2375 εἶναι
3719 2325 3747 2375 ὁ
3804 2323 4008 2390 ἀσεὸὴς

2426 2412 2521 2464 καὶ
2551 2410 2816 2481 φρόνιμος
2860 2411 3153 2478 λογισμός·
3191 2410 3281 2463 διὰ
3326 2409 3425 2479 μὲν
3475 2411 3839 2479 σωφροσύνης
3891 2414 4008 2464 ἐπι·

2430 2503 2650 2573 κρατεῖν
2697 2502 3145 2571 γαστριμαργίας
3192 2518 3252 2554 τε
3300 2502 3397 2554 καὶ
3445 2501 3783 2571 ἐπιθυμίαςο
3820 2503 3913 2556 διὰ
3955 2503 4009 2554 δέ

2426 2590 2800 2659 δικαιοσύνης,
2832 2589 3012 2659 πάσης
3057 2588 3258 2651 κακίας
3282 2604 3295 2617 ’
3323 2588 3411 2642 διὰ
3441 2587 3497 2639 δὲ
3531 2587 3809 2657 ἀνδρείας,
3836 2586 4010 2656 θυμοῦ

2428 2685 2522 2737 καὶ
2562 2682 2827 2751 λογισμοῦ
2876 2682 2971 2734 καὶ
3003 2680 3168 2749 φόϐου
3194 2695 3206 2709 ⁸
3241 2680 3336 2732 καὶ
3364 2680 3539 2733 ταῦτα
3575 2680 3673 2749 οὑχ
3701 2679 3846 2731 ὥστε
3876 2678 4013 2731 αὑτά

2429 2777 2756 2836 καταλῦσαι,
2777 2775 2891 2828 ἀλλ’
2926 2774 3062 2827 ὥστε
3091 2774 3273 2834 αὑτοῖς
3310 2772 3384 2840 μὴ
3416 2767 3578 2835 εἶξαι.
3613 2772 3688 2822 Οὑ
3721 2771 3837 2839 γάρ
3863 2773 4013 2840 ἐκρι-

2430 2867 2610 2938 ξωτής
2642 2869 2760 2919 ἐστι
2799 2866 2909 2919 τῶν
2966 2865 3155 2917 παθῶν
3182 2865 3209 2915 ὁ
3248 2862 3530 2931 λογισμὸς,
3559 2860 3676 2913 ἀλλ’
3711 2862 4013 2927 ἀνταγωνι-

2430 2959 2583 3027 στής.
2610 2958 2833 3026 Διόπερ,
2864 2956 3046 3023 φησὶν,
3077 2955 3375 3025 ἐπιθυμίαν
3398 2954 3482 3017 τὶς
3510 2954 3667 3022 ὑμῶν
3694 2953 3756 3006 οὑ
3787 2953 4014 3006 δύναται

2432 3045 2684 3113 ἐκκόψαι,
2717 3043 2854 3097 ἀλλά
2885 3044 2958 3113 μὴ
2990 3042 3320 3112 δουλωθῆναι
3354 3046 3422 3113 τῇ
3474 3042 3741 3111 ἐπιθυμία
3792 3043 4013 3096 δύναται

750 3147 842 3194 tur
866 3139 917 3192 ei
940 3139 1006 3191 ⁸⁸.
1037 3158 1057 3189 ι
1090 3137 1197 3192 Sed
1226 3138 1373 3191 enim
1412 3136 1620 3205 1151
1673 3136 1762 3206 pia
1806 3150 1871 3190 ac
1900 3135 2146 3205 prudens
2175 3136 2327 3205 cogi-

2432 3138 2461 3189 ὁ
2490 3137 2749 3204 λογισμὸς
2777 3133 3183 3206 παρασχέσθαι.
3217 3133 3419 3186 Πολλοῦ
3459 3128 3553 3185 οὖν
3590 3133 3807 3201 ἀγῶνος
3834 3134 4013 3204 χρεία,

750 3229 907 3291 latio,
932 3229 1154 3283 domina
1186 3229 1456 3282 astruitur
1500 3241 1621 3281 esse
1668 3226 2021 3281 ali‘ectionum
2052 3242 2064 3277 :
2092 3241 2188 3294 per
2209 3225 2326 3278 fru-

750 3318 1033 3388 galitatem
1072 3318 1221 3371 enim
1255 3318 1385 3370 vita:
1431 3316 1546 3370 sive
1593 3314 2022 3384 temperantiam
2067 3313 2331 3367 adversus

716 3409 964 3469 ventris
1013 3408 1316 3479 ingluviem
1362 3407 1623 3476 pravalet
1679 3417 1736 3459 et
1784 3406 2327 3476 concupiscentiam:

747 3501 963 3569 justitia
994 3508 1179 3556 autem
1230 3500 1454 3565 comite,
1506 3498 1772 3552 malitiam
1824 3514 2044 3553 omnem
2102 3498 2329 3568 subigit,

756 3592 927 3646 vincit
944 3606 1077 3646 vero
1096 3590 1423 3646 fortitudine
1452 3588 1891 3653 iracundiam,at
1916 3589 2168 3658 prudenti
2202 3606 2332 3644 eon-

752 3682 1087 3737 sideratione
1119 3682 1436 3751 suppeditat
1458 3682 1713 3735 timorem
1742 3691 1800 3735 et
1830 3680 2077 3734 excludit
2110 3700 2123 3733 :
2163 3681 2331 3751 idque

756 3791 865 3829 non
898 3774 1047 3844 quod
1081 3782 1287 3829 asserat
1322 3789 1416 3828 eas
1445 3773 1613 3827 animi
1673 3772 1994 3827 affectiones
2021 3773 2073 3826 vi
2115 3774 2329 3833 illarum

754 3869 1021 3923 virtutum
1062 3883 1293 3937 prorsus
1333 3865 1623 3929 exinaniri,
1659 3866 1792 3934 quin
1840 3866 2026 3935 potius
2078 3867 2333 3921 mistione

753 3960 989 4029 quadam
1055 3973 1178 4013 esse
1234 3957 1471 4011 invicem
1531 3956 1879 4024 conjunctas.
1944 3956 2135 4024 Neque
2183 3958 2332 4011 enim

754 4050 1124 4105 consideratio
1178 4031 1295 4102 sive
1348 4047 1701 4101 ratiocinatio
1738 4046 2102 4115 quantalibet,
2159 4049 2333 4117 possit

755 4142 823 4195 ab
850 4142 1035 4196 radice
1074 4141 1385 4195 convellere
1437 4154 1657 4193 omnem
1702 4139 2019 4208 passionum
2066 4139 2334 4210 intempe-

756 4230 914 4293 riem,
940 4230 1035 4285 sed
1063 4232 1119 4285 in
1150 4231 1255 4284 hoc
1297 4230 1514 4284 indulta
1546 4228 1757 4283 homini
1784 4240 1891 4293 est,
1922 4240 1980 4284 ut
2018 4231 2150 4300 ipsis
2174 4232 2334 4285 oblu-

755 4331 935 4376 ctetur
950 4337 1012 4376 ac
1029 4320 1363 4392 repugneti.
1396 4320 1478 4376 Ob
1513 4322 1619 4375 hoc
1648 4322 1727 4376 ait
1759 4320 1982 4390 quidem
2013 4338 2026 4376 :
2052 4322 2331 4392 Concupi-

756 4413 1021 4466 scentiam
1051 4428 1212 4467 nemo
1236 4421 1480 4467 vestrum
1528 4424 1756 4481 prorsus
1779 4413 2083 4482 exstirpare
2108 4424 2289 4484 potest
2314 4432 2327 4467 ι

756 4503 853 4558 sed
881 4503 1055 4572 quid?
1083 4503 1154 4558 Ut
1175 4519 1243 4557 ne
1269 4502 1731 4572 concupiscentia:
1755 4502 2051 4569 serviatur,
2080 4504 2187 4558 hoc
2213 4504 2332 4576 ipso
2364 4484 2410 4541 θ

762 4608 1021 4667 praestare
1062 4608 1243 4667 potest
1289 4598 1682 4653 consideratio.
1734 4598 1876 4654 Sane
1905 4615 2015 4653 non
2065 4600 2331 4657 mediocri

758 4702 900 4756 opus
921 4678 1117 4757 agone,
1144 4696 1205 4743 ut
1232 4704 1423 4743 revera
1456 4699 1513 4744 et
1532 4688 1828 4744 eilicaciter
1855 4690 2039 4744 dicere
2063 4692 2336 4761 possimus

758 4791 884 4829 cum
932 4777 1151 4831 Paulo:
1189 4797 1207 4827 ι
1236 4776 1448 4831 Bonum
1498 4786 1779 4831 certamen
1836 4780 2062 4843 certavi,
2114 4795 2336 4835 cursum

758 4868 1156 4932 consummavi,
1216 4866 1379 4921 ﬁdem
1436 4866 1771 4923 servavi:in
1836 4868 2109 4937 reliquum
2178 4886 2340 4939 repo-

760 4957 865 5011 sita
913 4965 999 5011 est
1050 4958 1185 5012 mihi
1237 4973 1440 5013 corona
1494 4958 1803 5028 justitize”.
1834 4977 1853 5010 ι
1902 4959 2048 5014 idem
2099 4975 2200 5014 nos
2267 4961 2335 5015 ad

759 5048 996 5117 exempli
1051 5050 1248 5104 similis
1294 5049 1654 5103 imitationem
1722 5064 2026 5114 exercens,
2077 5051 2331 5107 diccbat:

769 5159 787 5189 ι
823 5138 925 5205 0ιί
974 5140 1030 5195 in
1098 5157 1272 5211 agone
1322 5142 1626 5207 contendit,
1658 5158 1768 5197 non
1818 5144 2175 5198 coronabitur
2229 5146 2337 5198 nisi

764 5233 1005 5302 legitime
1025 5234 1395 5287 deeertaverit
1416 5235 1482 5288 '°.
1517 5254 1534 5283 ι
1568 5234 1771 5289 lterum
1803 5252 1816 5287 :
1852 5254 1870 5286 ι
1900 5234 2161 5296 Nescitis,
2188 5237 2336 5304 quod

762 5325 858 5392 qui
893 5326 949 5379 in
983 5326 1161 5379 stadio
1191 5335 1445 5389 currunt,
1479 5340 1671 5381 omnes
1703 5326 1928 5395 quidem
1953 5336 2207 5386 currunt.
2239 5329 2335 5383 sed

766 5431 907 5469 unus
932 5415 1134 5485 accipit
1184 5417 1469 5471 braviuml
1506 5416 1587 5472 sic
1619 5418 1850 5481 currite,
1878 5425 1940 5471 ut
1971 5418 2336 5487 comprehen-

833 5548 877 5576 ’³⁸
902 5547 1042 5601 l’sal.
1078 5562 1259 5611 xxxrx,
1291 5547 1344 5601 2.

1424 5548 1467 5579 ⁸⁷
1488 5547 1690 5617 Ephes.
1720 5564 1790 5611 γι,
1822 5547 1906 5600 12.
1984 5548 2028 5578 °"
2055 5548 2212 5601 Deut.
2251 5566 2375 5616 xxx,
2408 5552 2491 5607 i9.

2435 3229 2521 3281 ενα
2563 3228 2656 3280 καὶ
2702 3228 2864 3295 ἡμεῖς
2914 3226 3010 3278 σὺν
3064 3225 3143 3294 τῷ
3201 3224 3401 3293 Παύλῳ
3450 3224 3690 3292 ἐνεργῶς
3741 3224 4013 3295 εἴπωμεν,

2439 3336 2459 3370 ι
2482 3318 2585 3371 Τὸν
2619 3318 2806 3385 ἀγῶνα
2843 3316 2933 3370 τὸν
2966 3315 3129 3369 καλὸν
3161 3315 3494 3385 ἠγώνισμαι,
3546 3316 3634 3367 τὸν
3680 3315 3889 3384 δρόμον
3934 3333 4014 3367 τε.

2431 3411 2652 3475 τέλεκα,
2684 3411 2784 3480 τὴν
2818 3411 3007 3463 πίστιν
3047 3410 3352 3479 τετήρηκα,
3376 3406 3564 3460 λοιπὸν
3595 3409 3897 3461 ἀπόκειταί
3930 3426 4015 3478 μο.

2432 3504 2461 3556 ό
2493 3503 2592 3573 τῆς
2634 3502 2980 3570 δικαιοσύνης
3019 3501 3304 3568 στέφανος.
3329 3517 3347 3549 ι
3396 3498 3745 3566 Ἐπαλείφων
3804 3498 3867 3551 δὲ
3925 3500 4016 3551 καὶ

2431 3597 2585 3665 ἡμᾶς
2616 3593 2753 3664 πρὸς
2784 3592 2875 3645 τὸν
2920 3592 3108 3662 ὅμοιον
3138 3590 3321 3661 ζῆλον,
3354 3591 3538 3658 ἔλεγεν
3564 3607 3578 3621 ’
3616 3610 3634 3641 ι
3669 3591 3799 3643 Ἐἀν
3840 3591 3902 3645 δὲ
3928 3593 4016 3643 καί

2433 3686 2566 3757 ἀθλῇ
2594 3704 2697 3752 τις,
2722 3687 2781 3738 οὑ
2812 3683 3189 3752 στεφανοῦται,
3222 3684 3315 3736 ἐὰν
3345 3685 3421 3753 μὴ
3454 3686 3700 3753 νομίμως
3728 3684 3972 3755 ἀθλήσῃ.
3998 3706 4014 3734 ›

2434 3780 2545 3831 Καὶ
2573 3777 2759 3830 πάλιν⁸
2790 3794 2807 3827 ι
2830 3776 2946 3828 Οὐκ
2978 3775 3179 3836 οἴδατε,
3233 3774 3317 3826 ὅτι
3363 3775 3421 3827 ἐν
3467 3775 3666 3843 σταδίῳ
3702 3774 4016 3844 τρέχοντες,

2435 3870 2634 3932 πάντες
2663 3870 2760 3938 μὲν
2784 3867 3097 3937 τρέχουσιν,
3132 3860 3211 3928 εἷς
3234 3865 3291 3917 δὲ
3332 3864 3599 3934 λαμϐάνει
3631 3865 3689 3918 τὸ
3722 3866 4017 3935 βραδεῖονς

2432 3961 2577 4016 οὕτω
2623 3959 2869 4029 τρέχετε,
2909 3960 2996 4011 ἵνα
3043 3955 3411 4026 καταλάϐητε.
3459 3956 3599 4024 Ἐγὼ
3626 3958 3816 4009 τοίνυν
3846 3958 4019 4020 οὕτως

2432 4051 2613 4121 τρέχω
2638 4049 2711 4111 ὡς
2741 4050 2841 4101 οὑκ
2878 4048 3112 4117 ἀδήλως,
3143 4045 3317 4107 οὑτως
3343 4045 3619 4109 πυκτεύω,
3647 4046 3724 4108 ὼς
3748 4047 3855 4099 οὑκ
3888 4048 4020 4115 ἀέρα

2433 4141 2605 4211 δέρων
2626 4157 2638 4169 ·
2680 4139 2793 4193 ἀλλ’
2824 4136 3132 4200 ὑπωπιάζω
3182 4152 3283 4204 μου
3317 4134 3378 4187 τὸ
3420 4135 3583 4205 σῶμα
3615 4137 3711 4188 καὶ
3742 4136 4020 4205 δουλαγωο

2432 4236 2537 4302 γῶ,
2575 4234 2770 4305 μήπως
2806 4231 2987 4293 ἀλλοις
3036 4228 3303 4299 κηρύξας,
3358 4228 3519 4290 αὐτὸς
3561 4228 3827 4297 ἀδόκιμος
3857 4231 4021 4299 γένω-

2438 4343 2558 4396 μαι.
2589 4342 2608 4376 ι
2656 4322 2993 4377 Ἐπιστέλλει
3015 4320 3072 4373 δέ
3110 4319 3207 4372 καὶ
3241 4319 3646 4389 Φιλιππησίοις·
3678 4338 3697 4371 ι
3723 4321 3832 4374 Τὸν
3865 4322 4020 4376 αὑτὸν

2439 4415 2627 4484 ἀγῶνα
2656 4414 2714 4465 ὃν
2746 4413 2883 4463 ίδετε
2913 4410 3009 4463 καλ⁵
3037 4408 3267 4480 ἐμάθετε
3300 4411 3357 4462 ἐν
3382 4411 3525 4479 ἐμοὶ,
3562 4411 3657 4462 καὶ
3688 4409 3787 4463 νῦν
3831 4412 4019 4465 ἀκούε-

2438 4522 2519 4558 τε.
2546 4523 2565 4555 ι
2600 4504 2727 4565 Τοῖς
2756 4502 2813 4554 δὲ
2852 4499 3124 4570 Ἑϐραίοις
3149 4499 3334 4569 φησίν·
3366 4519 3385 4550 ι
3416 4499 3583 4553 Οὔπω
3611 4500 3809 4571 μέχρις
3856 4504 4019 4573 αἷμα-

2443 4615 2533 4660 τος
2566 4592 3009 4657 ἀντικατέστητε,
3043 4589 3176 4660 πρὸς
3206 4588 3303 4659 τὴν
3334 4589 3610 4658 ἁμαρτίαν
3651 4592 4019 4657 ἀνταγωνιςὸ-

2441 4703 2627 4759 μενοι·
2667 4683 2762 4737 καὶ
2793 4678 3090 4749 ἐκλέλησθε
3146 4680 3242 4747 τῆς
3293 4679 3694 4750 παρακλήσεως
3737 4679 3869 4747 ἥτις
3901 4682 4018 4749 ὑμῖν

2438 4782 2511 4844 ὡς
2558 4779 2693 4841 υἱοῖς
2748 4773 3085 4842 διαλέγεται·
3116 4771 3234 4834 Υίέ,
3268 4772 3456 4839 φησὶν,
3489 4776 3567 4841 μὴ
3591 4772 3856 4843 ὀλιγώρει
3905 4791 4021 4826 παι.

2438 4873 2590 4934 δείας
2637 4866 2866 4935 Κυρίου,
2908 4864 3043 4934 μηδὲ
3074 4863 3268 4917 ἐκλύου
3314 4863 3408 4916 ὑπ’
3436 4862 3606 4917 αὑτοῦ
3635 4865 4015 4935 ἐλεγχόμενος.

2448 4964 2547 5017 ’ον
2570 4961 2679 5031 γάρ
2701 4958 2889 5027 ἀγαπᾷ
2918 4955 3143 5026 Κύριος,
3173 4954 3438 5018 παιδεύει,
3474 4958 3736 5025 μαστιγοῖ
3766 4956 3827 5010 δὲ
3849 4957 4019 5009 πάντα

2445 5056 2572 5109 Υίδν
2634 5053 2693 5106 ὂν
2744 5049 3139 5121 παραδέχεται.
3170 5066 3189 5099 ι
3259 5047 3489 5110 ’Ἄλλους
3537 5048 3595 5101 δὲ
3652 5048 4019 5117 ἐγκωμιάζων

2437 5149 2606 5216 λέγει·
2642 5166 2660 5198 ι
2691 5145 2859 5198 Ὥστε
2889 5145 3038 5212 ἡμᾶς
3074 5141 3385 5211 καυχᾶσθαι
3420 5141 3561 5212 ὑπέρ
3610 5142 3709 5210 τῆς
3742 5141 4017 5210 ὑπομονῆς

2438 5240 2615 5309 ὑμῶν,
2648 5236 2744 5290 καλ⁵
2787 5236 3023 5298 πίστεως
3054 5236 3111 5285 ἐν
3139 5234 3272 5287 πᾶσι
3301 5236 3415 5297 τοῖς
3448 5233 3710 5302 διωγμοῖς
3747 5234 3911 5303 ὑμῶν
3936 5236 4019 5285 κεί

2438 5333 2708 5401 θλίψεσιν,
2728 5324 2816 5392 αἶς
2839 5328 3122 5397 ἀνέχεσθε,
3153 5327 3410 5397 ἔνδειγμα
3429 5328 3526 5397 τῆς
3551 5327 3771 5392 δικαίας
3795 5328 4019 5396 κρίσεως

2436 5425 2531 5478 τοῦ
2565 5422 2726 5488 Θεοῦ,
2758 5420 2900 5492 ὑπὲρ
2926 5414 2993 5492 ἧς
3025 5422 3121 5473 καὶ
3156 5420 3420 5489 πάσχετε.
3456 5419 3610 5473 Ὅσοι
3641 5421 3757 5491 γάρ
3785 5421 4017 5475 θέλουσι-δ

2570 5555 2614 5585 ⁸9
2639 5553 2681 5607 ll
2718 5552 2858 5606 Tim.
2906 5568 2976 5608 iv.
3010 5553 3062 5611 7,
3095 5550 3145 5603 8.
3226 5552 3270 5584 ⁷⁸
3300 5551 3343 5606 ΙΙ
3379 5552 3521 5607 Tim.
3562 5569 3621 5617 II,
3647 5553 3699 5608 5.

2033 5672 2262 5729 VARUE
2312 5672 2712 5729 LECTIONES.

841 5779 853 5815 ι
896 5765 1032 5821 Nota
1061 5767 1205 5822 hune
1241 5783 1346 5821 non
1382 5766 1519 5821 tueri
1551 5765 1990 5821 immobilitalrm
2023 5780 2149 5833 erga
2174 5765 2478 5835 passiones.
