4178 6436
237 407 376 471 1673

1238 409 1563 470 llllMllJA
1609 412 1837 470 LXXX.
1868 438 1934 446 -
1973 415 2066 472 DE
2101 412 2549 473 COXCORDIA.

3369 404 3504 472 1674

228 512 475 574 εὐσεϐῶς
500 513 598 581 ζῇν
614 514 673 565 ἐν
701 512 942 583 Χριστῷ,
966 512 1377 581 διωχθήσονται.
1414 534 1432 565 ι
1467 517 1524 566 ’0
1554 516 1611 568 δὲ
1641 514 1822 568 Ἰωάν-

1934 519 2071 574 Llatis
2095 521 2176 586 τί,
2229 536 2329 590 ego
2374 519 2540 590 igitur
2567 518 2645 573 sic
2675 529 2863 579 curro,
2896 530 3005 569 non
3044 514 3199 585 quasi
3235 514 3289 569 in
3321 514 3502 570 incer-

227 618 347 667 νης,
383 620 401 651 ι
426 600 517 670 Μὴ
552 600 884 669 θαυμάζετε,
919 600 1106 669 φησὶν,
1138 600 1378 667 ἀδελφοὶ,
1414 605 1461 656 εἰ
1492 604 1645 671 μισεῖ
1674 603 1820 671 ὑμᾶς

225 694 254 743 6
288 690 527 761 κόσμος’
563 693 727 761 ἡμεῖς
754 693 978 759 οἴδαμεν
1008 693 1092 744 ὃτι
1128 692 1588 764 μεταϐεϐήκαμεν
1630 696 1695 746 ἐκ
1722 692 1819 746 τοῦ

228 782 469 835 θανάτου
523 785 602 845 εἰς
641 784 738 853 τὴν
764 782 932 853 ζωήν.
964 801 982 833 ι
1023 784 1134 835 Καὶ
1173 784 1201 834 6
1238 784 1440 853 Κύριος
1472 800 1486 814 °
1527 802 1545 835 ι
1598 784 1822 852 Ἀγωνί-

227 856 395 935 ζεσθε
438 873 704 926 εἰσελθεῖν
736 873 824 925 διὰ
865 874 965 943 τῆς
1018 874 1208 940 στενῆς
1239 874 1436 945 πύλης,
1469 877 1549 929 ὅτι
1587 877 1820 931 πλατεῖα

229 966 265 1035 ἠ
289 964 437 1034 πύλη
470 967 563 1018 καὶ
608 965 920 1036 εὐρύχωρος
960 970 992 1037 ἡ
1039 967 1157 1029 ὁδὸς
1199 969 1232 1035 ἡ
1270 969 1563 1035 ἀπάγουσα
1612 970 1692 1032 είς
1722 970 1823 1040 τὴν

228 1058 545 1110 ἀπιὶιλειαν·
582 1060 675 1110 καὶ
718 1058 902 1110 πολλοί
962 1061 1102 1110 εἰσιν
1155 1062 1203 1111 οἰ
1257 1062 1703 1129 εἰσπορευόμενοι
1760 1060 1829 1113 δι’

1919 621 2069 673 tum;
2108 612 2188 665 sic
2228 628 2430 682 pugno,
2467 626 2576 665 non
2606 610 2764 679 quasi
2820 621 3006 662 aerem
3034 606 3373 671 verberans;
3406 605 3503 661 sed

1918 700 2128 770 castigo
2155 714 2360 769 corpus
2390 714 2573 754 meum
2611 708 2669 752 ct
2721 698 2776 752 in
2832 695 3160 751 servitutem
3191 694 3401 764 redigo,
3436 706 3504 746 ne

1918 790 2062 844 forte
2111 804 2239 843 cum
2292 789 2420 843 aliis
2464 788 2899 859 praedicaverim,
2945 783 3063 856 ipse
3098 784 3367 855 reprobus
3392 783 3507 839 clli-

1919 879 2127 933 ciar".
2161 896 2180 930 ι
2235 878 2317 932 Ad
2366 878 2751 947 l’hilippenses
2801 885 2987 931 autem
3050 890 3149 944 per
3205 872 3505 942 Epistolam

1920 970 2060 1024 dicit
2090 986 2104 1022 :
2138 988 2155 1019 ι
2177 968 2469 1023 Certamen
2501 967 2644 1036 quod
2678 967 2897 1022 vidistis
2928 975 2985 1021 et
3006 965 3283 1020 didicistis
3313 964 3367 1017 in
3396 977 3503 1027 me,

1921 1072 1978 1116 et
2008 1078 2158 1116 nunc
2196 1060 2489 1115 auditis".
2512 1079 2531 1110 ι
2576 1059 2655 1113 Ad
2708 1059 2971 1115 llchrazos
3006 1072 3271 1130 quoque:
3310 1075 3329 1108 ι
3354 1056 3509 1111 Νοιι-

227 1150 428 1219 αὐτῆς,
458 1151 540 1202 ὃτι
574 1150 731 1219 στενὴ
760 1153 792 1219 ἡ
838 1151 984 1219 πύλη
1038 1152 1131 1203 καὶ
1174 1151 1511 1223 τεθλιμμένη
1552 1153 1585 1220 ἡ
1626 1152 1743 1214 ὁδὸς
1792 1155 1824 1223 ἡ

1934 1153 2055 1206 ilum
2097 1170 2272 1223 usque
2301 1153 2369 1208 ad
2402 1152 2729 1222 sanguinem
2763 1153 3047 1207 restitistis
3077 1151 3345 1206 adversus
3383 1163 3511 1218 pec-

230 1244 531 1307 ἀπάγουσα
587 1245 668 1306 εἰς
720 1243 818 1311 τὴν
858 1242 1026 1312 ζωὴν,
1054 1261 1071 1291 ι
1250 1242 1617 1313 ἀξιωθείημεν
1647 1244 1831 1313 χάριτι

1934 1255 2108 1298 catum
2160 1254 2552 1314 repugnantes,
2610 1253 2668 1298 et
2710 1242 2869 1297 obliti
2917 1243 3053 1298 estis
3109 1240 3511 1296 consolationis

233 1336 483 1403 Χριστοῦ
526 1334 619 1388 τοῦ
667 1334 854 1406 Θεοῦ]
887 1335 1046 1405 Λύτῷ
1075 1338 1108 1404 ἡ
1139 1335 1267 1401 δόξα
1314 1338 1394 1398 εἰς
1434 1336 1561 1397 τοὺς
1601 1335 1827 1398 αἰῶνας.

1934 1351 2050 1405 qua:
2094 1336 2254 1389 vobis
2300 1345 2559 1405 tanquam
2606 1333 2736 1388 ﬁliis
2790 1334 3233 1404 loquiturzFili,
3265 1334 3364 1395 ait,
3396 1330 3512 1385 noli

241 1425 446 1496 Ἀμήν.
1928 1426 2205 1495 negligere
2234 1423 2582 1494 disciplinam
2618 1423 2857 1488 Domini,
2892 1439 3071 1521 neque
3098 1422 3347 1491 fatigcris
3380 1423 3510 1521 dum

231 1518 305 1572 ab
359 1536 428 1573 co
484 1519 733 1586 argueris
788 1533 998 1587 :quem
1036 1519 1185 1573 enim
1255 1521 1433 1588 diligit
1481 1519 1769 1581 Dominus,
1819 1519 2050 1587 castigat
2080 1535 2092 1570 :
2127 1517 2365 1586 ﬂagellat
2428 1526 2613 1572 autem
2681 1532 2899 1570 onmem
2942 1516 3115 1570 lilium
3160 1529 3324 1584 quem
3384 1516 3515 1568 rcci'

234 1612 410 1679 pit".
442 1631 461 1663 ο
538 1610 692 1665 Alios
741 1613 869 1665 item
926 1629 1033 1665 non
1084 1614 1349 1667 mediocri
1423 1614 1583 1666 laude
1630 1614 2048 1676 commendans,
2115 1612 2236 1664 ait:
2301 1631 2319 1662 ‹
2356 1612 2433 1665 lta
2485 1620 2546 1664 ut
2600 1625 2703 1664 nos
2748 1610 3052 1679 gloriemur
3095 1624 3199 1680 pro
3245 1605 3512 1678 patientia

233 1712 424 1757 vestra
463 1712 520 1757 et
558 1703 664 1757 lidc
696 1707 752 1757 in
789 1704 1049 1758 onmilms
1122 1705 1609 1773 persecutionilms
1661 1705 1866 1758 vestris
1903 1715 1959 1757 et
2027 1702 2500 1765 tribulationibus,
2560 1715 2697 1770 quas
2762 1701 3049 1799 sustinetis
3101 1700 3156 1753 in
3200 1697 3511 1799 exemplum

231 1793 376 1862 justi
422 1793 621 1862 judieii
684 1794 804 1855 Dei,
835 1810 933 1863 pro
967 1810 1074 1862 qua
1127 1802 1185 1848 ct
1220 1795 1472 1864 patimini
1522 1797 1608 1861 '5;
1642 1796 1964 1864 quicunque
2028 1794 2179 1847 enim
2212 1793 2408 1847 volunt
2470 1792 2558 1862 pic
2602 1792 2788 1846 vivere
2821 1792 2876 1845 in
2907 1790 3152 1853 Christo,
3181 1790 3510 1891 persecutio-

237 1901 367 1940 nem
422 1886 701 1954 patientur
729 1887 840 1937 ⁷⁸.»
893 1885 1133 1939 Joannes
1201 1896 1385 1939 autem
1427 1888 1503 1939 ait
1546 1905 1555 1938 :
1597 1887 1818 1939 (Nolite
1859 1885 2049 1939 mirari
2117 1883 2362 1953 (fratres)
2413 1884 2455 1937 si
2497 1882 2614 1937 odit
2668 1898 2766 1937 vos
2823 1882 3085 1946 mundus,
3155 1896 3256 1935 nos
3308 1882 3514 1933 scimus

235 1978 374 2048 quia
414 1979 667 2031 translati
710 1992 901 2030 sumus
949 1976 1016 2030 de
1068 1987 1242 2031 morte
1278 1979 1345 2032 ad
1415 1979 1586 2031 vitam
1643 1979 1709 2029 ⁷⁷.
1744 1997 1760 2026 ι
1841 1977 2110 2031 Dominus
2154 1992 2285 2030 vero
2323 1994 2335 2028 :
2377 1996 2393 2026 ι
2421 1974 2756 2030 Contendite
2810 1975 3021 2028 intrare
3071 1988 3172 2043 per
3226 1978 3515 2041 angustam

235 2078 482 2137 portam,
511 2069 640 2137 quia
668 2069 775 2123 lata
799 2077 881 2122 est
907 2077 1061 2137 porta
1100 2077 1157 2122 ct
1181 2071 1419 2137 spatiosa
1462 2070 1547 2124 via
1616 2086 1736 2139 quze
1768 2070 1922 2124 ducit
1959 2070 2025 2123 ad
2100 2071 2493 2139 perditionem,
2554 2077 2611 2121 et
2646 2068 2805 2121 multi
2847 2075 2976 2121 sunt
3022 2066 3116 2136 qui
3175 2065 3384 2120 vadunt
3413 2080 3514 2134 per

235 2182 364 2219 cam
400 2182 606 2235 :qnam
654 2176 883 2236 angusta
931 2184 1064 2223 vero
1109 2176 1288 2237 porta,
1359 2173 1417 2218 ct
1486 2174 1635 2220 arcta
1684 2175 1765 2219 est
1804 2166 1889 2219 via
1933 2181 2054 2233 quae
2106 2164 2259 2217 ducit
2306 2162 2374 2216 ad
2424 2162 2593 2217 vitam
2618 2162 2681 2216 ⁷⁸.
2722 2182 2739 2213 ι
2784 2161 2888 2232 Ipsi
2958 2160 3134 2231 gloria
3190 2158 3244 2214 in
3292 2158 3511 2214 stncula.

236 2265 436 2314 Amen.

870 2395 1090 2447 ΛΟΓΟΣ
1122 2396 1202 2448 Il'.

810 2520 946 2589 Περὶ
975 2523 1275 2589 ὁμονοίας.

312 2649 700 2703 Εὑαπόδεκτον
746 2650 866 2721 ϐεῴ
920 2651 1021 2720 τῆς
1063 2650 1315 2713 ὲνώσεως
1361 2652 1458 2720 τῆς
1508 2651 1832 2721 Ἐκκλησίας

238 2741 587 2813 φροντίζειν,
631 2737 701 2814 ἧς
728 2743 885 2795 οὐδὲν
910 2742 1134 2812 ἄμεινον
1162 2745 1219 2794 ὲν
1249 2743 1579 2813 ἀνθρώποις.
1613 2747 1722 2797 Καὶ
1750 2745 1830 2807 τὸ,

239 2834 454 2895 πάντας
486 2832 816 2902 βαστάζειν,
853 2833 929 2895 ὼς
957 2832 1052 2886 καὶ
1082 2834 1229 2902 ἡμᾶς
1258 2833 1286 2884 6
1315 2831 1541 2904 Κύριος,
1575 2834 1670 2887 καὶ
1698 2834 1833 2886 πάν-

236 2941 350 2977 των
380 2925 673 2994 ἀνέχεσθαι
708 2926 764 2977 ἐν
796 2925 1007 2996 ἀγάπῃ.
1062 2926 1173 2976 Καὶ
1213 2924 1274 2976 οῦ
1306 2924 1413 2994 χρὴ
1442 2924 1647 2994 εὐλόγῳ
1674 2925 1832 2994 δῆθεν

239 3016 555 3085 προφάσει,
611 3016 698 3067 ἵνα
745 3015 821 3085 μὴ
856 3014 1026 3079 εἴπω,
1063 3014 1161 3067 καὶ
1192 3016 1313 3068 λίαν
1342 3015 1544 3085 ἀλόγῳ,
1576 3016 1831 3085 ἀποσπᾷν

236 3107 473 3169 ἑαυτοὺς
508 3106 602 3158 τοῦ
642 3104 894 3176 σώματος
934 3107 1033 3177 τῆς
1072 3106 1419 3175 Ἐκκλησίας,
1457 3107 1552 3157 καὶ
1584 3106 1831 3173 ἱδιάζειν,

239 3196 358 3249 ἀλλ’
388 3197 482 3250 ἐπὶ
511 3196 572 3249 τὸ
597 3196 734 3250 αὐτὸ
768 3196 866 3266 μία
893 3196 1194 3265 προσευχὴ,
1228 3196 1329 3265 μία
1351 3196 1558 3265 δέησις,
1581 3191 1662 3259 εἷς
1688 3196 1832 3263 νοῦς,

244 3288 344 3357 μία
371 3288 547 3350 ἐλπὶς,
584 3290 642 3340 ὲν
670 3288 883 3358 ἀγάπῃ,
916 3288 973 3339 ὲν
1002 3289 1066 3357 τῇ
1098 3287 1243 3357 χαρᾷ
1273 3288 1339 3355 τῇ
1368 3285 1606 3357 ἀμώμῳ,
1629 3288 1656 3339 ὅ
1685 3288 1835 3341 ἐστιν

253 3375 469 3444 Ἰησοῦς
494 3376 751 3447 Χριστὸς,
787 3372 847 3431 οὗ
877 3377 1030 3429 οὐδὲν
1057 3376 1481 3449 θυμηδέστερον.
1509 3380 1715 3444 Πάντες
1739 3381 1834 3433 οὖν

239 3467 536 3538 ὀφείλομεν
586 3468 901 3538 συντρέχειν
937 3468 1014 3531 ὠς
1046 3469 1140 3521 ἐπὶ
1172 3469 1232 3522 ἓν
1262 3468 1681 3542 Θυσιαστήριον,
1734 3473 1832 3542 μία

239 3556 430 3625 ψυχὴ,
498 3556 604 3608 κᾶν
662 3558 720 3609 ἐν
771 3555 988 3613 πολλοῖς
1045 3559 1158 3620 τοῖς
1210 3557 1430 3626 μέλεσιν
1485 3559 1584 3628 μία
1636 3560 1829 3630 γνώμη

240 3646 326 3698 ἑνὶ
355 3644 663 3714 θελήματι,
712 3645 787 3707 ὡς
822 3645 881 3697 ἓν
914 3646 1072 3716 σῶμα
1098 3647 1459 3717 ὑπάρχοντες.
1486 3649 1698 3718 Ὥσπερ
1724 3649 1834 3719 γὰρ

243 3736 455 3806 σμῆνος
487 3735 758 3806 μελισσῶν
786 3737 1083 3806 ἐργάζεται
1117 3739 1341 3807 κηρίον,
1376 3738 1549 3801 οὕτως
1581 3740 1836 3810 σύστημα

240 3825 492 3894 ἀδελφῶν
526 3825 805 3895 βασιλείαν
832 3827 969 3879 Θεοῦ
986 3843 1001 3858 ·
1040 3829 1137 3880 καὶ
1163 3830 1355 3898 ὥσπερ
1384 3831 1619 3897 σάλπιγξ
1638 3832 1833 3899 διεγείι

244 3933 331 3987 ρει
361 3916 676 3988 προθυμίαν
706 3918 1074 3987 πολεμιστῶν,
1109 3919 1284 3984 οὕτως
1319 3922 1577 3992 μαθητῶν
1608 3924 1831 3993 σπουδὴ,

239 4007 565 4061 διδασκαλία
583 4008 895 4077 πρακτικῆς
913 4010 1140 4081 ἀρετῆς.
1159 4010 1215 4064 Ὀ
1234 4012 1341 4082 γὰρ
1357 4013 1601 4082 χωρίζων
1619 4014 1830 4079 ἑαυτὸν,

240 4096 424 4150 ἔοικεν
452 4096 628 4167 ὀρνέῳ
653 4098 1046 4152 ὲκπετασθέντι
1081 4101 1179 4171 τῆς
1216 4101 1351 4165 ἰδίας
1376 4105 1593 4166 νοσσιᾶς
1625 4105 1718 4157 καὶ
1743 4104 1833 4156 τό-

239 4202 346 4240 πον
369 4190 434 4240 ὲκ
452 4188 621 4240 τόπου
646 4188 1136 4261 ἀμείϐοντι.⁴’οπερ
1159 4191 1607 4246 εὐεπιϐούλευτον
1625 4192 1834 4261 γίνεται

240 4276 413 4329 παντὶ
463 4277 643 4346 ίξευτῇ
680 4278 773 4330 καὶ
814 4277 1076 4349 θηρευτῇ.
1132 4279 1410 4334 Πάντοθεν
1440 4283 1549 4352 γὰρ
1582 4283 1832 4351 παγίδες,

241 4364 341 4419 καὶ
367 4364 645 4417 σκάνδαλα
665 4366 897 4434 ἀνομίας
923 4367 1072 4437 αὐτῷ
1099 4372 1561 4441 καταπεπήγασιν
1583 4374 1632 4424 ot
1653 4374 1835 4441 νοητοὶ

243 4457 454 4521 ίξευταὶ
483 4458 578 4509 καὶ
606 4455 892 4527 θηρευταὶ,
926 4458 1064 4511 ἀλλά
1089 4461 1185 4512 καὶ
1213 4462 1262 4513 ol
1292 4462 1579 4531 ἀρπακταὶ
1602 4462 1834 4535 κόρακες

240 4548 633 4620 ἐξορύσσουσιν
681 4548 850 4602 αὐτοῦ
897 4551 1023 4612 τοὺς
1065 4550 1398 4622 ὀφθαλμούς.
1453 4554 1611 4608 Κατὰ
1656 4554 1835 4608 πάντα

238 4640 337 4695 οὖν
370 4641 513 4711 καλὴ
559 4641 654 4693 καὶ
687 4642 1024 4712 εὐάρμοστος
1078 4644 1110 4707 ὴ
1147 4645 1442 4715 συμφωνία
1480 4646 1579 4716 τῆς
1611 4647 1835 4716 ἀδελφό-

240 4748 407 4802 τητος
463 4732 602 4800 μετά
644 4732 897 4801 ὁμονοίας
919 4773 933 4794 ,
992 4734 1229 4802 μάλιστα
1264 4738 1399 4789 ὅπου
1433 4737 1613 4790 τελεία
1646 4740 1833 4812 ἀγάπη

240 4822 580 4894 ὲρῤίζωσεψ
614 4821 799 4886 καθὼς
823 4824 1155 4896 εὑρίσκομεν
1187 4827 1453 4881 Ἐλισαῖον
1478 4828 1833 4899 μετὰῊλίουο

241 4910 487 4975 ἀκούσας
517 4916 625 4984 γὰρ
654 4911 801 4979 ἅπαξ
832 4915 930 4967 καὶ
959 4915 1060 4980 δίς,
1092 4935 1110 4966 ι
1137 4918 1320 4971 Κάθου
1350 4917 1638 4983 ἐνταῦθα,ι
1676 4921 1833 4985 αὐτος

2294 2389 2335 2458 1
2349 2389 2506 2459 152
2543 2386 2829 2444 ΙΙΟΜΙΙΛΑ
2863 2386 3079 2442 LXXX.

2524 2513 2597 2566 De
2628 2513 2928 2567 concordia.

2006 2649 2117 2702 Deo
2172 2664 2340 2718 quam
2392 2658 2677 2718 acceptum
2724 2648 2798 2703 sit
2849 2647 3071 2703 tuendae
3121 2648 3514 2705 ecclesiasticae

1938 2739 2173 2792 unitatis
2237 2740 2525 2802 studium,
2592 2739 2720 2807 quis
2785 2738 3038 2793 oratione
3102 2740 3516 2808 consequatur?

1940 2830 2053 2884 llac
2085 2847 2194 2884 una
2237 2831 2375 2883 nihil
2411 2846 2645 2899 usquam
2681 2831 2826 2883 inter
2856 2830 3115 2886 homines
3142 2832 3517 2901 comperietur

1939 2924 2162 2978 melius.
2205 2924 2313 2978 Sed
2338 2932 2394 2978 et
2418 2923 2675 2993 portandi
2701 2938 2895 2977 omnes
2917 2932 3070 2987 sunt,
3092 2924 3309 2979 Domini
3332 2939 3519 2979 exem-

1936 3010 2030 3079 plo
2066 3012 2161 3079 qui
2197 3027 2300 3065 nos
2343 3013 2747 3081 patientissime
2781 3013 2942 3077 tulit,
3000 3028 3193 3069 omnes
3229 3014 3516 3085 (inquam)

1939 3100 1994 3153 in
2028 3100 2301 3155 charitatc
2337 3102 2610 3156 tolerandi
2641 3103 2896 3157 veniunt.
2934 3104 3046 3159 Nec
3079 3106 3194 3159 ullo
3222 3116 3514 3175 praetextu.

1936 3188 2250 3258 quamlibet
2287 3189 2461 3244 videri
2494 3191 2668 3259 possit
2698 3190 3076 3259 rationabilis,
3113 3202 3176 3249 ut
3202 3210 3312 3249 non
3336 3195 3516 3251 dicanti

1939 3280 2089 3349 quod
2120 3279 2175 3333 id
2210 3296 2240 3334 a
2273 3284 2488 3336 ratione
2518 3283 2761 3339 alienum
2790 3286 2897 3351 sit,
2947 3287 3209 3342 convenit
3241 3303 3300 3342 se
3326 3288 3396 3345 ab
3419 3304 3517 3345 ec-

1938 3372 2237 3426 clesiastici
2264 3374 2520 3443 corporis
2546 3375 2761 3431 unitate
2786 3377 3061 3433 divellere
3084 3394 3149 3435 ac
3166 3382 3399 3435 seorsim
3422 3381 3520 3438 de-

1935 3475 2097 3530 gere;
2153 3460 2251 3515 sed
2294 3461 2350 3514 in
2381 3477 2556 3516 unum
2586 3466 2912 3522 coadunatis
2942 3483 3051 3523 una
3078 3469 3151 3524 sit
3178 3472 3380 3534 oratio,
3415 3471 3517 3529 de-

1938 3552 2185 3621 precatio
2236 3568 2377 3617 una,
2434 3569 2591 3610 mens
2636 3573 2779 3623 una,
2836 3575 2947 3615 una
2979 3577 3108 3632 spes
3141 3561 3196 3617 in
3224 3563 3516 3629 charitate,

1942 3640 1996 3695 in
2048 3642 2250 3711 gaudio
2299 3644 2451 3712 quod
2497 3646 2633 3701 nulli
2669 3657 2855 3719 pateat
2881 3651 3044 3720 justas
3075 3653 3515 3723 reprehensioni,

1939 3731 2032 3799 qui
2087 3731 2250 3785 Jcsus
2291 3733 2552 3790 Christus
2588 3746 2709 3803 est,
2766 3756 2878 3809 quo
2909 3743 3135 3810 quidem
3170 3745 3308 3801 nihil
3339 3756 3520 3816 potest

1938 3823 2128 3876 animo
2163 3825 2405 3881 insidere
2436 3830 2670 3898 gratius.
2706 3832 2987 3888 Debemus
3012 3834 3181 3905 igitur
3208 3852 3400 3893 omnes
3420 3856 3520 3896 nos

1938 3913 2100 3981 parili
2156 3924 2214 3968 et
2257 3916 2454 3971 eodem
2503 3920 2691 3975 animo
2741 3924 2974 3992 perinde
3004 3942 3068 3981 ac
3101 3927 3168 3982 ad
3195 3928 3368 3984 altare
3407 3930 3517 4001 (ita

1938 4005 2105 4058 modo
2158 4005 2310 4074 loqui
2360 4008 2561 4078 liceat)
2615 4027 2971 4070 concurrere.
3037 4018 3277 4075 Tametsi
3327 4037 3519 4076 sumus

1937 4095 2235 4164 multiplici
2266 4098 2533 4153 varietate
2565 4102 2947 4159 membrorum
2980 4105 3229 4163 distincti
3257 4149 3272 4172 ,
3321 4112 3515 4166 eadem

1938 4185 2012 4239 sit
2042 4195 2098 4239 ct
2126 4189 2403 4244 sententia
2438 4200 2496 4245 et
2521 4207 2619 4261 par
2642 4195 2933 4261 voluntas,
2980 4213 3106 4253 cum
3138 4215 3309 4256 unum
3341 4202 3518 4258 idem-

1936 4294 2045 4347 que
2095 4280 2272 4335 simus
2312 4298 2547 4353 corpus.
2601 4285 3079 4352 Quemadmodum
3106 4293 3258 4348 enim
3285 4310 3517 4352 examen

1936 4386 2100 4439 apum
2139 4372 2324 4428 favum
2357 4374 2463 4430 sibi
2494 4379 2721 4433 coniicit
2746 4381 2957 4446 mellis,
3007 4382 3081 4437 ita
3114 4382 3349 4440 fratrum
3377 4402 3515 4442 con-

1938 4463 2185 4532 gregatio
2228 4480 2459 4535 regnum
2493 4480 2854 4538 reprzescntat
2885 4473 3000 4528 Dei.
3062 4474 3215 4530 Sicut
3252 4479 3515 4535 tubarum

1939 4554 2165 4623 clangor
2189 4556 2515 4611 bellantium
2535 4572 2828 4628 promovet
2847 4573 2905 4618 et
2926 4566 3132 4622 excitat
3152 4568 3515 4637 alacritatem,

1943 4646 2015 4700 ita
2068 4657 2124 4702 et
2169 4650 2427 4718 practica:
2460 4651 2684 4707 virtutis
2715 4654 2969 4712 doctrina
3004 4659 3185 4715 studia
3215 4661 3516 4732 discipulo-

1940 4753 2063 4791 rum
2102 4737 2244 4793 mire
2275 4740 2519 4795 exacuit.
2582 4742 2716 4797 Nam
2753 4745 3007 4815 quisquis
3040 4763 3101 4801 se
3128 4764 3158 4801 a
3186 4750 3402 4804 cmteris
3426 4766 3515 4805 sc-

1940 4838 2131 4900 gregat
2181 4837 2235 4884 et
2284 4832 2341 4885 in
2386 4841 2562 4887 totum
2604 4835 2821 4901 avellit,
2864 4838 3005 4892 nihil
3038 4838 3266 4896 differre
3296 4841 3517 4897 videtur

1936 4923 2005 4993 ab
2036 4922 2123 4976 avi
2160 4938 2284 4992 qua:
2313 4942 2343 4978 e
2372 4924 2507 4980 nido
2537 4928 2767 4997 proprio
2798 4930 3059 4996 evolavit,
3092 4947 3269 5002 eoque
3298 4934 3517 5005 cogitur

245 5003 368 5073 μεθ’
396 5005 566 5073 ὅρκου
607 5005 965 5074 ἀπεκρίνατο,
996 5025 1017 5059 ι
1056 5009 1131 5079 Ζῇ
1169 5009 1604 5078 Κύριος,λέγων,
1640 5015 1730 5064 καῖ
1767 5013 1831 5082 ζῇ

1940 5027 1970 5065 e
2007 5013 2129 5067 loco
2164 5024 2503 5084 permutare.
2561 5017 2791 5073 Avicula
2826 5037 2947 5089 qua:
2979 5023 3103 5077 talis
3126 5034 3211 5079 est
3239 5003 3517 5081 nihildif-

240 5097 275 5165 ἡ
306 5095 455 5164 ψυχή
484 5111 603 5160 σου,
636 5098 687 5149 εἰ
715 5098 1097 5167 ἐγκαταλείψω
1126 5117 1207 5153 σε.
1229 5121 1246 5151 ι
1293 5101 1525 5171 Ὁμοίως
1556 5104 1648 5155 καὶ
1675 5102 1828 5157 Ῥοὺο

242 5189 279 5257 ή
328 5187 651 5255 Μωαϐῖτις,
708 5193 777 5261 τῇ
825 5190 1068 5261 πενθερᾷ
1106 5192 1310 5260 αὐτῆς·
1374 5211 1393 5243 ι
1423 5191 1560 5246 Τάδε
1610 5197 1838 5262 ποιήσαι

245 5297 339 5349 μοι
370 5279 577 5351 Κύριος
599 5321 614 5345 ,
668 5282 761 5335 καὶ
796 5282 923 5335 τάδε
955 5283 1246 5353 προσθείη,
1281 5283 1538 5352 λέγουσα,
1570 5286 1652 5338 ὅτι
1680 5288 1709 5338 6
1736 5287 1834 5341 θά-

242 5385 408 5431 νατος
438 5369 712 5424 διαστελεῖ
741 5372 847 5425 ἀνά
886 5373 1050 5442 μέσον
1082 5372 1216 5442 ἐμοῦ
1250 5375 1346 5426 καὶ
1373 5373 1489 5428 σοῦ.
1526 5394 1543 5426 ι
1595 5376 1835 5439 Εἰκότως

240 5454 339 5512 οὖν
390 5460 419 5511 6
461 5458 616 5524 Βοὼζ
640 5500 654 5521 .
709 5461 1007 5531 εὐλόγησεν
1034 5463 1228 5532 αὐτὴν,
1259 5463 1465 5531 λέγων·
1511 5482 1530 5516 ι
1554 5466 1835 5519 Ἀποτίσαι

243 5550 457 5620 Κύριος
487 5551 586 5617 τὴν
617 5551 882 5621 ἐργασίαν
916 5569 1010 5605 σου
1029 5593 1044 5616 ,
1097 5553 1193 5605 καὶ
1221 5553 1434 5622 γένοιτο
1464 5558 1493 5610 6
1524 5556 1714 5626 μισθός
1743 5574 1835 5610 σου

316 5726 408 5780 ⁷¹Ι
448 5725 576 5781 Cor.
610 5744 685 5789 ix,
720 5728 809 5783 ει.
915 5731 960 5763 ⁷³
994 5730 1129 5784 ibid.
1162 5731 1233 5785 26
1263 5772 1277 5793 ,
1309 5732 1398 5787 27.

495 5889 767 5953 ΡΑτιιοι..
820 5891 935 5952 Gn.
966 5893 1309 5955 LXXXIX.

1504 5733 1551 5805 'l’
1577 5734 1812 5805 Philipp.
1853 5750 1867 5787 l
1896 5774 1911 5797 ,
1960 5736 2047 5790 30.

243 5795 295 5828 "
320 5796 369 5853 ll
403 5797 547 5851 Tim.
577 5815 655 5861 Ill,
693 5799 779 5853 12.
860 5799 904 5830 ⁷⁷
933 5799 1091 5854 Joan.
1137 5816 1216 5865 ut,
1251 5803 1334 5856 l5.
1414 5804 1458 5841 ⁷⁸
1484 5804 1672 5859 Matth.
1718 5795 1809 5872 tu,

1960 5807 2059 5871 tt;
2088 5806 2249 5873 Luc.,
2289 5810 2374 5873 ιδ,
2408 5795 2493 5866 at;

1943 5105 2087 5158 licilc
2139 5107 2359 5175 capitur
2414 5124 2513 5177 per
2558 5110 2792 5179 aucupis
2825 5120 2921 5166 aut
2953 5114 3233 5170 venatoris
3260 5116 3513 5174 insidias.

1933 5195 2096 5248 Omni
2147 5197 2295 5249 enim
2346 5213 2414 5251 ex
2458 5208 2611 5267 parte
2678 5216 2925 5270 aucupes
2972 5202 3051 5257 illi
3099 5212 3156 5258 et
3193 5205 3515 5274 spiritualcs

1934 5295 2194 5356 captores
2218 5288 2444 5359 laqueos
2473 5305 2536 5345 ac
2559 5292 2814 5347 scandala
2840 5294 3148 5364 iniquitatis
3176 5306 3509 5367 pnestruunt

1934 5387 1990 5432 ct
2023 5380 2403 5448 agglomcrant
2438 5382 2512 5434 illi
2543 5398 2702 5451 vago,
2739 5386 3004 5455 corvique
3058 5404 3286 5457 rapaces
3319 5390 3509 5447 istius-

1936 5471 2082 5523 modi
2112 5483 2384 5526 excavant
2414 5483 2469 5527 et
2494 5476 2853 5531 cxterehrant
2876 5478 3086 5533 oculos.
3120 5481 3327 5535 Decora
3356 5498 3509 5552 pror-

1937 5576 2034 5615 sus
2085 5571 2138 5615 et
2184 5571 2375 5633 aperte
2432 5581 2528 5635 per
2570 5568 2754 5622 omnia
2792 5584 3103 5640 congruens
3148 5570 3409 5628 fraterna:
3447 5591 3511 5631 e.

2155 5738 2199 5769 7‘
2230 5739 2512 5818 κοίῃ-,λιι
2544 5783 2557 5807 ,
2610 5746 2731 5801 4-0.
2839 5747 2953 5803 "ll
2988 5748 3182 5805 Thess.
3230 5767 3245 5805 ι
3278 5791 3292 5818 ,
3336 5753 3371 5808 4
3399 5791 3415 5818 ,
3455 5751 3509 5808 5.

3120 5912 3195 5973 53
