4178 6436
164 354 299 414 1ιὸῗῖ

1017 347 1342 406 ΠΟΜΗᾸΛ
1389 347 1643 404 LXXXI.
1682 369 1745 381 -
1776 346 1870 403 DE
1913 336 2576 403 COGITATIONIBUS.

3287 349 3417 412 1678

163 466 432 533 Βοήθειαν
472 461 674 528 δηλαδὴ
719 462 781 529 τῇ
818 456 976 526 φύσει
1008 458 1116 509 τῶν
1142 457 1446 526 ἀνθρώπων
1484 457 1618 526 πρὸς
1645 457 1744 523 τὴν

1869 455 2231 523 idjutorium.
2275 453 2376 522 ipsi
2411 452 2672 505 videlicet
2705 451 2988 506 hominum
3022 462 3228 506 ualurm
3263 473 3275 506 :
3309 474 3418 524 qun

156 559 256 623 τῆς
289 551 494 622 ἀρετῆς
526 551 803 618 γεωργίαν
825 565 836 578 ·
893 550 969 610 ὡς
1015 549 1261 618 γεωργὸς
1295 549 1430 618 πρὸς
1460 547 1518 600 τὸ
1551 547 1740 599 καθαί-

161 663 281 714 ρειν
313 644 377 697 τὸ
404 643 571 711 φυτὸν
603 641 678 710 τῷ
707 641 912 710 σιδήρῳ
933 656 944 668 ·
1007 640 1116 693 ἀπὸ
1146 640 1245 708 μὲν
1275 638 1474 707 σαρκὸς
1502 636 1742 690 ἀποϐαλ-

158 751 275 790 Αειν
329 736 421 789 ὅτε
468 732 768 802 διοχλιιῦσιν
819 733 875 784 αί
922 733 1149 800 φυσικαὶ
1202 731 1338 798 πρὸς
1385 729 1577 798 ἡδονὴν
1623 731 1745 781 tm-

159 828 359 898 θυμίαι
386 843 400 856 ·
463 825 573 879 ἀπὸ
619 825 674 875 δὲ
720 823 899 892 ψυχῆς
951 822 1152 892 ὁμοίως
1199 822 1326 881 τοὺς
1370 820 1746 889 ταράσσοντας

160 921 336 986 αὐτὴν
366 917 618 978 ἀσθενεῖς
649 916 967 985 λογισμοὺς,
1000 914 1032 983 ἢ
1062 913 1130 965 τὰ
1162 912 1364 981 σαρκὸς
1392 910 1744 979 φρονοῦντας,

161 1010 195 1079 ἢ
253 1007 326 1060 τὰ
384 1007 697 1075 πρόσκαιρα
763 1005 858 1058 καὶ
910 1006 1074 1073 γήϊνα
1123 1001 1590 1072 προσκλίναντας,
1652 998 1748 1052 καὶ

163 1103 230 1154 ὲκ
270 1101 496 1168 φύσεως
544 1098 718 1159 οὕτως
752 1097 1084 1167 ὁρμώντων,
1141 1095 1234 1146 καὶ
1265 1093 1322 1157 ἐξ
1353 1091 1661 1164 ὑπερϐολῆς
1690 1090 1746 1142 δὲ

163 1187 427 1256 πονηρῶν
475 1187 806 1254 πνευμάτων
855 1181 1258 1243 ἐπικλυζόντων
1301 1182 1402 1250 τὴν
1447 1180 1639 1248 φύσιν,
1675 1179 1750 1242 ὡς

163 1280 198 1346 ἡ
247 1281 416 1346 πεῖρα
460 1272 601 1328 οἶδε’
666 1278 759 1328 καὶ
808 1273 899 1326 διὰ
930 1272 1089 1325 τοῦτο
1126 1273 1407 1343 διδομένου
1439 1273 1627 1340 νόμου,
1665 1271 1753 1322 ἵνα

168 1369 247 1438 μὴ
301 1368 378 1430 ὡς
422 1366 754 1436 ἀμελοῦντος
797 1364 1047 1432 γεωργοῦ
1090 1365 1339 1434 χερσωθῇ
1388 1361 1449 1416 τὸ
1483 1361 1649 1430 φυτὸν
1691 1361 1752 1413 τὸ

165 1458 479 1528 ἐπιτήδειον
527 1456 601 1524 μὴ
638 1455 804 1523 φέρον
835 1453 1068 1523 καρπόν.
1121 1454 1286 1520 Λέγει
1313 1451 1372 1505 δὲ
1405 1453 1500 1504 καὶ
1527 1453 1555 1503 ὁ
1588 1450 1750 1502 ’Λπόο

168 1551 363 1611 στολος
393 1563 407 1578 ’
495 1564 514 1598 ι
555 1545 826 1614 Βούλομαι
897 1546 1026 1607 τοὺς
1087 1544 1288 1614 ἄνδρας
1352 1540 1752 1612 προσεύχεσθαι

168 1640 228 1691 ὲν
283 1635 449 1687 παντὶ
495 1634 686 1704 τρόπῳ
754 1632 1086 1702 ἐπαίροντας
1141 1632 1297 1694 ὁσίας
1348 1633 1534 1701 χεῖρας
1585 1631 1752 1701 χωρὶς

167 1728 343 1798 ὀργῆς
392 1727 488 1778 καὶ
533 1724 924 1794 διαλογισμῶν.
955 1741 973 1772 ι
1023 1723 1135 1776 Καὶ
1163 1722 1360 1775 πάλιν⁹
1403 1739 1420 1772 ι
1446 1723 1756 1791 Λογισμοὺς

172 1816 573 1888 καθαιροῦντες
592 1857 606 1880 ,

171 1912 272 1980 τῆς
305 1909 560 1978 γνώσεως
590 1907 682 1960 τοῦ
712 1906 870 1960 Θεοῦ.
901 1923 918 1956 ι
973 1905 1183 1968 Σκοπὸς
1210 1901 1302 1957 οῦν
1331 1909 1446 1957 ἐστι
1480 1905 1558 1973 τῷ
1595 1905 1756 1954 Ἀπο-

173 2001 350 2070 στὸλῳ
383 1998 658 2067 καθαροὺς
691 1997 840 2066 ἡμᾶς
874 1989 1013 2048 εἴναι
1063 1995 1172 2046 ἀπὸ
1209 1994 1485 2062 λογισμῶν
1514 1993 1758 2062 ἀκαθάρ-

167 2105 282 2145 των
307 2130 323 2154 ,
356 2091 593 2159 μάλιστα
614 2089 740 2141 ὅταν
761 2087 838 2156 τῷ
857 2086 975 2155 Θεῷ
999 2087 1309 2156 προσευχὴν
1331 2083 1719 2154 παριστάμεθα
1740 2095 1752 2112 ⁸

169 2185 234 2236 ού
282 2183 393 2251 γὰρ
444 2181 728 2250 συμφωνεῖ
771 2177 1010 2230 δυσωδία
1053 2175 1286 2245 εὐωδία,
1341 2175 1461 2228 οὐδὲ
1493 2174 1759 2243 δυσοσμία

169 2275 252 2343 τῷ
309 2273 487 2342 μύρῳ.
542 2272 602 2324 '0
651 2270 758 2338 γὰρ
821 2269 1107 2336 λογισμοῖς
1163 2266 1613 2332 συναπαγόμενος
1665 2265 1758 2315 ὲκ-

171 2366 475 2434 τυφλοῦται
513 2364 602 2416 ὑπ’
635 2361 838 2415 αὑτῶν.
878 2360 1053 2412 Ὅπου
1085 2359 1193 2428 γὰρ
1225 2359 1431 2418 εἰκόνες
1457 2355 1756 2425 λογισμῶν,

173 2460 298 2511 ἐκεῖ
349 2457 443 2508 καὶ
491 2452 893 2521 συγκατάθεσις
935 2451 1165 2518 γίνεται.
1208 2449 1328 2519 Χρὴ
1359 2445 1452 2502 οῦν
1481 2449 1577 2517 τὴν
1609 2446 1760 2517 πρώ-

172 2564 276 2618 την
325 2546 635 2616 προσϐολὴν
693 2545 780 2597 ἀεὶ
824 2544 1192 2612 ἀνατρέπειν,
1250 2543 1343 2594 καὶ
1388 2539 1760 2609 ἐξολοθρεύειν

173 2641 305 2701 τοὺς
335 2637 701 2708 ἁμαρτωλοὺς
729 2635 1029 2704 λογισμοὺς
1075 2637 1140 2686 ἐκ
1167 2636 1266 2703 τῆς
1294 2634 1418 2702 γῆς,
1456 2635 1580 2702 ἧτις
1613 2633 1761 2684 ἐστὶν

175 2731 212 2801 ἡ
265 2729 463 2801 καρδία
509 2728 670 2798 ἡμῶν
724 2726 866 2778 κατὰ
909 2726 1000 2778 τὸν
1037 2725 1196 2792 λόγον
1240 2725 1335 2777 τοῦ
1379 2725 1604 2792 Κυρίου.
1652 2722 1763 2774 Καὶ

172 2823 252 2885 ὡς
295 2821 375 2873 ἔτι
409 2819 518 2873 εισι
544 2820 730 2888 νήπιοι
765 2818 870 2870 υἱοὶ
895 2817 1237 2878 Βαϐυλῶνος,
1274 2816 1557 2867 τουτέστιν
1584 2816 1634 2866 οἱ
1666 2830 1762 2865 πο-

175 2913 338 2983 νηροὶ
386 2908 686 2977 λογισμοὶ,
751 2906 1027 2974 ἑδαφέζειν
1072 2904 1297 2966 τούτους
1332 2906 1426 2958 καὶ
1456 2903 1762 2974 συντρίϐειν

178 3002 316 3071 πρὸς
368 2999 465 3069 τὴν
507 2997 754 3066 πέτραν,
807 2996 930 3063 ἥτις
973 2995 1122 3048 ἐστὶν
1155 2998 1184 3048 ό
1213 2996 1468 3063 Χριστός.
1509 2996 1762 3049 Μάλιστα

175 3095 309 3154 τοὺς
351 3093 500 3162 τρεῖς
545 3088 945 3156 γενικωτάτους
996 3086 1120 3139 καθ’
1147 3087 1305 3156 ἡμῶν
1334 3086 1629 3155 λογισμοὺς
1665 3086 1761 3138 τοῦ

178 3183 431 3237 διαϐόλου
457 3198 472 3214 ο
530 3180 597 3232 δι’
633 3174 709 3234 ὧν
758 3179 856 3232 καὶ
901 3179 1133 3248 πολεμεῖ
1178 3181 1207 3230 ὁ
1240 3177 1500 3247 φθονερὸς
1525 3178 1762 3248 δαίμων,

181 3276 277 3329 καὶ
312 3271 609 3326 ὑποϐάλλει
643 3272 799 3340 ἡμῖν,
857 3269 950 3321 τὸν
983 3269 1083 3338 τῆς
1116 3269 1568 3338 γαστριμαργίας
1597 3270 1763 3338 φημὶ,

181 3366 280 3418 καὶ
307 3361 704 3432 φιλαργυρίας,
742 3361 840 3412 καὶ
867 3359 1183 3422 κενοδοξίας
1207 3374 1222 3390 ο
1275 3359 1346 3412 δι’
1373 3354 1447 3411 ὧν
1482 3360 1574 3412 καὶ
1605 3360 1767 3413 αὐτὸν

180 3456 274 3508 τὸν
297 3456 503 3525 Κύριον
535 3453 692 3524 ἡμῶν
724 3453 819 3506 καὶ
846 3451 1100 3521 Σωτῆρα,
1138 3453 1197 3504 ὲν
1225 3452 1304 3521 τῷ
1333 3453 1554 3505 τελέσαι
1579 3453 1764 3514 αὑτὸν,

182 3550 363 3601 πάντα
418 3546 729 3616 πειρασμὸν
779 3545 1111 3616 ἐπεχείρησε
1162 3545 1463 3615 πειράσαι,
1514 3545 1636 3597 ὅθεν
1678 3546 1770 3597 καὶ

179 3638 498 3708 ἡττημένος
529 3635 916 3706 ἀπεκρούσθη.
975 3636 1316 3705 ’Υπόδειγμα
1349 3638 1480 3705 ἡμῖν
1511 3638 1539 3688 ό
1567 3635 1770 3706 Κύριος

183 3725 268 3785 είς
301 3723 482 3776 πάντα
515 3723 844 3792 γενόμενος,
914 3723 1166 3776 τουτέστι
1220 3723 1318 3776 τοῦ
1371 3723 1462 3776 διὰ
1505 3724 1772 3793 νηστειῶν

186 3813 286 3866 καὶ
315 3814 406 3866 διὰ
437 3813 759 3882 προσευχῶν
789 3812 982 3865 τοῦτον
1012 3813 1298 3882 ἄπρακτον
1329 3813 1612 3884 καθιστᾷν.
1662 3814 1774 3866 Ἑν-

184 3903 398 3974 εδρεύει
427 3905 535 3974 γὰρ
578 3907 606 3957 ό
643 3904 816 3966 δόλιος
860 3905 937 3966 ὡς
975 3903 1114 3957 λέων
1157 3907 1217 3957 ὲν
1260 3907 1327 3976 τῇ
1368 3907 1580 3976 μᾲνδρα
1606 3904 1772 3959 αὑτοῦ

188 3994 462 4065 κρύπτειν
507 3997 640 4066 ἡμῖν
689 3995 964 4062 παγίδας,
1043 3997 1140 4050 καὶ
1194 3999 1443 4068 θήρατρα
1494 3997 1773 4066 λογισμῶν

189 4085 525 4156 ἀκαθάρτων
565 4085 660 4138 καὶ
694 4084 931 4139 ἀσεϐῶν.
967 4085 1089 4156 Χρὴ
1113 4082 1207 4140 οῦν
1234 4089 1360 4149 τοὺς
1387 4087 1775 4156 πολυμόρφους

189 4177 490 4246 λογισμοὺς
515 4215 531 4241 ,
590 4177 666 4238 ὡς
707 4177 962 4245 εἴρηται,
1026 4178 1308 4246 συντόμως
1351 4180 1776 4249 προαποκλίνειν

188 4269 272 4322 δι’
319 4268 580 4332 εὐσεϐοῦς
635 4268 953 4337 ἀντιλογίας
1002 4272 1097 4324 καὶ
1141 4275 1478 4342 προσευχῆς,
1533 4272 1626 4325 καὶ
1674 4273 1777 4343 μά-

190 4360 355 4413 λιστα
380 4359 508 4422 τοῦς
535 4359 884 4425 κοινοῦντας,
938 4360 1028 4413 ἵνα
1059 4361 1135 4432 μὴ
1159 4362 1466 4415 κοινώσωσι
1498 4361 1590 4416 τὸν
1621 4363 1778 4432 ἆγιον

1792 3139 1840 3200 C

1856 547 2021 599 homo
2048 546 2318 599 subnixus
2342 584 2356 605 ,
2413 542 2642 612 perinde
2689 551 2854 611 atque
2887 545 3124 612 agricola
3163 544 3309 600 ferro
3337 563 3423 601 as-

1853 632 1993 688 solet
2060 635 2303 704 plantam
2373 647 2751 702 perpurgare,
2833 632 2908 687 ila
2969 634 3420 702 agricolationem

1853 731 2079 776 strenue
2115 729 2399 775 exerceret
2430 713 2671 775 virtutis.
2705 721 2747 777 A
2775 736 2941 775 carne
2970 722 3213 790 quidem,
3237 736 3346 779 uta
3372 735 3424 779 te

1855 813 2091 882 repellas
2125 827 2190 866 ac
2218 811 2507 881 proﬂiges,
2561 827 2687 867 cum
2738 822 3099 882 perstrepunt
3132 824 3295 883 atque
3325 816 3426 868 ob-

1861 905 2085 957 turbaut
2119 911 2359 956 ventosae
2387 903 2490 956 illa!
2517 902 2688 956 fastus
2711 903 2965 972 ampullze
2986 942 3000 966 ,
3049 911 3105 956 et
3134 902 3200 956 ad
3230 904 3425 958 obsee-

1852 1012 1978 1049 nam
2002 995 2342 1064 voluptatem
2368 994 2663 1063 proliciunt
2691 994 3015 1049 irritatrices
3036 995 3429 1063 concupiscent.

1857 1088 1946 1142 the
2002 1105 2014 1140 :
2064 1087 2135 1140 ab
2195 1087 2378 1139 anima
2431 1101 2563 1138 vero
2618 1086 3023 1152 consimiliter;
3087 1103 3430 1156 quzecunque

1854 1178 2216 1250 cogitationes
2249 1194 2347 1246 per
2375 1177 2750 1231 inﬁrmitatem
2785 1178 2887 1247 ipsi
2916 1178 3113 1232 animm
3145 1180 3432 1233 turbulen-

1858 1281 1966 1325 tant
2000 1266 2268 1326 conciunt
2299 1270 2709 1341 intemperiem,
2737 1280 2796 1324 ut
2823 1272 3058 1340 primum
3083 1273 3255 1327 sentis
3273 1273 3433 1326 obre-

1857 1379 2009 1433 pere,
2041 1362 2334 1432 provideto
2368 1372 2427 1417 ut
2458 1378 2486 1416 a
2517 1373 2568 1416 te
2596 1379 2758 1433 quam
2786 1364 3052 1420 citissime
3078 1367 3433 1426 submoveas,

1861 1449 2076 1522 1154
2094 1449 2208 1506 sive
2239 1451 2306 1504 ad
2331 1467 2392 1505 ea
2420 1447 2665 1506 illectent
2689 1469 2810 1522 qua:
2835 1452 3080 1507 studium
3104 1453 3287 1506 carnis
3311 1469 3435 1522 per-

1857 1544 2103 1598 celenda:
2135 1538 2430 1612 resipiunt,
2466 1543 2581 1599 sive
2618 1544 2888 1598 inclinent
2911 1554 2961 1600 te
2988 1544 3054 1599 ad
3082 1545 3272 1600 isthmc
3294 1554 3434 1599 tem«

1857 1633 2074 1702 poraria
2104 1648 2169 1688 ae
2200 1642 2442 1687 terrena.
2472 1633 2540 1686 Et
2562 1633 2785 1702 quidem
2816 1634 2883 1688 ad
2914 1649 3039 1688 eum
3071 1636 3294 1688 modum
3325 1634 3435 1688 alli-

1859 1724 2039 1777 eimur
2071 1719 2270 1792 partim
2303 1718 2620 1777 conditione
2652 1733 2863 1779 natura:
2889 1724 3209 1794 fragilioris,
3238 1728 3437 1795 partim

665 1816 761 1868 καὶ
810 1817 918 1867 πᾶν
963 1813 1164 1883 ὕψωμα
1207 1814 1569 1883 ἐπαιρόμενον
1610 1813 1754 1865 κατᾶ

1869 1810 1992 1868 item
2024 1830 2090 1868 eo
2114 1829 2215 1867 nos
2236 1823 2523 1883 promovet
2553 1820 2608 1868 et
2636 1815 2858 1885 instigat
2894 1816 3258 1886 malignorum
3282 1817 3426 1886 spiri-

1865 1914 2020 1958 tuum
2057 1901 2320 1958 insidiosa
2349 1905 2664 1975 suggestio,
2716 1905 2810 1975 qui
2851 1916 3104 1961 naturam
3135 1907 3309 1976 ipsum
3342 1924 3437 1959 sua

1864 1995 2198 2065 malignitate
2236 1995 2393 2065 quasi
2426 1995 2882 2065 destagnantibus
2913 1997 3078 2051 undis
3111 2005 3440 2051 tantumuou

1863 2087 2138 2146 obruunt,
2194 2094 2255 2139 ut
2288 2095 2345 2139 et
2370 2079 2616 2142 doctrice
2647 2085 2991 2155 experientia
3022 2088 3316 2156 perspicue
3346 2104 3443 2139 tm-

1863 2179 2066 2232 vimus.
2105 2178 2163 2232 In
2192 2178 2300 2230 hoc
2330 2178 2498 2247 igitur
2525 2171 2649 2231 data
2681 2178 2767 2231 lex
2800 2185 2909 2241 est,
2939 2194 3028 2240 tte,
3052 2178 3204 2232 velut
3233 2193 3333 2247 per
3356 2194 3444 2230 os-

1867 2267 2154 2323 citanliatn
2204 2268 2489 2338 agricolm,
2546 2269 2729 2336 planta
2776 2269 2984 2336 alioqui
3021 2269 3194 2332 utilis,
3229 2269 3442 2322 nullum

1867 2361 2109 2416 aﬂ'erens
2135 2362 2404 2422 fructum,
2430 2359 2748 2415 obsoleseat
2775 2352 3050 2429 squalore.
3084 2360 3232 2414 Dicit
3258 2369 3443 2414 autrm

1865 2463 1921 2506 et
1951 2451 2248 2520 Apostolus
2301 2470 2312 2502 :
2371 2469 2388 2499 ι
2423 2451 2560 2503 Volo
2612 2450 2763 2503 viros
2808 2464 2971 2504 orare
3022 2448 3076 2503 in
3110 2449 3260 2503 omni
3293 2450 3438 2509 loco,

1867 2545 2119 2597 levantes
2148 2551 2368 2594 sanctas
2392 2556 2589 2594 manus
2619 2541 2738 2593 sine
2761 2540 2839 2594 ira
2866 2551 2922 2595 et
2942 2534 3445 2610 disceptationibus

1867 2633 2265 2703 cogitationum
2287 2635 2356 2684 θ’.
2386 2651 2403 2681 ι
2449 2633 2651 2685 lterum
2696 2650 2707 2683 :
2751 2650 2768 2680 ι
2796 2629 3042 2684 Consilia
3074 2631 3444 2695 destruentcs,

1867 2734 1924 2778 et
1981 2740 2200 2777 omnem
2258 2723 2614 2777 altitudinem
2678 2723 3036 2777 extollentem
3077 2739 3134 2778 se
3183 2725 3447 2778 adversus

1869 2813 2162 2870 scientiam
2195 2812 2384 2866 Dei“.
2410 2829 2427 2862 ι
2467 2811 2568 2866 llic
2601 2811 2786 2880 itaque
2823 2811 3019 2866 unicus
3052 2810 3315 2880 Apostolo
3346 2812 3447 2867 fuit

1868 2921 2092 2976 scopus,
2131 2920 2232 2958 nos
2265 2913 2325 2958 ut
2357 2898 2618 2957 redderet
2649 2917 2821 2972 puros
2848 2901 3221 2956 obscenarum
3253 2911 3311 2956 et
3335 2912 3447 2956 tur-

1869 2999 2022 3067 pium
2053 2995 2476 3066 cogitatiouum,
2511 2989 2748 3047 maxime
2779 3008 2905 3047 cum
2933 2993 3182 3047 sistimur
3209 2992 3447 3048 oﬂ'eren-

1870 3089 1953 3143 (ιω
1985 3090 2099 3142 Deo
2135 3084 2401 3140 orationi.
2441 3085 2590 3139 Inter
2612 3083 2760 3139 enim
2788 3083 3220 3154 graveoleutiam
3247 3094 3304 3140 et
3326 3101 3447 3140 sua-

1869 3194 1994 3232 vem
2025 3176 2385 3246 fragrantiam
2423 3177 2572 3229 nulla
2605 3175 2900 3230 intercedit
2927 3176 3242 3240 consensio,
3269 3193 3450 3246 neque

1871 3271 2174 3340 quidquam
2219 3269 2483 3322 convenit
2530 3266 2614 3321 ori
2654 3267 2849 3337 putide
2885 3283 2950 3321 ac
2982 3267 3281 3326 fetulenlo.
3323 3284 3447 3322 cum

1872 3369 2156 3430 unguento
2190 3357 2440 3414 suaviter
2471 3358 2737 3426 spirante.
2769 3358 2872 3423 Qui
2907 3373 2966 3412 se
2992 3358 3127 3414 sinit
3157 3359 3447 3428 cogitatio-

1874 3469 2006 3506 num
2043 3447 2301 3505 turbellis
2332 3449 2616 3513 abstrahi,
2672 3449 2740 3501 ab
2773 3449 2856 3502 eis
2895 3449 3087 3518 utique
3119 3460 3448 3505 esca-catur.

1874 3543 1976 3599 llbi
2014 3542 2163 3596 enim
2213 3535 2481 3610 imagines
2519 3540 2920 3610 cogitationum
2971 3542 3184 3597 luerent
3220 3543 3448 3605 diutius,

1875 3635 1949 3688 ibi
2001 3643 2057 3688 et
2095 3633 2389 3688 consensio
2425 3631 2688 3702 gignitur.
2727 3632 2870 3687 Sane
2907 3635 3120 3703 primus
3149 3634 3240 3689 illc
3273 3637 3450 3688 assul-

1877 3736 1964 3779 tus
2017 3723 2398 3795 proﬂigandus
2441 3724 2596 3778 venit
2633 3739 2853 3793 semper
2896 3732 2953 3777 et
2990 3725 3449 3793 prosternendus,

1874 3833 1937 3872 ac
1990 3815 2376 3886 disperdenda:
2425 3816 2792 3884 cogitationes
2812 3817 2857 3848 ”
2890 3815 2958 3871 de
2995 3825 3138 3871 terra
3160 3857 3174 3881 ,
3208 3833 3328 3886 qua:
3364 3833 3452 3870 ra-

1879 3908 2032 3962 dices
2063 3915 2195 3961 sunt
2223 3916 2581 3978 peccatorum
2621 3926 2634 3961 :
2669 3924 2699 3962 e
2729 3917 2900 3972 terra,
2936 3909 3180 3978 inquam,
3216 3925 3340 3978 qua:
3369 3918 3455 3962 est

1877 4015 1976 4054 cor
2000 4007 2275 4061 nostrum,
2295 3999 2450 4069 juxta
2475 3999 2822 4053 Dominieum
2845 4013 3182 4052 sermonem.
3204 3999 3453 4068 Dumque

1880 4091 2166 4144 iufantiles
2194 4090 2377 4144 adhuc
2405 4105 2468 4144 ac
2495 4091 2681 4144 tenelli
2710 4090 2804 4143 iiIii
2834 4090 3128 4162 Babylonis
3158 4091 3455 4160 (improbae

1881 4178 2146 4232 nimirum
2178 4177 2577 4248 cogitationes)
2610 4179 2855 4233 oﬂ'crunt
2882 4194 2940 4233 se
2971 4179 3178 4243 menti,
3220 4179 3455 4234 allideu-

1882 4265 1965 4321 dze
1995 4275 2125 4321 sunt
2154 4267 2296 4332 solo,
2332 4266 2800 4336 conterendaeque
2828 4263 2895 4320 ad
2923 4276 3136 4337 petram
3155 4269 3203 4300 "
3230 4285 3351 4338 qua:
3370 4281 3456 4323 est

1880 4357 2156 4411 Christus.
2217 4352 2354 4410 Tres
2402 4349 2652 4409 omnium
2707 4356 2942 4410 maxime
2977 4357 3263 4426 generales
3303 4359 3459 4426 cogi-

189 4452 397 4516 τόπον,
456 4452 552 4506 καὶ
601 4453 692 4505 τὸν
737 4453 1028 4521 ἄνθρωπον
1076 4452 1173 4505 τοῦ
1216 4452 1352 4506 Θεοῦ
1394 4452 1763 4524 βεϐηλώσωσι.

1882 4447 2138 4508 taliones,
2166 4446 2454 4500 incentore
2476 4446 2701 4499 diabolo
2726 4446 3020 4500 adversum
3044 4462 3144 4500 nos
3167 4459 3451 4516 ριύιιιοιςιτ,

191 4539 350 4593 Μετὰ
371 4538 571 4601 παντὸς
615 4538 710 4592 οῦν
759 4538 926 4608 φόϐου
971 4539 1260 4609 ὀφείλομεν
1293 4540 1391 4602 τὰς
1433 4541 1776 4610 λειτουργίας

192 4627 437 4682 ἐκτελεῖν
477 4626 556 4696 τῷ
600 4627 741 4696 Θεῷ,
775 4629 986 4698 μήποτε
1035 4627 1356 4698 εὑρεθῶμεν
1382 4630 1495 4690 τοῖς
1531 4628 1632 4699 μὲν
1661 4629 1773 4698 χεί-

193 4723 310 4776 λεσι
340 4721 419 4790 τῷ
452 4720 568 4790 Θεῷ
599 4721 1145 4791 προσδιαλεγόμενοι,
1198 4724 1264 4790 τῇ
1289 4721 1347 4773 δὲ
1375 4720 1575 4793 καρδίᾳ
1605 4723 1774 4790 αἰχμ-

195 4815 396 4869 άλωτοι
422 4814 501 4876 εἰς
521 4811 818 4864 Βαϐυλῶνα
839 4811 1126 4880 ἀκάθαρτα
1150 4811 1473 4883 τρώγοντες
1497 4813 1590 4864 καὶ
1608 4811 1777 4864 ἀκού-

196 4921 385 4974 σωμεν
413 4918 429 4934 ’
465 4922 483 4955 ι
533 4903 590 4955 '0
623 4901 749 4964 λαὸς
793 4895 946 4964 οῦτος
974 4904 1091 4965 τοῖς
1118 4903 1319 4972 χείλεσί
1362 4920 1430 4973 με
1468 4904 1623 4973 τιμᾷ,
1658 4904 1690 4973 ἡ
1720 4903 1777 4955 δὲ

194 4997 398 5068 καρδία
443 4994 624 5049 αὑτῶν
678 4994 871 5065 πόρρω
909 4993 1104 5064 ἀπέχει
1143 4997 1237 5048 ἀπ’
1280 4994 1438 5065 ἐμοῦ.
1483 5014 1500 5045 ι
1542 4994 1780 5064 ’Λγῶνος

191 5087 290 5142 οῦν
319 5087 502 5158 χρεία,
533 5085 832 5155 ἀγαπητοὶ,
861 5087 956 5139 καὶ
999 5086 1214 5154 νὴψεως
1260 5086 1481 5156 πολλῆς,
1512 5087 1598 5138 ἵνα
1645 5103 1780 5156 συμ-

193 5182 352 5250 φωνῇ
382 5181 412 5233 ὁ
458 5178 584 5240 νοῦς
616 5178 714 5230 σὺν
755 5180 822 5247 τῇ
873 5178 1074 5249 καρδίᾳ
1101 5180 1194 5232 καὶ
1226 5180 1336 5242 τοῖς
1366 5179 1601 5249 χείλεσιν
1628 5181 1685 5232 ὲν
1713 5183 1777 5249 τῇ

188 5269 508 5342 ψαλμῳδία,
552 5268 639 5321 ἵνα
685 5268 760 5337 μὴ
807 5269 1235 5338 παροργίσωμεν
1268 5270 1358 5322 τὸν
1417 5269 1622 5340 Κύριον
1660 5273 1780 5323 ἀντὶ

198 5364 295 5416 τοῦ
329 5359 672 5432 θεραπεῦσαι
707 5360 894 5426 αὑτὸν,
922 5363 982 5412 ὲν
1011 5364 1077 5431 τῇ
1105 5365 1382 5432 προσευχῇ
1422 5363 1704 5432 μίσγοντες
1727 5365 1784 5415 ὲν

192 5454 273 5522 τῷ
305 5451 613 5520 Θυμιάματι
661 5450 888 5503 κνίσσαν
937 5455 1115 5522 κακήν
1137 5465 1151 5481 ⁸
1201 5455 1294 5506 καὶ
1327 5453 1524 5523 εὑρεθῇ
1555 5456 1587 5522 ὴ
1625 5452 1783 5506 θυσία

199 5546 300 5614 τῆς
330 5540 644 5613 προσευχῆς
667 5540 824 5612 ἡμῶν
845 5541 1132 5615 ὲπίμωμος
1159 5543 1232 5607 ὡς
1263 5545 1296 5614 ἡ
1325 5544 1416 5596 τοῦ
1452 5547 1611 5600 Καῖν.
1638 5545 1780 5598 Πολύ

269 5725 318 5758 ’⁸
359 5723 375 5777 l
410 5722 553 5779 Tim.
586 5738 647 5787 ιι,
671 5721 726 5775 8.
800 5720 846 5753 ’³
880 5718 1067 5776 llCer.
1105 5736 1152 5785 ι,
1178 5721 1229 5774 4.

1306 5721 1348 5751 ’³
1385 5721 1525 5775 Psal.
1560 5735 1747 5785 XXXIII,
1784 5721 1864 5773 Π.

1879 4539 1936 4593 iu
1979 4539 2213 4607 vestigio
2261 4537 2614 4592 eliminandm
2644 4545 2774 4592 sunt
2815 4537 3001 4592 cordis
3038 4539 3213 4592 aditu.
3251 4539 3452 4593 llarum

1878 4632 2216 4702 malignitate
2260 4632 2446 4686 nitens
2496 4639 2702 4686 nostra:
2731 4631 2927 4686 salutis
2957 4632 3189 4686 annulus
3217 4631 3450 4692 daltnon,

1876 4731 1932 4776 et
1959 4722 2164 4776 bellum
2190 4721 2350 4776 nobis
2375 4722 2587 4784 indicit,
2622 4729 2679 4776 et
2702 4737 2797 4776 eas
2819 4722 2961 4776 clam
2986 4722 3215 4776 instillat
3239 4737 3303 4776 ac
3326 4738 3452 4792 sug-

1876 4815 2038 4884 gerit.
2096 4813 2232 4868 Tres
2271 4809 2542 4877 dixerim,
2601 4813 2812 4867 ventris
2850 4812 3169 4881 ingluviem,
3205 4813 3453 4868 studium

1879 4902 2241 4974 congerendze
2270 4903 2539 4972 pecunim,
2569 4912 2624 4956 et
2651 4903 3009 4958 ambitionem
3036 4903 3224 4974 gloriae
3250 4905 3448 4958 inanis.

1881 4997 1984 5051 Per
2004 4995 2103 5048 has
2122 5004 2177 5048 et
2195 4989 2373 5064 ipsum
2393 4995 2684 5048 Dominum
2703 5002 2952 5049 nostrum
2968 4994 3451 5051 JesumChristum

1883 5101 1945 5139 ac
1967 5085 2328 5149 Salvatorem,
2356 5101 2480 5140 cum
2509 5087 2721 5155 integro
2743 5087 2920 5141 aetatis
2944 5085 3080 5143 llore
3102 5086 3453 5151 adolevisset,

1880 5192 2169 5247 aggressus
2194 5176 2359 5244 est",
2391 5179 2540 5233 omni
2565 5194 2768 5249 genere
2795 5179 3164 5236 tentationum
3200 5189 3261 5236 ut
3282 5191 3458 5237 tentu-

1882 5278 1966 5324 ret
2000 5287 2011 5322 :
2047 5265 2192 5325 unde
2223 5279 2279 5326 et
2309 5272 2487 5326 victus
2519 5274 2760 5341 reiectus
2786 5281 2891 5327 est.
2929 5272 3068 5328 lline
3099 5289 3202 5329 nos
3229 5290 3331 5329 suo
3357 5275 3456 5328 do-

1882 5364 1998 5417 euit
2055 5364 2321 5419 Dominus
2370 5365 2662 5433 exemplo,
2723 5381 2830 5434 qua
2881 5375 2996 5420 arte
3055 5366 3203 5420 illius
3252 5367 3452 5434 impuri

1884 5449 2162 5508 insidiosae
2197 5469 2389 5509 omnes
2425 5454 2632 5523 pedicae
2669 5452 2975 5511 ineﬂieaees
3007 5456 3161 5511 reddi
3193 5455 3451 5520 debeant.

1889 5557 2090 5614 nempe
2124 5544 2352 5616 jejuniis
2380 5553 2436 5598 et
2463 5545 2829 5599 orationibus.
2878 5543 3038 5599 Omni
3069 5546 3216 5599 enim
3251 5555 3452 5602 culta!“

1946 5724 1989 5752 ’⁵
2022 5722 2162 5775 Psal.
2197 5738 2307 5787 λιιι,
2344 5724 2396 5784 6,
2424 5722 2478 5780 9.
2555 5724 2601 5755 "
2635 5724 2825 5779 Matth.
2853 5741 2924 5788 l\',
2961 5726 2982 5778 l
3018 5742 3165 5795 seqq.
