4178 6436
237 437 371 503 1681
1132 451 1459 511 llOMILM
1502 451 1799 511 LXXXII.
1840 476 1903 483 -
1942 450 2039 509 DE
2081 449 2636 510 CORREI‘TIONE.
3381 447 3521 513 168?.

229 566 280 607 et
315 556 544 612 liberavi
590 570 673 625 te;
705 564 962 618 exaudivi
1022 576 1071 618 te
1109 564 1162 618 in
1220 564 1550 618 abscondito
1599 562 1941 632 tempestatis
1994 564 2034 615 ⁷.
2078 580 2094 612 ι
2147 563 2399 616 Manibus
2442 564 2608 631 igitur
2654 563 2912 632 expansis
2968 573 3023 619 et
3080 573 3287 621 attenta
3312 572 3519 628 mente,

230 654 435 703 fratres
466 692 480 713 ,
543 655 1016 711 clementissimus
1094 658 1238 712 Deus
1290 658 1452 711 nobis
1514 656 1667 711 venit
1720 656 2035 711 exorandus
2125 673 2188 708 ac
2240 657 2719 726 repropitiaudus,
2786 665 2846 710 ut
2901 671 2931 709 e
2972 656 3110 710 solio
3163 671 3265 710 suo
3305 654 3521 710 emittat

228 743 498 797 auxiliare
562 749 1061 818 pra'sidium,_quo
1092 751 1239 811 freti,
1274 750 1462 803 hostes
1504 762 1855 817 superemus,
1932 745 2397 815 quemadmodum
2448 747 2622 800 Moses
2685 747 2987 816 prostravit
3048 745 3353 800 Amalec".
3397 744 3516 798 Non

224 835 702 895 cuilutnediot‘ris
726 853 809 896 est
848 845 1105 912 periculi,
1175 847 1283 898 imo
1337 844 1558 899 exitiale
1603 858 1856 911 prorsus,
1925 857 2128 895 arcana
2181 842 2420 911 quadam
2472 842 2831 912 persuasione
2881 841 3082 910 pacisci
3142 850 3200 895 ct
3258 840 3515 895 assentiri

225 925 463 994 impuris
493 932 942 1000 cogitationibus.
972 937 1053 989 Ab
1080 938 1200 990 istis
1223 935 1371 990 enim
1390 934 1819 1002 cogitationibus
1858 931 2203 1001 pertrahitur
2237 934 2361 1002 quis
2394 931 2462 987 ad
2491 932 2891 1001 operationem,
2959 949 3023 989 ac
3090 933 3299 989 sensim
3340 931 3519 986 desci-

223 1018 379 1070 seita
409 1020 537 1074 Deo.
577 1025 792 1095 1156
826 1028 1064 1081 Proinde
1097 1031 1190 1099 qui
1248 1044 1315 1083 ex
1376 1036 1663 1097 compacto
1691 1040 1979 1080 assensum
2022 1024 2231 1095 przebet
2270 1024 2409 1085 istis.
2448 1025 2764 1090 damnatur,
2833 1041 2896 1079 ac
2962 1028 3008 1081 si
3065 1035 3331 1097 Operetur
3383 1038 3516 1094 pec-

222 1114 431 1159 catum.
470 1110 656 1179 Neque
684 1116 833 1168 enim
876 1136 890 1166 ι
931 1118 986 1170 lo
1053 1118 1377 1172 malevolam
1423 1116 1662 1170 animant
1710 1114 1937 1168 intrabit
1984 1114 2277 1183 sapientia,
2322 1114 2416 1168 sed
2478 1130 2578 1168 nec
2625 1115 2898 1168 habitabit
2928 1117 2981 1169 in
3016 1130 3251 1187 corpore
3292 1113 3517 1169 subdito

220 1204 500 1267 peccatis:
566 1226 839 1277 perverste
884 1215 1030 1267 enim
1084 1213 1447 1283 cogitationes
1513 1220 1773 1280 separant
1816 1226 1845 1262 a
1881 1210 2025 1273 Deo;
2061 1218 2287 1264 sanctus
2313 1211 2461 1265 enim
2517 1210 2758 1279 Spiritus
2795 1209 3081 1279 sapientiae
3135 1209 3364 1279 eﬂ‘ugict
3420 1205 3515 1260 fic-

221 1300 365 1353 tum,
396 1305 452 1348 et
477 1298 767 1354 subtrahet
791 1320 849 1355 se
877 1319 905 1356 a
933 1304 1362 1373 cogitationibus
1400 1318 1521 1373 qua:
1554 1311 1679 1355 sunt
1705 1301 1821 1355 sine
1864 1300 2144 1354 intellectu
2165 1302 2209 1365 “,
2244 1320 2261 1352 ι
2293 1303 2451 1371 juxta
2508 1318 2676 1355 saera:
2707 1301 2904 1370 dogma
2953 1300 3272 1369 Scripturte.
3304 1299 3411 1353 Sed
3458 1313 3513 1354 ιι

219 1383 493 1443 Dominus
546 1410 557 1443 :
613 1413 628 1444 ι
663 1395 739 1448 Ex
807 1398 973 1451 corde
1029 1408 1231 1452 exeunt
1285 1397 1651 1465 cogitationes
1699 1394 1875 1453 malm,
1917 1393 2248 1459 homicidia,
2304 1394 2600 1459 adulteria,
2650 1394 3093 1457 fornicationes,
3139 1391 3330 1455 furta,
3372 1389 3510 1445 falsa

221 1483 569 1549 trs'imouia,
623 1488 1061 1559 blasphemim’“,
1095 1515 1111 1543 ι
1162 1492 1445 1562 Ejusmodi
1501 1498 1633 1542 sunt
1681 1488 1814 1541 vitia
1852 1504 1973 1557 qure
2003 1490 2056 1542 in
2102 1490 2364 1542 thesauro
2442 1485 2629 1540 cordis
2694 1487 2799 1546 sui,
2831 1496 2889 1538 ut
2951 1484 3225 1554 reprobus
3275 1485 3511 1553 quisque

219 1590 330 1638 cst.
364 1580 642 1635 recondit.
678 1582 844 1652 Atqui
899 1601 999 1637 nos
1038 1586 1187 1654 ipsos
1219 1585 1373 1638 nullo
1421 1600 1532 1637 non
1576 1592 1823 1651 tetnpore
1862 1582 2254 1649 provolvamus
2294 1581 2348 1634 in
2408 1587 2768 1648 conspectum
2802 1578 3002 1631 divinte
3044 1575 3425 1645 benignitatis,
3450 1591 3513 1630 ac

218 1672 618 1738 projiciamus,
647 1674 1007 1729 obsecrantes
1046 1676 1362 1741 Dominum,
1420 1674 1586 1729 corda
1647 1681 1836 1725 nostra
1870 1679 1930 1723 ut
1959 1672 2166 1739 expiet,
2202 1671 2282 1725 sie
2334 1680 2391 1723 ut
2423 1670 2573 1740 digni
2610 1669 2914 1723 habeantur
2945 1668 3040 1738 qui
3099 1667 3177 1722 illi
3213 1667 3512 1722 offeramus

219 1766 372 1819 dona
398 1766 451 1819 in
479 1770 826 1836 spiritualem
857 1773 1004 1824 illam
1041 1772 1460 1827 transcribenda
1513 1767 1839 1829 Jerusalem,
1881 1775 1937 1818 ct
1993 1766 2060 1818 ah
2110 1766 2228 1835 ipso
2260 1765 2584 1819 audiamus:
2631 1782 2647 1815 t
2681 1764 2865 1817 Bonus
2914 1764 3081 1818 homo
3122 1763 3191 1817 de
3250 1760 3511 1815 thesauro

216 1856 412 1912 cordis
439 1861 523 1914 sui
549 1861 761 1928 profert
796 1864 973 1919 bonos
1018 1864 1230 1921 lructus
1271 1866 1438 1920 Dco".
1481 1888 1497 1915 ι
1539 1861 1646 1932 Ipsi
1698 1858 1875 1929 gloria
1912 1856 1964 1910 in
1996 1858 2214 1911 διυειιΙςι.
2246 1859 2444 1911 Amen.

830 1982 1048 2033 ΑΗΙὊΣ
1083 1982 1205 2034 ΠΒ’.

791 2089 933 2157 Περὶ
970 2090 1264 2157 παιδείας.

286 2195 447 2264 Καλή
474 2197 621 2249 ἐστιν
652 2199 684 2266 ἡ
714 2197 931 2251 παιδεία
962 2199 1105 2252 κατὰ
1132 2202 1311 2252 πᾶσαν
1339 2200 1539 2264 αἰτίαν,
1573 2199 1806 2269 μάλιστα

209 2286 268 2338 δὲ
302 2291 447 2339 κατὰ
480 2288 633 2341 Θεὸν.
670 2289 774 2341 Τὸν
804 2290 867 2341 ἐκ
899 2292 1096 2360 νεαρᾶς
1128 2293 1237 2362 γὰρ
1270 2292 1490 2361 ἡλικίας
1516 2294 1805 2362 ὲκφιλοσο-

210 2379 446 2446 φνιῧντα,
486 2381 580 2432 καὶ
622 2382 1012 2451 παιδευόμενον
1043 2384 1259 2454 παιδείᾳ
1283 2384 1375 2436 καὶ
1405 2384 1657 2455 νουθεσίᾳ
1691 2388 1803 2439 Ku-

210 2470 358 2541 ρίου,
384 2470 489 2533 ἕως
524 2472 750 2542 γήρονς,
787 2476 883 2526 καὶ
916 2474 1232 2543 πρεσϐείου,
1258 2476 1318 2527 οὗ
1345 2477 1419 2546 μὴ
1453 2477 1801 2549 ἐγκαταλίπῃ

206 2564 237 2614 ὀ
270 2562 429 2625 Θεός.
471 2564 546 2616 Οὐ
589 2565 698 2634 γὰρ
730 2565 911 2629 ἄδικος
952 2568 980 2619 ὁ
1002 2566 1133 2632 Θεὸς
1159 2569 1512 2624 ἐπιλαθέσθαι
1542 2572 1643 2641 τῆς
1671 2591 1800 2626 παι-

205 2651 385 2714 δείας,
419 2653 513 2705 καὶ
540 2653 635 2706 τοῦ
673 2655 844 2707 κόπου
874 2655 983 2709 τῶν
1012 2656 1099 2709 διὰ
1125 2658 1186 2711 τὸ
1209 2658 1381 2726 ὄνομα
1406 2660 1571 2713 αὐτοῦ
1590 2662 1801 2731 ὑπομε-

203 2744 435 2798 νόντων.
494 2745 558 2796 Ἡ
609 2746 717 2814 γὰρ
775 2748 916 2798 κατὰ
968 2748 1102 2800 Θεὸν
1156 2750 1375 2803 παιδεία
1422 2752 1512 2803 ἐπ’
1554 2753 1801 2822 ἐσχάτων

205 2838 763 2907 πιρῤησιασοὴσεται
796 2843 851 2892 ὲν
872 2842 1039 2911 πολλῇ
1064 2843 1266 2895 ἀνέσει·
1294 2844 1407 2913 εἴγε
1443 2847 1538 2899 καὶ
1563 2849 1631 2900 τὰ
1659 2848 1799 2902 καλὰ

203 2929 461 2997 Lamia-1
494 2929 758 2993 πολλάκις
810 2932 1128 3001 ἀφαιρεῖται
1189 2933 1414 3005 Κύριος,
1466 2936 1656 3008 ὥπερ
1709 2940 1799 2992 τδν

203 3019 441 3072 πλοῦτον
494 3020 589 3072 τοῦ
650 3021 792 3073 Ἰώδο
837 3043 852 3072 ι
911 3022 1116 3093 Κύριος
1163 3024 1270 3094 γὰρ
1325 3026 1558 3091 ἔδωκεν,
1596 3031 1798 3101 Κύριος

205 3110 492 3177 ἀπείλατο.
534 3130 551 3161 ι
590 3112 814 3175 Πάντως
868 3129 970 3166 που
1029 3115 1126 3166 καὶ
1180 3116 1250 3167 τὰ
1294 3118 1436 3170 κακὲ
1484 3120 1628 3191 ἅπερ
1665 3126 1797 3193 ἡμῖν

204 3203 493 3270 ἐπήγαγεν
525 3205 553 3255 ὁ
582 3203 820 3267 αἰώνιος,
846 3207 909 3258 ἐκ
936 3207 1118 3276 χειρὸς
1145 3210 1299 3279 ἡμῶν
1320 3212 1575 3282 λήψεταιθ
1601 3236 1617 3266 ι
1644 3218 1796 3285 ’Λγαο

204 3292 274 3346 Θέι
304 3293 416 3363 γὰρ
444 3295 537 3347 καὶ
570 3298 716 3347 κακᾶ
748 3300 899 3367 παρὰ
922 3299 1130 3369 Κυρίου
1152 3341 1165 3363 ,
1206 3321 1222 3350 ι
1289 3306 1473 3373 φησίν.
1508 3308 1616 3360 Καὶ
1648 3310 1675 3361 ὃ
1703 3312 1798 3363 ἐπ·
1833 3319 1874 3374 Β

204 3386 435 3453 αγαγὼν
456 3388 589 3454 ἡμῖν
617 3388 684 3438 τὰ
703 3388 1049 3453 uanam-31o;
1081 3391 1270 3457 ἐπάξει
1294 3394 1427 3463 ἡμῖν
1454 3394 1552 3467 τὴν
1582 3397 1797 3453 αἰώνιον

203 3477 580 3547 εὑιξροσύνην.
618 3478 830 3534 Οὐκοῦν
876 3479 1153 3550 ὀφειλέται
1206 3484 1373 3553 ἐσμὲν
1406 3485 1505 3547 τὰς
1539 3488 1597 3539 ἐν
1633 3489 1797 3542 παντὶ

206 3567 466 3630 παιδείας
498 3569 837 3639 εὐχαρίστως
867 3568 1145 3634 δέξασθαι.
1191 3572 1248 3625 ’0
1275 3574 1384 3643 γὰρ
1428 3577 1502 3645 μὴ
1536 3578 1797 3648 αἱρούμε-

204 3676 297 3721 νος
347 3660 473 3721 ττιίις
508 3661 649 3731 ὑπὲρ
681 3661 942 3731 ἁληἿείας
992 3662 1207 3729 πόνους,
1252 3667 1516 3730 ἑκουσίως
1554 3669 1656 3722 ὑπὸ
1687 3671 1797 3724 τῶν

204 3750 487 3803 ἀιιδνσίων
518 3751 915 3823 χαλεπωτέρως
950 3754 1287 3807 παιδεύεται.
1342 3757 1402 3812 Ὀ
1446 3759 1503 3811 δὲ
1538 3761 1706 3814 ποιῶν
1736 3762 1798 3815 τὸ

209 3843 431 3912 θέλημα
463 3842 557 3895 τοῦ
593 3841 730 3895 ε)εοῦ
768 3845 909 3896 κατὰ
942 3844 1193 3915 δύναμιν,
1230 3847 1318 3899 διὰ
1369 3851 1581 3919 μικρῶν
1616 3853 1796 3907 πόνων

201 3932 334 3995 τοὺς
369 3933 639 4002 μεγάλους
698 3933 1042 4001 ἐκφεύξεται.
1078 3936 1249 4004 Φησὶν
1293 3937 1349 3990 δὲ
1388 3941 1481 3992 καὶ
1518 3943 1546 3994 ὁ
1589 3943 1794 4013 Παροι-

206 4023 469 4092 μιαστήςο
498 4040 516 4072 ι
552 4022 610 4074 Ὀ
641 4022 976 4093 φοϐούμενος
1002 4028 1093 4078 τὸν
1121 4026 1324 4098 Κύριον
1359 4029 1637 4095 ἐκδέξεται
1667 4052 1796 4089 παι-

200 4113 376 4166 δείαν.
415 4132 433 4163 ι
480 4113 587 4168 Καὶ
616 4109 806 4177 αὖθις·
846 4134 863 4166 ι
911 4118 1006 4179 ὐς
1051 4117 1294 4186 φείδεται
1325 4120 1422 4190 τῆς
1462 4122 1659 4177 ἑαυτοῦ
1699 4126 1795 4196 βα-

203 4202 465 4272 κτηρίας,
508 4206 656 4272 μισεῖ
686 4204 777 4256 τὸν
810 4205 1004 4257 ἑαυτοῦ
1041 4206 1173 4258 υίὸν’
1206 4208 1234 4259 ὁ
1273 4207 1329 4260 δὲ
1379 4209 1635 4275 ἀγαπῶν,
1674 4214 1796 4266 ὲπι-

207 4290 390 4361 μελῶς
438 4290 702 4345 παιδεύει.
744 4312 762 4342 ι
804 4293 915 4345 Καὶ
943 4293 1106 4346 πάλιν
1135 4308 1147 4322 ·
1189 4312 1206 4344 ι
1249 4295 1483 4348 Παίδεύε
1528 4297 1620 4349 τὸν
1679 4299 1796 4351 υἱόν

206 4400 325 4437 σοιν
368 4377 523 4445 οὗτος
550 4384 658 4455 γὰρ
685 4383 838 4437 ἔσται
864 4383 1107 4448 εὔελπις.
1142 4387 1367 4450 Ἄκουε,
1399 4389 1506 4456 υἱὲ,
1533 4391 1626 4443 καὶ
1645 4390 1797 4454 δέξαι

203 4474 380 4545 ἐμοὺς
409 4474 623 4543 λόγους,
673 4477 764 4527 καὶ
806 4475 1281 4548 πληθυνοήσονται
1324 4480 1417 4548 ἔτη
1472 4480 1618 4551 ζωῆς
1677 4499 1793 4536 σου.

216 4564 514 4619 Ἐπιλαεοῦ
552 4566 693 4637 ἐμῆς
724 4568 1005 4634 παιδείας,
1041 4573 1114 4641 μὴ
1147 4571 1323 4639 ἀφείς·
1358 4572 1471 4636 υἱὸς
1505 4577 1617 4645 γὰρ
1657 4578 1795 4629 ἁπο-

2416 1968 2700 2023 llOSllLIA
2744 1965 3006 2019 LXXX”.

2255 2082 2331 2136 De
2370 2080 2649 2151 disciplina
2668 2082 2775 2134 sive
2804 2078 3157 2147 correptione.

1990 2198 2288 2268 Disciplina
2325 2196 2625 2267 quominus
2670 2195 2817 2248 bona
2844 2191 3021 2245 videri
3076 2189 3297 2252 debeat,
3351 2187 3503 2242 nulla

1911 2286 2160 2355 suppetit
2208 2283 2371 2348 ratio,
2432 2281 2667 2335 maxime
2712 2281 2759 2334 si
2805 2277 3110 2333 secundum
3170 2275 3341 2329 Deum
3395 2283 3500 2327 cst.

1912 2375 2099 2443 Neque
2151 2374 2300 2429 enim
2360 2390 2486 2428 cuin
2525 2375 2619 2443 qui
2675 2374 2744 2425 ab
2777 2371 3003 2424 ineunte
3036 2367 3279 2439 primum
3339 2374 3503 2419 aelate.

1910 2465 2333 2535 philosophatus
2361 2467 2433 2519 sit
2458 2472 2514 2518 et
2539 2463 2795 2517 eruditus
2814 2460 2881 2514 ad
2908 2459 3213 2527 disciplinae
3243 2466 3300 2511 et
3318 2456 3503 2509 Domi-

1908 2563 2045 2617 nica:
2079 2560 2481 2617 admonitionis
2514 2567 2789 2618 tenorem,
2823 2566 2999 2620 usque
3027 2551 3082 2603 in
3117 2556 3398 2604 senectam
3445 2557 3501 2601 et

1907 2652 2296 2707 seniumhuuc
2323 2650 2468 2703 Deus
2498 2646 2871 2713 dercliuquct.
2906 2642 3025 2695 Non
3060 2640 3208 2694 enim
3259 2641 3501 2709 injustus

1906 2745 2076 2808 Deus,
2108 2750 2167 2797 ut
2203 2741 2565 2795 obliviscatur
2597 2736 2905 2805 disciplina:
2953 2740 3010 2788 ct
3057 2731 3264 2787 laboris
3304 2745 3496 2783 eorum

1907 2836 2000 2906 qui
2024 2852 2125 2905 pro
2158 2834 2331 2904 gloria
2366 2831 2607 2886 nominis
2637 2829 2811 2898 ipsius
2843 2842 2952 2880 non
2988 2826 3274 2878 instrcnue
3328 2820 3498 2876 susti-

1908 2934 2061 2978 nent.
2086 2922 2218 2988 Qum
2239 2920 2550 2977 secundum
2595 2920 2768 2973 Deum
2801 2925 2885 2971 est
2927 2914 3247 2984 disciplina,
3293 2913 3348 2966 in
3400 2927 3500 2966 cx-

1908 3014 2100 3068 trcniis
2130 3012 2249 3067 suis
2278 3011 2453 3066 multa
2486 3025 2612 3063 eum
2651 3010 2913 3062 libertate
2942 3022 3007 3060 ae
3054 3004 3256 3059 fiducia
3302 3004 3497 3072 loque-

1907 3115 2017 3160 tur.
2038 3106 2081 3157 Λ
2107 3104 2270 3158 nobis
2305 3103 2498 3171 utique
2524 3102 2672 3155 Deus
2697 3099 2866 3153 ctiam
2887 3098 3029 3152 bona
3058 3097 3262 3161 aufert,
3295 3110 3497 3164 quent-

1905 3195 2202 3250 admodum
2253 3209 2283 3248 a
2352 3202 2545 3248 sancto
2575 3192 2679 3246 Job
2710 3190 2963 3244 divitias:
3004 3208 3020 3239 ι
3054 3187 3321 3243 Dominus
3349 3186 3497 3241 enim

1905 3287 2083 3352 dedit,
2135 3294 2192 3339 ct
2236 3285 2505 3340 Dominus
2553 3283 2785 3337 abstulit
2819 3282 2882 3333 '°.
2939 3300 2956 3333 ι
3015 3281 3369 3348 Qua-cunque
3426 3276 3498 3333 ab

1902 3376 2061 3430 initio
2105 3375 2319 3430 conditi
2363 3375 2550 3429 szeculi
2586 3374 2727 3427 mala
2786 3372 2999 3435 intulit,
3045 3370 3113 3425 de
3170 3385 3339 3425 manu
3376 3370 3499 3441 ejus

1900 3469 2248 3538 accepimus:
2285 3487 2302 3519 ι
2342 3468 2490 3522 Bona
2517 3467 2668 3521 enim
2716 3476 2772 3521 et
2819 3467 2963 3519 mala
2993 3464 3313 3529 Domino“,
3347 3481 3366 3516 ι
3419 3465 3499 3517 ait

1901 3560 2208 3630 Scriptura.
2263 3558 2503 3615 Proinde
2543 3560 2639 3628 qui
2695 3557 2835 3612 mala
2888 3557 3007 3612 lucc
3050 3556 3265 3612 invehit
3310 3555 3494 3620 nobis,

1900 3650 2046 3704 idem
2081 3665 2305 3719 quoque
2334 3650 2480 3704 Deus
2502 3659 2769 3702 aeternam
2802 3648 3029 3702 inducet
3075 3648 3342 3702 laetitiam.
3388 3645 3496 3701 De-

1901 3739 2098 3795 bemus
2123 3741 2307 3809 itaque
2330 3740 2503 3793 multa
2524 3754 2651 3794 cum
2672 3740 2975 3809 gratiarum
3004 3740 3222 3794 actione
3242 3739 3496 3809 accipere

1901 3829 1960 3884 in
1988 3831 2251 3885 omnibus
2281 3830 2635 3901 disciplinam
2682 3840 2737 3886 et
2770 3831 3187 3901 eorreptionem
3233 3830 3492 3885 Domini:

1899 3922 1995 3992 qui
2032 3923 2181 3977 enim
2218 3938 2319 3993 pro
2360 3925 2595 3978 veritate
2624 3925 2935 3994 quamlibet
2961 3924 3256 3995 perplexos
3282 3924 3496 3979 labores

1900 4027 2012 4066 non
2062 4013 2170 4068 fert
2211 4014 2526 4080 ultroneus,
2583 4015 2721 4070 nolit
2774 4015 2925 4081 licet,
2998 4016 3174 4069 multo
3218 4016 3497 4086 plectetur

1900 4105 2195 4176 disciplina
2225 4108 2522 4161 atrociore.
2546 4106 2813 4177 Quisquis
2842 4117 3026 4163 autem
3047 4109 3332 4179 explenda:
3353 4109 3495 4165 divi-

1899 4213 1985 4253 na:
2016 4199 2292 4253 voluntati
2312 4214 2370 4253 se
2406 4209 2748 4269 spontancus
2771 4201 3172 4267 accommodat,
3192 4218 3291 4271 per
3311 4201 3493 4256 modi-

1900 4306 1995 4345 cos
2028 4290 2249 4345 labores
2284 4286 2541 4345 ultronec
2588 4293 2852 4348 toleratos
2888 4294 3051 4364 longe
3090 4296 3289 4349 evadet
3339 4311 3495 4350 acer-

1901 4383 2107 4437 biores.
2164 4383 2555 4438 Parmmiastes
2605 4384 2881 4453 siquidem
2949 4387 3069 4439 ait:
3125 4405 3142 4437 ι
3176 4385 3281 4451 Qui
3336 4386 3493 4441 timet

1898 4475 2195 4529 Dominum
2220 4476 2462 4545 excipiet
2486 4475 2841 4546 disciplinam
2867 4479 2931 4530 η.
2968 4496 2985 4529 ι
3022 4477 3268 4532 Itursus:
3326 4497 3344 4529 ι
3386 4481 3490 4546 Qui

1901 4568 2078 4637 parcit
2109 4567 2332 4631 baculo,
2371 4568 2728 4636 oditﬁlium;
2770 4571 2865 4640 qui
2899 4581 3085 4625 autem
3119 4572 3316 4642 diligit,
3364 4572 3493 4626 dili-

200 4657 613 4727 λιμπανόμενος
663 4658 896 4727 φυλάξαι
939 4662 1188 4715 παιδείαν
1235 4664 1462 4734 πατρὶς,
1505 4665 1794 4737 μελετήσει

1902 4669 2093 4730 genter
2130 4661 2321 4716 erudit
2370 4663 2614 4717 illum”.
2650 4682 2668 4715 ι
2731 4663 2975 4718 lterutn:
3022 4682 3039 4715 ι
3087 4664 3257 4718 Erudi
3312 4666 3488 4720 lilium

204 4751 400 4820 ῥήσεις
444 4749 642 4812 κακὰς.
675 4770 692 4799 ι
728 4752 838 4804 Καὶ
889 4751 1085 4804 πάλιν·
1135 4771 1152 4802 ι
1189 4755 1416 4824 ’Λψρων
1464 4758 1792 4828 μυκτηρίζει

201 4840 460 4895 παιδείαν
490 4845 718 4912 πατρὸςο
751 4846 780 4897 ὁ
823 4842 880 4896 δὲ
915 4845 1206 4912 φυλάσσων
1232 4848 1513 4918 ἐλέγχους,
1547 4867 1791 4924 πανουρ-

200 4935 471 5005 γώτερος.
509 4955 527 4986 ι
566 4936 674 4991 Καὶ
700 4936 863 4989 πάλιν
895 4953 907 4964 ·
941 4956 957 4987 ι
995 4937 1095 5001 Ait;
1127 4940 1207 5001 εἰς
1243 4941 1491 4993 παιδείαν
1526 4943 1626 5012 τὴν
1657 4961 1793 5014 καρ-

199 5030 325 5083 δίαν
357 5046 476 5095 σον,
505 5030 575 5083 τὰ
621 5030 680 5082 δὲ
721 5032 860 5085 ὀστᾶ
910 5048 1001 5084 σου
1053 5033 1340 5103 ἑτοίμασον
1388 5034 1566 5102 λόγοις
1596 5036 1793 5107 αἰσθή-

202 5139 368 5183 σεως.
415 5139 434 5173 ι
473 5122 583 5175 Καὶ
612 5122 794 5177 πάλινο
832 5142 851 5174 ι
882 5124 972 5192 Μὴ
1004 5124 1222 5196 ἀπόσχῃ
1258 5127 1456 5195 νήπιον
1487 5127 1790 5193 παιδεύειν,

200 5214 287 5266 ὅτι
314 5211 416 5266 ἐὰν
450 5212 699 5283 πατάξῃς
731 5214 896 5267 αὑτὸν
930 5215 1131 5285 ῥάϐδῳ,
1156 5216 1257 5269 οὐκ
1288 5217 1662 5284 ἀποθανεῖται,
1694 5220 1793 5289 τὴν

201 5305 259 5358 δὲ
286 5304 467 5376 ψυχὴν
499 5306 666 5360 αὑτοῦ
697 5304 911 5370 σώσεις.
950 5327 970 5359 ι
996 5310 1104 5362 Καὶ
1131 5305 1286 5372 αὖθις
1314 5328 1327 5341 ·
1372 5329 1390 5357 ι
1425 5312 1651 5364 Παίδευε
1680 5314 1792 5368 υἱόν

207 5410 334 5455 σου,
384 5395 481 5448 καὶ
528 5396 838 5450 ἀναπαύσει
880 5414 962 5464 σε,
1000 5398 1097 5451 καὶ
1129 5398 1290 5453 δώσει
1346 5400 1549 5471 κόσμον
1603 5405 1670 5473 τῇ
1724 5406 1789 5474 σῇ

203 5484 377 5555 ψυχῇ.
414 5503 434 5537 ι
475 5486 584 5541 Καὶ
611 5485 775 5540 πάλιν
805 5503 818 5517 ⁸
858 5507 877 5539 ι
924 5489 1153 5557 ’Δγαοὺν
1185 5490 1246 5542 τὸ
1274 5491 1789 5565 ἀκοῦσαιέπιτίμη-

208 5593 298 5630 σιν
330 5577 520 5648 σοφοῦ,
558 5579 701 5650 ὑπὲρ
740 5579 911 5651 ἄνδρα
945 5580 1216 5635 ἀκούοντα
1254 5578 1408 5653 ᾆσμα
1448 5584 1720 5653 ἀφρόνων.
1764 5604 1783 5638 ι

814 5735 1050 5791 "Exod.
1087 5752 1217 5799 xm,
1259 5738 1340 5790 ll.

455 5805 492 5835 ¹¹
532 5805 635 5859 .lob
666 5822 724 5869 ιι,
755 5806 835 5860 ιιι.
942 5810 980 5837 ¹¹
1024 5809 1182 5863 l’rov.
1210 5823 1324 5869 xui,
1369 5809 1447 5861 l5.

278 5731 303 5764 '
334 5732 478 5787 Psal.
504 5749 659 5796 Lxxx.
685 5733 737 5789 8.

279 5802 370 5856 2|.
455 5805 492 5835 ”
532 5805 635 5856 .lob
666 5822 724 5856 ιι.

210 5870 301 5926 20.

1454 5738 1473 5768 ⁸
1498 5739 1624 5806 Sap.
1652 5756 1687 5802 I,
1718 5738 1771 5798 -ί,

1532 5811 1570 5839 ’³
1609 5810 1738 5863 ibid.
1780 5812 1864 5866 :2}.

1899 4761 2075 4815 tuum,
2108 4751 2188 4805 sic
2211 4753 2361 4807 cnim
2387 4752 2545 4808 home
2575 4754 2688 4823 spei
2723 4756 2851 4808 erit.
2886 4755 3054 4820 Audi,
3080 4754 3178 4820 fili,
3212 4765 3267 4811 et
3294 4757 3489 4826 excipe

1895 4858 2048 4897 meos
2072 4858 2381 4909 sermones,
2405 4853 2457 4899 ct
2490 4845 3017 4915 multiplicabuntur
3040 4849 3171 4901 anni
3194 4848 3320 4902 vita:
3350 4856 3487 4913 tum;

1900 4933 2112 5004 1157
2148 4935 2369 5003 suscipe
2416 4939 2831 5006 correptioncm
2873 4953 3074 5002 meam,
3121 4953 3189 4993 ne
3240 4937 3489 4992 dimittas

1895 5042 2015 5081 eam
2044 5046 2057 5093 ;
2093 5028 2241 5082 ﬁlius
2261 5030 2411 5083 enim
2442 5030 2536 5100 qui
2566 5031 2775 5084 omittit
2802 5031 3086 5086 custodire
3134 5030 3484 5101 disciplinam

1895 5122 2089 5191 patris,
2150 5124 2487 5194 exeogitabit
2539 5124 2813 5194 colloquia
2861 5126 3119 5195 prava“.
3169 5144 3185 5176 ι
3239 5124 3482 5180 lterum:

1902 5234 1920 5267 ι
1959 5216 2175 5272 Stultus
2199 5218 2874 5288 subsanuatdisciplinam
2915 5219 3110 5289 patris,
3160 5219 3253 5287 qui
3300 5228 3486 5273 autem

1898 5308 2140 5361 custodit
2201 5308 2602 5376 correptiones,
2641 5310 2879 5363 astutior
2921 5310 3112 5363 erit”.
3155 5326 3173 5359 ι
3235 5308 3507 5362 Itursusz‘

1905 5417 1922 5450 ι
1972 5399 2047 5452 Da
2072 5398 2141 5452 ad
2166 5399 2520 5469 disciplinam
2556 5414 2654 5453 eor
2679 5408 2857 5465 tuum,
2911 5414 3074 5454 aures
3121 5407 3306 5453 autem
3364 5405 3487 5452 tuas

1896 5491 2255 5546 accommoda
2275 5492 2629 5547 sermonibus
2654 5492 2936 5548 sensus“.
2981 5510 3001 5539 ι
3048 5492 3294 5546 lterum:
3355 5509 3374 5541 ι
3408 5491 3487 5545 Ne

1895 5585 2155 5641 omiseris
2178 5585 2403 5641 erudire
2430 5601 2706 5656 puerum;
2751 5586 2883 5657 quia
2905 5584 2952 5642 si
2980 5588 3138 5659 virga
3179 5601 3308 5641 eum
3355 5601 3487 5656 pcr-

1965 5743 2005 5772 ⁸⁵
2036 5741 2226 5797 Matth.
2255 5759 2341 5805 xv,
2377 5743 2463 5803 18,
2504 5744 2583 5799 l9.

1974 5811 2013 5843 "
2040 5813 2200 5867 l'rov.
2237 5830 2343 5875 xix,
2376 5816 2451 5867 I3.
2573 5816 2613 5843 "'
2650 5814 2811 5869 Prov.
2851 5830 2939 5875 xv,
2970 5814 3021 5870 5.

2697 5744 2719 5776 ⁹
2746 5742 2936 5799 Matth.
2973 5759 3068 5810 xu,
3098 5742 3188 5799 35.
3308 5742 3353 5774 “
3383 5741 3489 5797 Job

2697 5830 2811 5867 rov.
2851 5830 2939 5869 xv.
2970 5814 3021 5869 5.
3143 5816 3184 5845 ¹⁶
3214 5812 3376 5869 Prov.
3408 5827 3484 5869 ιν.

3362 5850 3376 5869 ι
3408 5849 3484 5878 ινρ
