4178 6436
689 335 824 400 2683

1958 351 2322 413 ANTIOCHI
2365 353 2702 416 MONACHI

3812 354 3950 418 1681

687 449 946 514 eusseris,
978 465 1087 506 non
1109 453 1394 518 morietur,
1423 457 1660 512 animam
1685 469 1868 515 autem
1893 465 2016 534 ejus
2072 465 2250 518 salva-

2367 469 2463 522 Καὶ
2491 469 2688 536 ἐπάγει
2718 485 2730 522 :
2775 487 2794 520 ι
2827 468 3147 533 Ἀκούσατε,
3174 470 3386 536 παῖδες,
3411 473 3662 526 παιεεὲαν
3692 478 3906 542 πατρός
3933 493 3946 505 ·

689 541 855 596 bis".
889 560 908 594 ι
938 542 1182 599 Rursus:
1215 563 1234 598 ι
1263 546 1434 604 Erudi
1461 546 1634 604 illium
1669 559 1847 619 tuum,
1884 563 1941 609 et
1985 554 2258 609 rei'ocilia-

688 628 766 682 bit
797 639 870 690 te.
898 640 956 684 et
981 630 1135 688 dabit
1153 643 1537 690 ornamentum
1563 639 1758 694 anima
1777 648 1885 694 tua:
1905 640 2002 695 η.»
2033 642 2254 696 Iterum:

695 738 713 770 ι
745 719 938 775 Melius
965 729 1050 775 est
1082 721 1274 777 audire
1303 726 1713 796 correptionem
1754 729 2045 798 sapientis,
2095 747 2258 800 quam

689 810 882 865 audire
906 811 1180 867 canticum
1205 810 1582 872 stultorum".
1615 838 1633 870 ι
1679 819 1930 876 lnducit:
1981 844 1999 876 ι
2032 822 2256 886 Audite,

693 901 810 964 (iiii,
827 902 1171 974 disciplinam
1193 907 1385 976 patris,
1433 916 1489 962 et
1510 912 1799 976 attendite,
1819 914 2078 968 utsciatis
2099 914 2261 967 intel-

691 992 1003 1060 ligentiam;
1035 994 1238 1050 donum
1259 997 1407 1052 enim
1450 998 1655 1056 bonum
1688 1002 1833 1057 dabo
1867 1005 2047 1068 vobis,
2084 1005 2258 1075 legem

693 1096 869 1136 meam
921 1098 992 1138 ne
1035 1084 1429 1155 derelinquatis
1449 1090 1518 1146 ".
1556 1091 1849 1164 luteiligite
1880 1133 1895 1157 .
1954 1096 2260 1166 simplices,

691 1173 967 1237 astutiam,
997 1184 1055 1230 et
1076 1175 1362 1244 ineruditi,
1386 1183 1646 1250 apponite
1679 1199 1798 1247 cor,
1819 1186 2057 1254 accipite
2081 1186 2255 1240 disci-

693 1263 896 1330 plinam
917 1273 972 1319 et
997 1281 1106 1322 non
1129 1277 1438 1338 argentum,
1465 1280 1521 1324 et
1551 1272 1840 1326 scientiam
1876 1276 2052 1345 magis
2092 1291 2258 1344 quam

693 1369 890 1407 aurum
946 1355 1322 1423 probatum".
1351 1376 1370 1408 ι
1404 1358 1509 1412 Per
1545 1358 1887 1428 Sophoniam
1931 1365 2258 1432 prophetam

695 1444 868 1499 Deus:
894 1463 912 1495 ι
955 1445 1248 1502 Timebitis
1281 1465 1388 1512 me,
1407 1460 1464 1502 et
1485 1450 1769 1518 accipietis
1791 1452 2171 1523 disciplinam,
2206 1465 2262 1510 et

695 1550 803 1588 non
829 1535 1098 1604 peribitis,
1127 1547 1186 1590 ut
1209 1537 1462 1592 servistis
1485 1539 1715 1593 Domino
1739 1541 1842 1595 sub
1861 1541 1992 1610 jugo
2026 1558 2137 1596 uno
2154 1546 2217 1592 ⁸⁸.
2238 1561 2256 1593 ι

695 1627 976 1682 liiichms:
1008 1646 1026 1678 ι
1058 1629 1226 1684 Pasce
1247 1631 1510 1700 populum
1548 1641 1701 1685 tuum
1725 1631 1780 1685 in
1805 1634 1957 1702 virga
1975 1635 2042 1686 ".
2074 1653 2092 1685 ι
2120 1634 2259 1688 Pau-

694 1718 781 1771 lus
805 1716 1047 1774 Ilebrteis
1072 1719 1209 1775 dicit
1243 1736 1342 1790 per
1371 1723 1658 1790 epistolam
1685 1741 1698 1776 :
1735 1743 1753 1774 ι
1789 1724 1912 1789 Fili,
1937 1725 2048 1778 noli
2088 1725 2262 1796 negli-

694 1823 822 1876 gere
847 1809 1193 1877 disciplinam
1245 1810 1364 1874 Dei,
1395 1827 1575 1880 neque
1615 1812 1865 1881 fatigeris
1911 1814 2043 1867 dum
2075 1814 2145 1868 ab
2196 1830 2264 1867 eo

694 1898 963 1965 argueris.
1018 1897 1189 1962 Quem
1240 1899 1391 1961 enim
1433 1900 1612 1972 diligit
1653 1903 1956 1965 Dominus,
2005 1905 2261 1973 castigat,

695 1987 930 2056 ilageilat
953 1997 1136 2043 autem
1164 2005 1382 2052 omnem
1414 1991 1585 2046 illium
1607 2031 1625 2057 ,
1664 2009 1826 2062 quem
1866 1995 2084 2064 recipit.
2125 1996 2264 2070 Quis

694 2078 840 2132 enim
866 2079 1028 2144 iilius,
1058 2097 1221 2150 quem
1245 2098 1355 2138 non
1381 2084 1614 2153 corripit
1633 2086 1826 2154 pater?
1853 2086 2009 2151 Quod
2037 2088 2083 2140 si
2107 2097 2265 2143 extra

695 2169 1040 2238 disciplinam
1101 2173 1270 2236 estis,
1326 2188 1459 2243 ergo
1511 2174 1808 2230 aduiterini
1868 2185 1926 2231 et
1985 2193 2096 2231 non
2161 2177 2261 2231 lilii

694 2258 908 2323 estis“.
953 2277 971 2310 ι
1000 2260 1303 2323 Corinthiis
1325 2261 1487 2316 item:
1530 2284 1546 2313 ι
1580 2264 1635 2318 Si
1665 2265 1814 2319 enim
1853 2281 1956 2337 ego
1987 2268 2264 2324 contristo

697 2367 814 2415 vos,
839 2363 896 2417 et
933 2354 1059 2423 quis
1085 2363 1169 2408 est
1189 2355 1284 2423 qui
1312 2356 1554 2411 lmtiilcat
1589 2372 1674 2410 me
1698 2358 1808 2412 nisi
1841 2359 1890 2412 is
1917 2360 2012 2428 qui
2046 2360 2263 2413 contri-

695 2447 873 2494 statur
921 2456 1022 2510 per
1063 2442 1249 2495 me"?
1283 2461 1303 2494 ι
1355 2443 1528 2498 Infert
1556 2462 1569 2498 :
1607 2463 1623 2494 ι
1657 2444 1848 2500 Omnis
1874 2457 2059 2501 autem
2093 2447 2266 2500 disci-

697 2532 843 2601 plina
864 2533 918 2586 in
945 2535 1200 2605 praesenti
1229 2534 1454 2604 quidem
1500 2551 1611 2590 non
1640 2537 1863 2592 videtur
1890 2552 2013 2592 esse
2053 2538 2264 2607 gaudii.

696 2625 793 2681 sed
837 2626 1109 2687 man-oris,
1163 2635 1353 2703 postea
1393 2642 1527 2681 vero
1570 2627 1812 2683 fructum
1863 2639 2120 2698 pacatum
2166 2646 2267 2699 per

697 2729 817 2767 eam
849 2715 1163 2774 exercitatis
1201 2716 1395 2770 reddet
1411 2716 1724 2785 justitia“.
1769 2736 1787 2768 ι
1818 2718 1990 2771 David
2018 2735 2030 2771 :
2073 2738 2090 2770 ι
2119 2719 2258 2773 Bea-

701 2813 787 2857 tus
821 2803 985 2856 homo
1017 2819 1182 2872 quem
1221 2815 1279 2857 tu
1303 2805 1600 2871 erudieris,
1657 2806 1912 2869 Domine,
1944 2815 2002 2860 et
2028 2807 2097 2861 de
2143 2808 2266 2877 lege

699 2905 790 2948 tua
809 2895 1066 2949 docueris
1091 2896 1303 2959 eum";
1339 2915 1357 2946 ι
1413 2905 1498 2950 et:
1562 2915 1580 2947 ι
1617 2895 1905 2965 Castigans
1955 2898 2259 2968 castigavit

699 3002 786 3046 me
809 2987 1093 3049 Dominus,
1120 2994 1178 3040 et
1230 2986 1394 3040 morti
1427 3002 1535 3040 non
1576 2986 1819 3042 reddidit
1871 2989 2040 3042 me”.
2080 3008 2098 3039 ι
2154 2990 2264 3043 ite-

2361 561 2456 614 καὶ
2487 561 2784 633 προσέχετε
2829 562 3031 630 γνῶναι
3079 563 3310 618 ἔννοιαν.
3367 563 3554 634 Δῶρον
3586 565 3696 634 γὰρ
3735 565 3948 632 ἀγαθὸν

2359 653 2638 724 δωροῦμαι
2667 655 2817 725 ὑμῖν,
2851 654 2942 708 τὸν
2990 656 3123 723 ἐμὸν
3177 656 3341 727 νόμον
3388 657 3465 728 μὴ
3513 658 3945 724 ἐγκαταλίπετε.

2361 746 2629 816 Νοήσατε,
2651 748 2871 810 ἄκακοι,
2893 749 3250 819 πανουργίαν·
3274 751 3322 803 oi
3342 749 3400 802 δέ
3423 749 3766 814 ἀπαίδευτοι,
3797 750 3949 803 ἔνθε-

2363 839 2456 891 σθε
2484 839 2732 908 καρδίαν·
2758 839 2952 893 λὰὁετε
2983 840 3252 903 παιδείαν,
3282 841 3376 893 καὶ¹
3410 841 3484 910 μὴ
3511 841 3807 912 ἀργύριον,
3853 845 3949 896 καὶ

2361 926 2564 992 γνῶσιν
2586 928 2726 995 ὑπὲρ
2753 928 2977 998 χρυσίον
3006 929 3495 999 δεδοκιμασμένον.
3531 949 3548 981 ι
3583 931 3693 984 Kal
3720 932 3812 984 διὰ
3850 931 3948 986 τοῦ

2362 1018 2639 1086 προφήτου
2672 1019 2929 1086 Σοφονίου
2968 1021 3133 1089 φησὶν
3181 1023 3210 1072 6
3249 1021 3415 1084 Θεός’
3477 1042 3496 1074 ι
3561 1022 3828 1076 Φοϐεῐσθέ
3880 1041 3948 1092 με

2362 1109 2457 1162 καὶ
2492 1107 2719 1172 δέξασθε
2767 1110 3042 1175 παιδείαν,
3098 1111 3192 1163 καὶ
3231 1111 3292 1164 ού
3346 1113 3421 1182 μὴ
3469 1113 3945 1184 ἐξολοθρευοῆτε,

2361 1197 2455 1252 τοῦ
2497 1198 2769 1252 δουλεύειν
2803 1202 2994 1270 Κυρίῳ
3040 1201 3147 1255 ὑπὸ
3198 1202 3366 1270 ζυγὸν
3407 1203 3527 1258 ἕνα.
3563 1224 3581 1255 ι
3614 1206 3727 1258 Kal
3774 1206 3804 1258 6
3843 1207 3948 1260 Mt-

2364 1291 2519 1360 χαίας
2553 1290 2735 1358 φησίν·
2775 1310 2793 1342 ι
2838 1292 3101 1360 Ποίμαινε
3145 1293 3276 1346 λαόν
3323 1311 3418 1347 σου
3450 1294 3510 1346 ἐν
3549 1295 3754 1365 ῥάϐδῳ.
3814 1315 3833 1348 ι
3888 1298 3946 1349 '0

2362 1383 2418 1436 δὲ
2446 1383 2766 1445 ’Δπόστολος
2787 1383 3430 1455 ἐπιστέλλωνΈσραίοις,
3459 1387 3629 1454 λέγει·
3663 1406 3680 1438 ι
3712 1388 3834 1447 Υἱὲ.
3871 1390 3948 1462 μὴ

2362 1470 2610 1538 ὀλιγώρει
2656 1470 2904 1532 παιδείας
2948 1470 3181 1539 Κυρίου,
3234 1472 3370 1540 μηδὲ
3414 1472 3612 1525 ἐκλύου
3649 1473 3742 1526 ὑπ’
3777 1473 3944 1525 αὑτοῦ

2363 1559 2735 1628 ἐλεγχόμενος.
2770 1560 2866 1613 Ὃν
2892 1560 3001 1627 γὰρ
3035 1561 3222 1628 ἀγαπᾷ
3256 1559 3482 1628 Κύριος,
3515 1562 3792 1614 παιδεύει*
3834 1580 3944 1628 μα-

2366 1649 2619 1717 στιγοῖδέ
2659 1650 2837 1702 πάντα
2871 1651 2986 1703 υἱὸν
3012 1651 3072 1704 6v
3099 1650 3499 1720 παραδέχεται.
3537 1651 3634 1715 Τίς
3663 1653 3772 1722 γάρ
3797 1654 3949 1706 ἐστιν

2365 1742 2478 1804 υίὸς
2511 1741 2570 1794 ὃν
2595 1740 2654 1794 ού
2685 1739 2928 1795 παιδεύει
2953 1743 2981 1794 6
3015 1743 3238 1811 πατήρ;
3275 1745 3322 1796 εί
3376 1742 3434 1796 δὲ
3466 1745 3633 1815 χωρίς
3663 1745 3792 1796 ἐστε
3817 1763 3950 1798 παι-

2365 1832 2532 1896 δείας,
2579 1831 2686 1900 ἄρα
2726 1831 2871 1885 νόθοι
2907 1832 3051 1897 ἐστὲ,
3083 1833 3178 1884 καὶ
3214 1833 3338 1902 οὐχὶ
3370 1834 3496 1889 υἱοί.
3543 1853 3561 1887 ι
3604 1837 3714 1889 Kal
3751 1837 3950 1905 Κοριν-

2366 1924 2520 1984 θίοις·
2562 1942 2580 1974 ι
2631 1922 2693 1976 Εἰ
2733 1924 2844 1994 γὰρ
2891 1921 3001 1990 ἐγὼ
3044 1922 3200 1976 λυπῶ
3254 1924 3433 1993 ὑμᾶς,
3467 1925 3564 1979 καὶ
3598 1925 3681 1984 τίς
3722 1929 3882 1980 ἐστιν
3923 1930 3951 1982 6

2365 2013 2672 2082 εὐφραίνων
2697 2030 2787 2082 με,
2820 2014 2868 2066 εί
2898 2014 2974 2084 μὴ
3007 2014 3035 2067 6
3071 2013 3411 2084 λυπούμενος
3450 2015 3508 2079 ἐξ
3553 2015 3725 2086 ἐμοῦς
3777 2035 3797 2068 ι
3839 2018 3951 2070 Καὶ

2365 2106 2649 2174 ἐπιφέρειο
2688 2123 2708 2157 ι
2749 2106 2908 2158 Πᾶσα
2940 2106 2996 2158 δέ
3043 2106 3280 2167 παιδεία,
3321 2107 3458 2177 πρὸς
3487 2107 3588 2176 μὲν
3632 2108 3695 2161 τὸ
3727 2109 3937 2176 παρὸν,

2364 2197 2428 2250 οὑ
2450 2197 2600 2250 δοκεῖ
2625 2198 2802 2265 χαρᾶς
2827 2192 2988 2260 εἶναι,
3019 2197 3162 2250 ἀλλὰ
3203 2197 3402 2266 λύπης.
3429 2198 3699 2267 ’Υστερον
3717 2199 3777 2252 δέ
3810 2218 3950 2270 καρ-

2366 2283 2467 2337 πὸν
2525 2283 2803 2352 εἰρηνικὸν
2837 2285 2950 2346 τοῖς
2985 2282 3051 2335 δι’
3095 2283 3267 2351 αὐτῆς
3307 2285 3783 2355 γεγυμνασμένοις
3815 2287 3952 2339 ἁπο-

2365 2374 2580 2428 δίδωσιν
2610 2372 2977 2441 δικαιοσύνης.
3027 2390 3046 2424 ι
3095 2373 3205 2426 Kal
3242 2375 3271 2426 6
3297 2374 3482 2440 Aa6l6,
3515 2375 3692 2443 λέγων
3715 2392 3731 2406 ·
3765 2393 3786 2426 ι
3826 2375 3946 2429 Μα-

2365 2466 2554 2536 κάριος
2578 2463 2866 2532 ἄνθρωπος
2892 2463 2951 2516 ὃν
2981 2464 3047 2518 ἂν
3075 2463 3398 2537 παιδεύσῃς,
3419 2464 3618 2536 Κύριε,
3641 2467 3737 2520 καὶ
3757 2466 3824 2519 ἐκ
3851 2465 3950 2519 τοῦ

2366 2558 2534 2629 νόμου
2573 2573 2668 2611 σου
2709 2555 2927 2627 διδάξῃς
2949 2557 3135 2611 αὐτόν.
3179 2576 3198 2609 ι
3231 2557 3373 2610 Καί·
3412 2576 3432 2611 ι
3477 2557 3758 2612 Παιδεύων
3793 2556 3953 2610 ἐπαί-

2365 2648 2522 2704 δευσὲ
2545 2665 2612 2720 με
2638 2650 2666 2702 6
2690 2647 2915 2718 Κύριος,
2937 2647 3016 2717 τῷ
3035 2647 3093 2701 δέ
3121 2647 3337 2717 θανάτῳ
3361 2648 3422 2702 ού
3455 2649 3778 2719 παρέδωκέν
3813 2665 3904 2717 με.
3926 2665 3944 2700 ι

2369 2739 2478 2793 Kal
2521 2739 2724 2804 πάλιν,
2757 2757 2776 2790 ι
2811 2737 3104 2798 Παιδεύσει
3166 2755 3234 2808 με
3285 2739 3498 2802 δίκαιος
3547 2739 3606 2792 ἐν
3656 2737 3816 2808 ἐλέῳ,
3857 2738 3953 2792 καὶ

2368 2828 2578 2898 ἐλέγξει
2615 2845 2704 2899 με.
2743 2846 2763 2880 ι
2817 2828 2927 2882 Καί
2948 2844 2963 2860 ’
2998 2847 3015 2880 ι
3036 2828 3103 2882 'n
3137 2828 3360 2886 παιδεία
3388 2846 3482 2886 σου
3511 2827 3843 2899 ἁνὼρθωσέν
3883 2845 3947 2899 με

2368 2921 2450 2984 είς
2497 2920 2686 2983 τέλος.
2720 2920 2816 2974 καὶ
2849 2921 2885 2991 ἡ
2925 2920 3149 2973 παιδεία
3203 2937 3298 2972 σου
3353 2921 3492 2989 αὐτή
3539 2938 3606 2990 με
3641 2919 3874 2984 διδάξει.
3928 2938 3948 2972 ι

2371 3011 2482 3064 Kal
2515 3011 2544 3063 6
2582 3009 2703 3064 Ἰὼϐ
2732 3010 2790 3063 δέ
2815 3027 2832 3044 ο
2863 3029 2883 3062 ι
2924 3011 3165 3080 Πότερον
3196 3010 3318 3079 ούχὶ
3347 3011 3708 3082 πειρατήριόν
3741 3013 3894 3064 ἐστιν
3926 3012 3954 3066 6

699 3095 848 3134 rum:
881 3097 898 3128 ι
923 3077 1196 3146 Corripiet
1219 3093 1304 3131 me
1327 3078 1509 3147 justus
1532 3080 1589 3131 in
1631 3079 2044 3145 misericordia,
2070 3089 2129 3134 et
2181 3081 2265 3135 in-

2375 3097 2489 3166 βίος
2535 3096 2631 3150 τοῦ
2670 3096 2959 3169 ἀνθρώπου
2989 3077 3086 3151 ἐπί
3115 3099 3214 3167 τῆς
3245 3077 3382 3168 γῆςς
3418 3077 3814 3169 ι’Καίνῶσπερ
3859 3117 3953 3170 μιν

700 3170 947 3240 ercpabit
969 3185 1055 3225 me
1074 3171 1140 3224 ".
1171 3190 1188 3220 ι
1217 3169 1314 3223 Et:
1347 3188 1366 3219 ι
1401 3169 1699 3238 Disciplina
1732 3179 1824 3225 tua
1851 3171 1968 3240 ipsa
1994 3187 2081 3227 me
2099 3171 2268 3226 doce-

703 3248 917 3321 bit“.p
969 3262 1036 3315 Et
1089 3262 1183 3331 qui
1243 3262 1465 3316 Davidis
1521 3271 1738 3317 aetatem
1773 3262 2070 3316 antevertit
2114 3263 2259 3317 Job:

709 3372 727 3404 ι
758 3352 1015 3421 Nunquid
1061 3367 1170 3406 non
1203 3353 1356 3406 locus
1400 3351 1720 3406 tentationis
1744 3362 1830 3407 est
1861 3354 1972 3406 vita
2024 3353 2268 3409 hominis

700 3461 866 3525 super
893 3454 1092 3498 terram
1111 3445 1191 3496 ³ίῖ
1227 3464 1245 3494 ι
1273 3445 1360 3508 Ει,
1391 3443 1546 3512 quasi
1569 3445 1896 3498 mercenarii
1935 3444 2052 3500 diei
2097 3446 2268 3502 unius

702 3537 811 3589 vita
843 3537 980 3605 eius.
1009 3534 1164 3602 Quod
1192 3535 1236 3589 si
1265 3535 1506 3588 hominis
1526 3534 1635 3587 vita
1662 3550 1834 3604 super
1859 3544 2067 3590 terram
2093 3537 2256 3591 locus

700 3637 785 3681 est
813 3625 1150 3692 mutationis,
1186 3625 1280 3695 qui
1306 3625 1424 3679 ﬂeri
1445 3627 1620 3701 possit
1644 3634 1706 3681 ut
1737 3641 1850 3681 non
1881 3634 2130 3681 tentetur
2163 3628 2265 3697 qui

703 3729 914 3784 inloco
958 3727 1211 3791 consistit
1255 3727 1616 3786 tentatiouls?
1666 3728 1810 3784 Sane
1847 3743 1879 3782 a
1940 3729 2177 3786 Domino
2216 3738 2275 3785 et

700 3819 982 3875 Salvatorc
1013 3820 1221 3874 dictum
1249 3827 1372 3875 est:
1407 3837 1427 3871 ι
1467 3820 1698 3891 Vigilato
1724 3828 1782 3876 et
1829 3830 2009 3884 orate,
2048 3831 2112 3876 ut
2159 3838 2274 3876 non

703 3912 920 3968 intretis
971 3913 1026 3967 in
1084 3913 1528 3968 tentatiouem".
1577 3930 1595 3963 ι
1653 3912 1880 3982 Utique,
1933 3914 2040 3972 hoc
2098 3913 2274 3969 veluti

704 4002 884 4058 indice
899 4002 1080 4066 docet,
1107 4011 1166 4056 ut
1207 4018 1278 4058 ne
1310 4003 1559 4057 sinamus
1592 4018 1694 4058 nos
1719 4003 2013 4059 absorberi
2070 4020 2102 4059 a
2134 4014 2268 4059 ten-

705 4096 910 4150 ratione
924 4110 990 4149 ac
1009 4094 1183 4149 vinci:
1215 4110 1442 4164 prorsus
1467 4094 1617 4149 enim
1643 4096 2002 4150 tentatiouem
2026 4096 2273 4160 vincere,

705 4203 796 4241 res
821 4186 1294 4241 commendatione
1335 4195 1500 4256 atque
1531 4186 1731 4257 insigni
1779 4188 2060 4256 praeconio
2108 4187 2275 4258 digna

702 4284 808 4332 est.
840 4277 1104 4330 Dominus
1136 4277 1367 4330 iterum:
1402 4295 1421 4327 ι
1453 4275 1590 4342 Quis
1618 4286 1866 4329 vestrum
1903 4275 2114 4331 habens
2147 4293 2272 4331 ser-

2373 3187 2524 3240 σθίου
2555 3188 2928 3258 αύθημερινοῦ
2963 3190 2997 3258 ἡ
3048 3188 3162 3259 ζωὴ
3191 3188 3379 3244 αὐτοῦ.
3430 3189 3493 3242 El
3539 3189 3649 3261 γὰρ
3687 3193 3955 3258 πειρατή-

2376 3281 2489 3350 ριόν
2515 3282 2661 3334 ἐστιν
2682 3280 2712 3331 6
2744 3279 2856 3349 βίος
2878 3279 2974 3332 τοῦ
3007 3278 3298 3350 ἀνθρώπου
3324 3279 3417 3336 ἐπὶ
3450 3281 3549 3350 τῆς
3585 3281 3710 3351 γῆς,
3745 3281 3868 3345 πῶς
3896 3281 3952 3338 δέ

2373 3375 2432 3426 ἐν
2465 3372 2544 3441 τῷ
2595 3371 2940 3442 πειρατηρίῳ
2996 3372 3126 3429 ὂντα
3170 3371 3247 3442 μὴ
3298 3371 3692 3444 πειράζεσθαις
3747 3374 3813 3425 τὸ
3845 3373 3954 3444 γὰρ

2375 3463 2525 3533 παρὰ
2563 3462 2656 3518 τοῦ
2687 3461 2945 3533 Σωτῆρος
3000 3462 3316 3532 είρημίνον,
3383 3480 3402 3516 ι
3451 3463 3784 3534 Γρηγορεῖτε
3807 3503 3823 3528 ,
3861 3466 3955 3517 καὶ

2373 3552 2776 3626 προσεύχεσθε,
2826 3552 2916 3606 ἴνα
2957 3555 3034 3622 μὴ
3077 3553 3358 3622 ἐμπέσητε
3410 3553 3491 3615 είς
3544 3551 3876 3622 πειρασμὸν,
3929 3573 3947 3605 ι

2379 3643 2573 3716 μηνύει
2605 3643 2702 3697 τοῦ
2735 3643 2814 3714 μὴ
2833 3642 3213 3713 καταποθῆναι
3243 3641 3350 3696 ΰπδ
3369 3641 3463 3696 τοῦ
3497 3642 3833 3713 πειρασμοῦ,
3861 3645 3956 3696 καὶ

2374 3733 2695 3806 ἡττηθῆναι.
2734 3732 2808 3786 Τδ
2831 3732 2940 3803 γὰρ
2979 3733 3403 3803 περιγενέσθαι,
3433 3733 3530 3787 καὶ
3556 3733 3824 3803 ἀοίδιμον,
3859 3735 3956 3793 καὶ

2377 3826 2618 3888 εὐκλεές.
2637 3825 2799 3893 Λέγει
2826 3824 2883 3877 δὲ
2908 3824 3072 3878 πάλιν
3099 3826 3127 3879 6
3155 3825 3382 3895 Κύριος·
3403 3843 3422 3876 ι
3445 3824 3542 3886 Τις
3564 3823 3624 3888 ἐξ
3644 3824 3799 3893 ὑμῶν
3815 3825 3956 3894 ιχων

2375 3914 2559 3970 δοῦλον
2595 3913 2960 3983 ἀροτριῶντα,
2991 3913 3024 3984 ἢ
3063 3914 3442 3983 ποιμαίνοντα,
3467 3913 3528 3976 ὃς
3556 3913 3854 3967 εἰσελθόντι
3892 3916 3955 3967 ἐκ

2373 4006 2470 4060 τοῦ
2500 4004 2673 4077 ἀγροῦ
2707 4007 2844 4075 ἐρεῖ,
2898 4003 3115 4068 εὐθέως
3153 4003 3444 4073 παρελθὼν
3497 4005 3774 4059 ἀνάπεσεο
3839 4006 3954 4058 ἀλλ’

2375 4096 2498 4167 οὐχὶ
2527 4097 2643 4168 ἐρεῖ
2671 4095 2844 4167 αὐτῷ’
2884 4095 3213 4166 Ἑτοίμασον
3248 4093 3303 4147 τί
3334 4094 3635 4165 δειπνήσω,
3669 4095 3763 4148 καὶ
3797 4111 3954 4164 περι-

2376 4188 2688 4258 ζωσάμενος
2721 4186 2962 4242 διακόνει
2989 4203 3103 4255 μοι,
3123 4185 3228 4249 {me
3261 4185 3329 4239 ἂν
3355 4186 3538 4255 φάγω,
3562 4185 3660 4239 καὶ
3687 4185 3804 4238 πίω
3821 4202 3837 4216 ο
3861 4185 3955 4238 καὶ

2378 4281 2518 4350 μετὰ
2544 4279 2739 4343 ταῦτα,
2785 4278 3023 4346 φάγεσαι
3081 4276 3182 4330 καὶ
3227 4278 3317 4338 σὺ,
3367 4277 3467 4330 καὶ
3503 4276 3734 4339 sciscat;
3779 4292 3800 4327 ι
3849 4275 3956 4327 Kal

703 4383 832 4423 vum
854 4376 1101 4421 arantem
1129 4375 1224 4420 aut
1253 4375 1592 4435 pascentem,
1612 4367 1706 4435 qui
1744 4381 1994 4436 regresso
2024 4366 2092 4421 de
2141 4382 2265 4436 agre

2377 4368 2596 4438 ἐπάγειο
2629 4386 2647 4418 ι
2674 4368 2769 4438 Μὴ
2799 4367 2960 4438 χάριν
2990 4365 3106 4436 ἔχει
3136 4364 3215 4436 τῷ
3235 4363 3408 4434 δούλῳ
3438 4364 3634 4434 ἐκείνῳ
3656 4365 3740 4419 ὅτι
3775 4363 3957 4432 tuaiq-

704 4458 852 4523 dicat
869 4458 943 4522 illi
969 4477 981 4511 :
1002 4457 1196 4521 Statim
1218 4427 1309 4510 ubi
1327 4427 1646 4520 transieris.
1659 4427 1923 4512 recumbe
1951 4473 1965 4510 :
1989 4457 2032 4526 ι
2045 4427 2206 4526 158v
2218 4465 2265 4512 el

2379 4477 2472 4513 σεν
2499 4427 2595 4511 ’τὰ
2648 4427 3052 4526 διατασχθέντα
3105 4457 3166 4510 ού
3187 4427 3198 4436 υ
3221 4427 3390 4510 δοκῶί
3418 4427 3723 4517 οὓτως-καὶ
3773 4427 3952 4524 ὑμεῖς,

704 4564 815 4602 non
836 4549 1006 4616 magis
1031 4546 1245 4601 dicetei
1262 4563 1276 4612 ξ
1295 4548 1428 4600 Para
1454 4547 1601 4614 quod
1624 4555 1928 4610 cmuem,ct
1949 4547 2265 4616 praecinctus

2372 4551 2502 4603 ὅταν
2550 4551 2818 4619 ποιήσητε
2853 4550 2921 4601 τὰ
2963 4548 3323 4618 διαταχθέντα
3365 4548 3496 4617 ὑμῖν
3532 4547 3736 4612 πάντα,
3769 4545 3954 4613 λέγετε

705 4640 959 4694 ministra
978 4637 1110 4691 mihi
1140 4637 1320 4692 donec
1366 4638 1690 4692 manducem
1714 4646 1771 4692 et
1793 4638 2003 4700 bibam,
2064 4645 2121 4691 et
2151 4647 2265 4706 posl

2372 4643 2455 4694 ὅτι
2485 4642 2720 4710 Ἀχρεῖοι
2750 4639 2926 4693 δοῦλοί
2958 4641 3126 4710 ἐσμεν
3147 4656 3161 4670 ο
3194 4639 3223 4692 6
3253 4639 3541 4706 ὀφείλομεν
3587 4638 3836 4707 ποιῆσαι,
3864 4654 3955 4690 πε-

705 4731 824 4786 haec
875 4739 932 4783 tu
977 4728 1335 4782 manducabis
1385 4737 1442 4780 et
1499 4729 1656 4782 bibes
1715 4730 1878 4782 tu”?
1928 4746 1946 4780 ι
2013 4728 2265 4792 luducit;

2373 4733 2703 4802 ποιήκαμεν.
2754 4751 2771 4783 ι
2818 4730 2975 4801 Αύτῷ
3020 4732 3056 4800 ἠ
3097 4729 3226 4794 δόξα
3281 4732 3362 4794 εις
3421 4730 3548 4793 τοὺς
3591 4729 3804 4793 αίῶνας
3851 4728 3956 4783 τῶν

711 4839 730 4872 ε
767 4818 1028 4888 Nunquid
1062 4817 1292 4887 gratiam
1323 4817 1491 4872 habet
1521 4833 1685 4872 servo
1712 4818 1812 4881 illi,
1839 4818 1966 4887 quia
1993 4818 2124 4872 fecit
2152 4835 2265 4888 qum

2373 4820 2607 4874 αἰώνων.
2649 4821 2845 4890 ’Δμήν.

706 4913 756 4968 ei
783 4909 1193 4980 imperaverat?
1219 4923 1329 4962 non
1354 4917 1512 4977 puto;
1546 4908 1628 4962 sic
1676 4917 1736 4962 et
1772 4924 1870 4963 vos
1895 4924 2021 4962 cum
2056 4909 2305 4966 feceritis
2345 4911 2531 4966 omnia
2566 4927 2689 4981 qua:
2713 4919 2986 4981 praecepta
3018 4919 3148 4966 sunt
3215 4910 3394 4975 vobis,
3425 4909 3616 4975 dicite,
3643 4910 3778 4981 quia
3833 4909 3952 4967 inu-

710 5003 833 5060 tiles
859 5001 1003 5057 servi
1025 4999 1291 5056 sumus“.
1324 5016 1342 5049 ι
1374 4999 1480 5067 ipsi
1516 4999 1689 5068 gloria
1725 4999 1780 5053 in
1818 5000 2039 5053 saecula.
2071 5009 2272 5054 Amen.

1177 5130 1456 5193 IIOMILIA
1499 5131 1787 5190 LXXXIII.

1027 5244 1100 5296 Dc
1136 5244 1547 5307 consultatione,
1576 5247 1683 5298 sioc
1717 5245 1956 5298 consilio.

781 5362 837 5411 lu
870 5370 1200 5424 quocunque
1221 5355 1438 5423 negotio
1471 5369 1578 5407 non
1601 5353 1896 5408 mediocris
1957 5369 2144 5423 operm
2197 5356 2274 5408 fe-

784 5533 820 5561 "
857 5531 1010 5583 Prov.
1046 5547 1197 5585 “tu.
1258 5531 1339 5584 i7».
1419 5531 1462 5564 ’⁸
1483 5531 1643 5584 Prov.
1681 5549 1821 5591 xm.
1859 5531 1940 5585 i7.

753 5601 873 5652 lmu.
914 5616 989 5660 ιιι,
1022 5602 1072 5652 7.
1146 5602 1193 5634 ’³
1219 5601 1375 5654 .‘lirh.
1412 5618 1506 5661 νει,
1538 5602 1616 5654 ii.
1691 5601 1919 5655 "'llubi'.
1957 5619 2051 5661 xu.
2094 5601 2206 5654 ὗσε.

737 5670 757 5702 ⁸
792 5669 923 5720 Paul.
956 5686 1113 5723 run.
1148 5672 1221 5722 i8.
1303 5673 1343 5702 "
1375 5671 1510 5726 l'sal.
1537 5687 1652 5734 ιιι,
1683 5672 1730 5724 ὅ.
1813 5671 1852 5702 ³⁸)
1883 5672 2000 5725 I'sul
2062 5673 2293 5739 sumlib.

715 5740 758 5771 ”
788 5739 919 5792 ibid.
955 5741 1004 5799 fl,
1045 5740 1105 5791 ill

2021 5531 2060 5561 ¹⁹
2093 5531 2271 5585 Eccic.
2307 5547 2400 5592 vn,
2433 5533 2485 5583 (ἰ.

2286 5604 2326 5633 ⁵⁵
2357 5601 2394 5655 ΙΙ
2425 5608 2547 5654 (μιν.
2585 5619 2642 5659 ιι,
2677 5603 2727 5654 '1.

2971 5136 3191 5189 ΛΟΓΟΣ
3233 5136 3355 5190 III”.

2878 5247 3016 5315 Περὶ
3066 5250 3461 5316 συμϐουλίας.

2459 5353 2532 5408 T6
2564 5353 3026 5424 συμϐουλεύεσθαι
3058 5355 3116 5410 ἐν
3141 5356 3300 5408 παντὶ
3326 5357 3635 5428 πράγματι,
3673 5360 3842 5414 καλὸν
3873 5363 3954 5414 καὶ

2599 5532 2643 5560 ’θ
2668 5531 2826 5584 Prov.
2864 5546 2934 5589 Iv.
2969 5531 3017 5591 l,
3049 5531 3102 5584 9..
3212 5531 3253 5562 "
3281 5531 3439 5586 Prov.
3470 5549 3586 5596 vm,
3622 5534 3708 5588 l0.
3791 5539 3834 5568 "
3862 5537 3952 5591 So-

2806 5602 2848 5631 "
2881 5599 3045 5653 Hebr.
3080 5616 3171 5655 xu.
3213 5602 3292 5654 Ii.
3373 5605 3415 5634 ³⁷
3454 5603 3591 5656 l’sai.
3665 5621 3816 5660 1cm.
3875 5609 3947 5658 i9.

2373 5673 2408 5703 ³⁸
2437 5672 2535 5724 .iuh
2575 5689 2664 5734 ιιι,
2703 5674 2745 5723 i.
2832 5673 2863 5700 "
2893 5671 3247 5735 .liutill..u\l,
3281 5672 3365 5725 .ii.
3445 5675 3484 5705 ³³
3518 5673 3651 5727 Luc.
3691 5680 3880 5740 “n.7,
3903 5677 3947 5728 8.
