4178 6436
219 388 359 453 1685

1173 384 1494 444 HOMILIA
1535 384 1861 442 LXXXIII.
1897 409 1958 418 -
2004 386 2098 444 DE
2140 386 2511 449 CONSILIO.

3331 387 3465 452 1686

214 501 513 572 θεάρεςτὸν
547 501 714 554 ἐστιν.
747 497 935 559 Οὑδεὶς
967 497 1076 566 γὰρ
1115 497 1142 548 6
1178 496 1254 564 μὴ
1287 496 1505 566 χρῄζων
1550 493 1784 564 συμϐού-

1906 496 2042 550 ceris
2073 497 2333 565 pretium,
2371 513 2599 568 remque
2630 499 2741 553 Deo
2779 511 3108 568 magnopere
3158 506 3464 566 acceptam,

215 607 332 657 λου,
367 595 416 645 εί
449 593 522 662 μὴ
554 592 710 661 μόνος
741 591 770 643 6
799 588 952 652 Θεὸς,
987 588 1016 639 6
1047 586 1146 656 τὴν
1185 586 1377 655 σοφίαν
1427 586 1642 648 κτίσας.
1674 586 1789 648 Πᾶς

212 686 272 738 δὲ
304 686 591 754 ἄνθρωπος
618 685 808 754 χρείαν
841 684 953 753 ἔχει
984 685 1312 752 συμϐουλίας
1339 685 1550 752 ἀγαθῆς
1589 683 1789 755 μᾶλλον

215 774 248 838 ἢ
279 772 373 824 τον
422 773 561 841 ἀέρα
610 773 892 826 ἀναπνεῖν.
941 774 1137 838 Καθὼς
1183 779 1277 828 καὶ
1325 775 1479 843 παρά
1507 775 1607 843 τῆς
1640 773 1790 836 θείας

217 865 446 932 Γραφῆς
496 865 884 936 παιδευόμεθα.
933 868 1103 934 Φησὶν
1147 868 1290 938 γάρ’
1329 885 1347 916 α
1399 865 1555 921 Μετά
1597 864 1790 934 βουλῆς

220 958 402 1008 πάντα
439 957 602 1019 ποίει,
635 958 772 1025 μετά
804 958 1001 1026 βουλῆς
1029 958 1320 1010 οίνοπὸτει·
1361 977 1380 1010 ι
1425 957 1517 1010 τὸν
1550 973 1794 1026 πνευμα-

221 1048 378 1096 τικὸν
431 1045 634 1116 δηλαδὴ
697 1043 858 1106 οἶνον,
905 1046 996 1098 τὸν
1047 1048 1404 1114 εὐφραίνοντα
1451 1046 1699 1116 καρδίαν.
1738 1045 1795 1098 Ὀ

219 1136 461 1199 τοιοῦτος
495 1139 752 1190 οὐδέποτε
800 1141 1019 1206 ἀστοχεῖ
1049 1178 1063 1201 ,
1118 1139 1230 1192 ἀλλ’
1281 1137 1599 1206 ἀμερίμνως
1650 1155 1796 1207 παρ·-

219 1228 400 1280 οδεύει
457 1229 634 1281 πάντα
675 1229 766 1281 τὸν
810 1228 922 1295 βίον
951 1229 1137 1282 αὑτοῦ.
1167 1229 1507 1296 Μισοτυφίας
1555 1229 1664 1297 γὰρ
1706 1228 1798 1280 καὶ

219 1317 611 1380 ταπεινώσεως
653 1321 954 1386 τεκμήριον
981 1356 996 1378 ,
1036 1319 1129 1370 τοῦ
1181 1319 1389 1371 δεῖσθαι
1443 1318 1796 1386 συμϐουλίας,

225 1408 471 1476 μάλιστα
505 1409 614 1460 τῶν
650 1411 707 1460 ἐν
753 1410 920 1479 πείρᾳ⁴
962 1411 1255 1477 γερόντων.
1297 1411 1572 1479 Πρόδηλον
1615 1410 1674 1463 δὲ
1717 1410 1800 1461 ὃτι

226 1503 510 1561 ταπεινοῖς
542 1499 759 1552 δίδωσιν
789 1501 817 1552 6
848 1500 979 1562 Θεὸς
1007 1501 1186 1570 χάριν,
1219 1502 1594 1570 ὑπερηφάνοις
1619 1500 1674 1553 δὲ
1703 1500 1798 1552 ἀνι

225 1592 572 1642 τιτάσσεται.
608 1590 804 1652 Καθὼς
850 1608 1014 1658 φησιν
1053 1593 1148 1644 κα)⁸
1175 1594 1204 1644 6
1240 1592 1441 1653 Τοϐίας
1475 1592 1554 1661 τῷ
1582 1592 1683 1662 υἱῷ
1707 1592 1801 1644 αὑ-

222 1681 342 1732 τοῦ·
383 1699 401 1730 t
445 1681 785 1749 Συμϐουλίαν
821 1683 971 1750 παρὰ
1007 1682 1211 1744 παντὸς
1239 1682 1502 1750 φρονίμου
1537 1682 1798 1751 ζήτησον,

226 1772 323 1824 καὶ
362 1773 436 1842 μὴ
478 1775 898 1844 καταφρονήσῃς
941 1774 1034 1826 ἐπὶ
1073 1774 1254 1842 πάσης
1298 1773 1626 1842 συμϐουλίας
1666 1791 1802 1843 χρηο

1895 586 1941 640 si
1967 585 2262 640 consilium
2284 598 2531 657 expetes.
2552 586 2882 642 Nemoenitn
2905 585 3216 640 invenietur
3235 585 3328 655 qui
3354 601 3464 639 non

1898 678 2117 746 indigus
2160 677 2233 732 sit
2291 678 2637 742 consiliarii,
2683 677 2790 731 nisi
2846 677 2992 730 Deus
3044 675 3235 737 solus,
3295 689 3467 743 pcncs

1897 785 2061 839 quem
2091 771 2363 841 sapientia
2384 781 2470 826 est
2498 772 2696 826 omnis.
2728 771 2860 824 Nam
2900 771 3066 822 homo
3103 769 3284 822 omnis
3319 768 3463 820 indi.

1897 878 2000 930 gns
2030 869 2117 916 est
2168 863 2355 931 proba:
2402 861 2852 922 consuitationis,
2908 876 3020 928 prie
3075 859 3248 913 halitu
3303 873 3466 926 quem

1900 970 1996 1008 ore
2027 954 2172 1008 etllat
2202 969 2267 1009 ac
2288 953 2480 1022 Spirat,
2508 961 2568 1006 ut
2594 969 2695 1006 nos
2731 950 2933 1005 divinae
2989 951 3287 1019 Scripturte
3337 965 3468 1002 ern-

1902 1046 2063 1100 dinnt
2089 1047 2238 1100 hunc
2269 1047 2324 1099 in
2352 1045 2603 1099 modum:
2641 1063 2658 1094 ‹
2694 1042 2890 1099 Omnia
2922 1042 3005 1096 fac
3036 1056 3161 1095 cum
3214 1041 3466 1099 consilio,

1903 1155 2027 1192 cum
2057 1138 2291 1193 consilio
2349 1139 2538 1191 vinum
2572 1137 2799 1190 bibe“:
2836 1157 2853 1187 ι
2902 1134 3165 1189 nimirum
3214 1131 3268 1185 id
3322 1130 3468 1199 quod

1904 1249 2000 1286 cor
2027 1232 2293 1293 laetificat,
2337 1229 2624 1298 spirituale
2649 1228 2910 1282 videlicet
2957 1227 3164 1279 vinum.
3199 1224 3304 1292 Qui
3348 1222 3473 1276 talis

1903 1332 2009 1383 cst.
2043 1337 2324 1390 nunquam
2373 1321 2599 1376 aberrat
2647 1336 2677 1374 a
2712 1334 2902 1388 scopo,
2963 1317 3060 1371 sed
3110 1316 3250 1370 liber
3299 1313 3474 1367 anxiae

1908 1415 2320 1476 sollicitudinis,
2341 1429 2495 1468 suam
2521 1426 2739 1465 omnem
2765 1409 3059 1479 tranquille
3086 1406 3257 1476 exigit
3283 1405 3469 1458 vitam.

1905 1508 2207 1564 Consilium
2241 1507 2389 1560 enim
2413 1522 2444 1559 a
2477 1503 2738 1574 quopiam
2769 1515 3063 1570 corrogare
3110 1508 3165 1552 et
3194 1505 3473 1565 expetere,

1907 1599 2068 1667 plane
2117 1605 2501 1667 argumentum
2547 1604 2633 1648 est
2664 1591 2949 1647 hominum
3011 1590 3104 1659 qui
3157 1586 3476 1656 superbiam

1908 1687 2150 1748 oderint,
2178 1695 2234 1739 et
2255 1685 2322 1739 de
2352 1701 2410 1739 se
2436 1684 2683 1738 modeste
2717 1683 2978 1744 sentiant,
3013 1695 3204 1734 eorum
3241 1678 3478 1732 maxime

1910 1776 2001 1845 qui
2063 1776 2324 1844 prtesenti
2385 1781 2650 1844 urgentur
2703 1772 2972 1841 periculo.
3025 1770 3170 1824 Nulli
3233 1768 3478 1822 arbitror

227 1864 418 1930 σίμης.
464 1883 480 1913 ι
517 1864 573 1916 ’0
605 1865 710 1932 γὰρ
751 1865 995 1933 μετέχων
1028 1865 1359 1934 συμϐουλίας
1385 1866 1618 1933 ἀγαθῆς,
1651 1866 1707 1917 ἐν
1739 1868 1802 1934 τῇ

1907 1867 2229 1930 obscurum,
2276 1865 2407 1935 quia
2469 1884 2486 1915 ι
2521 1864 2825 1918 humilibus
2873 1862 3020 1915 Deus
3069 1859 3163 1912 dat
3215 1857 3475 1927 gratiam,

223 1953 337 2022 ὀῖῴ
359 1955 467 2006 τῶν
495 1955 726 2007 ἐντολῶν
759 1955 850 2008 τοῦ
883 1957 1089 2026 Κυρίου
1122 1957 1347 2025 βαδίξει’
1376 1957 1515 2026 ἀνὴρ
1534 1957 1590 2009 δὲ
1626 1955 1802 2025 ἀσύμ-

225 2046 444 2108 ϐουλος,
479 2046 676 2098 ἑαυτοῦ
709 2046 988 2115 πολέμιος,
1019 2048 1094 2110 ὡς
1141 2049 1375 2116 Ῥοϐοάμ
1395 2087 1410 2110 ,
1442 2050 1468 2100 6
1510 2048 1604 2101 τοῦ
1644 2048 1804 2100 Σολοο

228 2138 469 2204 μῶντος.
535 2137 968 2208 Ἐγκαταλείψας
1029 2139 1137 2209 γάρ
1187 2141 1284 2208 τὴν
1337 2141 1548 2208 ἀγαθὴν
1611 2138 1805 2209 βουλὴν

225 2227 339 2278 τῶν
364 2227 772 2296 πρεσϐυτέρων,
805 2229 901 2280 καὶ
929 2246 1216 2297 κατάσκιον
1239 2231 1340 2299 τὴν
1368 2229 1476 2281 τῶν
1505 2227 1805 2298 παιδαρίων

231 2317 454 2384 βουλὴν,
485 2318 936 2385 ἀνεκτραφέντων
967 2318 1080 2387 μετ’
1109 2319 1298 2380 αὑτοῦ,
1322 2319 1529 2388 ηὑρέθη
1561 2318 1806 2371 ἀπόλλων

225 2407 332 2476 τὴν
361 2405 640 2474 βασιλείαν
666 2407 774 2458 τῶν
801 2408 932 2460 δέκα
961 2409 1255 2478 σκήπτρων
1288 2408 1380 2460 τοὺ
1433 2410 1665 2480 Ἰσραήλ.
1699 2412 1806 2463 Κα-

226 2499 342 2561 λῶς
370 2494 464 2550 οὖν
500 2496 770 2561 ταλανίζει
803 2500 929 2562 τοὺς
960 2499 1237 2560 τοιούτους
1271 2502 1300 2552 6
1341 2501 1585 2562 Ἠσαίας.
1627 2519 1644 2550 ι
1671 2500 1808 2554 Dial.

227 2591 364 2660 γὰρ,
401 2592 604 2658 φησὶν,
646 2593 693 2643 ei
744 2589 1137 2660 βουλευόμενοι,
1184 2592 1244 2643 οὑ
1288 2591 1375 2644 διὰ
1408 2591 1637 2660 Κυρίου,
1668 2593 1718 2644 oi
1748 2594 1806 2646 ἐν

227 2681 417 2748 κρυφῇ
467 2679 764 2741 ποιοῦντες·
799 2681 895 2732 καὶ
922 2680 1074 2735 ἔσται
1107 2683 1164 2734 ὲν
1204 2682 1389 2733 σκότει
1423 2682 1491 2733 τὰ
1535 2682 1674 2750 ἔργα
1703 2683 1803 2736 αὑ-

226 2768 362 2822 τῶν.
401 2787 419 2820 r
459 2769 523 2821 Ἢ
563 2771 672 2837 γάρ
707 2769 871 2840 βουλὴ
903 2769 1012 2822 τῶν
1049 2771 1300 2840 πονηρῶν
1335 2770 1515 2840 ἄνομα
1553 2771 1806 2840 βουλεύε-

228 2877 344 2912 ται·
380 2860 432 2912 οί
469 2860 526 2912 δὲ
551 2861 819 2923 εὐσεϐεῖς,
862 2861 1060 2914 συνετά
1088 2861 1493 2914 ἐϐουλεύσαντο·
1527 2862 1621 2915 καὶ
1649 2863 1808 2928 ἀλλος

232 2951 410 3020 Σοφος
437 2951 641 3019 ἔλεγεν·
674 2969 692 3002 ι
738 2952 870 3004 ’Δπδ
904 2951 1078 3004 κακοῦ
1110 2953 1415 3021 συμϐούλου
1444 2953 1680 3020 φύλαξον
1706 2955 1806 3026 τὴν

225 3042 418 3110 ψυχήν
462 3058 580 3094 σουο
612 3043 707 3096 καὶ
750 3043 859 3113 γὰρ
905 3043 1065 3107 αὑτὸς
1109 3044 1285 3115 ἐαυτῷ
1331 3043 1666 3114 βουλεύεται,
1711 3046 1807 3099 καὶ

233 3136 496 3198 στήσεται
520 3134 578 3199 ἐξ
609 3135 880 3198 ἐναντίας,
918 3135 1046 3188 ίδεῖν
1078 3133 1140 3188 τδ
1175 3136 1605 3204 συμϐησόμενον.
1642 3155 1661 3187 ι
1698 3137 1805 3191 Καὶ

227 3224 418 3290 αὖθις·
467 3245 486 3278 ε
515 3228 605 3296 Μὴ
641 3227 893 3296 βουλεύου
943 3229 1082 3297 μετά
1129 3227 1546 3280 ὑποϐλεπόντων
1581 3244 1661 3292 σε,
1711 3232 1806 3281 καὶ

393 3318 502 3372 τῶν
547 3317 853 3388 ζηλούντων
889 3335 975 3382 σε,
1012 3318 1220 3388 κρύψον
1250 3317 1465 3388 βουλήν.
1511 3337 1528 3370 ι
1570 3319 1806 3382 Εἰκότως

226 3406 327 3464 οὖν
357 3410 453 3462 καὶ
493 3409 797 3479 ἀραρότως,
830 3408 1013 3472 καθὼς
1049 3409 1395 3478 προείρηται,
1435 3409 1724 3478 ὀφείλομεν
1747 3411 1806 3462 ἐν

231 3503 406 3554 πᾶσιν
438 3501 537 3570 τῆς
575 3501 956 3568 πνευματικῆς
1001 3499 1334 3567 συμϐουλίας
1375 3500 1484 3552 τῶν
1523 3500 1806 3570 ἐμπείρων

228 3593 509 3659 γερόντων
542 3590 808 3659 μετέχειν,
857 3588 1081 3657 φεύγειν
1122 3589 1177 3642 δὲ
1219 3589 1320 3651 τάς
1370 3589 1478 3642 τῶν
1525 3590 1806 3660 σαρκικῶν

229 3683 332 3734 καὶ
359 3679 702 3734 ἀπαιδεύτων
728 3679 1080 3750 συμϐουλίας·
1115 3679 1200 3732 ἵνα
1233 3678 1307 3749 μὴ
1346 3680 1471 3733 ἀντὶ
1500 3679 1806 3750 στηριγμοῦ

233 3770 545 3841 φοινικίνης
571 3769 894 3839 βακτηρίας,
932 3768 1240 3838 καλαμίνην
1278 3768 1475 3838 ῥάϐδον
1516 3768 1804 3838 κατάσχω-

235 3880 358 3934 μεν·
392 3864 516 3932 ἠτις
543 3863 642 3931 τὴν
683 3864 841 3932 χεῖρα
871 3861 966 3914 τοῦ
995 3861 1284 3931 ἀνθρώπου
1341 3862 1555 3932 τρήσει.
1581 3860 1678 3916 καὶ
1713 3861 1806 3914 τὸν

233 3954 317 4006 ίὺν
345 3953 447 4021 τῆς
490 3950 705 4021 φύσεως
736 3950 1010 4016 ἐκϐάλλει,
1055 3950 1150 4004 καὶ
1193 3950 1316 4003 ἀντὶ
1349 3950 1624 4021 προϐάτου
1652 3949 1806 4020 λύκῳ

233 4041 647 4112 περιπέσωμεν.
685 4056 704 4089 t
757 4039 814 4091 Ὀ
865 4040 976 4108 γὰρ
1027 4039 1502 4108 συμπορευόμενος
1566 4042 1793 4109 σοφοῖς,

233 4131 402 4198 σοφὸς
423 4128 598 4181 ἔσται’
627 4129 655 4180 6
678 4127 734 4181 δὲ
757 4128 1235 4198 συμπορευόμενος
1268 4128 1522 4197 ἄφροσιν,
1552 4128 1804 4199 γνωσθή-

233 4237 408 4274 σεται·
443 4217 696 4289 αἵσοησις
735 4220 843 4287 γάρ
871 4219 1023 4288 παρὰ
1055 4219 1359 4286 φρονίμοις,
1391 4219 1640 4288 εὐχερής.
1683 4238 1701 4270 ι
1747 4219 1806 4272 Ὀ

231 4311 291 4363 δὲ
323 4307 596 4377 Σολομὼν,
628 4328 646 4360 ι
673 4308 732 4371 ὃς
763 4308 957 4377 πλανᾷ,
992 4309 1177 4374 φησὶν,
1205 4308 1382 4369 εὑθεῐς
1411 4309 1469 4359 ἐν
1501 4308 1605 4378 ὁδῷ
1635 4311 1805 4378 κακῇ,

232 4401 317 4461 είς
354 4397 651 4466 διαφθορὰν
688 4396 848 4459 αὑτὸς
883 4397 1376 4464 ὲμπεσείται.›Καὶ
1411 4397 1571 4450 πάλιν
1595 4413 1606 4425 ·
1645 4416 1662 4448 ι
1686 4397 1803 4461 Υίὲ,

1905 1957 2154 2026 superbis
2184 1966 2366 2010 autem
2390 1954 2679 2010 resistit“.
2719 1972 2737 2005 ι
2771 1951 3250 2020 Quemadmodum
3277 1948 3480 2003 Tobias

1905 2046 2040 2100 dicit
2065 2046 2209 2099 filio:
2247 2066 2264 2096 ι
2294 2045 2595 2099 Consilium
2626 2045 2696 2098 ab
2723 2043 2870 2098 omni
2904 2041 3150 2110 sapiente
3194 2036 3476 2109 perquire,

1905 2150 1962 2194 et
1991 2155 2058 2192 ne
2093 2138 2496 2206 contempseris
2517 2136 2810 2191 consilium
2859 2133 2990 2187 utile
3007 2133 3071 2184 ³⁷.
3113 2148 3130 2182 ι
3169 2129 3273 2196 Qui
3324 2127 3478 2182 enim

1907 2229 2184 2297 particeps
2229 2237 2314 2280 est
2347 2225 2476 2279 boni
2517 2223 2759 2286 consilii,
2813 2237 2911 2290 per
2969 2220 3112 2273 viam
3167 2216 3480 2287 ingreditur

1907 2317 2294 2371 mandatorum
2324 2315 2540 2370 Domini
2564 2332 2579 2380 ;
2605 2315 2690 2368 vir
2716 2322 2900 2367 autem
2927 2309 3275 2365 inconsultus
3302 2348 3318 2371 ,
3341 2307 3479 2361 sibi-

1908 2403 2012 2471 ipsi
2046 2402 2222 2456 hostis
2262 2410 2369 2456 est.
2428 2401 2692 2470 Exemplo
2737 2409 2824 2454 est
2870 2399 3113 2453 Rohoam
3168 2396 3478 2452 Salomonis

1910 2495 2076 2558 filius,
2113 2493 2230 2563 qui,
2264 2494 2535 2548 derelicto
2554 2493 2834 2545 seniorum
2866 2491 3042 2561 probo
3067 2490 3320 2553 consilio,
3345 2489 3478 2542 dum

1909 2585 2317 2655 pnerorumqui
2362 2600 2547 2639 secum
2574 2583 2948 2653 indulgentius
2973 2581 3189 2637 fuerant
3235 2580 3478 2647 educati,

1909 2676 2234 2730 adhaerescit
2260 2677 2516 2738 consilio,
2546 2675 2831 2730 lsraelitici
2859 2674 3011 2744 regni
3036 2684 3255 2744 sceptra
3286 2673 3478 2728 decent

1908 2769 2150 2839 perdidit
2171 2769 2234 2823 ³⁸.
2269 2770 2438 2824 Recte
2470 2769 2636 2838 igitur
2667 2768 2744 2822 sic
2772 2766 3114 2822 inconsultos
3145 2764 3482 2834 depraedicat

1907 2862 2142 2917 miseros
2173 2861 2363 2925 Isaias,
2400 2861 2627 2916 dicens:
2655 2880 2673 2911 ι
2706 2861 2797 2914 Vae
2827 2861 2920 2930 qui
2944 2861 3136 2915 ineunt
3159 2859 3478 2921 consilium,

1907 2971 2017 3009 non
2042 2971 2140 3023 pcr
2168 2955 2486 3017 Dominum,
2509 2955 2562 3008 in
2586 2954 2802 3008 occulto
2841 2954 3121 3017 facientes,
3148 2963 3206 3007 et
3227 2961 3391 3006 erunt
3425 2952 3482 3006 in

1908 3046 2153 3100 tenebris
2180 3061 2347 3114 opera
2375 3047 2646 3100 eorum".
2684 3045 2990 3100 Consilium
3020 3044 3168 3098 enim
3209 3044 3483 3112 maligno—

1910 3152 2029 3189 rum
2078 3135 2266 3205 iniqna
2298 3135 2596 3197 consultat,
2628 3134 2701 3203 pii
2737 3144 2920 3187 autem
2971 3133 3265 3202 prudentia
3305 3133 3482 3188 iniere

1908 3226 2163 3281 consilia.
2213 3226 2366 3280 Alius
2414 3227 2542 3280 item
2592 3225 2816 3293 sapiens
2864 3225 3134 3280 dicebat:
3182 3246 3200 3277 ι
3237 3226 3283 3281 Α
3335 3226 3485 3280 malo

1905 3315 2224 3369 consiliario
2283 3315 2504 3370 custodi
2566 3317 2805 3370 animam
2855 3325 3002 3370 tuam
3051 3332 3063 3368 :
3124 3316 3330 3371 etenim
3389 3316 3484 3371 ille

1905 3405 2122 3474 sibiipsi
2154 3406 2414 3468 consulit,
2446 3415 2502 3459 et
2547 3406 2717 3460 stabit
2754 3421 2820 3459 ex
2865 3406 3123 3475 opposito
3178 3413 3240 3460 ut
3297 3406 3486 3462 videat

1906 3491 2038 3560 quid
2084 3501 2417 3545 eventurum
2458 3492 2616 3545 sit".
2655 3512 2668 3542 ι
2700 3494 2912 3547 Rursus
2947 3511 2960 3546 :
3001 3511 3019 3543 ι
3052 3493 3132 3548 Ne
3171 3494 3486 3548 consilieris

1905 3599 2031 3638 cum
2058 3600 2124 3638 eo
2153 3584 2248 3652 qui
2281 3593 2332 3638 te
2363 3593 2516 3638 torve
2571 3585 2838 3649 intuetur,
2889 3595 2945 3640 et
3000 3601 3030 3640 a
3083 3585 3391 3641 zelantibus
3431 3596 3484 3642 te

1906 3675 2185 3730 absconde
2235 3676 2612 3730 consilium".
2660 3695 2678 3727 ›
2735 3677 2854 3730 Non
2896 3677 3064 3747 igitur
3109 3678 3210 3732 abs
3253 3692 3335 3742 re,
3385 3677 3483 3733 sed

1905 3780 2150 3835 congrue
2182 3764 2268 3835 (ut
2313 3767 2636 3835 praedictum
2688 3766 2793 3835 est)
2841 3767 2894 3821 in
2948 3766 3208 3822 omnibus
3253 3781 3484 3835 στερεο-

1907 3858 2135 3912 tandum
2170 3856 2336 3911 nobis
2363 3867 2449 3910 est
2477 3859 2822 3912 consortium
2849 3858 3152 3927 spiritualis
3206 3857 3422 3913 consilii
3453 3874 3484 3912 a

1905 3949 2222 4003 senioribus
2254 3965 2396 4019 quos
2440 3966 2574 4006 usus
2630 3965 2811 4004 rerum
2871 3950 3139 4020 prolixior
3183 3951 3484 4020 prudentes

1907 4038 2172 4101 reddidit,
2201 4040 2508 4093 carnalium
2533 4054 2665 4095 vero
2690 4048 2746 4093 et
2773 4038 3178 4093 ineruditorum
3207 4039 3485 4093 consulta-

1910 4127 2089 4182 tiones
2115 4127 2352 4182 vitanda:
2378 4143 2630 4197 prorsus,
2667 4137 2818 4182 utne
2865 4143 2965 4196 pro
3002 4127 3330 4182 fulcimento
3377 4128 3486 4184 sci-

1907 4218 2134 4288 pionise
2163 4218 2362 4273 robore
2387 4220 2579 4286 palmae
2611 4217 2857 4286 decerpti
2887 4218 3101 4288 1159
3122 4219 3483 4274 arundineam

1907 4308 2245 4362 retineamus
2269 4308 2504 4377 virgam,
2550 4323 2673 4377 quae
2704 4324 2925 4362 manum
2983 4308 3224 4364 hominis
3280 4308 3486 4365 fodicet

1909 4412 1973 4451 ac
2003 4396 2268 4466 perforet,
2288 4411 2510 4466 suaeque
2536 4397 2816 4468 inspergat
2836 4415 3108 4453 venenum
3136 4411 3364 4464 naturae,
3387 4409 3485 4456 aut

235 4489 316 4557 μὴ
375 4485 657 4558 καταλάϐῃ
700 4501 758 4537 σε
806 4484 970 4554 βουλὴ
1003 4485 1172 4554 κακὴ,
1204 4486 1236 4554 ἡ
1263 4485 1635 4540 ἀπολείπουσα
1665 4487 1809 4540 διδα-

1911 4505 2014 4559 pro
2038 4504 2162 4553 ove,
2195 4489 2249 4542 in
2293 4489 2483 4559 lupum
2514 4491 2859 4544 revolvamur
2886 4499 2942 4545 et
2969 4490 3296 4546 incidamus.
3331 4510 3350 4543 ι
3378 4491 3483 4558 Qui

233 4576 467 4631 σκαλίαν
503 4577 770 4644 νεότητος.
807 4570 901 4636 Οἷς
925 4575 1034 4642 γὰρ
1072 4573 1148 4644 μὴ
1184 4575 1420 4642 ὑπάρχει
1447 4575 1800 4645 κυϐέρνησις,

234 4669 531 4722 πίπτουσιν
558 4666 634 4728 ὡς
664 4664 839 4732 φύλλα
864 4679 876 4693 ⁸
916 4664 1159 4733 σωτηρία
1188 4664 1244 4716 δὲ
1280 4665 1516 4734 ὑπάρχει
1547 4668 1604 4717 ἐν
1635 4666 1808 4736 πολλῇ

234 4760 426 4831 βουλῇ.
455 4759 668 4827 Ὠσπερ
688 4756 795 4826 γὰρ
824 4755 976 4817 πόλις
1004 4755 1331 4822 ἀτείχιστος,
1366 4754 1540 4818 οὑτως
1567 4757 1704 4826 ἀνὴρ
1731 4756 1806 4827 μὴ

234 4848 378 4920 μετά
411 4847 604 4918 βουλῆς
644 4845 903 4915 πράσσων
937 4860 991 4896 τι
1052 4861 1070 4894 ι
1120 4843 1180 4895 Ὀ
1209 4843 1301 4896 τοῦ
1342 4845 1475 4897 Θεοῦ
1523 4847 1809 4915 συνόμιλος

229 4939 500 5007 Μωῦσῆς,
522 4937 622 4990 οὑκ
646 4935 958 5004 ἀπηξίωσεν
980 4934 1076 5003 τῆς
1102 4934 1434 5002 συμϐουλίας
1476 4936 1568 4989 τοῦ
1598 4936 1802 5004 ’1οοὼρ,

230 5029 372 5085 ἀλλά
394 5028 488 5081 καὶ
516 5027 616 5080 ὅσα
645 5023 798 5078 εἶπεν
823 5024 991 5094 αὐτῷ,
1027 5024 1281 5087 εὑδοκῶν,
1314 5027 1488 5079 πάντα
1523 5027 1804 5098 ἐποίησεν,

230 5120 330 5172 καὶ
364 5119 464 5171 οὑκ
494 5118 699 5188 ἐπῆρεν
730 5115 891 5168 αὑτὸν
930 5116 963 5183 ή
993 5114 1230 5182 τοσαύτη
1259 5115 1386 5181 δόξα
1416 5117 1508 5170 τοῦ
1535 5118 1669 5171 Θεοῦ
1711 5121 1807 5174 καὶ

231 5211 346 5264 τῶν
373 5209 696 5279 ἀνθρώπων.
716 5209 826 5262 Καὶ
855 5207 988 5260 ότδν
1011 5209 1245 5277 Χριστὸν
1279 5209 1416 5278 ἔχων
1437 5213 1493 5263 ἐν
1516 5212 1694 5280 ἑαυτῷ
1711 5213 1803 5267 λαη

229 5299 432 5354 λοῦντα
479 5298 689 5361 Παῦλος
721 5299 748 5352 6
798 5298 1094 5361 ἀπόστολος
1156 5303 1320 5368 φησὶν
1355 5301 1488 5371 πρὸς
1520 5303 1764 5368 Γαλάτας
1785 5321 1799 5336 ·

237 5410 257 5443 ε
308 5389 537 5458 Ἀνέϐην
570 5391 650 5451 είς
689 5389 1061 5459 Ἰερουσαλὴμ,
1103 5391 1193 5442 καὶ
1226 5391 1495 5462 ἀνεθέμην
1526 5394 1707 5458 αὑτοῖς
1741 5395 1802 5449 τὸ

232 5479 596 5550 Εὑαγγέλιον,
642 5481 670 5534 ὃ
717 5480 996 5552 κηρύσσω,
1037 5483 1156 5534 κατ’
1190 5482 1329 5536 ίδίαν
1358 5482 1414 5536 δὲ
1457 5485 1570 5547 τοῖς
1618 5485 1800 5539 δοκοῦ.

301 5629 348 5660 ³⁵
375 5627 537 5703 Prov.
564 5626 801 5703 tht,_l_Q.
831 5627 921 5703 _"
949 5626 1063 5703 Jac.
1106 5643 1178 5690 tv,
1219 5627 1268 5682 6.
1348 5628 1662 5703 "__Tob_._t_v,
1703 5631 1814 5703 l_-9.

1906 5632 1936 5664 ’⁸
1972 5631 2040 5703 Ill
2074 5632 2206 5695 Reg.
2238 5649 2332 5697 xn,
2360 5633 2581 5703 passim.

959 5697 1000 5730 ³³
1033 5698 1190 5753 Pwv.
1223 5715 1334 5760 xm,
1371 5699 1455 5753 ΞΟ.
1536 5701 1581 5730 ’⁵³
1605 5699 1770 5756 Eccli.
1801 5717 1967 5765 xxvii,
2001 5702 2088 5757 30.
2168 5703 2211 5734 “
2234 5697 2392 5758 l'rm‘.
2427 5719 2506 5765 ιιι,
2547 5704 2595 5756 ί.

231 5713 437 5752 nam.
474 5695 528 5748 9.
603 5697 642 5728 "
672 5696 803 5752 ibid.
830 5697 881 5749 7.

231 5767 471 5828 xxv,28.

1907 4580 2056 4634 enim
2085 4579 2338 4649 graditur
2361 4595 2488 4635 cum
2526 4580 2889 4650 sapientibus,
2919 4582 3138 4650 sapiens
3157 4584 3303 4647 erit;
3349 4584 3486 4638 stul—

1908 4670 1980 4724 tis
2009 4684 2074 4724 ac
2109 4670 2466 4724 dementibus
2496 4685 2692 4726 sensus
2727 4681 2812 4726 est
2851 4674 3149 4742 proclivior
3170 4674 3239 4733 ⁸³.
3271 4693 3289 4726 ι
3331 4674 3486 4731 Salo-

1907 4781 2036 4818 mon
2070 4781 2235 4819 vero:
2278 4784 2296 4817 ι
2335 4764 2862 4831 Quiseducitrectos
2890 4766 2945 4822 in
2975 4767 3062 4821 via
3095 4768 3257 4829 mala.
3281 4768 3334 4822 in
3361 4783 3485 4822 cor-

1907 4858 2220 4925 rnptionem
2253 4856 2371 4926 ipse
2421 4857 2745 4912 devolvetur
2765 4858 2828 4911 ".
2863 4874 2883 4910 ι
2924 4857 3157 4914 lterum:
3193 4879 3212 4910 ε
3252 4860 3375 4922 Fili,
3411 4875 3482 4914 ne

1911 4947 2370 5016 teapprebendat
2407 4948 2698 5002 consilium
2750 4948 2977 5014 malum,
3027 4949 3174 5019 quod
3220 4951 3484 5020 relinquit

1909 5038 2226 5094 doctrinam
2250 5041 2650 5110 iuventutis“:
2679 5039 2882 5109 quibus
2906 5040 3054 5096 enim
3083 5058 3193 5096 non
3239 5042 3481 5111 suppetit

1910 5130 2262 5200 gubernatio,
2288 5131 2545 5185 foliorum
2573 5131 2747 5186 instar
2787 5129 3074 5195 decidunt,
3117 5133 3267 5188 salus
3298 5142 3480 5188 autem

1909 5221 2087 5284 adest,
2150 5221 2246 5276 ubi
2299 5223 2468 5275 multa
2518 5222 2751 5277 consilia
2771 5222 2849 5275 "z
2900 5224 3044 5278 sicut
3093 5225 3242 5279 enim
3293 5227 3485 5282 civitas

1910 5313 2082 5366 nullis
2107 5315 2287 5368 cincta
2329 5313 2627 5378 mtenibus,
2661 5314 2735 5369 ita
2771 5315 2864 5384 qui
2888 5315 3173 5385 quidpiam
3225 5318 3335 5382 agit
3367 5319 3483 5372 sine

1907 5405 2139 5460 consilio
2163 5404 2228 5458 “.
2259 5424 2279 5456 ι
2317 5405 2546 5474 Moyses,
2581 5406 2676 5474 qui
2710 5414 2818 5460 tam
2852 5405 3202 5461 familiariter
3217 5424 3340 5462 cum
3373 5409 3482 5462 Dco

1907 5489 2270 5558 loquebatur,
2292 5493 2616 5562 neutiquam
2643 5494 2955 5563 repudiavit
2973 5497 3264 5550 consilium
3285 5496 3480 5551 Jothor

3235 5633 3278 5663 ³⁸
3311 5632 3476 5690 Eccli.

3252 5703 3294 5734 “
3319 5702 3477 5758 Prov.

2661 5636 2701 5666 ³⁹
2727 5634 2830 5688 lsa.
2859 5650 3001 5697 uix,
3035 5633 3119 5686 μί.

2708 5705 2751 5736 ⁴⁵
2776 5703 2934 5758 Prov.
2971 5720 3041 5762 ιι.
3073 5703 3155 5757 ⁸4.
