4178 6436
713 331 846 398 1687

1979 349 2345 413 ANTIOCHI
2386 355 2726 416 MUNACHI

3834 341 3979 412 1688

711 441 812 536 sed
829 457 1170 517 quacunque
1196 445 1374 519 ipslns
1394 451 1571 507 relatu
1592 452 1811 521 didicit,
1836 458 2077 529 explevit
2095 476 2285 532 opere,

2393 482 2500 531 σιν,
2537 467 2611 536 μή
2644 480 2762 527 πως
2796 462 2878 527 είς
2909 463 3064 515 κενὸν
3086 457 3344 531 τρίχω,ἦ
3373 455 3628 527 ἔδραμον.
3650 473 3671 507 ι
3706 452 3770 507 '0
3791 453 3983 521 λέγων

707 533 905 590 eadem
939 537 1310 606 coaiprobans
1333 557 1348 593 :
1375 556 1555 611 neque
1580 543 1711 600 hinc
1739 546 1795 601 in
1850 549 2166 617 superbiam
2194 567 2288 607 ex-

708 624 840 678 tulit
859 639 942 691 se,
967 636 1123 683 tanta
1143 630 1348 700 alioqui
1378 631 1523 702 apud
1560 633 1732 689 Deum
1760 645 1819 690 et
1861 637 2120 695 homines
2153 656 2283 711 per-

709 713 915 774 fruitus
944 718 1118 788 gloria
1141 721 1206 773 ".
1234 721 1343 778 Sed
1372 731 1430 778 et
1450 725 1653 780 Paulus
1680 729 1983 796 apostolus,
2004 729 2286 789 Christum

709 804 767 860 in
794 821 854 861 se
873 808 1189 876 loquentem
1215 811 1312 880 qui
1337 813 1597 876 habebat.
1623 816 1703 870 ait
1730 817 1968 874 Calatis:
2000 839 2018 871 ι
2049 823 2285 879 Ascendi

712 897 768 950 in
787 897 1115 966 Jerusalem,
1144 912 1200 956 et
1223 905 1433 958 contuli
1454 920 1580 960 cum
1613 908 1697 962 eis
1754 909 2112 979 Evangelium
2140 916 2285 984 quod

709 991 971 1058 pmdico.
1005 1010 1255 1051 seorsum
1295 1007 1482 1054 autem
1516 1001 1604 1054 bis
1630 1003 1726 1071 qui
1776 1003 2110 1061 videbantur
2141 1025 2286 1074 esse,

709 1096 781 1134 ne
805 1081 946 1138 forte
972 1084 1027 1138 in
1061 1100 1264 1141 vanum
1294 1104 1580 1146 currerem
1621 1102 1718 1147 aut
1767 1097 2139 1153 cucurrissem
2159 1101 2225 1154 “.
2263 1121 2281 1153 ι

709 1169 779 1224 Ει
800 1171 847 1225 is
878 1173 972 1240 qui
1006 1173 1224 1230 dicitse
1259 1193 1372 1232 non
1402 1179 1472 1233 ab
1513 1180 1832 1238 hominibus
1852 1186 2136 1252 didicisse,
2191 1191 2287 1244 sed

709 1274 809 1329 per
829 1263 1223 1321 revelationem
1251 1266 1380 1322 Jcsu
1410 1268 1643 1336 Christi,
1677 1273 1818 1328 nihil
1857 1278 2126 1345 gravatim
2162 1279 2290 1334 tulit

710 1363 836 1404 cum
866 1353 1260 1424 condiscipulis
1287 1357 1802 1424 conferre,consilii
1831 1365 2059 1420 ineundi
2091 1368 2288 1435 gratia.

708 1440 903 1512 Neque
931 1444 1081 1499 enim
1112 1446 1332 1516 privato
1356 1448 1574 1520 judicio
1613 1460 1827 1510 tantum
1850 1457 1955 1512 sibi
1983 1458 2077 1512 uni
2097 1458 2291 1512 tribuit

708 1531 948 1599 ﬁduciae,
967 1536 1176 1592 veritus
1199 1554 1269 1594 ne
1297 1540 1356 1595 in
1377 1557 1581 1597 vanum
1611 1555 1866 1601 curreret
1889 1555 1985 1602 aut
2009 1548 2292 1602 cucurris-

709 1633 813 1679 set.
848 1625 962 1680 Nos
986 1638 1195 1694 autem,
1218 1646 1360 1700 quos
1388 1634 1525 1689 latet
1545 1651 1668 1705 qua
1691 1636 1763 1691 sit
1801 1647 1900 1692 aut
1930 1638 2159 1693 dextera
2194 1648 2291 1693 aut

709 1714 957 1778 sinistra,
979 1728 1189 1786 quanto
1207 1723 1422 1791 aquius
1445 1734 1534 1779 est
1557 1727 1699 1781 nihil
1729 1728 1912 1783 moliri
1947 1729 2133 1799 operis
2163 1730 2290 1785 abs-

2391 555 2467 628 μὴ
2486 555 2797 626 διδαχθῆναι
2824 555 2954 625 παρ’
2975 551 3287 623 ἀνθρώπου,
3320 549 3459 603 ἀλλὰ
3478 548 3547 601 δι’
3567 543 3980 612 ἀποκαλύψεως

2401 645 2576 717 Ἰησοῦ
2620 644 2882 716 Χριστοῦ,
2917 645 3020 698 οὐκ
3067 641 3382 712 ἀπηξίωσεν
3415 635 3835 708 συμϐουλεύσας
3860 634 3983 693 τοῖς

2390 737 2776 808 συμμαθηταῖς
2833 735 3023 791 αὐτοῦ.
3071 734 3206 788 Ούδὶ
3247 733 3356 803 τὰρ
3395 730 3575 801 ἑαυτῷ
3620 728 3977 789 ἐπίστευσεν,

2388 827 2720 895 φοϐούμενος
2753 827 2830 898 μὴ
2878 827 2960 890 είς
2988 827 3146 880 κενὸν
3178 825 3374 896 τρέχῃ.
3401 823 3435 893 ἢ
3470 823 3728 893 ἔδραμεν.
3773 816 3983 886 Ἡμεῖς

2387 918 2444 972 δὲ
2480 921 2529 972 οἱ
2555 919 2632 990 μὴ
2656 918 3042 987 γινώσκοντες,
3070 918 3200 972 ποία
3227 915 3377 980 δεξιὰ
3404 915 3438 981 ἢ
3465 911 3755 984 ἀριστερὰ,
3785 907 3982 980 πολλῷ

2393 1011 2596 1081 μᾶλλον
2623 1013 2914 1082 ὀφείλομεν
2942 1012 3126 1064 πάντα
3159 1010 3299 1080 μετὰ
3325 1007 3555 1077 γνώμης
3582 1005 3692 1058 τῶν
3723 1017 3982 1070 πνευμα-

2387 1105 2556 1157 τικῶν
2582 1104 2742 1174 ἡμῶν
2773 1102 3035 1172 Πατέρων
3063 1101 3326 1172 πράττειν
3345 1138 3362 1161 ,
3394 1096 3722 1166 φοϐούμενοι
3747 1093 3812 1146 τὸ
3840 1092 3979 1145 ὑπό-

2388 1197 2588 1265 δειγμα
2637 1194 2732 1248 τοῦ
2779 1194 3130 1248 Ἀποστόλου·
3169 1193 3264 1245 καὶ
3300 1191 3452 1260 πάσῃ
3483 1189 3693 1258 σπουδῇ
3724 1189 3796 1257 τῇ
3827 1202 3976 1254 cup.—

2390 1287 2576 1358 δουλίᾳ
2609 1287 2964 1357 χρησάμενον
2999 1286 3060 1337 ὲν
3109 1282 3301 1355 μηδενὶ
3337 1279 3675 1352 θαρροῦντες
3728 1277 3974 1337 ἑαυτοῖς,

2389 1379 2423 1451 ἢ
2455 1377 2801 1439 πιστεύοντες
2826 1378 2940 1438 τοῖς
2963 1376 3242 1444 λογισμοῖς
3265 1371 3442 1442 ἡμῶν,
3462 1369 3594 1422 ἀλλὰ
3620 1365 3978 1436 στοιχοῦντες

2389 1471 2455 1540 τῇ
2498 1467 2777 1539 συμϐουλῇ
2833 1465 2928 1521 καὶ
2985 1467 3052 1536 τῇ
3095 1465 3275 1536 κρίσει
3310 1463 3417 1516 τῶν
3451 1461 3555 1533 πρὸ
3599 1459 3760 1531 ἡμῶν
3795 1457 3977 1511 [latt-

2393 1574 2524 1628 ρων,
2558 1559 2769 1628 μήποτε
2820 1553 3218 1626 ἑμπαιχθῶμεν
3262 1550 3368 1604 ὑπὸ
3397 1549 3509 1603 τῶν
3559 1547 3818 1617 πονηρῶν
3855 1545 3977 1598 δαι-

2394 1648 2592 1718 μόνων.
2658 1647 2750 1711 Ὠς
2799 1646 2910 1716 γὰρ
2962 1645 3214 1699 θέλουσιν
3268 1639 3851 1711 μετασχηματίζουσιν
3902 1635 3974 1688 τὰ

2392 1740 2718 1810 πράγματα,
2752 1739 2990 1809 μάλιστα
3016 1741 3130 1802 τοῖς
3158 1738 3258 1801 τὰς
3287 1735 3487 1806 τέχνας
3523 1732 3708 1786 αὐτῶν
3739 1729 3817 1801 μὴ
3851 1730 3976 1781 ἑπι-

707 1821 820 1876 que
859 1808 1231 1878 spiritualium
1302 1813 1535 1869 Patrum
1600 1818 1871 1873 arbitratu
1925 1828 1982 1874 et
2030 1820 2287 1884 consilio,

2396 1806 2767 1904 σταμένοιςμή
2806 1829 3130 1884 πεποιθόσιν
3167 1830 3264 1883 ἐπὶ
3296 1827 3376 1899 τῷ
3402 1827 3544 1896 τόξῳ
3585 1825 3678 1878 καὶ
3723 1821 3807 1891 τῷ
3839 1821 3976 1891 βρα-

707 1903 961 1973 exemplo
988 1906 1124 1961 tanti
1149 1906 1312 1963 istius
1333 1910 1617 1980 Apostoli?
1638 1915 1734 1969 sed
1760 1917 1912 1970 omni
1941 1916 2129 1971 studio
2165 1917 2291 1972 illo-

709 2009 833 2050 rum
862 1997 1097 2054 consilio
1129 2002 1235 2064 usi.
1267 2019 1378 2058 non
1435 2007 1566 2060 item
1598 2007 1652 2061 in
1697 2024 1757 2062 re
1800 2010 2001 2078 quavis
2051 2010 2292 2065 nitentes

707 2096 898 2141 nostra
925 2090 1297 2161 qualicunque
1324 2095 1644 2162 prudentia,
1677 2108 1773 2154 aut
1796 2100 2037 2169 propriis
2079 2100 2288 2170 cogita-

708 2177 958 2234 tionibus
1006 2181 1170 2237 fideln
1221 2190 1726 2255 accommodantes,
1780 2192 1955 2261 magis
1999 2201 2186 2248 autem
2221 2193 2291 2247 ad

705 2282 902 2325 eorum
937 2273 1033 2342 qui
1089 2286 1335 2330 nostram
1385 2280 1529 2334 hanc
1580 2289 2003 2337 anteverterunt
2048 2291 2288 2349 atatem,

707 2361 1008 2417 consilium
1047 2364 1427 2434 decretumve,
1476 2386 1579 2425 ceu
1609 2372 1677 2427 ad
1706 2388 1935 2443 scopum
1969 2383 2120 2428 recta
2176 2374 2294 2428 col-

709 2447 1005 2516 lineemus,
1038 2469 1107 2509 ne
1139 2455 1285 2512 forte
1312 2459 1596 2530 contingat
1632 2463 1895 2518 insidiosa
1949 2464 2291 2533 malignitate

709 2536 1023 2598 damonum
1066 2544 1229 2600 nobis
1268 2547 1448 2603 illudi.
1479 2550 1587 2604 Pro
1618 2568 1717 2607 sua
1750 2554 1900 2608 enim
1956 2555 2293 2609 veteratoria

2393 1925 2533 1994 χίονι
2553 1923 2754 1977 αὐτῶν.
2788 1921 2889 1976 Διὰ
2915 1921 3027 1993 γάρ
3059 1921 3159 1990 τῆς
3192 1916 3580 1978 ταπεινώσεως
3606 1911 3978 1966 ῑττελεύσεται

2393 2013 2480 2081 ἐφ’
2505 2013 2652 2082 ἡμᾶς
2680 2013 2716 2080 ἡ
2753 2011 2916 2081 χάρις
2944 2008 3042 2064 τοῦ
3072 2010 3230 2077 ἁγίου
3272 2004 3620 2075 Πνεύματοςο
3657 1999 3848 2062 καθὼς
3881 1999 3979 2052 καὶ

2391 2101 2421 2154 6
2449 2099 2654 2171 Κύριος
2678 2100 2919 2163 ὶδίδαξεν
2951 2100 3103 2169 ἡμᾶς
3139 2097 3313 2165 λέγων
3335 2112 3350 2126 ο
3391 2114 3409 2146 ι
3447 2095 3616 2148 Ὅταν
3639 2089 3979 2161 προσφέρω-

2391 2204 2476 2241 σιν
2529 2187 2676 2257 ὑμᾶς
2722 2186 2819 2240 ἐπὶ
2864 2186 2967 2249 τὰς
3001 2183 3350 2252 συναγωγάς,
3384 2181 3480 2236 καὶ
3517 2179 3618 2242 τάς
3649 2176 3854 2246 ἀρχάς,
3879 2174 3978 2228 καὶ

2386 2279 2489 2342 τὰς
2525 2276 2797 2344 ἔξουσίας,
2845 2274 2922 2345 μὴ
2974 2275 3351 2345 μεριμνήσητε
3394 2269 3513 2332 πῶς
3543 2267 3578 2338 ἢ
3610 2266 3666 2320 τί
3693 2263 3978 2331 ἀπολογή-

2389 2368 2570 2422 σεσθε.
2606 2367 2682 2419 Τδ
2728 2366 2839 2436 γὰρ
2893 2365 3052 2433 ἅγιον
3084 2361 3312 2433 Πνεῦμα
3350 2359 3550 2423 διδάξει
3578 2357 3724 2426 ὑμᾶς
3750 2357 3813 2408 ὲν
3834 2354 3976 2423 αὐτῇ

2387 2463 2455 2530 τῇ
2489 2460 2611 2528 ὥρα
2651 2457 2689 2512 ἃ
2719 2459 2801 2511 δεῖ
2827 2459 3026 2512 είπετν.
3066 2475 3084 2507 ι
3116 2456 3277 2527 Αύτῷ
3308 2455 3342 2525 ἠ
3386 2451 3514 2517 δόξα
3554 2452 3639 2513 είς
3668 2449 3801 2510 τοῦς
3839 2446 3978 2500 α.ίῶ-

2388 2568 2504 2614 νας,
2542 2551 2736 2620 Ἀμήν.

708 2631 998 2688 voluntate
1029 2649 1119 2690 res
1147 2637 1422 2706 quaslibet
1443 2641 1496 2695 in
1516 2641 1679 2696 aliam
1701 2643 1938 2699 subinde
1967 2651 2285 2715 permutant
2322 2641 2577 2700 formam.
2638 2641 2694 2694 in
2763 2655 2957 2694 eorum
3009 2638 3247 2692 maxime
3292 2641 3586 2706 prospectu
3643 2635 3742 2704 qui
3825 2647 3983 2688 coni-

712 2725 999 2783 Inentitias
1020 2739 1168 2785 artes
1197 2731 1416 2786 illorum
1473 2750 1584 2790 non
1642 2735 1938 2791 admodum
1966 2740 2106 2794 scite
2135 2738 2360 2798 callent,
2385 2745 2482 2790 aut
2517 2735 2613 2804 qui
2639 2735 2763 2804 plus
2796 2749 2955 2804 aquo
2983 2733 3240 2787 nituntur
3278 2729 3477 2784 fiducia
3509 2729 3596 2783 sui
3643 2743 3809 2783 arcus
3863 2727 3980 2782 sive

713 2818 953 2876 brachii.
986 2821 1046 2876 In
1083 2839 1185 2879 nos
1225 2826 1376 2880 enim
1429 2843 1531 2898 per
1578 2829 1971 2897 humilitatem,
2027 2831 2160 2887 sidit
2220 2846 2287 2886 ac
2321 2829 2601 2885 delabitur
2658 2828 2835 2881 sancti
2926 2825 3170 2896 Spiritus
3253 2824 3453 2894 gratia,
3505 2818 3978 2892 quemadmodum

714 2923 822 2964 nos
851 2911 1076 2967 edocuit
1121 2914 1388 2973 Dominus
1443 2935 1457 2972 :

1535 2937 1554 2969 ι
1587 2919 1726 2975 Cum
1769 2921 2104 2977 adduxerim
2153 2937 2253 2977 vos
2286 2921 2354 2975 ad
2391 2933 2697 2991 synagogas
2729 2926 2786 2972 et
2814 2917 3161 2987 principatus
3188 2921 3246 2969 ct
3270 2921 3596 2984 potestates,
3627 2911 3804 2966 nolite
3832 2910 3980 2978 cogi-

715 3007 834 3057 tare
864 3004 1141 3071 quomodo
1161 3015 1256 3060 aut
1281 3007 1415 3076 quid
1443 3010 1856 3079 respondeatis:
1891 3011 2133 3082 Spiritus
2146 3012 2296 3067 enim
2334 3020 2561 3065 sanctus
2593 3007 2816 3064 docebit
2853 3021 2953 3062 vos
3017 3006 3073 3061 in
3102 3006 3194 3061 illa
3233 3005 3370 3060 hora
3400 3003 3536 3074 quid
3597 3018 3696 3058 vos
3724 3009 3982 3072 oporteat
4043 3027 4048 3030 -

717 3091 903 3148 dicere
923 3095 986 3147 “.
1019 3111 1040 3147 ι
1102 3095 1208 3164 Ipsi
1268 3098 1441 3166 gloria
1501 3111 1558 3155 et
1616 3102 1910 3171 imperium
1955 3104 2012 3158 iu
2065 3104 2287 3160 saecula.
2330 3103 2526 3157 Amen.

1074 3188 1118 3257 l
1131 3189 1291 3260 160
1329 3190 1612 3248 ιιοειιιιΑ
1652 3194 1940 3251 LXXXIV.

1300 3281 1380 3336 De
1413 3285 1706 3340 insomniis.

788 3365 910 3422 1am
939 3367 1164 3436 quando
1220 3372 1475 3428 nonnulli
1514 3384 1646 3429 sunt
1699 3375 1795 3446 qui
1854 3391 1956 3446 per
1985 3376 2091 3431 hoc
2143 3376 2294 3447 quod

719 3453 886 3511 fidem
943 3457 1263 3514 habuerunt
1321 3461 1645 3529 insomniis,
1697 3480 1729 3520 a
1785 3466 2124 3522 rectitudine
2193 3466 2296 3522 via:

718 3546 944 3602 abducti
962 3547 1019 3602 in
1052 3547 1346 3618 pudendos
1389 3565 1615 3607 errores
1650 3553 2020 3620 deﬂexerunt,
2065 3555 2294 3625 hujusce

719 3638 800 3692 rei
830 3639 1004 3709 gratia
1033 3639 1431 3699 submonemus
1452 3659 1572 3709 vos,
1589 3643 1960 3708 dilectissimi,
1981 3662 2052 3702 ne
2071 3645 2295 3716 quando

721 3727 1034 3784 istiusmodi
1069 3732 1343 3803 aerivagis
1390 3742 1447 3789 et
1512 3735 1949 3791 multiformibus
2001 3737 2294 3792 insomniis

719 3820 1087 3876 commodetis
1147 3822 1337 3878 fidem.
1388 3823 1531 3880 Sunt
1583 3825 1732 3880 enim
1788 3827 1906 3882 bac
1949 3826 2101 3882 aliud
2150 3827 2292 3882 nihil

717 3926 885 3983 quam
911 3915 1117 3971 mentis
1138 3916 1450 3986 lmplanata:
1495 3931 1560 3972 ac
1612 3917 1925 3972 deerrantis
1971 3917 2292 3985 simulacra,

720 4001 1167 4074 imaginationcs,
1197 4013 1256 4062 et
1280 4004 1648 4061 frustratoria:
1675 4006 2080 4062 ludiﬁcationes
2099 4023 2292 4078 repro-

718 4091 918 4149 borum
941 4094 1275 4160 demonum,
1289 4096 1454 4152 nobis
1484 4107 1546 4152 nt
1566 4096 1857 4167 imponant
1878 4105 1936 4152 et
1964 4097 2289 4168 implanent;

718 4181 801 4239 sic
835 4183 1038 4240 misere
1061 4186 1323 4242 seductos
1361 4195 1427 4242 ut
1464 4187 1714 4241 inescent
1760 4187 1882 4242 istis
1913 4186 2292 4243 deliuimentis

717 4280 888 4342 atque
919 4272 1223 4337 oblectent,
1267 4282 1332 4328 ut
1367 4273 1635 4345 deinceps
1661 4275 1817 4329 nullo
1845 4274 2073 4344 negotio
2112 4275 2292 4331 homi-

718 4377 846 4417 nem
873 4364 1200 4433 pertrahant
1234 4365 1304 4421 ad
1329 4365 1600 4436 captanda
1625 4366 1902 4422 lenocinia
1951 4367 2291 4423 illecebrosas

717 4453 1038 4524 voluptatis,
1057 4456 1212 4526 juxta
1235 4456 1467 4512 verbum
1492 4456 1650 4512 Iuda:
1678 4456 1912 4526 apostoli
1953 4456 2144 4512 Jacobi
2176 4456 2292 4512 frao

721 4547 843 4610 tris,
879 4547 948 4602 de
977 4548 1252 4617 ejusmodi
1280 4549 1636 4619 quibusdam,
1660 4548 1929 4603 dicentis:
1970 4566 1990 4599 ι
2027 4547 2293 4602 Similiter

717 4648 777 4694 et
804 4637 861 4692 hi
892 4640 1164 4696 insomnia
1189 4655 1289 4695 sua
1310 4649 1608 4706 sectantes,
1647 4655 1873 4696 carnem
1903 4639 2131 4710 quidem
2181 4654 2297 4695 ma-

720 4729 930 4794 culant,
953 4729 1390 4786 dominationem
1417 4739 1601 4785 autem
1627 4738 1923 4801 spernunt,
1955 4730 2297 4799 majestatem

720 4831 857 4872 vero
887 4818 1278 4889 blasphemant
1292 4822 1361 4876 ⁵⁸.
1400 4840 1420 4873 ι
1454 4820 1820 4875 Ecclesiastes
1848 4819 1980 4874 item
2022 4819 2295 4889 praecipit,

2982 3188 3204 3243 ΛΟΓΟΣ
3252 3190 3373 3242 ῐΙΔ⁹.

2925 3278 3066 3346 Περὶ
3093 3278 3418 3331 ἐνυπνίων.

2478 3371 2698 3442 Ἐπειδὴ
2755 3387 2901 3433 τινες
2949 3367 3420 3440 ιμπιστεύσαντες
3469 3365 3771 3429 ἐνυπνίοις,
3837 3381 3978 3434 παρ-

2394 3462 2717 3532 ετράπησαν
2735 3462 2835 3531 τῆς
2856 3459 3076 3522 εὐθείας
3098 3459 3243 3524 ὁδοῦ,
3257 3457 3449 3512 τούτου
3471 3458 3630 3528 χάριν
3657 3457 3976 3526 ὑπομιμνή-

2394 3569 2601 3623 σκομεν
2636 3553 2806 3622 ὑμᾶς.
2842 3550 3138 3621 ἀγαπητοὶ,
3184 3549 3262 3613 ὡς
3308 3549 3371 3602 ού
3414 3548 3521 3620 χρὴ
3573 3548 3775 3617 ῥᾳδίως
3810 3551 3976 3618 ιμπιο

2395 3643 2622 3698 στεῦσαι
2636 3646 2752 3707 τοῖς
2768 3641 3128 3714 άστροπόλοις
3159 3641 3254 3694 καὶ
3278 3637 3656 3708 πολυσχιδέσιν
3677 3639 3972 3702 imm.

2393 3733 2580 3787 Ταῦτα
2609 3732 2718 3803 γάρ
2745 3731 2898 3785 οὐδὲν
2937 3729 3127 3802 ἕτερόν
3174 3731 3318 3782 είσιν
3346 3729 3380 3798 ἢ
3407 3728 3650 3792 διανοίας
3678 3727 3974 3797 πλανωμέο

2393 3844 2491 3896 νης
2523 3824 2840 3894 ἰνδάλματα,
2868 3823 2964 3878 καὶ
2999 3821 3316 3893 φαντασίαι,
3346 3822 3444 3874 καὶ
3472 3819 3638 3891 χλεύη
3669 3818 3784 3872 τῶν
3808 3837 3975 3890 πονη-

2396 3917 2507 3988 ριῖρν
2527 3917 2818 3988 δαιμόνων.
2850 3915 2988 3986 πρδς
3021 3914 3085 3967 τδ
3112 3912 3431 3967 ἀπατᾶσθαι
3459 3912 3628 3982 ἡμᾶς,
3659 3910 3758 3964 καὶ
3783 3909 3978 3975 ἑξακο-

2391 4007 2604 4061 λουθείν
2641 4006 2823 4060 αὐτῶν
2867 4008 2979 4067 τοῖς
3025 4003 3381 4073 δελεάσμασι,
3406 4001 3597 4055 λοιπὸν
3637 4000 3696 4054 δι
3746 4001 3837 4054 Eva
3880 3999 3974 4054 καὶ

2393 4096 2531 4167 πρὸς
2561 4096 2754 4168 ἡδονὴν
2794 4093 3152 4166 κατασύρωσι
3191 4092 3287 4146 τὸν
3317 4090 3627 4162 ἄνθρωπον,
3656 4091 3737 4154 ὡς
3766 4088 3922 4158 λέγει
3944 4091 3976 4145 6

2391 4188 2690 4252 ἀπόστολος
2723 4187 2927 4251 Ἰούδας
2955 4186 2987 4239 6
3027 4184 3290 4240 Ἰαιιώδου
3325 4183 3458 4254 περί
3491 4199 3654 4236 τινων
3687 4182 3970 4238 τοιούτων.

2390 4282 2532 4352 Φησὶ
2563 4282 2672 4352 γάρ
2697 4297 2710 4311 ·
2750 4299 2769 4333 ι
2817 4278 3054 4349 Ὁμοίως
3102 4277 3288 4349 μέντοι
3330 4274 3428 4329 καὶ
3460 4269 3612 4329 οῦτοι
3652 4273 3972 4336 ινυπνιαξό-

2395 4390 2570 4444 μενοι,
2597 4373 2776 4443 σάρκα
2811 4373 2909 4442 μὲν
2935 4370 3232 4442 μιαίνουσι,
3256 4366 3587 4440 κυριότητας
3611 4365 3669 4418 δὲ
3692 4363 3970 4428 άθετοῦσι,

2392 4465 2552 4532 δόξας
2582 4464 2640 4517 δὲ
2673 4460 3078 4534 βλασφημοῦσι.
3115 4478 3136 4512 ι
3180 4459 3242 4513 '0
3276 4458 3333 4513 δὶ
3373 4455 3832 4527 Ἐκκλησιαστὴς,
3870 4473 3974 4508 πα-

2397 4553 2679 4626 ραγίνεται
2711 4552 2822 4620 γὰρ
2854 4551 3050 4619 λέγων’
3081 4568 3100 4602 ι
3153 4547 3436 4602 Ἐνύπνιον
3461 4548 3520 4600 ιν
3547 4546 3749 4617 πλήθει
3780 4561 3974 4616 πειρα-

2395 4644 2559 4715 σμοῦ,
2611 4642 2708 4696 καὶ
2756 4639 2910 4711 φωνὴ
2954 4641 3189 4709 ἄφρονος
3231 4640 3290 4692 ιν
3329 4637 3526 4708 πλήθει
3553 4637 3752 4706 λόγων.
3798 4656 3819 4689 ι
3864 4637 3974 4692 Καὶ

2395 4735 2592 4802 ἐπάγει
2624 4750 2640 4765 ο
2676 4753 2696 4787 ι
2733 4732 2828 4802 Μὴ
2876 4730 2984 4802 δῷς
3008 4733 3072 4786 τδ
3117 4732 3293 4800 στόμα
3343 4746 3438 4784 σου
3490 4729 3828 4801 ἐξαμαρτεῖν
3875 4729 3974 4799 τὴν

2397 4824 2576 4895 σάρκα
2605 4840 2720 4877 σου·
2751 4822 2842 4876 ἴνα
2871 4821 2947 4893 μὴ
2992 4819 3221 4891 δργισθῇ
3266 4819 3453 4882 όθεδς
3497 4818 3594 4872 tu).
3647 4820 3802 4888 φωνῇ
3848 4834 3966 4883 σου,

720 4908 951 4965 dicens:
984 4929 1010 4963 ι
1036 4911 1377 4969 lnaomnim
1394 4913 1449 4968 in
1479 4911 1836 4966 multitudine
1868 4911 2212 4976 tentationis,
2242 4920 2290 4966 et

2395 4914 2491 4969 καὶ
2519 4912 2811 4986 διαφθείρῃ
2842 4912 2913 4966 τὰ
2944 4912 3226 4982 ποιήματα
3253 4909 3364 4963 τῶν
3405 4910 3610 4979 χειρῶν
3647 4926 3766 4973 σου,
3798 4911 3884 4963 δτι
3917 4911 3973 4962 ἐν

719 5017 826 5057 vox
846 5003 1002 5058 stulti
1033 5003 1091 5058 in
1125 5005 1483 5061 multitudine
1522 5019 1840 5059 sermonum
1860 5005 1927 5058 ".
1959 5023 1979 5056 ι
2036 5003 2292 5058 lnducit:

728 5109 747 5141 ε
784 5090 864 5146 Ne
890 5091 993 5146 des
1015 5107 1080 5148 os
1111 5102 1265 5149 tuum
1293 5103 1353 5148 ut
1377 5109 1636 5150 exerrare
1670 5093 1842 5149 facias
1869 5106 2095 5148 carnem
2123 5101 2296 5156 tuam,

2397 5005 2594 5077 πλήθει
2621 5003 2890 5057 ἐνυπνίων
2937 5002 3036 5056 καὶ
3082 5002 3462 5072 ματαιοτήτων
3499 5001 3600 5055 καὶ
3638 5001 3816 5070 λόγων
3845 5002 3973 5055 πολ-

2394 5095 2528 5151 λῶν.
2567 5114 2587 5147 ι
2646 5094 2760 5147 Καὶ
2817 5095 2848 5147 6
2895 5090 2991 5146 τοῦ
3035 5091 3236 5162 Σιιράχ
3289 5107 3493 5161 φησιν,
3530 5090 3614 5144 δτι
3670 5092 3974 5146 «Ἐνύπνια

723 5185 786 5232 ιιι
806 5193 874 5233 ne
895 5177 1168 5235 insuatur
1196 5180 1342 5235 Deus
1371 5196 1540 5252 super
1566 5196 1706 5236 voce
1739 5189 1854 5245 tua,
1889 5189 1947 5236 et
1977 5189 2290 5249 corrumpat

2394 5184 2794 5256 άναπτεροῦσιν
2821 5183 3082 5254 ἄφρονας.
3119 5199 3139 5233 ι
3175 5181 3288 5236 Καὶ
3326 5181 3602 5253 ἐπιφόρει,
3635 5198 3657 5232 ι
3696 5180 3917 5253 Ὠσπερ
3946 5183 3973 5236 6

722 5267 943 5326 labores
1001 5286 1263 5326 manuum
1334 5281 1587 5336 tuarum,
1648 5272 1780 5342 quia
1840 5271 1896 5326 in
1943 5271 2290 5327 multitudine

2394 5276 2768 5348 δρασσόμενος
2811 5274 2993 5339 σκιὰς,
3025 5271 3123 5327 καὶ
3153 5275 3183 5327 6
3210 5271 3418 5341 διάγων
3455 5272 3714 5342 ἀνέμους,
3745 5271 3924 5336 οῦτως
3944 5272 3972 5325 6

724 5362 1069 5417 somniorum
1133 5371 1191 5418 et
1257 5365 1563 5419 vanitatum
1603 5372 1664 5419 et
1704 5378 2027 5419 sermonum
2097 5363 2290 5418 multo-

2404 5367 2620 5438 ἐπέχων
2648 5365 2941 5429 δνυπνίοις.
2981 5363 3117 5418 Ἀπδ
3138 5363 3248 5435 γάρ
3272 5362 3501 5432 ψεύδους
3535 5361 3589 5414 τί
3625 5360 3920 5432 uncum;
3947 5379 3965 5413 ι

726 5454 934 5507 rum".
990 5471 1011 5506 ι
1063 5455 1222 5511 Iesus
1290 5456 1422 5511 item
1477 5454 1671 5511 Sirach
1721 5455 1903 5513 ﬁlius:
1964 5455 2290 5511 «Insomnia

2404 5461 2516 5514 Καὶ
2546 5458 2733 5512 πάλινο
2767 5475 2786 5509 ι
2827 5457 3117 5518 Μαντεῖαι,
3145 5454 3243 5508 καὶ
3268 5452 3584 5523 οἱωνισμοὶ,
3616 5452 3716 5505 καὶ
3749 5452 3971 5506 ἐνύπνια

724 5544 996 5601 extollunt
1012 5545 1388 5618 imprudentes
1400 5549 1465 5602 ".
1503 5567 1522 5601 ι
1550 5547 1753 5603 Infert:
1779 5567 1798 5600 ι
1821 5546 2290 5614 Quemadmodum

2405 5547 2615 5618 μάταιά
2648 5549 2794 5601 ἐστι·
2843 5544 3070 5609 πολλοὺς
3106 5543 3217 5615 γὰρ
3257 5540 3569 5612 ιπλάνησαν
3607 5539 3680 5594 τά
3724 5541 3967 5598 ἰνύπνια.

798 5655 841 5686 δ’
871 5655 1040 5778 Εἲοά.
1072 5673 1201 5717 mi.
1223 5657 1444 5726 passim.
1523 5658 1760 5714 “Galat.
1787 5673 1846 5714 ιι.
1868 5659 1921 5713 2.
2000 5659 2045 5692 δ’
2071 5660 2263 5715 Matth.

803 5741 906 5778 ιιι.
965 5767 974 5778 .

2392 5660 2458 5716 ιθ.
2535 5661 2579 5693 ⁸⁸
2608 5657 2733 5714 Jml.
2772 5659 2820 5712 8.
2901 5659 2941 5691 ⁸³
2972 5657 3152 5712 Eccle.
3174 5672 3227 5718 ν,
3253 5654 3305 5708 2.
3385 5655 3428 5687 ⁵³
3454 5652 3657 5709 iliid.5.
3736 5655 3784 5687 ⁸³
3813 5653 3967 5709 Eccli.

729 5741 906 5785 ιιιιν,
929 5741 974 5779 1.
