4178 6436
245 411 388 480 1689
1212 430 1538 495 ΙΙΟΜΠᾸΛ
1575 433 1835 496 LXXXI‘

1938 460 1994 474 -
2024 433 2123 496 DE
2161 434 2588 498 INSOMNIIS.
3285 457 3296 468 ”
3403 430 3537 500 1690

239 531 341 581 καὶ
367 525 630 590 ἑξίπεσον
657 528 969 596 ιλπίζοντες
994 531 1082 586 in‘
1107 533 1313 598 αὐτοῖς.
1355 555 1374 588 ο
1422 537 1548 592 Ἐὰν
1571 537 1668 592 οὖν
1691 537 1832 610 ὀφθῇ

1938 542 2034 610 qui
2072 556 2260 612 pugno
2288 549 2472 611 captat
2497 537 2726 594 umbras
2752 547 2810 592 et
2835 537 3424 608 pcrsequiturventos,
3454 539 3535 592 sic

240 632 350 670 τινι
386 618 496 672 τῶν
529 619 974 691 ἀγωνιζομένων,
1010 622 1043 692 ἢ
1075 625 1210 693 φῶς,
1241 624 1274 696 ἢ
1315 627 1504 697 σχῆμά
1528 646 1580 682 τι
1615 645 1835 699 πυροει-

1945 631 2041 700 qui
2071 631 2312 686 intendit
2341 630 2654 692 insomniis,
2681 645 2712 683 a
2739 627 3009 683 mendaoe
3042 629 3192 682 enim
3217 627 3352 699 quid
3379 643 3540 699 egre-

240 709 372 770 an.
431 711 705 783 μηδαμῶς
765 713 1162 779 καταᾰξὰσοω
1207 715 1270 769 τδ
1325 717 1567 772 τοιοῦτον
1620 721 1830 791 ὅραμα.

1938 720 2129 776 dietur
2172 720 2489 776 veritatis"
2520 721 2545 776 ?
2581 712 2609 772 ι’
2659 720 2869 775 lterum
2914 734 2930 773 :
2975 735 2993 770 ι
3030 718 3416 774 Divinationes
3479 726 3540 773 et

254 801 470 874 ’Δπάτη
518 805 630 875 γάρ
687 806 806 859 ἐστι
858 808 1044 878 σαφὴς
1092 808 1156 861 εκ
1212 805 1315 874 τῆς
1352 811 1710 879 κακοτεχνίας
1739 811 1832 865 τοῦ

1939 811 2176 882 auguria
2195 820 2255 866 et
2281 811 2557 866 insomnia
2582 826 2724 866 vana
2745 820 2898 874 sunt,
2936 809 3144 865 multos
3159 809 3311 864 enim
3344 825 3536 863 errare

240 893 468 964 ιχῢροῦ.
512 895 686 950 Τοῦτο
716 897 774 952 δὶ
798 899 986 968 σαφῶς
1026 899 1122 953 καὶ
1143 900 1175 953 ὁ
1223 899 1550 964 ’Δπόστολος
1590 900 1835 956 διδάσκει

1943 902 2200 958 iecerunt
2228 902 2526 966 insomnia,
2552 910 2610 957 et
2635 902 2966 956 exciderunt
2994 916 3150 972 spem
3182 910 3456 972 ponentes
3479 902 3534 954 in

242 986 420 1055 ἡμᾶς,
457 1005 478 1038 ι
510 988 604 1051 El;
633 990 866 1057 ἄγγελον
895 990 1076 1058 φωτὸς
1117 1010 1137 1044 s
1178 991 1340 1046 αὑτὸν
1370 991 1544 1060 λέγων
1568 1009 1835 1064 μετασχη-

1944 995 2028 1051 eis
2044 995 2113 1048 ".
2154 1014 2174 1047 ι
2206 993 2266 1049 Si
2299 993 2544 1064 cuipiam
2575 994 2745 1065 igitur
2771 1002 3016 1049 vestrum
3040 994 3136 1063 qui
3174 992 3232 1048 in
3281 993 3388 1048 hoc
3421 993 3537 1062 spi-

247 1075 604 1145 ματίζεσθαι.
639 1081 823 1134 Καλὸν
850 1077 944 1135 οὖν
992 1082 1112 1136 ἔστι
1153 1082 1263 1152 πρὸ
1302 1079 1476 1136 ὕπνου
1518 1083 1615 1136 ἰπὶ
1652 1083 1835 1155 κοίτης

1947 1085 2142 1140 rituali
2165 1084 2404 1140 desudat
2452 1100 2651 1156 agone,
2687 1099 2747 1140 se
2807 1085 3096 1140 visendam
3141 1083 3414 1140 obtulerit
3441 1092 3538 1138 aut

243 1168 330 1230 είς
363 1167 740 1240 φυλακτήριον
760 1170 967 1241 ψυχῆς.
991 1172 1089 1227 καὶ
1114 1173 1556 1244 φυταδευτήριον
1579 1175 1680 1244 τῆς
1705 1175 1835 1228 πλά-

1948 1177 2044 1230 lux
2066 1185 2164 1231 aut
2190 1177 2298 1231 alia
2321 1175 2536 1247 qumvis
2563 1176 2740 1245 llgura
2774 1175 3071 1245 imaginem
3129 1181 3539 1242 repmsentans

245 1274 351 1327 νης
395 1258 652 1328 εὔχεσθαι
687 1262 791 1333 τὴν
830 1264 1001 1334 εὐχὴν
1032 1263 1238 1334 ταύτην
1259 1279 1275 1294 ο

1951 1269 2118 1338 ignis,
2143 1269 2298 1323 nullo
2322 1276 2488 1339 pacto
2516 1266 2793 1338 ejusmodi
2823 1275 3110 1337 spectrum
3156 1267 3304 1321 sinat
3350 1267 3539 1321 animo

249 1349 616 1409 illalii:aliud
636 1356 788 1410 enim
816 1357 874 1412 id
898 1357 1145 1414 nihilest
1171 1374 1339 1429 quam
1393 1359 1678 1415 luculenta
1703 1358 1877 1426 fraus,
1914 1361 2151 1416 subdola
2198 1371 2316 1416 arte
2376 1361 2590 1417 inimici
2644 1359 3000 1416 concinnata.
3052 1357 3170 1413 l-loc
3236 1359 3536 1427 perspicuo,

250 1446 422 1502 docet
445 1450 889 1519 nosApostolus,
947 1451 1081 1506 dum
1142 1453 1349 1507 astruit
1409 1453 1690 1524 impurum
1744 1453 1902 1508 illum
1939 1455 2125 1510 solere
2178 1470 2239 1510 se
2291 1453 2690 1524 transﬁgurare
2747 1471 2765 1505 ι
2806 1453 2863 1506 in
2923 1450 3183 1520 angelum
3246 1448 3474 1503 lucis".
3513 1464 3532 1496 ι

247 1538 542 1595 Proluerit
592 1540 787 1610 igitur,
811 1542 1139 1612 priusquam
1186 1543 1470 1615 carpendo
1518 1543 1708 1615 sopori
1760 1543 1816 1599 in
1856 1545 2030 1600 cubili
2078 1544 2255 1601 dedas
2289 1553 2367 1608 te,
2401 1542 2472 1598 ad
2510 1541 2711 1598 animae
2756 1542 3003 1596 salutare
3033 1537 3351 1594 antidotum
3383 1546 3443 1593 et
3469 1537 3536 1592 ad

247 1633 627 1688 amoliendam
660 1643 718 1690 et
745 1635 1186 1706 propulsandam
1217 1637 1289 1692 ab
1322 1652 1389 1693 ea
1420 1637 1736 1692 daemonum
1764 1637 2150 1708 imposturam,
2175 1645 2240 1694 ut
2267 1653 2399 1694 ores
2429 1636 2746 1693 orationem
2777 1634 2922 1691 hanc
2947 1653 2961 1690 :

323 1726 756 1796 Παντοκράτωρ
786 1731 941 1798 Δότε
986 1730 1095 1785 τοῦ
1137 1731 1394 1799 Πατρός,
1435 1733 1470 1785 ὀ
1500 1732 1840 1799 αὐτοτελὴς

249 1819 402 1885 Θεὸς
439 1821 636 1888 Ἰησοῦ
665 1822 906 1890 Χριστέ,
935 1823 1010 1877 τὰ
1031 1823 1222 1893 ταχέα
1248 1838 1369 1878 σου
1393 1823 1684 1892 σπλάχνα
1725 1825 1840 1892 Ἰη-

2016 1731 2359 1802 Omnipotens
2389 1728 2614 1785 Verbum
2638 1727 2818 1783 Patris
2837 1725 2880 1791 ι,
2921 1736 3104 1798 tuapte
3128 1737 3328 1782 natura
3362 1726 3544 1796 perfe-

1946 1831 2061 1877 ctus
2081 1821 2223 1876 Deus
2247 1820 2377 1876 Iesu
2409 1819 2654 1885 Christe;
2680 1834 2775 1890 per
2820 1820 3024 1873 viscera
3067 1827 3184 1880 tua,
3209 1818 3337 1872 Iesu
3382 1819 3538 1876 bone.

247 1913 394 1977 σοῦ,
428 1916 463 1968 ὁ
480 1914 788 1982 μηδέποτε
820 1913 1211 1984 χωριζόμενος
1249 1915 1373 1970 τῶν
1411 1915 1544 1970 σῶν
1572 1915 1835 1981 οἰκετῶν,

1948 1930 2070 1985 qua
2095 1916 2167 1969 ad
2197 1912 2618 1968 misericordiam
2646 1913 3061 1983 propensissima
3086 1921 3249 1977 sunt;
3271 1913 3363 1981 qui
3396 1928 3537 1965 nun-

246 2001 393 2056 ἀλλ’
422 2003 516 2057 del
547 2004 619 2057 ἐν
641 2004 852 2072 αὐτοῖς
884 2006 1369 2075 ἀναπαυόμενος,
1415 2006 1625 2073 Ἰησοῦ
1652 2009 1686 2060 ὀ
1708 2021 1830 2059 ποι-

240 2093 379 2161 μὴν
414 2096 449 2147 ὁ
482 2094 674 2162 καλὸς
717 2094 839 2150 τῶν
883 2096 1012 2150 σῶν
1044 2096 1375 2165 προϐάτων,
1410 2097 1498 2165 μὴ
1553 2095 1841 2165 παραδῴς

240 2202 323 2254 με
361 2184 438 2252 τῇ
483 2187 776 2256 ἐπιϐουλῇ
825 2188 933 2244 τοῦ
978 2189 1192 2257 ὄφεως,
1230 2188 1393 2258 μηδὲ
1429 2187 1507 2258 τῇ
1557 2189 1840 2259 ἐπιθυμίᾳ

244 2276 359 2331 τοῦ
389 2276 629 2334 Σατανᾶ
670 2281 1015 2348 καταλίπῃς
1058 2297 1140 2349 με
1158 2319 1174 2344 .
1215 2281 1307 2336 ὅτι
1345 2281 1587 2350 σπέρμα
1611 2279 1839 2351 φθορᾶς

243 2368 527 2437 πέφυκεν
567 2370 640 2423 ἐν
677 2370 859 2436 αὐτῷ.
895 2371 980 2426 Σὺ
1006 2368 1142 2439 οὖν,
1183 2373 1384 2442 Κύριε,
1421 2373 1691 2437 ,βασιλεῦ
1720 2386 1838 2426 παι-

241 2462 440 2530 νινίγιε.
483 2463 520 2516 ὁ
570 2461 716 2528 Θεὸς
767 2466 803 2518 δ
852 2466 1282 2533 προσκυνητὸς
1331 2465 1530 2533 Ἰησοῦ
1579 2464 1801 2533 Χριστέ
1819 2505 1836 2530 ,

243 2553 625 2608 καθεύδοντά
651 2571 730 2623 με
758 2555 1037 2624 φύλαξον
1061 2556 1138 2625 τῇ
1167 2557 1445 2625 ἀθανάτῳ
1483 2573 1602 2611 σου
1626 2554 1839 2625 ,βουλῇ⁹

241 2643 349 2696 καὶ
373 2641 457 2708 τῷ
487 2646 791 2714 Πνεύματί
838 2662 957 2700 σου
1003 2645 1084 2712 τῷ
1112 2647 1281 2716 ἁγίῳ,
1317 2641 1368 2715 ᾧ
1401 2648 1666 2716 ἡτίασας
1692 2646 1840 2714 τοὺς

241 2734 404 2801 σοὺς
443 2737 741 2804 μαθητὰς,
777 2739 1083 2806 ρυόμενός
1125 2754 1202 2807 με
1236 2738 1307 2792 ἐκ
1349 2737 1461 2805 τῆς
1507 2737 1839 2806 ἐπιϐουλῆς

241 2825 358 2879 τοῦ
378 2825 615 2896 [operam
650 2828 764 2894 Δὸς
791 2828 860 2883 δέ
887 2846 992 2898 μοι
1023 2827 1106 2894 τῷ
1145 2830 1377 2897 ἀναξίῳ
1404 2829 1523 2897 τὴν
1548 2832 1838 2900 ἀγαλλία-

243 2931 356 2968 σιν
396 2916 505 2969 τοῦ
548 2917 850 2984 σωτηρίου
897 2931 1018 2971 σου
1058 2916 1160 2972 ἐπὶ
1188 2916 1302 2987 τῆς
1334 2919 1542 2986 κοίτης
1567 2937 1708 2988 μου.
1737 2921 1834 2973 και

242 3006 518 3077 φώτισόν
564 3025 685 3077 μου
732 3008 844 3062 τὸν
887 3008 1043 3063 νοῦν
1086 3008 1167 3076 τῷ
1206 3011 1354 3080 φωτὶ
1393 3009 1508 3077 τῆς
1560 3009 1838 3078 γνώσεως

242 3097 358 3151 τοῦ
388 3099 758 3168 Edunt/110v
781 3116 921 3154 σου.
949 3099 1077 3167 Τὴν
1103 3103 1320 3170 ψυχήν
1335 3118 1456 3170 μου
1486 3101 1556 3154 ὲν
1582 3100 1657 3167 τῇ
1686 3102 1835 3163 ἁτὰο

243 3203 337 3256 πῃ
365 3189 473 3243 τοῦ
495 3191 765 3257 σταυροῦ
784 3207 924 3245 σου·
951 3192 1069 3259 τὴν
1099 3191 1353 3260 καρδίαν
1369 3209 1491 3261 μου
1523 3191 1595 3245 ἐν
1628 3191 1702 3259 τῇ
1734 3209 1840 3245 κα-

1946 2023 2109 2078 quam
2133 2024 2166 2061 a
2195 2005 2412 2076 famulis
2433 2007 2538 2059 tuis
2561 2012 2612 2057 te
2637 2004 2925 2074 disjungis,
2945 2003 3036 2058 sed
3058 2004 3114 2057 in
3140 2003 3266 2073 ipsis
3293 2004 3542 2072 conquie-

1943 2103 2081 2156 scis:
2107 2115 2306 2171 quaso,
2340 2098 2535 2155 Pastor
2562 2097 2695 2150 bone
2716 2097 2890 2150 ovium
2924 2106 3164 2160 tuarum,
3192 2093 3332 2159 Iesu,
3360 2110 3428 2148 ne
3456 2109 3540 2146 mc

1944 2190 2133 2244 tradas
2159 2188 2431 2243 insidiosa!
2463 2186 2794 2255 malignitati
2826 2186 3107 2254 serpentis,
3137 2199 3239 2237 neu
3267 2185 3416 2237 sinas
3454 2200 3540 2236 me

1941 2281 2189 2349 intercipi
2235 2279 2660 2350 concupiscentia
2692 2275 2950 2331 Satanan
2999 2293 3176 2330 semen
3229 2277 3374 2330 enim
3421 2291 3539 2329 cor-

1944 2371 2169 2442 ruptela
2191 2372 2248 2426 in
2280 2371 2396 2442 ipso
2427 2378 2755 2441 prognatum
2805 2375 2904 2421 est.
2963 2366 3038 2422 Tu
3068 2367 3255 2438 igitur,
3309 2365 3538 2419 Domine

1944 2467 2040 2530 mi,
2068 2480 2162 2519 rea:
2213 2464 2572 2528 sanctissime,
2626 2463 2772 2518 Deus
2795 2459 3072 2517 adorande
3119 2457 3250 2512 Iesu
3303 2455 3534 2522 Christe,

1943 2560 2148 2614 custodi
2170 2575 2252 2614 me
2278 2558 2652 2621 dormientem,
2679 2553 2976 2610 immortali
2999 2560 3090 2606 tuo
3127 2548 3383 2614 consilio;
3413 2557 3535 2603 tuo-

1942 2666 2044 2721 que
2070 2657 2256 2704 sancto
2281 2647 2509 2718 Spiritu,
2535 2663 2638 2717 quo
2661 2656 2778 2700 tuos
2808 2644 2929 2699 illos
2974 2640 3326 2709 sanctiﬁcasti
3372 2639 3534 2692 disci-

1942 2743 2114 2812 pulos.
2140 2743 2331 2798 Exime
2346 2755 2430 2794 me
2457 2741 2716 2809 serpentis
2742 2736 3048 2792 vetcratorii
3069 2733 3300 2787 insidiis.
3320 2730 3530 2802 1161

1945 2834 2072 2890 Mihi
2101 2831 2392 2905 quamlibet
2422 2831 2640 2900 indigno
2669 2828 2952 2898 impertire
2989 2824 3244 2896 gaudium
3283 2822 3361 2874 tui
3387 2817 3540 2874 salu-

1944 2929 2078 2980 taris
2117 2927 2174 2980 in
2202 2924 2361 2978 cubili
2395 2939 2534 2986 meo,
2567 2930 2900 2989 mentemque
2933 2933 3110 2973 meam
3159 2915 3379 2969 illustra
3419 2911 3537 2966 luce

1943 3014 2257 3084 cugnitionis
2287 3009 2570 3080 Evangelii
2610 3010 2709 3062 tui.
2759 3007 3011 3062 Animam
3051 3019 3223 3057 meam
3283 3003 3339 3054 in
3367 2999 3536 3054 dilec-

1944 3107 2085 3158 tione
2112 3110 2313 3156 sancta:
2349 3108 2456 3153 tua
2485 3099 2697 3161 crucis;
2753 3112 2845 3150 cor
2902 3110 3077 3148 nicum
3126 3093 3180 3146 in
3228 3092 3538 3145 sinceritate

1941 3195 2222 3250 verborum
2254 3201 2507 3255 tuorum;
2562 3205 2754 3258 corpus
2799 3202 2976 3240 meum
3004 3186 3061 3238 in
3099 3184 3346 3254 passione
3403 3191 3536 3248 tua,-

243 3280 532 3348 θαρότητι
558 3283 665 3336 τοῦ
698 3283 890 3352 .ldrov
921 3298 1060 3336 σου⁹
1094 3282 1160 3335 τὸ
1196 3280 1371 3351 σῶμά
1397 3300 1518 3351 μου
1538 3283 1610 3337 ἐν
1641 3280 1723 3347 τῷ
1747 3280 1835 3346 σῷ

1940 3287 2098 3355 idque
2127 3299 2223 3354 per
2251 3282 2485 3354 gratiam
2509 3286 2614 3332 tua:
2657 3275 3141 3343 impassibilitatis;
3179 3273 3532 3342 cogitationes

243 3369 443 3430 πάθει.
475 3369 552 3438 τῇ
572 3369 660 3438 σῇ
682 3371 960 3439 ἀπαθείᾳ·
999 3372 1143 3441 τοὺς
1168 3374 1501 3442 λογισμούς
1527 3390 1646 3442 μου
1669 3373 1741 3426 ἐν
1765 3372 1837 3441 τῇ

241 3447 574 3529 σῆέίρήνῃ
619 3461 1026 3532 διαφύλαεον·
1057 3463 1160 3517 καί
1193 3463 1425 3533 ἄγειρον
1439 3479 1518 3532 με
1559 3463 1631 3516 ἐν
1656 3460 1840 3530 καιρῷ

241 3551 470 3616 εὐθέτῳ
500 3551 651 3619 πρὸς
679 3551 808 3620 σὴν
851 3554 1231 3623 δοεολογιάν·
1275 3553 1366 3608 ὅτι
1397 3554 1838 3621 προσκυητός

241 3642 304 3696 εί
322 3642 421 3694 καὶ
455 3642 901 3712 δεδοξασμένος
950 3645 1075 3699 σὺν
1114 3645 1197 3711 τῷ
1229 3644 1413 3722 ιζατρι
1447 3643 1549 3698 καὶ
1589 3643 1671 3711 τῷ
1691 3645 1840 3714 ἁγίῳ

242 3735 551 3803 Πνεύματι
584 3737 672 3801 εις
699 3735 840 3802 τοὺς
865 3734 1107 3802 αἰῶνας.
1151 3736 1353 3805 Ἀμήν.

319 3823 445 3877 Εἰσὶ
471 3822 526 3876 δὲ
553 3823 781 3876 ἐνύπνια
819 3824 915 3878 καὶ
947 3823 1105 3890 ἄλλα,
1137 3819 1251 3878 οἶόν
1275 3842 1328 3879 τι
1356 3823 1434 3889 ὡς
1457 3824 1608 3893 λέγει
1629 3824 1668 3877 ὁ·
1688 3823 1834 3878 ἰὠεο

246 3932 270 3968 s
320 3914 414 3969 Ἐν
438 3914 550 3987 γὰρ
580 3915 662 3987 τῷ
703 3915 852 3984 απαξ
879 3916 1104 3986 λαλήσει
1149 3916 1356 3988 Κύριος
1379 3930 1396 3946 ⁶
1428 3919 1488 3970 ιν
1515 3917 1574 3971 δὶ
1608 3917 1689 3989 τῷ
1710 3917 1838 3971 δευ-

241 4011 394 4082 τέρῳ
440 4010 676 4083 ινυπνίῳ
713 4010 788 4070 ὡς
826 4012 958 4066 ὅταν
993 4011 1260 4082 ἐμπίπτει
1311 4010 1478 4080 φόϐος
1513 4012 1572 4063 ιν
1598 4010 1776 4064 νυκτί.
1809 4030 1828 4062 ι

253 4101 455 4169 Ἥμιῐς
487 4098 564 4166 δὲ,
589 4102 894 4171 ἀγαπητοὶ,
935 4102 1036 4155 οὐκ
1087 4100 1381 4171 ὀφείλομεν
1448 4099 1726 4154 πιστεύειν
1753 4142 1768 4166 ,
1800 4099 1834 4170 ἢ

245 4190 748 4259 συγκατατίθεσθαι
766 4193 880 4255 τοῖς
907 4191 1210 4256 ἐνυπνίοις·
1239 4192 1290 4245 sl
1316 4189 1433 4257 καὶ,
1468 4191 1546 4255 ὡς
1572 4190 1739 4256 εἰκὸς,
1769 4191 1835 4244 tu

241 4282 401 4344 θείας
434 4281 579 4344 τινος
624 4281 1026 4351 ἀποκαλύψεως
1056 4281 1427 4350 καταπεμφθῇ
1458 4283 1593 4351 ἡμῖν
1623 4281 1832 4352 ὅραμα,

245 4372 326 4440 μὴ
383 4371 717 4440 πρόσχωμεν
774 4370 970 4441 τούτῳ,
1004 4372 1093 4424 ἵνα
1139 4370 1214 4441 μὴ
1264 4370 1387 4424 ἀντὶ
1426 4370 1603 4437 φωτὸς
1629 4371 1835 4424 καπνὸν

242 4456 681 4525 ὺποδεξώμεθα·
710 4458 863 4512 οὐδὲν
919 4459 1030 4530 γὰρ
1081 4459 1142 4512 ιν
1192 4457 1371 4529 τούτῳ
1421 4459 1834 4527 παροργίζομεν

239 4552 338 4604 τὲιν
362 4550 584 4623 Κύριον,
621 4550 756 4604 ἀλλὰ
787 4551 989 4621 μᾶλλον
1020 4553 1116 4604 καὶ
1145 4549 1477 4619 ἀποδέξηται
1507 4551 1657 4620 ἡμᾶς
1692 4550 1832 4620 μετὰ

1944 3391 2090 3430 meas
2117 3375 2173 3428 in
2201 3389 2332 3443 pace
2360 3380 2451 3424 tua
2471 3369 2715 3423 custodi:
2744 3374 3046 3437 opportuno
3070 3373 3309 3434 tempore
3337 3377 3533 3432 exper-

1940 3463 2166 3535 gefacito
2188 3478 2269 3515 me
2289 3460 2359 3514 ad
2385 3459 2800 3530 gloriﬁcandum
2849 3472 3040 3510 nomen
3079 3463 3250 3507 tuum.
3283 3452 3536 3507 Aderan-

1941 3557 2040 3609 dus
2067 3555 2208 3607 enim
2231 3561 2289 3606 tu
2314 3560 2363 3604 et
2387 3549 2770 3622 gloriﬁcandus
2802 3565 2925 3602 cum
2949 3547 3117 3602 Patre
3137 3554 3186 3599 et
3205 3548 3392 3599 sancto
3411 3541 3534 3613 Spi-

1941 3649 2049 3702 ritu
2074 3647 2129 3700 in
2158 3643 2376 3700 σακκία.
2406 3644 2598 3699 Amen.

2011 3823 2152 3880 Sunt
2173 3823 2406 3894 proinde
2432 3831 2491 3880 et
2514 3823 2621 3879 alia
2643 3822 2943 3886 insomnia,
2961 3821 3128 3891 quale
3160 3818 3298 3874 illud
3331 3818 3401 3873 de
3421 3833 3537 3889 quo

1936 3916 2080 3972 Job:
2111 3935 2130 3969 ι
2158 3916 2379 3972 Etenim
2409 3917 2579 3973 semel
2603 3916 2868 3986 loquetur
2887 3915 3180 3977 Dominus,
3206 3914 3262 3968 in
3287 3910 3536 3967 secundo

1937 4014 2122 4058 autem
2151 4004 2430 4059 insomnio
2450 4046 2465 4068 ,
2498 4004 2646 4058 sicut
2671 4019 2799 4058 cum
2830 4003 3092 4059 inciderit
3132 4004 3298 4058 timor
3340 4003 3396 4056 in
3438 4016 3536 4055 no-

1937 4102 2025 4149 cte
2036 4095 2107 4148 ".
2134 4115 2153 4148 ι
2173 4095 2284 4151 Nos
2311 4095 2570 4166 proinde,
2601 4094 3100 4160 dilectissimi,non
3123 4093 3344 4148 facilem
3375 4107 3534 4147 com-

1937 4187 2164 4243 modare
2178 4187 2343 4244 ﬁdem
2366 4189 2638 4244 debemus
2654 4197 2752 4244 aut
2767 4187 3028 4244 assentiri
3057 4185 3376 4248 insomniis,
3397 4193 3538 4239 tam-

1936 4278 2042 4333 etsi
2066 4278 2121 4332 in
2140 4279 2380 4349 speciem
2396 4279 2574 4334 videri
2597 4280 2816 4349 possint
2830 4278 2898 4334 ad
2919 4294 3022 4332 nos
3037 4277 3262 4333 coalitus
3293 4276 3534 4332 demissa

1935 4385 2060 4425 esse
2085 4370 2228 4438 (nisi
2254 4369 2688 4425 adsitdiscretio
2711 4370 3034 4441 spirituum,
3071 4378 3224 4424 certa
3246 4385 3349 4423 nec
3372 4368 3533 4423 fallax

1938 4462 2218 4533 interpres
2236 4462 2314 4516 rei
2332 4460 2488 4532 visa)
2504 4475 2574 4516 ne
2594 4477 2696 4532 pro
2719 4461 2844 4516 luce
2863 4461 3076 4514 fumum
3114 4460 3334 4514 inanem
3357 4468 3538 4528 capte-

1936 4565 2080 4604 mus.
2105 4549 2493 4620 Num,qu:eso,
2527 4564 2626 4620 per
2659 4549 2766 4604 hoc
2791 4550 3194 4604 exacerbamus
3233 4548 3531 4603 adversum

241 4642 418 4714 φόϐου
469 4642 840 4712 φυλάττοντας
886 4642 980 4697 τὸν
1028 4641 1465 4712 ἑμπιστεοθέντα
1516 4642 1649 4712 ήμῖν
1701 4642 1834 4711 παρ’

1938 4656 2040 4695 nos
2067 4641 2393 4695 Dominum?
2411 4640 2566 4696 Adeo
2582 4639 2722 4695 nihil
2743 4640 2901 4694 illum
2926 4640 3029 4694 hac
3049 4655 3156 4694 una
3172 4655 3232 4694 re
3250 4654 3536 4709 exaspera-

240 4732 413 4788 αξιτοῦ
467 4732 764 4806 θησαυρόν.
807 4734 916 4786 Καὶ
949 4733 1173 4804 εἴχομεν
1196 4731 1366 4786 πολλὰ
1394 4731 1713 4802 διηγήματα
1745 4732 1832 4786 ἑλ-

242 4826 412 4880 θὸντα
442 4827 522 4889 τίς
566 4825 669 4894 ius
717 4824 926 4880 παλαιὰ
977 4825 1074 4878 καὶ
1111 4824 1208 4878 νεα
1249 4823 1520 4896 ἔφ’ἡμῶν
1569 4825 1835 4894 γινόμενα

242 4919 380 4988 περὶ
402 4917 510 4970 τῶν
538 4916 948 4987 χλευασθέντων
975 4915 1085 4972 ἀπὸ
1125 4914 1416 4979 ἔνυπνίων,
1440 4913 1537 4969 καὶ
1581 4915 1834 4979 ἐλεεινῶς

240 5007 623 5072 ἐκπεσόντων,
652 5006 903 5062 ἐνθέσθαι
935 5009 1000 5078 τῇ
1040 5005 1290 5078 παρούσῃ
1326 5008 1514 5077 γραφῇ
1561 5006 1699 5076 πρὸς
1731 5007 1833 5058 ἀσ-

239 5101 476 5170 φάλειαν
521 5101 632 5154 τῶν
677 5100 1120 5170 ἰντυγχανόντων
1148 5115 1162 5130 ·
1209 5099 1326 5152 ἀλλ’
1361 5099 1446 5153 τνα
1480 5098 1556 5170 μὴ
1586 5098 1831 5153 ἐκπέσω-

243 5209 351 5264 μεν
399 5190 494 5245 τοῦ
548 5193 914 5263 προκειμένου
962 5193 1097 5261 ἡμῖν
1144 5189 1351 5245 σκοποῦ
1380 5231 1395 5254 ,
1425 5191 1483 5243 ἓν
1517 5191 1610 5244 καὶ
1673 5191 1832 5260 μόνον

241 5283 548 5351 κεφάλαιον
579 5283 845 5355 παραθεὶς
872 5282 1219 5337 καταπαύσω
1241 5282 1335 5336 τὸν
1366 5281 1545 5349 λόγον.
1584 5282 1833 5349 Ἐγένετο

222 5392 335 5437 ’τις
367 5375 720 5447 παράδειγμα
750 5375 982 5447 μοναχδς
1014 5377 1073 5428 ἐν
1103 5374 1184 5446 τῷ
1203 5373 1320 5447 lipsi.
1341 5374 1420 5447 τῷ
1447 5374 1580 5445 Σινᾷ
1603 5397 1612 5406 ·
1638 5373 1697 5437 ὃς
1719 5391 1835 5427 τοσ-

243 5465 424 5536 αύτην
453 5467 783 5537 ἐγκράτειαν
814 5465 1249 5537 ἐπιδειξάμενος,
1275 5467 1371 5520 καὶ
1397 5469 1458 5520 ἐν
1484 5465 1704 5536 κελλίῳ,
1739 5466 1835 5518 καὶ

318 5674 362 5707 ⁸⁸
394 5669 568 5728 Eccli.
610 5687 756 5738 xm,
785 5671 844 5728 ἓ.
918 5671 966 5706 ⁸³
989 5671 1129 5728 ibid.
1150 5672 1279 5738 5,7.
1354 5671 1401 5706 "
1425 5672 1469 5729 Il
1505 5670 1634 5730 Cor.
1665 5689 1739 5740 si,
1773 5673 1860 5729 li.

330 5828 349 5872 ι
388 5830 565 5888 Serus
589 5832 754 5889 habet
786 5833 958 5891 editio
985 5843 1171 5890 nostra
1201 5843 1256 5889 et
1293 5833 1451 5889 LXX.

1936 4741 2156 4796 mus,ut
2179 4732 2260 4787 illi
2281 4733 2452 4788 etiam
2475 4731 2650 4787 futuri
2684 4732 2862 4786 simus
2890 4731 3410 4801 gratiores,quippc
3438 4731 3533 4799 qui

1931 4837 2056 4878 cum
2076 4824 2276 4878 timore
2291 4832 2348 4879 et
2361 4824 2866 4893 circumspectione
2884 4838 2988 4878 nec
3002 4822 3269 4876 mediocri
3290 4836 3537 4875 asserva.

1931 4931 2056 4971 mus
2069 4916 2392 4972 thesaurum
2407 4916 2478 4971 ab
2493 4917 2614 4986 ipso
2629 4915 2794 4971 nobis
2811 4913 3533 4984 concreditum.thuidcm

1931 5020 2041 5060 non
2073 5021 2250 5077 pauca
2272 5007 2395 5077 ejus
2423 5006 2646 5078 generis
2678 5006 2932 5076 exempla
2962 5006 3244 5074 possimus
3269 5019 3533 5059 enarrare

1930 5113 2054 5167 qua:
2069 5097 2140 5152 ad
2159 5113 2262 5154 nos
2277 5113 2454 5169 usque
2472 5105 2878 5169 pervenerunt,
2895 5112 3022 5152 cum
3037 5105 3245 5160 vetera,
3261 5105 3376 5151 tuin
3392 5111 3532 5150 nova

1932 5199 1992 5243 ut
2007 5203 2132 5258 qum
2151 5199 2310 5245 mtate
2325 5190 2494 5243 etiam
2514 5188 2619 5242 hac
2633 5196 2827 5243 nostra
2844 5187 3223 5258 contigerunt,
3241 5187 3310 5240 de
3329 5186 3418 5240 his
3434 5186 3532 5253 qui
3577 5207 3582 5215 ε

1932 5296 2034 5351 per
2048 5281 2320 5336 insomnia
2336 5279 2748 5335 ludificationes
2766 5278 3083 5334 daemonum
3106 5277 3352 5347 perpessi
3379 5283 3530 5338 smn,

1931 5383 1988 5427 et
2011 5374 2212 5430 misere
2233 5373 2607 5430 conciderunt
2635 5389 2736 5444 per
2755 5373 2919 5428 ﬁdem
2942 5371 3188 5427 habitam
3211 5370 3526 5424 insomniis.

1931 5466 2076 5522 Sane
2103 5467 2221 5523 hare
2266 5465 2526 5536 praesenti
2565 5466 2781 5537 scripto
2828 5463 3092 5520 venirent
3121 5461 3421 5518 inserenda
3460 5460 3526 5517 ad

1931 5675 1972 5706 ⁵⁷
2001 5673 2105 5729 Job
2134 5689 2320 5734 usui.
2358 5674 2442 5728 l3.
