4178 6436
742 389 872 456 1691

2009 394 2370 452 ANTIOCHI
2418 393 2753 453 MONACHI

3865 391 4001 455 1682

735 515 1003 566 cnutclam
1037 508 1362 578 legentium.
1404 509 1473 563 At
1521 523 1590 564 ne
1625 511 1911 580 proposito
1944 510 2108 565 nobis
2140 515 2305 566 semel

2415 513 2890 580 ὲπικεκλεισμένος
2924 511 3015 564 ἐπὶ
3043 510 3138 581 ἐτη
3179 510 3347 564 πολλὰ
3367 550 3381 572 ,
3408 508 3531 562 ὖστε
3542 526 3632 579 ρον
3659 507 3998 571 διαὸοὶ.ικαίς

733 617 900 670 scopo
921 602 1262 665 excidamus,
1301 616 1469 655 unum
1501 602 1608 656 hoc
1634 611 1690 656 et
1720 603 1896 656 solum
1925 603 2018 656 ubi
2051 605 2309 672 adjeccro

733 707 833 744 ceu
859 693 1235 753 corollarium,
1268 693 1430 745 finem
1456 693 1734 762 imponam
1759 693 2013 762 praesenti
2041 693 2303 747 homilim.

730 783 858 836 Fuit
898 784 952 836 in
980 794 1165 837 monte
1195 784 1328 837 Sina
1358 787 1662 839 monachus
1686 786 1935 853 quidam,
1964 788 2056 853 qui
2084 787 2306 840 celebre

731 875 871 926 adeo
907 874 1081 927 edidit
1107 890 1220 928 sua:
1251 877 1605 929 continentiae
1634 876 1900 942 speciem,
1931 885 1990 928 ut
2021 875 2074 928 in
2105 875 2306 929 cellula

733 963 938 1014 multos
966 963 1163 1016 vixerit
1193 979 1369 1016 annos
1405 964 1652 1018 inclusus
1723 965 2011 1018 Postremo
2063 964 2307 1016 multifa-

733 1054 832 1103 r‘is
865 1054 1297 1107 revelatiouihus
1330 1055 1538 1108 diaboli
1585 1064 1641 1108 et
1680 1055 1966 1109 insomniis
2003 1056 2217 1119 illusus,
2237 1057 2304 1110 ad

729 1144 1070 1197 .ludaismum
1101 1146 1358 1212 delapsus
1386 1157 1490 1210 est,
1509 1157 1563 1200 et
1584 1149 1769 1201 carnis
1797 1149 2302 1203 eircumcisionem.

728 1233 866 1286 Cum
965 1236 1134 1303 igitur
1227 1237 1483 1291 diabolus
1563 1239 1694 1292 huic
1782 1239 2082 1293 identidem
2175 1256 2306 1294 vera

730 1325 952 1391 quidem
1021 1327 1291 1381 insomnia
1361 1329 1816 1391 demonstrasset,
1886 1339 1942 1384 ct
1981 1332 2154 1384 veluti
2203 1332 2305 1384 oi;-

727 1417 873 1485 jccta
913 1418 1167 1472 illecehra
1229 1421 1527 1472 inescasset
1573 1420 1722 1473 illius
1753 1419 2102 1474 obscuratatn
2153 1437 2306 1474 men-

731 1517 864 1568 tem,
899 1508 1194 1561 novissime
1226 1508 1404 1561 oculis
1433 1508 1593 1562 istius
1619 1509 1811 1578 objicit
1862 1509 2140 1577 copiosam
2183 1519 2303 1563 tur-

731 1596 854 1649 bam
917 1601 1317 1666 apostolorum,
1353 1608 1681 1668 martyrum,
1719 1600 2067 1667 aliorumque
2121 1600 2304 1654 omnis

730 1687 946 1751 generis
1000 1687 1470 1751 Christianorum,
1531 1689 1882 1743 densissimis
1935 1689 2184 1744 tenebris
2246 1698 2305 1745 et

729 1777 874 1829 omni
907 1777 1179 1832 dedecore
1208 1781 1484 1847 oppletam
1525 1797 1537 1832 :
1573 1789 1726 1849 parte
1763 1781 2015 1849 opposita
2039 1822 2052 1843 ,
2084 1781 2301 1844 Mosen,

2414 603 2792 672 ὰποκαὶύψεσι
2833 604 2925 655 καὶ
2974 601 3250 661 ἐνυπνίοις
3303 601 3651 670 ἒμπαιχθεὶς,
3693 600 3835 670 πρὶς
3869 602 3993 653 ’1ου-

2412 695 2643 764 δαϊσμδν
2685 695 2955 747 κατέπεσε
2990 694 3086 746 καὶ
3126 693 3431 761 περιτομὴν
3467 693 3690 761 σαρκός.
3727 691 3995 750 Πολλάκις

2413 784 2590 835 τοίνυν
2620 783 2797 846 δείξας
2830 783 2979 853 αὐτῷ
3007 785 3036 836 ὁ
3061 782 3306 843 διάϐολος
3340 780 3570 847 ἀληθινὰ
3597 780 3827 833 ἐνύπνια
3852 819 3868 841 ,
3906 780 3994 829 καὶ

2411 875 2480 928 δι’
2519 875 2698 926 αὐτῶν
2746 875 3005 934 δελεάσας
3050 873 3140 927 τὸν
3199 871 3583 940 ἐσκοτισμένον
3625 871 3796 924 αὑτοῦ
3847 870 3990 932 νοῦν,

2412 967 2684 1019 δείκνυσιν
2711 965 2860 1037 αὖτῴ
2904 966 3129 1035 ὓστερον
3159 965 3252 1016 τὸν
3291 963 3464 1034 δῆμον
3506 964 3612 1017 τῶν
3669 962 3988 1033 μαρτύρων,

2414 1059 2507 1112 καὶ
2545 1057 2879 1119 ἀποστόλων,
2906 1059 3000 1110 καὶ
3041 1058 3177 1109 ὅλων
3217 1057 3326 1109 τῶν
3367 1057 3734 1126 Χριστιανῶν,
3774 1072 3988 1107 σκοτει-

2413 1151 2501 1200 νόν
2532 1166 2589 1200 τε
2617 1149 2712 1200 καὶ
2761 1147 2941 1214 πάσης
2965 1146 3226 1215 αἰσχύνης
3267 1145 3724 1214 πεπληρωμένον.
3770 1144 3870 1195 Ἐκ
3900 1141 3988 1194 τοῦ

2412 1236 2653 1288 ἐναντίου
2700 1235 2754 1287 δὲ
2805 1237 3062 1292 Μωῦσὲα,
3099 1235 3193 1286 καὶ
3239 1236 3365 1296 τοὺς
3417 1235 3721 1304 προφήτας,
3756 1232 3858 1284 καὶ⁵
3902 1230 3990 1283 τὸν

2410 1330 2679 1397 θεοστυγῆ
2702 1329 2872 1396 δῆμον
2901 1327 3009 1380 τῶν
3037 1326 3308 1378 Ἰουδαίων
3335 1325 3578 1394 λαμπρῷ
3604 1324 3747 1390 φωτὶ
3767 1340 3990 1391 περιαν-

2411 1418 2736 1487 γαζόμενον,
2769 1418 2865 1471 καὶ
2915 1420 2974 1470 ὲν
3030 1419 3176 1486 χαρᾷ
3229 1416 3323 1468 καὶ
3385 1414 3663 1484 ἱλαρότητι
3705 1413 3985 1479 διάγοντα.

2412 1507 2597 1561 Ταῦτα
2623 1505 2884 1577 ἑωρακὼς
2928 1508 2956 1559 δ
2985 1505 3190 1569 ἄθλιος,
3224 1504 3568 1575 παραχρῆμα
3599 1501 3868 1561 ἀναστὰς,
3900 1502 3990 1553 καὶ

2412 1599 2746 1666 καταλείψας
2771 1597 2832 1650 τὸ
2864 1597 3017 1662 ἅγιον
3047 1596 3194 1665 δρος,
3226 1595 3447 1664 ἔρχεται
3485 1595 3564 1656 εἰς
3595 1593 3992 1660 Παλαιστίνην,

2411 1692 2505 1744 καὶ
2532 1690 2776 1757 ἀπῆλθεν
2801 1691 2881 1751 εἰς
2922 1688 3110 1756 Νόαρα
3144 1686 3240 1738 καὶ⁸
3269 1685 3537 1748 Λιὸυάδα,
3565 1683 3634 1737 τὰ
3674 1685 3993 1752 ὁρμητήρια

2410 1784 2519 1834 τῶν
2555 1781 2847 1843 Ἰουδαίων,
2892 1782 2984 1832 καὶ
3010 1778 3437 1848 ἀφηγησάμενος
3471 1776 3655 1839 αὐτοῖς
3678 1776 3780 1836 τὰς
3809 1774 3993 1841 φανεί-

729 1869 1049 1936 prophetas,
1076 1845 1338 1938 populum
1370 1845 1594 1938 qtioque
1633 1845 1950 1925 Judzeorum
1987 1872 2121 1940 (Deo
2162 1873 2302 1926 alio-

2412 1890 2510 1932 σας
2571 1871 2721 1942 αὐτῷ
2768 1845 3080 1930 maenaa,-
3112 1845 3437 1937 vcpav‘raaia;
3487 1865 3841 1935 περιετμήθη
3900 1865 3994 1916 καὶ

728 1959 824 2026 qui
861 1959 1121 2025 invisum)
1153 1961 1318 2014 offert
1348 1962 1634 2029 splendida
1663 1961 1960 2014 admodum
2005 1963 2127 2016 luce
2172 1978 2304 2016 con-

731 2049 976 2115 spicuos,
1009 2050 1176 2119 inque
1231 2053 1431 2120 gaudio
1477 2063 1533 2104 et
1574 2052 1855 2105 hilaritate
1898 2053 2070 2106 vitam
2109 2053 2302 2107 tradu-

726 2151 939 2193 centes.
981 2142 1106 2195 Ila:c
1162 2157 1286 2194 eum
1341 2150 1649 2210 spectasset
1708 2143 1904 2206 miser,
1963 2144 2018 2196 in
2073 2144 2302 2212 vestigio

726 2233 988 2294 surrexit,
1018 2233 1400 2300 derelictoque
1450 2244 1641 2287 sancto
1669 2235 1762 2288 illo
1805 2244 2014 2298 monte,
2047 2236 2103 2290 in
2134 2238 2305 2290 Palae-

727 2324 926 2375 stinam
980 2339 1154 2392 usque
1185 2326 1459 2392 pervenit.
1495 2326 1662 2379 [lecta
1703 2326 1994 2380 contendit
2037 2327 2092 2380 in
2125 2329 2302 2382 Noara

727 2421 784 2466 et
813 2413 1128 2483 Liliyailem,
1155 2416 1301 2484 asyla
1331 2416 1670 2470 Judzeorum.
1699 2418 1836 2472 Cum
1864 2418 1986 2472 istis
2011 2419 2305 2473 denarras-

729 2510 814 2554 set
860 2518 981 2570 qua:
1026 2504 1130 2557 sibi
1171 2504 1304 2558 visa:
1358 2504 1614 2569 fuissent,
1660 2507 1967 2562 diabolicas
2003 2509 2305 2576 apparitio-

729 2605 848 2655 nes,
902 2593 1269 2649 circumcisus
1325 2604 1454 2650 est:
1503 2612 1565 2650 ac
1613 2597 1892 2665 professus
1934 2598 2302 2660 Judaismum,

726 2687 944 2753 accepit
994 2703 1241 2751 uxorem,
1279 2688 1446 2756 inque
1479 2691 1725 2743 omnium
1758 2701 2058 2760 prospectu
2105 2693 2303 2745 adver-

728 2789 826 2828 sus
853 2774 1196 2829 Christianos
1222 2777 1399 2831 edidit
1429 2778 1703 2847 dogmata,
1721 2789 2100 2848 propugnator
2126 2781 2306 2836 factus

726 2866 971 2920 Iudaica:
995 2869 1432 2936 superstitionis.
1471 2869 1629 2924 Hunc
1662 2886 1763 2940 ego
1791 2871 1907 2926 vidi
1942 2887 2007 2926 ac
2054 2872 2304 2942 plerique

730 2957 1150 3011 monachorum.
1198 2958 1385 3026 Neque
1434 2959 1581 3012 enim
1636 2969 1878 3028 quatuor
1924 2960 2053 3013 anni
2112 2969 2304 3015 sunta

731 3054 909 3099 morte
943 3048 1108 3111 illius,
1137 3063 1246 3116 qua
1272 3049 1472 3103 misere
1499 3060 1798 3118 perruptus
1825 3059 1926 3104 est.
1959 3051 2172 3120 1162
2197 3050 2302 3105 Ca-

732 3135 907 3188 tarrhi
939 3137 1443 3211 enimprofluvium
1487 3138 1809 3206 aliquandiu
1843 3155 2057 3209 passus,
2091 3150 2148 3194 et
2173 3156 2303 3193 ver-

732 3223 903 3278 mium
929 3226 1214 3281 arrosione
1231 3229 1630 3282 contabescens
1657 3228 1977 3297 exspiravit.
1996 3228 2155 3282 Hunc
2176 3245 2302 3283 cum

731 3315 1083 3380 vidissemus,
1118 3333 1221 3386 ego
1271 3326 1328 3372 et
1362 3319 1454 3372 alii
1483 3320 1693 3387 aliquot
1742 3321 2019 3384 monachi,
2060 3322 2302 3389 correpti

733 3403 955 3467 timore,
987 3405 1196 3473 iungenti
1230 3421 1356 3460 cum
1395 3407 1549 3460 luctu
1581 3408 1862 3462 lamentati
1917 3423 2133 3463 sumus.
2172 3410 2306 3464 Erat

733 3492 788 3548 id
829 3508 960 3550 sane
1017 3511 1184 3564 quam
1248 3498 1562 3552 miserabile
1619 3500 2020 3566 spectaculum.
2063 3499 2161 3554 Vir
2211 3501 2304 3556 hic

2414 1963 2668 2025 ίουὸἁῖσε,
2697 1960 2792 2014 καὶ
2849 1961 3085 2027 γυναῖκα
3141 1956 3324 2020 ἔλαϐε,
3357 1957 3452 2008 καὶ
3509 1955 3806 2023 προφανῶς
3853 1953 3993 2020 ὑπὲρ

2423 2051 2697 2104 Ἰουδαίων
2762 2048 2903 2102 κατὰ
2963 2047 3308 2118 Χριστιανῶν
3371 2047 3717 2114 ὲδογμάτιζε.
3786 2045 3991 2098 Τοῦτον

2410 2143 2566 2210 κάγὼ
2597 2143 2933 2210 ἐθεασάμην,
2957 2141 3053 2194 καὶ
3080 2140 3271 2192 πολλοὶ
3300 2141 3411 2192 τῶν
3439 2138 3722 2208 μοναχῶν·
3754 2138 3852 2189 καὶ
3882 2136 3992 2205 γὰρ

2409 2234 2508 2285 οὐκ
2547 2234 2661 2303 ἔχει
2691 2233 2817 2302 τρία
2847 2232 2939 2302 ἔτη
2975 2231 3133 2301 κακῷ
3169 2231 3385 2299 θανάτῳ
3410 2230 3510 2297 τὴν
3538 2229 3718 2298 ψυχὴν
3736 2228 3991 2297 ἀπορρή-

2412 2326 2527 2390 ξας.
2563 2325 2962 2395 Καταῤῥεύσας
3006 2323 3116 2392 γὰρ
3146 2321 3254 2375 ἀπὸ
3301 2321 3530 2391 χρόνων,
3563 2320 3660 2373 καὶ
3691 2319 3992 2388 γενόμενος

2411 2417 2874 2486 σκωληκόϐρωτος
2920 2415 3164 2483 ἐξέψυξε.
3202 2414 3404 2468 Τοῦτον
3461 2413 3662 2475 ἰδόντες
3713 2410 3830 2478 ἐγὼ
3855 2449 3870 2473 ,
3898 2411 3992 2464 καί

2408 2524 2553 2568 τινες
2571 2506 2821 2567 εὐλαϐεῖς
2839 2507 3084 2575 μοναχοὶ,
3109 2505 3281 2557 πολλὰ
3316 2503 3519 2574 ὲθρηνή
3529 2519 3723 2570 σαμεν.
3739 2498 3860 2554 Ἶίιν
3884 2501 3992 2569 γὰρ

2409 2597 2642 2651 ἐλεεινὸν
2681 2596 2882 2666 θέαμα,
2917 2597 3057 2665 ἀνὴρ
3099 2596 3219 2656 ὅλος
3260 2593 3691 2662 πεπολιωμένος,
3722 2593 3782 2644 ὲν
3826 2592 3992 2658 ἀσκή-

2411 2706 2496 2743 σει
2544 2690 2637 2742 καὶ
2671 2688 2855 2750 πόνοις
2901 2687 3317 2755 κατα-γηράσας,
3346 2685 3564 2751 γυναιξὶ
3605 2680 3988 2752 προσπαίζων,

2410 2781 2590 2851 κρεῶν
2653 2778 3084 2848 μεμολυσμένων
3129 2775 3237 2828 τῶν
3279 2773 3590 2828 Ἰουδαϊκῶν
3638 2771 3990 2838 ἀπογευόμε-

2409 2887 2520 2932 νος.
2541 2870 2754 2937 ἄσεμνα
2785 2870 3004 2939 ῥήματα
3028 2866 3224 2929 λαλῶν,
3248 2865 3338 2918 τὸν
3358 2864 3592 2934 Χριστὸν
3622 2859 3990 2932 βλασφημῶν,

2410 2962 2506 3012 καὶ
2529 2959 2586 3010 τὸ
2612 2958 2769 3024 ἅγιον
2802 2959 3088 3026 βάπτισμα
3147 2953 3471 3023 ἔνυδρίζων,
3507 2954 3692 3005 ὅντινα
3723 2953 3776 3004 οἱ
3800 2952 3991 3018 ἄνομοι

2423 3049 2666 3103 Ἰουδαῖοι
2691 3047 2943 3117 δεύτερον
2958 3046 3211 3115 Ἀϐραὰμ
3230 3045 3482 3098 ἐκάλουν.
3505 3044 3745 3105 Εἰκότως
3767 3039 3865 3096 οὖν
3879 3042 3994 3095 ελε.

2410 3142 2548 3209 γενὸ
2579 3138 2833 3206 Κύριος·‹
2864 3137 3216 3206 Γρηγορεῖτε,
3243 3136 3326 3188 ὅτι
3347 3135 3448 3186 οὐκ
3473 3135 3653 3186 οἴδατε
3671 3133 3805 3199 ποίᾳ
3831 3132 3950 3201 ὥρα
3967 3134 3994 3185 6

2411 3232 2651 3297 κλέπτης
2670 3229 2908 3298 ἔρχεται.
2933 3245 2951 3277 ι
2975 3228 3084 3279 Καὶ
3110 3227 3332 3292 ἐπάγει,
3358 3244 3376 3276 ι
3399 3224 3569 3277 Τοῦτο
3587 3225 3642 3277 δὲ
3667 3223 3992 3293 γινώσκετε,

2410 3322 2492 3374 ὅτι
2508 3321 2556 3373 εἰ
2572 3319 2687 3389 ᾔδει
2704 3320 2731 3370 δ
2749 3317 3133 3384 οἰκοδεσπότης
3158 3316 3287 3386 ποίᾳ
3305 3317 3421 3386 ὥρα
3438 3317 3466 3368 δ
3487 3316 3724 3384 κλέπτης
3749 3316 3992 3383 ἔρχεται,

2412 3410 2786 3481 ἐγρηγόρησεν
2807 3409 2894 3468 ἂν,
2927 3407 3018 3460 καὶ
3043 3406 3142 3460 οὐκ
3168 3408 3318 3460 εῐασε
3346 3406 3665 3474 διορυγῆναι
3687 3405 3790 3474 τὴν
3819 3405 3995 3458 οἰκίαν

2411 3501 2599 3556 αὑτοῦ.
2639 3519 2657 3550 δ
2693 3498 2785 3569 Τῷ
2827 3498 2883 3552 δὲ
2914 3497 3034 3567 Θεῷ
3069 3497 3228 3567 ἡμῶν
3257 3496 3384 3561 δόξα
3416 3497 3495 3560 εἰς
3521 3497 3745 3558 αἰῶνας.
3799 3498 3992 3565 Ἀμήν.

733 3593 884 3638 totus
946 3585 1267 3640 incanuerat
1312 3587 1366 3640 in
1435 3587 1740 3642 monastiea
1794 3589 2224 3656 exercitatione,
2261 3597 2740 3659 consenueratque
2787 3587 3074 3641 laboribus
3121 3585 3365 3649 attritus,
3402 3593 3458 3638 et
3501 3584 3546 3638 is
3594 3584 3820 3639 tandem
3868 3598 3992 3639 cum

734 3676 1063 3732 mulieribus
1111 3679 1350 3748 jocatur,
1387 3680 1797 3734 immundarum
1861 3684 2110 3736 carnium
2148 3685 2368 3752 (nempe
2401 3678 2783 3749 Iudaicarum)
2812 3688 2983 3749 gustu
3028 3676 3350 3732 sedefaedat
3400 3686 3455 3731 et
3510 3676 3786 3745 inquinat,
3829 3673 3996 3729 verba

734 3768 982 3834 loquitur
1002 3768 1240 3823 obscena
1268 3782 1324 3824 et
1352 3772 1588 3839 impura,
1619 3773 1964 3841 hlasphemat
1993 3773 2278 3828 Christum
2306 3814 2320 3838 ,
2356 3773 2624 3842 Spiritum
2658 3780 2908 3825 sanctum
2945 3784 3055 3822 non
3093 3767 3400 3822 tolerandis
3426 3765 3590 3821 allicit
3616 3767 3994 3822 contumeliis.

735 3858 804 3913 Et
825 3857 972 3910 hunc
1029 3858 1192 3911 talem
1247 3859 1323 3912 illi
1356 3861 1576 3930 exleges
1607 3861 1780 3916 Judzei
1815 3862 2124 3917 secundum
2156 3863 2429 3918 vocabant
2452 3861 2753 3917 Abraham.
2781 3858 2974 3914 Merito
3000 3859 3171 3930 igitur
3195 3857 3465 3912 Dominus
3496 3856 3753 3911 dicebat:
3791 3877 3813 3909 ε
3850 3858 3996 3930 Vigi-

734 3951 866 4017 late,
905 3950 1035 4020 quia
1066 3952 1292 4006 nescitis
1322 3969 1429 4022 qua
1466 3954 1601 4008 hora
1627 3955 1715 4008 fur
1743 3957 2015 4010 veniet“.
2039 3975 2054 4006 ι
2080 3955 2332 4011 lnducit:
2358 3975 2374 4006 ι
2405 3954 2517 4009 Hoc
2534 3962 2720 4007 autem
2767 3952 2988 4012 scitote,
3014 3951 3141 4020 quia
3162 3950 3208 4004 si
3233 3949 3403 4004 sciret
3440 3947 3843 4017 paterfamilias
3888 3966 3994 4020 qua

735 4044 873 4100 hora
903 4044 990 4099 fur
1016 4046 1252 4112 veniret,
1283 4047 1532 4116 vigilaret
1567 4049 1760 4118 utique
1813 4060 1870 4105 et
1893 4065 2005 4104 non
2035 4051 2244 4106 sineret
2273 4048 2488 4120 perfodi
2524 4047 2749 4101 dentom
2775 4061 2930 4100 suam
2954 4045 3053 4098 ".I
3099 4043 3207 4113 ipsi
3244 4041 3420 4111 gloria
3455 4041 3510 4095 in
3539 4041 3761 4098 secula.
3795 4042 3991 4099 Amen.

1234 4182 1516 4238 HOMILIA
1545 4183 1808 4240 LXXXV.

983 4292 1058 4345 De
1125 4293 1568 4362 pusillanimitale
1620 4305 1669 4350 et
1735 4295 2068 4366 duplicitate.

805 4405 907 4466 Ne,
938 4405 1157 4470 fratres,
1196 4407 1377 4462 locum
1409 4409 1603 4463 demus
1635 4409 1856 4478 spiritui
1884 4409 2313 4480 pusillanimita-

3001 4180 3223 4235 ΛΟΓΟΣ
3269 4178 3399 4234 IlE'.

2654 4291 2795 4360 Περί
2846 4289 3246 4360 ὀλιγοψυχΙας
3288 4287 3387 4341 καί
3428 4284 3743 4355 διψυχίας.

2479 4404 2573 4475 Μὴ
2631 4402 2813 4471 δῶμεν
2882 4399 3087 4470 χώραν,
3124 4398 3380 4465 ἀδελφοὶ,
3415 4395 3496 4467 τῷ
3549 4395 3828 4464 πνεύματι
3896 4395 3996 4465 τῆς

737 4496 830 4560 tis,
858 4513 927 4548 ne
950 4498 1172 4564 quando
1195 4500 1367 4553 nostri
1394 4499 1732 4564 dominetur,
1767 4510 1826 4555 ut
1854 4517 1924 4554 ne
1947 4501 2051 4571 ipsi
2080 4501 2305 4556 damne-

2412 4491 2760 4562 ὀλιγοψυχίας
2803 4486 3238 4558 κατακυριεῦσαι
3267 4486 3448 4556 ἡμῶν,
3485 4484 3571 4538 ῐνα
3595 4484 3674 4555 μὴ
3699 4500 3995 4551 καταγνω-

734 4602 882 4651 mur,
931 4587 1151 4642 dicente
1209 4590 1540 4659 Scriptura:
1577 4611 1596 4645 ι
1646 4594 1840 4648 Virum
1894 4595 2303 4664 pusillanimem

732 4679 858 4746 quis
913 4681 1184 4736 sustineat
1205 4683 1292 4735 “i
1329 4701 1347 4733 ι
1390 4682 1531 4748 Quin
1566 4686 1751 4754 potius
1795 4701 2015 4740 omnen.
2058 4697 2305 4741 nostram

735 4771 1165 4826 sollicitudinem
1197 4775 1551 4843 projiciamus
1577 4777 1631 4830 in
1667 4778 1958 4832 Dominum
1985 4795 1999 4831 :
2029 4778 2130 4847 ipsi
2157 4780 2306 4834 enim

735 4876 869 4915 cura
919 4863 1100 4917 futura
1134 4877 1220 4919 est
1257 4867 1453 4921 nostri.
1486 4867 1530 4922 A
1567 4868 1730 4922 nobis
1776 4869 1964 4938 itaque
1990 4869 2309 4926 auferamus

735 4951 1116 5019 duplicitatem
1184 4956 1348 5008 simul
1422 4966 1479 5012 et
1544 4959 2078 5027 pusillanimitatem.
2149 4961 2309 5017 Nulla

738 5056 964 5108 prorsus
1012 5057 1080 5095 ex
1113 5052 1270 5110 parte
1299 5044 1547 5114 duplices
1579 5047 1949 5114 inveniamur,
1977 5049 2109 5104 dum
2145 5051 2310 5120 quid-

738 5129 819 5182 vis
858 5146 887 5183 a
927 5131 1037 5184 Deo
1083 5131 1456 5202 deposcimus,
1490 5137 1546 5191 in
1573 5139 1735 5193 nobis
1773 5139 1908 5208 ipsis
1950 5141 2310 5196 insusurran-

741 5229 852 5283 tcs,
887 5221 988 5286 Qui
1050 5224 1255 5292 possim
1286 5242 1318 5279 a
1367 5227 1600 5284 Domino
1629 5238 1686 5284 et
1738 5241 1926 5299 petere
1950 5239 2007 5285 et
2035 5231 2308 5301 accipere,

738 5311 832 5380 qui
870 5321 1016 5367 tanta
1049 5317 1101 5368 in
1129 5317 1282 5370 illum
1313 5317 1549 5373 admisi?
1591 5321 1760 5391 Magis
1783 5330 1966 5376 autem
2004 5331 2117 5376 toto
2143 5323 2311 5377 corde

739 5411 1062 5456 convertere
1091 5406 1157 5459 ad
1187 5407 1574 5473 Dominum,et
1602 5421 1726 5481 pete
1753 5412 1821 5468 ab
1849 5429 1916 5468 eo
1942 5413 2079 5468 nihil
2108 5413 2312 5468 dubius

742 5502 837 5545 aut
891 5495 1165 5559 evarians,
1194 5507 1249 5552 ct
1297 5501 1369 5555 ita
1405 5501 1565 5557 facile
1595 5504 1867 5575 intelliges
1894 5521 2057 5575 quam
2091 5507 2310 5575 copiosa

744 5582 854 5636 siut.
889 5583 1060 5653 ipsius
1096 5587 1306 5644 viscera
1342 5592 1734 5649 misericordia:
1769 5612 1781 5649 :
1815 5611 1996 5651 ncoue
2023 5597 2171 5651 enim
2199 5597 2313 5650 ullo

2412 4586 2628 4656 σθῶμεν
2666 4581 2772 4636 ὑπὸ
2802 4581 2900 4652 τῆς
2938 4578 3205 4650 λεγούσης
3243 4577 3492 4650 Γραφῆς’
3522 4596 3542 4630 ι
3584 4577 3794 4647 Ἄνδρα
3815 4577 3995 4646 ὀλιγό-

2407 4680 2580 4749 ψυχον
2631 4677 2714 4740 τίς
2761 4677 3007 4738 ὑποίσεις
3051 4693 3070 4727 ι
3117 4673 3278 4727 Ἀλλὰ
3327 4675 3510 4728 πᾶσαν
3557 4673 3656 4743 τὴν
3715 4673 3996 4745 μέριμναν

2409 4772 2567 4842 ἡμῶν
2603 4769 2984 4840 ὲπιρῤίψωμεν
3011 4769 3104 4821 ἐπὶ
3133 4765 3360 4836 Κύριον,
3391 4766 3474 4819 ὅτι
3504 4763 3655 4834 αὐτῷ
3688 4765 3845 4834 μέλει
3870 4767 3996 4835 περὶ

2411 4863 2588 4932 ἡμῶν.
2631 4863 2886 4933 ’Λρωμεν
2943 4855 3037 4913 οὖν
3097 4859 3193 4927 ἀφ’
3221 4857 3378 4928 ἡμῶν
3433 4856 3531 4928 τὴν
3583 4855 3865 4927 διψυχίαν,
3901 4857 3997 4911 καὶ

2412 4956 2786 5026 ὀλιγοψυχίαν,
2823 4955 2920 5010 καὶ
2967 4957 3090 5025 μηδ’
3117 4956 3254 5019 ὅλως
3301 4954 3713 5024 διψυχήσωμεν,
3756 4953 3992 5022 αἰτήσαι

2415 5044 2540 5098 σθαί
2587 5063 2640 5100 τι
2679 5047 2830 5118 παρὰ
2869 5045 2966 5099 τοῦ
3012 5045 3172 5110 Θεοῦ,
3231 5045 3484 5112 λέγοντες
3535 5043 3594 5096 ἰν
3645 5043 3884 5104 ἑαυτοῖς,
3917 5042 3996 5094 ὅτι

2414 5136 2541 5200 Πῶς
2571 5137 2808 5209 δύναμαι
2835 5138 3167 5210 αἰτήσασθαι
3197 5135 3351 5207 παρὰ
3389 5133 3617 5204 Κυρίου,
3639 5132 3738 5187 καὶ
3785 5133 3993 5191 λαδεῖν,

2414 5231 2753 5300 ἡμαρτηκὼς
2787 5232 3028 5285 τοσαῦτα
3066 5231 3143 5293 εἰς
3186 5227 3352 5282 αὐτόν
3385 5243 3401 5291 ;
3449 5225 3591 5280 ’Δλλ⁹
3622 5223 3684 5288 ἐξ
3717 5225 3855 5294 ὅλης
3899 5225 3993 5291 τῆς

2417 5324 2643 5393 καρδίας
2695 5342 2788 5377 σου
2827 5324 3155 5394 ὲπίστρεψον
3190 5321 3285 5374 ἐπὶ
3316 5319 3407 5373 τὸν
3438 5317 3666 5394 Κύριον,
3698 5320 3798 5369 καί
3843 5315 3991 5369 αἰτοῦ

2419 5417 2550 5486 παρ’
2585 5415 2751 5469 αὑτοῦ
2810 5416 3171 5477 ἁδιστάκτως.
3229 5412 3326 5466 καὶ
3381 5409 3580 5479 γνώσει
3635 5405 3740 5478 τὴν
3797 5407 3994 5476 πολλὴν

2422 5507 2587 5562 αὑτοῦ
2617 5508 3041 5577 εὐσπλαγχνίαν,
3074 5506 3155 5560 ὅτι
3187 5505 3249 5558 ού
3283 5505 3356 5574 μή
3389 5519 3450 5556 σε
3473 5499 3839 5570 ἐγκαταλίπῃ,
3865 5498 3992 5552 am

2419 5597 2481 5649 τὸ
2508 5597 2716 5668 αἴτημα
2757 5596 2857 5668 τῆς
2891 5595 3070 5668 ψυχῆς
3101 5611 3195 5649 σου
3240 5591 3670 5664 πληῳφορήσει.
3700 5589 3820 5644 Οὐκ
3849 5587 3990 5641 ἔστιν

816 5735 860 5764 ⁸·
889 5736 1076 5791 Matth.
1127 5754 1246 5793 xxxv
1275 5781 1284 5802 ,
1318 5738 1402 5794 i5.
1485 5743 1528 5774 δ’
1571 5742 1705 5797 Luc.
1747 5759 1836 5807 xu,
1872 5743 1957 5798 39.
2035 5745 2080 5776 “
2119 5744 2277 5799 Prov.
2311 5759 2463 5806 XVIII.
2507 5743 2584 5796 Η-
