4178 6436
203 415 341 480 1693

917 423 1247 484 IIOMILIA
1282 422 1559 488 LXXXV.
1592 453 1661 463 -
1697 428 1792 487 DE
1830 430 2547 503 I’USILLANIMITATE,
2580 431 2743 492 ETC.

3314 430 3450 495 ιδοι

196 531 310 596 γὰρ
347 532 377 582 ὁ
414 528 544 592 Θεὸς
578 528 653 590 ὡς
694 530 745 585 οί
793 530 1092 601 ἂνθρωποι,
1131 536 1623 604 μνησικακοῦντες,
1662 537 1776 592 ἀλλ’

1879 549 2060 610 pacto,
2094 539 2153 595 in
2180 539 2504 596 discrimine
2543 539 2743 611 quovis
2797 540 3036 610 positum
3100 548 3153 595 te
3203 539 3447 605 deseret,

195 620 365 700 αὐτὸς
416 620 795 691 ἀμνησίκακός
844 624 1019 688 ἐστιν,
1059 627 1155 678 καὶ
1210 626 1636 699 σπλαγχνίζεται
1681 628 1777 682 ἐπὶ

192 712 297 782 τὴν
334 714 554 784 ποίησιν
581 712 770 767 αὐτοῦ.
801 715 873 769 Σὺ
922 711 1018 770 οὖν
1059 718 1361 789 καθάρισον
1399 722 1500 791 τὴν
1546 720 1777 792 καρδίαν

193 819 295 855 σοο
341 804 452 856 ἀπὸ
503 803 599 857 τοῦ
638 805 934 871 διστάζειν,
959 808 1054 861 καὶ
1102 807 1255 862 αἰτοῦ
1307 810 1442 882 παρ’
1471 810 1659 876 αὐτοῦ,
1684 812 1778 866 καὶ

194 894 343 965 λήψῃ
402 895 466 948 τὸ
518 896 733 966 αἴτημά
803 914 943 950 σου·
1013 900 1154 952 ἐπὰν
1221 901 1279 956 δέ
1344 901 1658 968 διστάζεις,
1713 904 1774 958 οὐ

194 984 368 1053 λήψῃ.
398 987 461 1038 Οἱ
516 987 626 1057 γὰρ
653 987 998 1049 διστάζοντες
1040 991 1121 1053 εἰς
1160 992 1252 1046 τὸν
1280 990 1435 1058 Θεὸν,
1466 986 1613 1047 οὗτοι
1638 996 1776 1048 εἰσιν

193 1077 247 1127 οἱ
312 1077 526 1148 δίψυχοι
547 1118 563 1140 ,
621 1080 716 1133 καὶ
774 1080 926 1133 οὐδὲν
976 1081 1113 1145 ὅλως
1161 1084 1618 1154 ἐπιτυγχάνουσιν
1665 1085 1777 1139 τῶν

193 1170 521 1240 αἰτημάτων
553 1173 755 1227 αὐτῶν.
785 1176 848 1229 Oi
894 1177 949 1229 δὲ
986 1178 1251 1243 ὁλοτελεῖς
1282 1179 1456 1247 ὄντες,
1485 1182 1545 1235 ἐν
1575 1184 1642 1253 τῇ
1689 1182 1779 1235 πί-

193 1277 316 1313 στει
361 1263 539 1315 πάντα
590 1264 888 1332 αἰτοῦνται,
926 1268 1250 1334 πεποιθότες
1280 1271 1373 1324 ἐπὶ
1418 1272 1512 1325 τὸν
1548 1272 1773 1342 Κύριον,

192 1355 295 1409 καὶ
355 1357 727 1426 λαμϐάνουσιν
754 1360 784 1412 δ
836 1377 890 1413 τι
919 1360 1259 1426 άδιστάκτως
1304 1361 1605 1417 αἰτοῦνται.
1650 1364 1776 1418 Ἐὰν

189 1448 253 1501 δὲ
287 1449 386 1501 καὶ
416 1448 744 1520 βραδύτερον
769 1450 1087 1521 λαμϐάνεις,
1109 1453 1186 1525 μὴ
1212 1454 1540 1529 διψυχήσῃς,
1573 1455 1657 1508 ὅτι
1677 1456 1777 1508 οὐκ

190 1541 393 1603 ἔλαϐες
427 1542 567 1613 ταχὺ
592 1543 655 1597 τὸ
682 1544 892 1617 αἴτημα
919 1547 1019 1618 τῆς
1041 1534 1227 1619 ψυχῆς
1255 1566 1352 1603 σου
1372 1565 1387 1579 ·
1416 1550 1636 1613 πάντως
1666 1552 1775 1621 γάρ

189 1633 285 1686 διὰ
322 1635 630 1706 πειρασμόν
661 1638 862 1708 τινα,η
907 1640 1262 1709 παράπτωμά
1299 1658 1351 1695 τι
1384 1641 1413 1694 δ
1439 1642 1503 1696 σὺ
1536 1642 1771 1710 ἀγνοεῖς,

193 1722 527 1794 βραδύτερον
559 1726 877 1797 λαμϐάνεις.
906 1729 978 1783 Σὺ
1012 1729 1107 1783 οῦν
1134 1732 1207 1802 μὴ
1228 1731 1482 1803 διαλίπῃς
1515 1734 1775 1803 αἰτούμε-

189 1832 283 1874 νος
310 1814 375 1868 τὸ
403 1815 614 1885 αἴτημα
658 1817 757 1887 τῆς
809 1818 989 1889 ψυχῆς
1020 1837 1138 1887 σου,
1168 1822 1262 1876 καὶ
1285 1822 1429 1894 λήψῃ
1477 1824 1630 1879 αὑτό.
1649 1824 1774 1877 Ἐάν

187 1904 257 1971 δὴ
286 1904 625 1974 ἐκκακήσεις
675 1907 1028 1977 αἰτούμενος,
1064 1913 1292 1965 σεαυτὸν
1338 1914 1523 1977 αίτιῶ,
1562 1915 1657 1967 καὶ
1700 1913 1775 1984 μὴ

188 1997 285 2048 τὸν
343 1996 591 2050 διδοῦντά
630 1998 815 2051 σοι.Ἦ
864 1999 973 2071 γάρ
1025 2000 1243 2071 διψυχία
1275 2042 1289 2066 ,
1328 2002 1580 2072 θυγάτηρ
1624 2003 1775 2055 ἐστὶν

192 2087 293 2139 τοῦ
322 2087 594 2151 διαϐόλου,
631 2088 725 2141 καὶ
746 2089 865 2142 λίαν
895 2091 1260 2161 πονηρεύεται
1288 2095 1368 2156 εἰς
1401 2094 1527 2157 τοὺς
1552 2094 1774 2159 δούλους

190 2177 293 2231 τοῦ
350 2178 508 2231 Θεοῦ.
546 2179 620 2232 Σὺ
656 2178 750 2233 οὖν
790 2180 1006 2234 ἔνδυσαι
1054 2181 1152 2252 τὴν
1183 2182 1365 2237 πίστιν
1391 2184 1488 2256 τὴν
1526 2187 1770 2255 ἰσχυράν.

192 2270 421 2340 Στῶμεν
446 2267 540 2325 οὖν
566 2271 791 2341 ἑδραῖοι,
814 2271 891 2333 ὠς
916 2272 1111 2343 άκμων
1136 2274 1483 2345 τυπτόμενοι.
1515 2276 1773 2345 Μεγάλου

188 2359 433 2429 ἀθλητοῦ
503 2361 651 2413 ἐστιν
706 2360 981 2431 δίρεσθαι,
1034 2362 1129 2415 καὶ
1184 2365 1364 2435 νικᾷν.
1418 2365 1671 2421 Μάλιστα
1716 2366 1774 2420 δέ

187 2450 333 2504 Θεοῦ
360 2451 549 2504 ἐνεκεν
577 2449 752 2504 πάντα
781 2451 1161 2523 ὑπομένωμεν,
1196 2454 1283 2507 ἵνα
1315 2455 1410 2509 καὶ
1439 2456 1600 2518 αὐτὸς
1630 2457 1777 2527 ἡμᾶς

190 2542 466 2617 ὑπομείνῃ
488 2556 503 2571 σ
536 2543 815 2596 σπουδαῖοι
872 2542 1162 2613 γενώμεθα
1182 2586 1199 2611 ,
1226 2547 1355 2609 τοὺς
1405 2549 1631 2618 καιροὺς
1673 2564 1777 2601 κα-

188 2633 566 2703 ταμάθωμεν,
625 2636 718 2689 τὸν
777 2636 1115 2708 ὐπέρχρονον
1176 2639 1631 2708 προσδοκοῦντες,
1684 2642 1776 2695 τὸν

190 2726 448 2795 ιχρονον,
474 2726 566 2779 τὸν
598 2728 853 2797 ἀόρατον,
891 2729 960 2783 δι’
986 2731 1133 2799 ἡμᾶς
1166 2731 1223 2785 δέ
1251 2731 1466 2802 ὁρατὸν,
1493 2732 1589 2786 τὸν
1632 2733 1775 2805 ἅψη-

191 2818 457 2885 λάφητον,
498 2817 565 2870 δι’
599 2819 746 2886 ἡμᾶς
787 2818 844 2875 δέ
884 2818 1302 2891 ψηλαφηθέντα,
1335 2821 1429 2875 τὸν
1468 2822 1679 2893 ἀπαθῆ,
1706 2824 1777 2878 δι’

190 2907 346 2976 ἡμᾶς
394 2907 451 2960 δέ
511 2905 753 2961 παθόντα
781 2924 796 2939 ·
833 2908 921 2961 τὸν
973 2910 1033 2962 ἐν
1087 2910 1446 2983 μακροθυμίᾳ
1500 2913 1681 2967 πάντα
1708 2913 1779 2967 δι’

191 3000 345 3066 ἡμᾶς
370 2998 760 3068 ὑπομείναντα.
794 3000 956 3066 Λέγει
985 3000 1043 3054 δὲ
1073 3003 1169 3055 καὶ
1201 3005 1234 3075 ἡ
1271 3004 1463 3076 Γραφή
1483 3020 1499 3035 ο
1536 3022 1556 3056 ε
1586 3006 1648 3058 ΟΞ
1679 3022 1778 3074 φο-

194 3088 455 3158 ϐούμενοι
485 3088 577 3141 τὸν
600 3088 831 3159 Κύριον,
860 3090 1190 3161 ἀναμείνατε
1214 3094 1275 3146 τὸ
1293 3093 1443 3159 ἐλεος
1468 3094 1658 3159 αὐτοῦ,
1684 3096 1780 3151 καὶ

1876 630 1976 687 sed
2025 630 2186 701 plena
2233 629 2339 686 fide
2394 630 2696 686 satisfaciet
2747 631 3001 701 petitioni
3062 632 3261 688 anima:
3320 642 3446 687 tuae.

1876 723 2066 792 Neque
2097 720 2247 776 enim
2291 722 2437 777 Deus
2466 731 2528 776 ut
2555 722 2809 776 homines
2831 761 2847 785 ,
2873 722 2966 792 qui
3005 731 3244 792 acceptae
3277 725 3449 778 semel

1878 810 2095 882 injuriae
2146 820 2255 866 tam
2305 812 2487 868 solent
2535 812 2854 868 meminisse
2903 812 3281 882 pertinaciter.
3331 813 3453 883 Ipse

1876 903 2023 958 enim
2063 902 2270 959 nullius
2314 918 2528 959 memor
2565 904 2781 974 injuria:
2806 911 2912 965 est,
2946 903 3118 972 magis
3143 902 3200 957 in
3227 910 3450 957 creatu-

1879 1010 1994 1048 ram
2024 1010 2241 1050 omnem
2286 994 2762 1065 indulgentissime
2791 995 3058 1065 expandit
3081 1010 3195 1049 sua:
3235 993 3451 1047 viscera

1878 1087 2253 1159 benignitatis.
2279 1088 2362 1143 Tu
2396 1089 2559 1159 igitur
2603 1105 2699 1144 cor
2727 1099 2883 1145 tuum
2916 1106 3190 1160 perpurga
3239 1097 3450 1143 tantum

1877 1177 1947 1231 ab
1984 1177 2131 1231 omni
2179 1176 2531 1231 vacillatione
2579 1184 2636 1231 et
2687 1176 3052 1241 haesitatione,
3090 1192 3156 1231 ac
3224 1188 3349 1245 pete
3379 1175 3452 1230 ab

1877 1285 1965 1333 eo,
1985 1269 2206 1337 erisque
2258 1276 2365 1321 tua
2392 1266 2679 1337 petitionis
2705 1281 2934 1337 compos
2964 1285 2979 1322 :
3011 1284 3133 1322 nam
3180 1269 3368 1323 varius
3392 1278 3453 1324 et

1877 1375 2079 1429 anceps
2126 1358 2169 1412 si
2209 1356 2647 1427 deprehendere,
2685 1356 2823 1412 nihil
2872 1356 3131 1427 accipies.
3158 1357 3264 1422 Qui
3299 1357 3451 1413 enim

1877 1466 2003 1520 erga
2052 1451 2224 1505 Deum
2250 1448 2435 1504 animo
2485 1449 2772 1515 ﬂuctuant,
2807 1464 2872 1505 ac
2903 1449 3071 1504 veluti
3102 1448 3450 1516 dividuntur,

1880 1545 1965 1599 isti
1999 1544 2184 1598 animo
2216 1543 2464 1613 duplices
2500 1558 2624 1597 cum
2647 1543 2779 1607 sint,
2800 1556 2871 1597 ne
2899 1543 3177 1596 tantillum
3228 1541 3452 1612 quidem

1876 1651 1908 1690 e
1936 1634 2051 1689 suis
2100 1635 2563 1704 postulationibus
2608 1634 3066 1704 assequuntur“.
3100 1635 3177 1688 Ac
3219 1633 3450 1705 perfecti

1877 1726 1971 1795 qui
2027 1732 2155 1779 sunt
2187 1725 2313 1780 ildei
2368 1726 2708 1795 integritate,
2748 1741 2874 1781 cum
2914 1742 3012 1796 spe
3038 1727 3289 1781 nitantur
3320 1740 3453 1795 erga

1880 1814 2171 1869 Dominum
2234 1815 2539 1881 incolumi,
2603 1815 2872 1886 quidquid
2938 1817 3257 1887 postulant,
3311 1814 3457 1869 accio

1879 1903 2054 1975 piunt,
2085 1906 2533 1976 quandoquidem
2580 1908 2718 1962 nihil
2767 1907 3029 1963 hazrendo
3068 1906 3328 1961 noverint
3351 1921 3453 1975 pc-

1878 2007 2012 2052 terc.
2050 1996 2203 2062 Quod
2236 1997 2281 2051 si
2313 1999 2491 2052 serius
2519 2014 2684 2068 quam
2712 1999 2883 2054 velles
2912 2000 3194 2069 continget
3218 2008 3271 2053 te
3308 1998 3455 2055 acci-

1876 2101 2027 2156 pere,
2063 2101 2131 2141 ne
2152 2087 2223 2141 ob
2252 2086 2307 2140 id
2340 2089 2564 2142 vacilles
2595 2089 2778 2142 animo
2812 2089 3008 2142 anxius
3032 2129 3046 2152 ,
3074 2088 3203 2157 quia
3239 2102 3352 2142 non
3394 2087 3449 2143 in

1875 2177 2108 2245 vestigio
2137 2184 2243 2231 tua:
2298 2176 2498 2232 animm
2536 2178 2966 2246 postulationem
2999 2187 3331 2232 consecutus
3367 2192 3451 2233 es.

1874 2266 2115 2323 Omnino
2130 2267 2278 2322 enim
2296 2268 2368 2322 ob
2380 2268 2621 2337 aliquam
2643 2268 3020 2333 tentationem,
3037 2277 3127 2322 aut
3148 2277 3302 2324 certe
3322 2269 3453 2339 quia

1878 2359 2157 2414 intercidit
2196 2358 2380 2413 delicti
2406 2359 2689 2428 quidpiam
2717 2360 2884 2429 (quod
2914 2360 3124 2428 alioqui
3148 2360 3267 2429 ipse
3299 2359 3456 2430 igno-

1879 2452 1989 2518 ras)
2004 2453 2184 2505 serius
2202 2453 2425 2520 accipis.
2439 2451 2650 2520 1163
2670 2451 2749 2506 Tu
2772 2450 2941 2519 igitur
2964 2466 3035 2505 ne
3053 2450 3457 2520 interquiescas

1877 2556 1969 2602 aut
1984 2547 2263 2602 cuucteris
2279 2557 2464 2615 petere
2483 2561 2512 2599 a
2529 2546 2640 2598 Deo
2656 2543 2803 2614 quod
2826 2557 3157 2613 magnopere
3168 2540 3456 2597 contendit

1878 2638 2061 2692 anima
2094 2647 2206 2697 tua,
2233 2647 2288 2690 et
2316 2636 2574 2704 accipies.
2605 2633 2759 2702 Quod
2818 2634 2864 2689 si
2918 2632 3269 2687 delassabere
3313 2630 3459 2687 inter

1879 2730 2202 2799 petendum,
2240 2730 2473 2798 tcipsum
2510 2729 2720 2789 incusa,
2753 2741 2868 2780 non
2900 2727 3030 2781 item
3057 2741 3185 2781 eum
3216 2725 3309 2794 qui
3338 2724 3455 2780 dat.

1878 2817 2185 2888 Duplicitas
2241 2817 2410 2871 animi
2452 2817 2613 2886 plane
2673 2814 2877 2869 diaboli
2916 2825 3001 2870 est
3034 2814 3164 2879 illia,
3188 2830 3310 2884 quae
3334 2828 3459 2868 om-

1878 2911 2034 2965 nium
2062 2910 2296 2964 maxime
2323 2909 2377 2963 in
2413 2923 2603 2964 servos
2624 2907 2743 2970 Dei,
2776 2908 2961 2961 nativa
2990 2921 3087 2961 sua
3118 2904 3458 2975 malignitate

1880 3001 2251 3057 debacchatur
2274 3015 2337 3054 ac
2356 3000 2533 3054 saevit.
2556 2997 2639 3052 Tu
2670 2997 2838 3067 igitur
2858 2998 3056 3051 fortem
3082 3010 3147 3051 ac
3174 3005 3458 3051 strenuam

1882 3091 2046 3147 tidem
2096 3090 2221 3145 vide
2274 3090 2503 3145 indutus
2533 3098 2595 3143 ut
2620 3089 2717 3144 sis.
2750 3088 2894 3143 Sane
2936 3097 3252 3159 perstemus
3293 3085 3459 3141 solidi

196 3180 279 3253 μὴ
323 3180 604 3235 ἐκκλίνετε
654 3182 742 3235 ἵνα
790 3181 865 3252 μὴ
898 3183 1123 3254 πέσητε.
1170 3204 1189 3237 ι
1229 3186 1337 3239 Καὶ
1365 3186 1587 3255 ἐπάγει,
1625 3203 1645 3239 ε
1681 3188 1777 3251 Τίς

1880 3197 1945 3238 ac
2003 3181 2235 3237 stabiles
2284 3179 2502 3236 incudis
2550 3180 2607 3234 in
2658 3179 3218 3243 morem,undelihet
3280 3176 3457 3232 attriti

194 3272 524 3325 ἐπίστευσεν
554 3272 764 3345 Κυρίῳ,
795 3275 892 3327 καὶ
920 3274 1275 3347 κατησχύνθη
1302 3292 1318 3342 ;
1353 3276 1384 3347 ἢ
1448 3277 1530 3340 τίς
1576 3278 1782 3331 ἐπεκα-

192 3362 393 3416 λέσατο
416 3364 601 3428 αὐτὸν,
631 3365 727 3425 καὶ
753 3366 1041 3439 ὑπερεῖδεν
1069 3367 1239 3421 αὐτόν
1271 3384 1287 3434 ;
1320 3368 1353 3439 ἢ
1381 3368 1466 3431 τίς
1499 3368 1781 3438 ἐνέμεινεν

191 3455 275 3525 τῷ
304 3455 462 3526 φόϐῳ
490 3455 681 3523 αὐτοῦ,
715 3457 811 3510 καὶ
835 3457 1229 3529 ἐγκατελείφθη
1255 3476 1269 3524 ;
1306 3478 1326 3510 ι
1355 3460 1445 3531 Μὴ
1472 3457 1566 3513 οὖν
1596 3458 1779 3528 ὀλιγοε-

191 3547 451 3619 ψυχήσῃς
486 3548 544 3601 ἐν
571 3550 639 3619 τῇ
669 3552 943 3621 προσευχῇ
981 3567 1098 3613 σου,
1120 3550 1208 3605 ἵνα
1227 3552 1303 3621 μὴ
1328 3551 1600 3623 ὁμοιωθῇς
1623 3552 1703 3622 τῷ
1723 3552 1782 3603 ἐν

191 3639 460 3710 Αἰγύπτῳ
512 3639 647 3711 λαῷ,
677 3641 873 3705 οἶτινες
899 3641 1007 3695 ἀπὸ
1042 3641 1428 3712 όλιγοψυχίας,
1449 3642 1549 3696 οὐκ
1589 3641 1782 3713 ἧθελον

190 3729 430 3785 ἀκοῦσαι
469 3731 566 3785 τοῦ
621 3732 852 3802 Μωῦσῆ.
891 3734 1162 3788 ¹Ἄκουσον
1227 3732 1402 3803 Ἰησοῦ
1458 3733 1551 3787 τοῦ
1598 3734 1779 3804 Ναυῆ,

191 3822 449 3890 λέγοντος
472 3837 485 3851 ·
529 3838 549 3872 ε
581 3821 925 3876 Φυλάσσεσθε
963 3822 1169 3893 σφόδρα
1226 3822 1324 3887 τὰς
1387 3823 1567 3893 ψυχάς
1604 3823 1779 3894 ὑμῶν,

192 3914 419 3983 ἀγαπᾷν
448 3912 655 3984 Κύριον
680 3913 774 3966 τὸν
798 3913 931 3968 Θεὸν
956 3914 1134 3985 ἡμῶν,
1159 3916 1255 3968 καὶ
1280 3915 1441 3977 αὐτὸς
1479 3915 1782 3987 πολεμήσει

195 4004 343 4075 ὑπὲρ
398 4005 576 4075 ὑμῶν.
621 4022 642 4057 ε
679 4004 995 4075 Γέγραπται
1041 4006 1099 4059 δέ
1143 4006 1238 4059 καὶ
1282 4008 1342 4061 ἐν
1366 4008 1481 4069 τοὶς
1508 4007 1779 4077 Κριταῐςο

203 4115 221 4145 ε
259 4094 356 4165 Μὴ
387 4094 1052 4174 παροργίσωμενοΚύριον
1077 4095 1177 4156 τὸν,
1200 4096 1335 4149 Θεὸν
1360 4095 1543 4165 ἡμῶν,
1583 4095 1670 4149 ἵνα
1705 4095 1780 4165 μὴ

195 4185 378 4256 ἀναϐῇ
436 4185 663 4255 Μαδιάμ
705 4185 843 4255 μετά
901 4185 1010 4240 τῶν
1054 4185 1270 4256 κτηνῶν
1315 4187 1508 4257 αὐτῆς,
1544 4187 1637 4239 καὶ
1660 4185 1780 4239 δια-

196 4275 399 4347 φθείρη
419 4275 510 4328 τὸν
531 4275 742 4344 καρπὸν
764 4275 946 4346 ἡμῶν,
966 4277 1061 4329 καὶ
1085 4276 1496 4347 πτωχεύσωμεν
1517 4275 1741 4346 σφόδρα.
1755 4293 1774 4328 ε

208 4366 563 4438 ’Δκούσωμεν
600 4366 823 4420 Ἡσαΐου
876 4366 1124 4434 λέγοντος
1144 4384 1160 4399 ο
1193 4386 1211 4417 ι
1246 4367 1641 4437 Παρακαλεῐτε,
1671 4368 1781 4421 ὀλι-

196 4456 454 4527 γόψυχοι,
486 4460 554 4528 τῇ
579 4456 789 4529 διανοίᾳ
810 4472 825 4489 ο
862 4477 881 4510 ι
908 4456 1115 4529 Κύριος
1144 4458 1254 4528 γάρ
1283 4458 1501 4512 δίδωσιν
1523 4459 1781 4529 ὀλιγοψύο

1884 3269 2329 3325 eontusionibus.
2356 3269 2571 3325 Excelsi
2608 3269 2795 3324 animo
2828 3268 3049 3323 athletae
3071 3276 3178 3332 est,
3210 3276 3267 3323 et
3294 3267 3459 3324 undi-

1882 3380 1989 3433 quc
2021 3362 2178 3427 caadi,
2213 3372 2268 3418 et
2314 3371 2495 3418 tamen
2529 3362 2753 3417 vincere
2792 3379 2805 3415 :
2846 3361 3085 3415 maxime
3137 3360 3192 3414 in
3230 3360 3460 3429 gratiam

1883 3454 1979 3509 Dei
2009 3454 2146 3508 nihil
2179 3470 2286 3508 non
2326 3454 2622 3509 toleremus
2644 3454 2853 3508 alacres
2890 3463 2949 3508 ut
2979 3460 3036 3507 et
3060 3451 3177 3521 ipse
3203 3466 3305 3506 nos
3342 3450 3463 3505 lou-

1883 3543 2176 3613 ganimiter
2236 3544 2452 3599 toleret.
2492 3542 2739 3598 Studiosi
2801 3543 2976 3597 simus
3028 3557 3093 3597 ac
3140 3540 3459 3612 pervigiles.

1882 3634 2278 3688 Condiscamus
2310 3633 2455 3688 ferre
2489 3633 2750 3703 temporis
2780 3632 2943 3687 istius
2972 3631 3341 3701 iniquitatem,
3363 3628 3459 3699 qui

1883 3737 1980 3793 spe
2031 3723 2170 3778 nihil
2223 3721 2391 3777 dubia
2449 3722 2834 3792 praestolamur
2883 3720 3182 3776 adventum
3213 3718 3334 3789 ejus
3362 3718 3461 3789 qui

1881 3830 2046 3885 supra
2072 3824 2319 3884 tempora
2334 3823 2421 3869 est
2451 3823 2509 3868 et
2532 3814 2625 3883 qui
2660 3813 2778 3868 sine
2801 3820 3049 3882 tempore
3078 3818 3164 3865 est
3196 3826 3210 3863 :
3238 3819 3297 3865 et
3320 3810 3463 3864 invi-

1883 3907 2081 3971 sibilis,
2134 3906 2309 3960 nostri
2362 3920 2527 3961 causa
2580 3904 2635 3959 in
2700 3912 2949 3974 tempore
2998 3901 3293 3972 palpabilis
3338 3916 3462 3957 esse

1880 3997 2057 4052 voluit
2084 4012 2101 4061 ;
2137 3996 2492 4066 impassibilis
2514 4010 2640 4050 cum
2683 4004 2851 4060 esset,
2883 3994 3146 4064 dignatus
3178 4006 3301 4047 esse
3331 4006 3462 4060 pas-

1882 4088 2078 4143 sibilis.
2112 4087 2180 4144 Et
2228 4088 2317 4141 hic
2382 4096 2567 4141 tantus
2615 4086 2671 4141 in
2736 4085 2969 4153 gratiam
3013 4092 3223 4138 nostra:
3264 4080 3465 4137 salutis

1883 4180 2307 4236 tolerantissime
2333 4188 2533 4234 cuncta
2566 4177 2816 4248 pertulit.
2851 4175 2999 4231 Dicit
3035 4174 3271 4245 proinde
3304 4172 3462 4228 Scri-

1882 4280 2042 4341 ptura
2076 4286 2091 4322 :
2128 4289 2145 4320 ι
2177 4268 2281 4335 Qui
2318 4268 2524 4324 timetis
2572 4266 2893 4330 Dominum,
2926 4272 3241 4335 exspectate
3300 4262 3466 4317 mise-

1882 4357 2178 4414 ricordiam
2203 4358 2342 4427 ejus,
2382 4365 2439 4410 et
2471 4372 2542 4412 nc
2572 4354 2867 4411 declinetis
2898 4364 2959 4408 ut
2988 4369 3058 4409 ne
3087 4352 3302 4408 cadatis
3326 4351 3395 4406 ⁸³.
3437 4368 3458 4403 ε

1883 4449 2139 4505 lnducit:
2184 4466 2203 4500 ι
2242 4448 2376 4513 Quis
2406 4447 2635 4503 conlidit
2668 4448 2723 4502 in
2772 4461 2900 4501 cum
2944 4454 3001 4501 et
3033 4444 3303 4500 confusus
3331 4451 3418 4499 est
3440 4443 3466 4497 τ

192 4566 317 4619 χοις
350 4526 775 4619 μακροθυμίαν,
807 4550 902 4603 καὶ
944 4526 1090 4621 ζωὴν
1137 4526 1250 4615 τοῖς
1290 4526 1777 4621 συντετριμμένοις

1882 4540 2119 4610 autquis
2144 4539 2421 4595 invocavit
2457 4553 2584 4593 eum
2622 4547 2678 4592 et
2713 4536 2964 4606 despexit
2999 4536 3176 4600 illum,
3209 4544 3306 4590 aut
3336 4533 3465 4604 quis

194 4643 266 4708 τῇ
303 4640 505 4711 καρδίᾳ
526 4657 539 4670 ’
576 4642 668 4694 καὶ
698 4643 857 4711 ἡμεῖς
882 4638 976 4695 οὖν
1021 4643 1159 4712 μετά
1192 4642 1535 4707 κατανύξεως
1577 4643 1675 4696 σὺν
1704 4642 1783 4714 τῷ

195 4729 369 4784 Δαϐὶδ
397 4730 711 4799 ἐντύχωμεν
732 4730 809 4802 τῷ
843 4732 983 4802 Θεῷ,
1021 4731 1289 4799 λέγοντες·
1325 4750 1343 4783 ι
1394 4732 1779 4803 Ἰιδολέσχησα,

196 4822 302 4876 καὶ
356 4821 749 4891 ὀλιγοψύχησεν
787 4823 848 4876 τὸ
895 4822 1115 4892 πνεῦμά
1162 4840 1283 4893 μου.
1324 4823 1391 4877 'H
1446 4824 1642 4893 καρδέα
1681 4840 1782 4893 μου

195 4916 519 4987 ἐταράχθη,
553 4915 881 4984 ἐγκατέλιπέ
934 4932 1003 4987 με
1051 4918 1085 4987 ἡ
1135 4918 1291 4986 ἰσχύς
1337 4934 1465 4985 μου.
1510 4916 1787 4970 Ἀπώλετο

198 5008 351 5079 φυγὴ
380 5006 476 5060 ἀπ’
505 5008 664 5074 ἐμοῦ,
693 5008 789 5060 καὶ
815 5008 917 5061 οὐκ
951 5008 1098 5060 ἐστιν
1126 5008 1156 5061 ό
1182 5008 1430 5079 ἐκζητῶν
1477 5008 1575 5083 τὴν
1603 5008 1782 5078 ψυχήν

201 5117 332 5169 μου.
378 5116 398 5150 ε
450 5097 610 5151 Ἀλλά
637 5115 657 5150 ε
693 5097 786 5167 Μὴ
834 5097 1207 5171 ἐγκαταλίπης
1253 5115 1345 5169 με,
1380 5098 1553 5170 Κύριε
1594 5101 1622 5152 ὁ
1650 5097 1783 5160 Θεός

203 5208 333 5263 μου,
362 5190 437 5261 μὴ
462 5191 703 5260 ἀποστῇς
728 5192 823 5244 ἀπ’
852 5190 991 5261 ἐμοῦ
1017 5206 1031 5222 ·
1066 5209 1085 5242 i
1120 5192 1221 5255 τάς
1269 5191 1327 5245 δέ
1374 5190 1647 5262 μάστιγάς
1691 5206 1783 5244 σου

1878 4632 2185 4702 permansit
2238 4629 2293 4685 in
2344 4630 2540 4684 timore
2571 4629 2712 4695 ejus,
2741 4636 2799 4681 ct
2839 4626 3142 4680 derelictus
3195 4634 3281 4681 est
3306 4622 3400 4677 "?
3440 4639 3461 4674 ι

1878 4726 1959 4781 Ne
1998 4734 2118 4779 esto
2171 4723 2228 4777 in
2274 4722 2527 4776 oratione
2559 4727 2653 4774 tua
2697 4718 3088 4790 pusillanimis,
3116 4725 3177 4771 ut
3205 4732 3276 4772 ne
3306 4715 3466 4771 inve-

1882 4818 2033 4871 niare
2083 4815 2159 4869 illi
2223 4813 2484 4868 assimilis
2540 4813 2744 4882 popqu
2783 4813 2836 4865 in
2866 4809 3103 4880 Egypto
3146 4808 3240 4879 qui
3268 4806 3471 4863 abnuit

1881 4907 2078 4964 audire
2106 4906 2350 4977 Moysen,
2382 4905 2515 4959 vitio
2547 4905 2801 4958 laborans
2831 4900 3307 4973 pusillanimitatis
3334 4898 3401 4953 “.
3438 4916 3460 4953 ε

1879 4999 2022 5056 Audi
2070 5007 2129 5053 tu
2160 4997 2348 5053 Jesum
2376 4994 2543 5059 Nave,
2573 4994 2848 5049 dicentem
2882 5013 2895 5048 :
2934 5013 2952 5045 ε
2990 4991 3277 5048 Custoditc
3296 4990 3469 5047 vehe-

1881 5100 2095 5145 menter
2162 5089 2373 5143 animas
2432 5093 2685 5149 vestras,
2751 5093 2813 5139 ut
2871 5084 3116 5156 diligatis
3174 5084 3467 5138 Dominum

1879 5182 2052 5235 Deum
2110 5190 2375 5241 vestrum,
2408 5184 2465 5230 et
2520 5176 2637 5245 ipse
2690 5174 2955 5245 pugnabit
3004 5190 3100 5244 pro
3150 5171 3313 5227 vobis
3342 5172 3406 5224 “'.
3445 5188 3463 5221 ε

200 5258 521 5352 ἀπόστησον
577 5258 672 5335 ἀέλ
714 5258 995 5351 tam“
1025 5302 1044 5335 ε
1104 5282 1240 5337 ’Λπὸ
1291 5258 1391 5351 τῆξ
1455 5282 1637 5351 ἰσχύος
1686 5281 1777 5351 τῆς

1882 5272 2163 5342 Scriptum
2195 5278 2279 5323 est
2309 5276 2366 5321 ct
2398 5265 2452 5319 in
2482 5264 2739 5320 Judicum
2773 5264 2917 5318 libro
2949 5280 2962 5315 :
3000 5281 3018 5314 ι
3061 5261 3140 5317 Ne
3166 5258 3471 5315 exacerbe-

200 5370 387 5443 χειρός
424 5386 519 5423 σου
546 5368 659 5437 ἐγὼ
688 5370 956 5435 ἐξέλιπον.
993 5391 1012 5424 i
1044 5372 1155 5426 Καί
1179 5387 1193 5402 ’
1231 5390 1253 5424 ε
1308 5370 1467 5437 Ἰδοὺ,
1499 5372 1777 5443 ἐμάκρυνα

1891 5379 2016 5419 mus
2042 5362 2356 5422 Dominum,
2394 5366 2455 5411 ut
2478 5371 2547 5411 ne
2577 5354 2839 5411 ascendat
2863 5353 3078 5409 Madiau
3106 5368 3232 5407 cum
3250 5352 3472 5423 jumen-

203 5442 550 5531 φυγαδεύων,
577 5464 671 5515 καί
712 5461 976 5532 ηύλίσθην
1019 5464 1077 5516 ἐν
1112 5466 1179 5534 τῇ
1233 5462 1447 5533 ἐρήμῳ,
1483 5442 1777 5532 προσδεχό-

1894 5459 1964 5511 tis
2011 5458 2147 5518 suis,
2188 5466 2242 5509 ct
2292 5459 2613 5519 corrumpat
2669 5447 2913 5501 fructum
2968 5454 3247 5507 nostrum,
3297 5452 3356 5498 et
3398 5442 3464 5497 a-.l

207 5553 372 5623 μενός
414 5567 475 5604 σε
505 5551 597 5604 τὸν
637 5550 1010 5613 ζωοποιοῦντα
1053 5551 1210 5614 Θεὸν,
1247 5552 1357 5606 ἀπὸ
1407 5550 1777 5620 ὀλιγοψυχίας,

1895 5560 2196 5604 extremam
2270 5550 2648 5615 paupertatem
2709 5540 3068 5596 devolvamur
3097 5537 3165 5591 “.
3211 5534 3357 5602 Quin
3416 5542 3474 5589 et

283 5730 322 5755 "
353 5728 468 5781 Jac.
502 5745 537 5791 I,
570 5733 623 5789 li,
655 5732 705 5783 8.
811 5734 854 5765 "
886 5732 1057 5788 Eccli.
1088 5745 1146 5789 ιι.
1180 5732 1231 5784 9.
1268 5730 1296 5783 7
1437 5730 1479 5759 ⁸⁸
1517 5727 1648 5783 ibid.
1689 5727 1773 5787 Il.

2006 5724 2241 5781 “Exod.
2304 5740 2372 5784 ιν.
2425 5724 2645 5791 passim.
2753 5724 2797 5754 "
2834 5717 3003 5776 Exod.
3066 5732 3175 5779 Juv,
3237 5713 3319 5771 l5.
3384 5707 3474 5768 ιε.

194 5798 253 5838 ιο
284 5798 398 5853 Jers.
444 5814 598 5861 sam,
639 5800 713 5855 l6.

811 5734 854 5765 ⁸³
886 5732 1057 5788 Eccli.
1088 5745 1146 5789 ιι,
1180 5732 1231 5784 9.
1268 5730 1296 5783 7
1437 5730 1479 5759 ’π’
1517 5727 1648 5783 ibid.
1689 5727 1773 5787 ll.
1815 5728 1873 5780 li
2006 5727 2047 5757 “
2072 5724 2241 5781 Exod.
2304 5740 2372 5784 ιν.
2425 5724 2645 5793 passim.
