4178 6436
759 392 894 455 1899

750 592 904 648 ciunt
934 591 1139 658 operis,
1168 601 1312 644 totos
1343 608 1399 642 se,
1426 592 1633 645 dedunt
1662 592 2012 656 detractioni,
2040 594 2330 662 dispuneto

752 702 782 736 a
813 699 870 736 se
904 691 1214 735 CICXCUSSO
1251 683 1342 736 Dci
1378 683 1593 735 timore.
1647 683 1800 736 Adde
1838 685 1943 746 his,
1973 686 2244 738 temerarii
2276 693 2329 737 et

751 774 1020 827 cﬂ‘rontcs
1044 774 1226 825 verbis
1254 783 1382 827 sunt
1425 774 1771 827 ineoncinnis
1817 790 1880 828 ac
1930 775 2323 838 immoderatis,

749 882 872 934 qua:
899 875 1220 934 pra:textunt
1253 866 1457 934 alioqui
1499 882 1610 934 prae
1645 882 1700 918 se
1730 866 1909 919 ferant
1938 868 2170 936 alicujus
2200 869 2328 919 doc-

753 962 930 1023 trinm,
966 977 1088 1013 cum
1123 961 1343 1013 interitu
1382 976 1489 1013 non
1523 961 1852 1028 intelligant,
1882 979 2056 1028 neque
2083 979 2200 1028 ιιιιιυ
2225 962 2326 1029 ipsi

750 1054 1071 1121 loquuntur,
1097 1068 1273 1119 neque
1307 1051 1373 1103 de
1423 1052 1626 1118 quibus
1666 1053 1954 1104 atlirmant.
1999 1051 2109 1103 lloc
2157 1067 2327 1119 genus

753 1142 991 1196 hominis
1019 1143 1151 1194 scite
1181 1141 1478 1193 admodum
1509 1143 1824 1208 perstringit
1854 1149 2151 1191 corner-utor
2178 1142 2310 1194 I'sal-

752 1250 962 1286 tnurum
998 1232 1187 1294 David,
1212 1232 1434 1284 dicens:
1475 1251 1492 1280 ι
1525 1233 1580 1284 In
1607 1231 2191 1283 laboribushominum
2217 1248 2324 1284 non

750 1335 898 1376 sunt.
959 1334 1015 1375 ct
1064 1339 1187 1374 eum
1245 1323 1561 1375 hominibus
1614 1338 1719 1373 non
1763 1323 2260 1389 llagellabuntur".
2302 1341 2319 1371 ι

756 1417 970 1485 1166
997 1415 1098 1479 Qui
1143 1416 1289 1468 enim
1343 1423 1588 1482 peccant,
1622 1429 1723 1466 nec
1767 1425 1944 1467 tamen
1999 1414 2328 1482 resipiscunt.

751 1506 1094 1574 paenitudine
1149 1506 1336 1564 ducti,
1387 1517 1564 1571 neque
1647 1505 1830 1567 llagris
1892 1504 2326 1556 conseinduntur

747 1599 864 1649 sive
917 1595 1252 1661 castigantur
1307 1595 1397 1646 hic
1452 1607 1576 1645 eum
1613 1593 1960 1656 hominibus,
1987 1593 2098 1645 illic
2131 1595 2321 1660 utiquc

749 1687 1135 1740 inda-menum
1160 1685 1528 1739 contubernio
1569 1700 1759 1752 parmis
1813 1685 1966 1736 luent
2010 1684 2164 1736 nullo
2213 1683 2321 1735 cir-

748 1777 1201 1830 euntseribendas
1235 1775 1359 1827 ﬁne.
1388 1775 1442 1827 lu
1475 1775 1577 1826 hoc
1615 1775 1875 1842 perdocet
1898 1789 1999 1827 nos
2019 1782 2074 1827 ct
2103 1774 2322 1826 instruit

748 1866 1055 1932 Scriptura,
1086 1863 1330 1915 laborent
1366 1875 1423 1914 ut
1452 1863 1765 1931 diligamus,
1794 1864 1939 1930 quod
1983 1863 2025 1914 is
2049 1863 2113 1913 ad
2138 1863 2319 1915 omnia
2356 1848 2396 1900 Β

749 1957 888 2008 mire
922 1955 1204 2008 conducit.
1241 1955 1380 2007 Dicit
1409 1954 1589 2007 enim:
1620 1972 1636 2004 ι
1674 1954 1751 2006 Ne
1781 1953 1964 2006 oderis
1994 1954 2320 2008 laboriosam

747 2046 1148 2114 operationem,
1178 2045 1273 2098 sed
1306 2044 1534 2097 humilia
1556 2044 1711 2097 valde
1753 2045 1988 2096 animam
2023 2053 2169 2098 tuam
2188 2045 2253 2096 θ’,
2297 2064 2312 2094 ι

749 2139 849 2193 Et:
884 2160 899 2189 ι
940 2140 995 2192 In
1029 2139 1286 2192 omnibus
1304 2139 1566 2207 operibus
1593 2139 1699 2190 tuis
1719 2147 1836 2191 esto
1871 2138 2048 2201 velox,
2070 2146 2124 2190 ct
2144 2136 2324 2190 omnis

749 2227 1038 2280 inﬁrmitas
1079 2243 1188 2279 non
1231 2235 1488 2280 occurret
1540 2227 1710 2279 tibi".
1748 2228 1804 2279 In
1850 2227 2128 2280 desiderio
2174 2226 2322 2279 enim

745 2320 851 2372 erit
887 2323 1068 2372 omnis
1089 2321 1261 2388 piger,
1295 2320 1396 2371 via:
1416 2328 1597 2371 autem
1623 2317 1845 2371 fortium
1868 2319 2038 2386 plana:
2065 2317 2268 2370 sunt”.
2300 2335 2318 2367 ι

747 2411 918 2464 David
968 2412 1097 2464 item
1124 2428 1135 2462 :
1169 2428 1186 2459 ι
1224 2410 1335 2462 Iloc
1361 2410 1513 2462 labor
1534 2419 1619 2463 est
1646 2418 1771 2462 ante
1797 2425 1905 2471 me,
1931 2408 2104 2461 donec
2127 2408 2324 2460 intrent

748 2502 802 2555 in
833 2502 1206 2554 sanctuarium
1239 2502 1358 2562 Dei,
1387 2500 1481 2553 sed
1510 2510 1566 2553 ct
1595 2509 1886 2568 propterea
1937 2499 2220 2561 laborabo,
2266 2507 2326 2551 ut

747 2593 925 2645 vivam
955 2591 1009 2643 in
1036 2592 1310 2643 Ιίιιοιιι⁹⁸.ι
1346 2591 1428 2643 'l'u
1459 2596 1606 2643 enim
1627 2590 1835 2653 dixisti,
1863 2589 2125 2643 Domine:
2157 2608 2174 2640 ι
2211 2589 2325 2657 Ego

747 2698 868 2735 sum
895 2684 1159 2735 Dominus
1184 2683 1324 2736 Deus
1347 2691 1475 2733 tuus
1498 2681 1592 2748 qui
1615 2690 1665 2734 te
1688 2681 1852 2734 eduxi
1878 2680 1945 2734 de
1969 2690 2113 2734 terra
2129 2679 2327 2748 [Egyp-

749 2776 811 2838 ti,
847 2775 914 2828 de
942 2774 1106 2828 domo
1140 2773 1500 2836 servitutis”,
1537 2791 1554 2822 ι
1610 2773 1710 2826 luti
1767 2782 1817 2827 et
1869 2774 2078 2832 lateris,
2128 2787 2325 2840 nempe

745 2867 1109 2920 obscenarum
1148 2881 1212 2919 ac
1245 2865 1486 2932 turpium
1515 2865 1888 2917 atl‘ectionum.
1920 2863 2061 2918 Sane
2106 2863 2328 2933 profuc-

749 2956 1086 3010 ritzemulari
1109 2956 1428 3023 Apostolum
1455 2971 1468 3012 ;
1502 2955 1580 3008 ait
1601 2954 1749 3007 enim
1772 2955 1817 3008 is
1846 2970 1858 3003 :
1888 2973 1904 3004 ι
1937 2955 2177 3014 Fratres,
2211 2970 2324 3007 mc-

749 3059 931 3096 mores
981 3051 1157 3096 cstote
1194 3043 1444 3096 laborum
1478 3053 1793 3095 nostrorum
1841 3051 1898 3096 et
1944 3043 2320 3105 alIlictionunt,

747 3147 907 3188 nocte
939 3149 1002 3188 ac
1028 3135 1120 3188 die
1157 3144 1452 3202 Operantes
1478 3133 1705 3197 luimus,
1747 3150 1815 3187 ne
1859 3150 2022 3203 quem
2079 3144 2320 3188 vestrum

746 3240 1124 3295 gravaretnus.
1190 3224 1296 3293 Ipsi
1340 3224 1489 3278 enim
1539 3225 1694 3278 scitis
1740 3225 1869 3292 quia
1910 3226 2078 3293 gratis
2126 3241 2323 3295 panem

748 3328 857 3366 non
882 3312 1338 3365 manducavimus
1360 3314 1401 3366 ‘.
1439 3331 1456 3363 ι
1485 3311 1590 3365 Sed
1619 3320 1674 3365 et
1699 3312 1766 3364 ad
1799 3313 2137 3375 Corinthios,
2184 3328 2323 3366 cnu-

747 3404 976 3456 nicratis
1029 3403 1301 3471 agonibus
1353 3404 1468 3456 suis
1513 3418 1652 3472 quos
1702 3419 1802 3469 pro
1869 3405 2070 3457 tuemla
2123 3403 2324 3472 pietate

745 3489 1062 3550 desudarat,
1093 3489 1245 3542 addit
1287 3507 1299 3543 :
1347 3508 1365 3541 ι
1407 3490 1466 3544 In
1513 3491 1799 3544 laboribus
1835 3491 2266 3544 abundantius'.
2302 3509 2319 3539 ι

746 3581 951 3634 Iterum
971 3599 1015 3633 ει
1049 3581 1166 3634 Prtc
1192 3580 1300 3634 illis
1324 3581 1696 3634 abundantius
1719 3581 1984 3642 laboravi,
2011 3597 2118 3634 non
2143 3589 2326 3633 autent

746 3686 869 3739 ego,
895 3670 990 3723 sed
1023 3671 1198 3739 gratia
1229 3671 1322 3724 Dei
1358 3688 1572 3725 mecum
1594 3673 1634 3724 ³.
1666 3693 1683 3723 ι
1733 3673 1798 3726 Ει
1843 3673 2062 3741 quidem
2107 3673 2323 3726 labores

747 3762 907 3814 nobis
937 3762 1210 3815 subeundi
1245 3771 1392 3823 sunt,
1425 3763 1519 3815 sed
1557 3779 1682 3817 cum
1729 3763 2038 3817 humilitate
2074 3771 2130 3815 et
2174 3763 2323 3815 arbi-

749 3856 892 3902 tratu
931 3848 1232 3903 discretivo
1263 3852 1631 3919 spiritualium
1660 3853 1902 3906 Patrum.
1930 3853 2006 3906 Ita
2037 3854 2184 3907 enim
2233 3852 2326 3904 ﬁet

747 3948 809 3992 ut
841 3940 894 3992 in
929 3940 1142 3994 nullum
1167 3940 1477 3996 incidamus
1511 3957 1781 4005 errorem,
1829 3958 1931 3997 nec
1987 3943 2326 3996 daemonibus

749 4030 1049 4084 reddentur
1071 4031 1391 4085 deridiculi.
1419 4032 1654 4101 lmpuris
1678 4034 1826 4087 enim
1884 4035 2004 4087 istis
2042 4034 2326 4102 spiritibus

749 4121 855 4175 hoc
897 4121 1042 4175 inest
1105 4123 1383 4191 peculiare
1437 4124 1707 4187 studium,
1760 4124 1978 4177 fervore
2031 4125 2325 4178 indiscrete

748 4213 1293 4282 accenduntsentper
1325 4215 1708 4279 hontinem,ea
1733 4224 1792 4268 ut
1813 4217 2088 4279 moliatur,
2125 4215 2325 4284 quibus

747 4303 1109 4374 perﬁciundis
1150 4306 1476 4374 neutiquam
1533 4323 1632 4376 par
1665 4308 1738 4362 sit
1776 4327 1789 4362 :
1835 4309 1997 4362 talem
2049 4317 2324 4377 postremo

747 4394 1074 4448 deridiculis
1094 4395 1283 4449 sannis
1306 4397 1689 4464 proscindunt.
1707 4398 1866 4454 Juxta
1902 4399 2068 4467 igitur
2089 4402 2322 4467 Aposto-

2023 394 2380 453 AN’I‘Iotiltl
2427 393 2764 452 MUNAtlllI

751 503 838 554 nis
875 502 1118 552 iustratw
1136 502 1351 552 sunt“.
1386 521 1402 550 ι
1433 496 1590 553 Tales
1622 502 1749 552 dum
1803 502 1948 554 aliud
1987 503 2120 555 nihil
2161 504 2325 555 crmli—

2439 504 2594 572 ὖῆυεν
2627 502 2968 563 διδασκαλίας

2349 3188 2396 3248 C

3882 397 4004 454 non

3063 507 3136 570 μη
3189 502 3428 564 2003712,-
3475 507 3506 555 ἐκ
3543 504 3815 568 λέγουςιν,
3871 512 4006 571 μῃτε

2433 596 2564 662 περὶ
2611 594 2757 653 τίνος
2807 591 3260 644 διαϐεϐαιοῦνται.
3322 594 3426 654 υίρς
3481 593 3574 644 καὶ
3623 594 3650 643 ὀ
3704 593 4008 660 Talem/20;

2433 684 2730 750 “£93757”.
2761 681 2955 746 λέγων’
2998 700 3014 731 1
3064 683 3149 732 Ἐν
3171 682 3356 742 κόποις
3388 682 3688 750 ἀνθρώπων
3718 683 3821 734 οὐκ
3849 685 4006 744 εἰσὶν.

2431 777 2523 824 καὶ
2568 774 2704 842 μετὰ
2737 770 3038 840 ἀνθρώπων
3080 773 3139 823 ού
3183 773 3707 840 μα-πτιγωοήσοντπι.
3753 793 3770 821 ι
3812 773 3875 822 (li
3906 773 4009 840 γὰρ

2427 865 2834 932 ἁμαρτάνοντες
2866 865 2957 915 καὶ
2991 868 3064 933 μὴ
3096 865 3503 933 μετανοοῦντες,
3540 865 3676 932 μτῆὲ
3707 865 4010 933 μαςτιγούι

2431 971 2603 1022 μενοι,
2634 957 2800 1024 ἤγουν
2829 956 3203 1023 παιδευόμενοι
3238 957 3471 1009 ἐνταῦθα
3507 959 3644 1024 μετὰ
3677 957 4008 1024 ἀνορωπων,

2429 1046 2546 1095 ἐκεῖ
2621 1047 2760 1113 μετὰ
2808 1046 3074 1115 δαιμξνων
3123 1047 3499 1115 ἀτελευτήτως
3552 1047 4006 1114 κολαςοήοονται.

2427 1136 2525 1186 Διὰ
2552 1135 2710 1186 τοῦτο
2741 1138 2836 1188 καὶ
2867 1139 3028 1206 ἡμεῖς
3061 1139 3208 1207 παρὰ
3237 1141 3335 1206 τῆς
3375 1139 3595 1208 Γραφῆς
3640 1140 4009 1205 παιδευόμεθα

2426 1228 2646 1296 ἀγαπᾷν
2680 1229 2771 1280 τὸν
2795 1230 2983 1294 κόπον,
3017 1231 3098 1282 ὅτι
3125 1233 3202 1291 εἰς
3233 1232 3411 1282 πάντα
3449 1233 3819 1300 συμϐάλλεται
3856 1233 4006 1300 ἡμῖν.

2425 1320 2584 1384 Λέγει
2618 1318 2726 1386 γάρ
2755 1334 2768 1348 ⁸
2802 1337 2818 1368 ι
2871 1320 2961 1388 Μὴ
3010 1323 3246 1390 μισήοῃς
3272 1323 3529 1373 ἐπίπονον
3572 1324 3874 1390 ἐργασίαν·
3914 1341 4010 1374 τα·

2425 1409 2691 1460 πεὶνωσον
2725 1409 2929 1477 σφόδρα
2968 1411 3066 1478 τὴν
3095 1413 3272 1479 ψυχήν
3302 1429 3413 1464 σου.
3455 1431 3472 1462 ι
3508 1413 3635 1464 Καί’
3674 1432 3689 1462 ι
3747 1415 3837 1464 Ἕκ
3877 1417 4006 1466 tis:

2424 1500 2534 1561 τοῖς
2567 1499 2746 1569 ἔργοις
2777 1516 2869 1551 σου
2898 1500 3048 1567 γίνου
3082 1502 3360 1570 ἐντρεχὴς,
3398 1505 3487 1555 καὶ
3515 1505 3622 1556 πᾶν
3658 1503 3918 1572 ἀρριἔιςττ
3938 1524 4008 1569 μι

2427 1587 2488 1638 οὐ
2523 1592 2596 1656 μή
2629 1605 2710 1640 σοι
2742 1590 3063 1656 ἀπαντήσει.
3125 1590 3212 1640 Ἐν
3262 1593 3526 1662 ἐπιῡυμίᾳ
3560 1593 3663 1659 γὰρ
3709 1590 3866 1640 ἔσται
3902 1591 4008 1649 πᾶς

2422 1679 2652 1748 ἄεργος’
2700 1680 2755 1732 αἱ
2807 1682 2862 1733 δὲ
2901 1681 3009 1733 ὁδοὶ
3056 1683 3164 1734 τῶν
3217 1682 3499 1751 ἀνδρείων,
3535 1685 3676 1737 λεῖοι.
3747 1701 3764 1732 ι
3839 1680 3902 1732 Ὀ
3954 1680 4008 1731 δὲ

2423 1769 2619 1820 Δαυῖδο
2667 1788 2685 1819 ι
2726 1771 2895 1824 Τοῦτο
2942 1773 3106 1834 κόπος
3157 1772 3303 1824 ἐστὶν
3351 1772 3579 1824 ἐνώπιόν
3624 1790 3750 1840 μου.
3788 1773 3897 1832 ἕως
3949 1767 4007 1822 οὗ

2423 1861 2647 1913 εἰσέλθω
2674 1863 2752 1923 εἰς
2784 1863 2843 1913 τὸ
2890 1864 3247 1934 ἁγιαστήριον
3290 1864 3384 1917 τοῦ
3418 1863 3574 1922 Θεοῦ.
3609 1862 3746 1914 ἀλλὰ
3792 1863 3888 1915 καὶ
3921 1863 4009 1915 διὰ

2423 1951 2579 2003 τοῦτο
2615 1951 2811 2014 κοπιῶ,
2848 1953 2931 2004 ἴνα
2961 1953 3109 2022 ζήσω
3146 1956 3226 2018 εις
3268 1955 3443 2017 τέὶος,
3489 1974 3505 2005 ι
3554 1956 3624 2008 Σὺ
3668 1953 3780 2023 γὰρ
3820 1949 4008 2014 εἴπας,

2424 2041 2682 2093 Δέσποτα·
2729 2039 2901 2109 ιἘγὼ
2931 2043 3037 2112 γάρ
3068 2041 3184 2113 εἰμι
3221 2046 3423 2114 Κύριος
3453 2047 3481 2095 ὁ
3507 2045 3637 2106 Θεὸς
3673 2061 3793 2107 σου,
3821 2045 3848 2095 ὁ
3879 2045 4008 2094 ἀνα·

2423 2131 2610 2200 γειγὼν
2641 2150 2698 2184 σε
2728 2136 2791 2186 ἐκ
2835 2134 2935 2204 γῆς
2964 2134 3260 2202 Αἰγύπτου,
3296 2135 3354 2198 ἐξ
3379 2136 3528 2186 οἴκου
3552 2134 3818 2194 δουλείας,
3863 2153 3880 2183 ι
3920 2133 4010 2184 τοῦ

2425 2221 2726 2291 πηλοῦ,καὶ
2752 2223 2850 2288 τῆς
2886 2224 3164 2288 πλινθείας
3193 2227 3299 2278 τῶν
3317 2227 3558 2295 αἰσχρῶν
3581 2225 3791 2276 παοῶν.
3829 2224 4012 2274 Καλὸν

2423 2314 2479 2366 δέ
2509 2316 2655 2365 ἐστιν
2689 2311 2930 2382 ζηλῶσαι
2982 2317 3076 2367 καὶ
3130 2319 3224 2367 τῑν
3294 2317 3614 2368 ’Λπὸστολον
3639 2333 3651 2345 ·
3687 2317 3857 2385 φησὶν
3905 2315 4012 2382 γὰρ

2424 2405 2607 2465 αὸτός·
2656 2423 2673 2454 ι
2725 2405 2988 2474 ’Λδε).φοὶ,
3043 2406 3408 2476 μνημονεύετε
3455 2409 3564 2460 τῶν
3595 2409 3782 2460 κόπων
3828 2408 4010 2474 ἡμῶν.

2425 2496 2656 2549 καὶτῶν
2694 2498 2930 2565 μόχθων,
2960 2500 3041 2550 ὅτι
3080 2499 3273 2561 νυκτὸς
3307 2500 3402 2552 κει)⁸
3435 2501 3648 2569 ἡμέρας
3700 2501 4012 2568 ἐργαζόμε-

2425 2606 2506 2640 νοι
2541 2589 2676 2657 πρὸς
2706 2589 2769 2641 τὸ
2805 2589 2880 2659 μὴ
2930 2590 3266 2661 ἐπιϐαρῆσαί
3310 2609 3430 2644 τινα
3478 2593 3654 2661 ὑμῶν.
3705 2594 3874 2645 Αὐτοὶ
3911 2595 4014 2662 γὰρ

2425 2680 2602 2732 οἴδατε
2631 2681 2713 2731 ὅτι
2742 2680 2948 2750 δωρεὰν
2975 2682 3140 2751 ἄρτον
3169 2683 3269 2735 οὑκ
3317 2685 3615 2753 ἐφάγομεν.
3657 2703 3676 2735 ι
3714 2685 3827 2737 Καὶ
3879 2686 4013 2752 προς

2427 2771 2748 2838 Κορινθιονς
2798 2773 3319 2843 ἀπαρίθμησὸμενος
3367 2777 3493 2838 τους
3540 2777 3675 2847 ὑπὲρ
3724 2777 4014 2837 εὐσεϐείας

2426 2863 2644 2929 ἀγῶνας
2678 2864 2840 2914 αὐτου
2871 2866 3246 2934 προστίθησιν·
3288 2886 3306 2917 ι
3359 2867 3445 2919 Ἐν
3476 2869 3665 2930 κόποις
3696 2870 4015 2937 περισσοτέ-

2428 2969 2557 3023 ρως.
2598 2971 2614 3003 ι
2655 2954 2763 3007 Καὶ
2795 2957 2976 3006 πάλιν·
3017 2974 3034 3005 ι
3072 2958 3461 3027 Περισσὸτερον
3492 2959 3672 3010 αὐτῶν
3707 2962 4012 3011 ἐκοπίασα·

2425 3046 2525 3097 οὐκ
2555 3044 2668 3111 ἐγὼ
2693 3045 2772 3106 δὲ,
2807 3046 2920 3097 ἀλλ’
2957 3049 2986 3115 ἡ
3013 3050 3172 3115 χάρις
3200 3048 3294 3101 τοῦ
3319 3050 3453 3102 Θεοῦ
3491 3053 3521 3120 ἠ
3556 3052 3653 3103 σὺν
3682 3051 3833 3121 ἐμοί.
3880 3071 3900 3104 ι
3927 3057 4019 3104 Δεῖ

2425 3130 2519 3186 οὖν
2549 3135 2645 3187 καὶ
2673 3136 2823 3203 ἡμᾶς
2856 3139 3028 3186 ποιεῖν
3059 3138 3156 3205 μὲν
3181 3138 3309 3199 τοὺς
3339 3139 3542 3200 κόπους
3572 3139 3711 3208 μετά
3741 3141 4015 3193 ταπεινὼ-

2429 3243 2589 3291 σεως,
2645 3227 2742 3278 καὶ
2799 3226 3144 3295 διακρίσεως,
3203 3229 3502 3291 τουτέστιν,
3558 3231 3621 3280 δι’
3685 3233 4016 3302 ἐρωτήςεως

2426 3319 2818 3387 πνευματικῶν
2848 3320 3118 3388 πατέριον.
3145 3320 3331 3382 Οὕτως
3359 3323 3468 3390 γὰρ
3491 3324 3589 3374 οὐκ
3620 3325 4012 3393 ὲκπεσούμεοε

2424 3409 2504 3470 εις
2538 3409 2746 3478 πλάνην
2779 3410 2873 3461 καὶ
2922 3409 3120 3479 χλεύην
3164 3411 3466 3480 δαιμόνων³
3510 3415 3596 3466 ἀεὶ
3637 3416 3742 3484 γὰρ
3781 3416 4017 3485 Θερμαῖ-

2427 3517 2608 3552 νουσιν
2640 3499 2730 3553 τὸν
2767 3499 3056 3570 ἄνθρωπον
3097 3501 3168 3552 τὰ
3200 3503 3484 3573 ἀκάθαρτα
3521 3504 3838 3573 πνεύματα,
3871 3511 3952 3570 εἰς
3982 3508 4017 3562 ἃ.

2427 3594 2488 3645 οὐ
2520 3593 2741 3645 δύναται
2784 3593 3087 3658 ἐκτελέσαι,
3122 3598 3215 3647 καὶ
3249 3594 3475 3666 ὕστερον
3508 3599 4017 3668 ὲκμυκτηρὶζουσιν

2419 3685 2601 3737 αὐτόν.
2631 3686 2824 3751 Λέγειν
2858 3685 2914 3736 δὲ
2969 3687 3064 3737 καὶ
3112 3690 3329 3757 φρονεῖν
3366 3690 3518 3758 ἡμᾶς
3546 3691 3674 3759 χρὴ,
3725 3693 3875 3744 κατὰ
3926 3694 4019 3744 τὸν

2422 3774 2764 3836 ’Λπὸστολον,
2793 3775 2923 3827 ὅταν
2975 3792 3027 3827 τι
3077 3776 3549 3847 κατορθώσωμεν·
3589 3798 3605 3828 ι
3649 3781 3765 3830 Ούκ
3801 3781 3914 3848 ἐγὼ
3939 3782 4015 3843 δὲ,

2420 3861 2536 3916 ἀλλ’
2577 3865 2609 3932 ἡ
2642 3863 2799 3932 χάρις
2829 3863 2922 3915 τοῦ
2950 3864 3146 3936 Θεοῦὴ
3191 3867 3288 3918 σὺν
3315 3869 3457 3936 ἐμοί.
3510 3887 3526 3920 ι
3562 3870 3633 3920 Οὐ
3674 3870 3839 3938 μόνον
3891 3871 3949 3922 δὲ
3991 3875 4018 3922 ὁ

2438 3953 2760 4015 Ἀπόστο>.ος
2804 3956 2883 4015 εἰς
2935 3956 3114 4008 πάντα
3161 3957 3332 4018 τύπος
3382 3960 3514 4026 ἡμῖν
3561 3960 3823 4024 γέγονεν,
3877 3962 4016 4013 ἀλλὰ

2429 4045 2522 4095 καὶ
2552 4043 2710 4104 αὐτὸς
2748 4045 2776 4096 ὁ
2811 4045 3012 4110 Κύριος
3046 4047 3202 4115 ἡμῶν
3245 4049 3454 4115 Ἰησοῦς
3488 4050 3721 4118 Χριστὸς
3765 4051 3833 4102 δι’
3889 4053 4018 4105 ἑαυ-

2425 4134 2520 4187 τοῦ
2575 4135 2853 4201 ὑπέδειξεν
2905 4139 3033 4204 ήςιῖν
3077 4139 3142 4189 τὰ
3188 4139 3389 4192 πάντα.
3443 4141 3860 4211 ’Λναμάρτητος
3907 4143 4017 4213 γὰρ

2424 4226 2526 4288 ὣν,
2560 4228 2652 4278 καὶ
2682 4229 2814 4289 θεὸς
2845 4228 2940 4285 ὢν.
2979 4230 3072 4281 καὶ
3101 4230 3175 4298 μὴ
3212 4231 3425 4300 χρῄζων
3452 4235 3800 4300 σωματικῶν,
3833 4237 4018 4288 πάντα

2423 4315 2750 4381 κατεδέξατο
2801 4319 3025 4386 ποιῆσαι
3081 4321 3174 4372 καὶ
3225 4320 3432 4384 διδάξαι
3493 4324 3644 4391 ἡμῖν.
3684 4325 4018 4392 «Ἑνὴστευ-

2430 4420 2521 4456 σεν
2553 4408 2658 4474 γὰρ
2686 4410 3095 4472 τεσσαράκοντα
3125 4411 3370 4479 ἡμέραςσ
3412 4431 3429 4463 ι
3466 4414 3579 4478 καὶ,
3619 4433 3637 4465 ι
3683 4416 4016 4470 Ἐκοπὶαςεν

751 4486 863 4539 lum
894 4486 1190 4540 dicendum
1221 4495 1304 4540 est
1338 4497 1394 4542 et
1418 4489 1764 4557 sapiendum,
1795 4490 2012 4558 quoties
2039 4491 2318 4561 quidpiam

2563 4460 2573 4471 .
2628 4460 2638 4474 .
2858 4460 2868 4472 ι
2900 4460 2907 4462 ~
3069 4460 3078 4462 ε
3147 4460 3185 4479 σε
3215 4460 3334 4479 *ιννι
3412 4460 3423 4463 -
3468 4460 3579 4478 --ν--ι
3623 4460 3635 4465 -
3699 4460 4010 4470 --·ν··“-’-”

2432 4498 2496 4547 ὲκ
2528 4496 2630 4563 τῆς
2661 4497 2987 4567 ὁδοιπορίας,
3023 4519 3040 4550 ι
3073 4502 3167 4553 καὶ
3216 4503 3314 4555 οὐκ
3339 4499 3482 4572 εἶχεν
3513 4506 3612 4558 ποῦ
3636 4507 3736 4577 τὴν
3764 4511 4015 4576 κεταὶὰεν

750 4578 1078 4645 operiscum
1128 4578 1292 4631 laude
1340 4594 1404 4632 ac
1448 4580 1691 4648 legitime
1740 4583 2096 4650 gesserimus:
2155 4605 2170 4634 ι
2205 4585 2322 4638 Νοιι

750 4682 851 4738 ego
878 4677 1083 4730 autem,
1103 4668 1197 4722 sed
1222 4670 1392 4739 gratia
1419 4671 1513 4725 Dei
1541 4688 1754 4726 mecum
1774 4673 1814 4726 ‘.
1849 4693 1866 4724 ι
1893 4674 2005 4728 Nec
2030 4673 2327 4743 Apostolus

2434 4587 2636 4650 κλῖναι,
2681 4591 2777 4642 καὶ
2823 4592 3210 4661 ἐνυκτέρευσεν
3261 4595 3318 4645 ἐν
3363 4599 3483 4659 ταῖς
3527 4604 3863 4669 προσευχαῖς
3919 4602 4012 4654 τοῦ

2431 4677 2589 4732 Θεοῦ.
2625 4679 2782 4749 Αὑτῷ
2812 4681 2844 4747 ἠ
2885 4681 3010 4746 δόξα
3035 4682 3114 4745 εἰς
3137 4683 3263 4747 τοὺς
3290 4686 3512 4748 αἰῶνας.
3542 4687 3720 4756 Δμήν.

750 4760 914 4814 modo
950 4761 1109 4814 nobis
1139 4761 1205 4815 ad
1255 4763 1437 4816 omnia
1499 4764 1733 4820 lormula
1765 4768 1890 4821 vitze
1949 4768 2126 4822 factus
2178 4778 2281 4833 est,
2313 4770 2405 4823 sed
2439 4780 2496 4825 et
2551 4773 2665 4841 ipse
2719 4774 2984 4829 Dominus
3029 4787 3215 4831 noster
3265 4777 3425 4834 Jesus
3475 4779 3728 4836 Christus
3791 4798 4013 4840 suomet

749 4849 1000 4918 exemplo
1032 4851 1172 4905 nihil
1203 4867 1311 4906 non
1339 4854 1486 4922 quod
1520 4856 1718 4910 conﬁci
1785 4857 2015 4919 debeat,
2080 4859 2394 4914 delineavit.
2438 4863 2487 4916 Is
2533 4866 2676 4917 enim
2729 4867 2780 4918 in
2818 4884 2980 4936 quem
3039 4871 3189 4924 nulla
3249 4871 3473 4927 decolor
3531 4877 3738 4944 peccati
3797 4879 4014 4931 eluvies

751 4941 948 4997 cadere
969 4951 1208 5012 poterat,
1232 4945 1376 5000 Deus
1399 4961 1522 5000 cum
1543 4957 1708 5012 esset,
1739 4965 1839 5004 nec
1865 4951 2030 5004 ullius
2069 4953 2371 5020 corporalis
2405 4954 2621 5024 indigus
2649 4956 2874 5021 laboris,
2916 4962 3075 5014 nobis
3107 4969 3288 5017 tamen
3340 4941 3694 5029 erudiendis,
3731 4969 3874 5022 nihil
3902 4987 4010 5022 non

753 5038 994 5106 suscepit
1020 5037 1329 5092 faciendum
1354 5058 1398 5091 τι
1422 5041 1696 5110 Jejunavit
1718 5046 1864 5099 enim
1895 5046 2093 5101 diebus
2112 5049 2473 5118 quadraginta
2493 5053 2536 5115 ⁵,
2564 5070 2581 5102 ι
2611 5062 2666 5106 et
2689 5073 2705 5103 ι
2732 5053 3014 5125 Fatigatus
3033 5067 3116 5112 est
3143 5073 3210 5112 ex
3236 5059 3433 5113 itinere
3455 5061 3635 5113 ’.ι-ι
3653 5064 3763 5117 Nec
3787 5065 4009 5121 interim

755 5126 988 5182 habebat
1010 5130 1154 5199 pius,
1177 5130 1270 5184 ubi
1293 5142 1458 5200 caput
1482 5135 1870 5189 rcelinaret'.»
1907 5138 2054 5192 Idem
2088 5141 2446 5210 pernoctabat
2472 5142 2524 5196 in
2555 5146 2902 5202 orationibus
2927 5149 3082 5204 Dci'.
3117 5152 3220 5221 Ipsi
3257 5155 3429 5223 gloria
3453 5155 3506 5210 in
3531 5159 3754 5212 smcula.
3775 5160 3966 5216 Anien.

1230 5241 1510 5298 IIOMILIA
1553 5246 1858 5303 LXXXVII.

758 5325 834 5377 De
859 5328 1031 5380 studio
1054 5330 1160 5381 sive
1187 5330 1560 5399 sollicitudine,
1584 5354 1701 5406 qua?
1722 5341 2005 5393 secundant
2040 5342 2205 5397 Deum
2234 5345 2324 5398 ait.

826 5417 1064 5486 Diligens
1089 5431 1144 5474 et
1183 5421 1429 5477 studiosa
1483 5427 1796 5481 sollicitudo
1855 5446 1976 5500 qum
2015 5434 2319 5490 secundum

822 5569 870 5599 ”
903 5569 1062 5624 Prov.
1089 5587 1175 5628 xv.
1207 5572 1288 5626 l9.
1400 5576 1445 5606 "
1473 5575 1669 5631 Psalnt.
1696 5596 1853 5639 Lxxu,
1883 5580 1936 5633 5.

760 5655 918 5711 tam.
953 5641 1030 5696 I7.
1110 5643 1345 5696 “livod.
1382 5646 1544 5705 ικαὶ.
1651 5649 1662 5674 ¹
1716 5649 1730 5700 1
1770 5650 1959 5702 Thess.
2002 5668 2056 5710 It,
2099 5655 2152 5711 9,
2192 5654 2273 5705 ευ.

759 5709 952 5764 ιιιιτιιι.
994 5727 1059 5774 ιν,
1094 5711 1143 5762 6.
1226 5714 1240 5741 τ
1277 5714 1462 5767 Matth.
1493 5731 1603 5778 viil,
1630 5719 1716 5770 "lli.
1803 5723 1820 5748 "
1866 5720 1995 5772 l.ne.
2024 5737 2092 5787 ιι,
2125 5709 2208 5776 l2.

2031 5583 2076 5613 ⁸³
2103 5583 2271 5635 Eccli.
2304 5600 2397 5643 vn.
2428 5586 2514 5640 I6.

2386 5658 2403 5685 ’
2448 5657 2616 5712 ICor.
2665 5677 2754 5724 xv,
2793 5662 2878 5714 ltl.

3022 5263 3242 5316 ΛΟΓΟΣ
3282 5263 3403 5316 ΠΖ’.

2967 5352 3103 5417 Περὶ
3157 5354 3454 5421 σπουδῆς.

2499 5437 2566 5490 'II
2621 5440 2762 5492 κατὰ
2809 5439 2940 5494 Θεὸν
2978 5443 3184 5512 σπουδὴ
3219 5446 3275 5496 ἐν
3313 5447 3474 5498 παντὶ
3509 5449 3688 5520 καιρῷ
3734 5449 3829 5503 καὶ
3873 5456 4008 5522 πρὶ-

2589 5590 2635 5621 “
2655 5585 2823 5645 EcCli.
2852 5607 3019 5656 xxx",
3039 5595 3128 5649 27.

2589 5676 2616 5710 ·.
2665 5677 2754 5720 xv,
2793 5662 2878 5714 ltl.
2985 5666 3004 5696 ³
3043 5666 3153 5720 ibid

3043 5681 3174 5721 ιυιυ.

3205 5598 3249 5630 ’⁷
3278 5598 3439 5652 Prov.
3478 5615 3587 5662 xxi,
3619 5601 3710 5655 25.

3277 5671 3298 5698 ⁵
3337 5669 3472 5724 ibid.

3789 5604 3836 5632 ⁹“
3870 5605 4006 5660 I'sul.

3579 5673 3599 5703 ⁸
3634 5673 3822 5728 Matth.
3860 5693 3925 5733 ι’..
3953 5676 4006 5729 2-
