4178 6436
197 428 325 491 thtl

1076 422 1402 480 llUMlIJA
1448 420 1788 480 LXXXV”.
1855 448 1898 455 ·-
1927 422 2023 480 DE
2063 423 2364 490 S'l‘lIDlt),
2404 426 2563 484 ΕΤιῖ.

3325 427 3462 490 1702

196 562 373 614 γματι
432 541 569 609 καλή
636 539 801 590 ἐστιν.
862 534 971 589 Καὶ
995 533 1298 601 Δεσποτική
1346 549 1536 602 πρωτη
1590 532 1775 600 ἐντολή

1886 533 2055 586 Deum
2084 543 2189 599 est,
2222 537 2375 589 nullo
2408 552 2516 589 non
2548 545 2794 606 tempore
2820 536 2969 591 nulla
2991 554 3099 593 non
3126 539 3182 593 in
3219 555 3275 594 rc
3316 543 3458 597 bona

192 641 365 697 ἐστιν,
405 637 437 702 ἡ
484 634 548 684 ἐκ
577 629 820 689 δουλείας
853 628 932 689 είς
960 623 1272 694 ἐλευθερίαν
1302 623 1632 692 μετάγουσα.
1668 622 1776 673 Καὶ

191 728 301 796 γὰρ
332 728 361 778 6
401 724 529 787 λαὸς
565 722 624 786 ἐξ
670 719 948 787 Αἰγύπτου
1002 715 1140 786 μετὰ
1176 716 1411 784 σπουδῆς
1459 712 1775 783 προσετάγη

193 818 432 883 ἐξελθεῖν
482 816 575 868 καὶ
625 816 700 873 είς
752 810 852 879 τὴν
895 808 1107 877 ἀγαθὴν
1158 807 1264 875 γῆν
1307 805 1662 872 καταντῆσαι,
1712 806 1778 856 ἐκ

192 910 291 976 τῆς
344 906 628 972 σκοτεινῆς
658 901 902 962 δουλείας
933 901 1014 958 είς
1040 899 1102 951 τὸ
1147 898 1451 965 ἐλευθέριον
1480 897 1595 963 φῶς
1619 912 1632 925 ⁸
1683 895 1777 949 καὶ

192 1000 255 1052 τὸ
276 999 469 1065 Πάσχα
503 993 639 1063 μετά
675 990 913 1056 σπουδῆς
937 991 1330 1057 ἐπιτέτραπται
1350 986 1531 1047 αὐτοῖς
1558 987 1773 1053 φαγεῖν.

192 1088 306 1139 Καὶ
331 1088 362 1137 ὁ
401 1083 611 1143 Παῦλος
641 1079 946 1133 ἐπιστέλλει
989 1075 1261 1147 Τιμοθέῳ,
1293 1075 1500 1141 λέγων’
1543 1091 1561 1124 ι
1604 1071 1779 1125 Σπού-

194 1178 359 1229 δασον
410 1173 635 1225 σεαυτὸν
678 1171 901 1239 δόκιμον
950 1167 1300 1238 παραστῆσαι
1325 1164 1404 1234 τῷ
1442 1163 1582 1234 Θεῷ,
1614 1163 1778 1233 ἐργά-

193 1283 295 1334 την
322 1262 773 1330 ἀνεπαίσχυντον.
812 1277 830 1309 ι
860 1258 970 1312 Καὶ
1004 1257 1218 1323 ἐπάγει·
1251 1272 1269 1305 ι
1302 1254 1416 1315 Πᾶς
1443 1252 1551 1322 γὰρ
1578 1255 1606 1305 6
1634 1252 1778 1319 ἀγω-

192 1356 498 1425 νιζόμενος,
527 1354 703 1405 πάντα
735 1348 1151 1419 ἐγκρατεύεται.
1187 1365 1207 1398 ι
1245 1347 1354 1399 Καὶ
1382 1344 1559 1405 ἄλλος*
1588 1362 1607 1395 ι
1650 1342 1777 1395 Ἰεάν

195 1448 313 1517 ἴδῃς
350 1444 590 1507 συνετὸν,
624 1441 845 1510 ὅρθριζε
896 1440 1031 1510 πρὸς
1078 1437 1262 1491 αὐτόν.
1306 1438 1413 1489 Καὶ
1451 1438 1533 1497 τίς
1578 1434 1774 1501 corp/ag;

193 1538 351 1606 αὐτῷ
400 1532 874 1606 προσκολλήθητι·
935 1532 1115 1583 πᾶσαν
1164 1529 1417 1599 διήγησιν
1462 1526 1609 1579 θείαν
1656 1524 1776 1578 θέλε

193 1626 600 1698 ἀκροάσασθαι,
640 1625 737 1677 καὶ
784 1622 1076 1693 παροιμίαι
1110 1622 1379 1681 συνέσεως
1424 1618 1500 1688 μὴ
1542 1616 1778 1685 ἐκφυγέ-

191 1721 382 1772 τωσάν
414 1735 516 1772 σοι.
557 1737 575 1768 ι
607 1718 718 1770 Καὶ
752 1716 916 1770 πάλιν
942 1731 958 1747 ”
989 1734 1007 1767 ι
1049 1716 1139 1766 Ἕν
1166 1717 1284 1775 ταῖς
1306 1712 1544 1773 ἐντολαῖς
1571 1710 1776 1782 Κυρίου

196 1810 404 1882 μελέτα
453 1809 543 1862 διά
593 1808 813 1871 παντὸς,
858 1809 1096 1877 τήρησον
1128 1804 1227 1875 τὴν
1258 1805 1484 1874 καρδίαν
1528 1820 1644 1867 σου,
1685 1804 1779 1855 καὶ

198 1901 275 1971 μὴ
315 1900 536 1968 ἀστόχει
575 1898 894 1967 διηγήματα
935 1895 1233 1965 γερόντων,
1283 1896 1366 1948 ὅτι
1406 1895 1538 1964 παρ’
1595 1894 1776 1947 αὐτῶν

198 1990 425 2060 μαθήσῃ
473 1990 724 2041 σύνεσιν
761 1986 857 2039 καὶ
908 1985 1047 2056 μετά
1089 1985 1328 2038 συνετῶν
1367 1984 1508 2037 ἔστω
1551 1986 1580 2036 6
1606 1983 1781 2035 διαλοι-

193 2080 398 2149 γισμός
424 2095 521 2131 σου
547 2094 562 2107 ’
605 2078 697 2130 καὶ
727 2078 881 2129 πᾶσα
927 2076 1179 2146 διήγησις
1203 2093 1297 2129 σου
1342 2077 1402 2129 ἐν
1427 2076 1580 2145 νόμῳ
1622 2074 1779 2144 Ὑψί-

197 2188 356 2224 στου.
416 2170 647 2239 ’Ἄνδρες
698 2169 898 2222 δίκαιοι
953 2168 1169 2221 ἔσονται
1225 2167 1531 2221 σύνδειπνοι
1578 2185 1695 2222 σου.
1757 2185 1775 2220 ι

194 2260 386 2312 Ταῦτα
425 2260 523 2327 μὲν
554 2255 650 2311 οὖν
678 2259 847 2311 πᾶσιν
887 2257 1166 2327 ἀρμόδιαι.
1207 2258 1528 2328 Ἐξαιρέτως
1574 2258 1630 2311 δὲ
1672 2260 1782 2320 τοῖς

193 2346 355 2403 οὖσιν
393 2350 551 2411 ἐκτὸς
581 2349 692 2400 τῶν
724 2348 995 2417 βιωτικῶν
1028 2348 1366 2417 πραγμάτων
1385 2388 1400 2412 ,
1464 2349 1661 2411 οἵτινες
1690 2349 1783 2401 καὶ

195 2440 515 2506 ἐξελέξαντο
560 2437 1066 2510 παραρριπτεῖσθαι
1105 2439 1163 2490 ἐν
1191 2438 1268 2509 τῷ
1316 2438 1450 2509 οἴκῳ
1489 2438 1584 2492 τοῦ
1622 2437 1781 2504 θεοῦ,

200 2532 407 2599 μᾶλλον
448 2530 504 2582 δὲ
534 2529 629 2591 οὒς
667 2530 695 2581 6
732 2528 936 2596 Κύριος
984 2528 1164 2599 ἑαυτῷ
1212 2531 1614 2599 προσηγάγετο.
1658 2529 1785 2582 Ἐὰν

196 2618 293 2675 οὖν
335 2621 426 2674 διὰ
460 2620 562 2689 τῆς
596 2620 871 2691 ῥᾳθυμίας
918 2620 1306 2690 ἀμελήσωμεν,
1335 2620 1657 2673 ἀναλύονται
1692 2620 1785 2673 καὶ

195 2709 269 2761 τὰ
300 2707 495 2778 πρώην
525 2707 952 2778 συγχωρηθέντα
991 2710 1147 2777 ήμῖν.
1177 2710 1389 2780 Ὥσπερ
1429 2709 1539 2779 γὰρ
1566 2708 1627 2761 τὸ
1650 2725 1784 2778 χρυ-

201 2800 319 2852 σίον
366 2798 731 2869 πυρούμενον,
763 2798 859 2851 ἐὰν
909 2799 1181 2869 ἀμεληθῇ,
1212 2798 1480 2869 σκληρίαν
1535 2800 1779 2869 ἐμποιεῖ,

199 2890 380 2952 οὕτως
417 2891 514 2942 καὶ
553 2893 583 2943 6
613 2891 924 2954 σπουδαῖος,
978 2889 1075 2943 ἐὰν
1123 2891 1389 2959 ἀμελήσει
1437 2890 1568 2960 μίαν
1612 2890 1784 2959 ὤραν,

199 2980 509 3050 ψυχροῦται
540 2982 605 3033 ἐκ
640 2982 742 3050 τῆς
786 2980 1028 3050 χάριτος,
1057 2981 1150 3033 καὶ
1191 2979 1396 3042 εὐθέως
1448 2980 1785 3032 ἐπισπῶνται

200 3072 357 3142 αὐτῷ
404 3073 463 3124 ai
516 3074 667 3139 μυῖαι
698 3071 797 3141 τῆς
829 3072 1126 3142 ἁμαρτίας,
1174 3072 1270 3125 καὶ
1302 3072 1659 3141 ἀφανίζουσιν
1686 3071 1785 3142 τὴν

1880 626 2297 694 comprobatur.
2371 627 2477 681 Sed
2533 637 2588 681 et
2641 629 2989 682 Dominicum
3024 630 3158 684 illud
3214 633 3452 700 primum

1883 716 2095 784 1167
2132 716 2447 769 mandatum
2477 728 2582 782 est,
2618 719 2763 786 quod
2811 718 3127 787 populuma
3175 724 3461 776 servitutis

1873 808 2005 878 jugo
2040 809 2357 863 transcribit
2398 810 2452 862 in
2479 811 2788 863 libertatem
2843 826 2907 863 ac
2934 810 3195 864 vindicat.
3245 812 3457 866 Etenim

1878 900 2086 968 populo
2113 899 2190 951 illi
2226 900 2543 954 mandatum
2574 902 2695 965 fuit,
2725 917 2849 954 cmn
2903 902 3256 956 festinatione
3304 911 3363 955 ut
3401 918 3460 956 se

1877 1006 1943 1044 cx
1972 990 2206 1060 Aigypto
2240 992 2509 1060 reciperet
2529 993 2592 1054 ‘°,
2623 1000 2789 1060 utque
2820 992 2874 1044 in
2920 1001 3122 1046 terram
3179 993 3378 1045 bonam
3429 1007 3462 1043 e

1880 1086 2230 1139 tenebricosa
2256 1084 2544 1145 servitute,
2576 1099 2741 1137 cursu
2774 1086 2990 1137 concito
3040 1092 3358 1152 properaret
3392 1084 3460 1135 ad

1879 1172 2062 1226 lumen
2081 1172 2333 1243 genuina:
2353 1172 2652 1225 libertatis:
2679 1172 3138 1239 connnissumque
3163 1174 3237 1225 illi
3255 1172 3462 1226 Pascha

1881 1271 1942 1315 ut
1972 1262 2288 1316 comederet
2317 1278 2442 1316 eum
2472 1262 2847 1316 festinatione.
2876 1262 3076 1315 Paulus
3098 1263 3325 1330 proinde
3359 1277 3460 1329 per

1877 1351 2169 1421 epistolam
2226 1368 2327 1406 suo
2382 1352 2518 1405 dicit
2570 1351 2863 1405 Timotheo
2906 1368 2970 1403 τι
3002 1350 3245 1404 Sollicito
3303 1364 3459 1408 cura,

1883 1446 2122 1513 teipsum
2201 1443 2543 1512 probabilem
2604 1442 2870 1496 exhibere
2926 1442 3074 1504 Deo,
3144 1439 3462 1508 operarium

1882 1530 2426 1586 inconfusibilem".
2480 1550 2498 1581 ι
2550 1531 2619 1584 Et
2675 1530 2912 1584 inducit:
2958 1550 2976 1581 ι
3029 1528 3219 1583 Omnis
3255 1527 3347 1596 qui
3406 1527 3461 1581 in

1879 1638 2054 1693 agone
2124 1623 2437 1685 contendit,
2502 1621 2571 1676 ab
2624 1621 2883 1676 omnibus
2943 1636 3001 1674 se
3069 1621 3384 1674 abstinet".
3438 1638 3455 1669 ι

1879 1715 2067 1769 Alius:
2104 1733 2122 1765 ι
2154 1714 2210 1767 Si
2234 1714 2444 1767 videris
2471 1712 2650 1766 virum
2680 1722 2983 1771 sensatum.
3010 1725 3170 1764 mane
3207 1725 3369 1780 surge
3391 1709 3463 1762 ad

1881 1821 2010 1859 eum
2031 1805 2096 1857 ".
2133 1824 2151 1854 ι
2184 1805 2393 1872 Ecquis
2422 1804 2682 1872 sapiens?
2714 1804 3075 1856 adhaerescito
3106 1803 3159 1855 ei
3186 1820 3200 1865 ;
3243 1815 3464 1854 onmem

1884 1893 2294 1948 enarrationem
2324 1892 2464 1946 velis
2490 1891 2825 1953 auscultare,
2864 1899 2914 1943 et
2952 1888 3246 1958 proverbia
3300 1887 3465 1941 intel-

1884 1986 2126 2056 ligentiaa
2154 2001 2266 2039 non
2300 1994 2352 2040 te
2375 1984 2643 2053 effugiant
2663 1982 2731 2035 “.
2765 2001 2783 2034 ι
2817 1982 3047 2036 lterum:
3083 1998 3101 2030 ‹
3132 1981 3188 2033 In
3236 1979 3464 2033 manda-

1886 2076 1956 2130 tis
1987 2074 2206 2128 Domini
2247 2072 2516 2127 mcditare
2541 2071 2767 2141 iugiter.
2796 2070 3058 2122 conlirma
3087 2083 3185 2120 cor
3208 2074 3384 2130 tuum,
3408 2075 3465 2119 et

1882 2184 1951 2223 ne
1978 2169 2203 2221 dcerres
2232 2180 2262 2218 a
2294 2163 2612 2217 narratione
2663 2175 2856 2215 senum
2902 2161 3031 2228 quia
3061 2160 3130 2212 ab
3169 2158 3252 2213 eis
3283 2157 3465 2211 disces

1884 2254 2314 2325 intelligentiam
2339 2256 2412 2305 “‘.
2447 2252 2582 2306 Cum
2619 2252 2984 2320 prudentibus
3007 2250 3080 2303 sit
3133 2248 3467 2303 sermocina—

1887 2348 1966 2402 tio
1994 2356 2108 2409 tua,
2141 2356 2198 2399 et
2225 2345 2406 2399 omnis
2445 2344 2725 2397 enarratio
2780 2350 2871 2394 tua
2914 2342 2968 2394 in
3015 2342 3133 2405 lege
3156 2339 3461 2400 Altissimi;

1885 2438 1988 2491 viri
2014 2437 2144 2507 justi
2186 2446 2354 2490 erunt
2404 2434 2652 2489 conviva:
2686 2432 2852 2488 tui".
2889 2451 2906 2482 ι
2948 2431 3017 2485 Ει
3064 2431 3179 2483 hanc
3241 2429 3461 2497 quidem

1886 2529 2147 2584 omnibus
2204 2527 2454 2596 apposite
2519 2533 2867 2593 congrumtt,
2923 2521 3017 2577 sed
3084 2536 3181 2578 eos
3249 2522 3460 2594 alioqui

1885 2619 2246 2689 peculiariter
2271 2616 2595 2685 reSpiciunt,
2627 2615 2720 2682 qui
2753 2630 2810 2669 se
2838 2615 2908 2668 ab
2940 2616 3090 2669 omni
3122 2616 3468 2684 temporaria:

1888 2709 1969 2763 rei
2004 2708 2352 2761 cxtricarunt
2381 2704 2781 2767 sollicitudine,
2813 2706 2906 2773 qui
2937 2706 3223 2775 elegerunt
3265 2707 3465 2776 abiecti

1887 2816 2012 2854 esse
2044 2800 2098 2853 in
2129 2800 2296 2852 domo
2337 2798 2468 2852 Dei:
2507 2798 2619 2850 imo
2649 2813 2790 2866 quos
2835 2799 2888 2851 in
2921 2814 3087 2852 suum
3131 2800 3465 2853 famulitium

1890 2891 2091 2945 ascivit
2118 2890 2409 2953 Dominus,
2461 2905 2526 2944 ac
2571 2905 2801 2958 propms
2833 2891 3083 2959 adjunxit
3124 2891 3252 2945 sibi.
3300 2892 3467 2946 Plane

1891 2982 2095 3051 prioris
2122 2982 2247 3034 vita:
2269 2992 2492 3050 peccata
2524 2996 2646 3049 quze
2678 2980 3018 3049 benignitate
3041 2982 3258 3035 Domini
3288 2982 3470 3036 indul-

1890 3079 1942 3123 ta
1977 3078 2126 3133 sunt,
2158 3070 2419 3123 redibunt
2442 3069 2510 3121 de
2536 3069 2775 3138 integro,
2802 3069 3079 3139 siquidem
3105 3072 3305 3141 supino
3330 3086 3469 3140 quo-

200 3164 434 3216 εὐωδίαν
475 3162 576 3231 τῆς
608 3164 987 3231 πνευματικῆς
1012 3162 1180 3217 αὐτοῦ
1206 3165 1488 3233 ἐργασίας.
1525 3164 1585 3218 '0
1615 3164 1783 3220 θέλων

1890 3161 2015 3215 dam
2038 3159 2206 3214 animi
2264 3158 2651 3213 desidebimus
2689 3170 2941 3215 veterno.
2970 3160 3041 3216 Ut
3069 3161 3219 3214 enim
3269 3176 3466 3215 aurum

201 3248 298 3305 οὖν
330 3253 415 3305 τὸν
450 3252 642 3321 ἐχθρὸν
674 3252 877 3321 ἀσθενῆ
917 3254 1168 3323 ποιῆσαι,
1194 3254 1296 3324 τὴν
1324 3254 1601 3325 ἁμαρτίαν
1630 3272 1784 3326 περι-

203 3343 477 3407 κοπτέτω,
502 3344 596 3396 καὶ
624 3344 932 3413 γυμνωθεὶς
961 3344 1081 3396 τῶν
1110 3344 1346 3414 πτερῶν,
1378 3344 1455 3407 ὡς
1503 3346 1784 3414 στρουθίον

203 3433 558 3503 ἐμπαίζεται.
587 3435 651 3485 Oi
679 3432 789 3502 γὰρ
813 3434 1041 3503 πονηροὶ
1073 3433 1324 3502 δαίμονες
1346 3434 1603 3488 εἰώθασιν
1634 3436 1785 3505 παρά

203 3526 388 3578 πᾶσαν
416 3524 513 3593 τὴν
538 3521 684 3592 ζωὴν
712 3525 855 3576 κατά
883 3525 994 3576 τῶν
1025 3524 1330 3577 σπουδαίων
1364 3524 1637 3594 μοναχῶν,
1686 3525 1785 3579 καὶ

206 3614 439 3683 ήσύχιον
466 3612 738 3682 ἑλομένων
772 3612 906 3681 βίον,
954 3614 1156 3683 άκονᾷν
1185 3613 1253 3665 τά
1295 3613 1420 3683 ξίφη
1462 3615 1570 3665 τῶν
1602 3630 1788 3681 πειρα-

205 3702 385 3772 σμῶν,
419 3703 512 3754 καὶ
566 3702 940 3770 μανικώτερον
989 3702 1188 3771 μᾶλλον
1224 3704 1338 3763 τοῖς
1374 3701 1787 3773 εὐλαϐεστέροις

202 3809 264 3845 τε
311 3792 412 3845 καὶ
470 3791 910 3860 σπουδαιοτέροις
960 3792 1373 3862 ἐπιστρατεύειν
1416 3792 1535 3845 κατ’
1583 3793 1782 3859 αὐτῶν,

203 3881 475 3944 ὠθοῦντες
521 3881 776 3943 τούτους,
837 3880 1098 3952 πολέμοις
1146 3882 1477 3951 ἀφορήτοις,
1526 3883 1613 3935 ῐνα
1668 3900 1786 3946 πως

203 3972 509 4043 δυνηθῶσιν
542 3972 849 4037 ἀποστῆσαι
881 3972 981 4041 τῆς
1008 3972 1193 4041 εὐχῆς.
1227 3974 1347 4043 Χρὴ
1391 3971 1485 4027 οὖν
1513 3975 1574 4026 τὸ
1597 3975 1787 4029 ἄοκνον

205 4064 301 4118 καὶ
339 4063 544 4133 θερμὸν
572 4061 668 4115 τοῦ
699 4064 993 4116 σπουδαίου
1015 4063 1280 4128 ἐπιδεῖξαι
1310 4066 1390 4127 είς
1413 4066 1475 4118 τὸ
1500 4064 1660 4134 ἔργον
1687 4065 1786 4136 τῆς

205 4154 397 4224 εὐχῆς,
445 4153 535 4206 ἴνα
583 4154 632 4205 οἱ
680 4153 779 4222 μὲν
813 4154 1034 4222 ἄγγελοι
1085 4155 1502 4225 εὐφραινόμενοι
1545 4156 1788 4226 παραμέ-

204 4262 394 4307 νωσιν,
442 4244 493 4297 οί
535 4244 592 4297 δὲ
626 4244 883 4313 δαίμονες
930 4244 1313 4314 μαστιζόμενοι
1361 4246 1784 4316 δραπετεύωσιν.

206 4335 306 4386 Διά
335 4331 498 4385 τοῦτο
525 4329 619 4386 οὖν
646 4333 852 4400 ὀφείλει
881 4335 909 4386 6
942 4333 1247 4398 σπουδαῖος,
1288 4336 1518 4390 πάντοτε
1547 4337 1691 4401 ζέειν
1710 4340 1812 4411 τῷ,

205 4424 504 4493 πνεύματι.
559 4423 773 4492 Ὠσπερ
816 4424 926 4495 γὰρ
952 4427 980 4478 6
1029 4425 1371 4497 πυρούμενος
1411 4428 1626 4499 σίδηρος
1670 4430 1788 4493 ὅλος

1885 3252 2229 3320 exploratum
2256 3250 2366 3319 igni
2393 3260 2448 3302 et
2473 3260 2893 3318 perpurgatum,
2922 3250 2969 3304 si
3000 3252 3187 3305 minus
3213 3265 3467 3308 accurate

1887 3348 2180 3403 tractetur,
2200 3340 2598 3409 strigositatem
2642 3342 2923 3396 contrahit
2970 3350 3026 3396 et
3078 3345 3465 3412 asperitatem:

1886 3433 1960 3486 ita
2012 3440 2069 3485 et
2099 3430 2388 3485 studiosus
2448 3430 2698 3494 virtutis,
2731 3431 2775 3484 si
2837 3432 2923 3485 vel
2989 3449 3156 3487 unam
3213 3436 3464 3493 hornlam

1886 3522 2169 3577 desederit
2190 3521 2431 3583 otiosus,
2458 3536 2584 3573 mox
2613 3536 2641 3573 a
2684 3521 2902 3576 fervore
2935 3526 3123 3593 gratia!
3158 3526 3394 3593 refrixit,
3412 3539 3469 3583 et

1886 3610 1941 3665 in
1987 3611 2221 3680 vestigio
2251 3625 2310 3665 se
2352 3610 2431 3663 illi
2498 3610 2753 3666 inserunt
2800 3626 3001 3666 muscae
3059 3616 3292 3682 peccati,
3346 3632 3469 3686 qum

1887 3702 2214 3755 exinaniunt
2294 3701 2607 3769 spiritualis
2698 3702 2904 3771 opificii
3002 3707 3464 3763 suaveolentiam.

1886 3791 2150 3860 Quisquis
2174 3790 2345 3860 igitur
2363 3791 2516 3844 voles
2540 3791 2873 3846 imbecillem
2898 3794 3130 3850 reddere
3158 3796 3467 3860 inimicum,

1888 3882 2278 3935 circumcidito
2336 3892 2649 3950 peccatum,
2685 3890 2805 3936 esto
2837 3884 2942 3937 alis
2973 3886 3177 3949 nudus,
3224 3887 3470 3943 imitatus

1887 3968 2265 4037 passerculum
2315 3969 2404 4022 cui
2458 3986 2489 4023 a
2556 3970 2806 4040 puerulis
2850 3972 3125 4030 illuditur.
3186 3978 3472 4033 Daemones

1887 4061 2036 4115 enim
2093 4062 2246 4115 nullo
2298 4076 2409 4115 non
2440 4077 2644 4130 genere
2704 4068 3056 4122 veteratoria:
3111 4071 3471 4140 malignitatis

1888 4152 2159 4205 obarmati
2191 4161 2603 4207 consueverunt
2636 4169 2735 4223 per
2768 4171 2987 4211 omnem
3026 4161 3256 4216 omnino
3298 4163 3467 4217 vitam

1889 4244 2156 4298 adversus
2181 4245 2485 4299 monachos
2517 4246 2620 4314 pia:
2669 4247 2905 4302 actionis
2928 4250 3228 4315 studiosos,
3276 4263 3332 4308 et
3372 4270 3469 4308 eos

1889 4336 1985 4404 qui
2030 4336 2335 4404 requietam
2367 4340 2837 4410 tranquillamque
2873 4341 3206 4411 delegerunt
3244 4347 3465 4402 vivendi

1890 4425 2206 4489 formulam,
2222 4443 2451 4481 suarum
2472 4444 2745 4484 exacuere
2763 4432 2975 4501 gladios
2993 4436 3383 4490 tentationum.
3401 4439 3469 4493 Et

204 4517 269 4568 ἐκ
296 4515 401 4583 τῆς
453 4514 590 4577 ἰδίας
622 4513 836 4582 φύσεως
883 4518 965 4579 είς
999 4516 1099 4587 τὴν
1126 4517 1222 4570 τοῦ
1264 4519 1434 4589 πυρὸς
1466 4521 1783 4589 μεταϐάλλε-

1893 4532 2004 4587 quo
2025 4518 2262 4588 quisque
2287 4520 2473 4574 studet
2492 4536 2614 4575 esse
2646 4524 2853 4592 arrepti
2877 4526 3144 4594 propositi
3167 4528 3468 4582 observan-

203 4619 317 4667 ται,
344 4605 443 4655 καὶ
469 4603 683 4672 γίνεται
712 4604 832 4669 ὅλος
867 4605 944 4668 ὡς
973 4604 1083 4677 πῦρ
1106 4623 1121 4638 ·
1163 4608 1335 4671 οὕτως
1372 4611 1466 4662 καὶ
1493 4611 1522 4663 6
1549 4612 1629 4683 τῷ
1668 4613 1789 4687 Θεῷ

206 4693 612 4764 προσεδρεύων,
642 4694 850 4762 ὀφείλει
875 4696 1178 4767 ἀποῤῥίψαι
1207 4699 1275 4752 τὰ
1301 4699 1399 4754 τοῦ
1429 4699 1544 4770 βίου
1588 4702 1791 4774 μελαμ-

203 4783 468 4853 ψώματα,
501 4786 596 4837 καὶ
647 4784 912 4854 ἐνωθῆναι
958 4787 1039 4857 τῷ
1084 4787 1214 4857 θείῳ
1262 4792 1395 4861 πυρὶ
1437 4790 1467 4844 δ
1509 4792 1539 4843 6
1589 4791 1791 4863 Κύριος

201 4871 374 4944 ἦλθεν
417 4874 599 4945 βαλεῖν
628 4878 719 4929 ἐπὶ
761 4876 861 4947 τὴν
900 4877 1038 4947 τῆν’
1076 4879 1169 4931 καὶ⁵
1200 4882 1453 4947 γενέσθαι
1496 4882 1617 4946 ὅλος
1656 4882 1788 4953 πῦρ,

204 4966 297 5019 ἴνα
324 4965 419 5017 καὶ
447 4969 558 5029 τοῖς
590 4966 927 5029 ὑπεναντίοις
956 4967 1227 5030 ἀνάλωτος
1254 4968 1497 5038 γένηται.
1531 4972 1699 5041 Φησὶν
1732 4972 1789 5024 δὲ

202 5057 303 5111 καὶ
342 5058 373 5109 6
438 5056 800 5119 Ἀπόστολοςο
837 5078 851 5105 ι
910 5058 989 5128 Τῇ
1038 5060 1239 5131 σπουδῇ
1292 5061 1367 5133 μὴ
1417 5065 1660 5134 ὀκνηροὶ,
1711 5065 1791 5136 τῷ

201 5145 483 5214 πνεύματι
522 5144 754 5208 ζέοντες,
782 5146 862 5217 τῷ
890 5146 1081 5218 Κυρίῳ
1098 5147 1459 5214 δουλεύοντες.
1500 5170 1520 5203 ι
1553 5153 1673 5224 Χρὴ
1701 5150 1794 5207 οὖν

200 5238 298 5291 τὸν
325 5237 520 5291 ἑαυτὸν
547 5238 865 5291 ἀνατιθέντα
890 5241 968 5309 τῷ
1010 5240 1131 5311 Θεῷ
1177 5243 1317 5312 μετά
1363 5243 1607 5315 καθαροῦ
1655 5246 1793 5315 λογι-

204 5327 349 5397 σμοῦ
378 5327 475 5379 καὶ
507 5327 761 5396 πράξεων
795 5327 1040 5395 ἀγαθῶν,
1096 5331 1193 5384 σὺν
1234 5331 1313 5403 τῷ
1352 5332 1514 5386 Δαυῖδ
1541 5334 1786 5403 ψάλλειν,

201 5421 298 5472 κα*
334 5419 517 5487 λέγειν
538 5433 553 5449 ο
589 5437 607 5468 ι
643 5420 788 5473 Μίαν
815 5421 1106 5491 ᾐτησάμην
1132 5423 1285 5495 παρά
1324 5425 1554 5494 Κυρίου,
1584 5427 1790 5498 ταύτην

204 5510 453 5580 ζητήσω,
496 5510 591 5564 τοῦ
626 5512 904 5562 κατοικεῖν
950 5528 1017 5581 με
1050 5513 1108 5565 ἐν
1158 5514 1296 5585 οἴκῳ
1349 5516 1555 5587 Κυρίου
1610 5520 1791 5582 πάσας

199 5604 302 5663 τὶς
352 5601 561 5672 ἡμέρας
603 5601 699 5670 τῆς
753 5600 898 5673 ζωῆς
951 5620 1089 5673 μου·
1149 5605 1244 5658 τοῦ
1303 5606 1527 5678 θεωρεῖν
1577 5627 1646 5681 με
1693 5615 1791 5682 τὴν

278 5736 325 5767 ¹⁰
358 5734 529 5788 Exod.
561 5752 655 5797 xu,
698 5738 919 5806 passim.

201 5818 321 5870 Vill,
357 5806 407 5859 0.
489 5806 719 5859 "‘l‘lceli.
757 5823 826 5871 ιλ,
855 5810 943 5860 ει.

1024 5739 1064 5770 ¹¹
1099 5740 1141 5794 ll
1171 5741 1411 5799 Timoth.
1448 5761 1504 5810 ιι,
1532 5747 1616 5801 15.
1698 5750 1739 5780 ¹¹
1794 5751 1811 5802 l
1846 5751 1971 5806 Cor.
1999 5768 2070 5809 ix.
2106 5754 2195 5806 εκ.

1890 4610 2021 4673 tior,
2047 4626 2114 4665 eo
2142 4611 2313 4680 magis
2337 4611 2603 4667 adversus
2627 4614 2790 4668 talem
2816 4617 3007 4684 capias
3032 4633 3143 4671 suae
3166 4621 3467 4691 malignita-

1888 4703 1959 4755 tis
1981 4710 2212 4770 apparat
2242 4702 2473 4756 insantts
2498 4703 2733 4767 daemon,
2763 4715 2821 4760 et
2849 4718 3138 4776 promovet
3171 4714 3463 4782 perplexos

1890 4793 2091 4861 vixque
2148 4794 2466 4848 tolerabiles
2521 4795 2851 4861 conflictus,
2906 4810 2968 4853 ut
3031 4816 3255 4870 quoquo
3308 4814 3468 4874 pacto

1890 4884 2156 4938 divellere
2180 4885 2327 4938 hunc
2352 4887 2420 4939 ab
2444 4889 2699 4943 oratione
2738 4891 2931 4959 possit.
2970 4890 3121 4961 Opus
3148 4894 3314 4963 igitur
3346 4896 3469 4947 fne-

1893 4972 1985 5034 rit,
2013 4983 2073 5025 ut
2099 4976 2326 5031 virtutis
2354 4979 2641 5032 Studiosus
2670 4981 2737 5033 ad
2767 4997 2908 5050 opus
2940 4983 3121 5036 iturus
3178 4987 3465 5048 orationis.

1892 5081 2045 5120 suam
2072 5066 2416 5122 alacritatem
2442 5079 2684 5124 ostentet
2705 5082 3088 5141 expromptam
3119 5082 3175 5127 et
3192 5076 3472 5143 przefervi-

1891 5161 2040 5224 dam,
2078 5172 2138 5216 ut
2161 5165 2339 5233 angeli
2370 5176 2655 5234 perspecta
2684 5166 2786 5219 hae
2818 5167 3259 5236 promptitudine
3312 5170 3471 5223 exhi-

1891 5253 2190 5320 larcscant,
2246 5271 2309 5309 ac.
2372 5257 2605 5325 proinde
2661 5274 2786 5311 eum
2851 5259 2943 5311 tali
2997 5273 3390 5327 perseverent;
3442 5279 3471 5313 e

1898 5343 2141 5405 diverso,
2200 5345 2479 5399 dzemoncs
2530 5354 2683 5400 tanto
2736 5346 2957 5401 fervore
3010 5348 3263 5417 ﬂagellati
3307 5366 3365 5404 se
3420 5352 3472 5403 in

1897 5431 2082 5499 fugam
2125 5435 2434 5503 proripiant
2470 5434 2677 5504 refugo.
2725 5436 2898 5491 Debet
2938 5436 3103 5506 igitur
3132 5437 3219 5491 vel
3254 5438 3325 5491 ob
3369 5439 3473 5491 hoc

1899 5526 2081 5579 cultor
2116 5527 2337 5579 virtutis
2367 5526 2581 5581 fervere
2608 5543 2825 5597 semper
2850 5529 3067 5598 spiritu.
3101 5530 3473 5597 Quemadmo-

1900 5616 2031 5671 dum
2061 5618 2208 5672 enim
2239 5618 2445 5671 ferrum
2478 5620 2587 5689 igni
2642 5620 2886 5675 candens
2937 5630 3112 5676 totum
3168 5639 3198 5677 a
3249 5624 3471 5694 propria

2275 5754 2315 5784 ⁸³
2356 5755 2523 5809 Eccli.
2554 5758 2739 5812 v1.56.
2821 5760 2861 5790 ’⁸⁸
2889 5758 3024 5813 ibid.
3057 5758 3145 5815 '55.
3223 5761 3267 5793 ¹⁸
3302 5760 3471 5817 Eccli.
