4178 6436
750 402 886 464 i703

745 706 855 760 tur,
887 714 986 765 par
1013 706 1120 760 est,
1149 713 1176 750 a
1204 712 1260 749 se.
1293 705 1351 748 ut
1377 696 1501 748 γίιιιε
1535 696 1698 750 istius
1743 698 1848 748 situ
1906 698 2220 766 ferrugineo
2274 707 2328 749 ct

747 789 1102 841 tenebricoso
1162 786 1434 839 obductas
1483 801 1646 838 curas
1695 787 1959 850 excutiat,
2006 797 2062 839 ct
2109 789 2328 840 uniatur

750 879 884 947 igni,
918 896 1080 946 quem
1130 879 1401 932 Dominus
1431 880 1578 931 venit
1608 879 1828 931 mittere
1869 878 1922 932 in
1962 887 2183 938 terram,
2207 879 2328 930 fiat-

747 987 855 1038 que
912 979 1059 1022 totus
1110 971 1271 1036 ignis,
1334 987 1399 1023 ne
1453 987 1480 1022 a
1547 986 1824 1038 quoquatu
1877 971 2321 1022 adversariorum

749 1061 1000 1130 intercipi
1034 1062 1282 1130 possitct
1315 1062 1638 1130 expugnari.
1684 1062 1900 1130 1168
1944 1061 2033 1113 Ait
2088 1060 2216 1112 item
2267 1066 2326 1112 et

745 1154 1076 1221 Apostolus:
1138 1173 1154 1203 ι
1199 1155 1585 1207 Sollicitudiue
1618 1170 1725 1206 non
1786 1153 1944 1222 pigri,
1977 1139 2171 1218 spiritu
2211 1153 2321 1204 fer-

745 1254 955 1302 ventes.
985 1244 1216 1297 Domino
1244 1247 1552 1297 servientes
1577 1246 1640 1296 ’⁷.
1684 1263 1699 1294 ι
1734 1245 1837 1307 Qui
1880 1245 2046 1312 igitur
2077 1246 2319 1312 seipsum

744 1337 1088 1389 consecravit
1119 1338 1248 1396 Deo,
1306 1347 1644 1389 ttecessecst
1695 1345 1750 1388 Ill
1809 1352 1932 1389 cum
1987 1337 2322 1404 cogitatione

745 1439 972 1492 prorsus
1003 1427 1249 1487 sincera,
1282 1437 1335 1478 et
1362 1428 1705 1477 ornamentis
1740 1427 1972 1477 bonarm
2042 1429 2320 1478 actionum

2011 401 2371 462 ANTIOCHI
2411 399 2748 461 MONMZIII

745 525 941 570 n.t°.ura
970 516 1020 567 iu
1054 531 1171 567 eam
1209 532 1330 585 qum
1383 518 1562 570 nativa
1599 527 1683 570 est
1722 518 1830 586 igni
1884 517 2101 581 transit,
2147 520 2315 586 fitque

2438 517 2760 585 τερπνὸτητα
2822 515 3047 582 Κυριου.
3111 535 3128 563 ι
3169 514 3272 564 Καὶ
3327 515 3419 566 τὸ·

747 605 1145 674 propemodum
1173 606 1312 674 ignis
1339 624 1348 657 :
1381 604 1451 656 ita
1479 614 1533 656 ct
1558 607 1650 674 qui
1689 607 1797 658 Deo
1825 608 2054 675 propius
2079 607 2329 675 adjuugi-

3502 535 3517 562 ι
3559 514 3700 580 Ἐγὼ
3763 515 3824 567 δὲ
3885 517 4012 566 ὡσεὶ

2427 606 2580 658 ἐλαία
2615 607 2966 672 κατάκαρπος
2997 605 3053 656 ἐν
3089 606 3164 672 τῷ
3199 604 3332 672 οἴκῳ
3381 605 3473 656 τοῦ
3506 605 3659 657 Θεοῦ.
3705 628 3720 654 ι
3767 608 3880 658 Καὶ
3917 608 3972 657 τό
3996 623 4008 636 ο

2433 715 2449 746 ι
2494 697 2686 764 Κύριε,
2722 697 2984 764 ἠγάπησα
3033 696 3365 764 εὐπρέπειαν
3397 697 3544 746 οἴκου
3578 713 3692 755 σου,
3722 699 3818 746 καὶ
3851 698 4013 748 τόπον

2847 791 2868 803 λ

2428 791 2786 858 σκηνώματος
2843 791 3000 857 δόξης
3049 807 3162 840 σου.
3209 809 3228 840 ι
3276 791 3422 840 Καία
3458 789 3610 838 ι”υτι
3643 789 3909 854 ἀγαπητὰ
3950 791 4014 839 τὰ

2430 884 2769 950 σκηνιίιματα
2814 900 2930 947 σου,
2985 884 3178 951 Κύριε,
3231 883 3398 948 Κύριε
3440 882 3545 932 τῶν
3589 882 3899 950 δυνάμεωί.
3947 911 4015 922 -ο

2435 972 2757 1024 «Ὶ-Σπιποοεῖ
2806 973 2914 1040 γὰρ
2963 973 3058 1023 καὶ
3109 969 3350 1022 ἐκλείπει
3393 973 3425 1038 ὴ
3476 970 3619 1036 ψυχή
3663 985 3765 1035 μου
3805 971 3886 1028 εἰς
3921 971 4014 1029 τὰς

2433 1068 2602 1128 αὐλὰς
2650 1065 2743 1116 τοῦ
2796 1066 3022 1132 Κυρίου.
3077 1065 3356 1133 Μακάριος
3385 1064 3491 1130 γὰρ
3539 1064 3596 1114 ὃν
3643 1062 3877 1123 ἐξελέξω
3923 1063 4015 1112 καὶ

2430 1154 2766 1220 προσελὰὁου
2819 1155 3266 1221 κατασκηνώσει-ι
3323 1155 3378 1204 ὲν
3432 1155 3548 1214 ταῖς
3603 1151 3794 1211 afui;
3833 1167 3948 1201 σου.
3992 1168 4012 1200 ι

2432 1249 2538 1299 Καὶ
2571 1251 2602 1315 ἡ
2646 1246 2891 1314 μακαρία
2928 1247 3114 1314 Μαρία
3147 1249 3176 1313 ἡ
3220 1245 3312 1296 τοῦ
3348 1243 3597 1311 Λαζάρου
3640 1242 3847 1310 ὰδελεὴ
3884 1241 4014 1307 πρὸς

2430 1339 2554 1399 τοὺς
2603 1338 2764 1398 πόδας
2797 1337 3030 1402 ἐκάθητο
3059 1337 3150 1387 τοῦ
3195 1337 3483 1395 Aser/nm,
3522 1333 4016 1401 προσκαρτεροῦσι

2435 1430 2571 1498 μετὰ
2622 1431 2786 1480 πόθου
2849 1427 3067 1489 πολλοῦ,
3133 1430 3226 1479 καὶ
3273 1429 3443 1492 ἡδέως
3495 1425 3766 1476 ἀκούουσα
3827 1425 4012 1476 αὑτοῦ.

746 1519 1105 1584 conspicuus,
1165 1532 1270 1569 una
1339 1535 1464 1570 eum
1518 1519 1720 1570 Davide.
1776 1520 1968 1585 psallat
2032 1535 2095 1570 ae.
2143 1521 2320 1571 dicat:

2438 1523 2602 1582 Λῦττις
2630 1522 2682 1572 δὲ
2722 1524 2748 1572 ὁ
2776 1520 2980 1588 Κῦριος
3023 1520 3262 1570 διδάσκει
3300 1522 3467 1588 ἡμᾶς,
3518 1518 3691 1583 λέτιιιν
3719 1536 3729 1545 ·
3768 1537 3783 1563 ι
3843 1517 4016 1580 ’Λγω-

753 1629 771 1660 ι
802 1610 974 1664 Unam
1007 1610 1170 1676 petivi
1195 1630 1220 1660 ει
1251 1610 1502 1668 Domino,
1524 1610 1663 1660 hanc
1682 1609 1983 1676 requiram,
2019 1617 2078 1659 ιιι
2107 1609 2325 1661 inhabi-

749 1707 854 1750 tem
893 1699 944 1750 in
982 1697 1146 1749 domo
1173 1699 1384 1749 Domini
1415 1698 1674 1750 omnibus
1699 1699 1896 1750 diebus
1925 1698 2050 1750 vita:
2090 1714 2242 1759 me:e,
2271 1707 2329 1751 ttt

3688 1611 3709 1622 η

2436 1614 2644 1675 νίζεσίιε
2678 1613 2939 1663 εἰσελίιεῖν
2969 1612 3053 1662 διὰ
3085 1611 3183 1678 τῆς
3215 1612 3401 1676 στενῆς
3439 1611 3640 1676 iri-111;,
3685 1611 3764 1660 ὅτι
3809 1606 4018 1667 πολλοὶ,

2435 1701 2580 1768 λέγω
2619 1703 2768 1770 ὑμῖν,
2806 1704 3130 1770 ζητήσουσιν
3165 1700 3449 1758 εἰσελθεῖν,
3506 1703 3594 1750 καὶ
3625 1701 3725 1749 οὐκ
3766 1699 4020 1765 ἰσχύσω-

747 1790 958 1840 videam
1000 1789 1131 1856 qttid
1173 1789 1482 1856 jucundum
1515 1789 1584 1839 sit
1633 1789 1949 1840 Domino”.
1990 1807 2005 1836 ι
2058 1790 2119 1840 Iit
2164 1789 2330 1841 illud:

2439 1807 2542 1842 σιν.
2583 1809 2600 1841 ι
2643 1792 2798 1858 Λυτῷ
2828 1794 2859 1858 ἡ
2890 1792 3013 1854 δόξα
3053 1792 3130 1850 εἰς
3161 1791 3286 1848 τοὺς
3317 1789 3538 1848 αἰῶνας.
3589 1789 3782 1855 Ἀμήν.

754 1899 772 1929 ι
817 1881 928 1946 Ego
947 1890 1130 1932 autctn
1151 1882 1297 1933 sicut
1328 1881 1471 1931 oliva
1505 1879 1789 1932 fructifera
1827 1881 1880 1932 iu
1929 1880 2093 1931 domo
2136 1881 2228 1932 Dei
2253 1883 2316 1930 ”.
2353 1901 2368 1928 ι
2418 1882 2552 1934 Item
2593 1881 2758 1933 illud:
2797 1902 2812 1930 ι
2849 1882 3104 1941 Domine,
3144 1881 3307 1932 dilexi
3344 1879 3603 1931 decorem
3636 1879 3840 1929 domus
3891 1885 4019 1937 tum,

747 1974 874 2039 quia
909 1971 1108 2024 dilecta
1137 1973 1493 2024 tabernacula
1540 1982 1662 2034 tua,
1697 1972 2006 2024 Domine”.
2048 1991 2065 2021 ι
2099 2002 2164 2010 ——
2192 1991 2206 2020 ι
2239 1971 2594 2040 Concupisrit
2647 1973 2793 2024 enim
2849 1981 2903 2024 et
2945 1972 3131 2025 deficit
3197 1974 3375 2024 anima
3441 1987 3558 2023 mea
3611 1971 3661 2021 in
3722 1970 3868 2020 atria
3907 1977 4021 2026 tua.

751 2063 1060 2122 Domine“,
1100 2071 1159 2114 ut
1201 2060 1476 2112 inhabitet
1523 2059 1575 2112 in
1633 2060 1795 2111 atriis
1853 2061 1964 2111 tuis
1985 2061 2050 2110 ".
2095 2077 2111 2106 ι
2166 2059 2330 2110 Beata
2367 2076 2588 2127 quoque
2624 2061 2789 2112 Maria
2815 2059 3004 2112 Lazari
3040 2075 3219 2118 soror,
3285 2060 3349 2110 ad
3389 2059 3558 2126 pedes
3630 2057 3858 2109 sedebat
3923 2057 4023 2108 Do-

749 2154 882 2206 mini
913 2153 1087 2205 tnulto
1111 2167 1234 2204 cmn
1267 2150 1550 2203 desiderio
1576 2165 1961 2218 perseverans,
2017 2159 2072 2201 et
2127 2165 2396 2216 perquam
2438 2153 2687 2203 suaviter
2741 2154 2913 2220 ipsius
2977 2151 3280 2203 exaudiens
3317 2149 3590 2202 vocem”.
3631 2149 3736 2200 Sed
3792 2159 3846 2199 et
3906 2149 4023 2216 ipse

749 2245 1014 2302 Dominus
1042 2244 1204 2297 docet
1239 2257 1360 2302 nos,
1395 2241 1624 2294 dicens:
1673 2257 1691 2289 ι
1733 2240 2068 2293 Contendite
2120 2242 2326 2292 intrare
2368 2257 2466 2308 per
2493 2252 2780 2310 angustant
2811 2250 3050 2310 portam.
3080 2243 3209 2308 quia
3271 2241 3426 2293 nmlti
3457 2240 3603 2308 (dico
3658 2239 3840 2306 vobis)
3867 2256 4022 2308 qua:-

750 2343 873 2387 rent
904 2334 1136 2395 intrare,
1179 2344 1236 2386 et
1282 2348 1389 2383 non
1445 2332 1794 2399 poterunt“.
1829 2349 1846 2380 ι
1889 2331 1995 2399 Ipsi
2041 2330 2215 2398 gloria
2277 2329 2330 2382 in
2371 2332 2567 2384 saecula
2598 2333 2948 2385 saeculorum.
2982 2332 3175 2384 Amen.

1204 2466 1487 2519 IIO.\IIIJ-\
1528 2465 1836 2518 LXXXVIII

1332 2576 1406 2629 Dc
1448 2577 1759 2628 ministerio.

821 2692 926 2758 Qui
961 2691 1222 2744 minister
1259 2695 1366 2748 est,
1398 2689 1570 2740 multa
1597 2703 1723 2739 eum
1753 2685 2052 2739 sedulitate
2099 2685 2334 2740 admini-

749 2790 924 2837 strare
964 2781 1158 2842 debet,
1179 2796 1304 2832 eum
1337 2779 1632 2846 perspicue
1660 2778 1882 2830 noverit
1914 2792 2052 2844 opus
2073 2793 2192 2829 esse
2215 2778 2331 2831 Dei.

749 2873 907 2926 Nulla
942 2872 995 2924 iu
1044 2887 1101 2923 re
1129 2872 1198 2922 sit
1246 2871 1290 2922 is
1325 2869 1640 2920 etmctatior
1695 2876 1790 2918 aut
1845 2867 2030 2918 mimis
2075 2867 2329 2934 diligens,

752 2963 870 3018 sive
906 2962 978 3014 ob
1001 2962 1270 3029 ingestam
1305 2959 1542 3011 tristitia:
1579 2959 1803 3017 nubem,
1843 2957 2104 3023 autquod
2139 2973 2167 3008 a
2195 2974 2332 3024 quu-

755 3053 902 3120 piam
961 3051 1214 3103 irritatus
1241 3059 1344 3109 est,
1391 3065 1492 3100 nec
1524 3049 1882 3107 transmittat,
1944 3057 2038 3100 aut
2091 3049 2333 3115 segniter

751 3144 969 3211 expleat
1033 3140 1426 3200 ministerium,
1483 3139 1554 3190 ob
1603 3139 1754 3190 litem
1797 3139 1935 3190 forte.
1990 3156 2017 3191 ιι
2059 3139 2335 3190 nonnullis

752 3233 1074 3286 excitatam.
1103 3232 1459 3296 Quzeeunque
1490 3229 1638 3280 enim
1678 3228 1996 3280 monasticae
2030 3238 2156 3279 sunt
2184 3243 2336 3279 man-

754 3324 953 3385 sionis,
1009 3324 1120 3375 Deo
1151 3329 1573 3382 consecrantur,
1631 3329 1889 3385 tanquam
1928 3334 1990 3371 ea
2021 3335 2144 3386 qua:
2195 3318 2334 3370 ofl'c-

754 3425 957 3468 runtur
983 3412 1085 3464 illi.
1119 3413 1292 3475 Quam
1350 3425 1554 3477 magno
1594 3409 1648 3460 in
1705 3408 1956 3474 periculo
1989 3416 2242 3459 versetur
2291 3407 2335 3459 is

753 3507 848 3576 qui
868 3505 1163 3574 neglectim
1193 3502 1496 3562 ministrat,
1535 3514 1697 3552 nosse
1720 3498 1840 3550 vis?
1877 3497 2110 3550 Perinde
2138 3505 2241 3560 est,
2274 3512 2337 3549 ac

756 3598 800 3652 si
830 3598 1001 3651 Deum
1037 3596 1216 3663 ipsum
1258 3592 1621 3660 contemptim
1650 3599 2002 3657 aspernetur,
2029 3589 2336 3655 habeatque

756 3688 953 3742 nihili:
991 3706 1008 3737 ι
1038 3685 1292 3750 Quamliu
1319 3685 1465 3738 enim
1493 3682 1704 3735 fecistis
1735 3681 1830 3732 uni
1863 3697 1928 3733 ex
1959 3680 2044 3732 bis
2073 3679 2334 3740 minimis,

756 3778 892 3832 mihi
920 3777 1150 3838 fecistis,
1181 3785 1258 3837 et,
1294 3773 1540 3842 quandiu
1571 3789 1677 3825 non
1714 3772 1945 3830 fecistis,
1984 3786 2162 3838 neque
2203 3770 2334 3822 mihi

757 3869 1051 3924 fecistis".
1090 3890 1108 3918 ι
1154 3867 1281 3921 Sive
1337 3866 1502 3934 igitur
1549 3865 1674 3932 quis
1717 3864 2066 3916 administrat
2121 3863 2333 3922 sedulo,

759 3959 874 4012 sive
897 3957 1194 4026 'negleetim
1227 3955 1458 4008 inservit
1501 3953 1787 4014 fratribus,
1830 3954 1883 4004 in
1934 3953 2104 4005 Deum
2156 3952 2335 4020 ipsum

759 4047 909 4102 illius
941 4045 1178 4099 recurrit
1207 4059 1271 4096 ac
1295 4044 1537 4096 refertur
1579 4042 1971 4096 ministerium.
1995 4043 2126 4096 Jure
2171 4042 2338 4109 igitur

756 4140 828 4193 de
883 4139 1004 4192 istis
1059 4137 1484 4190 cunetatoribns
1544 4144 1599 4188 et
1661 4134 1802 4186 male
1857 4134 2068 4186 sedulis
2121 4133 2338 4186 dicebat

757 4227 1027 4282 Jeremias

760 4319 1104 4387 negligenter
1123 4317 1192 4367 '°.
1235 4336 1251 4365 ι
1300 4315 1451 4367 Talis
1475 4322 1830 4380 contemptor
1875 4327 2138 4381 arrogans
2174 4321 2336 4365 estet

760 4409 1058 4479 superbus.
1081 4407 1191 4460 Nos
1221 4407 1390 4474 igitur
1418 4405 1512 4471 qui
1540 4404 1608 4456 ab
1640 4403 1908 4472 ejusmodi
1951 4402 2335 4456 maledictione

761 4500 962 4554 seclusi
987 4513 1201 4560 sumus,
1233 4504 1425 4563 utpote
1472 4494 1568 4546 lilii
1604 4493 2030 4556 benedictionis,
2080 4503 2334 4561 tanquam

763 4593 1000 4644 ministri
1044 4589 1277 4649 Christi,
1320 4587 1470 4639 (ιιιιιιί
1528 4601 1653 4638 cum
1688 4585 1978 4638 sedulitate
2026 4601 2088 4636 ac
2127 4585 2334 4645 studio,

763 4681 1086 4736 monasterii
1145 4680 1305 4731 nobis
1370 4678 1742 4731 concreditam
1794 4676 2132 4729 functioncut
2179 4677 2334 4742 plena

765 4774 871 4826 fide
896 4784 1290 4838 exsequamur,
1319 4778 1576 4834 tanquam
1610 4765 1882 4818 benedicti
1906 4765 2161 4832 discipuli
2190 4766 2338 4818 illius

762 4864 855 4931 qui
891 4863 1068 4914 dixit:
1104 4878 1122 4909 ι
1165 4858 1268 4914 Ubi
1299 4873 1419 4912 sum
1450 4873 1572 4926 ego,
1625 4856 1733 4908 illic
1765 4864 1818 4908 et
1875 4857 2125 4908 minister
2182 4871 2337 4909 meus

761 4952 949 5005 erit".
994 4969 1011 5000 ι
1043 4949 1186 5014 Quid
1217 4948 1440 5016 insuper
1480 4947 1776 5015 Apostolus
1813 4945 1979 5007 dicat,
2015 4946 2334 4998 audiamus:

768 5061 788 5093 ι
818 5043 958 5095 Ecce
990 5055 1138 5093 nunc
1186 5049 1403 5107 tempus
1455 5039 1814 5106 aeeeptabile,
1844 5053 1971 5090 ecce
2031 5054 2177 5091 nunc
2218 5039 2337 5091 dies

761 5130 992 5185 salutis:
1027 5128 1234 5184 nemini
1267 5128 1466 5182 dantes
1519 5130 1682 5180 ullam
1715 5127 2096 5188 olIcnsionem,
2132 5137 2192 5179 ut
2228 5142 2335 5180 non

763 5221 1112 5288 vituperetur
1141 5217 1515 5271 ministerium
1545 5224 1814 5276 nostrum,
1855 5214 1948 5267 sed
1981 5216 2033 5266 in
2081 5216 2338 5268 omnibus

762 5310 1214 5366 commendantes
1247 5308 1618 5375 nosmetipsos
1646 5308 1789 5361 sicut
1818 5306 1911 5359 Dei
1945 5307 2248 5368 ministros,
2281 5308 2335 5359 in

765 5404 936 5455 multa
969 5401 1262 5470 patientia,
1296 5401 1351 5452 in
1384 5398 1857 5460 tribulationibus,
1895 5399 1948 5451 iu
1996 5399 2338 5452 necessitati-

764 5494 889 5557 bus,
925 5493 980 5546 in
1009 5490 1298 5562 angustiis,
1330 5491 1384 5544 in
1414 5488 1718 5552 laboribus,
1772 5492 1826 5542 in
1862 5490 2084 5559 vigiliis,
2122 5490 2176 5542 in
2212 5490 2335 5543 Iou-

837 5650 1059 5702 "IIom.
1093 5665 1182 5708 xu,
1225 5649 1304 5702 II.
1421 5648 1462 5679 "
1506 5648 1644 5701 Psal.
1699 5663 1840 5709 xxvi,
1877 5645 1926 5697 4.

767 5735 902 5772 txtv.
935 5720 984 5771 fi.
1041 5719 1085 5751 ³³
1108 5719 1240 5772 Luc.
1267 5718 1422 5778 τῶς).

764 5803 855 5843 xu.
879 5788 967 5842 ‘26.

2036 5645 2075 5674 "
2105 5644 2244 5696 Psal.
2280 5659 2349 5708 LI,
2407 5645 2486 5698 I0.

1502 5720 1540 5748 “
1577 5718 1764 5770 Matth.
1786 5732 1878 5778 vn,
1909 5715 2004 5777 l5;
2042 5714 2170 5766 Luc.
2201 5729 2310 5778 xm,
2345 5712 2433 5768 Ἡ.

3019 2467 3236 2518 ΛΟΓΟΣ
3288 2468 3417 2520 IIII'.

2967 2579 3104 2646 Περὶ
3152 2579 3482 2642 διακονίας.

2519 2692 2576 2742 '0
2609 2691 2956 2760 διακονιστὴς
3007 2694 3274 2760 χρεωστεῖ
3319 2691 3596 2758 ἐπιμελῶς
3631 2692 3925 2744 διακονεῖν.
3953 2696 4024 2744 εἰ-

2433 2780 2537 2841 δὼς
2567 2781 2646 2832 ὅτι
2677 2779 2811 2830 Θεοῦ
2859 2781 3018 2848 ἔργον
3067 2780 3211 2830 ἐστίν
3236 2796 3248 2808 °
3289 2781 3383 2830 καὶ
3422 2782 3494 2846 μὴ
3527 2780 3748 2847 ἀμελεῖν
3791 2782 3848 2832 ἕν
3897 2800 4021 2841 τινι,

2438 2873 2469 2939 ἣ
2503 2871 2590 2922 διὰ
2621 2870 2810 2936 λύπην.
2862 2871 2892 2932 ἢ
2941 2869 3313 2938 παροξυσμὸν.
3349 2870 3379 2937 ἦ
3424 2871 3511 2922 διὰ
3562 2872 3678 2937 ἔριν
3707 2872 3834 2922 τινὰ
3870 2873 4024 2922 ἀδελ-

2441 2962 2576 3026 (ἑδιῖιν,
2630 2963 3047 3028 παραπέμτειν,
3095 2962 3186 3012 κπί
3232 2961 3513 3030 ῥᾳθυμεῖν·
3567 2964 3749 3014 "in:
3796 2965 3910 3031 γὰρ
3959 2964 4024 3015 τὰ

2438 3052 2533 3116 τῆς
2568 3053 2734 3119 μονῆς
2760 3050 2834 3118 τῷ
2865 3055 2983 3118 (νεῲ
3014 3051 3397 3118 καθιέρωνται,
3430 3053 3504 3111 ὡς
3538 3053 3684 3119 αὑτῷ
3716 3055 4026 3121 προσφερὸ-

2443 3157 2597 3208 μενα,
2631 3140 2724 3190 καὶ
2785 3140 3005 3207 μεγάλῳ
3054 3140 3365 3191 ὑπόκεινται
3401 3140 3647 3207 κινδύνῳ.
3711 3143 3770 3191 '(t
3803 3143 4026 3208 ἀμελῶς

2438 3231 2740 3290 διακονῶν,
2788 3230 2863 3290 ὡς
2911 3229 3046 3282 Θεοῦ
3098 3230 3475 3297 καταφρονῶν.
3529 3249 3546 3280 ι
3575 3231 3688 3300 Ἐφ’
3732 3233 3866 3284 ὅσον
3919 3233 4026 3300 γὰρ

2440 3322 2730 3389 ἐποιήσατε
2768 3321 2847 3372 ἑνὶ
2895 3321 3102 3372 τούτων
3131 3321 3238 3372 τῶν
3270 3321 3512 3387 ἀδελφῶν
3556 3339 3658 3391 μου
3687 3323 3797 3374 τῶν
3847 3325 4028 3392 ἐλαχί-

2443 3429 2601 3472 στων,
2654 3413 2777 3480 ἐμοὶ
2808 3413 3125 3480 ἐποιήσατε,
3173 3413 3266 3464 καὶ
3317 3415 3401 3478 ἐφ’
3429 3414 3551 3465 ὅσον
3580 3415 3680 3465 οὖιε
3726 3417 4024 3483 ἐποιήσατε

2441 3503 2522 3553 ἑνὶ
2568 3503 2795 3562 τούτων,
2835 3502 2956 3554 οὐδὲ
2987 3503 3111 3568 ἐμοὶ
3147 3504 3462 3570 ἐποιήσατε.
3498 3522 3516 3553 ι
3553 3505 3674 3555 Εἴτε
3705 3500 3804 3557 οὖν
3830 3507 4026 3573 ὲπιμεο

2442 3594 2547 3655 λῶς
2575 3611 2658 3654 τις
2688 3593 2944 3653 διακονεῖ,
2975 3596 3050 3654 εἰς
3082 3593 3172 3645 τὸν
3211 3593 3344 3646 Θεὸν
3373 3595 3661 3664 ἀνατρέχει
3711 3598 3744 3664 ἡ
3778 3597 4027 3650 διακονία

2445 3683 2630 3734 αὐτοῦ.
2667 3683 2904 3743 Εἰκότως
2932 3682 3023 3734 οῦν
3050 3683 3233 3750 ἔλεγεν
3276 3683 3546 3752 Ἱερεμίας
3575 3687 3701 3754 περὶ
3748 3688 3864 3737 τῶν
3889 3689 4028 3754 ἀμεο

2441 3775 2676 3826 λούντων
2701 3791 2713 3803 ο
2754 3793 2771 3823 ι
2797 3775 3231 3842 Ἐπικατάρατος
3283 3775 3606 3844 ἄνθρωπος,
3671 3779 3699 3828 ὁ
3747 3779 3930 3830 ποιῶν
3973 3781 4028 3831 τὸ

2442 3867 2603 3933 ἔργον
2648 3864 2852 3932 Κυρίου
2895 3863 3134 3932 ἀμελῶς.
3197 3863 3253 3915 Ὀ
3295 3865 3350 3915 δὲ
3393 3866 3814 3934 καταφρονητὴς
3863 3868 4024 3934 ἀνὴρ,

2443 3954 2657 4017 ἀλαζὼν
2697 3956 2789 4006 καὶ
2821 3955 3192 4022 ὑπερήφανος.
3233 3954 3428 4021 Ἡμεῖς
3453 3951 3546 4006 οὖν
3568 3956 3724 4016 ἐκτὸς
3755 3957 3863 4022 τῆς
3893 3959 4028 4026 ἀρᾶς

2442 4045 2614 4106 ὄντες,
2659 4045 2756 4112 τῆς
2796 4043 2853 4095 δὲ
2906 4043 3154 4110 εὐλογίας
3204 4045 3354 4105 ἐντὸς
3393 4045 3467 4105 ὼς
3501 4045 3740 4098 διάκονοι
3783 4047 4025 4114 Χριστοῦ

2443 4137 2500 4187 ἐν
2546 4135 2692 4205 πάσῃ
2720 4134 3007 4203 ἐπιμελείᾳ
3041 4136 3134 4186 καὶ
3183 4135 3386 4204 σπουδῇ
3423 4137 3519 4202 τὴν
3557 4136 3840 4190 διακονίαν
3867 4140 4028 4207 ἡμῶν

1067 4242 1083 4283 ;
1124 4245 1140 4276 ι
1182 4224 1506 4277 Maledictus
1562 4222 1728 4274 homo
1765 4221 1859 4288 qui
1893 4221 2022 4274 facit
2068 4237 2205 4290 opus
2240 4221 2332 4274 Dei

2444 4225 2972 4294 πληροφορήσωμεν,
3019 4225 3101 4276 ἵνα
3129 4224 3380 4291 εὐλογίαν
3401 4225 3930 4296 κληρονομήσωμεν,
3955 4230 4026 4290 ὡς

2444 4316 2682 4385 μαθηταὶ
2729 4315 2823 4366 τοῦ
2871 4315 3237 4383 εὐλογημένοι)
3287 4315 3380 4367 τοῦ
3433 4317 3750 4385 είρηκότος-
3793 4336 3811 4366 ι
3853 4321 4024 4370 Ὅπου

2440 4407 2556 4473 εἰμὶ
2596 4405 2724 4472 ἐγὼ,
2760 4407 2853 4458 καὶ
2881 4409 2909 4458 ὁ
2938 4408 3187 4469 διάκονος
3212 4409 3239 4459 ὁ
3263 4407 3394 4476 ἐμὸς
3423 4407 3597 4460 ἔσται.
3627 4426 3645 4458 ι
3669 4410 4024 4477 Ἀκούσωμεν

2439 4495 2490 4546 τί
2521 4494 2614 4546 καὶ
2641 4496 2668 4546 ὁ
2697 4495 2907 4556 Παῦλος
2955 4494 3103 4561 λέγει
3125 4511 3138 4526 ·
3175 4514 3192 4545 ι
3217 4497 3346 4548 Ἰδοὺ
3380 4495 3474 4547 νῦν
3501 4496 3692 4564 καιρὸς
3723 4498 4024 4565 εὐπρόσδε-

2439 4601 2588 4647 κτος,
2624 4586 2731 4638 ἰδοὺ
2761 4586 2856 4638 νῦν
2887 4586 3069 4654 ἡμέρα
3091 4587 3368 4654 σωτηρίας
3391 4603 3404 4616 ·
3435 4588 3708 4656 μηδεμίαν
3740 4590 3803 4640 ὲν
3837 4589 4026 4658 μηδενὶ

2438 4675 2670 4739 διδόντες
2723 4677 3061 4747 προσκοπήν,
3100 4678 3185 4730 ἵνα
3235 4679 3311 4746 μὴ
3361 4678 3595 4748 μωμηθῇ
3634 4678 3798 4748 ἡμῶν
3843 4682 3878 4749 ἡ
3909 4681 4022 4732 δια-

2440 4768 2593 4820 κονία
2612 4785 2626 4798 ’
2660 4768 2775 4820 ἁλλ²
2807 4771 2865 4820 ἐν
2892 4769 3055 4821 παντὶ
3083 4771 3442 4831 συνιστῶντες
3479 4770 3729 4834 ἑαυτοὺς,
3778 4770 3859 4833 ὡς
3889 4771 4022 4823 Θεοῦ

2438 4859 2675 4911 διάκονοι
2698 4859 2754 4911 ὲν
2781 4859 3024 4927 ὑπομονῇ
3052 4857 3242 4926 πολλῇ,
3269 4859 3327 4911 ὲν
3352 4858 3616 4925 θλίψεσιν,
3643 4860 3701 4910 ἐν
3729 4860 4020 4926 ἀνάγκαις,

2440 4949 2498 4998 ἐν
2530 4949 2932 5017 στενοχωρίαις,
2976 4948 3033 5000 ὲν
3072 4949 3282 5010 κόποις,
3318 4948 3376 5000 ἐν
3421 4947 3780 5016 ἀγρυπνίαις,
3823 4950 3884 5000 ὲν
3920 4967 4020 5017 μα-

2442 5037 2812 5107 μακροουμίᾳ,
2856 5039 2913 5089 ὲν
2952 5039 3141 5109 ἀγάπῃ
3174 5039 3543 5106 ἀνυποκρίτῳ,
3590 5039 3648 5089 ὲν
3695 5038 3846 5108 λόγῳ
3889 5041 4020 5108 ἀλη-

2439 5129 2640 5189 Θείας.»
2670 5129 2779 5180 Καὶ
2814 5129 2975 5183 πάλιν
3004 5145 3019 5160 ο
3058 5149 3077 5181 ‹
3127 5130 3212 5192 Ὠς
3234 5128 3408 5181 δοῦλοι
3437 5130 3696 5199 Χριστοῦ,
3715 5132 3780 5182 τὸ
3805 5132 4019 5201 θέλημα

2439 5216 2602 5268 αὑτοῦ
2633 5216 2914 5280 ποιοῦντες
2942 5221 3004 5271 ὲκ
3041 5219 3241 5288 ψυχῆς,
3265 5220 3382 5286 μετ’
3407 5219 3622 5282 εὐνοίας
3650 5220 4018 5283 δουλεύοντες,

2439 5307 2514 5368 ὡς
2558 5307 2636 5376 τῷ
2680 5309 2889 5377 Κυρίῳ,
2935 5311 3028 5361 καὶ
3075 5310 3174 5361 οὐκ
3212 5308 3542 5378 ἀνθρώποις.
3601 5331 3620 5361 ι
3660 5312 3772 5363 Καὶ
3815 5313 3978 5365 πᾶλιν
4005 5329 4018 5340 ⁸

2446 5417 2463 5447 ι
2525 5397 2792 5466 Ἀδελφοί,
2839 5400 3042 5467 ἑδραῖοι
3088 5401 3325 5466 γίνεσθε,
3375 5401 3788 5470 ἀμετακίνητοι,
3835 5421 4024 5471 περισ-

2441 5487 2687 5551 σεύοντες
2723 5492 2780 5543 ὲν
2820 5491 2896 5560 τῷ
2926 5491 3074 5562 ἔργῳ
3118 5491 3212 5543 τοῦ
3259 5492 3462 5560 Κυρίου
3511 5494 3777 5547 πάντοτεο
3821 5495 4023 5556 εἰδότες

2599 5646 2643 5675 ’⁸
2670 5645 2809 5699 Psal.
2841 5663 2963 5704 xxv.
2996 5646 3048 5699 8.

2512 5716 2555 5747 ”
2575 5714 2764 5769 Matth.
2794 5733 2913 5778 xxv,
2944 5717 3032 5770 40.

3802 5653 3846 5680 ἐ
3879 5650 4018 5703 ΓδῦΙ.

3795 5723 3839 5750 ’⁷
3864 5723 4020 5774 .‘oan.

3155 5650 3193 5687 ²¹
3232 5645 3374 5701 PsaI.
3409 5662 3629 5709 uxxm,
3667 5649 3718 5700 3.

3110 5718 3153 5748 ²⁶
3173 5718 3377 5771 .lcretu.
3407 5735 3594 5782 vaut,
3629 5720 3710 5772 lt).
