4178 6436
208 409 348 471 1705

1226 416 1550 474 ΙΙΟΜΙῌΛ
1600 416 1883 474 LXXXIX
1940 442 2004 452 --
2036 418 2127 474 DE
2176 418 2452 475 INOPM.

3321 420 3455 484 1706

199 524 282 573 ὅτι
318 526 348 573 ό
375 523 542 583 κόπος
574 522 728 591 ὑμῶν
761 524 860 575 οὐκ
893 524 1039 575 ἔστιν
1068 526 1221 585 κενὸς
1265 529 1321 576 ἐν
1360 530 1567 596 Κυρίῳ.
1616 546 1634 577 ι
1674 530 1781 580 Καὶ

1884 529 2223 596 gauimitatc,
2247 529 2303 582 in
2333 530 2605 582 eharitate
2637 543 2747 582 non
2783 530 2928 591 hcta,
2961 530 3015 582 in
3049 528 3218 583 verbo
3252 532 3455 583 verita-

199 614 343 680 προς
390 613 671 680 Τιμόθεον,
728 613 939 680 λέγων·
981 633 1000 666 ι
1058 615 1214 683 Νῆφε
1262 617 1319 667 ἐν
1372 619 1554 677 πᾶσιν.
1618 616 1778 687 ἔργον

199 704 431 770 ποίησον
462 704 873 769 εὐαγγελιστοῦ,
914 706 1013 774 τὴν
1043 705 1319 759 διακονίαν
1359 722 1453 759 σου
1505 707 1777 777 πληροφό-

201 812 394 864 ρησον.
444 814 463 845 ι
510 795 679 863 Φησὶν
715 795 772 847 δὲ
812 797 905 847 καὶ
936 796 1065 864 περὶ
1099 797 1331 848 ἑαυτοῦ·
1369 817 1387 848 ι
1423 798 1557 849 Νυνὶ
1586 797 1641 848 δὲ
1679 813 1777 847 πο-

202 887 437 955 ρεύομαι
479 886 559 948 είς
590 885 940 954 Ἰερουσαλὴμ
971 885 1231 938 διακονῶν
1259 888 1369 943 τοῖς
1393 887 1562 953 ἁγίοι;
1583 904 1597 916 ·
1647 886 1779 937 ἀλλά

203 977 644 1042 συναγωνίσασθέ
683 994 773 1045 μοι
813 978 871 1027 ὲν
912 980 1033 1039 ταῖς
1072 979 1418 1045 προσευχαῖς,
1464 977 1551 1028 ἵνα
1591 978 1624 1045 ή
1669 975 1781 1027 δια-

201 1068 361 1119 κονία
401 1084 502 1133 μου
545 1066 939 1134 εὐπρόσδεκτος
967 1068 1190 1134 γένηται
1228 1068 1339 1127 τοῖς
1367 1067 1561 1131 ἁγίοις.
1613 1086 1632 1117 ι
1667 1067 1781 1117 Κα-

200 1157 564 1222 τανοήσωιιεν
614 1152 731 1215 οὖν,
770 1156 1010 1222 ἀδελφοὶ,
1051 1157 1205 1208 αὐτοὶ
1245 1157 1297 1207 οἱ
1350 1156 1634 1208 ἀπόστολοι
1681 1156 1780 1218 τῆς

217 1246 565 1311 Ἐκκλησίας,
599 1244 738 1312 μετὰ
763 1246 918 1298 ποίου
950 1247 1158 1312 ἀγῶνος
1183 1247 1276 1297 καὶ
1306 1246 1469 1298 πόθου
1500 1246 1780 1316 διηκόνουν

202 1337 318 1395 τοῖς
351 1337 410 1387 ἐν
448 1334 840 1403 Ἰεροσολύμοις
871 1338 1128 1402 πτωχοῖς.
1165 1336 1331 1405 Φησὶν
1366 1336 1422 1388 δὲ
1457 1337 1548 1387 καὶ
1575 1335 1776 1397 ἄλλοις,

209 1442 229 1473 ι
286 1424 364 1475 Οὐ
424 1425 531 1493 γὰρ
580 1424 762 1486 ἄδικος
812 1426 840 1475 ὁ
891 1424 1022 1485 θεὸς
1077 1426 1427 1479 ἐπιλαθέσθαι
1475 1426 1572 1478 τοῦ
1615 1425 1779 1493 ἔργου

204 1516 387 1583 ὑμῶν,
430 1517 522 1568 καὶ
553 1518 651 1582 τῆς
683 1517 905 1584 ἀγάπης
944 1513 1013 1587 ἦς
1051 1518 1383 1581 ἐνεδείξασθε
1419 1520 1499 1581 εἰς
1522 1518 1583 1570 τὸ
1609 1518 1782 1586 ὄνομα

205 1608 402 1671 αὑτοῦ,
424 1608 842 1676 διακονήσαντες
867 1612 978 1671 τοῖς
999 1609 1195 1676 ἁγίοις,
1218 1610 1311 1663 καὶ
1331 1608 1729 1671 διακονοῦντες.
1756 1627 1775 1661 ι

204 1699 371 1763 Λέγει
412 1698 469 1750 δὲ
515 1699 610 1750 καὶ
655 1700 684 1751 ὁ
728 1700 949 1768 Πέτρος·
980 1719 997 1749 ι
1035 1700 1304 1761 Ἕκαστος
1351 1699 1534 1763 καθὼς
1591 1698 1781 1751 ἔλαόεν

204 1790 477 1857 χάρισμα,
508 1791 587 1851 εἰς
618 1791 843 1852 ἑαυτοὺς
902 1790 1035 1841 αὐτὸ
1061 1788 1453 1851 διακονοῦντες.
1493 1808 1512 1841 ι
1546 1791 1654 1841 Καὶ
1684 1792 1780 1841 ὲπ-

204 1882 333 1945 ἀγει
359 1896 370 1906 ’
403 1898 421 1929 ι
457 1882 521 1933 Εἴ
541 1898 621 1943 τις
648 1881 820 1942 λαλεῖ,
848 1881 922 1940 ὠς
960 1881 1115 1949 λόγια
1147 1881 1304 1944 Θεοῦ,
1341 1880 1393 1932 εἴ
1417 1899 1499 1943 τις
1523 1881 1778 1942 διακονεῖ,
1816 1909 1856 1963 Β

201 1968 281 2030 ὡς
309 1970 369 2034 ὲξ
402 1969 605 2038 ἰσχύος,
644 1965 708 2038 ἧς
738 1973 961 2037 χορηγεῖ
988 1971 1016 2022 δ
1043 1970 1196 2032 Θεὸς,
1227 1971 1313 2022 ἵνα
1351 1971 1408 2021 ἐν
1442 1972 1604 2021 πᾶσιν
1631 1969 1782 2031 δοξά-

204 2059 372 2125 ζηται
400 2061 429 2112 ὁ
449 2060 602 2122 Θεὸς,
628 2060 715 2113 διὰ
739 2060 833 2112 τοῦ
860 2061 1061 2129 Κυρίου
1084 2061 1240 2129 ήμῶν
1276 2059 1448 2129 Ἰησοῦ
1473 2059 1727 2128 Χριστοῦ.
1754 2077 1774 2109 ι

222 2152 280 2202 '0
317 2151 373 2202 δὲ
408 2152 641 2220 Κύριος·
680 2171 697 2204 ι
722 2152 848 2205 Ἐάν
897 2170 983 2215 τις
1020 2153 1143 2221 ἐμοὶ
1180 2152 1422 2219 διακονῆ,
1488 2151 1611 2217 ἐμοὶ
1653 2150 1782 2201 ἀκο-

202 2240 497 2303 λουθείτω,
539 2244 634 2295 καὶ
671 2244 805 2295 ὅπου
845 2243 962 2308 είμὶ
1020 2242 1149 2310 ἐγὼ,
1190 2245 1306 2293 ἐκεῖ
1337 2242 1432 2292 καὶ
1474 2243 1503 2292 ὁ
1539 2240 1783 2300 διάκονος

203 2334 234 2382 ό
264 2334 399 2401 ἐμος
427 2334 579 2385 ἔσται
598 2349 612 2363 ⁸
645 2333 739 2384 ὲάν
765 2333 887 2401 ἐμοί
910 2351 992 2395 τις
1030 2334 1288 2392 διακονεῖ,
1318 2332 1538 2401 τιμήσει
1566 2330 1728 2383 αὑτὸν
1752 2330 1781 2381 ὁ

205 2423 403 2491 Πατήρ
433 2439 553 2491 μου.
586 2443 604 2474 ι
622 2414 733 2475 Καῖ
752 2423 940 2475 πάλιΨ
984 2423 1130 2489 Ἐγὼ
1152 2421 1220 2475 δέ
1237 2425 1351 2489 εἰμι
1375 2422 1626 2488 ἐνμέσῳ
1643 2422 1723 2484 ὡς
1749 2422 1780 2472 ό

206 2513 529 2568 διακονῶν.
559 2534 577 2566 ι
606 2546 674 2555 —
700 2534 717 2564 ι
750 2514 859 2566 Καὶ
886 2516 996 2583 γὰρ
1021 2515 1049 2565 ό
1081 2512 1204 2573 Υἱὸς
1228 2512 1323 2564 τοῦ
1357 2511 1644 2579 ἀνθρώπου
1683 2512 1784 2561 οὐκ

203 2601 374 2673 ἦλθεν
403 2606 809 2674 διακονηθῆναι,
842 2604 980 2657 ἀλλά
1004 2603 1322 2671 διακονῆσαι
1356 2603 1453 2653 καὶ
1479 2601 1665 2653 δοῦναι
1687 2599 1785 2669 τὴν

1889 618 1957 669 tis
1983 619 2047 669 ’⁸.
2104 636 2122 667 ι
2188 619 2401 688 1169
2447 619 2648 673 lterum
2687 638 2701 675 :
2767 639 2785 670 ι
2817 621 2971 673 Sicut
3029 620 3170 672 servi
3211 619 3455 683 Christi,

1885 706 2152 762 facientes
2187 710 2521 763 voluntatem
2564 712 2738 778 ipsius
2775 725 2842 765 ex
2874 709 3074 771 animo,
3110 725 3234 762 eum
3285 710 3456 763 bene-

1887 799 2126 852 volentia
2145 799 2476 862 servientes,
2509 801 2667 868 quasi
2700 801 2931 854 Domino
2963 807 3020 852 et
3072 814 3180 853 non
3216 800 3460 854 homini-

1886 888 2071 941 bus".
2097 908 2113 937 ι
2143 890 2345 942 lterum
2369 905 2381 940 :
2413 908 2431 937 ι
2464 891 2705 953 Fratres,
2729 891 2955 945 stabiles
2983 898 3163 943 estote
3190 898 3247 943 et
3270 891 3462 945 immo-

1887 978 2047 1039 biles,
2074 979 2422 1032 abundantes
2441 981 2495 1033 in
2518 995 2687 1048 opere
2712 981 2931 1035 Domini
2954 996 3195 1048 semper,
3222 980 3463 1033 scientes

1886 1067 2032 1134 quod
2078 1068 2235 1121 labor
2270 1078 2453 1121 vester
2499 1084 2606 1120 non
2638 1078 2723 1121 est
2756 1070 2938 1123 inanis
2985 1070 3040 1121 in
3078 1069 3313 1122 Domino
3332 1070 3399 1121 '°.
3439 1089 3457 1120 ι

1886 1158 1954 1211 Et
1976 1159 2044 1211 ad
2082 1159 2471 1211 Timotheum:
2517 1176 2535 1208 ι
2578 1158 2773 1226 Vigila,
2835 1160 2890 1212 in
2936 1160 3196 1213 omnibus
3249 1160 3460 1223 labora,

1886 1263 2024 1316 opus
2056 1247 2141 1301 fac
2166 1249 2540 1315 evangelista,
2574 1248 2941 1300 ministerium
2969 1257 3125 1300 tuum
3151 1248 3315 1316 imple
3336 1249 3403 1300 ³⁸.
3438 1267 3455 1299 ι

1887 1336 1962 1390 De
1983 1340 2166 1405 seipso
2195 1353 2417 1405 quoque
2450 1336 2622 1390 dicit:
2660 1356 2679 1386 ι
2718 1336 2875 1390 Nunc
2907 1346 3089 1389 autem
3142 1338 3465 1405 proficiscor

1888 1429 1943 1481 in
1966 1431 2270 1484 Jerusalem
2298 1429 2616 1483 ministrare
2637 1428 2866 1490 sanctis,
2900 1428 2995 1481 sed
3016 1429 3272 1497 adiuvate
3296 1445 3381 1482 me
3408 1432 3462 1483 iu

1886 1521 2255 1581 orationibus,
2297 1528 2359 1572 ut
2407 1520 2739 1587 obsequium
2807 1533 2990 1572 meum
3046 1527 3333 1586 acceptum
3391 1520 3466 1573 sit

1887 1607 2194 1659 sauctis".
2254 1624 2273 1655 ι
2339 1605 2639 1659 Nobiscum
2698 1614 3040 1674 reputemus,
3091 1605 3311 1667 fratres,
3361 1606 3461 1674 ipsi

1886 1697 2121 1766 apostoli
2148 1697 2244 1765 qui
2276 1704 2332 1749 et
2352 1697 2622 1751 columnae
2649 1697 2929 1760 Ecclesize,
2961 1706 3169 1765 quanto
3197 1712 3371 1766 agone
3398 1711 3464 1751 ac

1886 1788 2166 1842 desiderio
2192 1787 2578 1840 ministrabant
2615 1786 3055 1855 Hierosolymitis
3103 1786 3460 1855 pauperibus.

1887 1878 2025 1933 Aliis
2061 1879 2290 1945 insuper
2317 1877 2475 1939 dicit,
2517 1896 2535 1928 ι
2570 1878 2686 1931 Non
2712 1876 2859 1930 enim
2895 1877 3132 1945 injustus
3176 1884 3260 1930 est
3295 1878 3466 1942 Deus,

1885 1979 1945 2025 ut
1973 1970 2339 2023 obliviscatur
2386 1970 2571 2039 operis
2620 1969 2790 2023 vestri
2821 1972 2879 2022 et
2926 1969 3243 2023 dilectionis
3297 1984 3464 2037 quam

1882 2062 2304 2116 demonstrastis
2327 2062 2381 2115 in
2400 2063 2624 2116 nomine
2650 2062 2844 2129 ipsius,
2878 2060 3008 2113 dum
3031 2061 3465 2115 administrastis

1881 2153 2089 2208 sanctis
2110 2162 2167 2207 ct
2184 2153 2593 2207 administratis
2614 2152 2676 2204 ³³.
2723 2172 2740 2202 ι
2784 2153 2981 2206 Petrus
3019 2151 3150 2204 item
3179 2170 3191 2204 :
3232 2170 3250 2203 ι
3279 2152 3465 2206 Unus-

1882 2243 2119 2312 quisque
2149 2244 2292 2297 sicut
2325 2243 2539 2312 accepit
2572 2243 2825 2311 gratiam,
2849 2244 2904 2296 in
2928 2244 3260 2295 alterutrum
3312 2243 3463 2295 illam

1886 2333 2341 2385 administrantcs
2359 2334 2440 2383 “:
2505 2352 2523 2382 ι
2560 2333 2815 2386 Iuducit:
2852 2352 2871 2383 ι
2912 2333 2968 2386 Si
3000 2334 3127 2401 quis
3161 2335 3463 2399 ministrat,

1888 2432 2147 2491 tanquam
2178 2438 2244 2476 ex
2282 2424 2486 2478 virtute
2516 2440 2680 2492 quam
2710 2424 3062 2477 administrat
3089 2425 3256 2487 Deus,
3310 2433 3371 2477 ut
3406 2425 3463 2478 in

1883 2514 2563 2569 omnibushonorificetur
2592 2516 2735 2569 Deus
2767 2531 2861 2583 per
2888 2517 3179 2568 Dominum
3210 2525 3461 2569 nostrum

1881 2607 2067 2661 Jesum
2090 2605 2374 2659 Christum
2392 2606 2460 2657 ³⁸.
2501 2624 2519 2655 ι
2561 2605 2657 2658 llis
2689 2607 2937 2660 concinit
2961 2607 3257 2660 Dominus:
3310 2627 3328 2658 ι
3358 2608 3462 2673 Qui

202 2695 388 2764 ψυχὴν
417 2695 582 2746 αὐτοῦ
614 2693 808 2761 λύτρον
857 2694 981 2746 ἀντὶ
1031 2692 1261 2745 πολλῶν.
1326 2710 1343 2741 ι
1384 2690 1543 2744 Αὑτῶ
1581 2691 1613 2741 f~
1656 2688 1781 2752 δόξα

1884 2694 2018 2747 mihi
2040 2694 2339 2755 ministrat,
2374 2708 2460 2746 me
2485 2703 2772 2761 sequatur,
2808 2705 2863 2747 et
2890 2695 2981 2748 ubi
3014 2710 3133 2749 sum
3163 2712 3287 2764 ego,
3350 2696 3466 2749 illic

205 2786 288 2845 εἰς
324 2786 450 2846 τοὺς
479 2785 705 2847 αἰῶνας.
754 2785 950 2853 ’Λμήν.

208 2878 449 2933 rilicabit
477 2894 603 2932 eum
648 2881 811 2933 Pater
857 2894 1013 2932 meus
1066 2878 1132 2931 ³⁵.
1160 2896 1176 2926 ι
1212 2878 1417 2931 Iterum

1884 2793 1942 2837 et
1966 2783 2218 2837 minister
2235 2799 2393 2837 meus
2424 2786 2553 2837 erit.
2592 2784 2646 2838 Si
2684 2786 2811 2853 quis
2836 2788 3252 2851 ministraverit,
3290 2788 3469 2841 hono-

1475 2894 1488 2928 :
1528 2894 1546 2927 ι
1581 2877 1695 2945 Ego
1719 2886 1905 2931 autem
1942 2878 1996 2931 in
2027 2878 2213 2932 medio
2245 2888 2493 2933 vestrum
2514 2894 2660 2941 sum,
2686 2882 2832 2935 sicut
2865 2881 2959 2950 qui
2999 2883 3277 2937 ministrat
3324 2884 3402 2937 '7:
3440 2902 3463 2937 ι

207 3002 283 3011 -
316 2991 334 3023 ι
381 2974 596 3026 Etenim
624 2974 797 3026 Filius
834 2973 1074 3026 hominis
1096 2988 1205 3025 nou
1239 2972 1391 3025 venit
1414 2971 1739 3035 ministrari,
1776 2972 1870 3025 scd
1913 2973 2249 3035 ministrare,
2279 2983 2335 3027 et
2364 2973 2496 3027 dare
2542 2974 2783 3027 animam
2818 2989 2973 3028 suam
3027 2973 3466 3044 redemptionem

207 3080 314 3134 pro
363 3066 629 3119 multis“.
679 3084 697 3116 ι
737 3066 841 3135 Ipsi
892 3067 1065 3135 gloria
1131 3067 1187 3121 in
1240 3069 1437 3121 swcula
1492 3067 1843 3122 saeculorum.
1881 3067 2073 3121 Amen.

812 3179 1029 3231 ΛΟΓΟΣ
1066 3178 1192 3231 ηδ’.

683 3291 821 3358 Περὶ
868 3292 1316 3359 ἀκτημοσύνης.

301 3405 363 3455 'H
402 3403 757 3473 ἀκτημοσύνη
786 3404 1054 3473 εἰλικρινῆ
1096 3404 1198 3473 τὴν
1241 3402 1518 3455 πολιτείαν
1557 3403 1651 3455 τοῦ
1685 3422 1773 3471 μου

206 3495 376 3565 ναχοῦ
407 3494 810 3547 ἀποδείκνυσιν.
859 3495 1147 3564 ’Λκτήμων
1180 3492 1406 3561 μοναχὸς
1429 3492 1587 3555 ἀετὸς
1612 3493 1785 3562 ὑπάρ-

207 3604 293 3655 χει
346 3585 636 3655 ὑψιπέτης.
679 3586 965 3654 ’Λκτήμων
1033 3584 1266 3653 μοναχδς
1329 3582 1616 3651 ἐλεύθερος
1672 3584 1781 3634 τῶν

205 3678 405 3745 ὀλίγων
435 3678 606 3741 ἐστὶν,
639 3676 727 3729 ἵνα
776 3678 834 3728 ἐν
878 3676 1180 3729 ἀπολαύσει
1213 3676 1322 3728 τῶν
1357 3677 1567 3729 πολλῶν
1622 3678 1782 3744 γένη-

205 3787 319 3823 ται.
390 3770 680 3838 ’Δκτήμων
730 3766 1010 3838 [μοναχὸς]
1055 3767 1342 3821 ἐπίσταται
1388 3770 1471 3820 ὅτι
1520 3768 1784 3837 πάροικος

206 3864 358 3911 ἐστιν
414 3860 506 3911 ἐπὶ
556 3861 655 3928 τῆς
702 3858 825 3927 γῆς.
872 3858 1053 3926 Μηδὲν
1100 3857 1206 3929 γὰρ
1251 3859 1643 3928 ἐπιφερόμενος
1689 3856 1783 3910 τοῦ

205 3951 546 4020 προσκαίρου
581 3950 799 4012 αἰῶνος,
830 3949 988 4017 δῆλός
1026 3951 1172 4001 ἐστιν
1200 3950 1281 4002 δτι
1313 3951 1423 4002 τῶν
1452 3950 1637 4001 ἀϊδίων
1662 3949 1785 4019 ὀρέ-

203 4060 365 4110 γεται
423 4042 665 4109 ἀγαθῶν.
718 4042 777 4091 ’0
832 4042 1117 4107 ἀκτήμων,
1156 4042 1398 4111 μιμητὴς
1458 4042 1637 4095 Ἠλίου
1690 4040 1784 4092 καὶ

218 4134 473 4184 Ἰωάννου
527 4133 861 4201 εὑρίσκεται,
917 4133 1012 4184 καὶ
1060 4133 1167 4183 τῶν
1216 4132 1523 4199 λεγόντων·
1565 4151 1583 4183 ι
1652 4132 1782 4184 Ἰδοὺ

202 4223 370 4288 ἡμεῖς
408 4222 707 4288 ἀφήκαμεν
735 4221 933 4279 πάντα,
973 4222 1068 4272 καὶ
1101 4220 1553 4288 ἠκολουθήσαμέν
1583 4236 1698 4272 σοι·
1730 4219 1783 4271 τί

202 4313 313 4381 ἄρα
354 4309 509 4361 ἔσται
544 4311 715 4378 ἠμῖν;
757 4328 776 4359 ι
813 4309 922 4361 Καὶ
951 4308 1247 4361 ἀκούσουσι
1294 4307 1445 4376 παρά
1472 4306 1566 4357 τοῦ
1597 4308 1783 4374 Σωτῆ-

204 4412 297 4473 ρος
324 4418 340 4432 ο
382 4420 399 4451 ι
440 4402 563 4453 Ὅτι
599 4401 755 4469 ὑμεῖς
793 4400 843 4451 οἱ
867 4401 1091 4466 ἀφέντες
1125 4399 1321 4462 πάντα,
1358 4399 1454 4451 καὶ
1487 4397 1783 4467 ἀκολουθή-

2369 3178 2652 3233 ΗΟΜΙΜΛ
2694 3177 2980 3231 LXXXIX.

2518 3290 2595 3343 Dc
2634 3291 2837 3359 inopia.

1955 3406 2298 3461 Facultatum
2334 3403 2581 3457 omnium
2608 3401 2886 3470 possessio
2935 3402 3185 3473 ablegata
3219 3405 3386 3457 semel
3436 3418 3469 3458 a

1883 3498 2143 3567 quopiam
2181 3505 2239 3551 et
2268 3511 2499 3550 excussa
2531 3494 2666 3547 nihil
2696 3494 2932 3548 obscure
2974 3494 3221 3549 declarat
3269 3511 3467 3565 synec—

1887 3604 2003 3641 ram
2051 3602 2173 3642 esse
2219 3586 2485 3652 monachi
2533 3585 3034 3639 conversationem.
3097 3586 3201 3651 Qui
3253 3587 3466 3641 nullum

1886 3679 2135 3748 possidet
2190 3677 2470 3747 peculium
2515 3677 2840 3741 monachus,
2867 3679 3050 3746 aquila
3088 3688 3173 3735 est
3220 3680 3464 3736 altivola.

1887 3771 2049 3837 Inops
2073 3768 2401 3825 monachus.
2426 3768 2568 3820 liber
2594 3769 2652 3819 lit
2686 3782 2987 3835 paucorum
3020 3785 3145 3832 usu,
3181 3779 3242 3823 ut
3265 3787 3467 3840 qualum

1884 3860 2139 3927 plurimis
2174 3859 2510 3927 perfruatur.
2552 3858 2655 3922 Qui
2697 3860 2914 3927 peculio
2937 3863 3091 3914 exuit
3140 3877 3219 3925 se,
3274 3865 3466 3933 utique

1884 3948 2043 4001 novit
2071 3948 2201 4016 quia
2235 3946 2542 4014 inquilinus
2575 3956 2657 3999 est
2687 3957 2743 4000 et
2766 3947 2976 4001 advena
3004 3966 3174 4018 super
3219 3961 3461 4007 terram:

1883 4057 1949 4094 ex
1989 4055 2056 4093 eo
2091 4041 2240 4091 enim
2266 4038 2411 4107 quod
2447 4037 2585 4090 nihil
2617 4038 2941 4093 circumfert
2970 4056 3158 4094 secum
3203 4045 3284 4097 rei
3322 4053 3464 4098 tem-

1887 4135 2119 4202 perat-iac
2140 4149 2203 4186 ac
2235 4132 2539 4195 smcularis,
2570 4146 2668 4199 per
2700 4132 2807 4185 hoc
2824 4132 3010 4200 prodit
3038 4148 3097 4186 se
3125 4136 3461 4202 sempiterna

1886 4224 1977 4276 illa
2006 4233 2288 4291 expetere.
2326 4223 2430 4289 Qui
2462 4238 2520 4277 se
2548 4223 2703 4276 exuit
2732 4225 3081 4291 possessione
3108 4225 3459 4288 facultatum,

1885 4312 2054 4366 llelize
2092 4313 2430 4380 eomperitur
2476 4328 2601 4366 esse
2651 4313 2918 4376 imitator,
2966 4314 3194 4368 Joannis
3227 4314 3356 4369 item
3404 4324 3463 4371 et

1884 4418 2075 4457 eorum
2109 4402 2203 4469 qui
2253 4401 2446 4455 dicunt
2473 4418 2488 4455 :
2517 4421 2534 4452 ι
2567 4402 2707 4455 Ecce
2739 4417 2841 4455 nos
2887 4402 3217 4470 reliquimus
3274 4404 3461 4458 omnia

204 4492 403 4553 σαντές
441 4509 551 4560 μοι,
604 4510 624 4543 ι
667 4489 1105 4542 πολλαπλασίονα
1142 4488 1377 4557 λήψεσθε
1423 4489 1480 4540 ἐν
1511 4487 1589 4556 τῷ
1622 4488 1780 4541 αἰῶνι

1884 4505 1939 4548 ιιι
1970 4493 2143 4549 secuti
2176 4508 2368 4546 sumus
2400 4502 2452 4545 te
2479 4510 2491 4543 :
2518 4493 2653 4561 quid
2696 4507 2829 4561 ergo
2861 4494 2970 4547 erit
3001 4494 3161 4546 nobis
3182 4495 3262 4546 ’9?
3299 4514 3317 4543 ι
3354 4495 3459 4559 Qui

200 4584 403 4651 τούτῳ,
437 4583 531 4633 καὶ
558 4584 617 4633 ὲν
647 4581 723 4648 τῷ
762 4581 1008 4647 μέλλοντι
1040 4579 1186 4643 ζωὴν
1225 4578 1464 4632 αἰώνιον.
1511 4579 1567 4631 ’0
1604 4580 1777 4647 ἀκτή-

202 4691 348 4743 μων,
386 4672 480 4725 ἐπὶ
512 4672 613 4739 γῆς
658 4672 756 4739 μὲν
793 4669 1162 4731 πολιτεύεται,
1188 4669 1285 4736 τήν
1313 4668 1367 4720 δὲ
1398 4669 1679 4738 διατριϐήν
1719 4669 1779 4720 ὲν

199 4763 458 4831 οὐρανοῖς
506 4761 792 4828 κέκτηται.
829 4760 926 4809 Διά
968 4758 1077 4826 γὰρ
1110 4758 1208 4826 τῆς
1254 4756 1639 4825 ἀκτημοσύνης
1666 4757 1779 4817 τοῖς

198 4852 460 4918 ἀγγέλοις
485 4849 898 4918 συναμιλλᾶται,
925 4849 1019 4901 καὶ
1042 4850 1156 4909 τοῖς
1178 4847 1408 4909 δικαίοις
1435 4847 1772 4928 managed“,

210 4942 726 5012 Ἀποστρεφόμενος
778 4942 890 5010 γάρ
956 4940 1017 4992 τὰ
1067 4939 1304 5005 ἐπίγεια.
1359 4937 1426 4989 τὰ
1475 4939 1775 5006 ἐπουράνια

200 5032 563 5101 ᾳαντάζεται.
612 5034 723 5102 υύχ
753 5034 887 5102 ὁρᾷς
919 5032 1058 5098 πόση
1088 5030 1320 5099 διαφορὰ
1361 5030 1454 5081 τοῦ
1485 5031 1773 5084 ἀπολιπεῖν

199 5127 273 5177 τά
324 5124 685 5192 ὀλιγοχρόνια,
725 5125 820 5175 καὶ
876 5122 1027 5183 ἐντὸς
1075 5121 1330 5187 γενέσθαι
1382 5121 1489 5172 τῶν
1539 5122 1773 5173 αἰωνίων

201 5215 430 5282 ἀγαθῶν
450 5230 463 5243 ·
516 5214 835 5267 καταλιπεῖν
880 5214 946 5265 τὰ
978 5213 1214 5281 φθαρτὰ,
1249 5211 1345 5265 καὶ
1370 5212 1779 5281 κληρονομῆσαι

199 5310 272 5361 τά
326 5306 613 5377 ἄφθαρτα*
667 5307 987 5360 καταλιπεῖν
1024 5308 1090 5359 τά
1145 5307 1219 5375 μὴ
1259 5307 1522 5375 ἡμέτερα,
1570 5306 1666 5359 καὶ
1721 5309 1780 5359 ὲν

200 5399 506 5455 ἀπολαύσει
549 5399 803 5467 γενέσθαι
852 5399 961 5451 τῶν
1012 5400 1432 5468 ἡτοιμασμένων
1481 5400 1594 5460 τοῖς
1645 5400 1781 5465 ἀγα-

201 5491 355 5544 πιῖισι
381 5491 471 5543 τὸν
507 5490 639 5542 Θεόν
658 5508 671 5522 ο
703 5489 1045 5560 [καταλιπεῖν
1077 5491 1140 5543 τὰ
1164 5490 1354 5557 ὁρατὰ,
1381 5489 1683 5557 λαμϐάνειν
1709 5492 1776 5542 τὰ

275 5648 323 5679 ’⁸
347 5645 388 5699 ll
415 5644 543 5699 Cor.
578 5660 650 5704 vn,
680 5645 795 5699 2-7.

203 5716 294 5768 ³⁸1
332 5717 478 5768 Pctr.
507 5731 578 5774 Iv,
608 5714 688 5766 ΙΟ.
766 5716 808 5746 ³³
850 5713 983 5766 ibid.
1028 5715 1105 5765 ll.

205 5786 253 5816 “
286 5785 423 5839 Luc.
458 5799 602 5844 xvui,
626 5784 713 5835 28.

530 5875 795 5935 Ριιϊιιοι..
841 5876 956 5933 GR.
1008 5875 1098 5932 ιλ
1113 5876 1245 5935 XXI
1263 5876 1337 5937 Χε

1186 5716 1229 5743 ³⁵
1252 5714 1407 5767 Joan.
1436 5730 1526 5775 xu,
1562 5715 1649 5766 23.

872 5645 916 5675 ”
940 5644 1140 5711 Ephcs.
1164 5661 1235 5704 vt,
1266 5645 1318 5696 6.
1396 5644 1474 5697 ’“l
1500 5643 1624 5697 (.or.
1658 5659 1745 5702 xv,
1771 5644 1855 5696 58.
1936 5643 1974 5673 “
2009 5643 2050 5695 ll
2074 5643 2185 5697 Tim

872 5713 983 5764 bid.
1028 5715 1105 5764 ll.
1186 5716 1229 5743 ³⁸
1252 5714 1407 5764 .loan.
1436 5730 1526 5764 xv.
1562 5715 1649 5764 23.
1728 5714 1765 5745 ³τ
1797 5714 1926 5764 Luc.
1954 5729 2084 5764 nu.
2121 5714 2185 5764 27

1755 5716 1765 5741 τ
1797 5716 1926 5765 Luc.
1954 5729 2084 5776 nn,
2121 5716 2209 5764 27.

1885 4587 2042 4648 tales,
2098 4586 2168 4639 ab
2235 4586 2355 4653 ipso
2409 4584 2604 4637 salutis
2654 4592 2858 4638 nostra:
2909 4584 3137 4637 Vindice
3181 4584 3455 4639 audiunt:

1890 4697 1907 4726 ι
1936 4677 2073 4742 Quia
2100 4692 2199 4730 vos
2233 4676 2328 4744 qui
2368 4675 2671 4743 reliquistis
2724 4675 2910 4729 omnia
2974 4682 3033 4729 et
3093 4676 3269 4728 secuti
3325 4676 3460 4729 estis

1883 4770 2061 4844 mef“,
2108 4789 2125 4821 ι
2166 4768 2494 4837 multiplicia
2522 4767 2807 4836 accipietis
2838 4768 2891 4820 in
2924 4768 3127 4821 sarculo
3160 4768 3289 4829 isto,
3320 4775 3377 4821 et
3402 4768 3459 4820 in

1878 4860 2067 4914 futuro
2096 4861 2261 4913 vitam
2287 4868 2572 4913 aeternam.
2603 4858 2706 4924 Qui
2739 4859 2898 4926 inops
2922 4867 3028 4920 est,
3059 4872 3227 4926 super
3252 4867 3458 4911 terram

1880 4950 2104 5019 quidem
2164 4958 2452 5012 versatur,
2522 4948 3003 5003 conversationem
3057 4964 3190 5001 vero
3227 4949 3338 5017 jam
3400 4950 3455 5003 in

1881 5042 2036 5095 cmlis
2071 5040 2176 5093 sibi
2210 5040 2591 5109 comparavit:
2633 5039 2831 5107 inopia:
2861 5039 3010 5093 enim
3047 5038 3268 5101 merito,
3329 5055 3456 5094 eunt

1880 5130 2089 5200 angelis
2124 5130 2483 5199 congreditur
2527 5130 2891 5192 familiariter,
2925 5130 3098 5183 choro
3130 5139 3460 5183 aceeusetur

1872 5224 2173 5291 justorum.
2237 5222 2451 5290 1170
2498 5222 2631 5273 Dum
2687 5220 2834 5273 enim
2880 5220 2999 5272 ha’c
3061 5229 3347 5273 aversatur
3402 5228 3460 5273 et

1880 5307 2133 5376 repudiat
2160 5315 2402 5371 terrena,
2445 5309 2527 5361 vel
2561 5307 2675 5376 ipsa
2703 5308 3097 5376 imaginatione
3120 5307 3329 5376 colligit
3346 5309 3458 5377 jam

1878 5407 1933 5451 et
1968 5399 2377 5467 contemplatur
2400 5400 2668 5453 coelestia.
2701 5399 2821 5453 Non
2856 5399 3012 5451 vides
3056 5407 3267 5467 quanto
3313 5399 3458 5451 inter

1878 5506 1935 5543 se
1964 5490 2271 5545 dissideant
2292 5491 2637 5552 discrimine,
2664 5491 2779 5545 bene
2817 5490 3133 5544 corruotiva
3157 5488 3457 5546 dimisisse.

1936 5643 1974 5673 "
2009 5643 2050 5695 ll
2074 5643 2215 5697 Tim.
2253 5659 2326 5701 IV,
2357 5642 2409 5695 5.
2488 5642 2530 5673 ³¹
2556 5643 2715 5695 Rom.
2736 5657 2824 5704 xv,
2850 5642 2938 5694 ⁸51.
3018 5642 3064 5672 ³³
3089 5638 3252 5692 Ilcbr.
3277 5636 3456 5699 vum.

2322 5713 2365 5744 ³⁸
2399 5713 2595 5765 Matth.
2624 5729 2711 5777 xx,
2735 5713 2824 5765 '23.
2930 5710 3171 5764 3"Matth.
3206 5723 3289 5761 xu
3314 5747 3328 5771 ,
3363 5706 3455 5763 27.

3140 5873 3214 5931 5ιί
