4178 6424
786 364 806 425 1
817 366 919 426 707

2011 359 2370 417 ANTIUCIH
2413 360 2754 420 MONACHI

3901 370 4029 434 1708

778 490 834 534 et
863 478 1172 548 possedisse
1231 479 1570 546 incorrupta,
1620 475 1735 529 lucc
1791 474 2197 544 qualiacunque
2229 491 2329 543 qua

2451 479 2658 545 ἀόρατα
2680 519 2694 541 ,
2731 498 2750 528 ι
2785 480 2845 529 ’Δ
2879 481 3156 551 ὀφθαλμὸς
3179 484 3278 536 οῦκ
3303 480 3433 551 οἶδε,
3453 489 3545 541 καὶ
3571 488 3667 541 οῦς
3687 488 3788 540 οῦκ
3807 490 4026 559 ἤκουσε,

778 580 966 624 nostra
1011 587 1120 623 non
1170 583 1318 634 sunt,
1371 569 1685 637 reliquisse,
1720 576 1777 619 ct
1810 565 1917 618 illis
1966 564 2175 632 perfrui
2229 581 2351 632 qua:

777 669 966 729 parata
995 671 1123 716 sunt
1166 659 1525 729 diligentibus
1555 659 1748 717 Deum,
1786 674 1802 705 ι
1841 655 1970 720 Qua:
2008 660 2204 707 oculus
2239 671 2347 707 non

777 751 938 812 vidit,
966 768 1069 804 nec
1101 751 1503 813 aurisaudivit,
1539 765 1639 802 nec
1675 748 1730 799 in
1756 746 1998 800 hominis
2031 761 2127 797 cor
2152 760 2345 798 ascen-

774 842 1069 896 derunt"?
1104 862 1122 894 ι
1155 842 1416 910 Quisquis
1439 840 1630 895 mundi
1662 838 1824 892 istius
1840 854 1968 890 osor
1991 845 2074 890 est
2097 845 2152 890 ct
2176 852 2348 889 mam-

776 947 974 996 monte,
996 933 1350 1002 perspicuum
1395 932 1600 991 evadit,
1632 931 1760 999 quia
1816 930 1906 983 liic
1938 928 2127 981 mundi
2179 927 2350 995 Opiﬁ—

773 1039 893 1077 cem
915 1025 1114 1093 diligit.
1142 1024 1502 1080 lnl'erioribus
1525 1023 1674 1076 enim
1709 1020 2067 1082 transmissis,
2095 1028 2349 1088 przestan-

775 1115 914 1168 tiora
943 1116 1081 1168 nihil
1117 1116 1357 1168 obscure
1394 1114 1623 1182 expetit.
1681 1113 1972 1166 Generosa:
2005 1124 2234 1178 prorsus
2284 1123 2348 1161 ac

771 1203 946 1258 Deum
971 1205 1266 1257 sinceriter
1289 1207 1526 1258 amantis
1555 1204 1753 1256 animm.
1800 1209 2185 1270 argumentum
2240 1207 2345 1261 est,

770 1295 910 1348 nihil
966 1294 1156 1348 mundi
1210 1295 1494 1363 possidere
1525 1294 1688 1346 velle.
1742 1293 1846 1358 Qui
1898 1291 2175 1361 ejusmodi
2228 1299 2343 1343 cst:

775 1404 792 1435 ι
829 1385 1015 1438 [teres
1039 1384 1264 1452 quidem
1284 1384 1402 1446 Dei,
1431 1383 1678 1436 colueres
1698 1395 1879 1434 autem
1905 1381 1958 1431 lit
1993 1379 2198 1432 Christi
2218 1379 2283 1429 δ’.
2321 1396 2338 1428 ι

767 1477 872 1542 Qui
910 1477 1078 1546 igitur
1113 1474 1370 1542 indipisci
1417 1475 1535 1525 vult
1588 1470 1946 1540 margaritum
1987 1468 2121 1522 illud
2172 1469 2347 1520 multo

767 1567 1268 1638 pretiosissimum,
1329 1563 1684 1634 praesentium
1754 1561 2028 1615 bonorum
2092 1559 2341 1612 omnium

767 1658 1173 1727 possessionem
1199 1671 1229 1709 a
1267 1671 1324 1708 se
1355 1669 1481 1707 cum
1505 1652 1708 1722 gaudio
1735 1650 2002 1711 excutiat,
2042 1656 2102 1700 ut
2148 1662 2340 1716 agrum

765 1750 870 1803 sibi
911 1755 1196 1815 comparet
1216 1747 1269 1799 in
1295 1760 1406 1813 quo
1429 1746 1554 1797 vita:
1580 1742 1801 1812 quidem
1834 1742 2154 1795 thesaurum
2180 1741 2337 1792 inve-

2453 573 2546 621 καὶ
2578 571 2670 620 ἐπὶ
2697 572 2924 640 καρδίαν
2947 573 3235 642 ἀνθρώπου
3265 579 3364 630 οὐκ
3397 581 3597 650 άνέ6η;
3637 599 3654 630 ι
3703 580 3763 631 ὐ
3799 581 3910 650 γάρ
3941 601 4033 648 μι-

2452 660 2562 710 σῶν
2607 660 2697 711 τὸν
2743 663 2971 730 κόσμον,
3008 663 3102 714 καὶ
3132 665 3221 717 τὶν
3275 671 3562 735 μαμωνᾶν,
3604 671 3764 740 δῆλον
3813 672 3898 722 ὅτι
3943 673 4033 722 τὸν

2453 749 2797 818 Κοσμοποιὺν
2824 755 3032 823 ἀγαπᾷ.
3077 755 3157 808 Τά
3187 757 3294 828 γὰρ
3342 758 3597 812 ἐλάττονα
3651 763 4033 829 παραλογισάο

2453 857 2634 909 μενος,
2668 840 2777 892 τῶν
2814 844 3141 911 κρειττόνων
3183 846 3455 915 ὀρέγεται.
3498 851 3756 918 Μεγάλης
3797 847 3894 903 οῦν
3928 852 4035 917 ψυ-

2449 925 2548 994 κῆς
2577 929 2670 979 καὶ
2706 928 2984 995 θεοφιλοῦς
3015 932 3302 1004 γνώρισμα
3349 939 3380 1003 ἡ
3409 938 3791 1007 ἁκτημοσύνη.
3843 941 3960 992 Καὶ
4005 941 4032 989 6

2446 1015 2708 1080 τοιοῦτος,
2747 1039 2764 1069 ι
2805 1020 3154 1089 κληρονόμος
3179 1025 3279 1093 μὲν
3313 1026 3448 1078 θεοῦ
3494 1030 3587 1081 καὶ
3631 1030 3864 1098 Ματρὸς,
3901 1047 4030 1096 συγ-

2450 1106 2778 1176 κληρονόμος
2832 1111 2889 1163 δὲ
2935 1114 3172 1181 Χριστοῦ
3227 1117 3456 1184 γίνεται.
3515 1138 3533 1170 ι
3596 1122 3659 1172 'U
3715 1119 3813 1173 οὖν
3858 1121 4032 1172 θέλων

2449 1196 2752 1264 κτήσασθαι
2793 1203 2883 1254 τὸν
2928 1207 3225 1276 πολύτιμον
3261 1211 3628 1281 μαργαρίτην,
3663 1215 3732 1266 τὰ
3779 1216 4031 1282 παρόντα

2448 1287 2624 1340 πάντα
2677 1292 2817 1359 μετὰ
2863 1298 3038 1364 χαρᾶς
3085 1300 3488 1366 ἀποκτησάσθω
3540 1302 3743 1368 ἀγαθά,
3795 1304 3887 1355 ἵνα
3941 1305 4032 1355 τὸν

2446 1379 2618 1446 ἀγρὸν
2649 1381 2818 1445 ὄντως
2846 1391 3143 1457 κτήσηται,
3169 1391 3227 1440 ἐν
3253 1384 3405 1458 ᾧπερ
3435 1384 3602 1459 ηὗρεν
3627 1396 3719 1445 τὸν
3743 1395 4031 1463 θησαυρὸν

2446 1473 2829 1540 κεκρυμμένον
2857 1475 2957 1541 τῆς
2995 1476 3160 1545 ζωῆς.
3209 1479 3379 1530 Ὅταν
3417 1481 3525 1550 γὰρ
3559 1483 3734 1534 πάντα
3767 1500 3854 1544 τις
3889 1485 4030 1535 ἀπο-

2449 1562 2717 1628 κτήσηται
2754 1563 2846 1614 τὶν
2888 1563 3140 1631 βιωτικὸν
3187 1568 3441 1630 πλοῦτον,
3470 1572 3589 1623 τότε
3632 1574 3888 1641 εὑρίσκει
3938 1574 4030 1624 τὸν

2441 1650 2608 1701 τόπον
2641 1651 2698 1702 ὲν
2723 1644 2822 1721 ᾦή
2854 1656 3014 1723 χάρις
3059 1657 3153 1708 τοῦ
3183 1658 3319 1712 Θεοῦ
3353 1665 3826 1732 κατακέκρυπται.
3874 1665 4028 1717 Πάνυ

2441 1739 2550 1808 γὰρ
2579 1740 2838 1808 ἁρμόδιον
2878 1745 2959 1806 τὸ,
3003 1747 3324 1814 ἐπιγνόντας
3369 1753 3518 1818 ἡμᾶς
3563 1752 3659 1821 τὴν
3710 1754 3834 1806 ὁδὸν
3870 1756 4030 1806 εὐσε-

764 1841 849 1895 nit
878 1850 1108 1894 eatenus
1173 1847 1456 1890 retrusum
1511 1842 1568 1887 et
1617 1833 1923 1886 conditum.
1985 1831 2142 1884 Tunc
2197 1828 2329 1881 enin

2446 1828 2619 1893 δείας,
2652 1833 2854 1895 εὐθέως
2884 1835 3100 1889 ᾶπαντα
3136 1843 3204 1890 τὰ
3244 1843 3516 1907 προσόντα
3545 1844 3674 1911 ἡμῖν
3698 1844 4025 1896 διαπωλεῖν.

762 1932 943 1986 locum
976 1929 1104 1998 quis
1129 1927 1493 1986 nanciscitur,
1522 1924 1575 1977 in
1617 1940 1729 1992 quo
1755 1923 1930 1993 gratia
1970 1922 2064 1975 Dei
2097 1919 2338 1982 delituit,

760 2037 888 2076 cum
913 2017 1250 2086 temporales
1272 2016 1438 2068 hasce
1459 2013 1684 2067 divitias
1713 2027 1909 2065 omnes
1947 2026 1978 2064 a
2008 2024 2067 2063 se
2116 2009 2337 2078 abjcce-

761 2112 854 2164 rit.
913 2107 1133 2163 Rationi
1196 2121 1424 2174 prorsus
1497 2112 1925 2157 consentaneum
1971 2108 2081 2162 est,
2133 2108 2194 2152 ut
2241 2113 2341 2151 nos

759 2203 986 2271 (quibus
1010 2201 1199 2253 datum
1230 2207 1317 2250 est
1341 2197 1512 2250 semel
1544 2211 1706 2248 nosse
1741 2194 1965 2264 pictatis
2009 2193 2176 2260 viam)
2210 2192 2336 2245 uni-

756 2309 917 2348 versa
948 2308 1070 2362 qua:
1123 2291 1344 2353 adsunt,
1391 2287 1800 2356 disperdamus,
1853 2285 2119 2339 nimirum
2166 2292 2227 2337 ut
2270 2299 2336 2337 ex

757 2384 846 2438 his
882 2399 1004 2451 qua:
1056 2391 1380 2449 supersunt,
1410 2380 1565 2448 juxta
1611 2377 1901 2445 imperium
1939 2374 2179 2437 Domini,
2217 2374 2332 2426 dis-

756 2489 1054 2544 pensemus
1097 2472 1423 2525 facultates:
1477 2479 1537 2521 ut
1587 2485 1656 2521 ne
1697 2468 1830 2521 dum
1879 2469 2234 2536 praeteximus
2279 2466 2333 2518 in

755 2567 1004 2636 singulos
1024 2565 1144 2618 dies
1162 2578 1264 2616 nos
1289 2562 1433 2614 velle
1456 2559 1685 2628 implere
1716 2558 1996 2619 mandata,
2019 2557 2334 2625 deprehen-

754 2659 953 2712 damur
988 2656 1129 2708 male
1159 2652 1330 2706 fuisse
1355 2649 1612 2718 morigeri
1642 2658 1751 2701 tam
1785 2647 2013 2700 salutari
2048 2647 2330 2700 mandato.

757 2751 996 2804 Primum
1027 2745 1175 2799 enim
1211 2741 1360 2811 quod
1383 2754 1451 2794 ex
1479 2737 1751 2808 ejusmodi
1781 2736 2132 2790 abdicatione
2155 2736 2328 2790 facul—

754 2848 930 2894 tatum
951 2835 1324 2906 proﬁciscitur
1355 2831 1590 2899 ingenua
1617 2839 1703 2882 est
1724 2838 1778 2881 et
1806 2844 2071 2897 perquam
2099 2829 2332 2882 honesta

753 2929 982 2980 libertas
1001 2939 1149 2978 cura:
1180 2921 1382 2984 omnis,
1420 2929 1614 2987 etquae
1642 2918 1770 2971 hinc
1792 2920 2094 2972 etiamnum
2130 2919 2329 2982 resilit,

752 3024 1050 3087 paupertas
1086 3012 1253 3066 nullis
1292 3020 1487 3081 patens
1518 3009 1754 3062 insidiis.
1781 3009 1924 3061 Dicit
1977 3008 2161 3076 itaque
2191 3009 2333 3077 Apo-

751 3111 930 3161 tolus:
965 3125 982 3157 ι
1020 3106 1139 3160 Non
1197 3111 1282 3156 est
1318 3101 1479 3155 nobis
1531 3101 1853 3153 colluctatio
1882 3101 2149 3153 adversus
2195 3116 2323 3154 san-

2444 1919 2556 1972 Kal.
2583 1921 2652 1973 τά
2680 1922 2789 1974 ἀπὸ
2815 1925 3020 1978 τούτων
3050 1929 3307 1997 χρήματα
3339 1932 3481 1984 κατά
3518 1935 3615 2001 τὴν
3651 1934 3880 2004 ἐντολὴν
3931 1935 4027 1987 τοῦ

2441 2011 2672 2080 Κυρίου,
2713 2013 2954 2078 διοικεῖν,
3001 2022 3098 2072 καὶ
3133 2023 3208 2089 μὴ
3255 2026 3525 2091 προφάσει
3572 2025 3665 2076 τοῦ
3706 2027 3893 2078 θέλειν
3940 2028 4026 2079 διὰ

2439 2102 2641 2165 παντὸς
2669 2105 2889 2168 ἐντολάς
2920 2112 3116 2172 ποιεῖν,
3165 2113 3572 2182 παρακούωμεν
3609 2115 3704 2168 τοῦ
3745 2118 4025 2185 σωτηρίου

2438 2193 2824 2265 κελεύσματος.
2876 2199 3096 2267 Πρῶτον
3130 2203 3230 2270 μὲν
3270 2206 3377 2274 γὰρ
3425 2207 3491 2257 ὲκ
3534 2207 3726 2259 τούτου
3776 2209 3938 2260 ἔσται
3992 2210 4023 2261 ᾗ

2437 2286 2577 2355 καλὴ
2628 2287 2953 2358 ἀμεριμνία,
3013 2292 3106 2342 καὶ
3158 2295 3191 2361 ἡ
3252 2295 3503 2347 ἐντεῦθεν
3555 2299 4020 2362 ἀνεπιϐούλευτος,

2437 2378 2629 2432 πενὶα’
2667 2379 2812 2446 λέγει
2844 2379 2937 2434 οὖν
2968 2383 2996 2433 ὀ
3039 2384 3381 2448 Ἀπόστολος,
3423 2406 3441 2438 ι
3481 2389 3594 2443 Οὐκ
3627 2391 3778 2442 ἔστιν
3812 2394 3956 2460 ἡμῖν
3988 2396 4017 2462 ἡ

2434 2468 2579 2537 πάλη
2635 2470 2772 2538 πρὸς
2820 2466 2961 2539 αἷμα
3007 2475 3100 2526 καὶ
3153 2477 3352 2545 σάρκα.
3417 2495 3437 2529 ι
3493 2479 3666 2532 Τοῦτο
3728 2483 3864 2551 περὶ
3910 2484 4016 2535 τῶι

2432 2560 2738 2631 ἀθλητικῶν
2771 2565 2951 2633 νόμων
2979 2568 3310 2636 διαγορεύει.
3350 2570 3561 2640 Ὠσπερ
3587 2567 3681 2624 οῦν
3716 2573 3926 2625 ἐκεῖνοι
3956 2574 4012 2627 οἱ

2438 2651 2597 2718 μόνον
2626 2653 3027 2723 ἀποδυσάμενοι
3060 2658 3224 2728 (ἀρχὴ
3249 2660 3359 2729 γάρ
3388 2660 3482 2712 τοῦ
3520 2663 3924 2728 ἀγωνίσασθαι,
3958 2666 4015 2716 τί

2431 2742 2850 2811 ἀποδύσασθαι),
2896 2746 3032 2799 ἀλλά
3076 2749 3169 2800 καὶ
3204 2749 3628 2820 ἀποκειράμενοι
3661 2753 3762 2823 τὴν
3811 2756 4014 2824 κόμην,

2430 2830 2784 2902 ἀλειψάμενοι
2815 2836 3001 2906 ἐλαίῳ,
3029 2837 3116 2890 ἵνα
3150 2840 3225 2909 μὴ
3254 2841 3480 2907 φυέντες
3508 2843 3702 2910 θριξὶν,
3735 2847 3878 2898 ἀλλὰ
3918 2850 4013 2900 καὶ

2428 2921 2714 2990 ὀλισθῆσαι
2746 2927 3246 2993 παρασκευάσωσιν
3285 2930 3372 2982 διὰ
3398 2931 3492 2983 τοῦ
3521 2933 3702 2986 ἐλαίου
3728 2935 3826 2988 τοῦ
3859 2937 4012 2989 ἀντι-

2428 3010 2601 3063 πάλου
2628 3014 2727 3075 τὰς
2755 3016 2967 3084 χεῖρας,
3000 3015 3173 3080 οὕτως
3214 3020 3307 3072 ἐπὶ
3342 3021 3436 3073 τὸν
3464 3023 3649 3090 ἀγῶνα
3699 3026 3976 3093 χωροῦσιν
3998 3044 4010 3056 δ

2425 3095 2600 3160 οὕτως
2624 3101 2717 3151 καὶ
2735 3101 2916 3169 ἡμεῖς,
2947 3104 3061 3170 εἴγε
3087 3109 3400 3172 στεφανίται
3426 3110 3678 3176 γενέσθαι
3706 3111 4009 3181 ποθοῦμεν,

748 3199 971 3268 guinem
1010 3204 1067 3249 et
1102 3192 1406 3247 carnem“.
1448 3209 1468 3242 ι
1527 3189 1642 3243 Hoc
1697 3189 1765 3243 de
1790 3190 2070 3245 atlileticis
2109 3190 2326 3260 legibus

2431 3158 2830 3258 ἀποδυσάμενοι
2873 3158 2983 3244 -τὸν
3009 3158 3020 3170 ’
3050 3158 3280 3248 παλαθιὸν

749 3294 1192 3355 transsumptum
1238 3281 1587 3353 pronuntiat.
1610 3280 1829 3334 Etenim
1857 3281 2323 3350 quemadmodum

749 3379 827 3434 illi
865 3393 976 3431 non
1000 3385 1154 3429 veste
1194 3375 1372 3427 solum
1407 3371 1562 3425 exuti
1597 3373 1704 3439 (est
1723 3372 1872 3425 enim
1908 3371 1961 3424 id
2005 3372 2158 3425 velut
2181 3387 2324 3441 pne-

747 3469 960 3524 ludium
991 3465 1218 3520 ineundi
1243 3463 1456 3532 agonis,
1477 3469 1537 3514 ut
1563 3461 1804 3530 spolient
1831 3476 1891 3515 se
1915 3461 2322 3530 vestibus),sed

744 3569 802 3614 et
831 3558 1049 3612 detonsi
1076 3570 1311 3616 comam,
1340 3552 1552 3606 inuncti
1590 3552 1738 3613 oleo,
1773 3560 1924 3604 utne
1948 3551 2165 3621 capillis
2189 3567 2320 3620 pre-

745 3649 917 3704 hendi
952 3656 1179 3718 queant,
1209 3645 1382 3712 magis
1411 3652 1595 3698 autem
1621 3652 1679 3694 ut
1708 3643 1909 3696 I:evore
1933 3643 2040 3696 olei
2071 3658 2318 3698 commo-

740 3742 869 3796 dius
883 3739 1027 3794 elabi
1047 3737 1258 3807 possint
1290 3751 1354 3789 ae
1373 3735 1549 3787 vitare
1579 3732 1961 3786 colluctatoris
1980 3735 2321 3796 manus,sic-

739 3846 852 3899 que
884 3831 961 3884 illi
987 3829 1055 3882 ad
1087 3825 1436 3880 subeundum
1465 3839 1695 3891 agonem
1723 3822 2032 3890 prodeunt:
2063 3825 2317 3877 eumdem

740 3926 797 3979 in
828 3922 1051 3976 modum
1092 3927 1149 3972 et
1178 3916 1338 3970 nobis
1381 3913 1784 3984 prosiliendum
1836 3924 1920 3966 est
1968 3913 2034 3967 ad
2086 3931 2316 3984 agonem

740 4008 1110 4078 spiritualem,
1139 4004 1185 4058 si
1214 4012 1396 4056 tamen
1432 3999 1688 4069 insigniri
1721 3999 1852 4052 olim
1883 4015 2087 4054 corona
2110 4016 2315 4069 percu-

740 4100 945 4168 pimus.
997 4093 1162 4149 Exuti
1227 4091 1470 4160 primum
1538 4098 1781 4142 veterem
1847 4089 2128 4141 hominem
2187 4104 2315 4143 cum

739 4187 960 4241 actibus
1019 4185 1183 4238 suis:
1244 4181 1379 4250 quin
1435 4187 1662 4232 externe
1716 4178 2024 4231 etiamnum
2074 4177 2313 4242 detonsi,

738 4292 954 4345 nosque
989 4274 1057 4329 ad
1090 4274 1473 4340 eleemosynas
1505 4277 1866 4336 exponentes,
1913 4268 2048 4320 nudi
2093 4284 2314 4338 quoque

737 4383 872 4420 cura
936 4365 1088 4418 omni
1155 4378 1221 4416 ac
1284 4370 1473 4421 veste,
1540 4357 1596 4411 in
1643 4357 1884 4411 stadium
1947 4358 2314 4412 ascendamus

2427 3277 2692 3344 πράξεσιν
2722 3279 2910 3343 αὑτοῦ,
2947 3283 3039 3334 καὶ
3071 3285 3139 3336 τὰ
3171 3284 3371 3348 ἔξωθεν
3419 3289 3877 3360 ἀτεδκειράμενοι,
3915 3299 4011 3349 καὶ

2425 3369 2508 3430 είς
2558 3368 2928 3438 ἐλεημοσύνας
2980 3375 3520 3443 καταναλώσαντες,-
3553 3383 3754 3449 γυμνοὶ
3822 3384 4009 3453 πάσης

2424 3459 2706 3528 φροντίδος
2750 3463 2845 3514 καὶ
2889 3464 3173 3532 ἀχίτωνες,
3205 3469 3286 3530 είς
3329 3469 3389 3522 τὸ
3419 3471 3635 3524 στάδιον
3665 3474 3767 3544 τῆς
3796 3475 4008 3544 ἀρετῆς

2422 3546 2734 3618 ἀναδῶμεν.
2782 3552 2919 3621 Φησὶ
2956 3553 3014 3606 δὲ
3047 3556 3140 3606 καὶ
3162 3560 3281 3620 τοῖς
3333 3557 3630 3627 Ἑϐραίοις,
3685 3581 3704 3613 ι
3742 3563 3873 3626 Τοῖς
3920 3565 4007 3618 δε-

2423 3638 2604 3705 σμίοις
2646 3642 3081 3709 συνεπαθήσατε,
3114 3646 3209 3698 καὶ
3235 3648 3335 3717 τὴν
3378 3649 3636 3721 ἁρπαγὴν
3666 3652 3777 3704 τῶν
3820 3654 4003 3725 ὕπαρ·

2420 3727 2624 3794 χόντων
2654 3728 2808 3797 ὑμῶν
2850 3733 2989 3797 μετὰ
3028 3735 3203 3802 χαρᾶς
3244 3739 3664 3805 προσεδέξασθε,
3699 3744 4007 3809 γινώσκον⁴

2418 3833 2504 3879 τες
2534 3817 2678 3886 ἔχειν
2704 3821 2761 3872 ἰν
2797 3819 3016 3884 ἑαυτοῖς
3050 3824 3335 3892 κρείττονα
3367 3826 3604 3898 ὓπαρξιν
3642 3833 3700 3883 ὲν
3745 3833 4002 3902 οὐρανοῖς

2418 3906 2515 3959 καὶ
2565 3907 2852 3975 μένουσαν.
2906 3927 2925 3960 ι
2978 3911 3036 3963 Ὀ
3069 3913 3126 3965 δὲ
3174 3914 3479 3984 Ψαλμῳδός
3511 3935 3525 3950 ·
3560 3937 3578 3969 ι
3631 3920 3872 3985 Πλοῦτος
3906 3927 4000 3977 ἐὰν

2419 3995 2540 4066 ῥέῃ,
2589 3997 2663 4067 μὴ
2693 3999 3049 4067 προστίθεσθε
3092 4004 3343 4072 καρδίαν.
3385 4025 3405 4057 ο
3436 4007 3633 4071 Καλῶς
3663 4011 3797 4076 γοῦν
3840 4009 3999 4067 εἶπεν

2421 4102 2438 4134 ι
2466 4085 2590 4137 Ἐὰν
2617 4086 2747 4156 ρἑο
2777 4107 2795 4139 ι
2830 4089 3020 4157 ὀχετοῦ
3046 4091 3156 4162 γάρ
3182 4095 3383 4163 τρόπον
3413 4099 3702 4166 παροδεύει
3727 4104 3879 4171 ἡμᾶς
3905 4105 4000 4158 ὅλα

2414 4175 2481 4226 τὰ
2510 4175 2604 4228 τοῦ
2635 4178 2842 4243 κόσμου
2876 4181 3087 4248 τούτου,
3124 4186 3368 4254 σήμερον
3396 4187 3611 4252 τούτου,
3657 4191 3857 4261 αὔριον
3901 4198 3997 4248 ἀλα

2414 4267 2506 4320 λου
2555 4271 2840 4340 γινόμενα.
2902 4274 3091 4344 Ἡμεῖς
3119 4273 3214 4329 οὖν
3259 4279 3327 4331 τά
3361 4281 3456 4332 τοῦ
3503 4282 3671 4334 Δαϐὶδ
3706 4288 3855 4353 μετά
3902 4288 3997 4341 τοῦ

2413 4357 2577 4410 Δαὸὶδ
2621 4360 3055 4432 μελῳδήσωμεν,
3098 4367 3160 4421 τό
3186 4384 3200 4398 ο
3231 4386 3250 4420 ι
3327 4371 3702 4442 Ἐπορευὸμην
3751 4378 3816 4428 ἐν
3857 4379 3996 4430 πλαο

734 4455 1053 4511 excolendae
1109 4453 1354 4507 virtutis.
1420 4450 1526 4504 Sed
1570 4458 1629 4504 et
1687 4448 1931 4502 llebrseis
1994 4446 2138 4501 idem
2193 4448 2306 4500 ait:

2431 4449 2636 4519 τυσμῷ,
2687 4452 2769 4504 ὅτι
2813 4455 2913 4518 τάς
2967 4457 3186 4522 ἐντολάς
3238 4477 3332 4513 σου
3383 4462 3705 4535 ὲξιζήτησα.
3779 4486 3800 4520 ι
3836 4470 3991 4522 Καίο

740 4567 760 4600 ι
799 4547 1008 4601 Vinetis
1027 4542 1300 4613 compassi
1323 4541 1480 4601 estis.
1522 4539 1963 4606 etdireptionem
1990 4537 2310 4592 facultatum

733 4649 1047 4694 vestrarum
1081 4649 1206 4690 eum
1256 4633 1458 4701 gaudio
1500 4629 1847 4698 suscepistis,
1914 4637 2313 4698 cognoscentes

734 4728 1108 4796 vosmetipsos
1184 4723 1392 4777 habere
1479 4722 1764 4774 meliorem
1826 4720 2190 4773 substantiam
2256 4727 2314 4773 et

736 4827 1051 4875 manentem
1087 4815 1142 4868 in
1195 4814 1355 4867 caelis
1381 4812 1447 4864 “.
1483 4829 1502 4862 ι
1558 4810 1730 4864 David
1778 4825 1912 4864 vero
1954 4819 2011 4863 et
2065 4810 2308 4864 Psaltes:

741 4930 760 4963 ι
825 4909 1038 4964 Divitiae
1100 4905 1148 4960 si
1194 4905 1441 4965 alliuant,
1485 4900 1658 4954 nolite
1713 4915 1811 4954 eor
1859 4899 2215 4968 apponere".
2283 4917 2304 4952 ι

732 5001 937 5070 Utique
966 4998 1105 5051 dixit
1127 4996 1442 5064 eleganter:
1479 5011 1498 5044 ι
1535 4991 1594 5046 Si
1624 4990 1884 5044 aﬂluant:
1927 5011 1945 5042 ι
1984 4990 2133 5045 More
2156 4990 2306 5045 enim

735 5107 892 5161 aquae
923 5105 1022 5160 per
1040 5088 1214 5142 elices
1241 5082 1565 5146 dillluentis,
1594 5082 1854 5135 universa
1897 5081 2089 5135 mundi
2144 5082 2308 5135 istius

2418 4559 2436 4592 ι
2486 4541 2780 4614 Ἤγάπησα
2811 4547 2911 4608 τὰς
2939 4547 3158 4612 δντολάς
3187 4568 3282 4603 σου
3327 4553 3466 4624 ὑπὲρ
3509 4557 3735 4625 χρυσίον
3783 4561 3882 4612 καὶ
3909 4577 3994 4611 το-

2409 4632 2637 4694 πάζιονο
2688 4653 2707 4686 ι
2744 4637 2874 4701 Καὶ,
2913 4653 2933 4688 ι
2973 4639 3190 4710 Πτωχὸς
3226 4643 3318 4695 καὶ
3349 4646 3517 4714 πένης
3558 4647 3874 4702 αίνέσουσίν
3908 4667 3990 4714 σε,

2409 4723 2601 4792 Κύριε.
2626 4742 2646 4775 ι
2666 4725 2724 4778 ὐ
2745 4726 2801 4778 δὲ
2824 4728 3026 4798 Κύριος
3051 4731 3130 4802 τῷ
3158 4732 3419 4803 πλουσίῳ,
3441 4754 3460 4785 ι
3491 4737 3551 4789 El
3591 4737 3770 4802 θέλεις
3785 4741 3990 4803 τέλειος

2407 4810 2572 4876 εἶναι,
2602 4814 2802 4884 ὕπαγε,
2847 4818 3100 4889 πώλησόν
3134 4839 3228 4875 σου
3259 4825 3328 4876 τὰ
3372 4826 3712 4896 ὑπάρχοντα,
3757 4832 3858 4885 καὶ
3901 4833 3989 4898 δὸς

2415 4902 2558 4955 αὑτά
2607 4907 2863 4974 πτωχοῖς,
2900 4908 2997 4960 καὶ
3039 4909 3180 4973 ἔξεις
3219 4911 3492 4983 θησαυρὸν
3535 4917 3594 4969 ιν
3637 4918 3913 4988 οὐρανοῖς.
3964 4942 3982 4973 ι

2416 4992 2522 5044 Καί
2553 5009 2566 5023 ·
2605 5012 2624 5045 ι
2661 4996 2853 5065 Δεῦρο,
2890 4998 3172 5054 ἀκολούθει
3211 5019 3328 5072 μοι,
3359 5021 3378 5055 ›
3420 5005 3560 5076 ἀρας
3595 5009 3690 5061 τὸν
3731 5014 3985 5079 σταυρόν.

2412 5082 2570 5153 Αὐτῷ
2597 5086 2630 5154 ή
2664 5085 2797 5161 ,δόξα
2833 5089 2916 5150 είς
2950 5091 3078 5153 τοὺς
3101 5091 3324 5155 αἰῶνας.
3369 5095 3560 5166 Ἀμήν.

734 5197 838 5235 nos
866 5183 1224 5248 praetereunt.
1251 5172 1508 5227 Hodiead
1528 5173 1692 5241 hujus
1739 5172 1982 5241 pendent
2008 5171 2339 5236 arbitrium;
2377 5174 2640 5238 crastino,
2701 5178 2883 5231 futura
2928 5195 3099 5248 penes
3139 5183 3396 5244 alterum.
3467 5186 3578 5240 Nos
3643 5187 3819 5258 igitur
3859 5205 3982 5244 cum

733 5272 929 5325 beatus
949 5265 1120 5322 David
1143 5263 1342 5318 melico
1378 5271 1649 5316 concentu
1685 5262 2035 5316 cantillemus
2061 5260 2286 5314 verbum
2325 5261 2517 5330 ipsius,
2545 5265 2752 5334 1171
2795 5285 2813 5317 ι
2845 5267 3206 5323 Ambulabain
3242 5272 3297 5325 in
3335 5272 3652 5337 latitudine,
3676 5278 3810 5346 quia
3835 5295 3972 5332 mam

731 5362 857 5414 data
889 5368 981 5412 tua
1027 5354 1297 5423 exquisivi
1322 5354 1386 5405 “.
1414 5371 1432 5404 ι
1470 5353 1557 5416 Ει,
1598 5371 1616 5404 ι
1655 5353 1827 5407 Dilexi
1889 5353 2144 5407 mandata
2201 5364 2292 5406 tua
2335 5368 2500 5420 super
2557 5371 2752 5410 aurum
2780 5367 2836 5411 et
2875 5361 3126 5428 topazion
3173 5361 3241 5417 ".
3277 5381 3295 5414 ›
3327 5364 3414 5427 Et,
3449 5383 3468 5415 ι
3505 5366 3722 5436 Pauper
3744 5381 3801 5422 et
3828 5370 3983 5440 inops

731 5447 1040 5504 laudabunt
1089 5453 1179 5508 te,
1209 5443 1439 5498 Domine
1472 5442 1540 5494 ".
1579 5461 1597 5493 ›
1669 5441 1775 5495 Sed
1833 5451 1889 5495 et
1936 5442 2053 5512 ipse
2130 5444 2397 5500 Dominus
2433 5446 2626 5500 diviti:
2667 5465 2684 5498 ι
2727 5448 2783 5503 Si
2815 5450 2900 5504 vis
2934 5451 3216 5519 perfectus
3251 5468 3395 5520 esse,
3435 5455 3596 5521 vade,
3630 5458 3812 5514 vende
3862 5469 3982 5517 tua

802 5645 845 5674 “
892 5643 1072 5698 lCor.
1107 5659 1164 5702 ll.
1214 5645 1267 5699 9.
1382 5641 1425 5670 δ’
1472 5639 1769 5701 Rom.vm,
1801 5639 1885 5694 l7.

729 5715 1020 5776 cxvas.
1094 5717 1136 5745 "
1160 5715 1295 5773 ibid.
1329 5712 1451 5770 {‘27.
1528 5709 1569 5740 “
1601 5711 1739 5763 I’sal.
1767 5707 2063 5771 ιχλιιι,21.

2001 5638 2045 5669 ⁸³
2090 5638 2290 5707 Eplies.
2327 5655 2402 5703 γι,
2437 5642 2523 5695 12.

2628 5643 2676 5674 ⁸⁸
2715 5642 2880 5697 llebr.
2906 5659 2959 5709 x,
3001 5646 3089 5701 54.
3186 5647 3232 5678 “
3261 5648 3405 5703 Psal.
3431 5663 3535 5716 ut,
3563 5649 3650 5705 ll.
3756 5654 3803 5685 “
3834 5653 3979 5712 Psal.
