4178 6424
234 441 374 502 1709
1350 428 1678 489 IlOMlLlA
1721 427 1835 485 XC.
1874 450 1941 461 —
1982 425 2078 484 DE
2120 425 2389 485 LUCTU.
3346 417 3475 479 l7lll

231 556 549 611 facultates,
575 561 631 603 et
664 548 730 602 da
768 545 1123 615 pauperibus,
1155 552 1211 597 et
1238 541 1470 597 habebis
1498 541 1817 593 thesaurum
1861 539 1913 589 in
1973 536 2210 590 caelis“.
2246 554 2262 584 ι
2320 535 2381 587 Ι-ζι
2415 553 2422 582 ;
2457 553 2472 583 4
2513 534 2668 596 Veni,
2713 546 2945 603 sequere
2980 547 3065 585 me
3116 530 3162 565 '°
3199 549 3217 582 ι
3265 529 3474 583 sublata

224 664 421 704 cruce.
449 648 555 717 ipsi
591 644 766 716 gloria
790 645 844 697 in
878 641 1075 696 szccula
1099 638 1445 692 smculorum.
1471 638 1665 688 Amen.

856 753 1076 808 ΛΟΓΟΣ
1116 756 1186 815 ιτ.
1836 738 1878 790 Λ
2470 741 2750 795 ΙΙΟΜΙῌΛ
2807 740 2914 792 XC.

783 867 921 934 Περὶ
971 867 1250 927 πένθους.

1188 884 1250 927 νς,
2554 854 2625 904 llr
2679 854 2838 907 luctu.

302 984 378 1036 Τδ
415 982 613 1042 πένθος
654 974 996 1047 συμμέτοχόν
1026 975 1141 1026 ἐστι
1171 973 1268 1038 τῆς
1309 969 1693 1039 ἁκτημοαύνης
1718 967 1809 1019 καὶ

1982 971 2186 1025 Luctus
2237 971 2436 1039 inopiae
2472 984 2701 1022 consors
2734 979 2839 1031 est,
2892 968 2946 1021 ui
2994 978 3053 1022 ct
3086 970 3346 1023 omnibus
3378 986 3460 1025 no

229 1078 402 1129 πᾶσιν
430 1076 565 1143 ἡμῖν
592 1069 848 1142 ἀρμόόιόν
890 1069 1037 1120 ἐστιν
1075 1068 1167 1119 καὶ
1202 1062 1499 1131 ὲπωφελές.
1538 1060 1616 1114 Οὐ
1651 1061 1810 1129 μόνον

1912 1062 1997 1115 his
2036 1062 2324 1131 congruit,
2366 1069 2562 1127 estque
2594 1074 2856 1127 perquam
2887 1060 3059 1114 utilis.
3108 1061 3296 1130 Neque
3331 1065 3480 1116 enim

228 1168 340 1235 γὰρ
370 1164 661 1234 ἐργάζεται
703 1158 801 1220 τὰς
839 1155 1064 1225 ἀρετὰς,
1094 1152 1233 1207 ἀλλὰ
1261 1152 1355 1203 καὶ
1387 1148 1669 1216 φυλάσσει.
1700 1145 1812 1198 Καὶ

1913 1152 2147 1206 \irtutes
2198 1152 2363 1205 modo
2411 1159 2709 1220 operatur,
2767 1152 2862 1204 sed
2908 1163 2965 1205 et
3009 1153 3236 1206 easdem
3291 1155 3480 1208 solerti

235 1258 378 1325 μετὰ
411 1255 513 1313 τὴν
545 1248 795 1303 ἐντεῦθεν
830 1246 1162 1317 μετάστασιν
1191 1243 1363 1293 αἴτιον
1390 1240 1563 1309 χαρᾶς
1591 1236 1810 1291 αἰωνίου

1913 1254 2099 1297 tuetur
2126 1242 2400 1304 custodia,
2430 1243 2700 1310 nobisque
2719 1241 2849 1295 hinc
2869 1244 3268 1311 emigrantibus
3310 1246 3481 1315 (juxta

237 1348 350 1405 τοῖς
383 1345 546 1411 μέχρι
578 1339 761 1399 τέλους
792 1336 1115 1403 κατέχουσιν
1150 1330 1285 1385 αὐτὸ
1322 1329 1548 1396 γίνεται,
1583 1328 1677 1379 καὶ
1707 1343 1809 1377 πα-

1914 1334 2129 1387 Domini
2177 1334 2512 1399 sermonem)
2574 1334 3017 1386 auctor-:etemi
3072 1334 3130 1385 fit
3174 1336 3378 1402 gaudii,
3428 1344 3481 1389 et

238 1434 566 1503 ρακλήσεως
616 1429 873 1499 πρόξενον
924 1423 1065 1477 κατὰ
1109 1423 1199 1475 τὸν
1249 1422 1404 1488 λόγον
1440 1419 1535 1472 τοῦ
1581 1418 1809 1486 Κυρίου.

1912 1426 2309 1479 consolationis
2346 1423 2617 1493 pararios,
2669 1424 2714 1477 si
2744 1424 2910 1477 modo
2956 1424 3136 1493 ipsum
3180 1442 3349 1494 penes
3385 1444 3483 1480 nos

248 1523 428 1592 ’Υπὲρ
458 1519 623 1573 αὐτοῦ
654 1515 749 1570 οὖν
783 1514 891 1584 πρὸ
921 1512 1141 1565 πάντων
1169 1511 1483 1578 αἰτήσωμεν
1523 1508 1615 1559 τὸν
1656 1504 1810 1564 Θεὸν,

1915 1518 2220 1570 retinemus
2249 1530 2423 1582 usque
2456 1515 2509 1567 in
2548 1514 2731 1568 finem.
2761 1514 2867 1568 Pro
2916 1514 3265 1583 impetrando
3319 1516 3485 1583 igitur

237 1613 326 1667 ἵνα
355 1611 647 1679 χαρξσηται
678 1610 808 1676 ἡμῖν
839 1604 973 1657 αὐτὸ
999 1602 1320 1655 ἀδιάστατον
1351 1600 1527 1651 πάντα
1556 1597 1649 1649 τὸν
1684 1596 1812 1665 χρό-

1914 1608 2063 1661 luctu
2092 1616 2219 1660 ante
2240 1605 2424 1659 omnia
2445 1604 2861 1672 interpellemus
2886 1605 3256 1667 Deum,nobis
3281 1613 3337 1658 ut
3360 1621 3484 1658 eum

240 1722 327 1756 νον
363 1703 462 1769 τῆς
497 1700 640 1769 ζωῆς
670 1697 847 1767 ἡμῶν.
885 1696 950 1747 Οἱ
1000 1695 1109 1762 γὰρ
1159 1692 1253 1744 τοῦ
1312 1690 1539 1750 πένθους
1585 1686 1812 1756 ἐρασταὶ

1913 1699 2153 1765 gratuito
2200 1697 2469 1757 conferat,
2528 1694 2777 1747 futurum
2828 1694 3175 1748 individuum
3226 1697 3484 1751 comitem

240 1799 457 1866 ἔχοντες
496 1794 625 1847 αὐτὸ
653 1793 968 1862 παράμονον
998 1788 1091 1840 καὶ
1119 1788 1184 1854 τῇ
1232 1784 1506 1850 προσευχῇ
1538 1796 1815 1849 προσχαρι-

1914 1790 2063 1842 omni
2085 1799 2332 1857 tempore
2360 1788 2485 1840 vitae
2507 1787 2668 1840 istius
2695 1794 2916 1839 nostrae.
2934 1785 3093 1840 llunc
3117 1803 3262 1841 enim
3287 1804 3484 1857 perpe-

243 1888 496 1957 ιεροῦσιο
548 1886 640 1937 καὶ
686 1886 734 1934 οἱ
785 1880 1017 1932 τοιοῦτοι
1063 1875 1339 1929 ἐνδύονται
1414 1873 1482 1924 τά
1527 1871 1667 1924 ὅπλα
1717 1869 1812 1921 τοῦ

1917 1892 2025 1934 tein
2056 1878 2337 1949 possident
2375 1876 2469 1945 qui
2526 1877 2701 1945 ipsius
2746 1886 2874 1930 sunt
2930 1887 3225 1939 amatores,
3284 1879 3380 1931 sed
3432 1886 3489 1931 et

240 1980 443 2045 φωτός.
484 1978 593 2028 Kal
623 1972 931 2029 ἀκούουσιν,
967 1986 986 2020 ι
1024 1966 1124 2020 Σοῦ
1155 1966 1212 2018 δὲ
1260 1967 1288 2033 ἡ
1340 1962 1498 2033 στολὴ
1547 1963 1746 2030 θερμὴ.
1791 1977 1808 2008 ι

1916 1973 2152 2025 orationi
2211 1969 2498 2039 invigilant
2553 1976 2894 2021 constanter.
2952 1968 3057 2034 Qui
3123 1970 3259 2023 tales
3315 1980 3485 2032 sunt.

240 2070 306 2119 Ol
336 2068 394 2118 δὲ
435 2064 621 2133 ἐχθροὶ
651 2061 831 2115 αὐτῶν
858 2058 1109 2124 καθάπερ
1139 2052 1384 2107 διπλοΐδα
1428 2050 1689 2118 αἰσχύνην
1717 2064 1815 2099 πε·
1850 2054 1888 2106 Β

1850 2054 1888 2106 Β
1922 2063 2228 2116 induuntur
2251 2076 2401 2115 arma
2425 2058 2587 2121 lucis,
2609 2066 2666 2111 et
2694 2058 2930 2112 audiunt
2957 2059 3127 2112 illud:
3162 2078 3178 2110 ι
3211 2060 3359 2113 Stola
3396 2069 3486 2113 tua

244 2155 622 2227 ριϐαλοῦνται,
672 2150 770 2203 καὶ
821 2150 877 2201 al.
927 2145 1166 2214 διαδοχαὶ
1224 2141 1319 2195 τοῦ
1373 2139 1603 2201 πένθους
1647 2139 1811 2203 εἰσὶν,

1922 2152 2129 2205 fervida
2158 2160 2265 2204 est.
2302 2169 2321 2202 ι
2357 2151 2592 2202 Istorum
2628 2163 2762 2201 vero
2788 2148 2996 2202 inimici
3040 2149 3196 2217 quasi
3246 2149 3489 2217 diploide

241 2247 430 2308 καθὼς
471 2246 704 2313 εἴρηται,
748 2237 1069 2308 ἐπουράνιος
1102 2234 1276 2303 χαρὰ,
1307 2234 1400 2283 καὶ
1436 2230 1614 2300 τρυφὴ
1656 2230 1812 2297 avsp-

1920 2241 2244 2294 confusione
2272 2237 2843 2293 circumamiciuntur.
2879 2237 3087 2290 Luctus
3139 2253 3271 2291 sane
3332 2239 3493 2292 istius

242 2340 536 2403 μήνευτος,
591 2335 685 2384 καὶ
729 2330 855 2394 δόξα
902 2326 1290 2393 ἀνεκλάλητος.
1347 2322 1517 2373 Τοῦτο
1562 2320 1670 2389 γὰρ
1718 2320 1813 2371 καὶ

1922 2334 2264 2387 suceedanea
2288 2332 2580 2387 hazreditas
2608 2332 2744 2391 lucc,
2785 2330 3009 2384 cwleste
3036 2330 3323 2399 gaudium,
3355 2330 3492 2383 deli-

241 2428 352 2479 ὑπὸ
420 2424 515 2476 τού
581 2417 1008 2489 Ἐκκλησιαστοῦ
1067 2413 1465 2483 διδασκόμεθα,
1529 2412 1809 2478 λέγοντοςο

1922 2423 2022 2476 cia:
2054 2439 2163 2475 non
2192 2421 2659 2490 interpretabiles,
2696 2419 3078 2486 incloquibilis
3106 2420 3303 2489 gloria,
3352 2437 3493 2474 nun-

246 2531 267 2564 c
323 2511 555 2579 Ἀγαθὸν
598 2505 929 2577 πορευθῆναι
960 2505 1037 2566 εἰς
1072 2499 1219 2555 οἶκον
1251 2501 1503 2562 πένθους,
1548 2497 1581 2567 ἢ
1614 2513 1813 2567 πορευο

1921 2526 2084 2578 quam
2115 2510 2361 2565 desitura
2387 2509 2703 2562 exsultatio.
2742 2508 2857 2563 Hoc
2888 2509 3067 2576 ipsum
3115 2524 3215 2563 nos
3270 2510 3493 2565 instruit

242 2604 407 2671 θῆναι
442 2601 521 2661 εἰς
559 2594 707 2651 οἷκον
754 2596 942 2647 πότου.
984 2611 1003 2643 ι
1033 2593 1141 2644 Καὶ
1174 2589 1335 2641 πάλιν
1363 2604 1377 2619 ’
1415 2605 1433 2638 ι
1474 2585 1682 2655 Καρδία
1729 2601 1813 2636 σο-

1923 2600 2325 2654 Ecclesiastes:
2360 2617 2378 2649 ι
2419 2599 2617 2651 Melius
2665 2607 2752 2652 est
2791 2600 2870 2653 ire
2905 2599 2973 2652 ad
3004 2600 3227 2653 domum
3287 2602 3489 2665 luctus,

242 2692 363 2761 φῶν
392 2692 452 2742 ὲν
483 2689 616 2758 οἴκῳ
650 2686 911 2746 πένθουςο
948 2680 1147 2751 καρδία
1189 2680 1247 2732 δὲ
1277 2677 1527 2746 ἀφρόνων
1556 2680 1636 2739 εἰς
1667 2672 1815 2728 οἷκον

1920 2706 2087 2756 quam
2145 2702 2374 2758 pergere
2427 2687 2495 2740 ad
2555 2687 2778 2740 domum
2820 2688 3058 2741 convivii
3078 2690 3145 2741 ⁸³.
3193 2707 3211 2739 ι
3248 2690 3488 2745 lterum:

243 2781 606 2850 εὐφροσύνης.
677 2796 696 2829 ι
758 2776 870 2829 Kal
913 2774 1109 2840 ἐπάγει
1139 2787 1151 2800 ⁸
1188 2789 1206 2822 ι
1257 2771 1347 2838 Μὴ
1396 2768 1614 2837 ὑστέρει
1676 2768 1816 2836 μετὰ

1930 2799 1945 2827 ι
1977 2779 2087 2832 Cor
2113 2778 2448 2846 sapientium
2477 2778 2529 2831 in
2562 2777 2727 2831 domo
2767 2778 2971 2841 luctus,
3004 2793 3103 2833 cor
3130 2790 3314 2833 autem
3353 2780 3493 2834 stul-

244 2874 562 2933 κλαιόντων,
589 2869 684 2922 καὶ
723 2867 861 2937 μετὰ
901 2861 1241 2916 πενθούντων
1271 2859 1561 2926 πένθησον.
1601 2875 1619 2907 ι
1654 2858 1816 2923 Λέγει

1924 2876 2104 2919 torum
2134 2866 2187 2919 in
2218 2866 2383 2919 domo
2413 2866 2701 2919 laetitia".
2738 2884 2756 2916 ι
2783 2866 3028 2919 lnducit:
3066 2886 3085 2917 ‹
3124 2868 3204 2922 Ne
3242 2870 3495 2939 pigrieris

243 2965 302 3016 δὲ
338 2964 433 3015 καὶ
460 2965 489 3014 ὁ
516 2960 800 3031 προφήτης
841 2956 1042 3023 Ἀμώς·
1088 2971 1106 3004 ι
1153 2951 1282 3004 Ἰδοὺ
1311 2950 1516 3019 ἡμέραι
1542 2949 1813 3017 ἔρχονται,

1922 2972 2046 3009 eum
2071 2957 2331 3012 ﬂentibus
2357 2957 2509 3019 ﬂere,
2543 2965 2600 3010 et
2658 2973 2777 3010 sum
2808 2958 3128 3026 lugentibus
3165 2960 3429 3029 lugere”.
3470 2981 3490 3014 ι

244 3055 395 3124 λέγει
447 3053 674 3121 Κύριος,
717 3050 814 3101 καὶ
846 3042 1192 3111 ἐξαποστελῶ
1225 3042 1382 3111 λιμὸν
1429 3043 1521 3093 ἐπὶ
1550 3042 1647 3110 τὴν
1690 3042 1814 3109 γῆν,

1925 3048 2069 3101 Dicit
2090 3058 2273 3101 autem
2298 3060 2355 3101 et
2374 3049 2640 3117 propheta
2662 3049 2855 3102 Amos:
2890 3069 2908 3101 ι
2939 3051 3082 3105 Ecce
3104 3050 3224 3107 dies
3244 3053 3492 3119 veniunt,

245 3148 309 3199 ού
345 3144 501 3213 λιμὸν
543 3142 731 3210 ἄρτου,
762 3138 882 3191 οὑδὲ
913 3136 1070 3205 δίψαν
1117 3133 1329 3195 ὓδατος,
1370 3131 1508 3183 ἀλλὰ
1535 3130 1692 3198 λιμὸν
1722 3127 1816 3180 τοῦ

1923 3140 2060 3193 dicit
2094 3140 2379 3204 Dominus,
2425 3148 2483 3193 et
2519 3140 2768 3193 emittam
2805 3140 3003 3195 famem
3034 3157 3201 3212 super
3264 3155 3493 3209 terram,

247 3236 480 3289 ἀκοῦσαι
512 3232 667 3298 λόγον
706 3227 949 3295 Κυρίου’
981 3224 1077 3277 καὶ
1119 3220 1436 3289 πενθήσειή
1478 3217 1574 3286 γῆ,
1613 3217 1706 3269 καὶ
1748 3215 1819 3267 τά

1925 3246 2033 3283 non
2063 3229 2262 3283 famem
2293 3231 2470 3298 panis.
2526 3245 2707 3299 neque
2751 3231 2897 3285 sitim
2933 3247 3111 3301 aquae,
3146 3236 3241 3288 sed
3297 3236 3495 3290 famem

248 3330 307 3382 ἰν
346 3327 506 3394 αὐτῇ.
567 3340 587 3375 ι
634 3320 768 3374 Νυνὶ
796 3318 852 3370 δὲ
884 3315 1238 3383 πεπλήρωται
1272 3313 1304 3381 ἠ
1339 3309 1652 3379 προφητεία
1678 3307 1815 3376 αὓτη
1855 3382 1889 3394 Α

1855 3382 1889 3394 Α
1925 3320 2188 3373 audiendi
2216 3321 2448 3374 verbum
2496 3322 2735 3385 Domini,
2787 3330 2845 3375 et
2868 3323 3079 3391 lugebit
3107 3333 3274 3387 terra,
3335 3336 3393 3381 et
3433 3346 3498 3384 ea

250 3423 310 3473 ὲν
360 3382 486 3480 τοῖς⁵
522 3418 731 3485 καιροῖς
771 3410 948 3481 ἡμῶν.
990 3428 1008 3460 ι
1052 3382 1267 3467 Πάντες
1295 3408 1404 3473 γὰρ
1446 3402 1820 3471 ὲξεκλίναμεν,
1848 3382 1891 3439 C

1848 3382 1891 3439 ο
1925 3426 2047 3477 quae
2066 3412 2120 3463 in
2147 3410 2261 3478 ipsa
2284 3420 2447 3465 erunt
2464 3413 2529 3465 ³⁸.
2545 3430 2562 3462 ι
2596 3413 2689 3466 llis
2707 3428 2857 3467 nunc
2877 3415 3081 3469 nostris
3103 3416 3498 3484 temporibusa

253 3513 371 3579 ἅμα
403 3506 806 3578 ἠχρειώθημεν.
845 3521 864 3553 ι
899 3500 1039 3569 Φησὶ
1085 3499 1142 3551 δὲ
1175 3498 1267 3550 καὶ
1308 3497 1337 3547 ὁ
1380 3494 1628 3560 Ίῐσαῖας,
1667 3512 1685 3546 t
1727 3493 1825 3546 Διὰ

1930 3501 2213 3569 impletum
2256 3508 2341 3556 est
2365 3502 2525 3557 istius
2555 3504 2839 3573 propheta:
2877 3506 3163 3558 oraculum
3200 3523 3214 3558 :
3249 3524 3267 3556 ι
3297 3505 3503 3561 Omnes

252 3602 413 3653 τοῦτο
458 3595 610 3660 εἶπα,
639 3592 840 3661 ’Δφετέ
890 3608 977 3659 με,
1013 3590 1223 3658 πικρῶς
1268 3586 1573 3655 κλαύσομαι
1614 3586 1706 3638 ἐπὶ
1748 3586 1827 3653 τῷ

1925 3594 2076 3647 enim
2104 3594 2526 3657 declinavimus,
2558 3596 2720 3648 simul
2748 3595 2975 3650 inutiles
3011 3595 3139 3650 facti
3169 3599 3440 3650 sumus".
3479 3617 3496 3648 ι

256 3690 628 3759 συντρὶμματι
644 3684 739 3737 τοῦ
768 3682 960 3750 γένους
992 3697 1116 3748 μου,
1151 3677 1226 3747 μὴ
1263 3676 1624 3746 κατισχύσατε
1654 3692 1828 3745 παρα-

1930 3681 2037 3734 Scd
2061 3689 2118 3736 et
2138 3681 2341 3737 [Saiasz
2381 3699 2401 3733 ι
2436 3682 2668 3751 PrOpter
2696 3684 2800 3737 hoc
2853 3684 2964 3737 dixi
2992 3702 3003 3736 :
3049 3685 3309 3740 ltecedite
3331 3702 3361 3739 a
3394 3703 3502 3749 me,

256 3781 445 3835 καλεῖν
470 3795 555 3847 με.
582 3796 599 3826 ι
631 3775 741 3828 Kal
767 3777 795 3826 ὸ
824 3772 1113 3841 Ἱερεμίας,
1154 3788 1172 3821 ι
1203 3769 1299 3831 Τίς
1321 3767 1481 3820 δώσει
1510 3770 1579 3836 τῇ
1614 3767 1825 3834 κεφαλῇ

1932 3789 2118 3827 amare
2146 3772 2291 3827 flebo
2320 3788 2489 3842 super
2515 3774 2854 3828 contritione
2892 3776 3072 3844 gentis
3106 3791 3274 3831 mete:
3330 3788 3385 3831 et
3437 3795 3506 3832 ne

259 3889 365 3942 μου
398 3870 564 3938 ὕδωρ,
596 3868 823 3927 καὶτοῖς
853 3863 1151 3931 ὀφθαλμοῖς
1187 3878 1287 3929 μου
1335 3859 1517 3928 πηγὰς
1554 3857 1828 3926 δακρύων,

1932 3864 2076 3917 dctis
2119 3879 2366 3932 operam,
2432 3872 2491 3917 ut
2543 3866 2908 3920 consolcmini
2963 3868 3127 3920 me“.
3163 3886 3181 3917 ι
3236 3868 3509 3923 Jeremias

257 3966 356 4017 καὶ
407 3961 714 4028 κλαύσομαι
762 3957 972 4026 ἡμέρας
1022 3954 1117 4007 καὶ
1166 3951 1390 4014 νυκτόςς
1448 3970 1466 4001 ι
1524 3951 1718 4017 Ἔλεγε
1773 3950 1830 4001 δὲ

1936 3954 2189 4023 insuper:
2224 3973 2243 4005 α
2291 3954 2426 4020 Quis
2464 3955 2619 4009 dabit
2644 3956 2809 4025 capiti
2844 3972 2967 4011 meo
2990 3972 3213 4026 aquam,
3243 3968 3301 4012 et
3333 3960 3510 4012 oculis

258 4055 357 4104 xal
393 4050 474 4119 τῷ
507 4051 651 4115 λαῷ’
692 4065 710 4098 ι
753 4044 1232 4110 Καταγαγέτωσαν
1264 4042 1312 4093 οἱ
1344 4038 1614 4107 ὀφθαλμοὶ
1655 4038 1831 4107 ὑμῶν,

1937 4046 2075 4099 meis
2135 4046 2344 4100 fontem
2406 4047 2822 4116 lacrymarum;
2889 4057 2947 4102 et
3012 4050 3247 4116 plorabo
3302 4049 3391 4101 die
3448 4066 3512 4103 ac

256 4144 474 4211 δάκρυα
498 4140 709 4208 ἡμέρας
730 4138 824 4187 καὶ
846 4134 1062 4195 νυκτός.
1084 4152 1103 4184 ι
1133 4131 1274 4184 Ἀλλ’
1301 4132 1359 4181 ὲν
1380 4132 1510 4199 ἡμῖν
1530 4130 1629 4181 οὐκ
1646 4129 1790 4182 ἔστιν
1804 4131 1834 4181 ὁ

1936 4147 2100 4190 nocte
2119 4136 2204 4187 '7?
2236 4155 2254 4187 ι
2292 4137 2525 4191 Dicebat
2574 4137 2704 4191 item
2751 4148 2808 4191 et
2862 4140 3101 4208 populo:
3155 4158 3173 4188 ι
3225 4140 3513 4194 Deducent

260 4234 485 4286 συνιών·
503 4231 570 4283 τά
588 4230 694 4297 γὰρ
709 4225 1119 4297 προγραφέντα,
1138 4225 1216 4285 είς
1233 4224 1379 4291 ἡμᾶς
1396 4221 1754 4289 κατήντησεν.
1775 4219 1833 4271 Ὀ

1935 4229 2083 4282 oculi
2115 4228 2222 4281 mei
2252 4229 2521 4299 laerymas
2576 4229 2669 4283 die
2700 4244 2764 4283 ac
2811 4240 2972 4284 nocte
2991 4231 3055 4282 ⁸⁸.
3096 4249 3114 4280 ι
3157 4230 3322 4299 ΑΙ(ιυὶ
3369 4232 3513 4284 inter

257 4326 318 4376 δὲ
354 4322 577 4389 Δανιὴλ·
594 4338 612 4370 ι
630 4318 738 4372 Kal
760 4317 936 4370 ἔδωκα
964 4314 1025 4366 τὸ
1050 4313 1344 4383 πρόσωπόν
1365 4328 1466 4381 μου
1485 4311 1617 4380 πρὸς
1634 4309 1836 4378 Κύριον

1938 4332 2041 4370 nos
2069 4332 2177 4369 non
2204 4326 2290 4370 est
2329 4318 2422 4385 qui
2464 4317 2753 4388 intelligat.
2792 4318 2925 4384 Qua:
2962 4320 3111 4374 enim
3171 4321 3515 4389 propheticis

257 4416 354 4468 τὸν
381 4413 516 4464 Θεόν
543 4427 644 4479 μου
675 4410 734 4461 ὲν
756 4405 980 4473 νηστείᾳ
1025 4405 1118 4456 καὶ
1139 4404 1351 4471 σάκκῳ.
1388 4420 1407 4453 ι
1444 4402 1552 4453 Kal
1591 4403 1619 4451 ὁ
1650 4398 1831 4461 Δαυῖδ,

1937 4408 2183 4460 oraculis
2262 4407 2593 4477 prmsignata
2662 4418 2822 4471 sunt,
2897 4419 3264 4464 occurrerunt
3326 4411 3511 4463 nobis.

266 4526 286 4556 ι
338 4505 428 4565 Ὠς
463 4500 673 4555 πενθῶν
723 4499 817 4550 καὶ
856 4494 1268 4565 σκυθρωπάζων
1306 4491 1478 4553 οὓτως
1524 4488 1837 4543 ἑταπεινούο

1941 4493 2129 4547 Daniel
2157 4508 2410 4561 quoque:
2446 4513 2463 4543 ι
2500 4495 2632 4548 Dedi
2659 4495 2855 4550 faciem
2888 4513 3066 4551 meam
3109 4498 3178 4550 ad
3220 4499 3514 4552 Dominum

264 4614 400 4666 μην.
461 4611 481 4645 ι
549 4592 680 4653 Kal,
739 4607 758 4639 ι
812 4584 1265 4654 Ἐταλαιπώρησα
1312 4582 1408 4633 καὶ
1444 4579 1837 4649 κατεκάμφοην

1942 4584 2113 4636 Deum
2144 4597 2328 4635 meum
2358 4583 2411 4635 in
2433 4582 2644 4652 jejunio
2662 4592 2716 4637 et
2741 4586 2983 4638 sacco”.
3011 4605 3028 4635 ι
3058 4587 3261 4640 David:
3324 4608 3341 4637 ι
3372 4588 3517 4641 Tan-

260 4690 373 4748 ἓως
409 4684 617 4750 τέλους,
669 4681 800 4751 ὅλην
843 4679 943 4748 τὴν
990 4679 1205 4747 ἡμέραν
1246 4673 1659 4745 σκυθρωπάζων
1708 4674 1837 4724 ἑπο-
1868 4694 1910 4748 υ

1868 4694 1912 4748 υ
1941 4673 2319 4743 quamlugens
2337 4681 2394 4726 et
2418 4674 2779 4730 contristatus
2809 4677 2891 4731 sic
2921 4677 3254 4731 humiliabar
3271 4679 3368 4732 ⁸⁸.»
3402 4680 3469 4734 Et
3499 4698 3509 4732 :

265 4777 530 4847 ρευὸμην,
561 4776 644 4826 ὅτι
686 4773 742 4823 al.
770 4769 904 4839 ψύαι
955 4784 1055 4836 μου
1091 4764 1481 4835 ὲμπλήσθησαν
1512 4762 1832 4831 ἐμπαιγμά-

1944 4783 1961 4812 ι
2005 4764 2169 4817 Miser
2196 4762 2376 4818 factus
2418 4778 2562 4824 sum,
2595 4773 2652 4818 et
2696 4776 2961 4821 curvatus
2992 4784 3167 4837 usque
3197 4771 3251 4823 in
3310 4771 3508 4835 finem;

260 4884 399 4918 των.
439 4882 459 4917 ι
488 4864 595 4916 Kal
624 4863 654 4914 ὁ
685 4859 826 4923 Ἰὼσ,
858 4876 878 4910 ι
917 4858 1053 4925 Βέλη
1081 4855 1355 4924 πειρατῶν
1383 4851 1547 4905 αὑτοῦ
1582 4853 1666 4903 ἐπ’
1700 4852 1798 4919 ἐμέ
1818 4869 1831 4880 ·

1940 4864 2051 4909 tota
2081 4855 2172 4908 die
2217 4855 2580 4909 contristatus
2617 4855 2991 4925 ingrediebar,
3026 4861 3290 4928 quoniam
3337 4863 3509 4917 lumbi

264 4957 302 5023 ἡ
342 4954 556 5021 γαστήρ
601 4968 703 5021 μου
735 4948 1103 5014 συγκέκαυται
1126 4946 1234 4998 ἀπὸ
1261 4942 1539 5012 κλαυθμοῦ
1559 4958 1573 4972 ·
1605 4942 1697 4993 ἐπὶ
1718 4941 1837 5010 βλε-

1941 4945 2046 4996 mei
2075 4944 2284 5012 impleti
2306 4955 2435 4999 sunt
2461 4946 2897 5002 illusionibus‘".
2942 4970 2959 4998 ι
3011 4951 3115 5004 Job
3151 4953 3317 5005 item.
3353 4971 3371 5002 ε
3410 4952 3510 5007 Sa-

265 5046 465 5113 φάροις
518 5057 623 5111 μου
671 5040 799 5091 σκιὰ
846 5038 1097 5090 θανάτου.
1157 5054 1175 5086 ι
1222 5034 1553 5101 Πρὸσχωμεν
1598 5029 1690 5083 οὖν
1746 5033 1838 5084 καὶ

1938 5036 2088 5103 gitta:
2118 5035 2483 5090 tentationum
2528 5038 2669 5108 ejus,
2714 5054 2883 5108 super
2930 5057 3015 5093 me
3056 5060 3068 5093 :
3103 5054 3296 5095 venter
3356 5058 3515 5096 meus

267 5134 452 5201 ἡμεῖς,
482 5130 778 5197 ἀγαπητοὶ,
801 5128 895 5181 καὶ
922 5124 1191 5192 συνιῶμεν
1216 5126 1341 5185 τοὺς
1367 5124 1511 5191 βίους
1534 5123 1644 5174 τῶν
1667 5123 1839 5189 ἁγίων

1943 5123 2266 5176 exmstuavit
2295 5139 2325 5178 a
2371 5125 2526 5191 ﬂetu,
2572 5142 2737 5183 super
2786 5129 3083 5197 palpebras
3140 5145 3324 5185 autem
3366 5150 3514 5187 meas

265 5222 505 5292 ἀνδρῶν,
539 5222 659 5282 πῶς
709 5220 801 5272 τὸν
848 5218 1037 5287 χρόνον
1068 5214 1245 5268 αύτῶν
1287 5214 1545 5283 διήνυσαν
1579 5215 1637 5265 ὲν
1677 5214 1839 5266 κλαυ-

1947 5214 2140 5267 umbra
2176 5216 2370 5268 mortis
2387 5217 2454 5272 ".
2485 5236 2501 5267 ι
2544 5218 2755 5286 1172
2780 5220 2992 5274 Attenti
3025 5222 3194 5291 igitur
3233 5224 3407 5278 simus
3456 5237 3513 5277 et

267 5311 396 5381 θμῴ
437 5311 527 5363 καὶ
562 5311 748 5377 σάκκῳ
777 5310 870 5361 καὶ
904 5305 1140 5374 κοπετῷ,
1176 5304 1271 5356 καὶ
1301 5306 1586 5371 γεγόνασιν
1622 5302 1709 5355 διὰ
1739 5306 1837 5373 τῆς

1945 5320 2065 5369 nos,
2101 5307 2437 5373 charissimi,
2488 5320 2543 5363 et
2597 5312 2967 5383 intelligamus
3019 5329 3335 5373 sanctorum
3367 5320 3513 5373 viro-

340 5451 389 5483 ”
418 5448 609 5503 Matth.
645 5463 753 5511 xu,
777 5446 867 5499 ‘22.
931 5446 988 5517 _”
1020 5444 1153 5517 ibid.
1230 5446 1271 5475 ⁸¹
1301 5443 1482 5517 Eccle.
1521 5459 1621 5517 vn_,
1744 5444 1823 5517 _"’_

2160 5445 2205 5474 ⁸³
2232 5445 2389 5517 Rom.
2414 5462 2508 5506 xu.
2539 5448 2623 5502 15.
2701 5449 2746 5481 ἰ
2768 5451 2954 5506 Amos.
2984 5469 3102 5517 vni,
3129 5456 3215 5509 Η.
3295 5457 3337 5488 ⁸⁵
3367 5459 3507 5512 Psal.

267 5520 506 5644 gnua)
545 5520 591 5641 ζ
630 5517 891 5640 Ιειιὶκέιι,
918 5515 970 5569 4.
1046 5514 1089 5546 ⁵⁷
1115 5513 1317 5568 Jerem.
1352 5528 1423 5575 Ix,
1452 5513 1502 5565 l.
1578 5513 1621 5542 "'
1646 5512 1778 5564 ibid.
1807 5514 1894 5564 l8.
1970 5514 2015 5544 ⁵³
2047 5514 2181 5566 Dan.
2209 5530 2283 5579 Ix,
2315 5515 2369 5569 3.
2446 5517 2490 5547 ‘°
2511 5517 2654 5573 Psal.
2688 5523 2966 5585 xxx1v,M.
3046 5512 3262 5581 “'Psal.
3313 5542 3512 5587 xxxv“,

310 5630 326 5644 .
512 5604 544 5641 υ
613 5603 687 5644 vr.
756 5626 768 5644 ,
833 5624 845 5637 .

310 5630 326 5644 .
404 5603 447 5621 "
480 5603 582 5644 θυι)
613 5603 687 5648 Vl.
715 5603 768 5646 4,
794 5603 845 5638 0.

1570 5690 1799 5747 \‘ARUE
1840 5690 2242 5750 LECTIONES.

345 5805 386 5833 ιι
420 5792 537 5845 Sub
560 5792 765 5845 (Σοου-οε
801 5789 1089 5844 Persarum
1120 5796 1368 5857 tyranno.
