4178 6424
732 431 861 493 1711

1972 431 2332 490 ANTIOCHI
2380 435 2714 494 MUNMZHI
3859 430 3992 490 1712

729 561 994 612 rnmqurs
1019 542 1210 602 fuerit.
1238 543 1366 594 dum
1405 543 1672 603 viverent,
1709 553 1864 593 tenor
1914 558 1976 592 ac.
2031 542 2307 595 formula:

2422 545 2712 611 κακουχίας
2745 547 2839 596 καὶ
2884 543 2978 597 τοῦ
3017 545 3241 605 πένθους
3275 543 3460 605 παῖδες
3516 545 3608 593 καὶ
3660 541 3992 609 θεράποντες

728 637 846 686 acie
903 633 1104 686 mentis
1157 631 1543 684 cmuliscamus
1594 647 1704 697 quo
1752 638 1912 697 pacto
1960 631 2049 684 isti
2092 629 2309 698 témpns

727 737 890 775 suum
917 732 1200 791 exegerunt
1236 721 1289 773 in
1327 719 1483 783 ﬂetu,
1521 735 1680 773 sacco
1713 729 1770 774 et
1822 722 2079 787 planctu,
2141 731 2310 788 utque

729 829 827 881 per
895 812 1249 865 alllictinncm
1306 820 1361 864 et
1419 811 1625 862 luctum
1694 813 2111 878 promcruerint
2166 811 2310 864 eilici

739 907 920 972 pueri,
946 905 1137 958 famuli
1164 911 1219 955 ct
1259 902 1419 956 amici
1442 900 1571 955 Jcsu
1595 900 1823 954 Christi.
1853 903 1921 956 Et
1949 904 2064 956 lucc
2094 919 2160 956 eo
2184 912 2314 956 sunt

732 996 950 1064 prodita
999 993 1300 1054 memoriae,
1360 1000 1419 1045 ut
1488 1007 1591 1046 nos
1645 991 1713 1045 ad
1772 992 2022 1046 studium
2067 992 2310 1048 invitent

729 1084 1165 1152 concupiscendi
1225 1084 1459 1147 luctum,
1516 1101 1533 1132 ι
1584 1081 1652 1137 Ut
1699 1084 1810 1137 sint
1860 1083 2020 1136 nobis
2057 1083 2314 1153 lacrymte

732 1175 891 1244 panis
945 1174 1036 1227 die
1064 1187 1128 1226 ac
1167 1171 1416 1237 nocte“,
1449 1190 1467 1222 ι
1523 1180 1584 1225 ut
1640 1185 1740 1240 per
1787 1171 2028 1238 singulas
2065 1185 2314 1238 quasque

735 1275 926 1318 noctes.
957 1272 1188 1317 stratum
1217 1273 1471 1316 nostrum
1496 1261 1737 1330 rigemus
1781 1261 2144 1330 lacrymarum
2180 1277 2311 1329 pro-

735 1357 924 1406 tluviu.
955 1362 1017 1406 ut
1064 1353 1354 1406 decolores
1407 1359 1554 1404 nota:
1601 1357 1956 1419 peccatorum
1999 1349 2312 1417 expientur,

732 1448 938 1513 quibus
984 1443 1492 1498 circumfundimur
1537 1443 1673 1506 toti,
1741 1452 1799 1494 nt
1858 1441 1944 1495 vel
2005 1441 2085 1495 sic
2161 1441 2313 1509 digni

735 1535 1036 1587 habeamur
1066 1548 1205 1600 quos
1233 1531 1466 1599 nuptiali
1501 1532 1640 1584 stola
1672 1530 1985 1583 convestiat
2005 1539 2062 1582 et
2080 1529 2317 1582 adornet

737 1624 1004 1677 Dominus
1021 1623 1097 1672 “z
1129 1621 1224 1690 qui
1253 1621 1403 1674 enim
1446 1635 1510 1673 ea
1555 1620 1877 1687 nuptiarum
1928 1627 2080 1670 veste
2119 1616 2318 1684 depre-

737 1713 1011 1766 hendetur
1034 1728 1144 1765 non
1167 1726 1290 1765 esse
1318 1711 1565 1771 indutus,
1589 1709 1919 1763 excludetur
1951 1708 2106 1779 regni
2137 1707 2310 1760 aditu.

734 1803 871 1856 Cum
903 1787 1072 1872 igitur
1098 1802 1403 1856 habeamus
1426 1801 1505 1855 sic
1532 1802 1832 1870 benignum
1879 1816 1945 1854 ac
1986 1801 2313 1854 clementem

737 1893 1052 1956 Dominum,
1087 1892 1379 1960 omnisque
1412 1891 1792 1945 immemorem
1840 1891 2074 1961 injuriae,
2127 1891 2308 1959 ipsum

737 1999 1029 2036 exoremus
1051 1999 1115 2037 ac
1138 1982 1569 2051 repropitiemus
1590 1997 1690 2050 per
1717 1982 2053 2050 suspiriosus
2080 1983 2313 2051 gemitus

737 2083 794 2126 et
819 2074 1108 2142 lacrymas,
1134 2082 1195 2126 ut
1223 2073 1276 2125 in
1295 2074 1417 2142 ejus
1438 2072 1679 2125 adventu
1700 2072 1987 2141 splendida
2012 2072 2105 2125 illa
2124 2072 2312 2125 amicti

739 2165 876 2224 stola
926 2164 1292 2217 inveniamur.
1346 2162 1672 2232 Magnopcre
1725 2163 1770 2215 is
1837 2163 2019 2231 diligit
2074 2163 2307 2216 salutem

2417 637 2509 686 καὶ
2560 636 2700 700 φίλοι
2747 634 2902 686 Θεοῦ.
2939 633 3125 687 Ταῦτα
3155 634 3210 686 δὲ
3247 635 3584 702 ἐγράφησαν,
3616 632 3705 683 ἵνα
3734 632 3884 698 ἡμᾶς
3917 633 3993 689 εἰς

2415 724 2574 792 ζῆλον
2596 725 2799 789 ἄγωσιν
2827 725 2922 790 τῆς
2963 725 3257 792 ἐπιθυμίας
3286 723 3380 774 τοῦ
3413 723 3643 782 πένθους
3677 721 3773 772 τοῦ
3797 737 3810 750 ·
3849 739 3867 770 ι
3901 721 3992 770 Γε-

2416 815 2601 866 νέσθαι
2637 815 2765 883 ἡμῖν
2798 817 2864 868 τὰ
2889 815 3098 884 δάκρυα
3126 814 3288 884 ἄρτον
3320 815 3532 884 ἡμέρας
3575 815 3669 867 καὶ
3702 813 3899 873 νυκτός
3921 829 3934 841 ·
3970 831 3988 862 ι

2417 905 2629 958 καὶτοῦ
2667 905 2850 974 βρέξαι
2887 906 3009 959 καθ’
3040 907 3275 972 ἑκάστην
3325 907 3494 958 νύκτα
3542 912 3641 972 τήν
3695 903 3993 973 στρωμνὴν

2417 996 2571 1065 ήμῶν
2617 999 2674 1050 ὲν
2707 998 2990 1067 δάκρυσιν,
3032 998 3127 1050 καὶ
3177 997 3576 1067 καθαρισθῆναι
3617 999 3716 1065 τῆς
3778 995 3994 1064 κηλίὸος

2414 1081 2480 1157 ἧς
2511 1088 2894 1157 περικείμεθα.
2923 1091 3069 1150 ξπως
3098 1088 3239 1151 ἄξιοι
3271 1088 3558 1157 γενώμεθα
3587 1087 3876 1155 ὲνδυθῆναι
3898 1089 3994 1153 τὴν

2418 1179 2608 1248 στολὴν
2648 1180 2739 1232 τοῦ
2779 1180 2958 1248 γάμου
2980 1198 2994 1210 ·
3030 1182 3058 1233 ὁ
3095 1180 3203 1249 γὰρ
3237 1178 3314 1248 μὴ
3351 1179 3696 1247 ἐνδεδυμένος
3733 1177 3839 1247 τὴν
3873 1195 3993 1231 στο-

2417 1270 2514 1339 λὴν
2548 1269 2641 1321 τοῦ
2685 1271 2889 1340 γάμου,
2929 1271 3033 1337 ἔξω
3067 1270 3346 1340 βλήσεται.
3397 1271 3654 1338 Ἔχοντες
3691 1265 3789 1321 οὖν
3819 1266 3994 1320 τοιοῦ-

2417 1374 2508 1408 τον
2536 1355 2735 1422 ἀγαθὸν
2763 1357 3063 1427 Δεσπότην,
3098 1361 3192 1411 καὶ
3225 1358 3620 1427 ἁμνησίκακον,
3657 1358 3998 1424 δυσωπήσω-

2423 1465 2521 1517 μεν
2551 1447 2712 1500 αὑτὸν
2742 1447 2831 1500 διὰ
2865 1449 3185 1520 στεναγμῶν
3222 1451 3318 1503 καὶ
3359 1449 3634 1518 δακρύων,
3671 1450 3824 1510 ὅπως
3859 1447 3998 1515 λαμ-

2421 1535 2706 1603 προστὸλοι
2732 1535 3044 1605 εὐρῖθῶμεν
3075 1541 3132 1589 ὲν
3155 1540 3221 1608 τῇ
3245 1537 3520 1607 παρουσία
3550 1537 3736 1589 αὑτοῦ.
3783 1536 4001 1604 Ἀγαπᾷ

2415 1626 2527 1696 γὰρ
2553 1626 2651 1696 τὴν
2681 1626 2957 1697 σωτηρίαν
3197 1628 3298 1682 Διὰ
3325 1628 3485 1680 τοῦτο
3511 1628 3620 1696 γὰρ
3653 1628 3748 1679 καὶ
3781 1625 4000 1678 κελεύει

2417 1714 2636 1778 ἀφελεῖν
2665 1715 2733 1767 τὰ
2764 1714 2984 1787 ῥυπαρὰ
3017 1716 3206 1784 ἱμάτια
3233 1714 3440 1784 Ἰησοῦν
3473 1715 3562 1766 τὸν
3603 1714 3886 1776 Ἰωσεδὲκ,
3908 1711 4003 1765 καὶ

2415 1803 2696 1872 ὲνδυθῆναι
2722 1804 2931 1873 ποδήρη
2953 1820 2968 1835 ο
2990 1805 3137 1872 λέγει
3160 1803 3269 1873 γὰρ
3293 1805 3360 1857 αὖ
3373 1804 3444 1873 τῷ
3477 1821 3522 1855 ἰ
3568 1803 3699 1858 Ἰδοὺ
3731 1804 4004 1873 ἁφῄρηκα

2413 1892 2510 1954 τὰς
2537 1893 2764 1962 ἀνομίας
2784 1909 2900 1948 σου.
2930 1912 2949 1943 ι
2985 1894 3093 1946 Καὶ
3115 1896 3245 1964 ήμῖν
3272 1910 3286 1923 ·
3320 1911 3339 1944 ι
3371 1894 3644 1963 Μακάριοι
3670 1895 3720 1944 οἱ
3745 1890 4006 1944 πενθοῦνι

2417 1983 2627 2045 τες,ὅτι
2653 1983 2806 2036 αὐτοὶ
2831 1984 3345 2053 παρακληθήσονται
3369 2000 3380 2012 '
3412 1987 3676 2053 μακάριοι
3705 1985 3756 2036 οἱ
3785 1983 4004 2036 κλαίον-

2418 2090 2508 2136 τες
2539 2073 2648 2137 νῦν,
2689 2073 2770 2126 ὅτι
2797 2074 2948 2126 αὐτοὶ
2991 2074 3331 2142 γελάσονται.
3378 2093 3397 2128 ι
3445 2075 3536 2145 Τῷ
3564 2075 3686 2144 Θεῷ
3717 2074 3926 2145 πρέπει
3972 2075 4006 2142 ή

2417 2161 2544 2224 δόξα
2575 2165 2656 2224 είς
2702 2163 2826 2224 τοὺς
2860 2161 3082 2222 αἰῶνας.
3131 2162 3326 2230 Ἀμήν.

741 2261 1014 2310 Nostram:
1051 2256 1104 2309 in
1157 2255 1262 2307 hoc
1295 2254 1445 2307 enim
1483 2253 1663 2323 jubet,
1697 2269 1726 2306 a
1753 2268 1812 2306 se
1845 2264 1905 2306 ut
1950 2252 2167 2306 auferat
2203 2252 2363 2306 .lesus
2407 2250 2676 2304 Joscdech
2735 2253 3061 2306 vestimenta
3111 2254 3356 2307 sordium
3379 2253 3562 2308 eluvie
3607 2252 3910 2315 delmdata,
3951 2261 4005 2302 et

742 2345 1032 2397 amiciatur
1082 2345 1310 2412 podcre,
1359 2343 1426 2396 ad
1473 2343 1611 2396 talos
1652 2342 1794 2396 imos
1849 2359 2022 2411 usque
2066 2341 2443 2413 propendentc
2479 2343 2559 2406 ⁶⁸;
2590 2343 2728 2397 dicit
2766 2344 2915 2397 enim
2938 2344 3042 2413 ipsi
3087 2343 3240 2406 Jesu,
3283 2363 3300 2395 ι
3339 2344 3481 2398 Ecce
3530 2346 3730 2400 abstuli
3791 2347 3998 2415 iniqui-

749 2441 889 2490 tates
921 2447 1042 2489 tuas
1090 2437 1158 2487 “.
1213 2455 1232 2484 ι
1281 2435 1453 2489 Nobis
1483 2434 1676 2488 itidem
1718 2452 1729 2487 :
1773 2453 1790 2484 ι
1820 2435 1972 2489 Beati
2023 2435 2119 2503 qui
2173 2435 2383 2501 lugent,
2424 2435 2684 2502 quoniam
2714 2435 2816 2504 ipsi
2848 2436 3311 2489 consolabuntur:
3343 2435 3494 2489 Beati
3525 2436 3617 2506 qui
3652 2436 3790 2490 ﬂent
3832 2453 4002 2500 nunc,

743 2525 870 2594 quia
904 2523 1166 2578 ridebunt
1209 2523 1273 2574 ".
1322 2542 1338 2573 ι
1374 2523 1545 2575 Deum
1595 2531 1850 2576 nostrum
1884 2521 2114 2576 addecet
2159 2519 2334 2590 gloria
2362 2520 2415 2573 in
2445 2522 2665 2575 secula.
2693 2523 2887 2575 Amen.

1310 2631 1593 2685 IlOMlLlA
1630 2631 1765 2686 XCI.

782 2745 934 2809 Quod
963 2758 1167 2812 semper
1192 2741 1462 2812 captanda
1503 2742 1570 2795 sit
1608 2742 1855 2811 temporis
1887 2742 2276 2810 opportunitas.

816 2857 976 2911 Nulla
1008 2872 1121 2910 non
1163 2855 1218 2908 in
1251 2869 1308 2908 rc
1351 2853 1649 2922 spectanda
1693 2854 1850 2908 venit
1900 2855 2319 2923 tempestivitas,

747 2958 1119 3018 praeterquam
1152 2948 1208 3001 in
1252 2946 1523 3000 oratione.
1584 2945 1872 3013 Nunquam
1931 2946 2082 3000 enim
2118 2947 2319 2999 intern-

749 3039 961 3108 postiva
986 3046 1169 3106 potest
1192 3051 1315 3090 esse
1341 3035 1647 3091 oratio.Ait
1674 3037 1824 3089 enim
1848 3037 2016 3090 David
2043 3054 2054 3087 :
2091 3054 2108 3084 ι
2145 3035 2320 3088 Bene-

748 3131 928 3183 dicam
975 3128 1267 3184 Dominum
1304 3126 1357 3179 in
1412 3125 1562 3179 omni
1621 3135 1889 3194 tempore,
1944 3141 2164 3194 semper
2201 3125 2322 3179 laus

3053 2633 3273 2686 ΛΟΓΟΣ
3313 2633 3433 2699 ιιΑκ

2702 2745 2844 2813 Περὶ
2877 2745 3004 2808 τοῦ,
3040 2748 3260 2814 Καιρὸς
3301 2747 3408 2801 τοῦ
3438 2748 3686 2814 παντός.

2495 2858 2697 2925 Καιρδς
2733 2856 2828 2924 μὲν
2851 2855 2927 2926 τῷ
2957 2859 3123 2910 παντὶ
3153 2859 3440 2928 πράγματι
3472 2861 3644 2928 χωρὶς
3669 2859 3775 2928 τῆς
3803 2861 4001 2931 εὒχῆςο

2423 2947 2456 3016 ή
2487 2947 2596 3016 γὰρ
2623 2947 2778 3015 εὐχὴ,
2816 2948 3044 3000 πάντοτε
3081 2947 3272 3018 καιρὸν
3305 2949 3437 3018 ἔχει.
3475 2969 3494 3002 ι
3536 2950 3836 3020 Εὑλογήσω
3872 2952 4004 3020 γὰρ,

2421 3040 2609 3105 φησὶν,
2641 3038 2729 3089 τὸν
2762 3037 2965 3107 Κύριον
3007 3041 3065 3090 ἐν
3092 3040 3257 3091 παντὶ
3292 3041 3466 3110 καιρῷ
3487 3059 3499 3069 ·
3533 3042 3619 3094 διὰ
3657 3043 3863 3105 παντὸς
3892 3044 4004 3112 γὰρ

2419 3129 2453 3194 ή
2490 3127 2692 3188 αἰνεσις
2717 3128 2879 3180 αὑτοῦ
2913 3132 2968 3180 ἐν
2997 3128 3074 3198 τῷ
3107 3131 3334 3199 στόματί
3369 3149 3495 3200 μου.
3535 3150 3554 3183 ι
3591 3134 3720 3186 Καί·
3761 3153 3782 3185 ι
3827 3135 4002 3188 ’Δδια-

748 3221 869 3285 ejus
933 3217 988 3269 in
1045 3231 1142 3270 ore
1193 3230 1317 3269 meo
1337 3216 1401 3268 ⁵³.
1445 3234 1464 3267 ι
1534 3216 1602 3269 Et
1656 3217 1825 3270 illud:
1870 3235 1887 3266 ι
1941 3216 2319 3271 lndesinenter

2424 3219 2656 3280 λείπτως
2690 3219 3077 3287 προσεύχεσθε.
3111 3220 3205 3272 καὶ
3244 3221 3303 3273 ἐν
3342 3222 3506 3274 παντὶ
3537 3223 3936 3292 εὐγαριστεῐτε.
3979 3245 3998 3276 ι

750 3319 924 3371 orate,
957 3310 1010 3361 in
1058 3307 1318 3360 omnibus
1349 3307 1552 3375 gratias
1585 3307 1729 3374 agite
1747 3308 1813 3358 “.
1844 3327 1862 3358 ι
1924 3306 2081 3371 Quod
2137 3317 2320 3362 autem

750 3401 965 3455 caatcris
997 3401 1053 3453 in
1083 3398 1253 3451 rebus
1280 3398 1519 3465 spectari
1550 3397 1747 3451 debeat
1767 3406 1826 3450 et
1863 3397 2148 3450 observari
2182 3410 2322 3451 tem-

753 3493 902 3561 poris
935 3489 1320 3551 commoditas,
1345 3503 1444 3557 per
1481 3488 1867 3542 Ecclesiastcm
1891 3488 2216 3554 erudimur;
2247 3489 2326 3542 ait

750 3583 931 3634 enim:
966 3599 984 3630 ι
1007 3578 1279 3633 Omnibus
1302 3594 1462 3632 suum
1486 3586 1572 3632 est
1595 3586 1835 3648 tempus,
1852 3589 1908 3634 et
1935 3589 2147 3648 tempus
2174 3582 2324 3635 animi

754 3673 854 3734 rei,
891 3683 1108 3740 tempus
1160 3669 1375 3724 tacendi
1415 3679 1471 3722 et
1509 3677 1724 3737 tempus
1769 3670 2030 3739 loquendi
2050 3672 2117 3724 ⁷⁸.
2167 3689 2186 3722 ι
2223 3671 2322 3726 Et:

759 3782 776 3812 ι
807 3763 862 3815 Si
899 3769 984 3815 est
1019 3762 1117 3815 tibi
1170 3760 1506 3824 intellectus,
1556 3760 1828 3830 responde
1879 3760 2035 3814 fratri
2083 3771 2200 3823 tuo,
2239 3763 2325 3816 sin

752 3863 959 3915 autem,
988 3866 1210 3904 manum
1238 3864 1552 3919 superpone
1574 3851 1658 3904 ori
1693 3851 1840 3904 tuo"
1866 3869 1877 3902 :
1903 3851 2050 3919 quod
2090 3853 2136 3905 si
2185 3861 2324 3907 tem-

755 3959 858 4012 pus
892 3942 1105 4011 appetit
1139 3939 1425 4009 loquendi,
1453 3939 1659 3993 bonum
1683 3940 1853 3993 fuerit
1888 3949 1949 3994 ut
1992 3941 2046 3994 in
2082 3949 2328 4010 tempore

754 4033 912 4084 dicas
944 4031 1265 4084 verbum".
1307 4049 1323 4079 ι
1362 4029 1454 4083 Ait
1481 4031 1654 4091 enim,
1693 4048 1710 4080 ι
1753 4030 1946 4084 Sermo
1976 4041 2156 4085 vester
2177 4047 2324 4086 serii-

756 4137 854 4189 per
884 4120 954 4173 sit
977 4120 1091 4173 sale
1131 4116 1468 4180 conditus",
1507 4135 1526 4168 ι
1569 4118 1624 4170 in
1661 4117 1768 4170 hoc
1797 4126 1856 4172 ut
1878 4119 2164 4183 noveritis,
2218 4135 2330 4189 quo

757 4222 916 4280 pacto
938 4218 1188 4278 Oporteat
1210 4207 1507 4275 unicuique
1533 4208 1892 4276 respondere.
1938 4208 2132 4264 Omnis
2179 4212 2327 4264 enim

755 4316 941 4357 sermo
976 4301 1338 4368 interruptus.
1363 4297 1467 4351 Et:
1496 4316 1513 4346 ι
1540 4297 1642 4363 Qui
1671 4297 1823 4351 addit
1849 4299 2330 4362 scientiam,addit

754 4404 810 4447 et
835 4391 1164 4452 laborem“,
1202 4408 1220 4439 ι
1257 4388 1371 4442 sive
1401 4388 1667 4441 dolorem.
1709 4406 1727 4439 ι
1752 4389 1854 4454 Qui
1881 4399 2065 4444 autem
2098 4401 2329 4446 temera-

759 4485 873 4537 rius
900 4491 986 4537 est
1016 4480 1198 4541 labiis,
1233 4480 1443 4534 incidet
1477 4480 1533 4533 in
1573 4480 1736 4542 mala,
1762 4491 1990 4550 propter
2040 4483 2186 4538 enim
2235 4485 2319 4538 in-

754 4574 1122 4628 eruditionem
1152 4571 1352 4639 lingua:
1395 4571 1799 4637 superveniunt
1839 4570 1966 4625 ine:
2001 4592 2018 4622 ι
2059 4573 2324 4628 innocens

756 4675 945 4717 servat
970 4676 1125 4716 suam
1163 4661 1427 4729 linguam,
1468 4661 1638 4729 utqui
1666 4660 1846 4730 diligit
1873 4677 2026 4716 suam
2060 4664 2321 4722 animam.

754 4754 858 4818 Qui
889 4750 1205 4805 adulatione
1241 4757 1494 4812 utuntur,
1529 4749 1801 4803 seducunt
1844 4751 2009 4805 corda
2057 4754 2323 4809 innocen-

759 4859 895 4905 Inm,
926 4852 983 4899 et
1009 4844 1103 4912 qui
1143 4840 1480 4903 beatiﬁcauit,
1519 4842 1573 4895 in
1597 4856 1844 4895 errorem
1884 4843 2128 4897 mittunt.
2161 4845 2320 4909 Illud,

765 4957 780 4984 ι
820 4936 1062 5002 Tempus
1120 4931 1409 4986 ﬂendi”:
1454 4950 1471 4981 ι
1525 4945 1624 5000 pro
1650 4945 1717 4985 co
1748 4931 1985 4986 sumitur
2041 4935 2188 5001 quod
2215 4945 2322 4998 est,

758 5025 1036 5091 :ililigitotc
1064 5023 1276 5076 animas
1297 5029 1526 5074 vestras.
1547 5021 1615 5074 Et
1645 5021 1780 5076 hoc:
1817 5040 1835 5074 ι
1869 5022 2111 5092 Tempus
2143 5025 2331 5079 riden-

757 5117 810 5168 di
838 5116 920 5167 "z
965 5133 983 5164 ι
1021 5114 1240 5184 1173'
1277 5130 1377 5182 pro
1419 5131 1507 5181 eo,
1557 5117 1832 5173 celebrate
1869 5119 2006 5173 mihi
2057 5121 2201 5174 diem
2247 5121 2327 5176 fe-

760 5216 927 5258 stum.
975 5207 1202 5273 γελάσαι
1254 5207 1439 5268 enim,
1499 5217 1719 5276 tempus
1775 5210 2036 5264 nimirum
2091 5212 2328 5274 ridendi,

763 5299 963 5352 Imtitia-
982 5308 1037 5351 et
1069 5298 1253 5367 gaudii
1278 5306 1362 5351 est
1391 5298 1573 5352 index.
1609 5318 1626 5347 σ
1658 5300 1896 5369 Tempus
1923 5303 2088 5356 belli:
2121 5323 2138 5353 ι
2171 5305 2331 5357 lucta:

762 5390 994 5451 scilicet,
1021 5404 1143 5441 cum
1177 5387 1444 5441 adversus
1471 5389 1748 5443 linininem
1777 5393 2030 5446 cominus
2054 5394 2321 5463 conﬂigit,

761 5493 818 5535 et
848 5483 1093 5537 cooritur
1125 5479 1380 5533 diabolus
1407 5479 1458 5532 in
1503 5479 1678 5543 illum,
1709 5481 2094 5550 multiplicium
2153 5491 2323 5536 tenta-

829 5642 874 5671 "
902 5637 1042 5691 Psal.
1065 5651 1170 5695 xu,
1193 5637 1243 5687 ι.
1321 5636 1364 5664 ⁸⁸
1394 5634 1582 5687 Matth.
1618 5651 1746 5697 mi,
1776 5636 1859 5689 ll.

768 5714 802 5739 ‘~‘
840 5710 855 5762 Ι
889 5708 1078 5761 Thess.
1108 5721 1158 5765 v,
1189 5705 1272 5766 l7,
1309 5704 1392 5757 l8.

770 5798 800 5836 ι,
843 5780 920 5831 18.
997 5778 1057 5804 ⁷³·
1082 5774 1256 5828 Ecclo.
1290 5789 1370 5836 Ill,
1404 5775 1455 5826 4.

1504 5706 1547 5735 το
1575 5705 1754 5756 ΕιίἸιο.
1796 5722 1822 5754 ι·
1848 5746 1857 5768 ,
1903 5706 1955 5759 7.

1530 5775 1574 5805 ⁷⁵
1601 5774 1732 5828 ibid.

2360 5659 2410 5691 ί).

2047 5707 2087 5736 ⁷³
2124 5707 2292 5761 Eccli.

2423 5707 2505 5763 14.
2584 5709 2628 5738 ⁷⁸
2675 5707 2840 5760 Eccli.
2882 5721 2958 5768 χι,
2996 5704 3121 5768 7,8.
3198 5704 3242 5735 ⁷³
3273 5705 3480 5758 Coloss.
3507 5719 3580 5767 iv,
3610 5703 3664 5756 6.
3741 5706 3786 5735 "
3817 5704 3981 5758 Eccle.

1937 5638 1982 5668 ⁸⁸
2013 5636 2263 5696 Ζςιςιωιι,
2293 5639 2352 5689 5-

2428 3309 2563 3376 Περὶ
2593 3309 2698 3378 γὰρ
2729 3309 2835 3360 τῶν
2872 3309 3045 3361 ἄλλων
3091 3311 3457 3377 πραγμάτων,
3506 3312 3585 3362 ὃτι
3618 3311 3724 3381 χρὴ
3775 3316 4004 3364 σκοπεῖν

2425 3397 2636 3466 καιρὸν,
2665 3397 2762 3449 καὶ
2783 3398 3087 3467 ἐπιτηρεῖν,
3115 3398 3286 3450 ταῦτα
3307 3399 3412 3450 ὑπὸ
3437 3400 3534 3450 τοῦ
3568 3400 4002 3468 Ἐκκλησιαποῦ

2422 3486 2803 3556 διδασκόμεθα.
2843 3488 3010 3556 Φησὶν
3059 3490 3168 3556 γάρ
3201 3505 3215 3520 ο
3250 3504 3270 3537 ι
3327 3488 3452 3550 Τοῖς
3505 3491 3671 3540 πᾶσιν
3712 3490 3742 3540 ὁ
3785 3489 4002 3558 χρόνος,

2424 3579 2519 3630 καὶ
2567 3578 2756 3646 καιρὸς
2787 3579 2865 3648 τῷ
2898 3580 3059 3631 παντὶ
3097 3580 3419 3650 πράγματι·
3460 3579 3651 3647 καιρὸς
3678 3579 3777 3632 τοῦ
3811 3583 3998 3647 σιγᾷν,

2427 3675 2519 3724 καλ⁸
2552 3673 2744 3742 καιρὸς
2769 3672 2863 3724 τοῦ
2891 3673 3091 3727 λαλεῖν.
3125 3691 3145 3724 ι
3185 3672 3314 3725 Καί·
3350 3691 3369 3724 ι
3402 3674 3462 3726 Ei
3494 3675 3607 3727 Em
3644 3691 3725 3726 σοι
3763 3674 4002 3734 σύνεσις,

2425 3763 2753 3832 ἀποκρίθητι
2799 3761 2878 3832 τῷ
2908 3762 3122 3832 ἀδελφῷ
3151 3779 3246 3816 σου
3268 3777 3286 3795 ⁶
3320 3766 3368 3817 εί
3397 3764 3452 3816 δὲ
3488 3766 3651 3834 μήγε,
3694 3769 3854 3835 χεῖρα
3886 3768 4006 3818 ἐπί-

2427 3851 2517 3912 θες
2567 3852 2660 3903 ἐπὶ
2699 3852 2779 3922 τῷ
2817 3852 3045 3922 στόματί
3075 3868 3202 3905 σου·
3246 3853 3296 3905 εί
3325 3853 3382 3906 δὲ
3431 3854 3622 3922 καιρὸς
3661 3855 3757 3908 τοῦ
3795 3856 4004 3925 λαλεῖν,

2429 3943 2591 3995 καλὸν
2616 3945 2790 3994 εἰπεῖν
2814 3942 2970 4009 λόγον
3003 3945 3061 3995 ὲν
3088 3942 3285 4013 καιρῷ.
3322 3961 3342 3995 ι
3378 3944 3548 4013 Φησὶν
3585 3945 3727 4015 γάρ·
3755 3966 3775 3998 ι
3830 3949 3891 4002 '0
3923 3951 4006 4002 λό-

2429 4047 2522 4096 γος
2549 4030 2701 4098 ὑμῶν
2743 4031 2827 4098 εἴη
2858 4031 3287 4090 πάντοτεζᾶλατι
3333 4032 3662 4100 ἠρτυμένος·
3725 4053 3744 4085 ι
3803 4037 4005 4091 εἰδέναι

2429 4120 2542 4182 πῶς
2569 4120 2650 4172 δεῖ
2680 4121 2761 4172 ἐνὶ
2793 4121 3006 4189 ὲκάττῳ
3033 4120 3453 4189 ἀποκρίνασθαι.
3485 4123 3600 4186 Πᾶς
3629 4123 3740 4192 γὰρ
3768 4128 3798 4178 ὁ
3823 4126 4003 4194 λόγος,

2428 4210 2678 4276 ἔγκοπος.
2733 4208 2884 4261 Καί·
2916 4227 2932 4260 ι
2984 4208 3042 4259 '0
3092 4209 3344 4278 προσθεὶς
3367 4210 3590 4277 γνῶσιν,
3638 4214 4006 4282 προστίθησιν

2429 4300 2671 4370 ἄλγημα.
2729 4321 2747 4351 ι
2791 4328 2859 4337 -
2914 4299 2968 4350 '0
3017 4298 3073 4351 δὲ
3128 4300 3407 4370 προπετὴς
3453 4302 3709 4370 χείλεσιν,
3753 4307 4005 4355 πεσεῖται

2429 4393 2510 4452 εἰς
2541 4392 2701 4455 κακὰ,
2728 4389 2795 4443 δι’
2835 4389 3190 4442 ἀπαιδευσίαν
3239 4392 3350 4460 γὰρ
3379 4391 3630 4461 γλώσσης
3674 4393 4001 4461 ἐπέρχονται

2429 4481 2607 4551 ὀργαί.
2649 4498 2666 4531 ι
2713 4479 2773 4531 ὐ
2811 4479 2868 4532 δὲ
2910 4479 3117 4540 ἄκακος
3156 4482 3312 4548 τηρεῖ
3339 4480 3435 4548 τὴν
3483 4480 3676 4533 ἑαυτοῦ
3723 4483 4004 4546 γλῶσσαν,

2429 4571 2505 4633 ὡς
2550 4569 2778 4637 ἀγαπῶν
2824 4569 2921 4638 τὴν
2948 4568 3142 4621 ἑαυτοῦ
3185 4569 3383 4638 ψυχήν.
3416 4570 3478 4621 Ol
3507 4569 3614 4640 γὰρ
3643 4573 3708 4640 τῇ
3741 4572 4004 4642 κολακεέᾳ

2429 4661 2725 4732 χρώμενοι,
2776 4659 3119 4724 ἐξαπατῶσιν
3167 4661 3264 4722 τὰς
3313 4660 3541 4729 καρδίας
3588 4661 3699 4713 τῶν
3752 4663 4004 4726 ἀκάκων,

2430 4755 2524 4806 καὶ
2555 4752 2948 4821 μακαρίζοντες
2979 4749 3276 4803 πλανῶσιν.
3305 4767 3324 4800 ι
3353 4751 3558 4820 Καιρὸς
3577 4751 3670 4803 τοῦ
3699 4751 3960 4812 κλαῦσαι,
3983 4774 4000 4804 ι

2427 4843 2544 4897 άντὶ
2571 4842 2688 4904 τοῦ,
2716 4841 3013 4895 Κακώσατε
3039 4842 3135 4902 τάς
3158 4841 3334 4908 ψυχὰς
3359 4840 3532 4909 ὑμῶν.
3577 4841 3706 4894 Καίο
3744 4860 3765 4892 σ
3797 4844 4001 4912 Καιρὸς

2427 4937 2521 4990 τοῦ
2554 4937 2803 5004 γελᾶσαιο
2844 4953 2864 4984 ι
2913 4935 3006 4986 καὶ
3037 4933 3196 4986 τοῦτο
3224 4934 3345 4986 ἀντὶ
3373 4935 3492 4991 τοῦ.
3531 4934 3868 5004 Ἐορτάσατέ
3914 4952 3998 5002 μοι

2426 5030 2526 5097 τήν
2577 5027 2789 5095 ἑορτήν.
2847 5024 2922 5077 Τὸ
2968 5025 3074 5094 γὰρ
3123 5025 3388 5090 γελᾶσαι,
3445 5023 3769 5092 χαρμοσύνη
3831 5025 3998 5076 ἐστίν.

2433 5138 2450 5169 ι
2493 5117 2697 5187 Καιρὺς
2743 5115 3004 5185 πολέμου·
3050 5132 3069 5165 ι
3097 5113 3258 5166 τοῦτο
3302 5113 3433 5184 περὶ
3481 5114 3658 5182 πάλης
3708 5114 3888 5181 λέγει,
3923 5115 3997 5166 ὃτι

2426 5211 2454 5261 ὁ
2486 5208 2730 5270 διάὸολος
2757 5205 3054 5275 συμϐάλλει
3075 5204 3166 5258 τὸν
3193 5203 3498 5274 ἄνθρωπον,
3524 5204 3826 5274 ἐπιχειρῶν
3854 5204 3991 5273 αὐτιῖ

2428 5301 2514 5353 διὰ
2548 5299 2757 5352 πολλῶν
2786 5299 2880 5350 καὶ
2908 5296 3170 5350 ποικίλων
3211 5295 3554 5365 πειρασμῶν.
3598 5314 3615 5346 ι
3667 5297 3779 5348 Καὶ
3813 5297 3993 5365 καιρὸς

2431 5393 2670 5461 εἰρήνης·
2716 5411 2734 5441 ι
2776 5389 2856 5442 ὅτι
2895 5389 3033 5459 μετὰ
3069 5388 3163 5439 τοῦ
3196 5388 3558 5455 πειρασθῆναι
3593 5387 3778 5451 αὑτὸν,
3821 5405 3988 5457 παρα-

2431 5484 2639 5552 γίνεται
2673 5485 2705 5550 ή
2742 5482 2924 5551 χάρις,
2969 5477 3335 5549 χαροποιοῦσα
3371 5478 3468 5548 τὴν
3498 5478 3696 5548 ψυχήν.
3741 5498 3760 5528 ι
3799 5477 3987 5546 Καιρδι

2486 5637 2531 5668 ⁸⁸
2559 5637 2746 5690 Matth.
2774 5652 2849 5698 Ix,
2870 5637 2925 5690 9..
3003 5634 3044 5665 ⁸⁷
3078 5634 3264 5689 Matth.
3290 5649 3343 5692 ν,
3368 5634 3420 5686 5.
3497 5634 3541 5664 ⁸⁸
3575 5633 3716 5689 Psal.
3749 5634 3984 5688 suum.
