4178 6424
228 420 367 482 ι’ῖ13

786 426 1111 487 ΠΟΜΙΙᾸᾹ
1156 430 1333 488 XCII.
1364 456 1429 465 -
1466 432 1826 491 CALAMI'I‘A

1973 436 2269 495 ΛιΛΕΝΑε
2303 438 2925 497 (ΙΟΜΡᾹΤΙΕΝΒΗΜ.

3354 429 3490 495 1714

226 539 468 605 κρίσεως
507 558 524 587 ι
560 541 821 604 γινώσκει
869 543 1068 608 καρδία
1120 543 1310 610 σοφοῦ,
1344 549 1438 598 καὶ
1487 547 1648 600 τοῦτο
1689 549 1816 601 ὅταν

1932 552 2129 605 ,ἰοιιιιιιι
2159 561 2404 605 armatus
2438 553 2578 604 this.
2631 570 2648 602 ι
2687 553 2931 620 Tempus
2956 549 3138 617 pacis;
3173 566 3190 597 ›
3226 549 3320 600 ubi
3371 548 3486 601 dis-

224 627 611 694 ἐὶευθεροῦται
640 630 739 697 τῆς
790 630 993 698 πλάνης
1028 634 1121 684 καὶ
1149 636 1259 685 τῶν
1294 634 1483 687 παθῶν
1504 652 1517 666 ·
1550 638 1814 706 χαίρουσα

226 718 260 783 ή
295 716 444 785 ψυχὴ
477 717 626 784 λέγει
654 736 664 746 ·
706 738 724 769 ι
764 721 1017 788 Ἐκρινέν
1049 739 1140 787 μοι
1164 726 1192 776 6
1220 724 1372 788 θεὸς,
1403 726 1512 777 ἀπὸ
1541 729 1635 778 τοῦ
1666 730 1817 781 ἀντι-

225 808 384 859 δίκου
435 826 561 876 μου,
595 811 678 861 ὅτι
730 814 895 863 παντὶ
942 814 1234 881 πράγματι
1288 820 1437 868 ἐστιν
1487 818 1675 886 καιρὸς
1722 821 1817 871 καὶ

227 898 438 965 κρίσις,
486 900 579 949 καὶ
606 900 911 969 άπάντημα
959 904 1017 953 ἓν
1065 907 1459 973 συναντήσεται
1505 911 1619 969 τοῖς
1653 911 1816 962 πᾶσιν

229 987 443 1048 αὐτοῖς.
482 1007 496 1039 ι
533 991 643 1041 Καὶ
682 990 840 1042 τοῦτο
885 996 1013 1063 περὶ
1046 995 1144 1062 τῆς
1173 995 1438 1064 τελευτῆς
1470 998 1565 1050 τοῦ
1601 1000 1814 1069 ἀνθρώ-

232 1094 339 1127 που
386 1078 557 1144 λέγει,
598 1078 684 1129 διὰ
727 1080 790 1130 τὸ
836 1080 1035 1150 ἄδηλον
1080 1081 1173 1133 τοῦ
1220 1085 1358 1152 βίου.
1414 1085 1640 1152 Ἑπάγει
1685 1088 1815 1156 γὰρ,

236 1184 256 1214 ι
294 1167 424 1218 ’Ὅτι
457 1168 555 1218 οὐκ
589 1166 732 1232 ἔγνω
761 1168 1052 1238 ἄνθρωπος
1079 1174 1171 1224 τὸν
1215 1175 1409 1243 καιρὸν
1440 1175 1625 1238 αὐτοῦ,
1657 1176 1731 1237 ὼς
1767 1177 1817 1228 οἱ

235 1257 424 1324 ἰχθύες
454 1260 503 1309 oi
534 1258 893 1328 θηρευόμενοι
921 1265 978 1315 ἐν
998 1264 1450 1334 ἀμφιϐλήστρῳ,ι
1477 1268 1585 1319 Καὶ
1617 1264 1774 1329 αὖθις
1800 1286 1810 1296 ·

235 1368 258 1399 ς
316 1345 470 1400 Εἶδον
500 1353 676 1404 πάντα
710 1353 805 1406 τὸν
858 1358 1241 1425 περισσασμὸν
1273 1358 1332 1410 ὃν
1366 1359 1568 1411 ἔδωκεν
1612 1361 1643 1411 6
1685 1360 1819 1421 Θεὸς

228 1442 347 1500 τοῖς
381 1442 515 1501 υἱοῖς
550 1444 655 1494 τῶν
685 1443 1010 1513 ἀνθρώπων,
1032 1449 1093 1499 τὸ
1116 1450 1482 1515 περισσᾶσθαι
1512 1452 1570 1501 ἐν
1591 1450 1760 1518 αὐτῷ.
1794 1471 1812 1502 ι

232 1531 309 1582 Τὸ
339 1532 399 1583 δὲ
429 1534 675 1595 ἔδωκεν,
716 1535 838 1586 ἀντὶ
867 1536 981 1597 τοῦ,
1018 1539 1465 1606 συνεχώρησεν,
1498 1541 1815 1610 ἐκληπτέον.

234 1620 421 1671 Καλὸν
452 1618 565 1683 οὖν,
597 1624 688 1673 καὶ
717 1625 1078 1678 εὐαπόδεκτόν
1121 1630 1272 1680 ἐστιν
1298 1633 1473 1681 ποιεῖν
1498 1630 1560 1682 τὸ
1588 1634 1813 1702 εἰρημέ-

231 1728 348 1761 νον.
384 1711 670 1764 Ἔστωσαν
700 1714 829 1784 γάρ,
859 1718 1016 1782 φησι,
1044 1719 1102 1768 ἐν
1131 1719 1298 1769 παντὶ
1327 1722 1502 1789 καιρῴ
1531 1722 1599 1774 τὰ
1630 1724 1819 1789 ἱμάτιά

234 1817 331 1852 σου
365 1800 555 1863 λευκὰ,
584 1805 679 1856 καὶ
708 1805 888 1859 ἔλαιον
911 1808 1005 1858 ἐπὶ
1032 1811 1131 1876 τῆς
1164 1809 1405 1878 κεφαλῆς
1433 1828 1527 1863 σου
1559 1812 1634 1880 μὴ
1664 1812 1819 1864 ὑστε-

1916 658 2074 696 cussa
2106 642 2473 695 teutatiouum
2513 644 2681 703 nube,
2714 642 2987 695 serenitas
3037 652 3251 691 amoma
3292 637 3492 690 divinae

1917 732 2104 799 gratia:
2134 731 2359 799 ad‘ulgct
2376 740 2433 785 et
2487 732 2824 793 indurescit,
2856 729 3185 783 incredibile
3229 726 3489 795 gaudium

1918 822 2167 874 inserens
2227 821 2444 874 animae.
2510 841 2528 871 ι
2584 823 2827 889 Tempus
2876 819 3070 889 iudicii
3117 837 3134 868 ι
3194 816 3350 869 novit
3398 830 3493 867 cor

1917 913 2203 979 sapientis,
2235 912 2400 980 idque
2431 927 2557 964 cum
2591 929 2620 965 a
2646 913 2791 964 lucta
2814 926 2879 964 ac
2914 909 3200 977 multiiuga
3254 906 3489 972 impres-

1918 998 2073 1051 sione
2104 999 2413 1065 passionem
2436 1000 2817 1065 emancipator
2845 998 3027 1049 anima
3049 1005 3103 1048 et
3129 995 3399 1049 asseritur
3434 992 3489 1044 in

1918 1086 2258 1140 libertatem:
2294 1086 2497 1155 gaudio
2515 1087 2664 1137 enim
2705 1086 2930 1153 perfusa
2953 1086 3126 1138 dicit:
3160 1103 3178 1135 ι
3212 1083 3492 1139 Judicavit

1920 1176 1976 1229 in
2007 1192 2091 1229 me
2124 1178 2268 1230 Deus
2294 1177 2363 1231 de
2404 1176 2725 1228 adversario
2769 1190 2912 1227 meo.
2964 1176 3175 1242 Cuique
3204 1173 3350 1226 enim
3411 1170 3492 1224 rei

1918 1268 2221 1335 pnestituta
2256 1277 2385 1320 sunt
2415 1277 2468 1320 et
2513 1276 2733 1333 tempus
2751 1272 2808 1317 ct
2832 1264 3102 1333 judicium
3122 1264 3169 1293 ⁷⁸
3200 1281 3215 1315 :
3242 1272 3300 1315 et
3349 1275 3495 1315 unus

1920 1358 2173 1425 idemque
2202 1372 2466 1411 occursus
2497 1364 2760 1410 occurret
2791 1354 3057 1410 omnibus
3084 1353 3173 1405 his
3196 1352 3240 1385 "
3266 1368 3279 1402 :
3318 1370 3336 1400 ι
3390 1350 3495 1403 hoc

1919 1446 2052 1499 dicit
2072 1447 2140 1500 de
2179 1448 2421 1499 hominis
2466 1456 2665 1507 morte,
2716 1454 2943 1514 propter
2983 1444 3110 1498 vita:
3152 1439 3496 1494 incertitudi-

1918 1552 2067 1591 nem.
2132 1537 2349 1590 Inducit
2401 1538 2585 1591 οιιὶιιιε
2643 1556 2661 1586 ι
2718 1537 2858 1603 Quia
2912 1536 3089 1589 nescit
3134 1535 3300 1587 homo
3362 1541 3497 1584 tem-

1919 1628 2082 1696 pus“
2111 1647 2127 1678 ι
2159 1643 2343 1691 suum,
2373 1630 2517 1682 sicut
2539 1629 2720 1695 pisces
2745 1628 2887 1696 capti
2912 1627 3207 1680 verriculo.
3248 1625 3493 1676 Rursus:

1927 1735 1945 1766 ι
1984 1716 2133 1785 Vidit
2182 1730 2403 1769 onmem
2471 1717 2894 1784 occupationem
2934 1730 3099 1783 quam
3151 1713 3306 1765 dedit
3356 1712 3499 1764 Deus

1922 1806 2050 1860 ﬁliis
2095 1807 2402 1868 hominum,
2432 1815 2492 1859 ut
2521 1813 2932 1874 occuparentur
2984 1804 3038 1856 in
3085 1803 3235 1855 ea".
3264 1821 3281 1852 ι
3334 1799 3496 1861 Illud,

235 1894 482 1961 ρησάτω.
506 1916 523 1944 ι
556 1896 870 1959 Τουτέστιν,
893 1900 958 1951 Δί
987 1900 1088 1967 μὲν
1119 1902 1346 1970 πράξεις
1374 1903 1470 1972 τῆς
1492 1904 1672 1972 ψυχῆς
1698 1921 1814 1967 σου,

1932 1895 2138 1958 Ξδωκεν,
2174 1896 2370 1957 dedit,
2434 1897 2588 1950 venit
2641 1896 3032 1964 exponendum
3104 1908 3204 1961 pro
3263 1889 3500 1957 συνεχώ-

233 1985 333 2034 καὶ
365 1984 462 2036 τοῦ
494 1985 747 2053 σώματος
793 1989 881 2041 διὰ
929 1991 1131 2053 παντὸς
1160 1991 1404 2045 ἔστωσαν
1452 1992 1689 2061 καθαραὶ
1723 1996 1819 2046 καλ⁸

233 2074 481 2142 ἄμωμοι.
508 2075 660 2145 Πάση
697 2076 752 2129 δὲ
772 2080 839 2147 τῇ
863 2078 1089 2147 δυνάμει
1117 2098 1233 2144 σου,
1255 2082 1317 2133 τὸ
1341 2082 1518 2133 ἔλαιον
1550 2082 1650 2149 τῆς
1667 2083 1820 2151 ἐλεη-

237 2166 484 2233 μοσύνης
510 2165 597 2217 διὰ
627 2166 737 2219 τῶν
789 2171 1036 2237 πενήτων
1069 2170 1258 2239 ὲπίχεε
1303 2171 1398 2222 ἐπὶ
1431 2172 1530 2240 τὴν
1579 2174 1819 2243 κεφαλήν

236 2272 336 2306 σου
350 2257 601 2324 Χριστόν.
618 2259 788 2319 Αὐτὸς
809 2260 918 2331 γὰρ
935 2260 1091 2331 ἡμῶν
1106 2264 1139 2331 ή
1158 2261 1388 2329 κεφαλὴ,
1408 2262 1602 2329 λέγων’
1615 2282 1633 2314 ι
1669 2264 1823 2333 ’Epol.

236 2346 531 2414 ἐποιήσατε
542 2348 642 2401 ὅσα
657 2352 769 2412 τοῖς
783 2350 1089 2418 ἐλαχίστοις
1104 2353 1218 2413 τοῖς
1239 2352 1488 2418 ἀδελφοῖς
1512 2370 1612 2419 μου
1637 2354 1824 2422 ἐποιή-

240 2451 395 2487 σατε.
419 2453 438 2486 ι
463 2437 570 2488 Καὶ
602 2438 689 2491 διὰ
722 2440 815 2492 τοῦ
830 2441 1075 2503 Ἡσαΐου,
1098 2460 1117 2493 ι
1140 2442 1331 2511 Καιρῷ
1354 2442 1527 2510 δεκτῷ
1546 2443 1825 2511 ἐπήκουσά

240 2541 375 2587 σου,
421 2527 513 2577 καὶ
558 2528 818 2597 ἐνήμέρᾳ⁸
857 2529 1132 2599 σωτηρίας
1170 2530 1443 2599 ἐϐοήθησά
1492 2547 1593 2583 σοι.
1638 2550 1658 2583 ι
1693 2532 1821 2583 ’Ὂτε

239 2609 336 2665 οὖν
360 2610 524 2683 ἦλθεν
568 2619 597 2668 6
622 2616 808 2680 δεκτὸς
851 2620 1060 2688 καιρὸς,
1091 2620 1189 2672 καὶ
1216 2622 1250 2690 ή
1296 2622 1478 2689 ἡμέρα
1509 2621 1610 2690 τῆς
1651 2639 1824 2691 σωτη-

244 2705 367 2771 ρίας
411 2704 569 2773 ήμῶν
613 2708 647 2775 ὴ
698 2709 881 2776 χάρις,
927 2709 1116 2761 τοῦτον
1159 2712 1189 2762 6
1243 2711 1566 2773 ’Δπόστολσς
1596 2728 1826 2780 φανερο-

244 2798 421 2846 ποιὼν
452 2797 542 2848 τὸν
574 2799 784 2866 καιρὸν,
816 2799 965 2867 λέγει
984 2815 998 2828 °
1030 2818 1049 2850 ι
1100 2801 1230 2853 Ἰδοὺ
1261 2800 1355 2853 νῦν
1376 2803 1567 2874 καιρὸς
1592 2805 1825 2871 εὐπρόσ-

243 2884 459 2948 δεκτος,
490 2887 600 2941 ἰδοὺ
628 2889 724 2941 νῦν
756 2890 937 2960 ἡμέρα
970 2891 1266 2960 σωτηρίας,
1319 2894 1590 2962 μηδεμίαν
1634 2895 1694 2946 ἐν
1726 2911 1826 2964 μη-

243 2975 359 3028 δενὶ
385 2976 618 3040 διδόντες
648 2981 955 3050 προκοπὴν,
988 2982 1078 3034 ἵνα
1104 2983 1179 3051 μὴ
1208 2983 1447 3053 μωμηθῇ
1486 2987 1518 3053 ἡ
1546 2985 1789 3039 διακονία
1808 3002 1823 3016 ·

244 3064 385 3116 άλλά
416 3065 594 3119 πάντα
623 3068 973 3137 εὐσχημόνως
1013 3071 1108 3123 καὶ
1151 3073 1292 3126 κατά
1324 3073 1479 3136 τάξιν
1508 3075 1759 3139 γινέσθω.
1802 3094 1821 3126 ι

248 3155 418 3206 Ὅθεν
453 3158 548 3208 καὶ
594 3159 623 3209 6
665 3158 866 3227 Κύριος
895 3160 1084 3212 τοῦτον
1111 3162 1393 3227 δεικνύων,
1428 3165 1827 3233 ἐγκαλούμενος

1928 2004 2081 2056 ρησε,
2114 1989 2385 2055 permisit.
2435 1987 2715 2042 Profuerit
2757 1987 2923 2056 igitur
2953 1986 3070 2055 (sed
3116 1993 3174 2039 et
3222 1999 3311 2037 res
3352 1998 3500 2037 com-

1927 2079 2276 2132 mendatione
2315 2094 2439 2131 cum
2469 2079 2665 2146 primis
2689 2078 2876 2145 digna)
2911 2085 2968 2129 ut
2992 2076 3135 2144 quod
3157 2076 3366 2128 dictum
3392 2083 3499 2137 est,

1926 2169 2264 2236 implendum
2288 2183 2584 2230 curemus;
2620 2182 2818 2235 nempe
2847 2166 2979 2219 illud
3014 2183 3027 2218 :
3062 2184 3080 2215 ι
3117 2165 3242 2218 Sint
3274 2165 3501 2217 inomni

1931 2268 2177 2327 tempore
2245 2258 2573 2312 vestimenta
2636 2267 2729 2311 tua
2783 2257 3055 2320 candida,
3109 2265 3163 2310 et
3206 2256 3388 2309 oleum
3448 2254 3503 2308 in

1928 2351 2107 2420 capite
2144 2357 2239 2403 tuo
2269 2364 2338 2403 ne
2366 2349 2697 2403 deficiat’".
2749 2367 2766 2398 ι
2808 2349 2925 2401 lIoe
2953 2358 3059 2410 est,
3096 2347 3346 2400 actiones
3377 2345 3502 2414 qui-

1928 2441 2052 2494 dem
2081 2440 2276 2494 animm
2308 2448 2365 2493 et
2394 2440 2649 2508 corporis
2697 2440 2777 2493 tui
2806 2455 2960 2506 pura:
3008 2439 3254 2492 sordium
3288 2453 3507 2504 semper

1929 2529 2042 2581 sint
2086 2536 2143 2581 et
2199 2530 2515 2597 inculpata:
2576 2529 2739 2582 Omni
2792 2527 3025 2596 proinde
3077 2527 3264 2579 studio
3322 2527 3505 2579 oleum

1928 2619 2297 2687 elcemosyna:
2361 2627 2468 2671 tua:
2517 2633 2615 2687 per
2672 2634 2975 2687 pauperum
3033 2632 3228 2670 manus
3284 2616 3508 2670 ell‘unde

1932 2723 2098 2775 super
2142 2716 2308 2776 caput
2355 2718 2533 2771 tuum,
2568 2710 2851 2762 Christum
2882 2709 3167 2761 videlicet.
3209 2709 3329 2776 Ipse
3357 2709 3505 2762 enim

1933 2809 2097 2867 caput
2134 2808 2386 2852 nostrum
2425 2808 2512 2852 est
2553 2799 2649 2867 qui
2681 2799 2851 2852 dicit:
2894 2818 2913 2850 ι
2947 2799 3077 2851 Mihi
3110 2798 3318 2853 fecistis
3356 2813 3508 2867 qum-

1933 2904 2151 2956 cunque
2171 2889 2438 2942 fratribus
2475 2890 2613 2942 meis
2647 2889 2889 2943 minimis
2925 2889 3215 2943 fecistis”.
3259 2908 3276 2939 ι
3317 2889 3383 2942 Ει
3410 2903 3511 2956 per

1933 2977 2152 3030 Isaiam:
2188 2996 2206 3026 ι
2224 2977 2496 3045 Tempore
2522 2986 2748 3046 accepto
2774 2979 3030 3031 cxaudivi
3057 2987 3131 3042 te,
3154 2980 3285 3032 etin
3311 2977 3399 3031 die
3425 2992 3511 3030 sa-

1933 3066 2065 3119 lutis
2086 3067 2274 3119 audivi
2296 3077 2348 3120 te
2372 3069 2440 3121 '".
2474 3086 2493 3118 ι
2526 3069 2669 3122 Sane
2698 3077 2918 3137 tempus
2943 3070 3080 3123 illud
3108 3070 3188 3123 sic
3214 3076 3509 3137 acceptum

1936 3156 2029 3208 ubi
2054 3156 2277 3210 advenit
2307 3166 2365 3211 et
2406 3158 2529 3211 dies
2560 3159 2757 3213 salutis
2811 3170 3031 3222 nostrze,
3069 3175 3266 3227 nempe
3298 3159 3508 3227 gratia:

246 3245 353 3297 ὑπὸ
400 3245 513 3297 τῶν
554 3246 955 3317 Γραμματέων,
1004 3252 1100 3305 καὶ
1143 3252 1476 3321 Φαρισαίων,
1510 3255 1598 3306 διὰ
1644 3255 1699 3307 τί
1752 3255 1826 3325 μὴ

1932 3255 2064 3300 tunc
2085 3248 2445 3316 ctApostolus
2469 3251 2603 3303 illud
2621 3252 2771 3305 velut
2795 3251 2977 3305 iudice
3000 3250 3350 3305 manifestius
3382 3265 3513 3319 ιιι-ο-

246 3336 605 3404 νηστεύουσιν
631 3338 682 3389 οἱ
718 3339 960 3408 μαθηταὶ
992 3341 1181 3405 αὐτοῦ,
1214 3344 1577 3413 ἐπεστόμισεν
1606 3345 1825 3410 αὐτοὺς,

249 3425 456 3493 λέγων’
495 3445 515 3477 ι
566 3426 658 3495 Μὴ
700 3427 954 3480 δύνανται
999 3431 1050 3483 ot
1100 3433 1204 3483 υἱοὶ
1250 3432 1346 3483 τοῦ
1392 3433 1704 3502 νυμφῶνος,
1742 3433 1828 3501 ἐφ’

247 3517 373 3568 ὅσον
401 3514 596 3584 χρόνον
627 3517 745 3584 μετ’
775 3518 956 3570 αύτῶν
984 3521 1012 3572 6
1036 3521 1271 3589 νυμφίος
1297 3523 1476 3586 ἐστὶν,
1508 3522 1793 3593 νηστεύειν
1812 3540 1826 3555 ⁸

246 3606 566 3660 ἐλεύσονται
609 3608 666 3660 δὲ
720 3608 944 3677 ἡμέραι,
1002 3611 1132 3663 ὅταν
1176 3613 1396 3683 ἀπαρθῇ
1448 3615 1543 3668 ἀπ’
1575 3614 1757 3667 αὐτῶν
1801 3615 1830 3666 6

246 3698 516 3766 νυμφίος,
565 3699 662 3751 καὶ
706 3700 829 3751 τότε.
884 3703 1272 3770 νηστεύσουσιν
1320 3707 1377 3757 ἐν
1425 3705 1665 3768 ἐκείναις
1715 3708 1833 3767 ταῖς

248 3789 511 3857 ἡμέραις.
563 3808 582 3841 ι
624 3789 783 3859 Αὐτῷ
827 3792 859 3859 ή
888 3792 1015 3856 δόξα
1042 3793 1122 3861 τῷ
1150 3793 1405 3865 ἀθανάτῳ
1430 3797 1651 3865 νυμφίῳ
1692 3798 1831 3865 Χρι-

248 3876 366 3943 στῷ
396 3876 479 3945 τῷ
526 3876 647 3947 Θεῷ
695 3879 855 3948 ήμῶν
892 3882 971 3943 εἰς
1016 3883 1143 3945 τοὺς
1192 3884 1397 3947 αἰῶνας
1443 3885 1553 3936 τῶν
1597 3882 1829 3937 αἰώνων.

265 3963 324 4017 ’Λ
334 3966 469 4035 μήν.

1931 3337 2089 3401 dens,
2117 3339 2194 3390 ait
2214 3356 2226 3390 :
2243 3339 2413 3393 «Ecce
2437 3356 2587 3395 nunc
2612 3349 2831 3409 tempus
2848 3342 3208 3410 acceptabile,
3229 3342 3351 3396 dies
3369 3341 3513 3395 salu-

1937 3429 2038 3492 tis,
2073 3430 2285 3483 nemini
2306 3429 2505 3485 dantes
2531 3432 2701 3485 ullam
2729 3433 3118 3497 oﬂ‘ensionem,
3136 3443 3200 3487 ut
3230 3449 3341 3486 non
3363 3433 3513 3486 vitu-

1936 3528 2163 3585 peretur
2187 3518 2556 3571 ministerium
2582 3528 2856 3583 nostrum,
2879 3521 2972 3573 sed
2994 3521 3225 3574 honeste
3244 3530 3299 3574 et
3314 3534 3513 3573 secun-

1936 3607 2068 3661 dum
2112 3608 2369 3661 ordinem
2422 3610 2611 3663 omnia
2655 3609 2889 3663 fiant":
2921 3628 2940 3660 ι
2978 3610 3132 3665 Unde
3158 3619 3214 3664 et
3247 3610 3516 3663 Dominus

1940 3700 2047 3752 hoc
2096 3698 2276 3767 ipsum
2329 3707 2550 3767 tempus
2604 3698 2897 3764 iudicans,
2965 3715 3091 3755 cum
3159 3708 3518 3754 accusaretur

1938 3804 1969 3842 a
2003 3788 2213 3842 Scribis
2247 3797 2304 3841 et
2330 3789 2623 3843 Pharisaeis
2663 3799 2959 3858 propterea
2990 3790 3139 3860 quod
3170 3791 3318 3845 illius
3352 3791 3520 3844 disci-

1940 3878 2054 3948 puli
2114 3878 2438 3947 neutiquam
2491 3880 2806 3949 jejunarent
2850 3897 2866 3934 :
2909 3896 3009 3935 ora
3050 3881 3270 3935 illorum
3309 3888 3517 3935 temere

1936 3980 1992 4024 et
2018 3967 2367 4036 impudenter
2386 3969 2718 4023 oblatrantia
2735 3971 3299 4038 compescuit,dicens
3318 3989 3331 4023 :
3358 3991 3375 4021 ι
3401 3972 3516 4025 Νοιι

251 4064 493 4123 possunt
514 4056 606 4110 filii
642 4057 851 4126 sponsi,
884 4070 1093 4129 quanto
1115 4071 1363 4131 tempore
1389 4079 1626 4133 sponsus
1655 4073 1741 4119 est
1768 4076 1892 4116 cum
1917 4060 2020 4121 eis,
2037 4060 2314 4127 jejunare:
2341 4059 2569 4112 venient
2593 4068 2778 4122 autem
2800 4060 2939 4123 dies,
2963 4076 3088 4114 cum
3114 4061 3332 4115 ablatus
3350 4061 3519 4115 fuerit

249 4147 326 4198 ab
373 4147 460 4200 eis
500 4163 736 4216 sponsus
759 4189 775 4212 ,
827 4159 960 4206 tunc
1008 4154 1336 4222 jejunabunt
1372 4156 1428 4210 in
1460 4157 1571 4211 illis
1598 4154 1879 4211 diebus”.
1922 4170 1941 4204 ι
1991 4150 2097 4219 Ipsi
2131 4165 2333 4218 sponso
2368 4150 2667 4205 immortali
2714 4150 2938 4206 Christo
2966 4152 3080 4207 Deo
3112 4162 3301 4208 nostro
3335 4153 3509 4222 gloria

253 4236 313 4289 in
350 4238 553 4291 saecula
576 4240 933 4295 saeculorum.
975 4242 1175 4297 Amen.

875 4351 1094 4405 ΛΟΓΟΣ
1124 4354 1237 4419 ur.

692 4460 827 4526 "api
859 4460 965 4513 τοῦ
996 4463 1407 4531 συμπάσχειν.

329 4548 407 4598 Τῖν
438 4549 786 4616 συμπάσχειν
816 4550 1095 4619 ἀλλήλοις,
1126 4554 1221 4604 καὶ
1252 4556 1559 4622 συναλγεῖν,
1610 4558 1837 4627 συντρέ-

256 4656 379 4706 χειν
426 4654 509 4701 τε,
536 4638 632 4691 καὶ
684 4643 1014 4711 συγκοπιᾷν,
1072 4643 1367 4713 εὐάρεστόν
1393 4648 1542 4700 ἐστιν
1587 4647 1667 4718 τῷ
1695 4649 1834 4719 Θεῷ.

2386 4344 2603 4415 11⁸14
2625 4343 2909 4400 IIOMILIA
2940 4345 3103 4401 XCII.

1937 4456 2138 4511 Aliena!
2153 4455 2456 4511 calamitati
2472 4459 2899 4512 indolescendum
2918 4461 3296 4530 compassionis
3315 4462 3518 4531 olfactu.

2013 4546 2095 4600 Ob
2121 4545 2355 4599 alienam
2384 4548 2749 4600 calamitatem
2800 4551 2924 4619 angi
2966 4551 3172 4615 animo,
3222 4551 3525 4605 incommo-

1943 4637 2135 4706 disque
2160 4637 2539 4706 proximorum
2576 4638 2844 4692 mutuiter
2873 4640 3288 4704 condolescere,
3321 4641 3521 4695 sull‘ra-

256 4728 374 4780 Καὶ
403 4728 513 4796 γὰρ
564 4706 949 4799 χρεωστοῦμεν
1000 4706 1469 4803 τοῦτο-πράττειν
1518 4737 1593 4799 ὡς
1637 4706 1826 4801 δοῦλοι1

1945 4727 2059 4798 gari
2087 4727 2219 4782 item
2274 4739 2331 4782 et
2366 4728 2727 4791 collabarare,
2762 4745 2926 4797 quam
2970 4731 3041 4783 sit
3078 4731 3190 4784 Deo
3222 4732 3524 4801 gratiosum

257 4817 359 4869 καὶ
416 4816 702 4887 πάρεδροι,
740 4820 834 4870 καὶ
877 4820 1145 4890 ὑπηρέται
1182 4824 1278 4877 τοῦ
1326 4824 1460 4877 θεοῦ
1494 4827 1687 4894 Λόγου.
1719 4828 1841 4881 Ἵνα

258 4908 642 4977 εὐαρέσωμεν,
664 4901 710 4975 ᾧ
734 4910 1200 4981 ἐστρατεύθημεν.
1241 4916 1296 4967 Ἀ
1308 4916 1361 4982 φ’
1393 4911 1454 4968 οὗ
1483 4919 1575 4970 καὶ¹
1601 4918 1671 4971 τὰ
1697 4918 1842 4988 ὀψώ-

258 5015 351 5049 νια
388 4996 751 5067 κομισόμεθα.
771 4999 964 5070 Ψυχὴν
1003 5000 1556 5075 ἐλεήμοναξκέκτηται
1577 5008 1604 5059 6
1623 5022 1842 5076 συμπα-

259 5086 385 5154 θής.
434 5085 492 5137 '0
518 5085 628 5156 γὰρ
650 5085 750 5154 τὴν
781 5086 961 5156 ψυχὴν
1003 5089 1257 5158 τοιαύτην
1291 5090 1453 5158 ἔχων,
1488 5090 1667 5144 πάντα
1708 5094 1840 5144 ἀναο

260 5172 459 5225 ϐλύσει
491 5174 560 5225 τά
592 5176 751 5230 καλά.
782 5177 900 5229 Κᾶν
918 5177 1027 5247 γάρ
1052 5180 1310 5247 χρήματα
1341 5180 1475 5250 ἔχει,
1505 5182 1842 5251 προήσεται·

264 5264 372 5316 κᾶν
436 5264 496 5319 ἐν
532 5270 836 5335 συμφοραῖς
893 5268 977 5337 ἴδῃ
1010 5268 1152 5330 τινὰ,
1220 5270 1535 5335 κλαύσεται,
1573 5270 1679 5323 κᾶν
1706 5273 1845 5339 ἐπη-

267 5352 589 5423 ρεαζομένῳ
609 5354 905 5426 περιτύχῃ,
938 5358 1092 5426 χεῖρα
1111 5357 1309 5425 ὀρέξει,
1339 5361 1432 5412 καὶ
1462 5361 1637 5412 οὐδενὶ
1670 5378 1851 5430 παρα-

267 5442 448 5510 λείψει
479 5444 589 5494 τῶν
626 5446 707 5508 εἰς
745 5446 908 5499 αὑτὸν
935 5448 1268 5515 φθανόντων.
1290 5447 1708 5519 Ἀγωνισὼμεθα
1734 5448 1848 5514 οὖν,
1872 5503 1879 5510 ,

268 5534 364 5586 ἵνα
389 5535 423 5603 ή
452 5534 635 5597 πίστις
668 5536 843 5604 ήμῶν,
877 5537 973 5589 καὶ
999 5540 1032 5606 ή
1057 5538 1270 5607 ἀγάπη,
1293 5540 1387 5591 καὶ
1413 5541 1446 5607 ή
1478 5539 1744 5608 ὑπομονὴ,
1778 5541 1852 5597 ὡς

348 5713 391 5742 ⁷⁸
432 5712 568 5767 Luc.
597 5730 749 5773 mu.
784 5717 835 5775 :‘i,
872 5718 920 5773 7,
951 5716 983 5763 8

1114 5716 1153 5746 ⁷⁷
1191 5718 1337 5769 I'Lv'rl.
1374 5735 1451 5775 ιτι,
1492 5719 1506 5769 1
1538 5733 1691 5785 seqq.

268 5780 317 5813 ὐ
362 5783 554 5838 .‘Iatlh.
590 5800 711 5847 xx“,
752 5786 828 5839 ιι».

906 5786 947 5813 ⁸·
983 5785 1081 5838 Isa.
1112 5802 1250 5845 xm,
1281 5790 1328 5835 8.

1797 5719 1838 5745 "‘
1876 5718 2052 5768 lim-Ie.
2085 5732 2156 5777 ιι,
2195 5718 2272 5768 I2.

1407 5790 1448 5816 ‘”
1475 5789 1593 5839 Cor.
1628 5803 1695 5849 ιἰ,
1729 5787 1783 5846 τὶ,
1811 5786 1861 5837 5.

1945 4824 2002 4869 et
2037 4825 2346 4884 acceptum,
2373 4817 2498 4885 quis
2536 4818 2809 4886 explicet?
2856 4819 2969 4873 [Ioc
2994 4821 3199 4873 etenim
3264 4821 3441 4888 reipsa
3466 4830 3527 4874 ut

1946 4913 2291 4974 prasternus,
2311 4907 2395 4959 vel
2422 4907 2611 4961 debito
2660 4908 3081 4976 obstringimur,
3125 4919 3186 4963 ut
3242 4910 3337 4977 qui
3381 4910 3525 4963 servi

1948 5009 2169 5059 sumus,
2213 5012 2522 5051 assessorcs
2551 5006 2606 5051 et
2635 4997 2977 5052 subministri
3015 5000 3110 5053 Dei
3138 5000 3325 5060 Verbi.
3360 5011 3419 5053 ut
3448 5001 3526 5053 illi

1948 5098 2051 5137 nos
2073 5085 2372 5153 probemus
2412 5085 2465 5138 in
2498 5086 2655 5154 cujus
2677 5086 3035 5139 accenturiati
3059 5103 3250 5140 sumus
3274 5098 3330 5141 et
3353 5088 3524 5140 ascri-

1952 5174 2030 5243 pti
2054 5174 2330 5237 militiam,
2362 5190 2527 5243 aquo
2564 5175 2833 5228 relaturos
2875 5190 2978 5229 nos
3015 5176 3285 5245 stipendia
3319 5185 3529 5228 navata:

1952 5263 2241 5333 insigniter
2268 5280 2449 5333 opera:
2479 5272 2631 5316 certo
2658 5264 2884 5317 scimus.
2932 5266 3180 5318 Animam
3233 5266 3421 5334 utique
3459 5266 3524 5318 ad

1953 5352 2128 5407 oIIicia
2162 5354 2481 5408 exercendae
2519 5356 2742 5423 pietatis
2772 5371 2901 5423 erga
2929 5356 3210 5423 proximos
3245 5356 3382 5408 mire
3427 5355 3524 5407 ha-

1955 5445 2047 5497 bet
2082 5447 2404 5513 proclivem,
2429 5446 2686 5513 quisquis
2715 5446 2795 5499 sic
2828 5446 3171 5499 condolescit
3200 5447 3392 5499 alienun
3440 5445 3527 5497 in-

1956 5538 2227 5592 felicitati.
2261 5538 2363 5603 Qui
2415 5538 2577 5591 talem
2638 5539 2879 5607 possidet
2923 5537 3184 5599 animam,
3244 5537 3379 5590 nihil
3422 5551 3529 5589 non

2379 5716 2424 5745 τ’
2452 5714 2631 5769 ιιυυιυ.
2655 5732 2690 5775 ι,
2735 5717 2813 5769 15.
2931 5717 2993 5745 τ’·
3028 5714 3196 5769 Eccli.
3228 5730 3406 5777 χχχιιι,
3440 5711 3530 5763 31.

1941 5788 1984 5811 “’⁸
2018 5786 2203 5839 Μιειι-Ιι.
2227 5802 2297 5850 Ix,
2345 5785 2424 5837 lii.
