4178 6424
753 406 889 471 1715

2008 411 2366 471 ANTIOCHI
2413 413 2746 472 MONMZIII

3863 404 3996 465 1716

751 531 1018 582 bonorum
1064 543 1129 580 ex
1181 544 1261 590 se,
1297 535 1550 596 tanquam
1577 542 1642 580 ex
1671 528 1827 581 illiini
1878 529 2135 596 quopiam
2169 529 2316 580 fonte

2424 527 2824 596 περικεφαλαία
2861 517 2951 578 καὶ
2971 524 3046 586 ὡς
3068 526 3213 592 δόρυ,
3246 523 3334 574 καὶ
3363 520 3639 573 πανοπλία
3665 519 3800 588 ἡμῖν
3826 520 3995 570 ἔστω-

748 620 898 679 edet,
933 630 989 672 et
1026 619 1078 672 in
1108 620 1307 673 etelum
1343 619 1692 674 transcribet.
1740 619 1896 684 Quod
1954 623 1999 673 si
2032 618 2320 673 facultates

751 711 1082 764 habueritet
1113 711 1410 779 peculium.
1437 710 1576 763 nihil
1617 710 1894 764 dubitabit
1922 710 1977 764 in
2021 710 2168 763 hunc
2202 711 2318 778 pie-

753 803 882 854 tatis
904 817 1060 854 usum
1095 802 1422 869 depromere
1448 811 1612 870 atque
1634 802 1930 855 insumere.
1962 799 2020 854 Si
2051 815 2216 868 quem
2242 799 2320 852 vi—

751 891 896 944 derit
926 891 1236 944 calamitate
1280 891 1475 960 premi,
1513 901 1834 962 prorumpet
1889 892 1944 945 in
1995 889 2222 954 fletum;
2272 891 2317 944 si

751 996 916 1048 quem
968 981 1299 1049 compererit
1369 983 1673 1052 oppugnari
1733 982 2043 1043 calumnia,
2098 997 2318 1034 manum

754 1071 830 1124 illi
859 1072 1176 1140 exporrigct
1209 1072 1556 1134 auxiliarem,
1587 1087 1690 1126 nec
1721 1073 1817 1125 ulli
1844 1073 1936 1124 alii
1970 1071 2133 1124 talem
2157 1071 2317 1124 dese-

754 1172 858 1222 ret,
915 1171 1186 1230 quotquot
1230 1163 1296 1215 ad
1331 1178 1391 1215 se
1438 1162 1810 1231 pervenerint.
1843 1160 2107 1215 Certatim
2155 1161 2321 1229 igitur

753 1250 1177 1314 contendamus,
1213 1261 1274 1303 ut
1304 1251 1440 1304 fides
1476 1259 1684 1313 nostra,
1721 1250 1988 1311 charitas,
2031 1251 2319 1318 patientia,

757 1352 1013 1407 tanquam
1056 1341 1231 1408 galea,
1273 1350 1329 1393 et
1367 1340 1522 1408 quasi
1580 1339 1753 1401 hasta,
1787 1340 2074 1408 omnisque
2111 1340 2322 1407 species

755 1441 1054 1487 armorum,
1086 1441 1186 1478 nos
1212 1427 1266 1478 in
1298 1427 1584 1493 procinctu
1639 1427 1912 1495 spirituali
1943 1437 2320 1490 (-onserentes,

755 1516 1184 1570 eircumsistaut.
1242 1515 1735 1586 Longanimitatcm
1785 1528 2027 1570 mutuam
2086 1516 2320 1570 invicem

757 1612 1097 1667 prmstemus,
1133 1604 1297 1657 vitam
1323 1605 1464 1657 hanc
1487 1605 1770 1672 exigamus
1793 1604 1847 1656 in
1897 1603 2322 1657 mansuetudine

753 1704 809 1746 et
837 1693 1228 1759 placabilitate,
1265 1702 1325 1746 ut
1353 1703 1411 1748 et
1437 1694 1726 1747 nobiseum
1752 1694 1916 1748 Deus.
1948 1694 2234 1764 Abiectum
2267 1704 2324 1748 et

757 1782 1016 1836 humilem
1057 1783 1484 1853 illacrymantem
1539 1797 1606 1836 ne
1645 1783 1998 1851 contemptim
2035 1792 2322 1851 praeterea-

757 1889 900 1934 mus,
941 1881 999 1925 ut
1030 1888 1098 1926 ne
1127 1873 1378 1942 Iacrymze
1407 1882 1653 1942 tempore
1683 1873 1948 1926 orationis
1968 1873 2123 1934 fusa),
2150 1889 2179 1926 a
2207 1873 2318 1926 Deo

754 1964 1056 2030 despectim
1095 1963 1405 2016 videantur.
1438 1962 1493 2016 Si
1524 1979 1630 2031 qua
1667 1963 1885 2017 interim
1916 1963 2153 2032 gratuita
2175 1963 2317 2016 dona

756 2052 1120 2119 possidemus,
1140 2051 1343 2120 nequid
1369 2051 1498 2104 hinc
1519 2051 1679 2105 nobis
1700 2067 2036 2121 arrogemus,
2062 2053 2196 2120 quin
2224 2068 2317 2120 po-

755 2142 865 2194 tius
891 2142 982 2209 pio
1004 2142 1204 2194 all‘ectu
1249 2141 1678 2209 eompartiamur
1705 2156 1813 2194 non
1843 2141 2088 2203 habenti,
2140 2157 2316 2209 eoque

751 2229 1038 2282 nobiscum
1071 2229 1123 2282 id
1153 2229 1281 2281 doni
1307 2229 1362 2282 in
1399 2229 1562 2282 finem
1608 2243 1780 2296 usque
1809 2229 2170 2296 permanebit.
2232 2229 2317 2282 Di-

750 2321 828 2372 cit
869 2320 1034 2386 igitur
1079 2319 1171 2386 qui
1224 2318 1368 2372 inter
1401 2319 1608 2386 primos
1647 2317 1702 2372 in
1737 2317 2051 2385 proximum
2109 2317 2314 2371 allcetu

749 2410 1316 2479 pientissimolcgitur
1368 2409 1539 2463 fuisse
1576 2409 1720 2464 Job:
1760 2427 1779 2460 ι
1826 2409 1938 2477 Ego
1977 2417 2162 2462 autem
2217 2425 2313 2462 su-

749 2516 849 2570 per
877 2502 1026 2556 omni
1070 2502 1370 2570 impotente
1401 2500 1548 2564 flevi,
1581 2501 1820 2570 ingemui
1861 2517 2014 2563 vero,
2064 2502 2111 2555 si
2151 2517 2315 2569 quem

747 2593 860 2645 vidi
884 2593 1063 2646 virum
1081 2593 1344 2645 alllietum
1369 2592 1720 2654 necessitate.
1752 2603 1809 2646 et
1836 2591 1985 2660 quod
2010 2592 2057 2645 si
2088 2591 2315 2660 despexi

749 2678 984 2742 nudum,
1026 2693 1129 2731 nec
1162 2678 1356 2732 vestivi
1383 2694 1511 2732 eum
1542 2679 1587 2710 “
1622 2697 1634 2731 :
1676 2698 1694 2730 ι
1739 2680 1805 2736 Et
1841 2699 1858 2731 ι
1917 2679 2092 2735 Ianua
2134 2690 2316 2734 autem

750 2786 870 2822 mea
905 2770 1162 2823 omnibus
1190 2778 1377 2839 aperta
1401 2771 1506 2826 fuit
1536 2772 1602 2826 ⁸³.
1636 2791 1654 2822 ι
1682 2772 1888 2826 Eodem
1920 2773 2147 2842 respicit
2184 2773 2314 2828 illud

748 2857 934 2912 Tobiae
969 2877 982 2910 :
1013 2877 1030 2908 ι
1072 2860 1460 2929 Elecmosynas
1485 2861 1683 2914 multas
1704 2861 1971 2915 faciebam
1998 2880 2010 2914 :
2037 2862 2318 2931 siquando

748 2949 1005 3002 videbam
1036 2959 1283 3004 mortuos
1311 2950 1366 3003 in
1391 2951 1617 3004 humqu
1647 2953 1946 3019 proiectos,
1990 2953 2315 3022 colligebam

747 3049 806 3091 et
842 3038 1174 3107 scpeliebam
1196 3054 1292 3092 eos
1313 3037 1380 3093 ".
1415 3059 1432 3089 υ
1463 3040 1730 3108 Propheta
1748 3040 1924 3095 Osee:
1963 3061 1981 3093 ι
2013 3043 2313 3114 Persequa-

2423 633 2542 679 σαν,
2571 614 3051 685 μακροθυμοῦντες
3081 613 3200 681 μετ’
3235 612 3505 680 ἀλλήλων,
3530 611 3620 667 xal.
3643 611 3702 661 ἐν
3721 610 3996 677 πραότητι

2419 708 2720 774 διάγοντες,
2753 709 2829 769 ῶς
2854 707 2947 758 καὶ
3000 707 3028 758 6
3055 704 3187 766 Θεὸς
3230 703 3350 772 μεθ’
3384 701 3560 769 ἡμῶν.
3594 699 3873 751 Ταπεινὸν
3904 698 3998 749 δα-

2422 798 2656 866 κρύοντα
2680 799 2754 866 μὴ
2781 796 3117 864 παρίδωμεν,
3137 793 3222 844 ἵνα
3244 794 3320 861 μὴ
3348 789 3598 858 παροιξθῇ
3623 789 3689 840 τά
3707 791 3806 850 τῆς
3829 789 3997 853 εὐχῆς

2421 889 2577 958 ἡμῶν
2607 890 2834 958 δάκρυα.
2862 889 2970 940 Καὶ
3005 887 3099 939 ἐάν
3124 903 3176 936 τι
3197 886 3445 953 χάρισμα
3472 883 3703 950 ἕχωςιεν,
3740 883 3818 948 μὴ
3858 881 3993 932 ἁλα-

2422 978 2951 1048 ζονευώμεθα,“ἀλλά
2993 974 3440 1044 συμπαθήσωμεν
3485 975 3598 1034 τοῖς
3633 971 3706 1040 μὴ
3743 971 3996 1038 ἔχουσιν,

2423 1075 2513 1125 καὶ
2553 1071 2868 1139 παραμείνῃ
2900 1071 3029 1139 ἡμῖν
3052 1068 3112 1120 τὸ
3140 1066 3374 1136 δώρημα
3410 1065 3512 1128 ἕως
3569 1064 3777 1123 τέλους.
3831 1062 3998 1126 Λέγει

2419 1163 2516 1216 οῦν
2546 1162 2762 1231 πρῶτος
2790 1163 2818 1213 6
2864 1159 3312 1228 συμπαθέστατος
3353 1155 3500 1207 Ἰώὸο
3541 1173 3559 1204 ι
3616 1152 3763 1220 Ἐγὼ
3819 1151 3880 1202 δὲ
3908 1153 3999 1202 ἐπὶ

2422 1255 2586 1308 παντὶ
2607 1252 2850 1319 ἀδυνάτῳ
2877 1249 3114 1302 ἔκλαυσα
3134 1265 3147 1278 ο
3180 1245 3440 1308 ἐστέναξα
3463 1246 3539 1306 δὲ,
3576 1245 3698 1296 ίδὼν
3730 1241 3909 1311 ἄνδρα
3942 1242 3999 1291 ἐν

2423 1345 2704 1409 ἀνάγκαις·
2720 1361 2736 1391 ι
2760 1341 2874 1394 καὶ.
2907 1359 2926 1391 ι
2948 1341 3010 1392 Et
3032 1340 3087 1391 δέ
3111 1339 3203 1391 καὶ
3222 1336 3503 1406 ὑπερεῖδον
3524 1334 3754 1402 γυμνὸν,
3785 1333 3882 1383 καὶ
3900 1330 3998 1380 οὐκ

2421 1434 2694 1501 ὴμφίασα.
2733 1450 2750 1482 ι
2809 1429 2940 1490 Καὶ,
2981 1429 3084 1480 ιΊΙ
3135 1427 3194 1479 δὲ
3227 1427 3366 1494 θύρα
3403 1443 3504 1494 μου
3568 1424 3736 1474 παντὶ
3785 1420 3999 1472 ἐλθόντι

2422 1525 2684 1592 ἡνέῳκτο.
2735 1542 2753 1575 ι
2805 1522 3076 1582 Ὡσαύτως
3111 1519 3206 1571 καὶ
3244 1517 3547 1579 δτωείαςο
3595 1534 3612 1566 ι
3661 1513 3999 1580 Ἑλεημοσύο

2424 1631 2518 1675 νας
2538 1614 2702 1680 φησιν
2725 1612 2923 1675 πολλάς
2941 1610 3176 1663 ἐποίουν.
3202 1610 3310 1662 Kal.
3325 1611 3454 1660 ὅταν
3468 1606 3736 1675 ἐθεώρουν
3761 1602 3998 1655 τεθνεῶ-

2423 1719 2520 1763 τας
2542 1701 2926 1771 ἐρριμμένους,
2947 1697 3312 1762 συνέστελλον,
3341 1697 3435 1750 καὶ
3460 1695 3693 1748 ῑθαπτον
3718 1694 3948 1754 αὐτούς.
3975 1711 3992 1742 ι

2436 1792 2494 1844 '0
2517 1791 2572 1844 δὲ
2604 1791 2890 1859 προφήτης
2930 1788 3088 1858 Ὠσηέ
3119 1803 3314 1855 φησιν’
3347 1806 3364 1836 ι
3394 1784 3686 1853 Διώξωμεν
3713 1783 3809 1835 τοῦ
3855 1781 3999 1849 γνῶ·

2424 1898 2511 1933 ναι
2536 1880 2629 1934 τὸν
2658 1880 2883 1948 Κύριον,
2920 1878 3052 1930 διότι
3105 1877 3252 1930 ἔλεον
3299 1875 3464 1938 θέλει,
3499 1875 3596 1927 καὶ
3631 1872 3864 1924 θυσίαν·
3906 1871 4000 1923 καὶ

2419 1968 2713 2034 ἐπίγνωσιν
2739 1965 2900 2030 Θεοῦ,
2926 1965 2959 2034 ἢ
2992 1963 3450 2028 ὁλοκαυτώματα.
3487 1981 3505 2012 ι
3541 1961 3651 2013 Kal.
3671 1963 3700 2012 6
3726 1959 3996 2027 Μιχαίας,

2424 2077 2443 2108 ι
2463 2057 2808 2127 Είάνηξγέλη
2827 2073 2929 2118 σοι,
2947 2054 3222 2124 ἄνθρωπε.
3249 2054 3302 2106 τί
3325 2054 3512 2115 καλὸν,
3537 2052 3570 2122 ἢ
3591 2051 3643 2104 τί
3666 2051 3875 2119 Κύρικ
3903 2054 3997 2101 ἐκ-

2419 2152 2574 2220 ζητεῖ
2595 2149 2748 2219 παρά
2771 2148 2886 2211 σοῦ,
2916 2148 3032 2201 ἀλλ’
3053 2146 3084 2214 ἢ
3113 2145 3208 2198 τοῦ
3233 2145 3405 2196 ποιεῖν
3427 2145 3620 2210 κρῖμα,
3647 2142 3744 2194 καὶ
3772 2142 3998 2207 ἀγαπᾷν

2421 2242 2566 2304 ἕλεος
2585 2257 2600 2301 ς
2619 2259 2636 2290 ι
2669 2239 2820 2307 Ἐχει
2845 2237 2901 2290 δέ
2932 2237 3024 2288 καὶ
3047 2237 3106 2288 ἐν
3126 2237 3192 2303 τῇ
3225 2233 3413 2302 Σοφίᾳ,
3445 2251 3463 2281 ι
3486 2229 3676 2282 Ῥῦσαι
3699 2228 3996 2294 ἀπαγομέ-

2419 2350 2542 2394 νους
2587 2334 2669 2394 εἰς
2715 2329 2976 2382 θάνατον·
3037 2327 3133 2379 καὶ
3181 2325 3409 2393 ἐκπρίου
3462 2320 3880 2389 κτεινομένους,
3922 2317 3996 2387 μὴ

2420 2423 2601 2492 φείσῃ.
2640 2443 2658 2474 ι
2701 2422 2761 2474 Ὀ
2785 2421 2843 2474 δὲ
2889 2416 3173 2479 Ἰάκωϐος’
3212 2434 3231 2466 ι
3298 2413 3422 2466 Ἐἀν
3451 2411 3679 2480 ἀδελφὸς
3719 2412 3751 2478 ἦ
3785 2408 3994 2478 ἀδελςὴ

2418 2513 2618 2582 γυμνοὶ
2662 2511 3022 2580 ὑπάρχουσιν,
3068 2507 3164 2560 καὶ
3193 2505 3507 2572 λειπόμενοι
3555 2505 3656 2572 τῆς
3703 2500 3993 2568 ἐφημέρου

2417 2604 2642 2674 τροφῆς,
2667 2603 2810 2654 είποι
2831 2601 2890 2652 δέ
2911 2617 2994 2661 τις
3015 2599 3218 2660 αὐτοῖς,
3238 2594 3532 2660 Ὑπάγετε,
3560 2593 3618 2643 ἐν
3648 2593 3844 2662 εἰρήνῃ
3870 2590 3995 2655 θερ-

2421 2693 2699 2765 μαίνεσθε,
2747 2691 2842 2744 καὶ
2887 2687 3238 2760 χορτάζεσθε,
3294 2687 3368 2754 μὴ
3416 2683 3552 2737 δῶτε
3609 2682 3666 2734 δέ
3700 2682 3893 2740 αὐτοῖς
3924 2681 3995 2731 τά

2418 2785 2699 2854 ἐπιτήδεια
2745 2780 2842 2835 τοῦ
2881 2780 3150 2849 σώματος,
3193 2777 3245 2829 τί
3270 2775 3330 2828 τὸ
3361 2775 3588 2842 δφελοςς
3653 2791 3670 2824 ι
3722 2771 3995 2839 Παραινεί

2415 2877 2474 2929 δὲ
2501 2877 2597 2928 καὶ
2621 2877 2649 2927 ὁ
2678 2872 2888 2933 Παῦλος
2907 2886 2923 2902 ·
2960 2889 2978 2921 ι
3001 2867 3322 2921 Ἐνδύσασθε
3349 2862 3462 2926 οὖν,
3495 2865 3572 2925 ὡς
3593 2862 3846 2915 ἐκλεκτοὶ
3895 2861 3994 2912 τοῦ

2416 2964 2573 3028 Θεοῦ,
2597 2963 2766 3030 ἀγιοι,
2793 2962 2886 3014 καὶ
2917 2958 3288 3027 ἠγαπημένοι,
3337 2955 3625 3022 σπλάγχνα
3670 2948 3992 3020 οίκτιρμοῦ,

2417 3054 2780 3125 χρηστότητα,
2813 3044 3338 3116 ταπεινοφροσύνην,
3400 3043 3707 3112 πραότητα,
3773 3055 3989 3108 μακρο-

749 3143 893 3189 ιιιιιι·,
926 3137 986 3179 ιιι
1007 3142 1403 3194 cognoscamus
1431 3128 1742 3191 Dominum,
1779 3139 2003 3198 propter
2029 3132 2177 3199 quod
2216 3131 2316 3185 mi-

2419 3145 2641 3211 θυμίαν,
2695 3142 3014 3209 ἀνεχόμενοι
3076 3136 3344 3205 ἀλλήλων.
3383 3153 3402 3185 ι
3435 3132 3574 3202 Φησὶ
3612 3130 3669 3182 δί
3700 3131 3796 3181 καὶ
3861 3127 3995 3196 περὶ

749 3217 1106 3270 sericordiam
1134 3218 1252 3270 vult
1298 3227 1354 3272 et
1401 3233 1508 3272 non
1537 3219 1893 3280 sacrificium,
1923 3229 1981 3274 et
2023 3222 2312 3277 scientiam

749 3307 844 3361 Dei
877 3306 999 3375 plus
1031 3322 1194 3378 quam
1219 3307 1539 3362 holocausta
1566 3307 1662 3360 ⁸⁹.›
1702 3309 1988 3364 Μὶειιωειεε
2033 3329 2051 3361 ι
2087 3311 2315 3366 Annuu-

752 3400 942 3451 tiatum
965 3406 1050 3451 est
1089 3398 1210 3459 tibi,
1240 3413 1274 3452 o
1306 3398 1492 3462 homo,
1515 3400 1648 3468 quid
1669 3400 1874 3454 bonum
1901 3412 1997 3455 aut
2029 3402 2163 3471 quid
2204 3403 2311 3458 Do-

749 3487 933 3542 minus
951 3489 1147 3557 qumrit
1163 3503 1191 3541 a
1211 3497 1284 3552 te,
1302 3488 1406 3543 nisi
1423 3488 1602 3543 facere
1609 3490 1883 3559 judicium
1907 3491 2201 3561 etdiligere
2221 3494 2315 3547 mi-

747 3578 1103 3632 serieordiam
1121 3577 1209 3631 "1'
1239 3598 1256 3629 ι
1285 3578 1392 3632 Sed
1423 3587 1480 3632 et
1503 3579 1557 3642 in
1581 3579 1860 3649 Sapientia
1883 3581 2054 3636 habes
2079 3599 2094 3636 :
2120 3601 2138 3633 ι
2171 3583 2315 3640 Erue

747 3684 843 3723 eos
883 3669 977 3736 qui
1019 3668 1296 3724 ducuntur
1321 3670 1387 3723 ad
1420 3678 1675 3734 mortem,
1703 3679 1760 3724 et
1788 3673 2059 3727 redimere
2102 3676 2316 3730 occisos

750 3775 818 3812 ne
857 3773 1049 3827 parcas
1080 3761 1146 3812 ⁸⁹.
1193 3781 1210 3810 ι
1237 3760 1475 3814 Iacobus
1501 3761 1630 3815 item
1659 3776 1672 3812 :
1716 3779 1733 3812 ι
1769 3761 1826 3816 Si
1856 3762 2023 3817 frater
2047 3774 2141 3820 aut
2158 3782 2316 3822 soror

749 3846 880 3899 nudi
917 3846 1124 3900 fuerint
1154 3856 1212 3900 et
1235 3858 1430 3916 egeant
1453 3848 1601 3902 victu
1633 3849 1985 3918 quotidiana,
2012 3851 2162 3907 dicat
2210 3869 2311 3908 au-

747 3947 857 3991 tem
884 3937 1010 4006 quis
1042 3938 1148 3991 illis
1181 3955 1194 3990 :
1225 3939 1301 3992 Ite
1336 3939 1388 3992 in
1419 3955 1571 4008 pace,
1603 3942 1963 3996 ealefacimini
2007 3951 2060 3996 et
2097 3952 2311 3998 satura-

747 4028 904 4088 mini,
927 4044 1034 4082 non
1059 4029 1323 4084 dederitis
1351 4041 1536 4086 autem
1582 4032 1664 4084 eis
1698 4047 1819 4100 quae
1846 4034 2156 4087 necessaria
2185 4044 2315 4088 sunt

746 4119 1015 4186 corporis,
1076 4120 1209 4188 quid
1253 4122 1498 4190 proderit
1544 4123 1628 4174 ὀἳ
1665 4140 1684 4173 ι
1724 4122 1999 4177 Admonet
2050 4135 2315 4180 autemet

746 4209 946 4263 Paulus
981 4209 1170 4264 dicens
1204 4229 1216 4262 :
1255 4229 1271 4262 ι
1302 4212 1599 4267 lnduimini
1640 4213 1808 4282 igitur
1836 4224 2094 4284 tanquam
2148 4215 2308 4270 electi

744 4298 864 4358 Dei,
900 4301 1097 4363 sancti,
1123 4301 1334 4365 dilecti,
1358 4304 1569 4357 viscera
1604 4305 2021 4366 misericordiae,
2054 4306 2310 4375 benigni-

745 4397 935 4451 tatem,
961 4389 1454 4459 longanimitatem,
1495 4402 1880 4462 supportantes
1924 4394 2159 4448 invicem
2184 4395 2249 4448 ".
2287 4411 2306 4446 ι

2423 3233 2641 3295 ἐαυτοῦ,
2665 3253 2684 3283 ι
2708 3231 2991 3300 Ἀλήθειαν
3019 3228 3162 3295 λέγω
3180 3231 3240 3280 ἐν
3264 3223 3573 3293 Χριστῷ,οὐ
3594 3221 3888 3288 ψεύδομαι,
3909 3221 3993 3272 δτι

2420 3325 2562 3390 λύπη
2600 3339 2690 3392 μοι
2740 3322 2887 3374 ἐστὶν
2922 3318 3154 3388 μεγάλη.
3197 3317 3292 3368 καὶ
3323 3313 3663 3372 ἀδιάλειπτος
3716 3309 3878 3378 ὀδύνη
3923 3310 3992 3375 τῇ

2421 3407 2620 3477 καρδίᾳ
2642 3423 2657 3438 ο
2685 3405 2934 3475 ηὐχόμην
2958 3404 3068 3473 γάρ
3106 3402 3269 3464 αὐτὸς
3297 3399 3408 3466 ἐγὼ
3431 3398 3678 3467 ἀνάθεμα
3711 3392 3852 3449 εἶναι
3884 3394 3995 3448 ἀπὸ

2421 3496 2659 3566 Χριστοῦ
2681 3497 2820 3565 ὑπὲρ
2839 3495 2948 3548 τῶν
2977 3491 3226 3560 ἀδελφῶν
3258 3507 3380 3560 μου,
3412 3488 3520 3541 τῶν
3567 3485 3850 3554 συγγενῶν
3889 3501 3994 3552 μου

2419 3589 2528 3642 τῶν
2563 3588 2703 3640 κατά
2721 3588 2922 3655 σάρκα.
2944 3605 2960 3636 ι
2993 3585 3122 3644 Καὶ,
3150 3600 3169 3633 ι
3207 3583 3331 3634 Ὀτι
3354 3581 3462 3632 εῐτε
3490 3579 3684 3644 πάσχει
3708 3575 3765 3626 ἓν
3803 3572 3991 3642 μέλος.

2422 3678 2702 3746 συμπάχει
2741 3676 2916 3728 πάντα
2945 3674 3012 3726 τά
3043 3672 3203 3743 μέλη.
3238 3689 3256 3722 ι
3284 3670 3393 3723 Kal.
3415 3671 3444 3722 6
3479 3668 3717 3736 Πέτροςο
3759 3683 3775 3713 ι
3807 3663 3887 3715 Τὸ
3932 3663 3994 3714 δὲ

2421 3768 2597 3828 τέλος,
2651 3765 2853 3828 πάντες
2905 3763 3226 3832 ὁμόφρονες,
3274 3758 3602 3827 συμπαθεῖς,
3647 3754 3992 3822 φιλάδελφοι,

2422 3855 2808 3924 εὔσπλαγχνοι,
2848 3851 3287 3921 ταπεινόφρονες,
3321 3849 3398 3918 μὴ
3424 3846 3767 3906 ἀποδιδόντες
3818 3843 3996 3896 κακδν

2421 3948 2541 3999 άντὶ
2575 3945 2768 4010 κακοῦ,
2797 3945 2830 4016 ἢ
2878 3943 3147 4011 λοιδορίαν
3173 3943 3293 3994 ἀντὶ
3319 3939 3608 4010 λοιδορίαςο
3660 3937 3756 3989 τού
3769 3935 3991 3988 ναντίον

2418 4037 2474 4088 δὲ
2498 4035 2844 4103 εὐλογοῦντες
2872 4035 2953 4086 ὅτι
2997 4034 3077 4094 είς
3102 4032 3259 4084 τοῦτο
3292 4031 3579 4099 ἐκλήθητε,
3608 4029 3696 4079 ἶνα
3735 4025 3994 4090 εὐλογίαν

2420 4128 2883 4195 κληρονομήσητε.
2924 4142 2942 4174 ι
2989 4123 3048 4176 '0
3085 4122 3142 4175 δὲ
3201 4119 3576 4188 εὐσπλαγχνος
3621 4117 3828 4186 Κύριος
3863 4114 3993 4182 βου-

2419 4216 2645 4286 λόμενος
2695 4217 2841 4280 υἱοὺς
2889 4216 3034 4283 ἡμᾶς
3089 4213 3362 4278 ἀναδεῖξαι
3394 4211 3489 4264 τοῦ
3511 4209 3717 4263 οἰκείου
3747 4205 3989 4274 Πατρὸς,

2419 4307 2584 4376 φησίν
2611 4321 2625 4334 ·
2676 4326 2696 4356 ι
2755 4304 2970 4359 Γίνεσθε
3016 4304 3380 4374 οἰκτίρμονες,
3409 4303 3486 4364 ῶς
3536 4302 3564 4352 6
3596 4300 3786 4368 Πατὴρ
3834 4297 3992 4364 ὐμῶν

2418 4399 2446 4449 6
2473 4396 2740 4467 οὐράνιος,
2767 4395 3066 4466 οἰκτίρμων
3089 4394 3256 4448 ἐστίν.
3289 4413 3307 4446 ι
3339 4393 3495 4463 Λύτῷ
3525 4393 3560 4462 η
3590 4390 3718 4454 δόξα
3752 4389 3836 4450 είς
3861 4387 3991 4450 τοὺς

747 4477 959 4546 1175
991 4477 1097 4533 Sed
1151 4490 1209 4533 et
1241 4480 1308 4534 de
1338 4482 1522 4550 seipse
1555 4499 1568 4535 :
1604 4501 1622 4534 ι
1673 4483 1974 4538 Veritatem
2023 4483 2168 4547 dico,
2199 4499 2310 4538 non

2414 4486 2635 4548 αἰῶνας.
2689 4487 2746 4538 ’Λ
2755 4489 2880 4556 μήν.

741 4571 999 4632 mentior,
1030 4571 1158 4639 quia
1189 4571 1407 4626 tristitia
1429 4573 1559 4626 mihi
1586 4581 1672 4626 est
1724 4589 1917 4644 magna
1963 4584 2018 4630 et
2049 4574 2349 4628 continuus
2385 4576 2545 4631 dolor
2567 4575 2720 4630 cordi
2771 4590 2891 4629 meo
2916 4593 2928 4628 :
2949 4574 3205 4644 optabam
3235 4572 3517 4642 enimipse
3545 4570 3840 4624 anathema
3863 4583 3987 4624 esse

741 4675 772 4711 ιι
829 4660 1049 4715 Christo
1099 4678 1197 4731 pro
1229 4663 1490 4716 fratribus
1519 4664 1655 4718 meis
1689 4665 1934 4734 cognatis
1956 4665 2093 4720 meis
2151 4667 2458 4721 secundum
2504 4682 2724 4720 carnem
2751 4667 2817 4719 ".
2862 4684 2878 4714 ι
2935 4665 3006 4721 Et
3046 4683 3058 4717 :
3099 4683 3118 4716 ι
3156 4663 3294 4730 Quia
3353 4663 3468 4716 sive
3524 4663 3732 4730 patitur
3806 4674 3983 4712 unum

741 4749 1068 4813 membrum,
1117 4753 1527 4821 compatiuntur
1553 4755 1734 4809 omnia
1768 4756 2011 4809 membra
2037 4757 2104 4811 ”.
2141 4776 2158 4807 ι
2193 4758 2425 4812 Petrus:
2453 4777 2470 4809 ι
2502 4759 2557 4811 In
2621 4760 2727 4811 line
2787 4764 2989 4819 autem,
3040 4771 3234 4810 omnes
3284 4753 3606 4816 unanimes,
3641 4752 3987 4819 eompatien-

743 4849 843 4901 tes,
870 4839 1229 4896 fraternitatis
1286 4852 1580 4906 amatores,
1649 4846 2057 4909 misericordes,
2112 4848 2368 4910 humiles.
2401 4865 2511 4903 non
2563 4849 2856 4902 reddentes
2891 4849 3092 4902 malum
3138 4863 3238 4916 pro
3283 4847 3450 4906 malo,
3491 4859 3592 4899 nec
3619 4844 3982 4897 maledictum

740 4945 841 4996 pro
867 4931 1177 4992 maledicto,
1201 4933 1294 4985 sed
1318 4950 1347 4987 e
1370 4936 1646 4989 contrario
1668 4936 2074 4999 benedicentes,
2099 4940 2228 5008 quia
2253 4941 2305 4994 in
2345 4940 2451 4994 hoe
2488 4940 2666 4993 vocati
2698 4940 2854 5002 estis,
2888 4947 2948 4992 ut
2977 4937 3416 4992 benedictionem
3480 4934 3801 4990 haereditate
3852 4949 3983 5005 pos-

739 5021 964 5076 sidentis
997 5023 1065 5078 ".
1119 5043 1136 5071 ι
1189 5025 1308 5093 Ipse
1381 5027 1681 5081 etiamnum
1725 5030 1989 5084 Dominus
2041 5033 2333 5088 ineffabilis
2370 5035 2676 5088 clementia:
2733 5048 2834 5086 nos
2879 5048 3004 5087 cum
3067 5032 3232 5086 vellet
3271 5031 3552 5086 declarare
3583 5029 3784 5099 insigni
3839 5043 3982 5097 quo-

737 5115 880 5179 piam
930 5124 1252 5183 argumcnto
1311 5117 1574 5185 suiipsius
1619 5119 1795 5172 Patris
1874 5135 2166 5188 germanos
2208 5139 2329 5178 esse
2393 5123 2556 5187 filios,
2596 5124 2713 5177 ait.
2767 5141 2785 5172 ι
2824 5123 3010 5176 Estote
3054 5119 3465 5183 misericordes,
3521 5119 3665 5174 sicut
3719 5128 3778 5173 et
3818 5117 3982 5172 Pater

739 5219 921 5263 wster
974 5210 1216 5264 caelestis
1263 5211 1574 5265 misericors
1604 5223 1687 5267 est
1714 5214 1781 5266 θ’.
1831 5236 1846 5264 ι
1883 5215 1985 5284 Ipsi
2039 5217 2211 5285 gloria
2242 5217 2294 5271 in
2337 5219 2554 5273 saecula.
2589 5219 2784 5272 Amen.

1267 5318 1550 5374 IIOBIILIA
1586 5320 1772 5376 XCIII.

917 5411 987 5462 De
1023 5428 1124 5463 non
1151 5411 1386 5464 habenda
1424 5429 1769 5480 personarmu
1812 5417 2128 5482 acceptione.

808 5498 1056 5551 I‘crsonze
1094 5503 1340 5568 acceptio
1387 5517 1640 5569 germana
1685 5503 1964 5557 vicinitate
1991 5506 2305 5558 annectitur

1368 5616 1412 5642 ¹¹⁷’
1444 5617 1575 5667 Ibid.
1613 5619 1690 5669 Η.
1797 5618 1839 5643 "‘
1868 5616 2002 5669 Tob.
2034 5634 2087 5675 ιι,
2127 5620 2184 5670 Ili

1349 5686 1390 5714 “
1427 5687 1633 5740 (Ioloss.
1673 5703 1747 5749 ιιι,
1796 5687 1873 5740 ιῦ.

3013 5323 3230 5377 ΛΟΓΟΣ
3261 5322 3372 5388 ειη.

2693 5416 2826 5480 Περὶ
2863 5413 2965 5467 τοῦ
2991 5413 3076 5479 μὴ
3113 5409 3677 5479 πρυσωποληπτεῖιο.

2498 5508 2556 5559 Ἡ
2585 5505 3008 5576 προσωποληψία
3043 5504 3338 5571 γειτνιάζει
3367 5504 3430 5570 τῇ
3464 5499 3979 5569 άνθρωπαρςσκεξᾳ,

2314 5620 2356 5648 ⁸⁷
2387 5617 2523 5672 Osce
2556 5637 2625 5672 vn.
2676 5622 2726 5674 π.
2763 5621 2815 5670 ti.
2925 5616 2971 5644 "'
3023 5617 3178 5669 Μία-1».
3205 5633 3273 5672 \‘l.
3311 5616 3362 5667 8.

1981 5689 2021 5716 ’³
2049 5687 2203 5740 Itoni.
2245 5705 2315 5748 is,
2357 5689 2464 5740 1-5.
2543 5689 2624 5742 “I
2655 5690 2776 5740 (lor.
2825 5704 2912 5739 xu.
2951 5688 3037 5738 illi.
3115 5689 3157 5717 "
3201 5685 3388 5739 II‘ctr.
3426 5680 3579 5746 ttl,8,
3611 5688 3662 5737 υ.

3441 5615 3484 5641 "
3511 5614 3667 5667 I’rov.
3706 5629 3849 5668 xxiv.
3897 5617 3976 5665 l1.

3449 5699 3504 5736 ιι.
3529 5680 3579 5736 8.
3611 5688 3662 5736 θ.
3776 5685 3820 5713 ’⁸
3846 5683 3976 5736 Luc.

3776 5685 3820 5713 "
3846 5685 3976 5736 Luc.

809 5613 851 5640 “
885 5615 985 5665 .loh
1044 5631 1164 5670 xxx.
1204 5616 1290 5666 27$.

740 5684 785 5710 ⁹⁰
816 5683 924 5734 .Iar.
952 5700 1006 5736 tt.
1043 5685 1124 5743 15,
1160 5685 1234 5738 11".

742 5767 812 5813 η,
841 5752 924 5804 36.
