4178 6424
208 433 345 500 1717

731 443 1055 503 HOMILIA
1098 443 1312 506 XCIII.
1337 465 1405 480 α·-
1435 442 1792 504 ACCEPTIO
1833 447 2350 510 PERSONARUM
2393 449 2542 509 NON
2579 448 2956 509 HABENDA.

3319 441 3454 508 1718

203 553 498 622 ἀμφότερα
520 555 576 608 δὲ
609 557 868 625 μεμπτὲα
910 559 1008 610 καὶ
1059 559 1487 626 ἀπηγορευμένα
1520 560 1670 627 παρὰ
1716 560 1780 628 τῇ

1889 561 2199 622 ambitioni,
2221 577 2325 630 qua
2345 563 2574 631 gratiam
2594 569 2784 628 captas
2802 559 3084 612 hominum
3109 565 3164 611 et
3187 555 3453 611 favorem.

205 643 332 712 θείᾳ.
367 645 554 715 Γραφῇ
585 647 931 715 εὑρίσκομεν.
951 648 1060 698 Ἀεὶ
1091 647 1198 716 γάρ
1224 648 1273 698 οι
1318 648 1784 716 προσωπολῆπται

205 733 403 797 λόγους
429 733 872 797 κολακευτικοὺς.
903 739 996 787 καὶ
1027 735 1409 804 μακαρισμοὺς
1437 735 1654 802 ψευδεῖς
1673 738 1786 798 τοῖς

205 825 266 874 ὲν
295 825 538 893 ὑπεροχῇ
572 829 662 877 καὶ
690 825 976 894 δυναστείᾳ
1006 828 1370 896 ὑπάρχουσιν,
1389 826 1521 890 ξύλα
1541 827 1635 878 καὶ
1663 827 1786 893 χόρ-

204 931 320 973 τον,
339 914 472 982 ὓλην
495 916 794 981 εὖφθαρτον
812 917 1350 986 προσαναφλέγοντες
1364 916 1443 986 τῷ
1458 917 1556 986 τῆς
1571 919 1785 984 φύσεως

207 1006 393 1056 αὐτῶν
408 1007 558 1075 πυρί.
575 1008 706 1075 Περὶ
721 1002 795 1058 ὧν
816 1011 1016 1077 φησινό
1028 1011 1332 1078 προφήτης,
1344 1028 1362 1059 ι
1382 1010 1444 1060 Οἱ
1457 1009 1788 1077 μακαρίζονο

206 1112 300 1157 τες
349 1096 518 1164 ὑμᾶς,
543 1097 820 1151 πλανῶσιν
852 1099 995 1167 ὑμᾶς
1020 1138 1035 1161 ,
1068 1118 1086 1151 ι
1119 1099 1492 1168 θαυμάζοντες
1519 1100 1787 1169 πρόσωπα

206 1183 484 1250 ὠφελείας
540 1187 723 1254 χάριν.
776 1188 1036 1250 ιιλούσιος
1069 1188 1178 1256 γὰρ
1205 1185 1560 1254 προστίθησιν
1599 1185 1787 1252 φίλους

208 1275 466 1338 πολλοὺς,
503 1277 532 1326 6
563 1279 620 1329 δὲ
651 1278 864 1344 πτωχὸς
897 1279 990 1330 καὶ
1014 1279 1122 1330 ἀπὸ
1149 1276 1243 1329 τοῦ
1270 1277 1604 1346 ὑπάρχοντος
1632 1275 1784 1344 φίλου

206 1366 623 1434 διαχωρίξεται.
664 1368 773 1419 Kal
811 1369 842 1435 ή
880 1368 1043 1435 σοφία
1072 1366 1165 1418 τοῦ
1202 1364 1439 1434 πένητος
1494 1365 1786 1428 ἑξουδενω-

212 1455 376 1521 μένη.
394 1456 469 1506 0-5
500 1454 658 1521 θέμις
683 1454 972 1524 τοιγαροῦν
1000 1454 1169 1516 οὕτως
1192 1454 1339 1522 ἡμᾶς
1361 1453 1644 1521 πράττειν,
1671 1450 1787 1503 ἀλλ’

208 1545 503 1614 ὀφείλομεν
537 1547 734 1608 πάντες
770 1545 1095 1614 όμοπιστίαν
1123 1544 1258 1595 Θεοῦ
1288 1542 1569 1603 λαϐόντες,
1596 1540 1784 1607 ἐντρέ-

210 1653 280 1687 πε
292 1636 418 1688 σθαι
458 1637 740 1704 ἀλλήλους,
763 1638 854 1688 καὶ
881 1637 954 1704 μὴ
987 1636 1126 1688 κατὰ
1158 1635 1339 1702 σάρκα
1365 1633 1497 1700 όρᾷν
1518 1631 1610 1682 τὸν
1649 1629 1787 1700 πλη-

213 1729 351 1791 σίον,
378 1727 569 1779 ἀλλ’ὲν
615 1727 836 1795 Χριστῷ
868 1726 1134 1793 ἀλλήλους
1177 1724 1264 1775 διὰ
1297 1722 1493 1782 παντὸς
1539 1721 1780 1789 ἀγαπᾷν.

212 1819 324 1870 Kal
357 1819 522 1887 μηδὲν
552 1819 692 1870 ἔστω
720 1821 778 1870 ἐν
812 1820 943 1886 ὑμῖν
971 1818 998 1868 ὅ
1024 1816 1311 1883 δυνήσεται
1353 1813 1497 1881 ὑμᾶς
1527 1811 1780 1881 μερίσαι·

1888 650 2081 704 Edicto
2121 651 2319 704 divina.-
2360 653 2657 719 Scriptura:
2704 650 3074 715 comperimus
3105 647 3269 701 nobis
3300 656 3456 699 utro-

1886 758 1993 811 que
2027 757 2149 796 esse
2182 743 2551 805 interdictum,
2590 751 2649 794 ut
2685 739 3111 810 reprchensibili
3142 755 3205 793 ac
3234 739 3453 790 vitioso.

1885 833 1988 897 Qui
2019 831 2168 885 enim
2205 831 2340 884 vitio
2391 832 2480 885 isti
2537 831 2874 900 accipiendze
2919 844 3170 899 persona:
3228 827 3456 879 obnoxii

1887 931 2034 984 sunt,
2069 921 2224 975 nullo
2260 937 2369 975 non
2406 931 2652 990 tempore
2681 936 2964 975 sermones
3001 928 3264 989 promunt
3280 934 3460 971 assen-

1889 1012 2138 1074 tatorios,
2170 1025 2234 1064 ac
2263 1012 2450 1063 nescio
2479 1013 2636 1079 cujus
2665 1013 3057 1065 commentitize
3098 1007 3460 1063 beatitudinis

1887 1110 2196 1169 praetexunt
2244 1100 2500 1152 umbram
2554 1102 2622 1152 iis
2655 1101 2748 1167 qui
2793 1100 3152 1169 praerogativa
3197 1099 3459 1167 quapiam

1886 1187 2426 1256 eminentdignitatis
2453 1195 2508 1240 et
2534 1188 2790 1254 potentia:
2821 1207 2834 1240 :
2863 1187 3119 1241 videlicet
3164 1185 3462 1255 proferunt

1887 1278 2029 1346 ligna
2084 1287 2140 1332 et
2178 1280 2362 1332 fenum
2398 1296 2410 1332 :
2444 1279 2636 1346 utique
2674 1280 2958 1332 materiam
3014 1289 3210 1347 suapte
3260 1288 3460 1332 natura

1887 1368 2145 1420 acelivem
2167 1368 2529 1436 corruptioni,
2565 1368 2930 1422 incendentes
2967 1369 3114 1437 igne,
3147 1369 3215 1421 de
3249 1368 3460 1436 quibus

1885 1458 1962 1512 ait
2013 1467 2069 1510 et
2093 1458 2360 1526 propheta
2399 1477 2410 1511 :
2450 1477 2467 1508 ι
2507 1458 2611 1523 Qui
2667 1474 2764 1512 vos
2792 1458 3132 1519 beatiﬁcant,
3182 1459 3458 1516 seducunt

1887 1564 1983 1602 vos
2005 1549 2089 1600 "z
2124 1567 2142 1598 ι
2175 1548 2510 1603 admirantes
2537 1565 2803 1619 personas
2839 1559 3086 1618 quaestus
3115 1564 3302 1603 causa.
3363 1549 3457 1601 Di-

1885 1655 1980 1694 ves
2006 1639 2152 1693 enim
2186 1639 2339 1692 addit
2368 1643 2573 1694 amicos
2601 1641 2822 1702 multos,
2860 1657 3070 1709 panper
3118 1655 3271 1702 vero,
3305 1647 3361 1693 et
3391 1640 3461 1691 ab

1883 1747 1954 1786 eo
2000 1731 2250 1800 quierat
2295 1732 2537 1790 amicus.
2599 1732 2951 1800 disparatur,
2991 1732 3267 1799 sapientia
3320 1746 3456 1799 pau-

1887 1821 2034 1890 peris
2098 1821 2258 1874 nihili
2319 1821 2504 1874 babita
2556 1836 2620 1875 ac
2669 1822 2925 1889 despecta
2960 1821 3027 1873 ”.
3070 1839 3086 1869 ι
3139 1821 3314 1887 Atque
3351 1835 3459 1873 non

210 1910 352 1962 ἀλλὰ
384 1911 717 1973 τούναντίον,
759 1910 902 1962 κατὰ
953 1907 1044 1959 τὸν
1092 1905 1389 1974 Ὕμνῳδὸν,
1421 1923 1439 1954 ι
1507 1901 1782 1965 Ἑξέλεσθε

1889 1889 2092 1980 iustum
2125 1912 2198 1964 sit
2233 1911 2358 1964 talia
2387 1918 2446 1963 ut
2474 1926 2795 1978 operemur,
2819 1910 3088 1963 debemus
3107 1911 3279 1977 magis
3295 1910 3458 1963 ﬁdem

211 1999 425 2068 πένητα
461 2002 556 2052 καὶ
584 2000 822 2067 πτωχὸν,
858 2000 922 2050 ὲκ
951 1996 1128 2067 χειρὸς
1183 1994 1509 2065 ἀμαρτωλοῦ
1543 1994 1782 2062 ῥύσασθε

209 2087 398 2139 αὐτόν·
417 2089 444 2138 6
460 2088 566 2155 γὰρ
585 2087 716 2149 Θεὸς
739 2085 1115 2154 διεσκόρπισεν
1135 2083 1270 2134 ὀστᾶ.
1285 2080 1383 2133 ἀνθ
1393 2095 1545 2150 ρωπα
1555 2078 1781 2148 ρέσκων,

209 2178 668 2246 κατῃσχύνθησαν
699 2179 783 2228 ὅτι
837 2176 866 2224 6
894 2175 1025 2236 Θεὸς
1080 2172 1440 2233 ὲξουδένωσεν
1490 2169 1711 2231 αὐτούς.
1758 2187 1776 2219 ι

211 2269 289 2319 υὺ
312 2269 421 2337 γὰρ
441 2268 601 2320 καλὸν
618 2267 886 2319 αἰδεῖσθαι
913 2266 1226 2336 πρόσωπον,
1252 2263 1389 2315 κατά
1419 2262 1518 2331 τὴν
1535 2261 1783 2330 Γραφὴν,

209 2362 269 2413 δν
290 2361 490 2429 κρίσει.
523 2381 539 2412 ι
578 2361 686 2412 Kal
716 2360 792 2428 μὴ
837 2359 1008 2430 λάϐῃς
1044 2359 1336 2426 πρόσωπον
1367 2355 1509 2408 κατά
1544 2354 1643 2421 τῆς
1681 2353 1778 2421 ψυ-

210 2452 310 2520 κῆς
339 2467 455 2513 σου,
493 2451 626 2518 μηδὲ
649 2451 925 2519 ὲντραπῇς
958 2450 1038 2510 είς
1065 2446 1275 2498 πτῶσίν
1332 2462 1450 2498 σου.
1489 2462 1507 2494 ι
1555 2442 1695 2512 Φησὶ
1724 2442 1784 2494 δὲ

209 2541 310 2592 καὶ
340 2543 368 2592 6
391 2540 594 2601 δίκαιος
629 2539 747 2592 ἰώϐ
777 2556 823 2591 ἰ
854 2539 970 2591 Νῦν
991 2540 1048 2590 δὲ
1072 2537 1361 2605 εἰσϐλέψας
1393 2539 1473 2597 είς
1496 2536 1783 2604 πρόσωπον

209 2632 370 2700 ὑμῶν
419 2633 478 2683 οὐ
516 2631 809 2699 ψεύσομαι.
841 2649 860 2682 ι
897 2630 1006 2682 Kal
1038 2632 1066 2682 6
1107 2627 1385 2690 Ἰάκωϐος,
1444 2644 1462 2676 ι
1513 2624 1780 2690 ’Λδελφοὶ,

214 2724 292 2790 μὴ
310 2724 368 2774 ὲν
395 2722 883 2791 προσωποληψίαις
908 2722 1058 2789 ἔχετε
1100 2721 1199 2789 τὴν
1222 2718 1408 2771 πίστιν
1445 2717 1541 2770 τοῦ
1574 2717 1782 2785 Κυρίου

211 2812 370 2880 ήμῶν
411 2811 586 2881 Ἰησοῦ
615 2811 873 2881 Χριστοῦ.
918 2813 1045 2863 Ἐάν
1073 2811 1203 2878 γάρ.
1232 2809 1423 2877 φησὶν,
1449 2807 1670 2875 εἰσέλθῃ
1705 2808 1785 2867 εἰς

209 2900 311 2967 τὴν
327 2900 656 2967 Συναγωγὴν
673 2900 828 2967 ὑμῶν
846 2898 982 2968 ἀνὴρ
1006 2897 1487 2968 χρυσοδακτύλιος,
1510 2897 1567 2946 ὲν
1593 2895 1783 2963 ἐσθῆτι

211 2987 466 3058 λαμπρᾷ,
499 2989 719 3059 εἰσέλθῃ
741 2990 800 3041 δὲ
833 2992 926 3042 καὶ
968 2989 1182 3058 πτωχὸς
1207 2991 1266 3040 ὲν
1297 2988 1518 3058 ῥυπαρᾷ
1569 2987 1780 3054 ὲσθῆτι,

212 3082 310 3132 καὶ
369 3081 699 3150 ἐπιϐλέψητε
736 3082 830 3133 ἐπὶ
878 3081 969 3132 τὸν
1017 3081 1286 3151 φοροῦντα
1313 3080 1412 3148 τὴν
1441 3077 1645 3147 ἐσθῆτα
1687 3078 1784 3148 τὴν

214 3170 498 3240 λαμπρὰν,
533 3173 629 3222 καὶ
659 3171 853 3241 εἴπητε
903 3172 1073 3240 αὐτῷ,
1107 3174 1178 3223 Σὺ
1226 3171 1396 3224 κάθου
1436 3164 1536 3221 ὧδε
1569 3168 1778 3230 καλῶς·

212 3349 348 3408 τοῖς,
403 3349 495 3399 καὶ
526 3348 775 3414 ἐγένεσθε
811 3349 995 3417 κριταὶ
1027 3348 1395 3416 διαλογισμῶν
1434 3348 1716 3416 πονηρῶν;
1764 3366 1780 3396 ι

214 3436 324 3487 Kal
357 3437 580 3504 ἐπάγει·
606 3458 623 3488 ι
647 3439 708 3490 ΕΞ
739 3440 922 3508 μέντοι
943 3438 1105 3507 νόμον
1128 3438 1402 3508 βασιλικὸν
1421 3437 1624 3490 τελεῖτε
1646 3437 1788 3490 κατὰ

211 3526 312 3596 τήν
342 3528 381 3578 Γ
388 3529 587 3597 ραφὴν,
614 3531 923 3599 ἀγαπήσεις
950 3531 1042 3582 τὸν
1072 3531 1320 3599 πλησίον,
1343 3529 1522 3592 καλῶς
1549 3533 1752 3582 ποιεῖτε
1773 3544 1785 3556 ·

212 3620 262 3668 εί
301 3618 358 3669 δὲ
392 3619 931 3688 προσωποληπτείτε,
957 3621 1234 3689 ἁμαρτίαν
1261 3621 1542 3690 ὲργάζεθε,
1571 3621 1788 3689 ἔλεγχός

212 3724 373 3775 μενοι
396 3708 501 3759 ὑπὸ
528 3707 620 3758 τοῦ
660 3708 826 3777 νόμου
850 3709 924 3771 ὡς
953 3710 1295 3778 παραϐάται.
1339 3729 1358 3761 ι
1420 3710 1646 3778 Ὁμοίως
1691 3710 1789 3761 καὶ

206 3800 239 3850 ὁ
265 3799 699 3867 Παροιμιαστὴς.
747 3818 765 3850 ε
811 3799 1104 3867 Θαυμάσαι
1143 3802 1433 3868 πρόσωπον
1460 3800 1693 3861 ἀσεϐοῦς
1718 3802 1779 3850 οὐ

209 3886 402 3945 καλὸν,
427 3886 548 3938 οὐδὲ
574 3888 720 3939 ὅσιον
757 3887 1030 3940 ἐκκλίνειν
1067 3889 1130 3940 τὸ
1176 3888 1385 3940 δίκαιον
1419 3890 1475 3940 έν
1516 3888 1718 3957 κρίσει.
1766 3906 1784 3938 ι

215 3976 334 4028 Kal
371 3977 528 4039 ἀλλος
555 3993 570 4006 ·
621 3996 638 4027 ι
677 3976 1038 4046 Λίσχύνεσθαι
1068 3979 1361 4047 πρόσωπον
1393 3979 1450 4030 ὲν
1483 3978 1681 4049 κρίσει,
1729 3979 1790 4030 οὐ

209 4067 400 4119 καλόν.
436 4067 494 4118 'U
518 4066 686 4118 εἰπὼν
710 4068 801 4119 τὸν
833 4068 1026 4138 ἀσεϐῆ,
1076 4069 1291 4129 Δίκαιός
1319 4071 1488 4131 ἐστιν,
1519 4071 1790 4122 ἐπικατά-

213 4172 379 4225 ρατος
412 4156 557 4218 λαοῖς
584 4157 758 4221 ἔσται,
790 4158 882 4209 καὶ
919 4160 1144 4227 μισητὸς
1173 4161 1252 4220 είς
1285 4158 1435 4228 ἔθνη.
1470 4161 1535 4211 Oi.
1561 4160 1616 4212 δὲ
1641 4160 1793 4226 ἐλέγ-

211 4261 424 4313 χοντες,
463 4244 704 4312 βελτίους
728 4248 1046 4313 φανοῦνται.
1091 4247 1210 4299 Ἐπ’
1237 4249 1434 4310 αὐτοὺς
1471 4247 1526 4299 δὲ
1549 4247 1669 4316 ἣξει
1703 4249 1788 4299 εὑ-

210 4335 373 4404 λογία
398 4339 626 4406 ἀγαθή.»
654 4340 806 4392 Kal6
834 4339 1072 4404 Παῦλος·
1102 4360 1120 4390 ι
1158 4343 1232 4394 Οὐ
1282 4343 1391 4410 γάρ
1420 4345 1569 4394 ἐστιν
1623 4358 1791 4409 προσ-

209 4425 505 4495 ωποληψία
541 4430 689 4498 παρά
714 4429 791 4498 τῷ
817 4429 957 4499 Θεῷ.
985 4449 1002 4479 ι
1032 4432 1142 4482 Kal
1169 4431 1360 4484 πάλιν·
1389 4451 1405 4481 ι
1443 4432 1575 4483 Ἀπὸ
1600 4433 1656 4483 δὲ
1685 4432 1792 4483 τῶν

1890 2002 2065 2055 nihilo
2099 2003 2371 2070 disparem
2402 2001 2675 2068 complexi
2709 2007 2902 2052 Inntuo
2933 2015 3035 2052 nos
3078 1998 3321 2053 revereri
3356 1997 3428 2051 ho

1889 2109 2023 2148 nore
2063 2112 2075 2146 :
2108 2109 2219 2146 non
2243 2092 2468 2162 quidem
2492 2091 2787 2146 metientes
2830 2092 3139 2158 proximum
3177 2089 3458 2159 germani-

1891 2194 1999 2238 tate
2029 2185 2231 2246 carnis,
2257 2183 2352 2236 sed
2381 2184 2436 2235 in
2458 2183 2680 2236 Christo
2702 2183 2935 2235 invicem
2966 2183 3170 2235 amoris
3191 2181 3462 2234 individui

1889 2273 2102 2344 glutino
2128 2272 2511 2336 conl'mderati,
2543 2273 2678 2326 adeo
2707 2281 2765 2324 ut
2794 2272 2932 2325 nihil
2983 2272 3235 2324 alicunde
3261 2287 3460 2324 occur-

1891 2375 1994 2428 rat,
2027 2366 2173 2435 quod
2204 2382 2303 2419 nos
2320 2365 2492 2434 possit
2518 2381 2546 2418 a
2575 2363 2896 2432 compagine
2925 2371 3129 2416 mutnze
3150 2362 3466 2416 dilectionis

1889 2458 2154 2511 dirimere
2192 2475 2204 2510 :
2235 2458 2329 2510 sed
2361 2457 2628 2510 cdiverso
2652 2458 2805 2525 juxta
2833 2456 3164 2508 sententiam
3197 2455 3317 2523 ejus
3371 2454 3464 2520 qui

1891 2549 2121 2619 hymnos
2161 2547 2510 2600 emodulatus
2561 2554 2646 2599 est
2685 2563 2698 2597 :
2735 2565 2752 2594 ι
2801 2546 3011 2612 Eripite
3052 2559 3374 2613 pauperem,
3407 2554 3466 2597 et

1888 2654 2120 2706 egenum
2145 2655 2158 2700 ;
2188 2636 2254 2690 de.
2282 2651 2447 2688 manu
2482 2635 2790 2704 peccatoris
2813 2634 3041 2686 liberate
3063 2633 3251 2686 eum"
3282 2650 3294 2684 :
3320 2634 3466 2689 Deus

1888 2728 2035 2779 enim
2064 2726 2351 2794 dissipavit
2376 2741 2501 2780 ossa
2533 2741 2724 2778 eorum
2753 2724 2847 2792 qui
2869 2724 3188 2777 hominibus
3205 2724 3460 2792 placent;

1890 2818 2103 2872 confusi
2132 2825 2282 2879 sunt,
2313 2817 2578 2885 quoniam
2615 2816 2759 2867 Deus
2815 2813 3024 2883 sprevit
3053 2816 3237 2869 eos".
3287 2831 3304 2863 ι
3346 2814 3465 2867 Non

1889 2910 2037 2963 enim
2084 2908 2288 2960 bonum
2339 2907 2581 2960 revereri
2619 2920 2905 2974 personam
2949 2905 3001 2957 in
3029 2903 3260 2973 judicio,
3312 2904 3466 2972 juxta

1891 3000 2254 3069 Scripturam.
2281 3000 2387 3052 Et:
2432 3017 2450 3048 ι
2507 2998 2585 3051 Nc
2616 2996 2898 3065 acceperis
2941 3011 3228 3064 personam
3272 3004 3469 3049 contra

1889 3091 2126 3143 animam
2174 3098 2344 3150 tuam,
2398 3103 2465 3141 ne
2520 3094 2705 3140 autem
2756 3086 3118 3140 confnndaris
3172 3088 3226 3140 in
3277 3101 3465 3139 casum

1831 3228 1853 3246 η
1892 3182 2110 3233 tuum‘.
2142 3199 2159 3230 ι
2186 3180 2374 3233 Justus
2401 3179 2530 3231 item
2562 3177 2665 3230 Job
2703 3196 2714 3228 :
2753 3195 2770 3226 ε
2811 3176 2971 3230 Nunc
2993 3185 3177 3228 antem
3215 3176 3464 3242 inspecta

214 3258 310 3308 καὶ
337 3257 415 3328 τῷ
442 3258 661 3328 πτωχῷ,
685 3260 759 3311 Σὺ
787 3260 945 3328 στῆθι
970 3261 1106 3323 ἐκεῖ,
1139 3260 1199 3312 οὐ
1224 3259 1429 3326 διεκρίο
1446 3275 1542 3327 ητε
1567 3261 1625 3310 ὲν
1654 3259 1782 3309 έαυ-
1813 3257 1854 3283 "

1889 3286 2123 3340 persona
2166 3279 2346 3323 vestra
2390 3285 2497 3322 non
2531 3268 2767 3321 mentiar
2793 3271 2834 3320 '.
2879 3285 2896 3316 ι
2934 3267 3173 3320 Jacobus
3204 3281 3467 3334 quoque:

1897 3379 1912 3410 ι
1941 3360 2176 3418 Fratres,
2216 3361 2385 3412 nolite
2433 3360 2484 3411 in
2522 3374 2888 3426 personarum
2916 3359 3235 3425 acceptione
3263 3357 3467 3410 habere

1890 3451 2052 3504 [idem
2084 3451 2298 3503 Domini
2328 3451 2644 3502 nostriJesu
2667 3449 2908 3514 Christi;
2951 3449 2994 3502 si
3021 3449 3168 3502 enim
3194 3448 3471 3501 introierit

1891 3542 1944 3595 in
1972 3551 2303 3595 conventum
2330 3551 2574 3593 vestrum
2604 3542 2685 3593 vir
2714 3540 2923 3592 habens
2945 3556 3173 3593 aureum
3205 3540 3470 3592 annulum

1892 3631 1946 3684 in
1981 3641 2129 3684 veste
2161 3631 2470 3699 splendida,
2511 3631 2790 3684 introierit
2826 3639 3008 3684 autem
3054 3640 3111 3684 et
3169 3646 3378 3699 pauper
3412 3631 3466 3683 in

1890 3720 2117 3774 sordido
2174 3721 2389 3779 habitu.
2432 3732 2488 3774 et
2541 3721 2838 3774 intendatis
2882 3721 2936 3773 in
2967 3737 3092 3773 eum
3119 3720 3210 3788 qui
3244 3720 3471 3774 indutus

1890 3820 1975 3865 est
1997 3822 2146 3865 vcslc
2178 3813 2459 3881 prmelara,
2493 3822 2548 3865 ct
2581 3813 2832 3865 dixeritis
2856 3812 2905 3866 ei
2937 3832 2948 3866 :
2980 3812 3059 3865 Tu
3099 3811 3228 3866 sede
3251 3812 3341 3865 hic
3375 3812 3472 3865 be-

1891 3916 1982 3963 ne;
2017 3901 2242 3968 pauperi
2283 3912 2467 3955 autem
2514 3903 2711 3955 dicatis
2741 3920 2754 3956 :
2787 3903 2867 3955 Tu
2923 3911 3006 3956 sta
3040 3903 3172 3964 illic,
3210 3913 3306 3956 aut
3338 3902 3470 3956 sede

1893 3993 1996 4045 sub
2018 3993 2255 4045 scabello
2283 3993 2482 4060 pedum
2515 4009 2761 4046 meorum
2794 4012 2806 4046 :
2837 4009 3018 4047 nonne
3046 3994 3305 4062 jndicatis
3327 3994 3469 4062 apud

1893 4084 2277 4150 vosmetipsos,
2307 4093 2364 4136 et
2397 4084 2522 4135 facti
2546 4085 2917 4151 estisjudices
2942 4085 3340 4151 cogitationum
3370 4085 3474 4137 ini-

1894 4183 2128 4235 quarum
2164 4169 2220 4220 '?
2285 4188 2302 4219 ι
2349 4171 2564 4240 1176
2609 4171 2827 4226 lnducit
2879 4190 2892 4224 :
2951 4191 2968 4222 ι
3002 4173 3055 4226 Si
3085 4183 3264 4226 tamen
3297 4173 3472 4241 legem

1896 4255 2164 4323 periicitis
2205 4258 2439 4326 regalem
2497 4261 2802 4312 secundum
2845 4261 3188 4329 Scripturam
3246 4262 3474 4330 (Diliges

1895 4343 2206 4409 proximum
2237 4354 2389 4397 timm
2414 4348 2560 4399 sicut
2587 4357 2638 4400 te
2669 4349 2893 4416 ipsum),
2925 4349 3271 4414 benefaeitis;
3300 4351 3343 4404 si
3376 4366 3474 4403 an-

1899 4441 2005 4486 tem
2037 4449 2327 4501 personam
2353 4437 2622 4504 accipitis,
2671 4448 2958 4507 peccatum
2999 4440 3328 4508 operamini,
3385 4457 3473 4492 re-

209 4516 515 4569 δοκούντων
545 4515 685 4570 εἷναί
715 4537 786 4582 τι,
812 4522 983 4572 ὁποῖοί
1013 4537 1142 4572 ποτε
1169 4517 1332 4589 ἦσαν,
1361 4522 1516 4572 οὐδέν
1558 4538 1647 4589 μοι
1677 4523 1787 4573 δια-

1900 4525 2170 4593 dargutia
2209 4527 2325 4595 lege
2353 4527 2507 4595 quasi
2552 4537 2989 4597 transgressores
3016 4530 3058 4581 ⁸.
3098 4547 3116 4579 ι
3149 4529 3260 4582 Nec
3311 4529 3472 4580 ablu-

211 4609 408 4675 φέρει·
465 4609 756 4679 πρόσωπον
806 4612 937 4674 Θεὸς
967 4611 1253 4680 ἀνθρώπου
1321 4613 1381 4663 οῦ
1433 4611 1723 4680 λαμϐάνει.
1769 4630 1786 4661 ι

224 4699 285 4749 Ὀ
305 4697 362 4748 δὲ
389 4698 520 4760 Θεὺς
543 4698 679 4767 πρὸς
701 4700 794 4752 τὸν
811 4702 1082 4771 Σαμουὴλ,
1103 4705 1229 4772 περὶ
1257 4703 1362 4754 τῶν
1387 4703 1516 4753 υἱῶν
1558 4702 1754 4754 Ἰεσσαί
1775 4720 1790 4732 ·

217 4807 238 4838 ι
279 4788 372 4856 Μὴ
404 4788 722 4860 ὲπιϐλέψῃς,
769 4793 957 4858 φησὶν,
991 4795 1069 4855 είς
1120 4796 1218 4863 τὴν
1250 4793 1371 4861 ὄψιν
1408 4792 1592 4844 καὶτὸ
1621 4793 1788 4862 μέγε-

211 4877 306 4939 θος
327 4877 530 4938 αὐτῶν,
558 4881 640 4930 ὄτι
682 4881 965 4949 ἄνθρωπος
993 4884 1072 4945 είς
1111 4883 1404 4951 πρόσωπον
1451 4882 1728 4952 βλέψεται,
1763 4885 1792 4935 6

209 4970 267 5020 δὲ
308 4968 440 5030 Θεὸς
477 4971 558 5031 εις
586 4971 814 5040 καρδίαν
839 4975 961 5042 όρᾷ.
995 4992 1013 5024 ι
1047 4973 1218 5036 Αὐτὸς
1242 4974 1348 5026 δὲό
1383 4974 1582 5044 Κύριος
1617 4974 1786 5027 άκού-

213 5076 318 5120 σας
339 5060 490 5126 παρά
518 5077 661 5122 τινος
686 5078 698 5091 ·
735 5081 752 5112 ί
795 5063 924 5114 Ἰδοὺ
952 5065 984 5132 ή
1018 5064 1201 5132 μήτηρ
1231 5081 1344 5127 σου,
1377 5065 1470 5116 καὶ
1498 5066 1549 5115 οί
1574 5064 1791 5130 ἀδλεφοί

214 5167 314 5201 σου
372 5150 477 5214 ἔξω
532 5152 823 5220 ἑστηκότες
872 5153 1093 5221 ζητοῦσί
1127 5170 1206 5218 σε,
1256 5174 1273 5204 ι
1317 5156 1590 5224 ἀπεκρίθη
1618 5155 1790 5223 αὐτῷ,

219 5260 238 5291 ι
278 5241 377 5303 Τίς
411 5242 556 5293 ἐστιν
587 5246 618 5309 ὴ
649 5245 834 5311 μήτηρ
867 5261 990 5313 μου,
1027 5245 1122 5297 xal
1152 5245 1298 5308 τίνες
1328 5246 1466 5297 εἰσὶν
1494 5248 1544 5297 οἱ
1573 5245 1792 5313 ἀδελφοί

216 5347 358 5397 μου;
403 5349 420 5380 ι
459 5333 552 5383 καὶ
582 5333 828 5395 ἐκτείνας
852 5334 951 5404 τὴν
981 5339 1136 5405 χεῖρα
1157 5335 1324 5386 αὐτοῦ
1353 5337 1447 5387 ἐπὶ
1469 5338 1594 5398 τοὺς
1621 5335 1798 5403 μαθη-

211 5424 313 5483 τάς
337 5422 524 5485 αὑτοῦ,
549 5419 698 5476 εἶπεν
719 5440 731 5452 ·
774 5443 790 5476 ι
838 5426 966 5476 Ἰδοὺ
988 5429 1020 5494 ὴ
1049 5428 1229 5495 μήτηρ
1261 5443 1362 5494 μου
1385 5427 1476 5478 καὶ
1506 5427 1553 5477 οἱ
1583 5422 1802 5492 ἀδελφοί

214 5529 342 5581 μου.
377 5513 565 5577 Ὅστις
617 5516 726 5585 γάρ
759 5518 826 5569 ἂν
856 5518 1148 5587 ποιήσειτὺ
1181 5517 1395 5586 θέλημα
1438 5517 1533 5569 τοῦ
1579 5518 1802 5586 Πατρός

285 5651 331 5679 ’⁸
365 5652 466 5705 Isa.
498 5668 568 5714 Ix,
630 5655 710 5709 l6.
787 5658 831 5686 ¹³⁷
888 5657 1066 5711 Ecelc.
1103 5674 1175 5719 Ix,
1206 5658 1285 5709 16.

215 5721 235 5746 '
263 5722 385 5772 Job.
435 5739 507 5783 vl.
554 5725 640 5776 :18.
738 5728 757 5757 ³
790 5727 904 5781 Jac.
945 5744 999 5783 tt.
1043 5729 1154 5782 l-l.

216 5788 320 5847 lat.
359 5808 415 5850 It.
451 5793 500 5844 ti.

1899 4616 1982 4668 dit
2008 4617 2430 4670 l’artemiastcs:
2476 4635 2495 4666 ‹
2530 4617 2808 4670 Admirari
2843 4633 3132 4686 personam
3192 4618 3474 4686 impiinon

1897 4713 1982 4759 est
2017 4705 2244 4766 bonum,
2281 4721 2459 4772 neque
2493 4715 2742 4759 sanctum
2771 4707 3276 4776 declinarejustum
3308 4708 3474 4776 inju-

1896 4793 2044 4848 dicio
2073 4796 2115 4846 '.
2147 4813 2165 4843 ι
2217 4794 2371 4848 Alius
2405 4813 2419 4848 :
2459 4814 2477 4845 ι
2517 4795 2713 4849 Vereri
2773 4811 3069 4864 personam
3127 4797 3183 4851 in
3238 4798 3473 4867 judicio,

1894 4899 2006 4936 non
2024 4893 2108 4937 est
2138 4885 2379 4948 bonum;
2415 4884 2513 4952 qui
2571 4883 2710 4939 dicit
2742 4884 2912 4953 impio
2950 4903 2962 4936 :
2996 4886 3191 4940 Justus
3217 4902 3299 4950 es,
3359 4903 3475 4942 ma-

1895 4974 2166 5027 ledicctur
2195 4973 2248 5026 in
2274 4974 2494 5042 populis
2515 5015 2528 5036 ,
2576 4985 2632 5027 et
2665 4975 2888 5028 odibilis
2910 4977 3016 5028 erit
3048 4976 3192 5030 intcr
3245 4988 3471 5046 gentes;

1896 5065 1992 5130 qui
2060 5073 2244 5116 autem
2293 5063 2738 5132 reprehendunt,
2791 5065 3048 5120 meliores
3106 5069 3472 5135 apparebunt,

1897 5167 2064 5221 super
2100 5169 2196 5207 eos
2227 5163 2410 5207 autem
2443 5154 2626 5208 veniet
2655 5154 2970 5209 benedictio
3021 5157 3165 5210 bona
3199 5157 3240 5210 ‘.
3274 5177 3291 5208 ι
3336 5159 3475 5212 Pan-

1895 5244 1982 5296 lus
2013 5246 2143 5298 item
2191 5261 2204 5297 :
2259 5264 2276 5294 ι
2316 5245 2435 5298 Νοη
2470 5246 2618 5297 enim
2671 5255 2758 5299 est
2816 5262 3182 5315 personarum
3223 5251 3476 5317 acceptio

1900 5333 2046 5402 apud
2083 5334 2252 5386 Deum
2278 5333 2318 5387 ⁷.
2360 5351 2379 5383 ι
2413 5333 2618 5386 lterum
2660 5351 2672 5386 :
2718 5353 2735 5382 ι
2768 5335 2851 5388 ΑΙ)
2881 5335 2966 5388 his
2994 5337 3088 5403 qui
3143 5337 3477 5391 videbantur

1903 5439 2048 5488 esse,
2089 5424 2282 5491 quales
2313 5422 2608 5489 aliquando
2632 5422 2858 5486 fuerint,
2889 5425 3024 5478 nihil
3050 5441 3168 5479 mea
3199 5426 3429 5480 interest
3458 5444 3472 5479 :

1909 5530 2195 5583 personam
2223 5514 2367 5565 Deus
2403 5528 2511 5566 non
2553 5514 2823 5582 accipit“.
2863 5534 2881 5563 ι
2916 5515 3060 5568 Deus
3085 5517 3316 5585 proinde
3372 5516 3474 5570 Sa-

1365 5660 1411 5690 "
1446 5660 1589 5712 Psal.
1628 5676 1780 5713 um

1889 5701 1892 5710 .
1959 5663 2004 5689 ν’
2045 5659 2185 5711 Psal.
2221 5675 2308 5714 ιιι,
2339 5657 2390 5708 6.
2472 5660 2484 5689 '
2523 5659 2683 5711 Prov.
2727 5675 2876 5721 xvm,
2940 5662 3000 5722 Ei;
3034 5662 3192 5714 Deut.
3238 5676 3346 5723 XVI,
3383 5662 3468 5714 l9.

1237 5730 1251 5758 "
1277 5728 1409 5781 ibid.
1441 5733 1492 5788 δ,
1535 5733 1586 5790 9,
1666 5730 1684 5756 "
1717 5731 1873 5782 I'rov.
1937 5745 2076 5791 \\I\',
2104 5730 2193 5781 :23.

2272 5731 2290 5756 “
2322 5727 2456 5780 Ibid.
2507 5730 2597 5790 xli,
2635 5730 2722 5781 :23.
2803 5733 2818 5762 ⁷
2852 5731 3006 5785 ltoln.
3047 5747 3100 5793 ιι,
3147 5732 3231 5784 ll.
3317 5736 3335 5760 '
3366 5731 3473 5785 Ga-
