4178 6424
692 330 824 395 1719

1925 334 2286 394 ANTIOCHI
2342 335 2680 394 MUNAL‘III

3810 330 3949 391 172i)

685 451 853 505 nitteli
896 452 962 505 de
1002 452 1127 506 filiis
1161 450 1314 508 Iesse
1342 454 1419 506 ait
1447 469 1459 504 :
1503 469 1519 500 ι
1548 450 1625 504 Nc
1657 449 1921 519 respicias
1955 451 2011 503 in
2043 451 2257 503 vultum

2377 467 2466 515 aco
2498 451 2592 503 τοῦ
2618 454 2676 503 ὲν
2702 452 2970 519 οὐρανοῖς,
2996 443 3149 509 οὗτός
3183 466 3284 517 μου
3309 448 3559 516 ἀδελφὸς,
3590 447 3685 498 καὶ
3712 445 3941 513 ὸόελφὴ,

683 554 742 597 et
767 544 831 596 ad
855 544 1443 613 magnitudinemcjus,
1484 543 1615 611 quia
1646 542 1809 595 homo
1856 542 1909 595 in
1950 542 2145 595 faciem
2174 542 2258 594 vi-

685 634 857 696 debit,
903 635 1048 689 Deus
1078 646 1260 691 autem
1288 637 1534 689 intuetur
1564 650 1661 689 cor
1689 635 1731 686 ’.
1772 655 1789 684 ι
1815 633 1933 700 Ipse
1957 648 2119 699 porro
2148 633 2258 685 Do-

2370 544 2465 596 καὶ
2498 544 2679 612 μήτηρ
2716 545 2819 613 μου
2840 545 3006 595 ἐστιν.
3032 560 3048 592 ι
3070 540 3274 611 ιὶὺτῷή
3306 541 3434 607 δόξα
3453 542 3534 602 εἰς
3565 541 3695 601 τοὺς
3721 539 3933 598 αἰῶνας

2365 633 2472 685 τῶν
2501 633 2730 686 αἰώνων.
2780 635 2839 685 ’Δ
2847 636 2973 702 μήν.

686 727 870 780 utinus
890 742 1015 781 eum
1046 743 1073 781 a
1095 728 1331 796 quodam
1363 726 1665 779 audivisset
1692 742 1703 777 :
1743 744 1760 772 ι
1805 725 1943 778 Ecce
1969 733 2143 777 mater
2166 732 2259 777 tua
2294 732 2350 776 ct
2404 723 2601 777 fratres
2628 725 2704 777 lui
2740 724 2877 780 foris
2909 731 3059 777 stant
3108 731 3419 793 quaerentes
3446 731 3499 774 te
3526 720 3590 781 ὀ,
3639 738 3657 769 ι
3715 729 3947 784 respon-

685 817 767 869 dit
795 818 869 871 illi
916 836 930 872 :
964 837 976 871 :

1017 838 1034 868 ι
1060 820 1194 883 Quae
1225 828 1309 872 est
1341 829 1516 873 mater
1546 834 1688 881 mea,
1712 828 1769 873 et
1821 818 1914 887 qui
1956 828 2086 872 sunt
2130 817 2330 873 fratres
2359 820 2467 873 mei
2506 821 2585 872 “?
2623 839 2641 869 ι
2682 820 2933 888 Cumque
2989 820 3330 874 cxtendisset
3385 835 3609 873 mam-ui
3663 832 3828 871 suam
3891 815 3941 867 in

686 906 1010 976 discipulos,
1041 909 1209 962 dicit:
1245 929 1261 959 ι
1294 910 1433 963 Ecce
1461 918 1636 963 mater
1660 925 1778 962 mea
1799 919 1855 963 et
1878 910 2076 963 fratres
2131 910 2236 963 mei
2271 931 2284 962 :
2325 912 2645 979 quicunque
2699 912 2847 966 enim
2880 911 3074 965 fecerit
3107 911 3446 964 voluntatem
3474 910 3649 965 l’atris
3692 909 3804 962 mei
3849 906 3943 976 qui

687 1008 771 1052 est
797 998 849 1051 in
878 1000 1055 1064 ewlis,
1090 1000 1181 1054 llic
1213 1017 1368 1055 locus
1397 1001 1567 1055 frater
1600 1011 1657 1055 et
1694 1012 1870 1056 mater
1898 1011 1983 1055 cst
2013 1004 2076 1055 ".
2105 1023 2124 1053 ι
2162 1002 2268 1071 Ipsi
2303 1003 2472 1070 gloria
2507 1004 2561 1057 in
2597 1006 2796 1059 saecula
2846 1005 3190 1059 seculorum.
3218 1005 3415 1057 Amen.

1218 1134 1501 1190 ΙΙΟΜΙΙΛΛ
1524 1137 1704 1191 XCIV.

878 1250 1299 1303 (Iolmbitandum
1326 1251 1507 1318 paucis
1530 1250 1763 1319 quidem,
1797 1249 1887 1301 scd
1903 1249 2068 1302 bonis.

761 1360 1058 1423 l‘roiuerit,
1087 1359 1424 1421 charissimi,
1452 1375 1576 1412 cuin
1607 1359 1797 1427 paucis
1831 1358 2055 1428 quidem
2102 1359 2261 1413 babi-

693 1461 827 1513 larc,
854 1451 949 1504 sed
984 1451 1142 1503 bouis
1172 1469 1184 1503 :
1216 1451 1265 1503 id
1306 1450 1454 1517 quod
1490 1450 1601 1503 Deo
1635 1451 1794 1518 longe
1832 1450 2061 1517 gratius,
2098 1464 2263 1516 quam

690 1552 753 1594 ut
780 1542 969 1594 multis
997 1541 1281 1594 CllllﬂllllCS
1308 1540 1401 1609 qui
1441 1541 1553 1593 sint
1581 1549 1990 1608 contemptores
2041 1539 2265 1593 manda-

694 1643 873 1686 torum
904 1632 1138 1685 Domini.
1163 1632 1266 1686 Ubi
1292 1633 1440 1685 enim
1478 1633 1644 1685 timor
1684 1632 1923 1695 Domini,
1974 1633 2084 1685 illic
2129 1631 2261 1684 elia-

2973 1136 3185 1187 ΛΟΓΟΣ
3213 1139 3327 1201 ιιι.

2574 1245 2711 1314 Περὶ
2738 1247 2845 1300 τοῦ
2868 1245 3055 1299 οἰκεῖν
3080 1246 3231 1314 μετὰ
3256 1246 3480 1313 ὀλίγων
3507 1243 3739 1297 καλῶν.

2437 1359 2618 1411 Καλόν
2647 1359 2817 1417 ἐστιν,
2849 1356 3145 1429 ἀγαπητοὶ,
3188 1357 3359 1409 οίκεῖν
3412 1356 3553 1419 μετὰ
3610 1355 3825 1421 ὀλίγων
3856 1355 3947 1407 εὐ-

2366 1448 2741 1517 αρεστούντων
2790 1448 2870 1517 τῷ
2900 1447 3041 1517 Θεῷ,
3074 1450 3223 1516 ἥπερ
3250 1449 3387 1516 μετὰ
3422 1447 3633 1499 πολλῶν
3658 1461 3949 1513 καταφρο-

2366 1541 2543 1608 νητῶν
2567 1540 2677 1592 τῶν
2710 1540 2940 1593 ἐντολῶν
2995 1541 3228 1609 Κυρίου.
3265 1542 3440 1591 Ὅπου
3476 1541 3587 1609 γὰρ
3631 1538 3803 1606 φόϐος
3836 1539 3949 1589 Κυ-

2370 1631 2508 1700 ρίου,
2538 1634 2657 1684 ἐκεῖ
2685 1634 2779 1683 καὶ
2802 1633 3015 1699 ἀγάπη,
3053 1633 3148 1683 καὶ
3175 1632 3401 1700 ὁμόνοια
3418 1631 3663 1697 ἀδελφῶν
3683 1647 3699 1661 ·
3732 1631 3873 1683 ὅπου
3898 1628 3950 1679 δὲ

693 1722 826 1774 ritas
859 1729 915 1773 et
941 1721 1169 1773 fratrum
1195 1721 1491 1775 concordia
1523 1739 1535 1774 :
1575 1720 1667 1773 ubi
1701 1721 1889 1774 nullus
1933 1720 2264 1788 relinquitur

2377 1720 2587 1788 ὶφοϐία.
2623 1723 2742 1774 ἐκεῖ
2770 1721 2886 1790 ἔρις
2916 1722 3012 1774 καὶ
3055 1722 3215 1789 ζῆλος
3235 1738 3248 1751 ⁸
3280 1725 3414 1775 ὅπου
3469 1720 3733 1773 εὐλάϐεια
3782 1716 3949 1780 θεοῦ,

695 1815 879 1868 timori
911 1814 1007 1885 Dei
1046 1815 1222 1877 locus,
1259 1815 1333 1869 ibi
1369 1815 1654 1869 contentio
1706 1831 1771 1869 ac
1815 1815 1966 1867 zelus
2002 1832 2014 1866 :
2050 1814 2144 1868 ubi
2182 1824 2268 1867 re-

691 1908 941 1959 verentia
976 1922 1040 1959 ac
1092 1907 1271 1975 pietas
1322 1922 1450 1975 erga
1502 1906 1697 1967 Demn,
1731 1914 1789 1958 et
1836 1905 2090 1959 amabilis
2137 1919 2267 1973 erga

692 1999 1000 2068 proximum
1032 1996 1285 2059 allectus,
1330 1996 1443 2049 illic
1482 1996 1851 2051 intermedius
1876 1996 2072 2049 borum
2106 1995 2267 2049 habi-

693 2099 765 2142 tat
792 2090 938 2142 Deus
962 2105 975 2140 :
1002 2088 1097 2141 ubi
1138 2096 1321 2141 autem
1370 2088 1577 2141 invidia
1636 2101 1702 2141 ac
1740 2087 1882 2141 male
1911 2087 2182 2156 morigera
2211 2095 2269 2139 et

693 2181 1070 2249 inobsequens
1097 2180 1386 2247 subjectio,
1415 2180 1528 2233 illic
1558 2194 1589 2233 c
1637 2180 1860 2250 regione
1894 2178 2128 2232 ambitio
2176 2193 2267 2230 rc-

691 2277 822 2337 guat
864 2269 1050 2338 gloria:
1074 2268 1273 2321 inanis.
1306 2267 1667 2322 Commodum
1689 2268 1855 2322 fuerit
1884 2284 1947 2322 ac
1974 2267 2116 2335 frugi
2169 2283 2270 2321 nos

693 2360 976 2412 mordicus
1005 2359 1146 2411 tucri
1186 2372 1249 2411 ac
1276 2361 1514 2411 retinere
1562 2358 1978 2428 simplicitatem
2017 2367 2074 2411 et
2104 2356 2267 2408 innoo

692 2450 952 2512 ctmtiam,
979 2459 1141 2518 atque
1167 2449 1234 2502 ad
1271 2449 1537 2503 infantilis
1592 2450 1717 2503 vita:
1755 2449 2047 2503 formulam
2084 2462 2271 2502 mores

694 2541 1010 2598 instituere.
1038 2540 1242 2610 quibus
1266 2541 1604 2609 incomperta
1638 2550 1723 2594 est
1746 2556 1971 2609 prorsus
2021 2540 2267 2609 improba

695 2632 1027 2702 malignitas,
1076 2632 1330 2687 humanm
1364 2632 1491 2686 vita:
1532 2634 1808 2701 cxpnltrix
1841 2650 1854 2685 :
1888 2648 2067 2702 neque
2098 2633 2273 2686 simus

694 2725 989 2778 adversum
1052 2739 1154 2777 nos
1214 2723 1442 2777 invech
1496 2724 1664 2777 ullius
1714 2724 1928 2793 injuria:
1978 2739 2271 2787 memores,

695 2830 805 2867 neu
867 2829 967 2883 per
1020 2813 1288 2868 malitiam
1346 2814 1493 2882 leges
1531 2815 1959 2883 prazvaricemur
2015 2831 2030 2868 :
2099 2816 2272 2884 magis

695 2912 876 2957 autem
904 2920 1122 2957 onmem
1150 2904 1490 2972 deponamus
1526 2904 1822 2967 malitiam,
1875 2920 2094 2958 onmem
2125 2920 2269 2958 ama-

696 2995 999 3050 ritudinem
1062 2994 1263 3049 divina:
1318 2996 1453 3064 legis
1506 2995 2035 3062 prazvaricatricem.
2102 2996 2270 3064 inque

2371 1814 2464 1866 καὶ
2496 1814 2697 1881 στοργὴ
2718 1812 2811 1865 τοῦ
2862 1812 3111 1881 πλησίον,
3146 1815 3263 1866 ἐκεῖ
3288 1815 3318 1866 ὁ
3366 1813 3497 1873 Θεὸς
3516 1813 3659 1864 οίκεῖ
3678 1812 3739 1862 ὲν
3797 1809 3953 1878 μέσῳ

2372 1903 2587 1958 αὐτῶν·
2638 1905 2774 1957 ὅπου
2802 1904 2861 1957 δὲ
2912 1902 3109 1972 φθόνος
3142 1904 3240 1957 καὶ
3275 1904 3637 1967 ἀνυποταξία,
3667 1904 3793 1953 ἐκεῖ
3831 1903 3862 1953 ὀ
3896 1900 3953 1962 ἐξ

2371 1996 2619 2057 ἐναντίας
2641 1995 3012 2065 ἐναϐρύνεται.
3034 1996 3212 2048 Καλόν
3232 1998 3381 2048 ἐστιν
3401 1996 3623 2064 κρατεῖν
3656 1994 3757 2063 τὴν
3780 1992 3953 2045 ἁπλὸ·

2369 2100 2509 2155 τητα
2534 2087 2630 2139 καὶ
2654 2086 2753 2155 τήν
2780 2087 3036 2149 ἀκακίαν,
3068 2088 3162 2139 καὶ
3192 2082 3330 2139 εἶναι
3354 2087 3429 2146 ὡς
3455 2087 3525 2137 τὰ
3557 2087 3732 2153 νήπια
3769 2084 3843 2135 τὰ
3878 2081 3951 2153 μὴ

2369 2179 2711 2246 γινώσκοντα
2733 2180 2832 2247 τὴν
2847 2180 3135 2247 πονηρίαν,
3159 2181 3262 2247 τὴν
3283 2178 3664 2232 ἀπολλύουσαν
3678 2179 3783 2248 τὴν
3802 2177 3952 2245 ζωήν

2369 2272 2481 2323 τῶν
2534 2272 2869 2342 ἀνθρώπων·
2910 2274 3003 2324 καὶ
3051 2273 3125 2341 μὴ
3166 2270 3307 2325 εἶναι
3352 2273 3751 2340 μνησικάκους,
3810 2271 3950 2338 μήτε

2372 2363 2723 2433 παρανόμους
2765 2366 2832 2434 τῇ
2880 2364 3067 2435 κακίᾳ,
3116 2363 3228 2415 ἀλλ’
3253 2360 3551 2416 ἀποθέσθαι
3593 2362 3695 2422 τὰς
3725 2359 3949 2422 κακίας,

2371 2456 2467 2510 καὶ
2500 2455 2601 2517 τὰς
2624 2456 2909 2525 πονηρίας,
2935 2457 3032 2508 καὶ
3054 2455 3152 2512 τὰς
3181 2455 3407 2523 πικρίας
3438 2453 3537 2515 τὰς
3569 2451 3951 2520 παρανόμους.

2370 2548 2464 2601 καὶ
2491 2546 2746 2615 γενέσθαι
2776 2547 2837 2598 ἓν
2865 2546 3105 2613 πνεῦμα,
3136 2547 3231 2599 καὶ
3263 2545 3333 2599 τὰ
3360 2546 3614 2614 σχήματα
3643 2543 3713 2595 τὰ
3739 2538 3954 2608 πονηρὰ

2372 2637 2691 2707 ἀνατρέψαι,
2719 2638 2868 2698 ὅπως
2899 2640 2928 2691 ὁ
2978 2637 3183 2707 Κύριος
3233 2638 3337 2705 τῆς
3376 2637 3601 2705 εἰρήνης
3642 2633 3955 2702 κατοικήσῃ

2373 2731 2432 2782 ἐν
2466 2730 2656 2787 πᾶσιν,
2686 2729 2773 2781 ἵνα
2792 2730 2887 2781 καὶ
2918 2728 2980 2783 τὸ
3036 2729 3254 2795 πνεῦμα
3302 2727 3452 2794 ὑγιὲς
3479 2727 3730 2795 γίνηται,
3760 2725 3954 2790 ὥσπερ

2373 2820 2505 2873 αὐτὸ
2526 2820 2720 2873 ἔλαϐεν
2752 2820 2781 2872 ὁ
2809 2819 3114 2887 ἄνθρωπος.
3154 2819 3282 2872 Ἐὰν
3320 2819 3430 2886 γάρ
3461 2835 3547 2879 τις
3578 2818 3781 2884 κναφεῖ
3805 2812 3954 2881 δώτῃ

2376 2907 2593 2975 ἱμάτιον
2621 2909 2809 2963 καινὸν
2847 2910 2941 2961 καὶ
2966 2908 3139 2976 ὑγιὲς,
3173 2908 3268 2959 καὶ
3322 2905 3484 2959 τοῦτο
3512 2905 3655 2958 θέλει
3715 2902 3954 2971 κομίσα-

2375 3000 2518 3053 σθαι·
2541 3002 2570 3053 ὁ
2599 3001 2655 3054 δὲ
2677 3001 2916 3068 κναφεὺς
2938 3000 3129 3069 σχίσας
3148 3000 3211 3051 τὸ
3234 2999 3472 3069 ἱμάτιον,
3507 2995 3811 3057 ἀποδώσει,
3843 2988 3953 3063 ἆρα

698 3101 871 3140 unum
920 3087 1292 3140 coalescamus
1330 3086 1613 3153 spiritum,
1660 3085 1809 3138 ιιιιιιιί
1851 3099 2080 3154 prorsus
2108 3100 2138 3139 a
2167 3102 2267 3140 no-

2379 3090 2611 3160 λήψεται
2640 3091 2770 3144 αὑτό
2790 3106 2807 3154 ς

698 3179 783 3232 liis
856 3177 1083 3246 depulsa
1133 3178 1508 3240 simulatione,
1575 3186 1850 3246 quatenus
1904 3178 1959 3230 in
2014 3178 2174 3231 nobis
2245 3179 2504 3251 dignetur
2582 3183 2831 3238 habitare
2892 3183 3162 3237 Dominus
3213 3182 3383 3251 pacis,
3428 3190 3491 3234 ut
3541 3189 3773 3248 spiritus
3836 3175 3955 3245 ipse

700 3266 1021 3329 revalescat,
1088 3267 1332 3335 pristinae
1373 3267 1591 3321 sanitati
1644 3283 1807 3335 quam
1846 3269 2087 3336 gratuito
2136 3281 2452 3339 acceperat,
2514 3273 2569 3328 in
2610 3275 2882 3344 integrum
2937 3275 3245 3327 restitutus.
3302 3272 3359 3325 Si
3397 3271 3668 3341 quispiam
3703 3278 3954 3323 nostrum

696 3365 906 3408 vestem
961 3353 1176 3407 dederit
1215 3353 1433 3414 fulloni,
1493 3369 1691 3408 novam
1758 3356 1983 3424 quidem
2045 3357 2191 3409 illam
2249 3367 2413 3428 atque
2478 3363 2848 3427 incolumem;
2899 3373 2954 3418 et
3009 3364 3151 3417 hanc
3196 3378 3225 3416 a
3262 3361 3470 3417 fullone
3510 3362 3763 3430 recipere
3784 3361 3953 3421 velit,

703 3444 917 3515 1177
986 3442 1119 3496 fullo
1176 3450 1361 3497 autem
1414 3442 1460 3496 si
1512 3442 1850 3499 frustillatim
1912 3446 2189 3501 concisam
2245 3458 2301 3504 et
2356 3451 2647 3507 dissectam
2699 3453 3042 3520 reddiderit,
3100 3454 3246 3508 itane
3286 3453 3514 3524 (quaaso)
3570 3453 3807 3523 accipiet
3834 3466 3955 3507 eam

703 3537 964 3591 dominus
1016 3533 1219 3588 vestis?

779 3624 1043 3695 Nunquid
1077 3640 1185 3679 non
1222 3639 1346 3678 cum
1388 3624 1483 3677 illo
1521 3623 1844 3679 velitaribus
1874 3626 2063 3680 verbis
2092 3626 2279 3681 deliti-

699 3718 884 3785 galiit,
919 3716 1167 3785 vitioque
1220 3715 1299 3768 illi
1354 3725 1572 3779 vertet,
1611 3716 1845 3771 dicens:
1875 3717 2277 3773 Vestimentnm

701 3810 830 3864 dedi
877 3809 932 3863 in
976 3824 1170 3862 manus
1200 3817 1322 3862 tuas
1363 3823 1557 3862 sanum
1606 3818 1665 3863 et
1704 3809 2003 3872 incolume,
2038 3810 2170 3879 quid
2202 3810 2277 3865 ita

699 3902 882 3955 lacere
913 3899 1235 3961 concidisti,
1277 3906 1337 3953 ut
1378 3900 1512 3952 nulli
1543 3900 1653 3968 jam
1693 3901 1818 3954 usui
1858 3901 2277 3955 aceonnnodum

699 3992 1008 4048 redderes?
1050 3992 1206 4057 Quod
1257 3992 1300 4045 si
1344 4007 1489 4045 unus
1523 3992 1726 4060 aliquis
1758 4007 1859 4061 pro
1902 3992 2280 4061 qualicunque

698 4084 1057 4145 vestimento,
1106 4081 1172 4135 ad
1216 4096 1342 4135 eum
1391 4081 1615 4135 modum
1675 4097 1915 4136 mcerorc
1955 4080 2274 4147 conficitur,

701 4190 993 4245 pugnaque
1036 4172 1251 4227 velitari
1296 4172 1608 4231 contendit.
1659 4174 1790 4238 quia
1829 4188 1940 4227 non
2000 4172 2276 4242 integrum

704 4267 947 4335 recipit:
980 4274 1249 4335 quantum
1304 4280 1405 4319 nos
1446 4264 1699 4319 adituros
1740 4264 1999 4333 supplicii
2052 4279 2153 4334 par
2189 4273 2276 4318 est

702 4356 955 4420 credere,
991 4355 1173 4409 ultore
1208 4354 1465 4417 Domino,
1496 4354 1592 4422 qui
1640 4368 1767 4408 cum
1806 4354 2066 4423 spiritum
2118 4367 2281 4407 acce-

702 4445 1113 4515 periumsnnlla
1141 4445 1699 4514 contagedecolorcm
1729 4445 1824 4499 sed
1859 4459 2076 4507 sanum,
2101 4443 2280 4513 ipsum

707 4553 946 4591 uia-rere
995 4538 1250 4597 fecimus,
1298 4536 1561 4604 quodque
1607 4536 1779 4589 vitam
1839 4535 1981 4589 hanc
2034 4543 2282 4588 nostram

706 4634 890 4686 minus
939 4634 1359 4701 cmnposuimus
1409 4633 1685 4702 religiose,
1726 4632 2075 4687 reddidimus
2111 4630 2282 4685 inuti-

708 4726 813 4777 l-sm
836 4724 977 4778 adeo
1000 4734 1057 4778 nt
1077 4726 1215 4778 nulli
1242 4726 1354 4795 jam
1392 4726 1657 4779 usuiesse
1697 4726 1869 4794 possit
1890 4725 2117 4778 domino
2148 4723 2285 4777 suo?

709 4815 852 4868 Usus
902 4816 1050 4868 enim
1105 4816 1221 4885 ipse
1280 4816 1513 4885 spiritus
1563 4817 1762 4877 nostri,
1810 4824 2001 4869 nostra
2036 4829 2284 4884 Ipsorum

710 4908 871 4976 culpa
915 4907 1172 4976 deperiit.
1230 4909 1367 4962 Dum
1400 4909 1547 4962 enim
1580 4908 1661 4962 sic
1702 4923 1801 4977 per
1848 4907 2286 4965 contentionem,

712 5000 916 5061 zelum,
962 5008 1019 5052 et
1056 4999 1404 5053 oiiinifariam
1449 4999 1798 5068 iniquitatem
1839 4999 2008 5051 vitam
2047 4996 2289 5051 traduci-

712 5105 856 5147 mus.
885 5090 1075 5157 utique
1098 5090 1232 5142 nulli
1260 5090 1557 5143 obscurum
1585 5097 1693 5151 est,
1724 5088 1858 5157 quin
1886 5088 1987 5157 ipsi
2013 5088 2289 5141 nobismet

714 5178 859 5245 apud
893 5180 1186 5232 Dominum
1209 5180 1572 5234 conciliemus
1604 5180 1765 5239 iram,
1788 5179 2030 5247 denique
2061 5188 2115 5231 et
2143 5195 2292 5231 mor-

716 5281 847 5324 tem.
884 5271 1051 5324 Multo
1082 5272 1252 5342 igitur
1277 5273 1340 5324 sil
1383 5271 1751 5340 prazstabilius
1776 5269 1977 5339 degere
1999 5283 2124 5322 cum
2152 5285 2289 5338 pau-

716 5363 799 5415 cis
829 5364 921 5431 qui
974 5365 1104 5417 boui
1147 5366 1278 5422 sint,
1318 5379 1481 5432 quam
1526 5377 1649 5415 cum
1684 5362 1879 5416 crebra
1933 5360 2289 5414 multitudine

721 5456 1021 5519 inutilium,
1055 5464 1112 5507 ut
1140 5466 1195 5509 ct
1225 5456 1424 5509 divina:
1454 5453 1803 5508 tradiderunt
1850 5451 2169 5520 Scriptura‘.
2201 5451 2292 5504 Ait

720 5548 866 5599 cnim
902 5546 1287 5599 l‘artczuiastcs
1320 5564 1330 5598 :
1366 5566 1381 5596 t
1407 5545 1478 5599 Ne
1518 5543 1807 5597 desideres
1836 5558 1958 5595 esse
1991 5557 2116 5593 cum
2152 5542 2287 5593 nud-

784 5730 801 5749 '
842 5728 970 5793 lie-,1.
1010 5742 1111 5779 ut.
1147 5725 1223 5778 l7.
1309 5726 1349 5755 "‘
1394 5726 1581 5778 .‘datlli.
1620 5742 1710 5783 \ll,
1760 5726 1832 5777 iii.

1920 5725 1952 5749 “
1982 5721 2140 5775 Marc.
2174 5737 2248 5779 ιιι.
2281 5721 2366 5771 37-.

2453 3628 2588 3696 Οὐχὶ
2623 3629 2948 3697 μαχήσεται,
2981 3629 3075 3682 καὶ
3110 3629 3557 3700 ὑϐῷσειρλἐγων
3589 3630 3762 3700 αὐτῷ·
3801 3632 3955 3702 ’ἰμά-

2378 3717 2493 3769 τιόν
2524 3734 2606 3770 σοι
2641 3719 2795 3785 ὑγιὲς
2831 3718 3027 3783 ἔδωκα,
3066 3718 3156 3771 διὰ
3193 3720 3245 3771 τί
3291 3719 3422 3772 αὐτὸ
3464 3721 3707 3788 εσχισας,
3741 3723 3839 3774 καὶ
3868 3739 3956 3775 πε-

2382 3809 2614 3880 ποίηκας
2645 3809 2957 3878 ᾶχρηστονς
2985 3812 3048 3863 Εἰ
3085 3807 3181 3864 οὖν
3212 3811 3387 3874 οὕτως
3432 3812 3564 3881 περὶ
3610 3813 3830 3879 ἱματίου
3868 3815 3954 3866 λυ-

2382 3900 2563 3954 πεῖταί
2588 3917 2670 3963 τις
2704 3901 2799 3953 καὶ
2840 3901 3094 3971 μάχεται,
3118 3902 3201 3954 ὅτι
3236 3903 3337 3954 οὐκ
3381 3902 3682 3971 ἀπείληφεν
3714 3905 3871 3971 ὑγιὲς
3903 3905 3960 3959 τδ

2384 3992 2620 4061 ἱμάτιον,
2664 3992 2706 4043 σί
2737 3992 3003 4062 δοκοῦμεν
3031 3994 3195 4062 ἡμεῖς
3226 3993 3420 4047 παθεῖν
3460 3995 3566 4047 ὑπὸ
3593 3994 3688 4048 τοῦ
3720 3997 3958 4067 Κυρίου,

2382 4084 2444 4137 τὸ
2476 4083 2695 4140 πνεῦμα
2724 4083 2982 4146 λασόντες
3027 4084 3198 4151 ὑγιὲς,
3260 4086 3356 4137 καὶ
3396 4085 3555 4139 τοῦτο
3586 4085 3960 4155 λυπήσαντες,

2380 4175 2477 4228 καὶ
2524 4173 2947 4243 ἀχρειώσαντες.
2987 4174 3062 4243 μὴ
3116 4176 3174 4227 ὲν
3222 4175 3513 4244 σεμνότητι
3561 4176 3958 4247 πολιτευσάμε-

2379 4281 2491 4328 vet;
2525 4265 2618 4317 καὶ
2648 4267 2724 4327 είς
2745 4265 3003 4333 οὐδεμίαν
3032 4264 3228 4336 χρῆσιν
3258 4265 3483 4319 δύναται
3511 4261 3650 4319 εἶναι
3671 4266 3750 4336 τῷ
3770 4268 3962 4338 Κυρίῳ

2386 4355 2616 4420 ἑαυτοῦ;
2658 4356 2723 4409 Ίῐ
2770 4356 2878 4427 γὰρ
2930 4357 3126 4427 χρῆσις
3172 4355 3266 4410 τοῦ
3314 4357 3625 4427 πνεύματος
3672 4358 3768 4427 ὑφ’
3801 4360 3963 4428 ήμῶν

2389 4447 2728 4517 κατεφθάρη.
2763 4447 2855 4517 Τῷ
2890 4446 2999 4517 γὰρ
3042 4448 3099 4498 ὲν
3142 4446 3301 4516 ἔριδι,
3331 4448 3427 4500 καὶ
3469 4447 3635 4518 ζήλῳ,
3676 4449 3772 4502 καὶ
3812 4450 3963 4522 πάσῃ

2318 4540 2592 4631 οάνομίᾳ.
2637 4539 2867 4607 διάγειν,
2926 4539 3162 4609 φανερὸν
3205 4541 3288 4592 ὃτι
3341 4539 3513 4611 ὀργὴν
3574 4542 3669 4595 καὶ
3731 4544 3964 4597 θάνατον

2390 4630 2542 4700 παρὰ
2571 4632 2776 4700 Κυρίου
2806 4631 3019 4693 ἑαυτοῖς
3042 4630 3397 4700 ἐπιφέρομεν.
3434 4649 3454 4682 ι
3474 4631 3851 4703 Αίρετώτερον
3874 4631 3970 4687 ὧν

2382 4722 2499 4773 ἔστι
2550 4720 2690 4789 μετὰ
2734 4719 2934 4787 ὀλίγων
2975 4719 3161 4772 καλῶν
3206 4720 3433 4787 διάγειν,
3468 4721 3500 4791 ἢ
3539 4722 3679 4791 μετὰ
3727 4723 3969 4792 πλήθους

2384 4812 2698 4880 ἀχρήστων,
2737 4812 2786 4863 εί
2844 4812 2919 4881 μή
2945 4834 2949 4838 ·
2975 4811 3092 4863 ἔστι
3130 4809 3295 4878 φόϐος
3334 4812 3546 4880 Κυρίου
3600 4814 3725 4881 μετ’
3760 4813 3966 4869 αὐτῶν.

2386 4903 2675 4970 Κρείσσων
2714 4901 2823 4969 γὰρ
2852 4896 2933 4962 εἷς
2967 4901 3197 4966 δίκαιος,
3233 4900 3265 4969 ἢ
3294 4901 3456 4970 χίλιοι
3486 4902 3831 4971 ἁμαρτωλοί.
3881 4904 3969 4955 Ἐν

2389 4994 2685 5061 Συναγωγῇ
2721 4993 2827 5060 γὰρ
2858 4992 3198 5060 ἁμαρτωλῶν
3222 4992 3629 5063 ἐκκαυθήσεται
3657 4992 3794 5063 πῦρ.
3833 4994 3968 5055 Καὶ,

2395 5085 2443 5135 εί
2532 5082 3029 5153 σκληῳτράχηλος,
3063 5081 3380 5151 θαυμαστὸν
3409 5083 3587 5146 τοῦτο,
3621 5084 3669 5135 εί
3700 5084 3967 5151 ἀθωωθή-

2394 5189 2580 5226 σεταιο
2613 5172 2759 5234 ἔλεος
2782 5173 2891 5241 γὰρ
2924 5172 3021 5226 xui.
3048 5172 3186 5243 ὀργὴ
3226 5172 3379 5243 παρὰ
3409 5173 3635 5245 Κυρίου.
3668 5192 3686 5224 ι
3729 5175 3842 5227 Καὶ
3876 5174 3970 5227 ἆλ-

2392 5263 2501 5326 λοςο
2538 5283 2555 5315 ι
2586 5264 2677 5332 Μὴ
2707 5262 2962 5332 ὲπιθύμει
2991 5262 3192 5332 πλῆθος
3230 5263 3523 5331 ἀχρήστων
3545 5279 3558 5293 ο
3596 5264 3693 5315 ἐὰν
3729 5264 3971 5334 πληθυνο

2393 5355 2580 5417 θῶσιν,
2632 5355 2706 5423 μή
2746 5354 3039 5423 εὐφραίνου
3076 5353 3163 5405 ἐπ’
3209 5352 3414 5415 αὐτοῖς,
3448 5355 3495 5405 εί
3530 5354 3603 5422 μή
3654 5354 3773 5405 ἐστι
3804 5354 3970 5421 φόϐος

2396 5447 2598 5516 Κυρίου
2630 5447 2748 5515 μετ’
2785 5444 2984 5498 αὐτῶν.
3014 5444 3105 5511 Μὴ
3137 5442 3509 5514 ὲμπιστεύσῃς
3524 5446 3590 5513 τῇ
3623 5444 3737 5514 ζωῇ
3763 5445 3967 5496 αὐτῶν·

2396 5539 2671 5604 στενάξεις
2704 5540 2812 5605 γὰρ
2844 5537 3031 5591 πένθει
3063 5537 3248 5608 ἀώρῳ.
3294 5537 3580 5607 Κρείσσων
3626 5536 3739 5606 γὰρ
3776 5529 3859 5599 εἷς
3891 5536 3963 5593 δί-

2448 5720 2489 5750 ¹²
2522 5718 2652 5771 Luc.
2676 5735 2786 5779 \m,
2817 5718 2905 5773 ξιι.
