4178 6424
216 449 342 513 1721

1357 439 1684 498 IIOMIL'A
1724 440 1892 501 XCV.
1917 466 1985 476 ’-
2027 441 2124 500 DE
2165 442 2369 500 RISU.

3335 431 3468 494 17??

211 571 370 615 καιος
414 552 584 604 ποιῶν
616 554 676 606 τὸ
705 554 916 622 θέλημα
957 553 1052 606 τοῦ
1081 554 1239 617 Θεοῦ,
1272 554 1302 623 ἦ
1339 553 1522 626 μύριοι
1549 555 1788 624 παράνο-

1899 557 2135 610 titudine
2181 558 2481 616 inutilium,
2530 552 2634 608 nisi
2687 551 2831 604 adsit
2876 550 3042 603 timor
3081 548 3298 602 Domini
3342 564 3466 598 cum

215 661 332 711 tam.
385 645 556 702 ιΚαὶ,
598 645 853 694 ιΔίκαιον
905 644 1196 696 ἀποθανεῖν
1250 644 1494 707 ἄτεκνον,
1555 645 1586 713 ἦ
1647 645 1789 712 ἔχειν

209 733 381 783 τέκνα
411 733 607 802 ἀσεὸἧ.
651 734 782 786 Ἀπὸ
811 733 918 801 γὰρ
948 734 1068 793 ἐνὸς
1118 733 1341 785 συνετοῦ
1379 734 1792 803 συνοικισθήσε-

211 840 305 874 ται
358 825 532 884 πόλις.
562 843 578 872 ι
630 825 688 876 '0
713 825 769 876 δὲ
810 825 1130 886 ’Λπόστολός
1177 840 1344 893 φησιν
1368 840 1381 854 ·
1426 845 1443 876 ι
1467 827 1650 893 Ἔγνω
1682 824 1792 876 K6-

217 929 337 980 ριος
387 914 514 974 τοὺς
570 914 728 976 ὀντας
789 914 974 968 αὐτοῦ.
1010 934 1028 966 ι
1094 917 1226 979 Καὶ,
1263 920 1282 967 ί
1321 917 1640 986 Ἀποστήτω
1684 918 1793 970 ἀπὸ

212 1004 436 1063 ἀδικίας
487 1007 594 1066 πᾶς
643 1007 671 1058 6
713 1006 998 1075 ὀνομάζων
1047 1007 1111 1058 τὸ
1154 1006 1324 1076 ὄνομα
1371 1008 1467 1059 τοῦ
1503 1009 1733 1078 Κυρίου.
1770 1027 1787 1060 ι

214 1095 332 1147 Καὶ
365 1095 616 1165 ἐπιφέρει
648 1112 662 1126 ·
693 1115 709 1146 ι
755 1097 841 1148 Ἐν
877 1099 1086 1167 μεγάλῃ
1120 1099 1177 1151 δὲ
1206 1098 1350 1169 οἰκίᾳ
1373 1101 1472 1151 οὐκ
1503 1099 1650 1152 ἔστιν
1694 1101 1795 1170 μό-

212 1202 308 1236 νον
347 1186 520 1254 σκεύη
550 1190 729 1257 χρυσᾶ
766 1189 858 1239 καὶ
903 1189 1141 1259 ἀργυρᾶ,
1176 1189 1310 1242 ἀλλᾶ
1358 1192 1453 1242 καὶ
1483 1190 1670 1254 ξύλινα
1702 1191 1794 1244 καὶ

213 1275 541 1343 ὀστράκινα,
571 1278 662 1329 καὶ
701 1277 737 1330 ἃ
770 1279 867 1346 μὲν
901 1280 980 1340 εἰς
1008 1280 1198 1347 τιμὴν,
1234 1279 1269 1331 ἃ
1298 1280 1353 1331 δὲ
1383 1281 1461 1341 είς
1497 1281 1742 1349 ἀτιμίαν.
1770 1299 1788 1331 ι

217 1364 379 1416 Ὅσοι
409 1361 503 1417 οὖν
541 1367 707 1435 ἐσμεν
738 1366 923 1430 ξύλινα
959 1369 1055 1420 καὶ
1074 1367 1371 1434 ὀστράκινα
1399 1369 1590 1437 σκεύη,
1623 1369 1795 1420 ἐκκα-

217 1457 479 1525 θάρωμεν
526 1459 775 1521 ἑαυτοὺς,
814 1460 904 1511 ἵνα
951 1459 1240 1528 γενώμεθα
1281 1460 1450 1528 σκεύη
1479 1461 1694 1530 χρηστὰ
1719 1460 1798 1530 τῷ

216 1549 489 1617 Δεσπότῃ,
525 1551 660 1614 πρὸς
697 1553 805 1604 πᾶν
832 1551 992 1620 ἔργον
1020 1550 1221 1617 ἀγαθὸν
1252 1549 1629 1620 ἡτοιμασμένὰ
1657 1567 1671 1581 ο
1703 1551 1798 1602 καὶ

220 1640 297 1707 μὴ
333 1640 657 1709 ἀκούσωμεν
687 1644 836 1712 παρὰ
859 1642 954 1695 τοῦ
981 1644 1249 1695 Δεσπύτου
1275 1658 1289 1674 ο
1319 1661 1338 1692 ι
1368 1640 1671 1711 Πορεύεσθε
1701 1643 1796 1693 ἀπ’

217 1731 380 1798 ἐμοῦ,
417 1735 467 1784 οί
499 1735 896 1804 κατηραμένοι,
925 1737 1007 1797 εἰς
1045 1736 1106 1787 τὸ
1141 1734 1252 1803 πῦρ
1273 1735 1336 1786 τὸ
1362 1734 1611 1787 αἰώνιον
1650 1735 1796 1802 ἀμὴν

217 1823 366 1888 λέγω
397 1825 550 1890 ύμῖν,
583 1825 685 1877 οὐκ
706 1821 824 1878 οἶδα
853 1826 1017 1894 ὑμᾶς.
1046 1845 1063 1875 ι
1087 1854 1155 1864 -
1181 1841 1199 1875 ι
1241 1823 1431 1893 ὐμοία
1467 1825 1596 1893 γὰρ,
1632 1827 1796 1893 φησὶν

215 1913 244 1962 6
297 1912 526 1981 Κύριος,
554 1914 703 1967 ἐστὶν
756 1915 790 1984 ἠ
840 1914 1084 1983 βασιλεία
1136 1915 1246 1966 τῶν
1293 1915 1537 1984 οὐρανῶν
1585 1918 1793 1983 σαγήνῃ

217 2003 483 2074 βληθείσῃ
531 2006 611 2066 είς
663 2005 764 2074 τὴν
811 2004 1102 2069 θάλασσαν,
1135 2007 1229 2058 καὶ
1272 2006 1337 2057 ἐκ
1375 2005 1576 2064 παντὸς
1607 2007 1795 2072 γένους

217 2095 635 2165 συναγαγούσῃ·
666 2097 733 2164 ἣν
775 2097 863 2148 ὅτε
890 2096 1206 2166 ἐπληρώθη.
1240 2096 1669 2158 ὰναϐιῦάσαντες
1705 2099 1797 2148 ἐπὶ

213 2185 310 2237 τὸν
347 2186 617 2251 αἰγιαλὸν,
655 2188 942 2252 συνέλεξαν
990 2189 1071 2250 είς
1124 2189 1343 2254 ἀγγεῖα,
1391 2187 1458 2240 τὰ
1507 2188 1562 2240 δὲ
1609 2189 1796 2257 σαπρὰ

212 2275 324 2338 ἔξω
361 2275 572 2329 έὸαλον.
607 2296 624 2327 ι
672 2279 780 2330 Καὶ
801 2277 1052 2347 ἐπιφέρει
1082 2293 1094 2305 ·
1134 2295 1152 2328 ι
1177 2277 1366 2339 Οὕτως
1419 2278 1573 2331 ἔσται
1620 2280 1677 2330 ὲν
1728 2281 1794 2348 τῇ

215 2367 529 2435 συντελείᾳ,
560 2368 938 2430 ἐξελεύσονται
966 2369 1016 2420 οι
1060 2369 1306 2434 ἄγγελοι,
1349 2369 1443 2420 καὶ
1473 2367 1795 2435 ἀφοριοῦσιν

212 2458 346 2519 τοὺς
384 2460 658 2526 πονηροὺς
698 2461 760 2510 ἐκ
794 2459 958 2527 μέσου
990 2460 1101 2510 τῶν
1135 2459 1382 2518 δικαίων,
1411 2459 1506 2512 καὶ
1542 2457 1797 2526 βαλοῦσιν

212 2550 422 2610 αὐτοὺς
457 2551 536 2610 είς
569 2550 667 2619 τὴν
701 2550 933 2616 κάμινον
971 2549 1067 2601 τοῦ
1116 2552 1288 2619 πυρδς
1326 2550 1424 2619 τὴν
1477 2551 1792 2619 καιομένην.

227 2639 381 2689 Ἐκεῖ
421 2638 576 2690 ἔσται
617 2640 645 2689 ὀ
692 2639 990 2706 κλαυθμὸς,
1033 2641 1128 2691 καὶ
1161 2641 1189 2692 ὀ
1229 2640 1474 2710 βρυγμὸς
1506 2640 1618 2692 τῶν
1645 2640 1792 2693 666v-

213 2741 347 2776 των.
381 2723 574 2776 Πολλοὶ
603 2726 710 2794 γάρ
750 2728 886 2777 εἰσιν
935 2727 1145 2795 κλητοὶ,
1172 2728 1344 2794 ὀλίγοι
1381 2729 1438 2781 δὲ
1467 2729 1737 2782 ἐκλεκτοί.
1773 2748 1791 2781 ι

214 2843 289 2854 -
315 2833 336 2864 ι
371 2815 611 2868 Πλατεῖα
654 2817 762 2885 γὰρ
797 2818 829 2884 ἡ
852 2816 1018 2886 πύλη.
1045 2819 1140 2870 καὶ
1178 2818 1491 2888 εὐρύχωρος
1530 2821 1563 2889 ἠ
1604 2820 1722 2882 ὁδὸς
1762 2821 1795 2889 ἡ

213 2907 513 2973 ἀπάγουσα
534 2909 614 2969 είς
642 2909 741 2976 τὴν
772 2907 1069 2968 ἀπώλειαν,
1095 2910 1189 2961 καὶ
1219 2910 1403 2961 πολλοί
1432 2912 1572 2963 είσιν
1600 2914 1648 2963 οί
1688 2913 1799 2963 εἰσ-

215 2998 511 3067 ερχόμενοι
573 2999 640 3049 δι’
715 2999 946 3066 αὐτῆς.»
981 3000 1117 3068 Περὶ
1161 3000 1216 3053 δὲ
1261 3000 1368 3052 τῶν
1399 3001 1594 3068 ὀλίγων
1635 3004 1792 3054 εὐλα-

215 3086 332 3139 6ὦν
375 3087 469 3140 καί¹
526 3088 707 3141 καλῶν
752 3089 915 3157 φησίν
941 3105 956 3121 ο
1010 3091 1165 3141 «Ὅτι
1209 3091 1380 3158 στενὴ,
1410 3093 1443 3159 ἡ
1484 3091 1660 3160 πύλη,
1702 3093 1796 3144 καὶ

1890 648 1976 700 eis
2009 663 2022 698 :
2058 647 2254 698 melior
2309 647 2458 697 enim
2500 654 2584 697 est
2635 658 2780 696 unus
2822 643 3041 710 justus,
3095 653 3260 707 quam
3321 637 3469 689 mille

1892 745 2245 808 peccatores;
2305 738 2357 788 in
2407 737 2688 805 Synagoga
2715 733 2862 786 cnim
2909 740 3468 798 pcccatorum.cxat°-

1892 829 2084 881 descct
2120 827 2258 895 ignis
2288 843 2299 876 :
2327 835 2383 878 et
2414 826 2457 878 si
2495 825 2664 878 fuerit
2712 839 2856 876 ntttts
2887 821 3038 873 dune
3082 819 3337 880 cervicis,
3367 815 3469 868 tui-

1894 920 2066 972 raltile
2116 919 2221 970 hoc
2271 916 2316 968 si
2365 917 2653 986 innocens
2686 915 2794 967 erit
2835 930 2848 964 :
2887 909 3266 964 misericordia
3318 908 3466 960 enim

1893 1019 1950 1064 ct
2002 1012 2082 1063 ira
2131 1026 2159 1062 a
2191 1007 2510 1062 Domino".
2544 1023 2560 1054 ι
2612 1005 2768 1058 Alius
2813 1005 2943 1057 item
2978 1021 2990 1054 :
3029 1021 3045 1051 ι
3073 1001 3150 1054 Nc
3206 1000 3470 1065 cotteupi-

1894 1115 2014 1153 scas
2057 1098 2472 1152 multitudinem
2514 1096 2816 1153 inutilium,
2862 1093 2904 1146 si
2957 1089 3307 1158 multiplicati
3350 1087 3471 1139 fuc-

1897 1189 2039 1242 riut:
2067 1205 2135 1243 ne
2175 1189 2376 1242 laeteris
2415 1201 2582 1255 super
2614 1187 2718 1247 eis,
2761 1185 2868 1238 nisi
2901 1186 2972 1238 sit
3017 1186 3180 1237 titnor
3219 1183 3315 1236 Dei
3346 1196 3470 1233 cum

1897 1281 2030 1349 ipsis
2060 1297 2074 1333 :
2113 1297 2181 1333 nc
2208 1289 2261 1332 te
2282 1280 2476 1332 credas
2498 1279 2622 1330 vita:
2659 1277 2881 1330 illorum
2908 1291 2924 1337 ;
2953 1274 3284 1341 ingemisecs
3320 1271 3470 1323 enim

1895 1373 2046 1426 luctu
2077 1371 2487 1439 intctupcstivo.
2527 1369 2720 1422 Melior
2762 1365 2909 1419 enim
2962 1379 3104 1417 unus
3134 1363 3341 1416 faciens
3371 1377 3470 1413 vo-

1895 1463 2162 1517 luntatem
2191 1460 2429 1520 Domini,
2457 1461 2662 1528 justus,
2693 1472 2860 1526 qnam
2891 1455 3082 1507 decem
3133 1452 3302 1504 millia
3337 1467 3474 1518 pra:-

1893 1551 2262 1605 varicantium
2308 1550 2484 1618 legem
2509 1552 2573 1602 ".
2599 1567 2616 1598 ι
2671 1549 2739 1600 Et
2774 1563 2787 1599 :
2825 1566 2842 1596 ι
2871 1546 3084 1600 lustius
3144 1551 3231 1596 est
3297 1540 3472 1593 emori

1897 1642 2016 1695 sine
2067 1641 2281 1696 liberis.
2335 1656 2500 1709 quam
2551 1639 2756 1692 habere
2808 1638 2948 1689 tilios
2993 1635 3222 1703 impios:
3257 1633 3326 1685 ab
3363 1646 3474 1683 uno

1896 1732 2044 1786 enim
2117 1739 2340 1782 sensato
2394 1728 2800 1782 inhabitabitur
2863 1726 3123 1779 civitas.»
3180 1721 3476 1789 Apostolus

1899 1823 2132 1889 proinde
2169 1839 2181 1872 :
2224 1841 2240 1871 ι
2274 1821 2434 1873 Novit
2464 1820 2734 1872 Dominus
2768 1819 2861 1886 qui
2909 1824 3039 1870 sunt
3072 1814 3274 1881 ejus”.
3304 1831 3321 1862 ι
3361 1811 3428 1864 Et
3457 1827 3470 1862 :

1905 1931 1921 1961 ι
1946 1912 2200 1964 Discedat
2243 1912 2311 1962 ab
2349 1911 2639 1978 iniquitate
2677 1908 2857 1960 omnis
2887 1907 2979 1975 qui
3019 1906 3236 1957 invocat
3274 1914 3475 1953 nomen

1897 2003 2174 2057 Domini.»
2231 2002 2439 2055 Infert:
2479 2019 2496 2050 ι
2527 2001 2585 2053 In
2629 2013 2821 2066 magna
2879 2003 3062 2047 autem
3127 1993 3292 2046 domo
3360 2004 3476 2042 non

1897 2093 2075 2146 solum
2123 2100 2254 2144 sunt
2291 2105 2418 2143 vasa
2459 2105 2624 2143 aurea
2664 2095 2720 2142 et
2762 2093 3048 2152 argentea,
3085 2082 3180 2135 sed
3208 2082 3388 2148 lignea
3419 2085 3475 2132 et

1898 2196 2174 2240 testacea:
2207 2184 2455 2251 qumdam
2495 2182 2720 2250 quidem
2779 2180 2834 2232 in
2884 2179 3176 2235 honorem,
3223 2172 3476 2240 qmcdam

1896 2293 2031 2332 vero
2073 2279 2126 2329 in
2163 2274 2645 2328 contunfeliam”.
2681 2291 2699 2321 ι
2737 2271 3023 2338 Quotquot
3080 2267 3248 2334 igitur
3284 2276 3477 2316 sumus

1895 2370 2076 2436 lignea
2128 2380 2254 2419 vasa
2293 2374 2350 2419 ct
2404 2371 2663 2424 testacea,
2696 2373 3069 2429 expurgetnns
3105 2352 3479 2420 nosmetipsos

1898 2470 1959 2513 ut
1998 2458 2306 2512 eﬂiciamnr
2356 2471 2486 2509 vasa
2522 2454 2589 2507 ad
2625 2468 2787 2506 usutn
2843 2449 3056 2505 Domini
3097 2443 3475 2504 accommoda,

1896 2550 1964 2605 ad
2006 2566 2168 2604 omne
2221 2550 2424 2602 bonum
2475 2556 2759 2615 apparata,
2792 2552 2855 2595 ut
2900 2558 2968 2594 ne
3007 2539 3226 2594 tandem
3261 2537 3330 2588 ab
3360 2535 3479 2602 ipso

1897 2644 2179 2710 contingat
2212 2657 2314 2694 nos
2340 2639 2534 2692 audire
2562 2655 2575 2690 :
2617 2656 2634 2686 ι
2659 2635 2937 2689 Discedite
2979 2649 3008 2685 a
3033 2647 3141 2690 me,
3175 2627 3478 2686 maledicti,

1896 2749 2054 2788 amen
2082 2733 2208 2785 dico
2238 2731 2416 2792 vobis,
2454 2743 2564 2781 non
2596 2725 2724 2780 novi
2751 2741 2850 2778 vos
2868 2724 3013 2776 unde
3034 2722 3156 2775 sitis
3182 2721 3247 2772 ¹⁷.
3275 2738 3292 2768 ι
3328 2715 3479 2770 Idem

1895 2822 2165 2879 Dominus
2201 2839 2213 2874 :
2252 2840 2270 2873 ι
2299 2820 2490 2874 Simile
2537 2827 2620 2871 est
2678 2831 2906 2884 regnum
2962 2814 3229 2867 emlorum
3266 2821 3482 2876 sagenze

1897 2916 2078 2969 missa:
2111 2915 2165 2968 in
2201 2929 2372 2973 mare,
2408 2921 2466 2965 et
2494 2928 2557 2963 ex
2583 2909 2730 2961 omni
2756 2921 2957 2974 genere
2983 2906 3217 2974 piscium
3255 2914 3485 2965 congre-

1897 3007 2045 3076 ganti
2082 3022 2242 3075 :qn:e
2297 3019 2421 3056 cum
2479 3002 2705 3069 impleta
2770 3007 2939 3058 esset,
2992 2995 3366 3049 ascenderunt
3412 2988 3481 3041 ad

1897 3094 2076 3153 littus,
2104 3101 2160 3145 et
2187 3093 2472 3160 elegerunt
2507 3090 2681 3142 bonos
2709 3088 2762 3139 in
2788 3102 2917 3139 vasa
2947 3099 3067 3146 sua,
3094 3080 3320 3152 putidus
3351 3091 3482 3130 vero

213 3175 556 3245 τεθλιμμένη
598 3178 631 3244 ὴ
679 3176 796 3237 ὁδὸς
836 3177 1188 3246 ἡάπάγουσα
1225 3179 1304 3239 είς
1349 3180 1449 3247 τὴν
1495 3179 1660 3248 ζωὴν,
1702 3182 1794 3232 καὶ

1899 3184 2046 3238 foras
2099 3180 2450 3237 miserunt".
2477 3201 2494 3230 ι
2544 3180 2718 3232 Inl'ert
2751 3195 2764 3230 :
2793 3196 2810 3228 ι
2841 3176 2935 3230 Sic
2972 3176 3081 3228 erit
3125 3173 3180 3226 itt
3223 3184 3485 3224 consum-

213 3263 392 3328 ὀλίγοι
427 3264 566 3314 είσὶν
609 3267 658 3316 οί
699 3265 1076 3334 εἰσερχόμενοι
1116 3267 1183 3318 δι’
1207 3267 1395 3335 αὐτῆς.
1430 3287 1447 3318 ι
1483 3270 1591 3320 Καὶ
1613 3270 1794 3331 πάλιν,

225 3373 241 3402 ι
280 3354 372 3421 Μὴ
419 3353 590 3422 φοϐοῦ
647 3355 708 3405 τὸ
743 3356 939 3423 μικρὸν
995 3355 1268 3425 ποίμνιον,
1315 3357 1397 3409 ὅτι
1436 3358 1728 3428 εὐδόκησεν
1770 3362 1800 3412 ὀ

215 3443 414 3513 Πατὴρ
444 3443 597 3513 ὑμῶν
655 3445 838 3498 δοῦναι
883 3447 1011 3514 ὑμῖν
1057 3446 1158 3516 τὴν
1206 3446 1502 3516 βασιλείαν.
1530 3466 1547 3498 ι
1582 3449 1796 3521 Αύτῴή

212 3537 350 3601 δόξα
381 3538 460 3598 είς
487 3538 613 3599 τοὺς
642 3539 864 3599 αἰῶνας.
909 3537 1101 3606 Ἀμήν.

1903 3275 2146 3328 matione
2178 3291 2190 3325 :
2220 3273 2454 3327 exibunt
2488 3271 2663 3339 angeli
2719 3278 2776 3323 et
2807 3267 3146 3336 separabunt
3194 3263 3369 3316 malos
3412 3259 3482 3312 de

1903 3364 2084 3417 medio
2112 3364 2388 3433 iustorum
2422 3379 2434 3413 :
2469 3369 2522 3414 et
2563 3360 2782 3412 mittent
2809 3374 2906 3412 eos
2937 3358 2990 3410 itt
3025 3355 3302 3409 caminum
3343 3349 3486 3418 ignis

1901 3453 2224 3517 ardentem;
2260 3453 2332 3506 ibi
2379 3451 2489 3506 crit
2546 3451 2710 3503 ﬂetus
2767 3458 2823 3502 et
2887 3447 3096 3501 stridor
3141 3439 3478 3498 dentium".

1903 3545 2056 3598 Multi
2103 3546 2251 3598 enim
2297 3551 2427 3598 sunt
2469 3543 2671 3605 vocati,
2711 3541 2868 3610 pauci
2900 3554 3032 3593 vero
3077 3536 3238 3591 electi
3269 3537 3333 3586 ὀ.
3363 3551 3380 3582 ι
3417 3559 3486 3570 —

220 3626 445 3695 1178
487 3644 505 3676 ι
531 3625 660 3680 Lata
693 3626 842 3680 enim
883 3635 968 3679 est
1003 3637 1157 3694 porta
1187 3634 1242 3679 et
1272 3627 1509 3695 spatiosa
1545 3628 1629 3681 via
1673 3644 1797 3698 qua:
1833 3632 1989 3686 ducit
2047 3634 2114 3687 ad
2166 3635 2558 3704 perditionem,
2587 3641 2642 3686 et
2677 3630 2835 3684 multi
2869 3641 2996 3684 sunt
3026 3628 3118 3696 qui
3155 3626 3488 3696 gradiuntur

214 3732 321 3786 per
351 3718 550 3770 eam".
573 3736 590 3768 ι
628 3717 704 3769 De
735 3717 924 3785 paucis
955 3717 1185 3784 proinde
1245 3719 1351 3786 piis
1416 3734 1480 3772 ac
1514 3719 1695 3785 bonis,
1741 3722 1854 3776 ait:
1905 3724 2080 3789 «Quia
2109 3733 2338 3794 angusta
2377 3733 2462 3778 est
2489 3735 2645 3790 porta
2663 3726 2733 3786 ”,
2762 3743 2779 3773 ι
2817 3732 2873 3776 et
2905 3720 3323 3775 tribulationum
3371 3721 3484 3791 Spi-

216 3811 311 3863 nis
339 3819 494 3876 septa
519 3807 765 3876 undique
788 3809 876 3861 via
900 3823 1023 3877 qua:
1055 3808 1209 3862 ducit
1262 3809 1329 3862 ad
1363 3810 1554 3874 vitam,
1581 3822 1638 3865 et
1661 3816 1821 3882 pauci
1857 3825 1989 3870 sunt
2035 3816 2129 3883 qui
2179 3815 2568 3885 ingrediuntur
2634 3830 2733 3881 per
2794 3828 2937 3866 eam.
3002 3811 3205 3863 lterum
3236 3824 3249 3859 :
3297 3826 3315 3858 ι
3362 3807 3486 3862 Noli

217 3901 422 3954 timere
455 3899 692 3967 pusillus
737 3913 890 3968 grex,
919 3898 1048 3966 quia
1074 3899 1407 3968 complacuit
1441 3900 1588 3955 Patri
1647 3913 1836 3960 vestro
1874 3904 2005 3959 dare
2059 3905 2219 3960 vobis
2283 3921 2512 3976 regnum
2561 3905 2625 3958 ”.
2659 3923 2676 3955 ι
2735 3902 2842 3973 Ipsi
2909 3901 3080 3971 gloria
3138 3903 3195 3952 in
3262 3899 3483 3956 smcula.

217 3995 417 4047 Amen.

827 4103 1044 4156 ΛΟΓΟΣ
1080 4105 1192 4170 ur.

682 4215 824 4282 Περὶ
857 4216 963 4269 τοῦ
997 4216 1082 4284 μὴ
1120 4215 1325 4285 γελᾷν.

297 4331 374 4384 Τὸ
402 4331 570 4401 γελᾷν
610 4331 747 4392 ὅλως
779 4331 1128 4400 Χριστιανοῖς
1153 4331 1254 4384 οὑκ
1288 4331 1668 4401 ἐπιτρέπεται,
1699 4333 1801 4403 μά-

219 4419 384 4470 λιστα
423 4418 482 4471 δὲ
531 4420 807 4488 μοναχοίς,
861 4420 976 4480 τοῖς
1021 4419 1399 4482 σταυρώσασιν
1449 4422 1676 4486 ἑαυτοὺς
1722 4422 1800 4494 τῷ

2465 4104 2748 4161 IIOMILIA
2785 4105 2941 4160 XCV.

1999 4219 2422 4289 Temperandum
2457 4239 2490 4274 a
2519 4220 2773 4273 solutiore
2797 4228 2843 4272 et
2874 4219 3223 4272 immoderato
3260 4219 3367 4271 risu

1977 4331 2178 4386 Ridere
2199 4332 2435 4384 solutius
2462 4330 2781 4398 neutiquam
2811 4329 2880 4382 iis
2900 4329 3233 4398 permissum
3257 4329 3350 4395 qui
3376 4328 3490 4382 sint

1904 4438 2164 4493 germane
2200 4421 2500 4475 Christiani
2536 4421 2674 4474 :sed
2722 4420 2970 4473 omnium
3019 4420 3246 4472 minime
3286 4435 3489 4472 conveo

221 4509 442 4576 κόσμῳ.
490 4527 507 4559 ι
531 4509 598 4561 Εἴ
624 4526 706 4570 τις
731 4510 840 4578 γὰρ
871 4509 1020 4579 θέλῃ,
1050 4511 1233 4580 φησιν,
1267 4511 1442 4564 ὀπίσω
1474 4529 1574 4581 μου
1607 4513 1798 4574 ἐλθεῖν,

1909 4517 1993 4569 nit
2049 4513 2355 4577 monachis,
2417 4513 2511 4581 qui
2574 4527 2633 4567 se
2687 4514 2798 4582 jam
2849 4512 3246 4566 crncilixcrunt
3296 4510 3487 4564 mundi

224 4600 641 4668 ἀπαρνησάσθω
677 4600 889 4666 ἑαυτὸν,
931 4601 1026 4653 καὶ
1070 4603 1258 4672 ἀράτω
1299 4602 1392 4656 τὸν
1433 4604 1668 4674 σταυρὸν
1706 4606 1805 4658 αύ-

222 4688 346 4751 τοῦ,
376 4692 471 4742 καὶ
500 4689 868 4744 ἀκολουθείτω
908 4710 1021 4761 μοι.
1053 4711 1070 4742 ι
1107 4695 1215 4746 Καὶ
1245 4694 1364 4757 πῶς
1402 4695 1679 4764 ἐνδέχεται
1714 4697 1806 4749 τὸν

228 4783 663 4852 ἐμπεπαρμένον
687 4784 806 4846 ,τοῖς
834 4783 1059 4849 γλυκέσι
1089 4784 1241 4853 ἥλοις
1279 4785 1374 4838 τοῦ
1407 4787 1660 4856 σταυροῦ,
1684 4787 1809 4839 δια-

225 4871 442 4941 χεῖσθαι
468 4873 561 4923 καὶ
588 4872 786 4942 γελᾷν;
819 4873 893 4925 Οὐ
921 4874 1031 4944 γὰρ
1061 4875 1142 4936 είς
1167 4876 1542 4944 μετεωρισμὸν
1576 4877 1807 4947 ἐκλήθη-

231 4979 356 5030 μεν,
385 4962 478 5013 καὶ
503 4962 739 5029 γέλωτα,
775 4964 863 5014 ἵνα
905 4963 1403 5034 κληρονομήσωμεν
1435 4965 1517 5026 τὸ.
1556 4967 1699 5028 οὐαὶ,
1733 4967 1809 5028 ὼς

226 5055 280 5105 οἱ
311 5052 538 5116 ἐθνικοὶ,
569 5053 705 5106 ἀλλὰ
747 5054 833 5106 διὰ
874 5053 968 5106 τοῦ
1021 5053 1248 5117 πένθους
1276 5055 1377 5122 τῆς
1405 5055 1810 5125 παρακλήσεως

227 5144 308 5205 ὡς
339 5144 493 5203 ἐντὸς
535 5143 844 5214 γενώμεθα.
895 5145 1030 5213 Περὶ
1052 5146 1161 5214 γὰρ
1207 5145 1388 5215 ψυχῆς
1435 5146 1580 5208 ἄπας
1607 5149 1634 5198 ὀ
1661 5145 1809 5214 ἀγὼν

228 5237 261 5303 ἡ
272 5233 390 5303 μῶν
419 5234 650 5302 γίνεται,
681 5237 809 5304 περὶ
834 5230 901 5306 ἦς
931 5237 1098 5298 πολὺς
1119 5238 1382 5303 κίνδυνος,
1414 5239 1510 5290 καὶ
1545 5239 1572 5288 6
1593 5239 1809 5301 αἰώνιος

232 5326 469 5394 βάσανος
493 5341 506 5356 ⁸
544 5327 646 5380 οὐκ
679 5328 824 5380 ἐστιν
855 5329 964 5397 γὰρ
997 5331 1056 5382 ὲν
1086 5328 1213 5398 ᾅδου
1254 5330 1668 5400 ἐξομολόγησις,
1707 5331 1810 5382 οὐκ

231 5417 383 5469 ἐςτιν
411 5417 620 5487 δάκρυα
644 5421 733 5472 καὶ
761 5422 1075 5490 στεναγμοὶ,
1101 5423 1170 5472 τὰ
1188 5420 1544 5473 δυσωποῦντα
1574 5421 1664 5473 τὸν
1686 5438 1809 5490 κρι-

232 5508 362 5578 τήν·
399 5511 503 5562 οὐκ
547 5510 693 5563 ἐστιν
739 5512 1110 5582 προσθεσμίας
1148 5514 1273 5582 ὄρος
1320 5514 1454 5572 ἐκεῖ,
1486 5512 1607 5564 οὐδὲ
1645 5514 1810 5581 μετά·

306 5665 542 5736 ιῗίῐζιτειί.
601 5681 748 5727 xxiv,
783 5668 801 5720 l
839 5682 990 5736 seqq.
1121 5669 1162 5698 "
1193 5667 1360 5721 Eccli.
1396 5685 1500 5724 xvt.
1554 5670 1666 5723 1-5.

239 5735 280 5763 ⁸⁸
323 5735 510 5786 Matth.
567 5750 677 5796 χιιι,
712 5736 777 5788 47
801 5778 814 5797 ,
851 5735 967 5789 68.7
1073 5737 1113 5768 ’⁸
1163 5737 1320 5794 ibid..
1354 5739 1440 5797 ill.
1473 5739 1559 5792 30.

237 5803 282 5835 ”
309 5803 443 5857 Luc.
473 5820 565 5866 xu,
592 5805 678 5857 5‘2.
760 5806 800 5835 "‘
825 5805 957 5860 Luc.
988 5823 1040 5871 ιι,
1069 5806 1188 5860 2-5.

1774 5670 1813 5698 "“
1850 5669 1890 5721 ll
1932 5669 2073 5722 Tim.
2110 5686 2166 5728 tt,
2227 5667 2309 5719 19.

1679 5739 1722 5770 ²⁶
1765 5739 1954 5794 Matth.
1996 5756 2122 5800 uti,
2169 5740 2246 5792 11.

1909 4607 2072 4662 istius
2118 4606 2289 4660 vitiis.
2342 4605 2433 4659 Ait
2488 4606 2638 4659 enim
2709 4606 2977 4659 Dominus
3016 4622 3028 4657 :
3071 4624 3087 4655 ι
3115 4605 3170 4658 Si
3205 4605 3334 4672 quis
3368 4607 3489 4656 vult

1907 4708 2030 4768 post
2087 4713 2175 4751 me
2225 4698 2442 4760 venire,
2496 4697 2734 4766 abneget
2790 4698 3175 4765 semetipsum,
3230 4707 3286 4750 et
3335 4696 3490 4749 tollat

1907 4805 2126 4843 crucem
2185 4805 2339 4842 suam
2393 4797 2450 4842 et
2505 4800 2771 4858 sequatur
2835 4790 3051 4843 me“.t
3093 4788 3197 4853 Qui
3253 4787 3486 4856 tqumso)

1910 4880 2192 4949 probabile
2229 4879 2321 4935 sit.
2353 4879 2502 4932 hunc
2545 4881 2728 4933 crucis
2769 4878 2976 4932 Christi
3009 4878 3270 4931 dulcibus
3319 4877 3490 4929 clavis

1908 4984 2030 5022 esse
2078 4968 2422 5031 transﬁxum,
2461 4968 2555 5036 qui
2604 4969 2681 5021 sic
2732 4969 2906 5021 soleat
2953 4966 3268 5036 profusiore
3301 4966 3488 5019 thitia

1911 5058 2144 5112 diﬂ'undi
2172 5068 2229 5112 ct
2256 5059 2438 5113 ridere
2469 5058 2948 5127 solutius?l\'equc
2976 5058 3124 5111 enim
3145 5057 3212 5111 ad
3242 5058 3487 5126 ejusmo-

1913 5149 1964 5202 di
2000 5149 2168 5202 anitni
2223 5150 2518 5203 elationem
2565 5160 2660 5203 aut
2709 5151 2883 5202 risum
2931 5149 3255 5202 solutiorcm
3306 5147 3486 5200 vocati

1907 5256 2118 5304 sumus,
2154 5257 2222 5295 ne
2262 5256 2361 5309 per
2393 5242 2508 5294 lucc
2551 5241 2773 5294 demum
2811 5241 3095 5308 contingat
3129 5254 3230 5292 nos
3268 5239 3486 5305 assequi

1908 5347 2016 5385 una
2045 5347 2171 5385 cum
2210 5331 2451 5385 ethnicis
2486 5332 2643 5392 illud,
2685 5347 2787 5397 νει),
2848 5331 3017 5396 magis
3067 5345 3197 5382 vero
3253 5345 3350 5398 per
3407 5329 3489 5382 lu-

1905 5430 2078 5485 ctum,
2110 5432 2328 5490 gustum
2365 5421 2810 5489 qnalemcunqne
2863 5419 3220 5488 pradibemus
3251 5420 3487 5472 interna:

1907 5514 2323 5568 consolationis.
2387 5514 2494 5567 Pro
2551 5513 2749 5566 anima:
2809 5513 2957 5565 enim
3019 5511 3262 5580 paranda
3312 5510 3488 5563 salute

2446 5667 2487 5695 ’⁸
2520 5666 2652 5719 ibid.
2687 5709 2698 5729 ,
2723 5666 2812 5720 ΞΟ.

2379 5739 2415 5767 ¹¹
2453 5737 2642 5790 Matth.
2681 5753 2771 5798 vn,
2806 5737 2883 5789 15.

2941 5668 2978 5696 ¹⁷
3009 5665 3194 5717 Matth.
3236 5681 3336 5717 xxv
3360 5704 3373 5725 ,
3403 5664 3485 5717 «il.

3008 5738 3048 5765 ’³³
3081 5735 3211 5788 an.
3257 5751 3366 5794 λιιι,
3402 5733 3490 5786 21.
