4178 6424
756 368 893 435 1723

2021 386 2379 446 ANTIOCHI
2426 389 2765 454 MHNMJIII

3883 405 4014 470 ιτα

755 492 1049 545 universus
1071 490 1159 543 hie
1183 493 1347 547 nobis
1365 507 1654 565 susceptus
1670 506 1754 552 est
1771 513 1931 567 agon,
1947 500 2035 553 cui
2061 502 2193 555 alias
2208 519 2289 557 nol

2426 526 2567 569 νοια,
2599 511 2698 561 οὐκ
2733 512 2881 565 ἔστιν
2911 514 3168 580 ἐπάνοδος
3210 519 3346 587 μετά
3371 522 3469 589 τὴν
3502 520 3755 575 ιντεῦθεν
3794 522 4010 587 ἔξοδον·

752 580 1030 633 mediocre
1065 581 1347 649 impendet
1397 588 1724 652 perieulum,
1750 605 1857 640 non
1890 590 2011 643 leve
2055 608 2176 645 eam
2210 602 2325 645 tor-

751 682 994 725 mentmn
1022 684 1227 737 manet,
1257 675 1351 727 sed
1377 688 1667 729 aeternum.
1688 680 1823 743 Quis
1844 681 1991 735 enim
2019 684 2071 735 in
2107 686 2324 738 inferno

751 764 1084 830 relinquitur
1108 765 1443 818 confessioni
1470 766 1749 820 locus'“?.
1786 770 1962 824 Nullis
2002 774 2117 827 illic
2148 776 2323 844 lacry-

749 853 854 905 mis
882 864 976 906 aut
1014 856 1336 922 suspiriosis
1378 859 1675 926 gemitibus
1704 861 1783 915 ira
1832 865 2076 917 ﬂectitur
2113 868 2322 935 jndicis

746 942 1066 1010 aequissimi.
1099 944 1155 996 In
1189 946 1397 1001 nullius
1440 947 1572 1000 item
1600 950 1856 1018 gratiam,
1876 954 2157 1020 pnelinitze
2187 957 2319 1025 legis

748 1034 1018 1087 terminus
1050 1039 1334 1105 prorogari
1379 1039 1492 1093 illic
1533 1050 1735 1109 potest,
1774 1044 1868 1095 sed
1918 1061 2097 1113 neque
2136 1049 2317 1116 pumi-

749 1124 918 1175 tentia
966 1126 1077 1178 ulla
1109 1128 1217 1194 jam
1256 1130 1483 1183 residet.
1528 1132 1610 1184 Ab
1643 1134 1796 1186 exitu
1838 1134 1995 1188 istius
2020 1137 2144 1190 vita:
2180 1140 2314 1193 nulli

746 1213 1073 1268 conceditur
1119 1217 1378 1273 reditus:
1419 1222 1553 1289 quin
1588 1222 1656 1275 ad
1704 1221 1902 1277 uictam
1947 1227 2037 1278 ubi
2082 1243 2317 1295 perven-

746 1311 858 1354 tmn
890 1318 974 1356 est
1018 1305 1183 1374 hujus
1216 1311 1704 1378 peregrinationis,
1737 1313 1873 1367 nihil
1905 1316 2018 1383 jam
2058 1329 2313 1374 occurret

744 1398 1038 1462 peccatrici
1069 1399 1266 1453 anima:
1312 1417 1420 1454 non
1467 1405 1689 1471 plenmn
1736 1407 2140 1470 amaritudinis,
2174 1412 2311 1464 nihil

742 1501 852 1538 non
886 1489 1106 1554 plenum
1139 1491 1503 1545 intolerabilis
1527 1496 1788 1548 molestia!
1815 1507 1871 1551 et
1896 1499 2217 1551 acerbitatis
2243 1500 2312 1553 iis

742 1578 836 1644 qui
876 1577 1150 1631 indultum
1185 1582 1253 1633 ad
1282 1584 1662 1650 pmnitentiam
1687 1596 1905 1655 tempus
1931 1589 2225 1657 neglectim
2253 1601 2311 1644 et

738 1668 859 1721 sine
892 1668 1076 1721 fructu
1115 1673 1544 1727 transmiserint.
1590 1675 1686 1729 llis
1728 1678 1876 1730 enim
1907 1679 2149 1747 primum
2181 1682 2309 1734 hor-

738 1759 905 1812 renda
957 1776 1184 1829 prorsus
1233 1764 1483 1832 nullique
1550 1782 1660 1820 non
1718 1769 2091 1823 formidabilis
2137 1773 2306 1827 facies

2429 598 2565 650 ἀλλὰ
2591 600 2728 667 μετά
2753 601 2850 670 τὴν
2876 603 3123 655 ἐντεῦθεν
3162 608 3473 677 ἀπώημίαν
3505 611 3679 663 πάντα
3704 613 3806 664 ὅλα
3838 616 4010 681 πικρά

2427 690 2855 757 συναντήσουσιν
2877 696 2987 755 τοίς
3011 696 3343 750 ἀπολέσασιν
3372 700 3463 751 τὸν
3496 703 3689 770 καιρὸν
3715 704 3817 770 τῆς
3842 720 4010 770 μετα-

2424 780 2594 839 νοίας.
2619 780 3016 852 Συναντήσεται
3046 788 3153 853 γάρ
3186 790 3369 851 αὐτοῖς
3409 792 3442 858 ἡ
3477 791 3755 860 φρικώδης
3782 793 3877 844 καὶ
3911 810 4007 859 φο-

2423 870 2558 938 ϐερὰ
2584 872 2705 939 ὄψις
2745 873 2939 943 ἐκείνη·
2960 876 3069 928 τῶν
3114 879 3335 931 οἰκείων
3368 883 3787 951 ἁμαρτημάτων
3821 886 4006 952 πάσης

2421 961 2695 1024 κολάσεως
2718 966 3039 1035 πικροτέρα,
3080 968 3173 1020 καὶ
3209 973 3442 1035 συνειδὸς
3471 975 3773 1040 μαστιγοῦν
3802 976 4004 1038 αὐτοὺς

2420 1052 2629 1103 ἔνδοθεν
2661 1055 2901 1123 συνεχῶς
2930 1057 3263 1125 φθέγγεσθαι
3288 1060 3355 1113 τά
3379 1062 3585 1116 έλεεινά
3608 1067 3832 1133 ῥήματα
3856 1069 3999 1119 έκεῖ-

2420 1160 2485 1195 να
2510 1159 2525 1175 ⁸
2581 1145 2743 1213 Οἵμοι
2791 1146 2922 1211 ἐγὼ,
2958 1149 3039 1201 ὅτι
3089 1149 3196 1202 ῐδον
3233 1152 3332 1220 τὴν
3359 1155 3572 1224 ἡμέραν
3596 1160 3828 1225 ταύτην·
3863 1160 3998 1210 ὅπου

2416 1234 2523 1301 γάρ
2552 1235 2648 1286 έάν
2676 1239 2986 1307 περιαγάγῃ
3016 1239 3106 1291 τὸν
3130 1240 3431 1311 ὀφθαλμὸν,
3462 1247 3580 1297 ἐκεῖ
3603 1247 3797 1309 ὄψεται
3820 1248 3995 1314 ἀγγέ-

2414 1318 2535 1381 λους
2568 1319 2956 1391 ἀνελεήμονας.
2986 1328 3425 1394 φρικυήἐστατον
3444 1332 3669 1400 ἔχοντας
3701 1333 3869 1397 εἶδος.
3909 1338 3997 1389 Ἐν

2412 1409 2596 1479 ἐκείνη
2628 1410 2736 1480 γάρ
2785 1414 2850 1481 τῇ
2896 1412 3017 1483 ὦρᾳ.
3056 1417 3154 1485 τῆς
3205 1419 3474 1488 ἀνάγκης,
3514 1423 3873 1488 στενάξουσιν
3902 1442 3993 1477 πι-

2413 1500 2579 1567 κρῶς,
2610 1502 2737 1554 ὅταν
2764 1504 2979 1573 θανάτῳ
3019 1507 3112 1559 καὶ
3142 1510 3347 1580 αίωνίῳ
3375 1514 3776 1583 παραδίδωνται
3810 1518 3993 1569 σκότει

2414 1590 2688 1663 ἐξωτέρω,
2730 1600 2824 1649 καὶ
2851 1599 3136 1672 κλαυθμῷ,
3182 1605 3278 1655 καὶ
3321 1603 3552 1674 βρυγμῷ
3606 1607 3867 1672 ὀδόντων,
3899 1611 3994 1661 καὶ

2411 1683 2656 1752 σκώληκι
2702 1690 3068 1763 ἀτελευτήτῳ,
3111 1696 3205 1748 καὶ
3256 1696 3495 1765 πυθμένι
3536 1698 3690 1766 ᾤου,
3727 1702 3826 1751 καὶ
3854 1716 3992 1770 ταρ-

2407 1776 2580 1844 τάρῳν
2614 1780 2705 1830 καὶ
2723 1781 2917 1853 γεέννῃ
2955 1787 3341 1857 χαλεπωτάτῃ.
3380 1789 3599 1859 Ταύτης
3631 1789 3745 1860 γὰρ
3772 1792 3862 1843 δεῖ
3895 1809 3992 1844 πε-

736 1860 1085 1916 peeeatorum
1128 1868 1249 1919 qua:
1296 1864 1528 1909 eatenus
1577 1858 1924 1925 admiserint,
1966 1865 2192 1919 ultrosc
2224 1867 2289 1919 in

2410 1839 2762 1928 ριέλέπεσθαί
2780 1871 2849 1923 τά
2875 1839 3833 1946 βασανιστήριαίιτὰἀπεκδεέόιὶενα
3862 1881 3991 1940 τοὺς

731 1949 887 2001 geret
918 1941 1228 2006 visendam,
1254 1944 1436 1996 dirum
1472 1949 1631 2013 plane
1662 1952 2037 2016 spectaculum
2065 1965 2123 2008 et
2150 1957 2301 2010 tnnni

731 2030 1004 2096 supplicio
1034 2033 1292 2085 amarius.
1320 2036 1425 2088 Sed
1454 2044 1511 2088 et
1543 2037 1643 2090 hos
1670 2042 2010 2095 conscientia
2038 2044 2300 2100 interiore

730 2119 903 2185 ﬂagro
939 2122 1326 2185 conscindens,
1363 2140 1433 2179 eo
1478 2126 1663 2195 adiget
1714 2139 1775 2183 ut
1834 2136 2191 2189 continenter
2243 2147 2300 2191 et

728 2210 1104 2264 vociferentur
1140 2222 1195 2265 et
1226 2215 1435 2282 ejulcnt
1471 2219 1655 2271 verbis
1708 2221 1821 2274 illis
1860 2225 2297 2292 comploratione

725 2301 875 2353 οηιιιί
924 2302 1307 2371 dignissimis:
1342 2306 1429 2360 Va:
1475 2310 1654 2373 mihi;
1705 2312 1901 2378 quidni
1961 2315 2108 2368 hunc
2156 2333 2300 2385 pra:-

726 2392 837 2445 vidi
879 2392 1048 2453 diem,
1078 2394 1245 2448 miser
1283 2399 1426 2465 ego?
1458 2398 1508 2451 ls
1568 2416 2015 2469 quaquaversum
2059 2406 2297 2460 circum-

720 2490 846 2549 aget
879 2484 1092 2545 oculos,
1118 2486 1342 2552 angelos
1365 2487 1479 2541 illic
1510 2488 2024 2547 circumvolitantes
2059 2495 2295 2550 intuebi-

723 2577 835 2629 tur.
860 2586 891 2624 a
925 2572 1404 2629 commiseratione
1455 2592 1627 2643 nsque
1654 2578 1800 2632 adeo.
1821 2580 2206 2647 abhorrentes,
2234 2592 2294 2637 ut

718 2660 807 2712 vel
855 2661 970 2713 sola
1026 2663 1210 2730 specie
1249 2664 1631 2719 incredibilem
1675 2678 1841 2734 atque
1887 2669 2289 2726 intoleramlmn

720 2747 995 2805 incutiant
1034 2756 1333 2820 Spectatori
1387 2763 1676 2809 terrorem.
1718 2757 1832 2810 Sub
1883 2759 2072 2815 horam
2127 2773 2292 2817 tantm

719 2840 881 2894 istius
928 2843 1193 2897 adeunda-
1230 2845 1583 2901 necessitatis
1622 2849 1983 2916 suspirabunt
2027 2855 2287 2922 amarius,

715 2946 842 2983 cum
895 2949 1173 3001 nunquam
1221 2934 1499 2999 finiendis,
1547 2938 1644 2991 sed
1686 2951 1953 2996 :cternum
2008 2944 2290 3002 duraturis

715 3021 1008 3075 tradentur
1040 3026 1285 3079 tenebris
1329 3027 1437 3081 illis
1487 3031 1863 3087 exterioribus
1907 3052 2032 3089 cum
2069 3037 2200 3092 ﬂetu
2230 3050 2288 3093 et

2404 1958 2786 2026 ἁμαρτωλούς·
2816 1963 2912 2016 καὶ
2938 1965 3013 2033 μὴ
3035 1965 3341 2034 διαχεῖσθαι
3372 1971 3431 2020 έν
3461 1969 3678 2037 γέλωτι,
3705 1970 3739 2039 ἢ
3774 1986 3990 2038 μετεω-

2406 2053 2632 2116 ρισμοῖς
2684 2052 2845 2106 ’Λλλά
2913 2056 3114 2124 μᾶλλον
3174 2059 3443 2122 ἀτενίζειν
3484 2061 3856 2124 ἀδιαλείπτως
3906 2065 3986 2123 είς

2400 2139 2501 2207 τὴν
2530 2140 2689 2210 χάριν
2715 2145 2811 2197 τοῦ
2848 2146 3005 2211 Θεοῦ,
3036 2148 3219 2211 καθὼς
3252 2151 3281 2203 ό
3322 2153 3593 2220 μακάριος
3620 2155 3813 2215 Δαυῖδ,
3844 2157 3987 2207 ἀποο

2400 2228 2613 2281 ϐλέπων
2638 2234 2717 2294 είς
2732 2233 2832 2302 τὴν
2858 2235 3016 2303 χάριν
3040 2238 3135 2290 τοῦ
3158 2238 3317 2301 Θεοῦ,
3342 2240 3527 2307 ἔλεγεν
3549 2259 3563 2270 ·
3599 2260 3617 2293 ι
3660 2243 3747 2306 Ὠς
3771 2244 3985 2310 ὀφθαλ-

2402 2320 2493 2387 μοὶ
2536 2321 2737 2374 δούλων
2775 2326 2856 2388 εἰς
2896 2330 3084 2397 χεῖρας
3110 2331 3219 2381 τῶν
3266 2332 3475 2400 κυρίων
3516 2334 3699 2386 αὐτῶν
3723 2334 3907 2398 οὕτως
3932 2337 3982 2388 oi

2369 2408 2671 2479 ,ὀφθαλμοὶ
2705 2413 2862 2480 ἡμῶν
2897 2416 3034 2483 πρὸς
3069 2417 3274 2485 Κύριον
3299 2418 3393 2470 τὸν
3433 2420 3565 2472 Θεὸν
3596 2422 3778 2489 ήμῶν.
3805 2440 3824 2472 ι
3871 2423 3982 2475 Kal

2394 2498 2586 2551 πάλιν·
2629 2503 2806 2555 «Οὐδὲ
2858 2506 3340 2577 ἐμετεωρίσθησαν
3386 2510 3433 2561 oi
3476 2508 3753 2576 ὀφθαλμοί
3799 2528 3929 2580 μου.
3954 2530 3975 2563 ι

2393 2588 2583 2650 υῦτως
2613 2593 2706 2644 καὶ
2742 2594 2907 2661 ἡμεῖς
2945 2595 3235 2664 ὀφείλομεν
3267 2599 3481 2667 νήφειν,
3521 2599 3615 2652 καὶ
3646 2602 3856 2670 ἐφορᾷν
3898 2603 3979 2663 εις

2390 2680 2490 2747 τὴν
2521 2682 2680 2752 γάριν
2710 2682 2806 2735 τοῦ
2854 2684 3012 2749 Θεοῦ,
3049 2686 3137 2739 ἵνα
3180 2688 3256 2757 μὴ
3310 2689 3675 2757 ἀποθάνωμεν
3719 2689 3831 2741 ὑπο
3866 2689 3978 2744 τῶν

2392 2768 2785 2838 θανατηφόρων
2847 2775 3068 2841 ὄφεων·
3139 2778 3418 2831 τουτέστιν
3444 2818 3459 2841 ,
3508 2779 3617 2831 τῶν
3680 2780 3976 2848 ἁμαρτιῶν

2390 2861 2566 2928 ἡμῶν.
2597 2863 2661 2912 Οἱ
2684 2864 2791 2931 γὰρ
2817 2864 2923 2915 ὑπὸ
2956 2866 3119 2935 χάριν
3146 2867 3323 2930 ὄντες,
3352 2869 3443 2921 ἀεὶ
3468 2869 3613 2921 κατά
3649 2869 3775 2921 νοῦν
3818 2870 3979 2939 έχω-

2390 2966 2475 3002 σιν
2498 2952 2565 3003 τά
2599 2952 2807 3004 ἑαυτῶν
2836 2954 3305 3024 πλημμελήματα,
3332 2959 3425 3008 καὶ⁵
3455 2957 3836 3026 θαυμάζοντες
3868 2958 3973 3027 τὴν

2388 3039 2698 3109 ἀγαθότητα
2745 3041 2841 3094 τοῦ
2890 3042 3049 3107 θεοῦ,
3077 3044 3171 3096 καὶ
3196 3044 3449 3112 λέγοντες
3479 3047 3538 3097 ὲν
3572 3048 3791 3109 ἑαυτοῖς
3814 3062 3828 3076 ·
3877 3048 3972 3099 Ἐκ

713 3114 956 3168 stridore
989 3115 1260 3180 dentium,
1291 3119 1514 3186 quando
1550 3137 1828 3189 nunquam
1873 3125 2289 3182 intermorituro

2393 3131 2571 3183 πόσων
2598 3132 2783 3184 κακῶν
2816 3134 3086 3204 έρῤύσατο
3117 3136 3263 3204 ἡμᾶς
3293 3137 3322 3188 ὀ
3351 3136 3486 3199 Θεός
3512 3137 3523 3188 2
3562 3137 3656 3189 καὶ
3697 3138 3752 3188 τί
3804 3140 3971 3206 ἡμεῖς

713 3202 887 3255 vermi
938 3205 1233 3258 arrodendi
1279 3208 1764 3276 mancipabuntur,
1802 3229 1927 3267 cum
1961 3217 2014 3268 in
2056 3218 2284 3286 profun-

710 3289 839 3344 dam
872 3292 1069 3346 inferni
1097 3298 1413 3363 voraginem
1444 3309 1677 3368 agentur
1704 3304 2034 3373 pneeipitcs,
2071 3307 2285 3376 1179

711 3393 910 3449 nempe
946 3382 1002 3434 in
1032 3382 1324 3439 Tartarum
1353 3402 1417 3440 ac
1453 3390 1763 3457 gehennam
1798 3395 1950 3447 omni
1977 3398 2282 3452 acerbitate

709 3469 1077 3537 superiorem.
1125 3472 1249 3526 lla-c
1301 3474 1462 3542 plane
1508 3486 1658 3538 sunt.
1696 3490 1848 3543 sunt,
1893 3482 2136 3552 inquam.
2161 3487 2280 3540 loca

711 3559 828 3613 haec
866 3562 1197 3617 atrocissimi
1247 3568 1539 3631 exantinis,
1589 3570 1737 3623 omni
1789 3575 2280 3643 recogitandacir-

707 3655 1144 3720 etinispectione,
1173 3672 1295 3724 qua:
1338 3660 1674 3726 peeeatrices
1721 3664 1932 3719 animas
1971 3665 2157 3721 hiulco
2184 3684 2279 3723 ore

704 3744 985 3810 excipiunt
1017 3762 1027 3797 :
1059 3761 1165 3798 non
1204 3748 1333 3801 item
1360 3749 1439 3803 sic
1460 3752 1679 3805 aninms
1703 3753 1939 3809 dill‘undi
1968 3757 2134 3813 debet
2166 3762 2275 3814 risu

706 3835 993 3898 solutiore,
1035 3848 1129 3890 aut
1154 3839 1485 3895 insolescere
1520 3858 1619 3911 per
1643 3845 1960 3900 elationem.
1991 3850 2108 3904 Prae
2128 3853 2278 3921 ejus-

706 3924 853 3977 modi
912 3937 1094 3978 tamen
1135 3945 1231 3995 par
1268 3940 1373 3994 est,
1425 3932 1618 3985 oculos
1658 3937 1862 3989 mentis
1902 3938 2176 3993 indivulse
2219 3952 2276 3995 et

706 4017 950 4082 pressius
985 4019 1221 4088 deligere
1265 4020 1319 4074 in
1363 4024 1709 4091 propositum
1736 4029 1995 4083 omnibus
2026 4046 2127 4085 ceu
2154 4047 2275 4086 sco-

705 4123 857 4174 pum,
890 4110 1120 4177 gratiam
1168 4111 1303 4174 Dei;
1337 4113 1805 4180 quemadmodum
1843 4128 1899 4170 et
1941 4119 2135 4174 beatus
2167 4122 2273 4175 Da-

703 4199 817 4261 vid,
850 4200 940 4267 qui
971 4216 1095 4252 eum
1137 4202 1309 4270 ipsius
1356 4205 1584 4273 gratiam
1619 4209 2049 4265 venerabundos
2088 4214 2271 4282 suspi-

702 4300 874 4354 eeret,
906 4306 1034 4345 eum
1054 4293 1419 4349 admiratione
1450 4296 1705 4352 dicebat:
1744 4320 1761 4349 ι
1795 4299 1952 4355 Sicut
1982 4304 2126 4357 oculi
2158 4320 2274 4359 ser-

702 4397 899 4435 vorum
938 4384 992 4435 in
1023 4385 1278 4438 manibus
1310 4386 1684 4451 dominorum,
1719 4392 1793 4445 ita
1819 4394 1966 4447 oculi
1996 4397 2175 4450 nostri
2202 4398 2270 4451 ad

2391 3224 2440 3274 οἱ
2472 3222 2682 3286 ἀνάξιοι
2710 3224 2905 3293 ἔχομεν
2936 3225 3228 3278 ἀποδοῦναι
3255 3227 3440 3296 αὑτῷς
3473 3227 3568 3279 καὶ
3602 3227 3675 3295 μὴ
3700 3229 3762 3279 ἐν
3793 3228 3969 3293 γέλω-

2388 3329 2442 3363 τι
2490 3316 2582 3365 καὶ
2614 3315 2979 3385 μετεωρισμῷ
3006 3316 3388 3384 ἀναλίσκωμεν
3418 3318 3514 3379 τάς
3541 3318 3639 3385 τῆς
3670 3318 3969 3386 παροικίας

2390 3402 2620 3472 ἡμέρας.
2654 3405 2810 3476 Πάσῃ
2832 3401 2926 3457 οὖν
2954 3405 3168 3474 φυλακῇ
3192 3408 3522 3475 τηρήσωμεν
3552 3408 3802 3472 ἑαυτοὺς,
3825 3408 3967 3476 ἀγαο

2389 3494 2572 3563 πητοὶ,
2597 3493 2689 3546 τοῦ
2738 3495 2814 3564 μὴ
2865 3494 3070 3547 ἁλῶναι
3100 3496 3205 3547 ὑπὸ
3236 3496 3332 3548 τοῦ
3381 3497 3628 3565 Ἐχθροῦ,
3659 3498 3719 3549 έν
3747 3501 3861 3560 τοῖς
3887 3498 3968 3550 δι-

2387 3583 2571 3646 κτύοις
2598 3583 2690 3636 τοῦ
2732 3585 2996 3651 γέλωτος*
3036 3586 3210 3639 πολλά
3257 3587 3365 3656 γάρ
3398 3590 3539 3641 εἰσιν
3565 3589 3636 3641 τά
3687 3588 3750 3651 ἐξ
3796 3588 3966 3641 αὑτοῦ

2384 3674 2678 3743 τικτόμενα
2728 3675 2906 3728 ἄτοπα
2958 3677 3056 3729 καὶ
3124 3676 3410 3730 διαϐολικά
3470 3678 3647 3747 πάθη·
3695 3678 3810 3731 τῶν
3857 3679 3969 3748 γὰρ

2384 3762 2635 3829 ἀφρόνων
2668 3764 2816 3815 ὲστίν
2857 3766 2886 3817 ὁ
2936 3765 3131 3831 γέλως,
3167 3767 3367 3835 μᾶλλον
3395 3767 3451 3819 δὲ
3490 3767 3600 3820 τῶν
3628 3769 3723 3820 ἐπὶ
3757 3772 3969 3837 σκηνῆς

2384 3850 2807 3920 έταιριζομὲνων
2839 3854 3137 3908 ἀσυνέτων.
3166 3856 3266 3907 Διά
3289 3855 3450 3908 τοῦτο
3475 3852 3570 3910 οὖν
3597 3858 3659 3909 οὐ
3688 3858 3966 3928 συμφέρει

2382 3941 2577 4008 ἀψρονι
2612 3943 2812 4011 τρυφὴ,
2863 3944 2951 3996 ἵνα
3002 3944 3077 4014 μὴ
3116 3946 3414 4016 ἑπαίρηται
3437 3965 3451 3978 ο
3498 3947 3689 4017 ὥσπερ
3715 3949 3746 3999 ό
3782 3947 3849 4011 ἐξ
3873 3950 3968 4000 ΔΞ-

2382 4028 2592 4095 γύπτου
2621 4030 2749 4093 λαὸς
2784 4030 3036 4096 ἐξελθών.
3077 4032 3310 4087 Ἐκεῖνοι
3340 4036 3449 4105 γὰρ
3494 4037 3584 4089 ὅτε
3628 4037 3963 4106 ἀπηλλάγη-

2384 4133 2484 4170 σαν
2516 4117 2626 4170 τῶν
2665 4120 3006 4186 Αἰγυπτίων,
3041 4122 3138 4173 xal
3186 4121 3293 4174 [δον
3323 4122 3416 4176 τὸν
3456 4123 3618 4193 βυθὸν
3651 4126 3841 4177 αὐτῶν
3867 4126 3964 4179 τά·-

2381 4224 2480 4276 φον
2527 4209 2917 4277 γεγενημένον,
2960 4210 3083 4263 τότε
3141 4214 3221 4275 είς
3290 4213 3739 4285 είδωλολατρείαν
3801 4217 3965 4283 ἐτρά-

2380 4314 2593 4367 πησαν·
2632 4297 2915 4361 διαϐάντες
2964 4301 3074 4370 γὰρ
3121 4301 3223 4370 τὴν
3274 4301 3576 4367 θάλασσαν,
3632 4305 3731 4355 καὶ
3790 4304 3964 4374 μηδὲν

2380 4388 2701 4450 κινδυνῶδες
2725 4389 3141 4457 ὑπομείναντες,
3169 4391 3618 4463 έλθόντεςείςτὴν
3637 4394 3746 4462 γῆν
3769 4396 3964 4449 ὲναυάι-

702 4471 997 4523 hominum
1062 4473 1231 4526 Deum
1302 4485 1553 4531 nostrum
1579 4480 1644 4532 ".
1676 4499 1695 4530 ι
1749 4481 1994 4537 lterum:
2038 4504 2056 4534 ι
2082 4486 2271 4554 Neque

2392 4495 2587 4549 meav'
2614 4482 2705 4532 ὅτε
2757 4480 2859 4546 τῆς
2904 4484 3106 4550 πικρᾶς
3155 4482 3421 4547 δουλείας,
3452 4485 3548 4538 καὶ
3592 4485 3689 4538 τοῦ
3728 4487 3963 4549 πένθους

700 4562 827 4613 elati
859 4573 987 4615 sunt
1016 4564 1161 4615 oculi
1198 4565 1304 4618 mei
1324 4568 1387 4619 ³⁸.
1415 4586 1433 4615 ι
1464 4567 1543 4620 Ad
1571 4584 1697 4623 eum
1737 4573 1958 4627 modum
2001 4575 2271 4632 debemus

699 4659 755 4700 et
784 4665 883 4703 nos
922 4651 1117 4704 attenti
1160 4667 1283 4705 esse
1332 4664 1388 4707 et
1432 4657 1746 4726 pervigiles,
1796 4661 1963 4729 inque
2000 4678 2120 4718 eam
2173 4665 2269 4719 Dei

697 4741 930 4807 gratiam
977 4744 1168 4796 oculos
1214 4746 1415 4799 mentis
1466 4747 1627 4800 lixius
1670 4750 1995 4817 intendere,
2061 4771 2127 4807 ne
2163 4756 2268 4825 ipsi

696 4828 1088 4883 (atcmnbamus
1133 4831 1188 4884 in
1246 4844 1501 4897 mortem,
1545 4836 1737 4892 lethali
1786 4839 1918 4893 dum
1958 4843 2273 4911 abripimur

698 4933 884 4972 morsu
929 4924 1295 4989 serpentium,
1331 4926 1435 4980 hoc
1480 4936 1585 4988 est,
1610 4945 1733 4997 qua:
1774 4931 1878 5000 ipsi
1912 4934 2263 5000 admisimus,

696 5022 1068 5079 petae-norum.
1116 5016 1221 5079 Qui
1259 5018 1407 5070 enim
1462 5034 1521 5072 se
1548 5032 1854 5089 agnoscunt
1891 5025 2119 5081 subesse
2163 5028 2266 5097 legi

697 5103 902 5170 gratiae.
937 5121 1035 5158 sua
1067 5106 1313 5174 ipsorum
1342 5108 1543 5164 delicta
1576 5113 1729 5167 nullo
1751 5131 1859 5168 non
1900 5126 2147 5185 tempore
2174 5120 2269 5173 ba-

699 5192 829 5244 bent
858 5209 967 5259 prae
995 5194 1171 5247 oculis
1198 5197 1399 5258 cordis,
1438 5213 1758 5269 secumque,
1786 5203 1916 5257 dum
1958 5204 2267 5276 benignita-

697 5294 804 5336 tem
858 5300 984 5353 erga
1042 5301 1101 5339 se
1164 5286 1529 5354 demirantur,
1582 5293 1731 5346 taciti
1790 5294 2162 5360 insusurrant,
2209 5310 2267 5353 et

694 5376 917 5441 quantis
961 5392 1060 5429 nos
1104 5377 1260 5431 malis
1302 5380 1445 5433 Deus
1489 5381 1602 5448 ipse
1633 5384 1914 5439 submovit
1941 5396 1997 5440 et
2038 5389 2263 5457 eripuit,

692 5465 889 5534 ecquid
934 5482 1034 5520 nos
1079 5467 1309 5538 indigni.
1338 5472 1646 5526 retribuere
1693 5478 1984 5544 possimus.
2013 5479 2131 5532 Non
2169 5481 2268 5550 igi-

697 5564 785 5607 tur
829 5554 881 5607 in
916 5557 1048 5617 risu,
1083 5573 1190 5610 non
1229 5560 1280 5612 in
1308 5563 1543 5616 elatione
1574 5566 1775 5618 mentis
1807 5566 2145 5621 insumamus
2170 5586 2265 5623 no-

1085 5774 1096 5796 ,
1125 5734 1171 5785 ίὶ.
1261 5737 1296 5765 ’⁷
1332 5736 1464 5789 Ι’›ιι1.
1504 5754 1661 5792 (wn.
1696 5744 1739 5788 Δ,
1822 5746 1865 5767 "‘
1894 5739 2031 5794 l’.~al.
2068 5757 2224 5806 tux,
2266 5746 2307 5797 l.

2371 4566 2839 4637 ἐλευθερώθησαν,
2891 4568 3015 4620 τότε
3064 4568 3380 4633 ἐξώκειλαν.
3440 4572 3639 4633 Καλῶς
3693 4573 3884 4625 τοίνυν
3933 4576 3963 4627 ό

2373 4659 2808 4728 Παροιμιαστής’
2834 4661 2967 4730 φησί⁵
2987 4660 3126 4730 γάρ·
3162 4680 3179 4711 ι
3212 4661 3392 4723 Γέλως
3415 4663 3692 4715 ἀσυνέτων
3725 4665 3788 4717 ὲν
3816 4681 3961 4717 σπα-

2368 4748 2507 4818 τάλῃ
2536 4746 2829 4817 ἁμαρτίας.
2857 4766 2876 4798 ι
2913 4748 3023 4801 Kal
3076 4748 3270 4801 πάλινο
3314 4767 3332 4797 ι
3366 4750 3591 4818 ’Ἄφρων
3648 4751 3709 4801 ὲν
3753 4751 3961 4817 γέλωτι

2372 4837 2569 4905 ἀνυψοί
2617 4837 2802 4907 φωνὴν
2857 4835 3023 4889 αὐτοῦ
3047 4852 3060 4866 ·
3100 4838 3241 4907 ἀνὴρ
3301 4838 3358 4890 δὲ
3417 4838 3749 4907 πανοῦργος,
3805 4840 3961 4909 μόλις

2373 4928 2548 4997 ἡσυχῆ
2600 4927 2928 4997 μειδιάσει.»
2973 4929 3083 4981 Kal
3127 4928 3327 4981 πάλιν·
3363 4947 3383 4980 ι
3412 4930 3511 4991 Ὃς
3555 4930 3961 4999 κατασπαταλᾷ

2368 5019 2431 5070 ἐκ
2466 5017 2743 5081 παιδόθεν,
2768 5018 2952 5088 ίκέτης
2989 5018 3164 5071 ἔσται·
3202 5019 3435 5088 ἔσχατον
3468 5019 3523 5073 δὲ
3552 5020 3957 5090 ὀδυνηθήσεται

2368 5108 2455 5176 ἐφ’
2486 5109 2699 5162 ἑαυτὸν.
2736 5127 2753 5159 ι
2794 5108 2901 5161 Kal
2930 5109 3159 5176 ἐπάγειο
3200 5128 3218 5159 ι
3258 5108 3348 5170 Ὠς
3374 5109 3526 5179 φωνὴ
3556 5108 3664 5162 τῶν
3696 5110 3958 5162 ἀκανθῶν

2367 5199 2474 5252 ὑπὸ
2515 5199 2606 5250 τὸν
2644 5198 2867 5267 λέϐητα,
2888 5198 3060 5259 οὕτως
3090 5201 3118 5251 ὁ
3144 5198 3318 5266 γέλως
3341 5199 3449 5252 τῶν
3479 5198 3759 5269 ἀφρόνων.
3786 5218 3805 5250 ι
3859 5202 3956 5254 Ἦ-

2378 5290 2498 5356 μεῖς
2529 5284 2624 5340 οὖν
2672 5288 2922 5356 εἴπωμεν
2975 5288 3075 5340 σὺν
3124 5288 3202 5356 τῷ
3240 5287 3384 5349 Ἰὼϐ,
3428 5288 3528 5339 «Εἰ
3572 5286 3631 5339 δὲ
3672 5288 3770 5339 καὶ
3804 5288 3955 5357 ἥμην

2377 5378 2788 5447 πεπορευμένος
2825 5377 2966 5448 μετά
2994 5376 3347 5445 γελοιαστῶν,
3385 5378 3454 5428 τὰ
3482 5374 3540 5428 δέ
3576 5392 3670 5445 μοι
3703 5377 3956 5444 σκυθρω-

2374 5470 2451 5523 πὰ
2481 5469 2789 5538 συμϐαίνοι.
2821 5489 2840 5521 ι
2875 5470 2941 5522 Ἦ
2973 5470 3065 5521 καὶ
3089 5466 3228 5537 μετὰ
3259 5466 3552 5536 Ἰερεμίου’
3578 5484 3597 5517 ι
3625 5465 3823 5536 Κύριε,
3852 5466 3950 5518 οὐκ

2375 5558 2607 5613 ἐκάθισα
2638 5559 2775 5628 μετὰ
2804 5560 3082 5631 συνεδρίου
3115 5557 3427 5620 πτιζόντων
3472 5556 3674 5620 αὐτῶν,
3707 5555 3827 5610 ἀλλ’
3857 5556 3947 5607 εὐ-
