4178 6424
246 341 388 401 I793

1076 354 1401 412 llUIlllJA
1441 353 1636 412 XCVI.
1664 376 1710 386 ··
1759 353 1856 412 DE
1898 353 2355 411 IIII.ECTIO.\‘E
2394 351 2746 413 I’ROXIMI.

3369 352 3507 416 1726

243 456 414 513 ὶαεού
424 481 532 531 μην
557 464 664 518 ἀπὸ
695 471 986 538 προσώπου
1016 475 1195 541 χειρός
1226 490 1342 536 σου,
1369 475 1463 527 καὶ
1493 475 1631 527 κατά
1655 472 1822 542 μόνας

1935 471 2036 523 stri
2073 471 2232 524 istius
2261 472 2532 525 incolatus
2555 471 2691 524 dies.
2724 469 2836 524 Nos
2861 469 3027 537 ipsos,
3055 485 3262 538 qumso,
3298 470 3506 525 charis-

243 555 561 624 ἐκαθήμην,
593 559 674 611 ὅτι
697 563 923 634 πικρίας
957 564 1258 634 ἐπλὴσοην.
1305 583 1324 614 ι
1363 563 1422 614 ὐ
1451 564 1505 616 δὲ
1547 562 1823 623 Ίὰκωδθςο

241 649 306 700 ού
344 651 508 716 μόνον
534 650 594 701 τὸ
623 650 790 719 γελᾷν
823 654 1143 722 ἀποτρέπει.
1180 651 1314 706 ἀλλά
1347 653 1439 705 καὶ
1473 652 1681 704 κλαίειν
1707 653 1825 702 ἑπι-

246 739 434 804 μελῶς
466 742 557 792 καὶ
589 741 863 805 ὀλολύζειν
911 744 1260 814 προστάττει.
1304 762 1320 791 ο
1350 741 1823 810 Ταλαιπωρήσατε

242 829 380 895 γάρ,
419 831 604 898 φησιν,
635 832 729 883 καὶ
760 832 1031 886 κλαύσατε
1056 835 1114 885 ·ὀ
1137 833 1309 899 γέλως
1348 832 1502 902 ὑμῶν
1526 834 1606 892 εἰς
1633 829 1826 892 πένοος

246 924 717 991 μεταστραφήτω,
745 924 838 975 καὶ
871 925 904 993 ή
945 924 1088 994 καρά
1121 925 1202 986 είς
1232 925 1554 994 κατήφειαν.
1596 923 1685 976 Ἐν
1714 921 1824 993 γὰρ

243 1009 450 1074 γέλωτι
473 1011 663 1080 ἀφρων
685 1014 923 1082 πράσσει
955 1015 1103 1068 κακά
1127 1030 1142 1044 ·
1175 1017 1208 1085 ή
1243 1014 1298 1067 δὲ
1337 1015 1496 1082 σοφία
1524 1015 1699 1068 τίκτει
1725 1016 1822 1068 ἀν-

240 1099 436 1168 δρείαν
467 1104 557 1153 καὶ
601 1103 886 1174 φρόνησιν.
914 1123 933 1156 ι
974 1103 1265 1174 Γενώμεοα
1287 1100 1400 1167 οὖν,
1429 1104 1666 1172 ἀδελφοὶ,
1695 1103 1826 1172 φρό-

239 1207 416 1259 νιμοι,
469 1191 904 1261 ἀποστυγοῦντες
950 1194 1044 1246 τὸν
1074 1195 1286 1264 ἀφρονα
1336 1193 1568 1262 γέλωτα,
1604 1195 1690 1247 ἴνα
1747 1191 1824 1262 μὴ

238 1283 597 1355 ’παραπέμψει
666 1288 817 1354 ἡμᾶς
867 1288 934 1354 τῇ
995 1286 1190 1357 αἰωνίᾳ
1246 1285 1488 1350 κολάσει,
1524 1285 1663 1338 κατά
1721 1283 1822 1355 τήν

235 1373 519 1440 ἀπόφασιν
544 1377 768 1445 Κυρίου,
799 1376 899 1446 τὴν
929 1375 1216 1443 λέγουσαν·
1255 1397 1273 1428 ι
1305 1379 1441 1430 Οὐαὶ
1471 1379 1520 1430 οἱ
1551 1376 1818 1445 γελῶντες

236 1462 359 1526 νῦν,
387 1465 468 1516 ὅτι
507 1466 662 1518 αὐτοὶ
695 1465 1019 1519 κλαύσονται
1048 1468 1142 1518 καὶ
1170 1467 1554 1535 πενθήσουσιν.
1587 1485 1606 1517 ι
1656 1465 1816 1518 Ἀ).λά

237 1553 448 1620 μᾶλλον
485 1555 879 1625 ἐπαινεοῶμεν,
911 1557 1205 1621 ἀκούοντες
1230 1558 1383 1626 παρά
1411 1558 1504 1610 τοῦ
1537 1559 1809 1627 Σωτῆρος,

242 1662 260 1693 ι
290 1645 569 1717 Μακάριοι
597 1648 646 1700 oi
676 1647 1020 1710 πενθοῦντες.
1048 1651 1132 1702 ὅτι
1168 1648 1323 1701 αὐτοὶ
1354 1648 1811 1719 παρακληθήσον-

230 1749 345 1788 ται.
377 1753 396 1786 ι
431 1736 588 1807 Αὐτῷ
611 1740 643 1807 ή
667 1738 794 1802 δόξα
820 1741 900 1802 είς
928 1741 1054 1802 τοὺς
1087 1739 1314 1800 αἰῶνας.
1355 1741 1546 1809 Ἀμήν.

1929 559 2077 620 simi,
2122 561 2370 629 pervigili
2409 559 2660 614 custodia
2707 574 3014 620 servemus,
3054 576 3122 612 ne
3174 562 3348 614 hostis
3404 577 3507 616 nos

1929 649 2238 718 intercipiat
2259 651 2503 703 irrctitos
2526 648 2894 720 intempestivi
2922 649 3064 701 risus
3084 649 3503 718 laqueis.Quam

1928 740 2131 794 multas
2172 741 2594 808 intempestivus
2641 741 2730 793 bic
2769 740 2914 794 risus
2950 755 3016 793 ex
3061 756 3120 794 se
3152 741 3298 807 parit
3344 741 3502 794 inde-

1927 846 2086 884 coras
2111 846 2357 899 prorsus,
2388 830 2498 882 imo
2535 831 2839 884 diabolicas
2879 832 3077 884 animm
3129 830 3501 898 perturbatio—

1927 937 2063 976 nes:
2102 922 2263 990 plane
2311 921 2457 974 risus
2506 920 2635 974 talis
2684 920 3118 990 imprudentium
3169 929 3292 974 est:
3321 922 3504 975 verius

1925 1013 2158 1067 dixerim
2183 1053 2198 1075 ,
2251 1014 2546 1066 stultorum
2596 1027 2659 1065 ac
2703 1021 2886 1066 mente
2923 1020 3213 1080 captorum
3239 1052 3254 1072 ,
3284 1011 3338 1064 in
3368 1026 3502 1065 con-

1926 1104 2183 1156 tubernio
2230 1104 2511 1171 lupanaris
2549 1103 2933 1157 scortautium.
2975 1103 3058 1156 0b
3090 1103 3196 1155 hoc
3233 1102 3501 1171 scriptum

1925 1205 2009 1247 est
2055 1211 2164 1247 non
2213 1194 2511 1248 convenire
2569 1193 2742 1248 stulto
2777 1193 3080 1254 delicias".
3135 1202 3194 1246 ut
3237 1208 3306 1247 ne
3370 1193 3504 1246 hinc

1926 1291 2109 1337 sumat
2139 1285 2355 1338 animos
2379 1324 2394 1346 ,
2446 1300 2616 1353 seque
2671 1284 2868 1338 eﬂ'erat
2895 1284 3272 1352 impotentius,
3304 1299 3502 1353 quem-

1927 1374 2226 1430 admodum
2260 1376 2350 1429 illc
2384 1375 2513 1428 olim
2559 1376 2795 1444 populus
2836 1376 3119 1444 profectus
3163 1391 3228 1428 ex
3249 1375 3500 1447 IEgypto.

1923 1465 2154 1522 Utenim
2183 1467 2570 1537 primutnjugo
2589 1467 2967 1537 IEgyptiorum
2988 1467 3321 1538 cmancipati
3350 1476 3500 1530 sunt,

1918 1557 2295 1628 videruutquc
2341 1558 2613 1611 tumulum
2639 1557 2694 1609 in
2729 1557 2895 1609 altam
2925 1557 3244 1625 voraginem
3277 1556 3504 1624 depres-

1915 1665 2038 1703 sum
2059 1651 2166 1704 sibi
2192 1659 2381 1718 patere
2403 1669 2413 1700 :
2432 1659 2566 1704 tunc
2582 1649 2647 1702 ad
2671 1649 3044 1702 idololatriam
3068 1647 3322 1700 conversi
3348 1656 3498 1700 sunt.

1851 1733 1893 1787 Β
1919 1741 2177 1809 Trajccto
2199 1742 2346 1795 enim
2374 1741 2536 1802 ntari,
2559 1756 2686 1794 cmn
2710 1740 2848 1793 nihil
2879 1739 2984 1793 sibi
3014 1737 3270 1791 viderent
3292 1737 3503 1804 impen-

231 1825 369 1878 dere
396 1826 509 1894 jam
538 1826 796 1896 periculi.
827 1827 992 1880 simul
1020 1835 1186 1896 atque
1218 1828 1521 1898 attigerunt
1547 1835 1774 1890 terram,
1813 1827 2119 1897 naul'ragati
2156 1837 2288 1882 sunt
2312 1827 2378 1880 ⁸⁸.
2399 1827 2558 1880 Tunc
2581 1827 2949 1896 itnpegerunt,
2975 1842 3100 1880 cum
3127 1825 3281 1894 prius
3303 1826 3500 1893 lugen-

234 1924 319 1969 tes
353 1918 800 1985 promeruissent
832 1919 965 1988 jugo
1003 1919 1169 1972 eximi
1221 1934 1422 1972 amara:
1466 1917 1775 1972 servitutis.
1811 1918 2048 1973 Pulchre
2097 1919 2267 1988 igitur
2295 1919 2374 1972 ait
2397 1917 2786 1973 Parmmiastcs
2817 1933 2829 1968 :
2866 1935 2883 1967 ι
2913 1917 3076 1970 llisus
3111 1917 3408 1971 stultorum
3442 1917 3498 1970 in

230 2005 455 2062 deliciis
481 2011 696 2078 peccati
720 2013 817 2063 υ.»
848 2011 1082 2064 Iterum:
1107 2031 1125 2062 ι
1150 2011 1366 2065 Stultus
1395 2012 1451 2064 in
1486 2013 1598 2066 risu
1626 2014 1832 2066 cxaltat
1862 2029 2054 2067 vocem
2079 2015 2357 2077 suam,vir
2385 2022 2571 2066 autem
2604 2020 2826 2066 astutus
2861 2011 2949 2064 vix
2985 2012 3151 2065 tacite
3175 2010 3492 2064 ridebitua

233 2101 438 2154 Iterum
466 2119 479 2154 :
511 2123 528 2153 ι
551 2103 654 2168 Qui
696 2105 753 2157 in
792 2104 1011 2158 deliciis
1043 2105 1293 2158 nutritur
1323 2122 1352 2158 a
1381 2107 1617 2174 pueritia
1657 2121 1854 2162 servus
1891 2109 1999 2162 erit
2033 2128 2044 2161 :
2081 2109 2133 2161 in
2173 2107 2478 2160 novissimo
2509 2116 2692 2159 autem
2725 2105 2937 2158 dolebit
2962 2120 3130 2172 super
3159 2119 3217 2157 se
3248 2106 3314 2158 ".
3352 2122 3370 2154 ι
3407 2103 3498 2156 In-

227 2197 387 2252 ducit
419 2216 432 2251 :
481 2219 498 2250 ι
530 2200 695 2266 Quasi
723 2215 824 2254 vox
862 2203 1146 2270 spinarum
1187 2202 1292 2255 sub
1327 2203 1507 2257 lebete
1528 2243 1543 2266 ,
1575 2203 1648 2256 ita
1691 2203 1838 2257 risus
1874 2205 2174 2257 stultorum
2200 2203 2269 2254 ³³.
2297 2221 2314 2251 ι
2348 2201 2460 2256 Nos
2489 2201 2660 2270 igitur
2681 2216 2806 2254 cum
2849 2201 3012 2253 beato
3047 2200 3150 2252 .Iob
3195 2199 3449 2251 dicamus
3479 2216 3492 2251 :

234 2311 251 2340 ι
273 2290 434 2356 Quod
470 2292 518 2345 si
549 2293 875 2349 incedebam
905 2311 1032 2350 cum
1068 2293 1438 2357 derisoribus,
1470 2311 1592 2363 qua:
1623 2295 1801 2348 tristia
1835 2308 1988 2356 sunt,
2011 2295 2336 2363 contingant
2365 2293 2496 2347 mibi
2518 2293 2582 2346 ³³.
2607 2312 2624 2342 ι
2658 2292 2869 2346 Etcum
2893 2292 3134 2346 Ieremia
3162 2308 3174 2342 :
3201 2309 3218 2342 ι
3242 2289 3493 2345 Domine:

227 2401 341 2439 non
379 2385 499 2439 sedi
522 2401 646 2439 cum
673 2388 911 2440 concilio
942 2388 1280 2453 ludentium,
1312 2388 1408 2442 sed
1444 2387 1603 2441 timui
1639 2403 1668 2441 a
1705 2386 1846 2440 facie
1890 2401 2088 2440 manus
2138 2397 2246 2439 tua:
2272 2402 2283 2436 :
2309 2385 2544 2438 seorsim
2583 2384 2867 2448 sedebam,
2927 2384 3058 2451 quia
3124 2382 3495 2443 amaritudine

228 2475 484 2541 repletus
499 2489 622 2527 sum
644 2475 708 2528 “.
738 2493 756 2525 ι
785 2474 1028 2528 Iacobus
1053 2475 1182 2528 item
1209 2492 1318 2529 non
1358 2493 1388 2530 a
1421 2476 1536 2529 risu
1570 2475 1734 2528 modo
1766 2473 2042 2528 absterret
2071 2490 2195 2537 nos,
2230 2473 2328 2527 sed
2373 2483 2428 2526 ct
2453 2483 2513 2526 ut
2563 2471 2793 2525 ﬂeamus
2825 2470 3020 2524 sedulo
3051 2469 3297 2530 mamlat,
3329 2479 3495 2536 atque

225 2567 548 2636 cjulemus:
593 2567 808 2636 1180
844 2586 862 2618 ι
892 2567 1074 2622 Miseri
1127 2577 1309 2623 estote
1357 2578 1416 2623 et
1461 2569 1707 2637 plorate,
1749 2567 1847 2620 ait.
1897 2567 2066 2622 Risus
2122 2576 2311 2620 vester
2351 2567 2407 2619 in
2449 2566 2660 2620 luctum
2719 2571 3098 2621 convertatur.
3138 2569 3195 2616 et
3233 2560 3493 2630 gaudium

225 2667 479 2711 vestrum
509 2656 564 2710 in
588 2674 880 2712 mmrorcm
903 2659 968 2712 ³⁵.
994 2660 1051 2712 ln
1081 2661 1194 2714 risu
1215 2661 1362 2714 enim
1383 2660 1588 2713 stultus
1616 2669 1881 2729 operatur
1908 2661 2052 2714 mala
2074 2679 2086 2712 :
2112 2659 2388 2729 sapientia
2420 2669 2604 2713 autem
2629 2656 3003 2726 paritvirilem
3021 2655 3370 2724 prudentiam
3391 2654 3488 2709 ⁸⁸.»

226 2748 423 2816 Itaque
448 2789 464 2811 ,
491 2749 690 2804 fratres
722 2751 957 2803 studiosi
989 2752 1299 2821 prudentia:
1335 2752 1568 2805 stultum
1611 2751 1762 2805 hunc
1806 2751 2095 2806 oderimus
2138 2752 2334 2812 risum,
2368 2766 2436 2804 nc
2472 2765 2573 2804 nos
2608 2749 2832 2802 demunt
2884 2746 3226 2801 transmittat
3257 2761 3322 2798 ac
3351 2759 3494 2814 prte-

224 2841 424 2908 cipitet
447 2840 502 2894 in
533 2848 801 2894 aeternum
845 2841 978 2895 illud
1014 2843 1374 2912 supplicium,
1398 2843 1554 2913 juxta
1586 2842 1932 2896 Dominicam
1963 2842 2297 2896 sententiam
2335 2859 2347 2892 :
2392 2861 2408 2891 ι
2430 2841 2540 2902 Vae,
2568 2839 2769 2908 inquit,
2804 2839 2899 2906 qui
2931 2838 3115 2890 rident
3144 2852 3314 2897 nunc,
3360 2836 3493 2895 auia

223 2933 447 2989 ﬂebunt
497 2945 556 2990 et
581 2936 932 3005 lugebunt".
962 2955 980 2986 ι
1012 2936 1156 3001 Quin
1194 2937 1306 2991 imo
1335 2947 1618 2991 strenuam
1647 2937 1845 2991 demus
1867 2951 2120 3006 operam,
2151 2946 2216 2990 ut
2255 2934 2543 2989 Dominica
2574 2933 2798 2988 tandem
2831 2946 2963 2985 voce
3007 2931 3296 2986 laudemur
3324 2939 3493 2999 atque

225 3027 527 3083 audiamus
553 3043 596 3079 τι
629 3026 781 3081 Beati
809 3025 903 3095 qui
933 3026 1144 3095 lugent,
1176 3027 1440 3094 quoniam
1465 3026 1568 3095 ipsi
1595 3025 2030 3080 consolabuntur
2047 3025 2144 3080 ³⁸.»
2190 3024 2298 3094 Ipsi
2325 3023 2498 3093 gloria
2533 3023 2589 3076 in
2621 3022 2841 3076 srecula.
2879 3021 3074 3074 Amen.

816 3137 1037 3190 ΑυιύΣ
1074 3135 1208 3203 ις’.

510 3248 652 3319 Περὶ
684 3247 792 3302 τοῦ
818 3246 1063 3318 ἀγαπᾷν
1098 3247 1204 3300 τὸν
1228 3247 1519 3314 πλησίον.

310 3363 373 3417 '0
403 3363 634 3432 ἀγαπῶν
667 3363 761 3414 τὸν
798 3361 1048 3431 πλησίον,
1095 3360 1315 3430 μακράν
1364 3361 1515 3413 ἐστιν
1560 3359 1668 3413 ἀπὸ
1705 3359 1811 3413 πά-

222 3471 330 3524 σης
365 3454 661 3524 ἁμαρτίας.
681 3454 837 3506 Πᾶσα
866 3451 975 3522 γάρ
1006 3451 1197 3519 Γραφὴ
1228 3450 1435 3504 παλαιά
1465 3468 1546 3513 τε,
1570 3452 1664 3504 καὶ
1690 3452 1806 3515 νέα,

223 3547 393 3599 τοῦτο
427 3548 558 3614 ήμῖν
599 3543 1062 3613 παρακελεύεται,
1095 3546 1157 3596 τὸ
1199 3563 1216 3594 ι
1253 3543 1502 3612 ’Δγαπᾷν
1545 3543 1639 3594 τὸν
1673 3542 1807 3610 πλη-

227 3638 350 3690 σίον
376 3637 450 3698 ὡς
479 3635 693 3688 ἑαυτόν.
717 3654 735 3686 ι
767 3635 1036 3704 Δευτέραν
1053 3634 1160 3702 γάρ
1187 3633 1356 3702 αὐτὴν
1386 3634 1525 3700 μετά
1544 3633 1642 3701 τὴν
1671 3635 1808 3702 πρὸς

224 3728 367 3782 Θεὸν
395 3729 619 3795 ἀγάπην
649 3731 677 3780 6
710 3726 918 3794 Κύριος
948 3725 1167 3794 ἐντολὴν
1189 3723 1474 3786 ἀπέδειξεν
1503 3726 1565 3775 ὲκ
1601 3722 1696 3775 τοῦ
1718 3725 1808 3775 ~6-

229 3836 339 3888 μου
373 3816 536 3873 εἶναι.
567 3817 732 3870 Ὅθεν
762 3817 923 3870 τοῦτο
975 3817 1164 3886 σαφῶς
1221 3817 1587 3880 ἐπιστάμενος
1626 3814 1808 3866 Ἰωνά-

227 3909 334 3962 θαν
363 3909 390 3959 6
423 3906 551 3968 Υἱὸς
583 3905 778 3970 Σαοὺλ,
814 3906 1104 3973 ἠγάπησεν
1142 3903 1232 3955 τὸν
1261 3902 1424 3955 Διυῖδ
1469 3903 1808 3971 εἰλικρινῶς,

228 3996 375 4065 ὑπὲρ
401 3995 683 4062 ἀγάπησιν
727 3993 1009 4060 γυναικός.
1046 3991 1330 4061 Κρείσσων
1362 3991 1471 4060 γάρ
1506 3991 1681 4061 μικρά
1714 4008 1810 4060 με-

231 4086 320 4154 ρὶς
391 4083 531 4152 μετά
584 4081 751 4150 φόϐου
789 4082 1020 4151 Κυρίου,
1053 4080 1086 4150 ἢ
1124 4079 1388 4150 θησαυροὶ
1420 4081 1647 4149 μεγάλοι
1678 4082 1812 4148 ἀφοο

227 4175 376 4235 ϐίας·
410 4177 526 4237 καὶ,
552 4172 840 4242 Κρεισσων
884 4172 1138 4240 ξενισμὸς
1167 4172 1420 4240 λαχάνων
1451 4171 1590 4241 πρὸς
1624 4170 1808 4239 φιλίαν

225 4266 330 4318 καὶ
365 4265 544 4332 χάριν,
593 4262 627 4333 ἢ
679 4263 879 4332 μόσχος
914 4262 1056 4332 μετά
1089 4261 1312 4332 ἔχθρας,
1355 4261 1498 4315 κατά
1542 4263 1642 4332 τήν
1671 4263 1808 4332 Γρα-

225 4355 360 4424 φήν.
404 4354 514 4406 Καὶ
576 4353 760 4416 πάλιν,
825 4354 1111 4422 Κρείσσων
1156 4352 1312 4422 ὀλίγη
1346 4353 1507 4423 λῆψις
1553 4353 1693 4422 μετά
1729 4354 1810 4406 δι-

2439 3132 2722 3188 IIOMIUA
2764 3130 2946 3186 XCVI.

2377 3243 2452 3297 De
2485 3244 2763 3297 dilectione
2794 3243 3042 3312 proximi.

1981 3357 2297 3415 Proximum
2330 3355 2426 3426 qui
2453 3355 2656 3424 diligit,
2694 3355 2741 3408 is
2767 3369 2825 3408 se
2854 3353 3078 3423 longius
3105 3353 3217 3423 jam
3245 3352 3314 3407 ab
3342 3352 3493 3408 omni

1911 3448 2191 3504 submovit
2229 3455 2478 3516 peccato.
2526 3445 2670 3509 Quin
2711 3445 2817 3499 hoc
2867 3453 2926 3498 ut
2981 3444 3281 3507 faciamus,
3337 3444 3498 3514 jubet

1911 3542 2198 3609 Scriptura
2236 3539 2449 3598 omnis,
2487 3552 2612 3590 cum
2648 3546 2810 3590 vetus
2842 3545 2957 3589 tmn
2987 3552 3129 3590 nova
3181 3553 3193 3588 :
3243 3556 3260 3587 ι
3290 3537 3497 3606 Diliges

1912 3629 2221 3698 proximum
2252 3631 2396 3683 sicut
2431 3629 2665 3697 tcipsum
2690 3628 2753 3680 ³³⁸.
2788 3647 2805 3678 ι
2845 3627 2964 3695 Ipse
2997 3627 3270 3696 siquidem
3306 3629 3493 3682 Dotni-

1911 3737 2018 3774 nus
2052 3721 2370 3774 mandatum
2417 3719 2524 3772 hoc
2555 3718 2743 3772 verbis
2775 3733 2839 3772 ex
2884 3719 3004 3787 lege
3049 3717 3361 3787 desumptis
3401 3717 3496 3773 de-

1909 3812 2142 3866 claravit
2189 3827 2312 3865 esse
2349 3810 2655 3865 secundum
2704 3826 2735 3864 a
2791 3811 2977 3880 primo
3010 3810 3158 3879 quod
3193 3820 3278 3865 est
3310 3812 3380 3866 de
3410 3810 3497 3865 di-

1908 3900 2149 3954 lectione
2200 3901 2316 3954 Dei.
2378 3900 2534 3955 Unde
2589 3909 2645 3954 ct
2689 3901 2964 3956 Jonatban
3019 3902 3202 3957 Saulis
3232 3904 3398 3968 lilius,
3436 3904 3490 3958 id

1909 3991 2124 4060 liquido
2166 4009 2292 4045 cum
2349 4002 2558 4052 nosset.
2610 4007 2724 4060 pra:
2781 4009 2951 4048 uxore
2997 3993 3194 4047 dilexit
3227 3995 3492 4049 Davidem

1907 4082 2108 4137 all‘ectu
2157 4098 2390 4152 prorsus
2428 4083 2673 4136 sincero.
2707 4082 2904 4137 Melior
2930 4085 3081 4139 enim
3120 4101 3288 4154 parva
3317 4086 3491 4155 parti—

1909 4175 2034 4228 cula
2069 4190 2194 4228 cum
2245 4175 2442 4229 timore
2506 4177 2745 4239 Domini,
2787 4193 2953 4246 quant
3011 4177 3258 4231 tltesauri
3310 4176 3491 4245 magni

1909 4263 2116 4331 absque
2148 4263 2362 4317 timore.
2394 4263 2586 4317 Melior
2616 4265 2869 4319 invitatio
2906 4265 2974 4319 ad
3006 4265 3320 4318 convivium
3372 4267 3493 4319 ole-

1911 4370 2057 4418 rum,
2106 4354 2174 4408 ad
2221 4355 2524 4409 amicitiam
2558 4366 2617 4410 et
2662 4358 2916 4426 gratiam,
2993 4373 3156 4426 qualn
3219 4357 3493 4412 ferculum

225 4444 565 4512 καιοσύνης,
617 4443 650 4513 ἢ
704 4444 876 4496 πολλὰ
938 4445 1254 4514 γεννήματα
1328 4445 1468 4514 μετά
1540 4446 1838 4515 ἀδικίαςογ

1913 4448 2200 4502 vitulorum
2249 4462 2376 4501 cum
2428 4448 2740 4511 inimicitia,
2802 4449 2955 4518 juxta
2990 4447 3355 4518 Scripturam.
3387 4449 3495 4503 lte-

231 4553 252 4586 ι
279 4533 570 4604 Κρείσσων
606 4533 800 4602 ψωμὸς
833 4533 956 4603 μεθ’
985 4534 1184 4603 ἡδονῆς
1229 4536 1288 4586 ὲν
1335 4535 1620 4605 εἰρήνῃ,·ἦ
1655 4533 1806 4599 οἶκος

223 4625 444 4696 πλήρης
471 4625 697 4690 ἀγαθῶν
722 4625 864 4694 μετά
895 4625 1099 4694 μάχης.
1127 4643 1146 4676 ι
1166 4625 1337 4694 Φησὶν
1359 4625 1417 4677 δὲ
1446 4625 1540 4678 καὶ
1566 4628 1595 4678 6
1628 4627 1809 4678 Ἰωάν-

221 4732 344 4783 νης,
365 4715 630 4782 Ἀδελφοί,
665 4713 970 4782 ἀγαπῶμεν
995 4713 1258 4783 ἀλλήλους
1278 4715 1360 4766 ὅτι
1397 4715 1424 4766 6
1450 4713 1583 4775 Θεὸς
1615 4715 1804 4786 ἀγάπη

222 4805 399 4861 ἐστίν.
433 4805 566 4873 Καὶ,
604 4806 662 4858 ’0
694 4805 870 4874 μένων
899 4807 957 4857 ὲν
983 4807 1049 4872 τῇ
1080 4805 1294 4875 ἀγάπῃ,
1317 4806 1374 4856 ἐν
1392 4803 1472 4874 τῷ
1490 4805 1609 4874 Θεῴ
1632 4807 1805 4875 μένει.

223 4896 342 4948 Καὶ
389 4894 586 4946 πάλιν·
634 4893 691 4946 '0
727 4892 958 4960 ἀγαπῶν
1005 4892 1096 4944 τόν
1143 4893 1372 4961 ἀδελφὸν
1420 4893 1609 4960 αὑτοῦ,
1641 4897 1698 4946 ὲν
1732 4895 1809 4965 τῷ

225 4989 370 5056 φωτὶ
396 4985 570 5054 μένει,
595 4985 690 5037 καὶ
717 4983 1014 5038 σκάνδαλον
1051 4986 1108 5036 ἐν
1132 4983 1285 5054 αύτῷ
1306 4985 1406 5037 οὐκ
1435 4987 1606 5038 ἐστιν.
1644 4986 1754 5040 Καὶ
1777 4989 1804 5039 6

222 5080 434 5149 Πέτρος
459 5095 474 5109 ·
515 5097 534 5128 ι
569 5078 828 5140 Ἑαυτοὺς
862 5079 920 5130 ὲν
965 5077 1154 5147 ἀγάπῃ
1198 5079 1547 5147 τηρήσωμεν,
1575 5080 1804 5149 προσδε-

220 5169 447 5238 χόμενοι
473 5169 534 5222 τὸ
564 5169 709 5231 ἕλεος
741 5167 837 5220 τοῦ
863 5169 1068 5239 Κυρίου
1092 5169 1252 5238 ήμῶν
1281 5169 1458 5238 Ἰησοῦ
1484 5171 1746 5240 Χριστοῦ.
1779 5193 1798 5224 ι

220 5263 335 5315 Kal
360 5257 542 5324 αὖθιςο
572 5281 590 5313 ι
615 5263 688 5314 Τὸ
716 5263 774 5316 δὲ
805 5263 954 5324 τέλος
983 5262 1079 5330 τῆς
1097 5261 1474 5333 παραγγελίας
1500 5264 1648 5316 ἐστὶν
1669 5265 1803 5330 ἀγά-

229 5367 306 5422 πη
340 5355 404 5405 ὲκ
437 5352 684 5423 καθαράς
739 5352 966 5422 καρδίας
994 5353 1088 5405 καὶ
1119 5354 1478 5424 συνειδήσεως
1515 5354 1748 5424 ἀγαθῆς.
1782 5376 1800 5406 ι

301 5513 343 5541 ’⁷
369 5511 528 5563 Prov.
563 5527 670 5573 XIX,
700 5511 782 5564 10.

230 5596 400 5632 uvtt.
433 5580 516 5634 ιι.
594 5581 638 5610 ³⁸
664 5581 826 5635 Eccli.
872 5599 979 5644 ut,
1013 5583 1099 5636 25.
1179 5582 1218 5611 ³¹
1260 5583 1416 5636 Prov.
1448 5583 1698 5643 “mtil-

228 5649 271 5678 ³⁸
328 5651 440 5702 lae.
483 5667 553 5710 ον,
591 5653 642 5701 ιι.
772 5652 816 5681 ³⁸⁸
847 5652 1006 5704 l‘rov.
1041 5669 1092 5709 λ.
1123 5652 1211 5705 :25.
1335 5651 1375 5680 ³⁷
1409 5651 1541 5707 Luc.
1580 5669 1649 5712 vt.

228 5718 270 5745 ⁸ο
303 5720 461 5773 l'rov.
501 5736 625 5783 χιιι,
666 5721 704 5772 l.
789 5723 824 5751 "
865 5720 975 5776 luto
1005 5721 1156 5776 .Iuda-
1183 5722 1265 5776 Ill.

895 5511 938 5542 "‘
965 5511 1133 5565 Exod.
1170 5528 1274 5574 xw,
1301 5510 1493 5564 ‘25-‘17.
1519 5512 1655 5566 Cum
1693 5523 1851 5568 antea
1899 5516 2098 5584 saepius
2128 5528 2563 5572 murmttrassettl
2594 5535 2691 5585 prt-
2725 5519 2848 5571 cibo
2882 5529 2935 5574 et.
2964 5529 3115 5588 potu.

895 5599 979 5638 χι.
1013 5583 1099 5636 25.
1179 5582 1218 5611 ³¹
1260 5583 1416 5636 Prov.
1448 5583 1698 5638 “mtil-
1796 5586 1838 5614 ³³
1874 5587 2049 5638 Fet-lc.
2085 5604 2174 5638 vu.
2211 5589 2260 5638 7.
2368 5587 2537 5638 "Iuli
2568 5605 2713 5638 xxix.
2745 5591 2834 5638 2.1.
2951 5590 2995 5621 ³⁸
3019 5592 3110 5638 .Ier

1891 5603 1898 5616 '
1918 5601 2049 5639 (ῚτΙΟ.
2085 5604 2174 5639 VII.
2221 5605 2260 5638 Ι.

1873 5627 1932 5686 5“
1950 5627 2307 5720 ιιζὲἰιιί’.”ν,”ἒ;.

1910 4554 2031 4592 rum
2067 4538 2298 4591 :Melior
2342 4553 2520 4607 pauca
2570 4540 2823 4608 acceptio
2876 4555 3002 4594 cum
3053 4541 3289 4610 justitia,
3326 4557 3491 4610 quam

1909 4629 2081 4681 multa
2120 4628 2369 4696 germina
2400 4643 2526 4681 cum
2567 4629 2882 4698 iniquitate.
2921 4648 2939 4680 ι
2967 4629 3161 4684 Melior
3211 4639 3294 4686 est
3350 4631 3491 4684 buc-

1907 4720 2046 4773 cella
2073 4735 2200 4772 cmn
2253 4721 2538 4790 voluptate
2578 4721 2632 4774 in
2687 4737 2845 4790 pace,
2881 4737 3045 4790 quam
3085 4722 3286 4776 domus
3329 4723 3492 4792 plena

1908 4811 2071 4864 bonis
2120 4827 2246 4865 cum
2305 4812 2495 4881 jurgio
2512 4814 2580 4864 “.
2612 4831 2630 4862 ι
2668 4811 2774 4866 Sed
2820 4821 2877 4866 et
2925 4814 3168 4867 Joannes
3199 4831 3212 4865 :
3243 4813 3490 4875 Fratres,

1908 4900 2202 4969 diligamus
2234 4902 2494 4962 invicem,
2526 4903 2653 4972 quia
2695 4904 2840 4958 Deus
2884 4905 3129 4958 cbaritas
3159 4914 3265 4968 est,
3300 4914 3356 4959 et
3393 4905 3491 4974 qui

1911 5001 2098 5047 manet
2151 4993 2206 5047 in
2258 4994 2555 5056 cbaritatc,
2600 4995 2654 5048 in
2684 4996 2796 5050 Deo
2842 5007 3052 5051 manet.
3096 4997 3298 5051 Iterum
3332 5015 3346 5051 :
3380 4997 3488 5063 Qui

1908 5084 2091 5154 diligit
2117 5085 2344 5139 fratrem
2377 5102 2562 5150 suum,
2599 5087 2652 5140 in
2689 5088 2900 5144 lumine
2932 5097 3140 5153 manet,
3171 5098 3228 5143 et
3259 5090 3493 5144 scanda—

1909 5177 2022 5230 lum
2052 5193 2160 5231 non
2195 5187 2279 5232 est
2314 5179 2368 5232 in
2398 5195 2485 5232 eo.
2531 5180 2729 5234 Petrus
2759 5197 3020 5251 quoque:
3063 5201 3080 5232 ι
3109 5181 3493 5251 Nosmetipsos

1909 5267 1965 5320 in
1998 5267 2267 5322 cliaritatc
2307 5284 2612 5330 servemus.
2643 5281 3028 5340 exspectantes
3049 5272 3489 5327 misericordiam

1911 5358 2125 5412 Domini
2187 5359 2362 5413 nostri
2419 5361 2551 5414 Iesu
2611 5361 2948 5417 Christi".t
3003 5363 3259 5420 Rursus:
3293 5365 3491 5420 «Finis

3215 5523 3259 5552 ’³
3313 5521 3485 5577 Ε(“‹·Ιί.

2368 5587 2413 5618 ³³
2436 5589 2537 5639 .Iub
2568 5605 2713 5647 xxix,
2745 5591 2834 5643 2i.
2951 5587 2995 5621 ³⁸
3019 5592 3224 5644 Jcrcm.
3258 5609 3343 5654 sv,
3400 5594 3485 5648 l7.

2404 5657 2638 5712 "licvit.
2679 5675 2784 5725 xix,
2827 5661 2924 5724 l8;
2982 5661 3171 5715 Matth.
3217 5677 3342 5728 tau,
3395 5663 3484 5718 551.
