4178 6424
204 331 336 390 17⁵.ὶῆ

907 326 1228 384 ΙῐιὶΜΙῌΛ
1268 325 1531 383 XCVIII.
1561 347 1625 360 -
1653 323 1748 381 DE
1790 322 2048 382 AMORE
2088 323 2285 381 ERGA
2333 320 2741 380 PAUPERES.

3310 316 3446 378 1730

188 441 446 505 νιυμένην
501 437 828 504 ὲμπλήσης’
894 436 1015 485 τότε
1072 435 1318 485 ἀνατελεί
1367 435 1425 484 έν
1467 431 1544 500 τῷ
1591 433 1772 484 σκότει

1883 431 2226 491 murationis,
2262 441 2319 483 et
2343 430 2566 484 dederis
2617 443 2812 494 panem
2838 425 3130 486 esurienti,
3168 442 3234 479 ex
3267 428 3444 480 anima

187 529 247 577 τὸ
281 526 401 593 φῶς
433 542 525 576 σου
546 563 560 584 ,
596 524 690 575 καὶ
721 522 871 573 ἔσται
903 523 930 572 6
958 520 1090 581 Θεὸς
1124 522 1262 588 μετά
1291 521 1385 572 σοῦ
1413 521 1501 571 διὰ
1530 519 1763 581 παντός’

188 613 286 664 xal
331 611 700 680 ἑμπλησθήσῃ
747 608 1000 675 καθάπερ
1047 609 1308 676 ἐπιθυμεῖ
1338 610 1372 676 ἡ
1406 607 1551 675 ψυχή
1590 623 1704 660 σου.
1745 626 1764 658 »

189 706 304 756 Kal.
337 707 366 756 6
395 703 606 763 Παῦλος
629 718 643 731 ο
701 717 719 751 ι
759 701 822 751 'II
864 699 1186 766 φιλαδελφία
1219 699 1450 766 μενέτω,
1493 699 1591 765 τῆς
1617 699 1769 764 φιλο-

191 796 377 858 ξενίας
433 793 508 863 μὴ
549 789 976 844 ἐπιλανθάνεσθε
1001 807 1014 820 ·
1075 789 1165 842 διὰ
1205 790 1411 856 ταύτης
1440 789 1547 856 γὰρ
1581 789 1770 841 ἔλαθόν

186 902 337 948 τινες
377 885 688 949 ξενίσαντες
720 881 1007 948 ἀγγέλους.
1042 899 1059 929 »
1122 879 1233 932 Καὶ
1265 876 1420 942 αὖθις
1445 894 1457 906 ·
1521 898 1538 929 ι
1577 881 1687 948 Τῆς
1712 881 1771 933 δὲ

191 978 446 1036 εὐποιίας
478 975 573 1027 xal.
602 973 888 1034 κοινωνίας
916 972 989 1040 μὴ
1017 969 1432 1022 ἐπιλανθάνεσθε
1450 987 1463 1000 ο
1495 969 1772 1030 τοιαύταις

189 1070 302 1138 γὰρ
336 1067 550 1127 θυσίαις
580 1064 958 1134 εὐαρεστεῖται
987 1062 1016 1112 6
1039 1060 1190 1121 Θεός.
1216 1079 1236 1111 »
1272 1060 1442 1129 Φησὶν
1471 1061 1527 1113 δὲ
1554 1062 1650 1113 καὶ
1673 1061 1771 1113 ἄλ-

190 1162 316 1222 λος’
382 1178 399 1210 ι
433 1157 704 1221 Φιλόξενοι
751 1154 966 1221 γίνεσθε
1017 1152 1097 1213 εἰς
1140 1152 1429 1220 ἀλλήλους,
1481 1153 1608 1205 ἀνευ
1643 1168 1775 1220 γογ-

190 1246 435 1316 γυσμοῦ.
473 1264 490 1295 »
551 1245 612 1296 Εἰ
659 1243 769 1311 γὰρ
820 1243 852 1308 ὴ
900 1237 1184 1308 προθυμία
1226 1239 1542 1306 πρόκειται,
1593 1236 1716 1289 καθ’
1745 1235 1774 1286 ὃ

189 1339 292 1389 ἐὰν
344 1336 445 1406 ἔχῃ
492 1353 613 1399 τις,
667 1330 1094 1399 εὐπρόσδεκτος,
1147 1329 1210 1379 οὐ
1263 1329 1438 1380 καθ’ὃ
1484 1328 1583 1379 οὐκ
1620 1326 1769 1396 ἔχει·

198 1446 217 1476 ι
255 1430 332 1480 Οὐ
365 1427 478 1496 γὰρ
529 1426 617 1477 ἵνα
662 1424 842 1482 ἄλλοις
889 1419 1106 1481 ἄνεσις,
1155 1419 1284 1487 ὑμῖν
1325 1419 1381 1470 δὲ
1424 1419 1624 1486 θλίψις,
1659 1416 1774 1468 ἀλλ’

195 1519 258 1582 ἐξ
305 1519 554 1587 ίσότητος
605 1516 662 1566 έν
710 1512 790 1583 τῷ
835 1511 929 1563 νῦν
975 1509 1204 1579 καιρῷ.»
1263 1508 1372 1560 Καὶ
1411 1509 1547 1577 πρὴς
1584 1508 1770 1560 Τίτον·

201 1629 218 1658 ι
247 1609 432 1677 Ζηνᾶν
454 1605 545 1656 τὸν
568 1603 791 1670 νομικὸν
816 1603 908 1653 καὶ
934 1601 1179 1653 Ἀπολλὼ
1199 1599 1407 1667 ταχέως
1430 1598 1773 1668 πρόπεμψον,

198 1697 286 1748 ἵνα
344 1694 510 1763 μηδὲν
557 1692 742 1752 αὐτοῖς
791 1691 990 1760 λείπῃ·
1047 1687 1475 1758 μανθανέτωσαν
1506 1686 1564 1740 δὲ
1601 1687 1696 1740 καὶ
1727 1688 1774 1739 οἱ

1879 531 1992 582 tua,
2017 529 2074 572 et
2106 522 2346 572 animam
2365 517 2700 571 exinanitum
2727 516 3060 584 repleveris:
3084 525 3216 569 tunc
3238 514 3450 567 orietur

1879 612 1932 664 in
1970 610 2219 663 tenebris
2251 611 2342 662 lux
2376 619 2491 670 tua,
2525 623 2579 661 et
2606 608 2715 661 erit
2748 607 2893 659 Deus
2915 614 3044 658 tuus
3091 615 3271 660 tecum
3304 618 3453 657 sem.

1878 718 1998 769 per,
2023 711 2078 754 et
2115 701 2435 768 impleberis
2475 701 2619 754 sicut
2656 699 2937 754 desiderat
2994 697 3175 750 anima
3220 705 3311 750 tua
3327 698 3394 748 “.
3427 715 3446 746 »

1878 794 2082 848 Paulus
2118 794 2286 847 item:
2334 810 2350 842 ι
2387 794 2554 846 Amor
2593 789 2960 844 fraternitatis
2992 795 3231 849 maneat,
3268 787 3454 854 hospi-

1879 884 2113 937 talitatis
2140 883 2314 939 nolite
2341 883 2594 937 oblivisci
2618 899 2631 934 :
2655 897 2752 950 per
2781 881 2922 934 hanc
2948 880 3096 932 enim
3123 877 3454 946 placuerunt

1878 974 2125 1041 quidam,
2154 972 2365 1042 angelis
2396 973 2638 1040 hospitio
2664 971 2905 1039 receptis
2921 969 2995 1022 “:
3030 988 3046 1020 ι
3081 966 3456 1036 1182111"—

1880 1079 2006 1118 sus:
2048 1084 2065 1114 ι
2105 1063 2493 1118 Benefieentizn
2544 1070 2601 1114 et
2649 1060 3055 1114 communionis
3086 1060 3255 1112 nolite
3306 1054 3454 1110 obli-

1879 1154 2052 1207 visci:
2090 1155 2294 1208 talibus
2328 1154 2478 1207 enim
2524 1151 2722 1205 hostiis
2766 1159 3113 1218 promeretur
3158 1148 3379 1202 Deus".
3425 1164 3446 1197 »

1880 1243 1985 1296 Sed
2021 1244 2196 1297 alius:
2248 1263 2265 1293 ι
2318 1242 2628 1312 llospilales
2676 1241 2909 1294 invicem
2963 1240 3082 1293 sine
3139 1253 3456 1291 murmura-

1883 1336 2030 1389 tione
2053 1338 2118 1386 “.
2150 1354 2168 1384 »
2202 1334 2256 1387 Si
2284 1334 2432 1387 enim
2452 1334 2707 1386 voluntas
2732 1337 2984 1399 prompta
3011 1335 3117 1390 est,
3150 1327 3453 1380 secundmn

1882 1427 1935 1479 id
1969 1427 2118 1495 quod
2141 1425 2326 1485 habet,
2360 1434 2585 1492 accepta
2617 1432 2723 1485 est,
2753 1437 2862 1474 non
2889 1419 3194 1473 secundum
3225 1417 3277 1471 id
3305 1417 3453 1485 quod

1883 1533 1993 1570 non
2027 1517 2226 1570 habet:
2268 1534 2285 1565 ι
2319 1514 2439 1567 Non
2471 1514 2618 1567 enim
2645 1521 2704 1565 ut
2733 1512 2875 1565 alius
2899 1513 2968 1565 sit
2999 1509 3272 1571 remissio,
3298 1509 3456 1561 vobis

1883 1616 2067 1659 autem
2093 1603 2400 1664 tribulatio,
2417 1601 2510 1654 sed
2532 1617 2599 1654 ex
2626 1602 2942 1668 aequalitate
2965 1600 3018 1653 in
3049 1610 3296 1668 tempore
3317 1612 3456 1666 pne-

1887 1695 2114 1748 senti“.
2158 1712 2174 1742 »
2210 1693 2360 1745 Idem
2385 1690 2450 1744 ad
2481 1690 2704 1744 Titum:
2749 1709 2767 1740 ι
2805 1690 3008 1743 Zenam
3053 1689 3453 1759 legisperitum,

195 1786 490 1855 ἡμέτεροι,
548 1781 730 1835 καλῶν
774 1781 952 1850 ἔργων
1003 1779 1364 1849 προΐστασθαι
1418 1779 1498 1838 εἰς
1541 1779 1637 1837 τὰς
1676 1779 1768 1829 ἀν-

1891 1793 1947 1836 et
1977 1784 2284 1852 Apollinem
2311 1782 2544 1836 sollicite
2570 1781 2871 1848 prannittc,
2907 1789 2967 1833 ιιι
3001 1780 3137 1833 nihil
3158 1770 3266 1834 illis
3285 1781 3453 1844 desit,

197 1877 443 1944 αγκαίας
470 1873 684 1942 χρείας,
723 1872 810 1923 ἵνα
843 1869 918 1939 μὴ
946 1864 1081 1922 ὦσιν
1108 1871 1401 1938 ἄκαρποι.»
1443 1868 1554 1922 Kal.
1580 1868 1774 1920 πάλιν·

203 1987 222 2018 ι
267 1965 602 2028 Ἀσπάζεται
627 1964 771 2032 ὑμᾶς
799 1962 837 2013 Γ
840 1963 979 2024 ἀῐος,
1010 1963 1040 2012 6
1065 1961 1211 2027 ξένος
1239 1977 1363 2028 μου,
1402 1962 1618 2027 καὶτῆς
1653 1960 1777 2011 Ἑκ-

199 2058 307 2125 κλη
319 2055 439 2118 σίας
465 2055 593 2122 ὅλης
620 2071 638 2104 »
661 2069 674 2083 ·
716 2051 840 2106 ἀντὶ
863 2050 956 2102 τοῦ
978 2091 992 2112 ,
1034 2051 1063 2101 6
1093 2050 1367 2119 ξενοδόχος
1397 2051 1636 2102 πάντων.
1670 2049 1780 2102 Kal.

197 2147 229 2197 6
263 2143 469 2213 Κύριος
515 2141 571 2193 δὲ
625 2137 1102 2208 προσκαλούμενος
1156 2137 1293 2205 μετά
1326 2137 1436 2188 τῶν
1471 2137 1779 2206 ὲλεημόνων

201 2237 291 2286 καὶ
343 2233 472 2294 τοὺς
517 2230 863 2298 φιλοξένους,
917 2229 1033 2296 ὲρεί
1073 2227 1208 2295 πρὸς
1240 2227 1470 2289 αὐτούς·
1531 2244 1550 2278 ι
1589 2227 1777 2289 Δεῦτε,

201 2328 251 2377 oi
302 2322 662 2392 εὐλογημένοι
715 2318 811 2372 τοῦ
868 2319 1078 2387 Πατρός
1129 2334 1269 2383 μου,
1330 2318 1778 2388 κληρονομήσατε

205 2417 308 2485 τὴν
342 2412 755 2484 ἡτοιμασμένην
782 2410 910 2477 ὑμῖν
943 2408 1254 2477 βασιλείαν·
1294 2407 1444 2474 ξένος
1475 2409 1582 2477 γὰρ
1607 2410 1776 2477 ήμην,

205 2509 300 2560 καὶ
356 2502 703 2572 συνηγάγετέ
743 2516 851 2570 με·
914 2498 1179 2552 ὲπείνασα
1204 2537 1219 2561 ,
1269 2499 1366 2551 καὶ
1407 2497 1647 2551 ἐδώκατέ
1690 2515 1780 2566 μοι

203 2597 433 2663 φαγεῐνσ
493 2593 744 2660 ἐδίψησα,
782 2589 878 2641 καὶ
911 2589 1201 2642 ἐποτίσατέ
1235 2601 1333 2655 με·
1373 2587 1577 2656 γυμνὸς
1605 2588 1778 2654 ήμην,

202 2686 298 2737 καὶ
327 2682 686 2752 περιεϐάλετέ
719 2697 806 2749 με.
835 2698 852 2730 »
892 2679 1054 2749 Αὐτῷ
1086 2681 1120 2748 ή
1149 2678 1279 2744 δόξα
1313 2679 1394 2740 είς
1421 2679 1550 2740 τοὺς
1576 2677 1781 2740 αίῶνας

204 2775 318 2828 τῶν
351 2773 586 2827 αἰώνων.
631 2772 689 2824 ’Δ
698 2772 827 2840 μήν.

806 2968 1026 3022 Aere}:
1057 2963 1179 3032 ur.

693 3082 833 3150 Περὶ
863 3080 1294 3150 φιλοπτωχίης.

290 3205 358 3257 Ἦ
394 3198 739 3271 φιλοπτωχία
773 3196 870 3250 καὶ
902 3197 936 3265 ή
975 3193 1257 3262 φιλοξενία
1303 3192 1398 3246 δύο
1430 3191 1617 3245 κλάδοι
1646 3191 1784 3244 εἰσὶν

203 3296 308 3361 τῆς
344 3293 600 3362 πιότητος
627 3291 725 3358 τῆς
758 3287 974 3349 ἐλαίας,
1009 3282 1076 3356 ἦς
1105 3287 1132 3338 6
1160 3284 1370 3353 καρπὸς
1402 3282 1617 3352 μυρίζει
1644 3281 1782 3334 πάν·

205 3404 308 3448 τας
331 3424 346 3448 ,
401 3383 461 3447 ἐξ
499 3379 568 3452 ἦς
615 3379 903 3446 ἀλείφεται
941 3379 970 3430 6
1007 3377 1211 3446 Κύριος
1244 3375 1343 3442 τὴν
1373 3373 1650 3441 κεφαλήν,
1691 3371 1785 3422 καὶ

205 3478 340 3537 τοὺς
384 3475 581 3535 πόδας,
638 3472 733 3524 καὶ
774 3469 1163 3539 ἀνταμείϐεται
1205 3467 1295 3519 τὸν
1337 3466 1648 3532 ἀλείφοντα,
1684 3463 1785 3533 βα-

209 3567 423 3619 σιλείαν
463 3562 726 3632 οὐρανῶν.
763 3563 822 3613 Ὀ
864 3559 972 3629 γὰρ
1013 3557 1156 3611 οὕτω
1211 3556 1550 3624 φιλόπτωχος
1588 3555 1778 3608 ἀκούει

206 3657 306 3711 τοῦ
364 3656 611 3723 λέγοντος
632 3668 647 3683 ⁸
697 3671 716 3704 ι
739 3648 1128 3720 Ἐλεημοσύναι
1162 3647 1254 3699 καὶ
1286 3648 1467 3705 πίστις
1501 3637 1576 3714 μὴ
1607 3643 1778 3696 ἐκλει-

221 3747 478 3800 πέτωσάν
507 3745 660 3798 σε.Ἀ
672 3745 843 3812 φαψαι
872 3743 929 3794 δὲ
959 3741 1127 3800 αὐτὰς
1158 3740 1251 3790 ἐπὶ
1281 3737 1358 3806 σῷ
1381 3736 1658 3807 τραχήλῳ,
1694 3735 1788 3788 καὶ

211 3839 470 3906 εὑρήσεις
497 3835 678 3903 χάριν.
707 3853 725 3884 »
747 3862 815 3875 -ι-
849 3850 866 3881 ι
895 3830 1133 3900 Προνοοῦ
1160 3829 1303 3882 καλά
1328 3827 1556 3879 ἐνώπιον
1580 3825 1786 3894 Κυρίου

211 3929 312 3979 καὶ
346 3925 673 3995 ἀνθρώπων.
698 3941 716 3975 »
741 3921 880 3975 Καί·
909 3939 928 3971 ι
971 3921 1114 3972 ’0δοὶ
1139 3919 1382 3978 δικαίων,
1416 3915 1617 3984 ὁμοίως
1647 3914 1788 3982 φωτὶ

210 4019 544 4085 λάμπουσιν.
581 4011 1023 4083 Ιιροπορεύονται
1057 4009 1152 4061 καὶ
1182 4007 1508 4075 φωτίζουσιν
1533 4005 1637 4066 ἓως
1664 4021 1788 4056 κατ-

209 4105 435 4177 ορθὼσῃ
466 4106 500 4174 ή
535 4103 792 4171 ἡμέραμι»
863 4099 1199 4153 Ἐντέλλεται
1228 4096 1286 4148 δὲ
1319 4097 1412 4148 καὶ
1445 4095 1473 4147 6
1500 4094 1663 4163 νόμος
1696 4093 1785 4145 λέ-

209 4211 360 4263 γων·
399 4213 416 4245 ι
442 4195 699 4259 ’Δνοίγων
729 4188 962 4253 ἀνοίξεις
992 4191 1093 4251 τὰς
1124 4187 1312 4258 χεῖράς
1341 4202 1435 4237 σου
1469 4185 1546 4255 τῷ
1575 4184 1784 4251 πένητι,

210 4287 301 4336 ἵνα
356 4284 431 4351 μὴ
477 4281 742 4350 βοήσηται
794 4278 938 4331 κατὰ
981 4277 1077 4328 σοῦ
1127 4276 1266 4346 πρὸς
1307 4275 1572 4344 Κύριον.»
1630 4274 1689 4328 Ὀ
1729 4275 1787 4327 δὲ

1885 1876 2101 1929 discant
2131 1884 2314 1927 autem
2347 1881 2404 1927 et
2433 1872 2629 1936 nostri,
2649 1872 2812 1925 bonis
2834 1873 3100 1940 operibus
3129 1887 3367 1940 prmesse
3385 1873 3453 1925 ad

1886 1981 2019 2019 usus
2051 1964 2415 2027 necessarios,
2451 1972 2510 2016 ut
2540 1979 2651 2015 non
2677 1964 2790 2016 sint
2835 1962 3166 2015 infructuosi
3188 1962 3255 2014 “'.
3292 1980 3309 2011 »
3341 1961 3455 2015 lte—

1882 2071 2002 2108 rum
2026 2072 2039 2106 :
2071 2073 2088 2105 ι
2119 2053 2335 2108 Salutat
2359 2069 2458 2106 vos
2487 2051 2654 2106 Caius
2678 2053 2882 2121 hospes
2919 2067 3076 2106 meus
3102 2061 3158 2105 et
3180 2052 3454 2107 universa:

1880 2146 2218 2206 Ecclesiae“,
2257 2163 2275 2194 »
2308 2159 2407 2212 pro
2431 2160 2501 2198 eo
2547 2144 2696 2213 quod
2721 2153 2827 2206 est,
2855 2152 3120 2211 cxceptor
3173 2143 3454 2212 hospitum

1881 2235 2152 2287 omnium.
2183 2233 2452 2287 Dominus
2479 2249 2704 2304 quoque
2749 2250 2856 2287 una
2906 2249 3032 2286 cum
3077 2234 3458 2304 eleemosynas

1883 2324 2648 2393 conferentibusperegrinos
2682 2325 2778 2392 qui
2812 2323 3116 2392 excipiunt,
3146 2324 3453 2380 advocans.

1884 2414 2160 2468 dicturum
2201 2430 2258 2468 se
2287 2414 2610 2482 pronuntiat
2633 2431 2646 2467 :
2679 2432 2696 2463 ι
2724 2415 2942 2476 Venite,
2970 2413 3248 2467 benedicti
3276 2414 3457 2468 Patris

1885 2503 2012 2566 mei,
2069 2503 2348 2571 possidete
2403 2513 2654 2571 paratum
2702 2503 2863 2555 vobis
2930 2517 3158 2571 regnum
3196 2520 3211 2555 :
3246 2502 3455 2571 hospes

1881 2591 2029 2643 enim
2059 2606 2230 2653 cram,
2262 2599 2319 2642 et
2352 2589 2657 2659 collegistis
2692 2605 2799 2651 me,
2842 2590 3074 2653 esurivi,
3117 2599 3176 2643 et
3221 2589 3458 2645 dedistis

1884 2680 2018 2733 mihi
2051 2680 2429 2734 manducare:
2472 2679 2622 2734 silivi
2671 2689 2727 2734 et
2760 2681 2993 2735 dedistis
3038 2678 3189 2735 mihi
3226 2681 3453 2736 bibere:

1883 2770 2066 2824 nudus
2096 2785 2271 2832 eram,
2319 2779 2375 2824 et
2423 2770 2730 2840 operuistis
2764 2773 2935 2826 me".
2969 2791 2986 2823 »
3030 2772 3137 2841 Ipsi
3189 2771 3363 2842 gloria
3398 2770 3456 2825 in

1884 2859 2104 2914 saecula.
2135 2860 2329 2914 Amen.

2387 2971 2677 3028 IIOMILIA
2715 2973 2948 3029 XCVIII.

1809 3093 1852 3148 C
2082 3085 2157 3138 De
2192 3102 2371 3139 amore
2394 3095 2442 3138 et
2470 3086 2554 3154 pio
2598 3088 2785 3155 απεσιιι
2821 3102 2948 3155 erga
2979 3103 3262 3156 pauperes.

1956 3199 2274 3267 Propensus
2301 3197 2388 3250 ille
2434 3199 2488 3251 in
2525 3213 2794 3266 pauperes
2827 3206 2883 3250 et
2928 3199 3252 3266 peregrinos
3280 3214 3455 3265 amor,

1884 3304 2073 3342 ramus
2105 3297 2339 3356 uterque
2375 3287 2578 3340 bifidus
2599 3297 2683 3340 est
2711 3288 3064 3356 pinguedinis
3087 3289 3267 3343 olivae:
3293 3293 3454 3357 cujus

1886 3380 2175 3448 utriusque
2207 3377 2424 3431 fructus
2459 3377 2682 3445 myrrha
2707 3392 2967 3446 perquam
2985 3392 3154 3431 suave
3185 3378 3455 3448 fragranti

1885 3467 2170 3537 perfundit
2195 3466 2508 3524 universos,
2540 3466 2699 3534 cujus
2720 3466 3011 3533 aspergine
3031 3465 3164 3518 sivit
3189 3467 3459 3520 Dominus

1885 3557 1991 3610 sibi
2029 3555 2221 3625 inungi
2252 3563 2309 3608 et
2340 3561 2505 3622 caput
2546 3562 2604 3607 et
2635 3554 2888 3623 pedes".
2910 3554 3016 3608 Sed
3035 3563 3090 3609 et
3123 3555 3273 3610 hunc
3294 3573 3458 3612 suum

1886 3648 2234 3699 inunctorem
2286 3646 2490 3698 vicaria
2538 3645 2795 3698 mercede
2857 3646 3194 3715 repignerat,
3255 3665 3458 3720 nempe

1886 3753 2055 3806 regno
2079 3737 2344 3790 cmlorum
2379 3737 2540 3788 talem
2574 3735 2853 3804 dignatur.
2883 3737 3117 3791 Prorsus
3150 3754 3456 3807 pauperum

1884 3836 2149 3881 amatura
2178 3827 2413 3879 Domino
2453 3833 2801 3894 promeretur
2829 3825 3048 3879 audire:
3097 3845 3114 3878 ι
3149 3827 3462 3883 Μῆδοι-ἱροτ-

1884 3917 1974 3970 dia
2002 3927 2058 3970 et
2093 3915 2230 3969 fides
2252 3931 2363 3968 non
2402 3925 2452 3968 te
2486 3915 2763 3977 deserant,
2789 3917 2946 3984 alliga
2972 3931 3067 3969 eas
3089 3918 3232 3970 collo
3257 3926 3375 3978 tuo,
3403 3929 3460 3972 et

1886 4005 2137 4058 invenies
2163 4005 2393 4073 gratiam
2411 4005 2478 4056 ⁶⁹.
2518 4022 2534 4052 »
2596 4004 2695 4057 Et:
2735 4025 2751 4054 ι
2784 4005 3017 4059 Provide
3071 4006 3215 4059 bona
3271 4023 3461 4061 coram

1886 4095 2122 4149 Domino
2148 4095 2629 4148 ethominibus".
2667 4114 2684 4145 »
2727 4095 2827 4148 Et:
2872 4114 2890 4146 ι
2927 4097 3040 4150 Vise
3079 4099 3356 4166 iustorum
3399 4108 3457 4152 ut

1884 4183 1977 4236 lux
2004 4183 2316 4249 splendent,
2352 4184 2774 4254 procedantque
2813 4195 2869 4238 et
2921 4185 3238 4241 illuminant
3282 4190 3464 4244 donec

1887 4273 2171 4326 illuccscat
2200 4273 2405 4326 dies“.
2441 4291 2460 4323 »
2524 4273 2743 4327 Mandat
2775 4284 2956 4328 autem
2994 4285 3050 4329 et
3094 4278 3181 4331 lex
3229 4279 3456 4334 dicens:

213 4371 663 4440 ΙΙαροιμιαστής·
729 4387 746 4418 ι
789 4367 942 4436 Ζωὴν
975 4364 1071 4418 τοῦ
1103 4364 1318 4433 πτωχοῦ
1370 4366 1444 4432 μὴ
1475 4366 1778 4434 ἀποστερή-

1895 4381 1913 4412 ι
1951 4363 2221 4430 Aperiens
2251 4363 2468 4431 aperies
2489 4379 2686 4417 manus
2725 4373 2847 4419 tuas
2883 4368 3112 4436 pauperi
3147 4377 3208 4421 ut
3237 4385 3305 4424 ne
3344 4372 3458 4424 cla-

211 4477 337 4532 σῃς.
371 4479 391 4510 »
455 4461 600 4512 Καίο
665 4477 683 4509 ι
723 4457 918 4525 Ψυχὴν
949 4453 1222 4507 πεινῶσαν
1257 4455 1332 4522 μὴ
1359 4454 1641 4523 λυπήσῃς,
1687 4454 1782 4506 καὶ

211 4549 568 4619 παρελκύσης
612 4549 762 4602 δόσιν
807 4533 1191 4614 ἐπιδεομένου,
1243 4544 1428 4611 ἱκέτην
1466 4543 1782 4613 θλιϐόμενον

212 4640 292 4707 μὴ
318 4641 642 4703 ἀπαναίνου,
676 4639 770 4691 καὶ
804 4637 879 4707 μὴ
905 4635 1257 4706 ἀποστρέψεις
1284 4633 1346 4684 τὸ
1371 4632 1662 4702 πρόσωπόν
1687 4650 1781 4684 σου

207 4730 321 4784 ἀπὸ
347 4730 629 4798 πτωχοῦ.»
669 4730 776 4781 Kal.
804 4728 966 4783 πάλιν
987 4742 1001 4755 ’
1057 4745 1074 4776 ι
1104 4727 1183 4794 Τῇ
1213 4725 1359 4792 ψυχῇ
1384 4723 1550 4776 αὐτοῦ
1579 4725 1781 4790 ἀγαθον

208 4820 360 4870 ποιεῖ
399 4819 543 4888 ἀνὴρ
586 4819 842 4886 ἐλεήμων
864 4857 876 4879 ,
935 4815 1186 4881 έξόλλυσι
1219 4813 1273 4864 δὲ
1312 4813 1372 4864 τὸ
1400 4813 1595 4866 ἑαυτοῦ
1623 4815 1781 4883 σῶμα

206 4905 550 4974 ἀνελεήμων.
576 4925 594 4956 »
636 4905 745 4957 Καὶ
773 4908 801 4956 6
830 4903 1115 4974 προφήτης
1157 4904 1332 4970 Ὡσηέ³
1354 4921 1372 4951 ι
1399 4902 1664 4972 Σπείρατε
1703 4902 1780 4963 είς

205 4996 598 5064 δικαιοσύνην,
652 4996 750 5049 καὶ
791 4995 971 5058 ἔλεον,
1015 4993 1111 5048 καὶ
1139 4997 1316 5064 κρῖμα
1345 4995 1646 5063 φυλάσσου,
1686 4993 1781 5046 καὶ

207 5088 402 5154 ἐγγιζε
436 5088 573 5156 πρὸς
596 5086 687 5139 τὸν
713 5085 848 5138 Θεόν
873 5103 965 5137 σου
997 5085 1086 5138 διὰ
1112 5085 1364 5146 παντός.»
1399 5086 1509 5138 Καὶ
1533 5087 1561 5137 6
1583 5084 1782 5154 Δανιὴλ

206 5176 287 5245 τῷ
313 5176 804 5246 Ναϐουχοδονόσωρ
827 5193 842 5209 ο
873 5195 892 5227 ι
912 5175 976 5228 Ἦ
1012 5174 1174 5244 βουλή
1206 5193 1331 5245 μου,
1362 5175 1546 5245 φησιν,
1581 5177 1782 5245 ἀρεσά-

204 5284 287 5320 τω
317 5283 424 5331 σοι,
459 5265 704 5336 βασιλεῦ,
731 5266 831 5328 τὰς
858 5267 1138 5336 ἁμαρτίας
1165 5283 1259 5318 σου
1294 5267 1353 5318 ὲν
1380 5266 1779 5335 ὲλεημοσύναις

209 5355 512 5424 λύτρωσαι,
549 5355 642 5407 καὶ
670 5355 768 5417 τὰς
796 5355 1007 5416 ἀδικίας
1040 5370 1160 5415 σου,
1193 5357 1250 5406 ὲν
1279 5355 1586 5422 οἰκτιρμοίς
1614 5359 1777 5408 πενή-

280 5541 327 5571 ⁶⁶
363 5537 465 5591 Isa.
498 5553 551 5597 κ,
581 5536 666 5590 Η.

211 5611 255 5644 ⁸⁸
285 5610 444 5662 Rern.
476 5624 584 5666 xw.
608 5606 695 5659 25.

213 5681 254 5710 ⁷⁸
281 5680 441 5732 Prov.
479 5692 553 5730 tv.
579 5675 628 5728 8.

775 5536 814 5567 "
850 5535 1016 5589 llebr.
1047 5550 1165 5595 xm.
1209 5533 1318 5595 l3.
1422 5533 1466 5563 "
1504 5534 1636 5588 ibid.
1662 5535 1743 5588 16.

809 5606 849 5634 ⁸⁷
878 5605 1068 5658 Matth.
1111 5619 1232 5667 xxv,
1275 5605 1364 5666 54,
1396 5602 1484 5656 53.

740 5675 784 5705 ⁷³
810 5675 965 5727 Deut.
1001 5689 1085 5728 xv.
1122 5674 1175 5726 8.
1283 5674 1325 5702 ⁷³
1350 5673 1518 5727 Eeeli.
1583 5690 1655 5735 Iv,
1690 5675 1735 5727 I.

1598 5606 1643 5635 “
1694 5605 1826 5657 Luc.
1889 5621 1987 5666 vn,
2033 5608 2097 5659 57
2134 5623 2288 5676 seqq.

1890 4463 2004 4506 met
2024 4461 2216 4506 contra
2257 4461 2307 4505 te
2331 4453 2396 4505 ad
2423 4453 2716 4508 Dominum
2742 4457 2807 4508 ⁷⁵.
2847 4474 2866 4506 »
2891 4457 3281 4513 Parmmiastes
3304 4477 3457 4515 vero:

1894 4565 1912 4596 ι
1949 4545 2127 4599 Vitam
2161 4547 2421 4614 pauperis
2445 4562 2513 4600 ne
2546 4548 2925 4602 defraudes".
2962 4568 2980 4601 »
3011 4549 3112 4603 Et:
3153 4570 3170 4601 ι
3205 4553 3460 4608 Animam

1887 4637 2193 4690 esurientis
2215 4653 2284 4690 ne
2306 4638 2739 4702 contristaveris,
2765 4650 2820 4693 et
2842 4657 2910 4694 ne
2933 4645 3232 4696 retraxeris
3250 4644 3464 4699 donum

1887 4730 1956 4781 ab
1991 4729 2309 4797 indigente:
2344 4729 2610 4784 famulum
2638 4731 2896 4786 amictum
2932 4749 3001 4786 ne
3032 4734 3281 4801 abjieias,
3313 4746 3368 4790 et
3389 4754 3464 4791 ne

1886 4827 2107 4871 avertas
2167 4818 2361 4872 faciem
2412 4830 2562 4874 tuam
2621 4837 2651 4875 a
2708 4838 2951 4891 paupere
2988 4825 3065 4878 ⁷⁸.
3127 4844 3146 4872 ι
3215 4826 3459 4883 lterum:

1891 4927 1907 4956 ι
1931 4907 2143 4962 Anima:
2165 4925 2277 4963 sua:
2301 4911 2577 4965 benefacit
2601 4911 3037 4978 virmisericors,
3067 4917 3250 4984 perdit
3273 4928 3465 4973 autem.

1884 5012 2048 5051 suum
2106 5014 2312 5069 corpus
2365 5001 2845 5057 immisericors".
2885 5022 2903 5055 ι
2962 5005 3234 5074 Propheta
3281 5007 3462 5062 Osee:

1890 5105 1907 5136 ι
1942 5086 2164 5142 Semina
2199 5089 2254 5142 in
2299 5091 2516 5159 justitia
2561 5093 3024 5158 misericordiam,
3082 5105 3138 5149 et
3186 5097 3463 5165 judicium

1885 5178 2130 5241 custodi,
2150 5188 2205 5233 et
2229 5182 2611 5250 appmpinqua
2637 5182 2704 5235 ad
2726 5183 2896 5237 Deum
2923 5194 3076 5238 tuum
3102 5191 3402 5255 semper".
3433 5209 3457 5240 »

1889 5269 2078 5323 Daniel
2108 5286 2328 5339 quoque
2386 5272 2900 5330 Nabuchodonosor
2942 5277 3052 5330 ait:
3099 5296 3121 5329 ι
3149 5277 3463 5336 Consilium

1888 5375 2072 5413 ιιιρυιιι
2099 5362 2314 5430 placeat
2343 5363 2464 5428 tibi,
2494 5378 2527 5417 ο
2547 5381 2640 5419 rex
2681 5383 2693 5418 :
2727 5375 2949 5436 peccata
2977 5374 3069 5422 tua
3088 5369 3461 5441 eleemosynis

1852 5534 1897 5565 ⁸³
1928 5536 1945 5588 1
1973 5537 2118 5590 Petr.
2141 5536 2286 5599 tv,9.
2391 5539 2434 5568 “
2461 5538 2502 5592 II
2542 5539 2670 5593 Cor.
2698 5557 2814 5601 vnl.
2850 5543 2938 5596 I5.

2401 5609 2444 5638 ⁶⁹
2475 5609 2633 5662 Prov.
2670 5627 2747 5675 Ill,
2773 5612 2824 5666 3.

2236 5679 2280 5708 ’³
2310 5677 2468 5731 Prov.
2508 5694 2582 5738 xi,
2621 5681 2702 5733 I7.

3039 5544 3083 5573 "‘
3116 5543 3221 5597 Tit.
3258 5547 3454 5611 "1,15.

2969 5613 3012 5643 ⁷⁸
3035 5614 3076 5667 II
3106 5615 3230 5667 Cor.
3279 5633 3336 5680 ιι,
3371 5617 3450 5671 ιὲ.

1851 5676 2029 5728 “ibid
2075 5677 2130 5731 9..
2236 5679 2280 5708 ’³
2310 5677 2468 5731 Prov.
2508 5694 2582 5738 λι,
2621 5681 2702 5733 I7.
2807 5683 2852 5712 "
2889 5683 3046 5736 Osee.
3079 5699 3132 5749 τ,
3164 5685 3248 5738 1‘2.
