4178 6424
699 206 721 224 \

726 337 854 397 1731

1984 338 2345 397 ANTIOCHI
2404 342 2744 401 MUNACIII

3863 344 4005 408 1732

723 444 958 503 redime,
993 451 1048 495 et
1077 442 1404 511 iniquitates
1429 453 1552 497 tuas
1576 445 1630 497 in
1663 445 2067 498 niiserieordiis
2100 464 2297 515 paupe-

2402 470 2565 504 των.»
2608 455 2719 505 Καὶ
2748 456 2776 505 ό
2806 453 2994 507 Δαυῖδ’
3044 474 3060 504 ι
3086 452 3471 524 Ἐσκόρπισεν,
3502 456 3705 508 ἔδωκεν
3740 459 3859 518 τοῖς

722 547 844 584 rum
868 535 964 585 ".i
998 534 1166 585 David
1194 550 1207 585 :
1237 553 1254 582 ι
1280 534 1552 601 Dispersit
1573 574 1587 595 ,
1622 534 1777 587 dedit
1808 537 2300 605 pauperihus,jns-

723 623 840 675 titia
898 623 1020 689 ejus
1089 632 1274 675 manet
1350 622 1402 673 in
1462 623 1723 674 swculum
1774 624 2052 682 saeculi".
2098 643 2115 674 ι
2182 626 2296 681 Et:

727 730 745 761 ι
774 712 963 779 Diligit
1019 711 1455 764 misericordiam
1510 720 1568 765 et
1612 711 1883 781 judicium
1913 714 2156 766 l)eus""'.
2194 734 2299 763 p—

726 829 744 859 ι
781 810 980 862 Ileatus
1004 808 1172 877 igitur
1190 808 1282 876 qui
1305 808 1565 877 intelligit
1582 824 1749 876 super
1767 818 2070 877 egennmet
2091 826 2299 878 paupe-

720 918 835 955 rem
858 905 922 964 ⁷⁹,
952 904 1004 955 in
1031 903 1122 954 die
1140 902 1287 954 enim
1317 903 1456 953 mala
1486 901 1889 954 liberabiteum
1915 902 2175 955 Dominus
2192 904 2292 956 ⁸⁸.»

717 994 1094 1061 Jobinsuper:
1136 992 1347 1061 1183
1377 1011 1393 1042 ι
1431 991 1585 1057 Quod
1624 992 1666 1044 si
1706 992 1927 1061 permisi
1968 994 2296 1046 imlu-eillem

720 1083 904 1151 egredi
929 1084 1153 1151 jannam
1182 1098 1355 1134 meam
1385 1082 1508 1133 sinu
1536 1097 1710 1134 vacuo
1730 1081 1828 1135 ⁸⁸.)
1853 1081 2029 1133 Alius:
2063 1080 2296 1135 «lnclina

720 1194 912 1231 autem
934 1185 1095 1229 .tnam
1132 1176 1198 1228 ad
1228 1191 1552 1243 pauperem,
1585 1184 1642 1229 et
1666 1177 1938 1243 responde
1971 1176 2020 1229 ei
2070 1176 2296 1244 pacifica

723 1269 775 1321 in
805 1266 1229 1320 mansuetudine
1257 1284 1271 1330 ;
1308 1268 1455 1319 omni
1490 1269 1855 1334 eleemosyna:
1878 1266 2042 1319 facito
2073 1268 2254 1318 locum
2280 1287 2293 1321 :

719 1356 1103 1425 unusquisque
1131 1356 1279 1409 enim
1306 1355 1791 1421 secundumopera
1817 1369 1914 1407 sua
1936 1354 2288 1408 ’nveniet".i

721 1445 997 1499 Etilerum
1018 1462 1060 1495 :c
1079 1446 1180 1510 Qui
1205 1438 1787 1513 miscreturpauperis,
1809 1446 1925 1513 ipse
1942 1447 2290 1499 enutrietur:

719 1552 917 1603 panem
943 1537 1091 1588 enim
1120 1552 1277 1587 suum
1306 1534 1458 1587 dedit
1486 1536 1713 1604 pauperi
1747 1555 1759 1590 :
1794 1537 1886 1602 qui
1919 1537 2009 1588 dat
2040 1539 2297 1605 pauperi-

722 1628 846 1691 bus,
867 1643 975 1679 non
1008 1627 1249 1695 patietur
1278 1629 1566 1696 penuriam
1587 1629 1650 1679 ⁸⁴³.
1705 1645 1722 1676 ι
1762 1626 1964 1679 lterum
1991 1644 2003 1679 :
2052 1647 2068 1676 ι
2099 1628 2291 1679 Omnia

720 1732 1061 1785 quzeeunque
1082 1726 1261 1783 potest
1285 1732 1480 1769 manus
1504 1726 1593 1768 tua
1619 1715 1801 1768 facere
1824 1733 1837 1779 ,
1865 1728 2292 1783 quantacunque

2402 559 2558 609 νησιν
2580 582 2593 604 ,
2719 543 3036 613 δικαιοσύνη
3069 544 3233 596 αὐτοῦ
3271 546 3421 613 μένει
3453 548 3531 607 εἰς
3560 545 3651 597 τὸν
3682 546 3865 597 αἰῶνα
3896 544 3995 596 τοῦ

2402 631 2615 691 αἰῶνος.
2651 651 2668 681 ι
2706 634 2848 685 Καί·
2890 653 2906 684 ι
2933 635 3147 703 ’Λγαπᾷ
3190 637 3564 703 ἐλεημοσύνην
3606 638 3703 689 καὶ
3739 637 3933 708 κρίσιν
3969 640 3993 689 ό

2404 722 2659 789 Κύριος.»
2686 752 2752 761 -—
2779 742 2795 772 ι
2818 725 3104 793 Μακάριος
3125 722 3217 778 οὖν
3239 728 3267 777 ό
3298 728 3494 779 συνιὼν
3516 729 3608 779 ἐπὶ
3638 730 3866 795 πτωχὴν
3896 730 3991 779 καὶ

2402 813 2627 880 πένητα.
2656 833 2673 863 ι
2696 845 2759 852 —
2780 834 2796 864 ι
2822 816 2911 868 Ἐν
2938 816 3121 885 ἡμέρᾳ
3149 819 3359 886 πονηρᾷ
3383 819 3603 887 ῥύσεται
3630 819 3801 871 αὐτὸν
3828 819 3857 867 ό
3882 818 3988 869 Κύ-

2404 923 2534 973 ριος.
2563 924 2581 953 ι
2623 907 2679 958 ’0
2709 906 2762 957 δὲ
2798 907 2920 958 Ἰὼϐ
2952 924 3117 976 φησιν
3138 925 3151 937 ·
3176 926 3193 957 ι
3225 908 3286 959 Εἰ
3312 910 3367 960 δὲ
3400 926 3494 960 και
3522 910 3687 963 εἴασα
3715 908 3987 961 ἀδύνατον

2400 997 2642 1061 ἐξελθεῖν
2678 996 2778 1066 τὴν
2813 997 2984 1066 θύραν
3016 1016 3117 1067 μου
3150 998 3335 1066 κόλπῳ
3365 998 3525 1068 κενῷ.
3554 1018 3571 1049 ι
3634 1001 3749 1051 Καὶ
3782 1000 3982 1060 ἄλλος·

2400 1090 2592 1141 κλῖνον
2616 1090 2676 1141 τὸ
2697 1086 2787 1151 οὖς
2814 1107 2908 1140 σον
2936 1089 3158 1159 πτωχῷ,
3186 1091 3277 1141 καὶ
3299 1091 3628 1160 ἁποκρίθητι
3650 1090 3807 1159 αὐτῷ
3829 1092 3985 1158 εἰρη-

2398 1182 2543 1242 νικὰ,
2582 1181 2638 1230 ἐν
2668 1181 2935 1249 πραότητι
2963 1182 3056 1232 καὶ
3083 1181 3233 1251 πάσῃ
3257 1180 3597 1250 ἐλεημοσύνη
3632 1182 3874 1249 ποίησον
3905 1182 3985 1231 τό·

2400 1289 2518 1323 πον.
2572 1271 2842 1331 Ἕκαστος
2888 1273 2996 1339 γάρ
3040 1270 3181 1322 κατὰ
3215 1272 3280 1322 τὰ
3312 1271 3448 1339 ἔργα
3478 1271 3643 1321 αὐτοῦ
3677 1273 3933 1339 εὑρήσει,
3959 1288 3977 1321 ι

2400 1366 2509 1418 Καὶ
2533 1360 2716 1426 αὖθις·
2746 1383 2764 1413 ‹
2787 1364 2845 1415 Ὀ
2874 1363 3040 1414 ἐλεῶν
3065 1363 3301 1431 πτωχὸν,
3329 1363 3489 1424 αὐτὸς
3511 1363 3976 1431 διατραφήσεται·

2396 1457 2486 1507 τὸν
2519 1456 2623 1523 γὰρ
2655 1455 2847 1508 ἐαυτιῦ
2873 1457 3035 1524 ἄρτον
3067 1455 3267 1506 ἔδωκεν
3310 1456 3385 1523 τῷ
3426 1455 3759 1523 πτωχιῖ›.Ὂς
3791 1456 3981 1506 δίδωσι

2398 1549 2655 1614 πτωχοῖς,
2689 1546 2786 1597 οὐκ
2822 1545 3225 1614 ἐνδεηθήσεται.
3257 1564 3274 1595 ι
3336 1545 3443 1595 Καὶ
3478 1546 3675 1596 πάλιν·
3739 1564 3756 1595 ι
3793 1545 3979 1596 Πάντα

2393 1636 2493 1687 ὅσα
2520 1636 2619 1706 ἔχῃ
2649 1638 2681 1704 ἡ
2706 1637 2826 1705 χείρ
2857 1653 2951 1687 σου
2984 1637 3179 1696 ποιεῖν,
3205 1635 3303 1703 δση
3326 1634 3553 1703 δύναμίς
3580 1652 3698 1695 σου,
3722 1638 3976 1704 ποίησον·

2395 1728 2459 1794 τῇ
2508 1725 2653 1795 ψυχῇ
2702 1726 2866 1778 αὐτοῦ
2914 1727 3240 1792 ἀ-γαθοποιεῖ
3286 1728 3427 1795 ἀνὴρ
3468 1727 3787 1794 ἐλεήμων.»
3848 1729 3977 1787 Καὶ,

720 1807 965 1874 suppetit
1002 1806 1100 1858 tibi
1133 1806 1386 1867 facultas,
1420 1805 1671 1858 facito“.
1705 1805 1914 1857 Animae
1961 1820 2074 1859 sua:
2124 1806 2293 1857 henc-

2402 1832 2419 1862 ι
2457 1814 2691 1879 Εὐλογία
2726 1815 2931 1882 Κυρίου
2984 1817 3064 1875 εἰς
3100 1814 3344 1884 κεφαλὴν
3387 1812 3482 1866 τοῦ
3515 1815 3929 1882 μεταδιδόντος.
3956 1836 3973 1865 ι

721 1898 853 1951 facit
889 1899 974 1950 vir
1005 1897 1325 1950 misericors
1342 1900 1410 1949 “.
1444 1914 1465 1947 ιι
1517 1898 1612 1950 Et:
1656 1917 1671 1945 ι
1710 1897 2031 1949 ltenedictio
2078 1897 2293 1950 Domini

721 2005 889 2057 super
934 1998 1102 2055 caput
1154 1989 1627 2041 distribuentis“.
1677 2007 1693 2037 ι
1742 1988 1844 2041 Et:
1904 2008 1921 2038 ι
1966 1988 2294 2055 Redemptio

722 2080 917 2133 aniuue
950 2079 1077 2142 viri,
1099 2080 1309 2133 divitia:
1346 2079 1582 2147 propri:e
1602 2083 1666 2130 η’.
1686 2098 1702 2127 ι
1729 2078 1797 2132 Et
1823 2094 1834 2127 ε
1874 2097 1891 2127 ι
1917 2078 2295 2148 lileemosynis

723 2182 779 2223 et
806 2171 910 2223 lide
938 2181 1245 2240 purgantur
1270 2180 1494 2239 peccata
1512 2171 1579 2222 “.
1616 2189 1633 2219 ι
1666 2170 1732 2222 lit
1763 2190 1773 2221 :
1803 2188 1820 2218 ι
1860 2170 1961 2233 Qui
2000 2170 2296 2222 miseretur

725 2260 1005 2328 pauperis,
1041 2260 1324 2313 feneratur
1373 2260 1484 2311 Deo
1521 2276 1533 2311 :
1571 2260 1874 2310 secundum
1919 2259 2122 2310 donum
2178 2260 2298 2326 ejus

721 2351 1063 2402 retribuetnr
1110 2351 1249 2402 ei”.
1294 2369 1311 2399 ι
1360 2349 1567 2400 llonutn
1614 2349 1782 2415 igitur
1832 2348 2021 2410 fuerit,
2065 2349 2296 2412 quasita

719 2443 887 2495 etiam
931 2442 1169 2510 propriis
1252 2442 1544 2494 laboribus
1588 2456 1709 2507 quat
1770 2439 1870 2492 tibi
1920 2438 2297 2506 suppeditavit

719 2532 885 2589 Deus.
918 2532 973 2584 in
1005 2548 1137 2585 usus
1166 2534 1413 2600 inopum,
1457 2529 1695 2583 candido
1749 2544 1811 2581 ae
1839 2528 2076 2597 simplici
2108 2529 2295 2582 animo

720 2622 1035 2691 dispertiri:
1063 2632 1314 2675 neutram
1339 2622 1391 2674 in
1423 2632 1634 2689 partem
1667 2621 2000 2683 vaeillando,
2036 2620 2126 2673 cui
2163 2620 2295 2673 dare

720 2712 955 2777 debeas,
990 2714 1079 2765 cui
1107 2714 1234 2764 item
1262 2730 1370 2766 non
1394 2730 1405 2757 τ
1436 2712 1562 2765 Vult
1581 2712 1726 2764 enim
1748 2712 1913 2772 Dens,
1935 2710 1987 2762 in
2006 2725 2297 2764 commune

721 2804 988 2857 onmibus
1016 2811 1074 2856 ut
1123 2804 1220 2857 des
1272 2818 1338 2855 ex
1390 2802 1632 2872 propriis
1660 2801 1840 2854 donis.
1906 2801 2024 2853 Non
2086 2802 2203 2853 vult
2238 2811 2298 2855 ut

722 2895 1505 2963 tluctuansdisceptestecum,
1541 2894 1629 2947 cui
1650 2893 1854 2945 debeas
1877 2892 2029 2954 dare,
2068 2892 2157 2945 cui
2188 2907 2297 2945 non

721 2986 875 3039 item.
913 2984 1028 3038 lloc
1055 2986 1200 3038 enim
1239 3000 1441 3037 tunnus
1465 2982 1717 3051 obsequii
1766 2982 1819 3036 in
1862 2998 2160 3050 pauperem
2185 2982 2299 3034 col-

719 3076 815 3129 lati
839 3091 963 3129 eum
987 3075 1158 3129 animi
1187 3075 1430 3129 candore
1458 3072 1796 3135 confectum,
1823 3073 2120 3141 plurimum
2152 3072 2296 3125 obti-
2322 3114 2365 3170 ο

719 3175 815 3220 net
842 3167 987 3235 apud
1022 3167 1195 3219 Deum
1229 3166 1439 3234 glorize.
1473 3164 1608 3218 Nam
1638 3163 1732 3232 qui
1766 3163 1903 3216 nihil
1944 3162 2149 3215 dubius
2196 3162 2292 3215 sed

719 3255 954 3324 simplici
977 3256 1163 3307 animo
1190 3254 1271 3306 sic
1307 3253 1658 3306 administrat
1682 3252 1933 3321 pauperi,
1968 3251 2075 3304 Deo
2100 3251 2291 3319 utique

720 3344 890 3397 vivet.
923 3345 1066 3397 Sane
1096 3344 1359 3396 eximium
1390 3343 1651 3411 quiddam
1677 3351 1761 3394 est
1785 3342 1973 3405 homo,
2010 3350 2068 3394 et
2090 3342 2300 3409 pretio-

722 3449 817 3486 sus
844 3433 929 3485 vir
954 3433 1298 3485 misericors.
1325 3432 1645 3500 Apostolus:
1682 3450 1699 3481 ι
1730 3432 1833 3495 Qui
1864 3446 2026 3499 parce
2043 3431 2300 3493 seminat,

724 3539 887 3592 parce
905 3534 961 3578 et
1003 3534 1197 3587 metet,
1228 3534 1280 3577 et
1309 3524 1404 3592 qui
1441 3524 1677 3576 seminat
1712 3523 1763 3575 in
1800 3521 2298 3584 benedictionibus,

722 3617 792 3669 de
829 3616 1315 3669 benedictionibus
1336 3623 1394 3667 et
1418 3623 1587 3667 metet
1608 3614 1675 3667 ’°.
1718 3630 1736 3661 ι
1775 3611 2030 3665 luducit:
2077 3629 2094 3659 ι
2124 3611 2301 3664 Mace-

722 3706 891 3759 donia
917 3715 1105 3759 autem
1153 3714 1209 3759 et
1265 3706 1473 3759 Achaia
1520 3705 1899 3773 probaverunt
1946 3702 2296 3756 collationem

723 3797 961 3863 aliquam
984 3795 1241 3849 facerein
1282 3810 1551 3863 pauperes
1580 3804 1903 3848 sanctorum
1931 3794 2024 3861 qui
2069 3802 2197 3845 sunt
2240 3793 2293 3845 in

721 3886 1109 3939 Jerusalem".
1147 3904 1164 3934 ι
1204 3886 1469 3938 Dominus
1501 3883 1806 3937 etiamnum
1850 3885 1959 3936 ait:
2011 3901 2028 3932 ι
2064 3883 2294 3936 Vcndite

723 3990 844 4044 qure
873 3975 1187 4043 possidetis,
1214 3985 1269 4028 et
1300 3976 1425 4029 date
1456 3976 1859 4044 eleemosynam
1884 3994 1893 4025 :
1923 3975 2084 4026 facite
2137 3974 2292 4026 vobis

724 4068 974 4119 saecMos
996 4066 1087 4135 qui
1119 4083 1226 4119 nou
1264 4076 1635 4127 veterascunt,
1668 4067 1984 4119 thesaurum
2011 4080 2121 4117 non
2152 4065 2290 4119 deti-

2401 1902 2506 1954 Καί
2530 1920 2541 1933 ο
2583 1922 2600 1953 ι
2628 1904 2836 1971 Λύτρον
2862 1903 3039 1972 ψυχῆς
3064 1904 3259 1972 ἀνδρὸς
3292 1904 3320 1954 ὁ
3353 1904 3480 1967 ἴδιος
3509 1904 3764 1967 πλοῦτος.
3795 1924 3814 1955 ι
3844 1908 3975 1965 Καὶ,

2403 2009 2420 2040 ι
2445 1991 2870 2060 Ὶαζλεηειοσύναις
2902 1994 2995 2044 καὶ
3023 1993 3271 2044 πίστεσιν
3297 1994 3773 2061 ἀποκαθαίρονται
3803 1997 3981 2063 ἁμαρ-

2394 2081 2507 2132 τίαι
2529 2120 2543 2141 ,
2602 2082 2697 2133 καλ⁸
2749 2085 2778 2134 ὁ
2817 2082 2981 2134 ἐλεῶν
3016 2083 3233 2151 πτωχὸν
3263 2081 3497 2146 δανείζει
3526 2085 3644 2154 Θεῷ
3666 2125 3682 2148 ,
3742 2087 3889 2137 κατὰ
3923 2086 3977 2136 δέ

2396 2171 2457 2222 τὸ
2484 2172 2624 2239 δόμα
2655 2172 2820 2223 αὐτοῦ
2856 2174 3356 2242 ἀνταποδοθήσεται
3386 2174 3554 2243 αὐτῷ.
3586 2194 3604 2224 ι
3666 2174 3855 2226 Καλὸν
3887 2171 3977 2226 οὖν

2397 2262 2544 2311 ἐστιν
2597 2261 2660 2310 ἐκ
2707 2260 2815 2311 τῶν
2865 2260 3012 2311 ἰδίων
3059 2261 3246 2312 κόπων
3296 2256 3371 2312 ὧν
3405 2262 3591 2323 όθεὸς
3623 2267 3971 2334 ἐπιχορηγεῖ,

2400 2348 2568 2395 πᾶσιν
2598 2345 2725 2395 ὐστε
2738 2347 3020 2414 ρονμένοις
3047 2348 3314 2416 παρέχειν
3342 2348 3557 2412 ἁπλῶς,
3598 2352 3766 2418 μηδὲν
3794 2353 3974 2403 διστά-

2398 2436 2580 2497 ζοντα,
2617 2437 2722 2486 τίνι
2751 2435 2877 2504 δῷς,
2912 2438 3019 2488 τίνι
3057 2439 3130 2505 μὴ
3160 2439 3287 2508 δῷς.
3331 2441 3502 2493 Πᾶσιν
3534 2442 3638 2509 γὰρ
3674 2444 3703 2493 ὁ
3730 2442 3868 2503 Θεός
3898 2441 3973 2491 δί-

2396 2525 2578 2578 δοσθαι
2608 2525 2752 2577 θέλει
2777 2528 2839 2577 ὲκ
2863 2528 2975 2579 τῶν
3004 2528 3147 2579 ἰδίων
3171 2528 3533 2597 δωρημάτων,
3550 2531 3643 2583 καὶ
3666 2532 3744 2599 μὴ
3761 2531 3974 2582 διακεῖ-

2398 2634 2486 2667 ναι.
2538 2618 2643 2668 τίνι
2687 2617 2761 2686 δῷ
2813 2617 2845 2686 ἢ
2890 2618 2995 2669 τίνι
3045 2618 3119 2687 μὴ
3163 2619 3257 2688 δῷ.
3309 2622 3372 2671 ἸΙ
3406 2622 3515 2690 γὰρ
3555 2621 3807 2674 διακονία
3836 2640 3971 2691 αὐτη

2398 2706 2583 2767 ἁπλῶς
2629 2706 2943 2758 τελεσθεῖσα
2962 2747 2975 2770 ,
3021 2707 3231 2769 ἔνδοξος
3279 2709 3513 2777 ὑπάρχει
3544 2710 3697 2778 παρὰ
3727 2711 3808 2780 τῷ
3832 2711 3971 2781 Θεῷ.

2399 2799 2507 2849 Καὶ
2539 2798 2736 2861 οὕτως,
2774 2798 2959 2861 ἁπλῶς
2990 2799 3252 2851 διακονῶν
3279 2801 3397 2869 Θεῷ
3423 2801 3669 2869 ζήσεται.
3697 2802 3857 2868 Μέγα
3882 2803 3975 2856 οὖν

2399 2888 2686 2957 ἄνθρωπος
2706 2926 2721 2947 ,
2773 2892 2864 2941 καὶ
2896 2891 3076 2956 τίμιον
3107 2890 3249 2959 ἀνὴρ
3280 2890 3553 2961 ἐλεήμων.
3606 2894 3714 2945 Καὶ
3743 2894 3773 2944 ὀ
3810 2895 3971 2946 Ἀπό-

2402 2979 2585 3039 στολος
2619 2978 2780 3029 τοῦτο
2808 2979 2882 3030 δέ·
2928 2979 3027 3041 ιηύ
3060 2980 3303 3048 σπείρων
3334 2981 3687 3048 φειδομένως,
3722 2983 3975 3051 φειδομέο

2400 3086 2504 3129 »ως
2540 3069 2631 3120 καὶ
2662 3067 2895 3136 θερίσει·
2930 3069 3023 3119 καὶ
3044 3070 3073 3119 ό
3098 3069 3338 3133 σπείρων
3366 3070 3453 3121 ἐπ’
3475 3071 3751 3137 εὐλογίας,
3778 3072 3866 3124 ἐπ’
3887 3074 3975 3124 εὐο

2401 3158 2588 3224 λογίας
2623 3158 2719 3210 καὶ
2746 3157 3005 3227 θερίσει.»
3053 3158 3161 3209 Καὶ
3190 3160 3413 3225 ἐπάγει·
3468 3180 3485 3210 ι
3520 3162 3838 3214 Μακεδονία
3865 3163 3975 3231 γὰρ

2401 3252 2495 3303 καὶ
2537 3250 2729 3317 Ἀχαΐα
2785 3251 3096 3318 ηὐδόκησαν
3142 3251 3429 3304 κοινωνίαν
3470 3254 3592 3303 τ.νὰ
3639 3255 3974 3322 ποιήσασθαι

2398 3342 2477 3403 εἰς
2511 3342 2636 3401 τοὺς
2673 3341 2924 3409 πτωχοὺς
2956 3341 3064 3392 τῶν
3094 3342 3266 3408 ἁγίων
3300 3343 3407 3393 τῶν
3439 3345 3497 3395 ἐν
3535 3344 3918 3414 Ἰερουσαλήμ.
3950 3365 3969 3394 ι

2412 3433 2470 3484 ὐ
2497 3433 2553 3484 δὲ
2585 3432 2815 3501 Κύριος⁶
2864 3451 2881 3481 ι
2913 3432 3202 3501 Πωλήσατε
3234 3433 3299 3484 τὰ
3326 3434 3639 3502 ὑπάρχοντα
3670 3437 3850 3503 ὑμῶν,
3881 3437 3976 3488 καὶ

2399 3525 2517 3575 δότε
2545 3523 2917 3592 ἐλεημοσύνην
2933 3539 2946 3552 ·
2973 3528 3232 3592 ποιήσατε
3256 3526 3469 3582 ἑαυτοῖς
3494 3525 3761 3594 βαλάντια
3784 3528 3859 3595 μὴ
3883 3546 3976 3579 πα-

2396 3615 2695 3684 λαιούμενα
2715 3653 2729 3675 ,
2772 3613 3043 3682 θησαυρὸν
3074 3615 3433 3667 ἀνέκλειπτον
3465 3619 3522 3666 ἐν
3550 3621 3664 3679 τοῖς
3695 3618 3973 3685 οὐρανοῖς.

2401 3706 2576 3757 Ὅπου
2602 3706 2711 3771 γάρ
2741 3706 2889 3755 ἐστιν
2914 3705 2941 3755 ὁ
2967 3705 3237 3773 θησαυρὸς
3268 3706 3444 3773 ὑμῶν,
3467 3708 3584 3757 ἐκεῖ
3608 3709 3702 3757 καὶ
3724 3710 3757 3772 ὴ
3779 3708 3976 3776 καρδία

2400 3797 2550 3863 ὑμῶν
2582 3796 2757 3847 ἔσται.
2790 3812 2807 3844 ι
2855 3794 3034 3858 Ἀλλὰ,
3072 3813 3091 3844 ι
3131 3796 3435 3864 Προσέχετε
3464 3797 3563 3864 τὴν
3594 3797 3975 3866 ἐλεημοσύνην

2398 3887 2554 3954 ὑμῶν
2596 3885 2673 3954 μὴ
2706 3888 2884 3939 ποιεῖν
2915 3886 3225 3954 ἔμπροσθεν
3254 3887 3361 3939 τῶν
3388 3887 3719 3956 ἀνθρώπων,
3746 3890 3889 3959 πρὸς
3916 3891 3979 3942 τὸ

2395 3978 2657 4043 θεαθῆναι
2705 3977 2911 4039 αὐτοῖς.
2953 3996 2974 4029 ι
3026 3977 3186 4046 Αὐτῷ
3233 3978 3267 4046 ή
3310 3978 3441 4042 δόξα
3468 3978 3545 4039 εις
3571 3978 3703 4040 τοὺς
3747 3980 3977 4041 αἰῶνας.

2408 4069 2461 4118 ’Δ
2473 4070 2605 4135 μήν.

722 4157 960 4209 cientem
986 4157 1039 4208 in
1070 4156 1256 4209 caelis;
1307 4155 1398 4208 ubi
1442 4155 1590 4206 enim
1649 4164 1735 4207 est
1787 4154 2080 4207 thesaurus
2127 4164 2327 4213 vester,
2369 4156 2479 4208 illic
2502 4156 2608 4208 erit
2631 4164 2686 4208 et
2724 4170 2818 4209 eor
2872 4155 3194 4209 vestrum“.
3226 4171 3243 4203 ι
3289 4153 3394 4208 Sed
3421 4138 3512 4208 et:
3548 4174 3565 4205 ι
3599 4157 3888 4213 Attendite
3910 4173 3977 4213 ne

723 4250 1126 4317 elcemosynam
1157 4258 1393 4302 vestram
1416 4245 1635 4299 faciatis
1679 4261 1863 4298 eoratn
1891 4244 2209 4299 hominibus
2243 4256 2303 4299 ut
2336 4247 2627 4301 videamini
2649 4248 2717 4301 ab
2743 4248 2824 4301 eis
2839 4247 2902 4299 ”.
2930 4265 2949 4298 ι
2980 4245 3087 4307 Ipsi
3110 4245 3279 4306 gloria
3310 4245 3365 4297 in
3389 4247 3609 4301 secula.
3631 4252 3835 4303 Amen.

1251 4357 1535 4411 IIOMILIA
1572 4355 1757 4409 XCIX.

1284 4467 1362 4520 De
1400 4468 1726 4520 visitulioue.

794 4578 1043 4633 Visitatio
1085 4577 1499 4631 eontuberualis
1532 4585 1589 4629 et
1635 4575 1866 4630 conviva
1910 4586 1995 4631 est
2029 4578 2289 4646 propensi

3006 4358 3224 4411 ΛΟΓΟΣ
3260 4357 3343 4423 ιιθ

2778 4472 2919 4539 Περὶ
2954 4470 3063 4524 τοῦ
3086 4471 3579 4526 ἐπισκέπτεσθαι.

2469 4584 2633 4651 Καὶή
2675 4582 2962 4648 ἐπίσκεψις
2999 4581 3307 4648 ὀμόσκηνος
3351 4582 3445 4632 καὶ
3477 4582 3792 4650 ὁμοδίαιτος
3826 4587 3974 4637 ἐστιν

729 4673 780 4724 in
820 4671 1137 4741 peregrinos
1170 4684 1548 4739 pauperesqne
1584 4669 1788 4722 amoris
1819 4685 1882 4721 ac
1916 4669 2289 4737 benignitatis.

2399 4673 2495 4742 τῆς
2522 4672 2843 4740 φιλοξενίας,
2873 4672 2968 4722 καὶ
2996 4670 3093 4739 τῆς
3117 4670 3507 4738 φιλοπτωχίας.
3542 4690 3559 4722 ι
3589 4674 3835 4741 Σχοινίον
3868 4678 3975 4747 γὰρ

727 4764 868 4815 Sane
904 4779 916 4813 :
950 4780 967 4810 ι
1002 4760 1304 4813 Funieulus
1353 4760 1547 4828 triplex
1596 4758 1815 4812 dillicilc
1854 4760 2130 4827 rumpitur
2152 4760 2228 4823 “;
2270 4778 2287 4810 ι

727 4854 860 4921 quin
894 4851 1097 4912 verius,
1135 4849 1476 4902 triluminare
1512 4849 1899 4903 candelabrum
1931 4865 2031 4903 suo
2070 4864 2165 4902 eos
2192 4850 2301 4902 eir-

729 4943 1095 4999 cumfundens
1126 4951 1182 4993 et
1227 4939 1506 4993 illustrans
1552 4940 1844 5008 splendore
1875 4939 1966 5007 qui
2018 4940 2298 5008 proximos

729 5034 986 5086 deamant
1032 5031 1345 5094 sinceriter,
1376 5030 1581 5099 quique
1609 5031 1854 5083 laborum
1889 5040 2017 5083 sunt
2054 5032 2296 5083 toleran-

731 5122 946 5183 tissimi,
980 5137 1043 5175 ac
1085 5120 1226 5173 viam
1258 5120 1450 5173 iisdem
1499 5129 1834 5189 praestruens
1863 5128 2081 5172 rectave
2125 5118 2300 5172 dedu-

729 5233 860 5269 cens
889 5215 954 5267 ad
984 5215 1148 5266 vitam
1172 5220 1455 5265 aeternam.
1476 5213 1564 5265 Ait
1590 5213 1766 5265 enim:
1803 5231 1819 5260 ι
1846 5211 2051 5279 llospes
2071 5226 2221 5264 eram
2246 5220 2300 5263 et

730 5307 1028 5375 collegistis
1060 5320 1164 5368 me,
1194 5304 1400 5359 esurivi
1444 5313 1500 5358 et
1528 5304 1752 5374 pavistis
1778 5318 1885 5368 me,
1916 5302 2169 5358 infirmus
2219 5303 2298 5357 fui

811 5528 852 5559 "
878 5528 1011 5581 Dan.
1052 5543 1125 5590 tv,
1162 5527 1250 5581 ΕΗ.
1327 5526 1368 5555 ⁷³
1392 5526 1529 5578 Psal.
1560 5540 1631 5589 Cl,
1656 5524 1707 5577 θ.

738 5600 783 5629 "‘
807 5599 939 5649 Tuli.
970 5615 1039 5659 tv,
1072 5599 1121 5648 '7.
1200 5599 1245 5626 ‘“
1280 5596 1411 5648 ibid.
1447 5599 1596 5647 8-10.
1673 5594 1716 5623 ⁸⁵
1736 5594 1896 5645 Prov.
1920 5609 1992 5651 χι,
2030 5594 2110 5643 I7.

739 5685 849 5729 xix,
896 5668 976 5718 17.
1088 5668 1131 5695 "°
1194 5667 1230 5719 ΙΙ
1286 5668 1393 5717 ιξηι-
1435 5683 1507 5727 Ix,
1537 5668 1589 5717 ti.
1703 5665 1743 5695 "
1789 5664 1945 5715 llum.
1987 5681 2074 5723 μ’,
2107 5663 2194 5713 :16.

1788 5524 1829 5553 ⁷³
1862 5523 2003 5575 Psal.
2040 5540 2206 5583 xxx”,
2242 5523 2291 5573 li.

2366 5522 2411 5552 “
2439 5521 2579 5575 I‘sal.
2611 5535 2695 5579 XL,
2725 5520 2781 5573 ‘2.

2189 5594 2234 5623 ⁸⁶
2260 5593 2418 5644 l‘rov.
2447 5608 2497 5648 κ,
2521 5594 2572 5642 ti.

2298 5663 2341 5693 ν’
2383 5661 2630 5722 l.ur.\u,
2681 5661 2770 5723 55,
2803 5661 2889 5713 58.

2400 4763 2641 4834 ἕντριτὸν
2674 4763 2822 4814 ἐστιν
2870 4760 3129 4830 ἀρῤαγές·
3161 4779 3179 4810 ι
3216 4759 3418 4828 μᾶλλον
3454 4762 3511 4813 δέ
3537 4762 3730 4831 λυχνία
3769 4768 3975 4833 τρῖφω-

2396 4873 2508 4917 τος,
2559 4853 2978 4924 περιλάμπουσα
3023 4854 3136 4913 τοῖς
3180 4851 3579 4919 φιλοπλονσίοις
3620 4860 3715 4906 καὶ
3752 4857 3975 4923 φιλοττό⁸

2396 4961 2528 5005 νοις,
2572 4945 2668 4995 καὶ
2706 4941 2980 5009 ὁδηγοῦσα
3025 4943 3105 5004 είς
3153 4941 3372 4994 αἰώνιον
3415 4942 3581 5011 ζωήν.
3624 4964 3641 4994 ι
3667 4946 3835 5010 Ξένος
3867 4950 3977 5015 γὰρ

2399 5034 2568 5101 ἥμην,
2627 5036 2813 5103 φησὶν,
2872 5034 2966 5085 καὶ
3018 5032 3360 5102 συνηγάγετέ
3405 5050 3506 5102 με·
3559 5036 3852 5103 ἐπείνασα,
3882 5041 3975 5091 καὶ

2398 5125 2665 5193 ἐθρέψατὲ
2700 5140 2802 5193 με·
2831 5124 3127 5193 ἠσθένησα,
3171 5126 3267 5176 καὶ
3295 5124 3676 5193 ἐπεσκέψασθὲ
3717 5147 3809 5198 με.
3850 5150 3870 5183 ι
3915 5133 3976 5185 Ὀ

2401 5212 2494 5264 οὐν
2520 5212 2983 5281 ἐπισκεπτόμενος
3012 5214 3139 5274 τούς
3177 5215 3234 5264 ἐν
3263 5214 3617 5284 ἀρρωστίαις,
3648 5219 3680 5288 ἢ
3719 5222 3779 5271 ὲν
3805 5222 3975 5289 cpula-

2404 5304 2613 5373 καῖ;,ῆ
2665 5305 2721 5355 ἐν
2770 5303 3064 5372 ἀνάγκαις,
3121 5304 3211 5357 τὸν
3254 5304 3322 5356 δι’
3371 5308 3526 5376 ἡμᾶς
3573 5310 3971 5379 πτωχεύσαντα

2648 5535 2695 5579 ι..
2725 5520 2781 5573 ‘2.
2890 5520 2934 5551 ⁸¹
2994 5521 3097 5575 Job
3150 5539 3297 5587 xxxi,
3329 5525 3417 5580 52.
3521 5526 3565 5560 ⁸¹
3594 5530 3764 5586 Eccli.
3806 5548 3877 5586 tv.
3921 5533 3976 5585 8.

2647 5590 2692 5621 87
2717 5592 2854 5621 υ-Λυ
2903 5606 2995 5621 sn--
3059 5592 3089 5621 Ω
3184 5594 3230 5621 ιιι
3260 5595 3395 5621 0......
3450 5614 3513 5621 ..-.
3558 5600 3626 5621 n9
3729 5602 3773 5621 ιι
3815 5603 3907 5621 ηε-

2681 5592 2875 5644 ’Prov.
2903 5606 3021 5651 xm,
3058 5592 3108 5643 8.
3184 5594 3230 5623 ⁸⁸
3260 5595 3415 5647 Prov.
3450 5600 3649 5655 “.27.
3729 5602 3773 5632 "’
3814 5603 3975 5655 [διον.

2681 5661 2770 5723 55,
2803 5661 2889 5713 58.
2968 5663 3012 5693 ⁵³
3047 5662 3233 5715 Matth.
3270 5679 3341 5727 vi,
3379 5667 3424 5719 t.
3498 5668 3542 5697 "
3568 5669 3750 5725 l-Iccle.
3787 5675 3972 5730 ιν.Ι.ι.
