4178 6424
208 380 350 442 1733

1163 379 1486 438 ΙΙΟΜΙΗΛ
1531 379 1736 438 XCIX.
1769 404 1832 413 —
1866 380 1964 440 DE
1999 379 2511 440 VlSlTATlONE.

3325 379 3460 443 1734

200 499 338 549 θεὸν
371 497 544 562 Λόγον
581 495 997 555 ὲπισκέπτετσι,
1049 494 1232 555 καθὼς
1281 495 1446 556 αὐτὸς
1487 496 1777 564 μαρτυρεῖ,

1892 505 1948 548 et
1978 495 2214 549 visitatis
2241 512 2325 548 me
2353 495 2418 547 “.
2455 515 2473 546 ι
2510 493 2612 560 Qui
2645 494 2811 563 igitur
2838 505 3089 564 :egrotos,
3124 505 3219 550 aut
3243 513 3464 554 carcere

201 590 327 641 Ὀτι
351 589 405 641 δὲ
434 589 594 640 καλὸν
621 588 680 639 τὸ
701 585 1129 640 ἐπισκέπτεσθαι
1148 586 1441 655 ὀρφανοὺς,
1467 585 1562 636 καὶ
1588 585 1781 654 χήρας,

201 681 260 730 ἐν
292 683 359 748 τῇ
393 680 570 747 θλίψει
600 679 800 740 αὐτῶν,
849 679 944 731 καὶ
981 678 1344 738 πολυτέκνους
1385 676 1646 746 πένητας,
1679 676 1783 744 μάο

200 771 361 822 λιστα
383 771 438 822 δὲ
475 770 692 838 πρῶτον
723 771 818 822 καὶ
846 771 972 828 τοὺς
1003 769 1236 827 οἰκείους
1259 769 1356 835 τῆς
1386 767 1644 829 πίστεως,
1679 767 1784 817 πᾶ-

203 879 291 913 σιν
344 861 582 930 πρόδηλα
631 862 724 913 καὶ
769 861 1137 930 ἁναντίρῤητά
1189 861 1355 910 ἐστιν.
1404 859 1527 910 Ὀτι
1579 857 1636 910 δὲ
1693 859 1786 910 καὶ

201 951 368 1004 τοῦτο
397 954 560 1006 καλὸν
587 955 680 1006 καὶ
710 952 984 1020 ὠφέλιμον
1015 955 1079 1021 τῇ
1115 953 1173 1003 ὲν
1216 949 1437 1020 Χριστῷ
1465 947 1784 1018 ἀδελφότητι

200 1045 336 1104 τοὺς
396 1044 787 1112 δαιμονιῶντας
851 1039 1312 1101 ἐπισκέπτεσθαι.
1378 1041 1472 1092 καὶ
1534 1037 1786 1108 εὔχεσθαι

201 1134 395 1185 Etim
436 1123 632 1186 αὐτῶν
665 1133 831 1202 εὐχὴν
862 1132 941 1194 τῷ
980 1131 1100 1201 Θεῷ
1141 1132 1512 1201 ἀρέσκουσαν,
1558 1130 1780 1192 πιστῶς.

203 1227 302 1276 καί
349 1224 426 1293 μὴ
484 1226 548 1276 ἐκ
599 1223 902 1286 συνθέσεως
949 1224 1121 1290 λόγων
1176 1222 1420 1286 πολλῶν,
1471 1221 1503 1290 ἢ
1557 1219 1786 1289 μελέτας

203 1315 554 1383 έξορκισμῶν
589 1316 724 1384 πρὸς
766 1314 1026 1378 ἐπίδειξιν
1071 1313 1617 1382 ἀνθρωπαρεσκείας,
1651 1311 1786 1380 πρὸς

202 1404 268 1456 τὸ
297 1405 535 1472 φανῆναι
568 1404 848 1466 εὐλάλους,
876 1404 909 1470 ἦ
941 1404 1221 1471 μνήμονας
1242 1404 1410 1471 ἡμᾶς,
1442 1401 1597 1468 δίκην
1621 1400 1784 1452 αὐλοῦ

203 1494 476 1562 ἡχοῦντας
532 1494 667 1564 πρὸς
719 1493 845 1549 τοὺς
889 1491 1332 1561 ὲνεργουμένους,
1383 1489 1649 1560 φλυαρίας
1698 1490 1789 1542 καὶ

206 1583 595 1650 βαττολογίας,
641 1585 734 1635 καὶ
787 1583 888 1635 οὐκ
943 1584 1002 1633 ὲν
1047 1583 1228 1634 πίστει
1276 1581 1561 1650 ἀληθείας,
1610 1579 1789 1643 καθὼς

204 1673 450 1739 ἐδίδαξεν
479 1676 508 1725 ό
539 1673 744 1742 Κύριος
768 1690 784 1706 ·
828 1673 987 1726 τοῦτο
1019 1672 1127 1740 γάρ
1166 1687 1349 1738 φησιν·
1391 1691 1408 1722 ι
1445 1671 1518 1724 Τὸ
1543 1673 1699 1734 γένος
1731 1673 1789 1723 ὲν

203 1766 487 1832 προσευχῇ
510 1765 740 1824 έκτενεί,
774 1765 869 1816 καὶ
911 1765 1092 1816 πίστει
1119 1764 1258 1831 μετὰ
1281 1761 1553 1830 νηστείας,
1574 1761 1788 1830 ἐξέρχε-

202 1871 318 1908 ται.
351 1873 371 1905 ι
419 1854 715 1921 Νηφόντως
748 1853 842 1906 οὖν
878 1855 969 1906 τὸν
1015 1853 1291 1922 κάμνοντα
1336 1853 1784 1920 ἐπισκεψώμεθα,
1824 1843 1860 1895 li

200 1944 282 2008 ῶς
309 1946 369 1996 εν
399 1944 672 2012 πνεύματι
704 1942 1106 2005 ταπεινώσεως.
1140 1943 1319 1995 Καλὸν
1361 1939 1455 1995 οὗν
1488 1943 1551 1995 τὸ
1579 1958 1781 2008 συγκο-

204 2035 343 2106 πιᾷν
372 2037 487 2094 τοῖς
517 2036 819 2102 κάμνουσιν
843 2033 1114 2102 ἀδελφοῖς,
1151 2034 1225 2095 ὡς
1265 2035 1496 2102 εἴρηται,
1524 2032 1591 2084 δι’
1614 2032 1785 2099 ἀγρυ-

204 2123 407 2189 πνιῶν,
447 2125 542 2176 καὶ
585 2123 868 2194 νηστειῶν,
917 2125 1010 2176 καὶ
1037 2123 1214 2193 εὐχῶν
1260 2120 1785 2192 ὰδιαλείπτων.Ἐρο

204 2214 344 2285 βάθη
372 2215 485 2284 γὰρ
515 2214 623 2266 ὑπὸ
669 2213 764 2265 τοῦ
799 2214 1028 2282 Κυρίου,
1058 2231 1076 2263 ι
1113 2213 1376 2277 Δαιμόνια
1415 2210 1727 2272 ἐκόἀλλετε,
1760 2229 1778 2262 ι

208 2303 354 2374 μετὰ
402 2303 644 2356 καὶτῶν
691 2302 868 2355 ἄλλων
915 2302 1152 2355 ίάσεων·
1214 2319 1234 2352 ε
1266 2301 1488 2369 Δωρεὰν
1538 2299 1781 2361 ἐλάϐετε,

203 2393 422 2461 δωρεὰν
466 2393 605 2446 δότε.
643 2411 661 2443 ι
721 2394 907 2446 Πάντα
949 2393 1006 2445 δὲ
1065 2392 1454 2461 εὐσχημόνως,
1504 2393 1596 2444 καὶ
1642 2394 1786 2443 κατα

203 2483 386 2548 τάξιν,
418 2483 492 2546 ὡς
525 2484 727 2552 πρέπει
757 2483 1068 2552 ἀνθρώποις
1110 2484 1465 2552 φοϐουμένοις
1495 2485 1586 2536 τὸν
1628 2483 1781 2536 Θεόν.

208 2573 540 2641 Ποιήσωμεν
592 2573 942 2642 παράκλησιν
1001 2573 1094 2625 καὶ
1147 2572 1496 2642 παραμυθίαν
1538 2573 1647 2623 τῶν
1701 2588 1786 2622 νο·

206 2661 489 2724 σούντων,
543 2662 578 2732 ἢ
615 2663 931 2732 καμνόντων
981 2662 1226 2730 ἀδελφῶν
1280 2661 1455 2731 ήμῶν.
1511 2660 1670 2712 Ἀλλὰ
1711 2660 1786 2729 μὴ

205 2751 552 2821 εὑρεθῶμεν,
583 2751 659 2814 ὡς
689 2753 738 2804 οί
769 2752 912 2820 φίλοι
951 2751 1045 2805 τοῦ
1078 2751 1222 2813 Ἰὼϐ,
1264 2748 1781 2819 προσονειδίξοντες,

203 2839 286 2904 ὡς
307 2841 481 2903 είκδς,
501 2842 744 2911 σφάλμα,
779 2842 812 2911 ή
837 2843 1143 2912 ἁμάρτημα
1176 2842 1286 2902 τοῖς
1326 2840 1575 2907 ἀδελφοῖς
1604 2841 1782 2910 ήμῶν,

203 2931 245 3002 ἢ
275 2931 376 2985 καὶ
401 2932 464 2985 έν
498 2933 564 3002 τῇ
611 2931 808 3002 καρδία
837 2931 1020 3001 ήμῶν,
1071 2932 1325 3000 κρυπτῶς
1371 2931 1786 3001 κατακρίνοντες

207 3023 439 3087 αὐτοὺς,
472 3023 506 3094 ἢ
558 3023 618 3086 έξ
645 3023 975 3092 ἁπροσεξίας
1006 3023 1295 3085 λαλοῦντες
1317 3023 1472 3091 λόγον
1497 3025 1787 3078 κεντοῦντα

1889 593 2156 647 retentos,
2204 586 2443 654 denique
2475 585 2670 653 quavis
2721 586 3046 640 necessitate
3099 587 3298 641 misere
3333 589 3468 643 allii-

1888 683 2007 725 ctos
2040 673 2333 736 intervisit,
2371 691 2497 727 eum
2532 675 2743 742 utique,
2786 673 3022 741 ipsomet
3070 683 3227 738 teste,
3259 677 3466 740 visitat,

1887 763 1981 831 qui
2044 765 2216 817 nostri
2264 781 2427 818 causa
2469 781 2677 833 pauper
2713 765 2828 818 ﬁeri
2858 766 3052 825 voluit.
3118 782 3315 837 nempe
3371 770 3465 823 llei

1888 854 2148 907 Verbum.
2205 855 2351 908 Nulli
2384 855 2612 923 proinde
2645 873 2768 909 reor
2797 872 2916 910 esse
2954 857 3277 921 obscurum,
3303 876 3466 927 quant

1887 945 2097 998 bonum
2153 945 2224 997 sit
2267 945 2505 1014 pupillos
2557 946 2772 1017 1184
2822 962 2885 1000 ac
2931 948 3128 1001 viduas
3157 948 3212 1002 in
3243 949 3468 1003 tribula-
3563 932 3566 936 ’

1891 1036 2039 1088 tione
2064 1050 2255 1089 eorum
2279 1035 2525 1097 visitare,
2561 1051 2830 1104 pauperes
2853 1037 3079 1106 insuper
3098 1054 3238 1107 quos
3267 1051 3467 1107 prmter

1889 1123 2102 1192 privam
2151 1125 2440 1192 penuriam
2488 1123 2749 1192 degravat
2785 1141 2849 1178 ac
2902 1127 3102 1193 premit
3155 1127 3469 1181 fecunditas

1891 1214 2131 1267 filiorum
2162 1232 2174 1266 :
2205 1215 2259 1267 in
2295 1215 2487 1284 primis
2513 1224 2694 1267 tamen
2722 1224 2777 1268 et
2800 1217 3043 1268 omnium
3079 1218 3312 1270 maxime
3345 1219 3468 1273 illos

1889 1304 1934 1358 si
1981 1306 2173 1360 visites
2212 1306 2308 1374 qui
2364 1303 2654 1360 domestici
2692 1314 2822 1359 sunt
2870 1305 3020 1372 fidei,
3065 1307 3167 1361 hoc
3217 1324 3336 1362 esse
3362 1309 3466 1362 viro

1893 1398 2026 1451 tutis
2057 1414 2218 1466 opus,
2241 1398 2443 1451 nemini
2468 1407 2654 1466 putent
2677 1399 3226 1453 coutroversaudum.
3253 1402 3467 1455 Rursus

1889 1491 2014 1558 quis
2047 1490 2328 1542 iutieietur
2363 1490 2579 1542 eximia:
2610 1489 2893 1558 cujusdam
2945 1505 3067 1542 esse
3117 1489 3378 1544 bonitatis
3410 1501 3469 1545 et

1890 1582 2098 1635 a’lendze
2121 1583 2356 1634 fratrum
2388 1581 2676 1636 dilectioni
2711 1585 2852 1648 (qua:
2879 1581 2932 1633 in
2960 1581 3182 1635 Christo
3204 1582 3309 1648 est)
3335 1597 3463 1650 per-

1889 1687 2054 1740 quam
2089 1673 2241 1733 utile,
2300 1671 2626 1724 intervisere
2678 1687 2775 1724 cos
2819 1673 2914 1740 qui
2967 1672 3167 1725 infesto
3215 1674 3465 1726 daamone

1890 1763 2150 1830 quopiam
2172 1762 2500 1815 divexantur
2518 1762 2542 1813 ’ί
2562 1777 2730 1829 super
2754 1762 2876 1815 illos
2901 1778 3063 1815 unam
3081 1764 3318 1831 aliquam
3343 1781 3467 1832 qua:

1893 1849 2005 1902 Deo
2041 1849 2276 1916 placeat,
2311 1848 2597 1902 effundere
2619 1849 2947 1913 orationem,
2971 1848 3077 1903 fide
3100 1850 3274 1917 magis
3303 1867 3466 1918 quam

1886 1940 2181 1993 verborum
2217 1940 2605 2008 multiplicium
2638 1939 2975 1994 conscientia
3029 1941 3329 2004 nitentem;
3370 1957 3467 2010 po-

1889 2030 2000 2083 tius
2032 2047 2196 2099 quam
2234 2031 2497 2084 exercitia
2530 2032 2620 2084 illa
2662 2032 3095 2085 exorcismorum
3126 2032 3193 2085 ad
3217 2041 3461 2086 ostenta-

1891 2124 2095 2176 tionem
2131 2123 2314 2176 studio
2355 2124 2664 2177 emereudze
2703 2126 2988 2176 hominum
3019 2125 3227 2193 gratiae,
3267 2136 3327 2178 nt
3359 2125 3462 2194 ipsi

1886 2212 2319 2279 beneloquentes
2347 2212 2634 2265 videamur
2663 2226 2727 2265 ac
2753 2213 3031 2265 memoria:
3060 2213 3264 2266 vivacis
3295 2230 3309 2277 ;
3334 2215 3465 2266 dum

1887 2302 2111 2355 interitu
2162 2300 2307 2369 apud
2340 2315 2742 2369 euergumenos
2773 2301 2965 2354 fistulae
2999 2303 3170 2355 instar
3206 2318 3467 2371 persona-

1887 2407 2011 2444 ums
2052 2407 2232 2446 meras
2275 2407 2449 2461 nugas
2493 2406 2555 2444 ac
2587 2391 2931 2461 battologias,
2974 2409 3082 2446 nun
3114 2395 3242 2447 item
3271 2394 3323 2446 in
3359 2395 3464 2448 fide

1887 2483 2155 2546 veritatis,
2188 2483 2654 2551 quemadmodum
2686 2484 2847 2537 nobis
2883 2499 2979 2536 sua
3025 2483 3276 2538 doctrina
3333 2501 3444 2554 pra:

1886 2574 2110 2642 scripsit
2153 2575 2458 2628 Dominus?
2506 2575 2596 2627 Ait
2636 2575 2785 2628 enim
2822 2593 2834 2628 :
2876 2593 2894 2625 ι
2938 2575 3049 2628 lloe
3092 2586 3241 2629 certe
3293 2592 3468 2645 genus

1888 2666 1942 2718 iu
1965 2665 2219 2717 oratione
2243 2665 2450 2718 intenta
2480 2671 2534 2717 et
2561 2663 2689 2734 (fide
2713 2665 2861 2733 cum)
2888 2664 3099 2734 jejunio
3115 2665 3335 2733 ejicitur
3352 2666 3419 2716 ".
3441 2685 3459 2715 ι

1888 2753 2198 2808 Prudenter
2248 2753 2432 2820 itaque
2459 2762 2515 2806 et
2551 2760 2612 2805 ut
2657 2753 2828 2822 exigit
2852 2754 3138 2816 decorum,
3185 2755 3240 2808 in
3268 2756 3467 2824 spiritu

1888 2844 2213 2905 huiniliatis,
2260 2843 2341 2896 sic
2380 2855 2653 2912 aegrotans
2697 2845 2858 2897 nobis
2886 2845 3193 2921 visitaudus
3221 2856 3325 2899 est.
3359 2847 3464 2898 Bo-

1888 2951 2018 2988 num
2047 2950 2177 2987 sane
2197 2944 2282 2988 est
2306 2935 2646 2989 collaborare
2673 2935 2958 2999 fratribus,
2991 2951 3093 2990 ceu
3123 2937 3332 2991 dictum
3359 2946 3465 3002 est,

1890 3024 1983 3094 qui
2018 3025 2212 3077 morbo
2249 3025 2509 3093 quopiam
2541 3026 2869 3080 afllictantur
2914 3037 2970 3082 ct
3003 3028 3275 3093 laborant,
3304 3031 3467 3099 idque

209 3114 454 3177 αὐτούς’
507 3113 604 3167 καὶ
655 3114 1064 3185 ἁμαρτήσωμεν
1114 3117 1194 3176 είς
1259 3114 1393 3168 Θεὸν
1453 3116 1513 3166 ὲν
1571 3115 1784 3186 ἀγνοίᾳ.

1892 3129 1989 3182 per
2011 3113 2244 3182 vigilias,
2269 3114 2478 3183 jejuuia
2502 3124 2558 3168 et
2581 3115 2884 3170 indivulsas
2913 3118 3211 3174 orationes.
3251 3121 3465 3175 Dictum

208 3205 529 3274 Γέγραπται
567 3207 674 3275 γὰρ
707 3207 768 3258 ἐν
811 3208 931 3267 ταῖς
978 3205 1325 3274 Παροιμίαις,
1364 3223 1383 3255 ι
1417 3206 1514 3268 Ὃς
1555 3207 1788 3274 φράσσει

207 3297 281 3350 τὰ
307 3290 425 3350 am
457 3297 645 3362 αὐτοῦ,
682 3297 778 3351 τοῦ
812 3297 889 3369 μή
935 3297 1167 3350 ἀκοῦσαι
1196 3297 1477 3358 ἀσθενοῦς,
1507 3300 1601 3349 καὶ
1629 3299 1790 3360 αὐτὸς

209 3386 600 3442 επικαλέσεται
628 3387 850 3458 Κύριον,
874 3389 968 3442 καὶ
1017 3389 1120 3442 οὐκ
1149 3389 1528 3441 είσακούσεται
1555 3385 1743 3442 αὐτοῦ.
1765 3404 1783 3436 ι

211 3480 417 3542 Καθὼς
452 3496 615 3550 φησιν
641 3483 672 3535 ό
708 3479 852 3547 Ἰὡ6,
892 3500 912 3534 ε
937 3482 1012 3536 Οὐ
1045 3481 1331 3551 προσεῖδόν
1369 3497 1438 3550 με
1478 3482 1529 3534 οί
1557 3480 1790 3548 ἐγγύτα-

209 3571 298 3624 τοί
330 3588 464 3640 μου·
501 3571 809 3643 θεράποντα
839 3589 944 3643 μου
986 3573 1242 3637 έκάλεσα,
1274 3574 1366 3626 καὶ
1413 3574 1512 3642 οὐχ
1552 3573 1792 3640 ὑπήκου-

213 3661 315 3712 σέν
347 3676 448 3729 μου
474 3676 488 3690 ’
524 3659 702 3729 στόμα
734 3659 790 3712 δέ
821 3676 924 3728 μου
967 3660 1245 3712 ίκέτευσεν
1271 3659 1372 3725 τὴν
1400 3657 1634 3724 γυναῖκά
1660 3673 1786 3724 μου,

212 3747 514 3819 ἀλλογενὴς
563 3749 714 3818 ήμην
767 3749 900 3818 παρ’
947 3750 1162 3811 αὐτοῖς’
1229 3747 1404 3800 οἰκεία
1467 3747 1576 3817 γὰρ
1628 3747 1791 3799 παντὶ

213 3831 400 3902 θνητῴ
428 3838 518 3901 γίη.
558 3852 578 3884 ι
613 3835 724 3887 Καὶ
763 3835 922 3896 ἄλλος
953 3835 1116 3903 σοφός
1141 3850 1154 3863 ·
1195 3855 1213 3886 ι
1241 3835 1333 3904 Μή
1377 3834 1540 3887 ὤκνει
1567 3834 1790 3886 ἐπισκέ-

213 3922 449 3976 πτεσθαι
491 3923 828 3993 ἀρρώστους.
861 3944 879 3975 ι
922 3925 980 3977 ’0
1018 3926 1075 3978 δὲ
1119 3924 1410 3985 Ἰάκωόοςο
1465 3942 1483 3973 ι
1514 3922 1792 3993 Θρησκεία

213 4017 439 4087 καθαρὰ
459 4017 558 4070 καὶ
588 4018 852 4085 ἀμίαντος
882 4016 1034 4085 παρὰ
1055 4014 1134 4085 τῷ
1165 4013 1285 4082 Θεῷ
1314 4013 1410 4066 καὶ
1441 4014 1617 4083 Πατρὶ
1651 4011 1788 4080 αὓτη

215 4108 391 4170 ἐστὶν,
419 4104 848 4158 ἐπισκέπτεσθαι
876 4106 1145 4173 ὀρφανοὺς
1172 4104 1267 4157 καὶ
1300 4105 1470 4173 χήρας
1499 4105 1557 4156 ἐν
1585 4105 1650 4171 τῇ
1682 4101 1792 4154 θλί-

214 4196 311 4264 ψει
336 4196 514 4249 αὐτῶν
536 4213 551 4227 ο
575 4196 803 4250 ἄσπιλον
834 4195 1024 4247 ἑαυτὸν
1047 4195 1237 4262 τηρεῖν
1267 4192 1375 4245 ἀπὸ
1401 4191 1495 4244 τοῦ
1525 4192 1784 4260 κόσμου.»

216 4287 332 4340 Καὶ
381 4289 410 4338 ό
461 4285 672 4348 Παῦλος
701 4303 714 4316 ·
758 4304 777 4336 ι
815 4283 1201 4355 Μιμνήσκεσθε
1238 4284 1346 4336 τῶν
1395 4281 1663 4350 δεσμίων,
1715 4280 1790 4343 ὡς

218 4377 614 4446 συνδεδεμένοι,
628 4375 738 4428 τῶν
761 4375 1232 4444 κακουχουμένων,
1252 4375 1326 4437 ὡς
1351 4374 1445 4427 καὶ
1461 4372 1615 4426 αὐτο)⁸
1640 4372 1790 4434 ὄντες

1889 3202 2038 3255 enim
2067 3217 2097 3255 a
2136 3204 2366 3256 Domino
2399 3213 2485 3258 est
2518 3223 2531 3258 :
2572 3224 2590 3254 ι
2623 3205 2900 3260 ῡαξιιιοηίο
2930 3209 3113 3278 ejicite
3159 3210 3244 3274 ";
3283 3229 3301 3262 ι
3339 3227 3463 3266 cum

1891 3293 2124 3356 caeteris,
2146 3295 2398 3348 sanitatis
2425 3297 2662 3364 gratuito
2681 3296 3030 3351 conferendae
3057 3299 3218 3352 donis
3244 3316 3257 3351 :
3289 3319 3307 3350 ι
3330 3300 3465 3354 Nam

1891 3385 2064 3453 gratis
2113 3386 2426 3452 accepistis,
2485 3388 2656 3453 gratis
2685 3385 2814 3442 date
2865 3388 2931 3440 ”.
2969 3407 2988 3438 ι
3041 3387 3234 3442 Omnia
3277 3401 3464 3446 autem

1892 3473 2120 3526 honeste
2153 3484 2210 3525 et
2251 3473 2555 3527 secundum
2610 3475 2860 3529 ordinem
2901 3478 3250 3546 transigenda
3305 3479 3467 3534 nobis

1890 3573 2019 3617 sunt
2053 3566 2175 3633 (ceu
2219 3579 2318 3618 eos
2350 3565 2582 3620 addecet
2626 3567 2720 3634 qui
2753 3577 2943 3622 sancte
2977 3570 3148 3622 Deum
3180 3573 3466 3641 verentur)

1889 3654 1957 3706 ad
2001 3653 2232 3708 fratrum
2275 3665 2589 3709 nostrorum
2628 3659 3066 3714 exhortationem
3111 3672 3168 3714 et
3217 3667 3468 3716 consola-

1895 3743 2122 3807 tionem,
2170 3744 2262 3813 qui
2296 3755 2392 3797 aut
2441 3755 2711 3814 aegrotant
2734 3755 2829 3800 aut
2855 3747 3106 3802 laborum
3137 3751 3288 3819 gravi
3320 3754 3464 3805 mole

1892 3840 2242 3900 premuntur.
2288 3834 2453 3902 Atqui
2491 3835 2723 3888 solerter
2771 3838 3191 3905 providendum.
3243 3855 3312 3893 ne
3361 3841 3464 3894 de-

1893 3923 2303 3991 prehendantur
2359 3925 2535 3977 nihilo
2589 3925 2889 3980 dissimiles
2937 3929 3130 3982 amicis
3160 3929 3284 3992 Job,
3338 3947 3462 3984 cum

1891 4013 2098 4082 probro
2122 4014 2448 4083 objicieutes
2465 4016 2733 4070 fratribus
2753 4017 3053 4071 verisimile
3071 4020 3292 4088 aliquod
3311 4037 3467 4076 erra-

1891 4111 2028 4164 tum,
2067 4104 2183 4157 sive
2235 4105 2399 4157 etiam
2448 4116 2755 4174 peccatum,
2788 4117 2884 4160 aut
2933 4108 2987 4161 in
3041 4125 3240 4163 arcano
3280 4112 3465 4166 cordis

1890 4194 2064 4246 nostri
2107 4209 2326 4248 recessu
2383 4195 2508 4250 illos
2537 4197 2990 4262 coudemuautes,
3027 4209 3121 4254 aut
3150 4212 3301 4255 certe
3332 4203 3462 4257 dum

1892 4283 2152 4338 inatteuti
2206 4301 2308 4338 nec
2347 4288 2479 4339 satis
2509 4289 2746 4357 providi,
2785 4289 3011 4342 verbum
3047 4291 3100 4344 in
3133 4292 3255 4345 illos
3280 4294 3466 4348 detor-

1891 4387 2126 4442 quemus
2156 4375 2301 4443 quod
2328 4390 2519 4429 eorum
2560 4379 2796 4433 animam
2834 4390 2959 4433 urat
2987 4393 3042 4434 et
3076 4394 3280 4452 pungat
3311 4401 3325 4436 :
3355 4401 3462 4453 qua

216 4467 278 4518 έν
313 4464 545 4534 σώματι.
569 4484 587 4517 ι
622 4465 732 4518 Καὶ
759 4467 954 4533 ἐπάγει
970 4482 987 4499 ο
1017 4483 1035 4516 ι
1057 4464 1144 4526 ’ος
1168 4463 1358 4534 καιρὸν
1381 4462 1600 4532 έχομεν,
1622 4464 1788 4532 ιργα-

1891 4478 1997 4517 una
2047 4479 2105 4517 re
2153 4465 2289 4519 nulli
2348 4466 2579 4521 dubium
2632 4469 2768 4537 quin
2824 4469 2877 4522 in
2927 4470 3098 4524 Deum
3149 4488 3460 4540 peccemus.

217 4552 448 4621 σῶμεθα
489 4553 549 4605 τὸ
586 4553 790 4621 ἀγαθὸν
844 4554 982 4624 πρὸς
1017 4559 1244 4617 πάντας,
1283 4552 1517 4621 μάλιστα
1559 4550 1615 4602 δὲ
1651 4551 1787 4620 πρὸς

215 4644 346 4705 τοὺς
376 4642 608 4705 οἰκείους
638 4644 738 4710 τῆς
775 4642 1030 4704 πίστεως.
1073 4661 1093 4695 ι
1133 4643 1244 4696 Καὶ
1273 4640 1655 4709 ὑιλιππησίοις
1680 4655 1788 4707 φη-

218 4736 308 4788 σίν
333 4750 348 4766 ο
388 4751 408 4785 ε
441 4735 565 4786 Ὅτι
608 4735 666 4785 εν
694 4735 835 4803 ἀρχῇ
867 4731 962 4784 τοῦ
1009 4732 1362 4800 Εὐαγγελίου,
1396 4728 1620 4800 οὐδεμία
1665 4729 1790 4781 Ἑκ-

217 4823 419 4892 κλησία
441 4821 800 4892 εκοινὼνησέν
823 4838 913 4892 μοι
936 4821 1015 4883 είς
1036 4820 1190 4888 λόγον
1214 4820 1411 4882 δόσεως
1431 4819 1526 4873 καὶ
1553 4819 1790 4890 λήψεως,

217 4916 269 4968 εί
302 4913 380 4984 μή
410 4913 567 4982 ὑμεῖς
604 4912 778 4982 μόνοι,
806 4912 890 4964 δτι
919 4913 978 4964 ιν
1003 4909 1373 4980 Θεσσαλονίκῃ
1403 4909 1499 4962 καὶ
1527 4909 1675 4973 ἅπαξ
1697 4909 1790 4962 καὶ

215 5003 299 5065 δὶς
327 5004 408 5065 είς
436 5001 534 5072 τήν
567 5001 756 5072 χρείαν
792 5018 880 5070 μοι
910 4999 1215 5068 επέμψατε.
1264 4999 1479 5066 Ἀπέχω
1520 4998 1578 5050 δὲ
1611 4999 1792 5051 πάντα

217 5095 315 5146 καὶ
337 5091 648 5160 περισσεύω
669 5103 685 5119 °
717 5089 1086 5160 πεπλήρωμαι
1116 5088 1407 5158 δεξάμενος
1475 5087 1626 5157 παρὰ
1663 5088 1790 5140 Ἐπο

219 5180 513 5252 αφροδίτου
563 5179 632 5232 τὰ
686 5180 815 5248 παρ’
866 5177 1055 5246 ὑμῶν,
1087 5177 1264 5246 ὀσμὴν
1311 5176 1562 5240 εὐωδίας,
1599 5176 1790 5229 θυσίαν

216 5271 437 5342 δεκτήν,
467 5269 758 5340 εὐάρεστον
783 5268 862 5339 τῷ
885 5267 1025 5338 Θεῷ.
1063 5287 1082 5318 ι
1129 5268 1194 5320 Τί
1231 5269 1289 5321 δὲ
1320 5267 1409 5322 διὰ
1435 5267 1641 5321 τούτων
1664 5283 1789 5319 παις

215 5359 514 5431 δευόμεθας
546 5359 639 5422 Τὸ,
675 5358 749 5428 μὴ
784 5359 944 5427 μόνον
980 5358 1408 5411 ἐπισκέπτεσθαι
1446 5359 1568 5422 τοὺς
1603 5357 1793 5428 χρείαν

217 5453 465 5523 ἔχοντας,
510 5450 648 5504 ἀλλὰ
692 5449 786 5505 καὶ
826 5447 1316 5519 προσαναπληρούν
1343 5449 1410 5501 τὰ
1440 5449 1792 5518 ὑστερήματα

293 5655 344 5686 ⁹⁸
384 5654 577 5710 Matth.
647 5670 769 5719 xxv,
818 5652 908 5707 35.

221 5739 335 5788 xix,
375 5727 461 5780 ιο.

1010 5651 1058 5685 ⁸⁸
1111 5651 1298 5707 Matth.
1349 5667 1490 5711 xvu.
1539 5649 1628 5704 9.0.

1735 5653 1776 5683 "’
1812 5651 2004 5706 Matth.
2044 5671 2099 5718 κ,
2148 5654 2200 5707 8.

1885 4550 2162 4620 Scriptqu
2180 4553 2327 4607 enim
2349 4565 2432 4608 est
2452 4555 2505 4608 in
2523 4556 2866 4612 Proverbiis:
2889 4577 2908 4608 ι
2932 4559 3035 4623 Qui
3063 4561 3284 4615 obturat
3300 4579 3464 4618 aures

1884 4654 2014 4693 suas
2033 4656 2102 4693 ne
2127 4643 2315 4696 audiat
2347 4643 2646 4707 infirmum,
2682 4646 2797 4714 ipse
2827 4647 3104 4701 invocabit
3145 4649 3457 4716 Dominum,

1885 4739 1943 4784 et
1968 4731 2237 4786 Dominus
2259 4749 2368 4786 non
2393 4735 2654 4788 exaudiet
2678 4751 2806 4789 eum
2832 4737 2931 4789 ⁸⁸.»
2959 4737 3114 4792 Sicut
3141 4748 3197 4792 et
3225 4740 3322 4794 Job
3344 4740 3457 4796 ait:

1894 4841 1913 4874 ι
1942 4822 2060 4876 Non
2081 4834 2415 4892 aspexerant
2437 4841 2523 4878 me
2547 4827 2776 4894 proximi
2802 4827 2906 4881 mei
2935 4844 2948 4881 :
2980 4829 3244 4884 famulum
3277 4846 3460 4887 meum

1890 4913 2105 4976 vocavi,
2138 4922 2195 4966 et
2227 4928 2336 4967 non
2368 4915 2614 4968 obedivit
2647 4917 2801 4978 mihi,
2832 4933 2930 4971 ore
2957 4927 3141 4973 autem
3178 4922 3457 4990 supplica-

1894 5000 2017 5054 bam
2061 5017 2286 5056 uxorem
2331 5019 2508 5059 meatu
2538 5023 2551 5058 :
2585 5005 2894 5074 alienigena
2945 5022 3096 5060 eram
3128 5010 3272 5077 apud
3316 5026 3458 5065 eos:

1891 5091 2088 5146 domus
2127 5095 2287 5147 euim-
2328 5096 2478 5148 omni
2533 5095 2769 5156 mortali.
2809 5105 2954 5150 terra
2987 5098 3025 5152 ¹.
3065 5117 3084 5149 ι
3133 5100 3287 5153 Alius
3329 5101 3461 5154 item

1893 5181 2125 5251 Sapiens
2162 5185 2288 5238 ait:
2337 5203 2354 5236 ι
2398 5184 2476 5238 Ne
2541 5185 2825 5254 pigriteris
2870 5186 3095 5242 visitare
3125 5199 3382 5258 :egrotos.
3438 5215 3458 5242 ε

1890 5273 2131 5329 Jacobus
2173 5285 2356 5329 autem
2395 5293 2407 5328 :
2447 5293 2465 5325 ι
2509 5276 2721 5345 Religio
2768 5278 2972 5332 munda
3025 5289 3080 5333 et
3114 5281 3462 5336 immaculata

1894 5365 2038 5433 apud
2071 5366 2243 5419 Deum
2291 5367 2506 5420 Patrem
2537 5366 2654 5419 haec
2686 5377 2771 5420 est
2801 5385 2814 5420 :
2846 5369 3072 5423 visitare
3118 5371 3357 5439 pupillos
3406 5381 3463 5425 et

1894 5452 2090 5508 viduas
2119 5455 2172 5508 iu
2221 5454 2579 5510 tribulatione
2609 5471 2824 5520 eorum,
2863 5465 2920 5510 et
2949 5457 3358 5513 iuunaculatum
3403 5475 3463 5513 se

2317 5656 2362 5686 "'
2395 5657 2529 5712 ibid.
2652 5660 2697 5691 ”
2734 5659 2896 5712 Prov.
2963 5676 3047 5713 xxi
3075 5700 3090 5718 .
3132 5660 3214 5713 l3.
3313 5661 3328 5692 '
3359 5661 3466 5718 Job

2652 5660 2697 5691 ”
2734 5659 2896 5712 Prov.
2963 5676 3047 5713 xxi
3075 5700 3090 5723 ,
3132 5660 3214 5713 l3.
