4178 6424
722 370 859 430 Πῖ1ἴι
1986 365 2346 423 ANTIOCHI
2394 366 2733 424 BIUXACIII
3865 361 3997 422 173’i

714 499 995 553 custodire
1028 498 1097 549 ab
1123 497 1228 549 hoc
1255 496 1457 550 saeculo
1480 498 1519 549 ¹.
1556 515 1573 546 ι
1608 496 1809 549 Paulus
1854 510 2076 562 quoque
2112 514 2123 547 :
2154 515 2169 543 ι
2194 495 2303 546 Me-

2416 477 2616 528 ιὺτῶν’
2651 477 2735 527 ἵνα
2770 474 2860 527 καὶ
2894 475 2921 525 ό
2961 471 3162 540 Κύριος
3200 475 3340 541 μετὰ
3378 473 3486 525 τῶν
3515 473 3689 526 ἄλλων
3720 473 3996 535 ἀποδεξα-

714 597 958 644 meutote
991 588 1325 649 vinclorum,
1361 598 1617 654 umquam
1648 587 1807 639 simul
1844 586 2037 647 vincti,
2065 594 2121 637 et
2148 586 2296 636 labo-

2416 584 2565 633 μενος
2604 567 2698 618 καί
2748 567 2915 633 ἡμᾶς,
2951 566 3093 616 εἴποι
3122 582 3135 594 ·
3169 585 3185 613 ι
3208 565 3459 623 Δεῦτε,οί
3503 564 3867 631 εὐλογημένοι
3900 562 3995 613 τοῦ

715 682 978 741 rantlum,
1024 688 1280 748 tanquam
1310 689 1365 731 et
1396 678 1497 745 ipsi
1530 678 1583 730 iu
1627 693 1856 745 corpore
1892 683 2171 727 morantes
2200 677 2238 726 ⁸.
2274 693 2290 723 ι

715 772 964 823 ludueit:
990 789 1007 819 ι
1033 771 1168 822 Dum
1201 777 1416 837 tempus
1457 770 1742 829 habemus,
1768 783 2062 835 operemur
2089 766 2295 817 bonum

716 862 781 912 ad
822 876 1016 914 omnes
1046 878 1058 911 :
1099 860 1333 911 maxime
1365 870 1544 911 autem
1571 858 1635 910 ad
1671 858 2003 909 domesticos
2046 857 2169 907 fidei
2205 857 2243 906 ⁸.
2274 874 2291 901 ι

717 952 796 1003 Ad
851 952 1225 1018 I’hilippenses
1277 964 1497 1017 quoque
1560 964 1571 997 :
1637 948 1843 1012 «Quod
1906 948 1958 998 in
2022 944 2299 1013 principio
2407 944 2487 997 εἰς
2518 952 2643 995 τως
2678 944 3115 1000 αιωνας-’Λμηλ
3283 1017 3292 1024 _
3629 1015 3659 1024 Η
3833 1014 3843 1023 ι

719 1041 1036 1107 Evangelii,
1088 1042 1234 1093 nulla
1301 1040 1541 1092 Ecclesia
1626 1040 1757 1092 mihi
1821 1036 2247 1089 communicavit
2294 1034 2348 1085 in
2384 1030 2597 1083 ratione
2658 1026 2769 1078 dati
2834 1032 2889 1076 et
2946 1021 3177 1089 accepti,
3242 1017 3345 1070 nisi
3408 1033 3504 1069 vos
3562 1016 3687 1076 soli,
3749 1029 3884 1081 quia
3942 1022 3996 1065 et

719 1131 1164 1184 Thessalonicam
1211 1130 1423 1199 1185
1476 1132 1642 1184 semel
1696 1142 1751 1183 ct
1792 1130 1878 1182 bis
1930 1127 2160 1181 misistis
2213 1126 2391 1178 mihi:
2437 1121 2616 1174 habeo
2660 1127 2843 1169 autem
2896 1115 3076 1166 onmia
3106 1123 3162 1165 et
3223 1110 3495 1163 abundo:
3557 1114 3806 1175 repletus
3872 1122 3993 1157 smn

718 1227 959 1289 acri-ptis
1012 1224 1079 1276 ab
1128 1224 1505 1291 Epaphrodito
1553 1239 1674 1291 quae
1718 1222 1965 1282 misistis,
2016 1220 2069 1271 in
2129 1217 2360 1269 odorem
2405 1210 2713 1271 suavitatis,
2765 1206 3000 1260 hostiam
3051 1212 3353 1269 acceptam,
3406 1202 3711 1268 placentem
3752 1200 3867 1251 Deo
3903 1200 3993 1289 ’.ξ

717 1317 858 1381 Quid
893 1316 1123 1383 proinde
1169 1332 1266 1381 per
1310 1318 1424 1368 lucc
1469 1315 1795 1368 instruimur
1830 1312 2001 1376 aliud,
2038 1326 2202 1378 quam
2274 1319 2331 1363 ut
2367 1323 2463 1359 eos
2491 1304 2727 1368 benigne
2761 1300 3053 1353 visitemus
3101 1295 3193 1362 qui
3226 1294 3420 1360 quavis
3464 1292 3797 1383 necessitate
3866 1305 3963 1355 pre

718 1382 966 1464 muntur,
1006 1412 1175 1469 utque
1208 1412 1390 1454 nostra
1444 1402 1623 1469 copia,
1665 1403 1886 1453 illorum
1936 1401 2294 1469 sippleamus
2346 1396 2625 1464 inopiam?
2672 1391 2861 1457 quue,
2897 1400 2955 1441 ut
3002 1388 3085 1441 vel
3132 1390 3349 1437 tandem
3387 1385 3502 1450 ipse
3554 1382 3825 1435 Dominus
3868 1397 3993 1433 cum

718 1490 933 1544 czeteris
958 1504 1059 1541 nos
1086 1505 1302 1557 quoque
1331 1489 1584 1555 excipiat,
1616 1504 1680 1540 ae
1715 1491 1863 1541 dicat
1904 1506 1917 1538 :
1956 1506 1974 1537 ι
2009 1488 2219 1549 Vertite,
2254 1484 2528 1537 benedicti
2561 1479 2738 1534 l’atris
2768 1479 2897 1540 mei,
2936 1475 3213 1544 possidete
3238 1484 3487 1542 paratum
3519 1472 3673 1524 vobis
3709 1486 3947 1538 regnum
3982 1488 3994 1521 :

722 1578 977 1633 inﬁrmus
1008 1579 1155 1631 enim
1182 1577 1281 1640 fui,
1333 1586 1390 1630 et
1438 1578 1704 1630 visitastis
1739 1594 1863 1631 me:
1903 1579 1957 1631 in
1987 1593 2207 1631 carcere
2241 1591 2415 1636 cram,
2439 1584 2495 1627 et
2531 1570 2762 1625 venistis
2782 1568 2848 1622 ad
2872 1583 2957 1621 me
2988 1567 3029 1619 ⁸.
3052 1584 3070 1616 ι
3112 1564 3218 1633 Ipsi
3257 1565 3427 1633 gloria
3455 1563 3509 1616 in
3548 1563 3770 1617 sazcula.
3796 1563 3994 1616 Amen.

2406 659 2615 727 Πατρός
2653 675 2777 725 μου,
2808 659 3256 725 κληρονομήσατε
3284 655 3383 723 τὴν
3420 655 3841 721 ἡτοιμασμένην
3871 653 3995 719 ὑμῖν

2407 752 2701 820 βασιλείαν.
2743 748 3049 813 ἰισθένησα
3086 750 3213 812 γὰρ,
3245 749 3339 799 καὶ
3369 745 3743 809 ἐπεσκέψασθέ
3792 760 3862 809 με
3892 758 3903 769 ·
3937 746 3994 792 ἐν

2405 846 2618 912 φυλακῇ
2651 845 2821 911 ἣμην,
2861 846 2957 895 καὶ
2991 841 3190 909 ἤλθατε
3235 837 3372 906 πρὸς
3419 853 3506 905 με.
3533 855 3552 884 ι
3604 836 3765 900 Λὺτῴ
3801 837 3835 901 ἡ
3869 834 3997 895 δόξα

2407 940 2487 997 εἰς
2518 939 2643 995 τοὺς
2678 934 2900 994 αἰῶνας.
2922 932 3115 1000 ’Λμή-ι.

1317 1689 1603 1742 IIUMILIA
1655 1688 1717 1742 C.

864 1802 1019 1872 Spem
1049 1805 1105 1855 in
1139 1802 1286 1854 nullo
1328 1802 1596 1853 hominum
1628 1815 1737 1851 esse
1781 1797 2166 1851 collocandum.

792 1913 1129 1980 Quacnnque
1179 1912 1400 1964 tandem
1467 1910 1535 1964 de
1580 1927 1661 1975 re,
1720 1911 1773 1963 in
1817 1913 2030 1963 nullum
2082 1925 2308 1977 prorsus

3041 1675 3258 1730 ΛΟΓΟΣ
3292 1674 3366 1728 l".

2620 1794 2757 1862 Περὶ
2783 1793 2888 1845 τοῦ
2909 1790 2995 1860 μὴ
3027 1789 3293 1851 ἐλπίζειν
3319 1786 3412 1838 ἐπ’
3444 1786 3781 1852 ἄνθρωπον.

2482 1909 2556 1962 Οὐ
2590 1908 2717 1977 χρὴ,
2744 1904 2983 1973 ἀδελφοὶ,
3010 1902 3251 1965 ἐλπίζειν
3280 1906 3337 1955 ἐν
3366 1900 3666 1970 οἱῳδήποτε
3700 1897 3996 1964 πράγματι

725 2004 1004 2056 hominem
1062 2002 1380 2055 reclinamla
1430 2017 1556 2069 spes
1612 2010 1798 2054 nostra
1848 2010 1933 2054 est
1986 2019 2049 2051 ει
2086 2001 2309 2053 Maledi-

2416 2005 2501 2055 ἐπ’
2541 2002 2827 2066 ἄνθρωπον
2854 2011 2867 2023 ·
2929 2013 2947 2045 ι
2988 1994 3424 2063 Ἐπικατάρατον
3479 1991 3625 2059 γάρ·
3659 2009 3676 2039 ι
3747 1987 3869 2039 ἀλλ’
3910 1988 3999 2037 ἐπὶ

724 2104 847 2147 ctus
874 2095 1021 2147 enim
1070 2096 1161 2161 qui
1193 2094 1412 2145 conlidit
1467 2094 1518 2145 in
1562 2093 1784 2146 homine
1816 2094 1868 2156 ",
1906 2112 1922 2143 i
1964 2092 2057 2146 sed
2092 2093 2145 2145 in
2181 2109 2308 2146 cum

728 2185 1077 2253 conjicienda
1098 2186 1192 2253 qui
1219 2202 1408 2238 curam
1433 2186 1605 2238 nostri
1626 2186 1765 2253 gerit
1795 2186 2089 2254 perpetim,
2115 2200 2309 2254 nempe

727 2278 781 2329 in
828 2277 1119 2329 Dominmn
1154 2293 1167 2339 ;
1205 2276 1409 2329 etenim
1452 2276 1659 2329 divinis
1689 2276 1912 2331 Litteris
1955 2278 2312 2345 prohibemur

727 2383 878 2436 spem
926 2366 1194 2435 projicere
1244 2368 1298 2419 in
1332 2368 1502 2419 ullum
1534 2367 1845 2420 hominum.
1885 2368 2183 2420 Enimvero
2216 2367 2311 2435 qui

728 2460 857 2512 talis
906 2465 1012 2519 est,
1063 2458 1340 2511 maledicti
1396 2472 1627 2512 censura
1675 2460 1998 2527 percellitur
2044 2474 2177 2511 voce
2217 2460 2312 2513 Je-

729 2549 933 2609 remi:e,
985 2548 1258 2601 dicentis:
1296 2568 1312 2598 ι
1345 2549 1669 2603 Maledictus
1711 2551 1806 2616 qui
1853 2566 2004 2618 spem
2058 2551 2221 2603 habet
2258 2551 2309 2604 in

730 2635 976 2699 homine,
1030 2644 1087 2687 et
1126 2636 1321 2687 nititur
1354 2653 1521 2689 carne
1562 2638 1773 2691 brachii
1811 2640 1896 2691 sui
1928 2640 1970 2693 ⁸.
2008 2657 2026 2688 ι
2068 2640 2174 2692 Et:
2215 2640 2313 2693 lle-

729 2727 985 2780 uedietus
1026 2726 1119 2793 qui
1152 2727 1380 2779 conlidit
1424 2726 1477 2779 in
1521 2727 1774 2791 Domino,
1824 2738 1881 2782 et
1918 2730 2024 2781 erit
2050 2731 2313 2784 Dominus

729 2832 856 2882 spes
885 2816 1006 2883 ejus
1026 2815 1069 2867 ⁹.
1107 2834 1124 2865 ι
1162 2814 1269 2867 Sed
1296 2825 1353 2867 et
1377 2815 1650 2883 propheta
1679 2815 1818 2869 Osee
1846 2833 1859 2868 :
1895 2835 1915 2867 ι
1951 2818 2309 2886 Corruptioni

733 2917 863 2968 nne,
915 2907 1103 2965 Israel,
1136 2906 1261 2973 quis
1311 2906 1714 2959 auxiliahitur?
1754 2908 1845 2961 ubi
1870 2917 1955 2961 est
2001 2924 2097 2961 rex
2150 2908 2313 2961 tuus?

730 3000 940 3051 salvum
979 3010 1029 3053 te
1059 2998 1223 3051 faciat
1261 2998 1323 3051 ‘°.
1358 3018 1376 3048 ι
1414 2998 1793 3053 Consimiliter
1824 3008 1880 3053 et
1914 3000 2083 3053 David
2118 3018 2131 3052 :
2164 3019 2181 3050 ι
2207 3001 2311 3053 1⁵ιο-

732 3090 831 3141 Iite
876 3089 1157 3142 conﬁdere
1219 3089 1273 3141 in
1327 3087 1698 3158 principibus,
1738 3091 1793 3143 in
1846 3090 1974 3144 ﬁliis
2026 3092 2310 3144 hominum

736 3181 942 3248 quibus
995 3195 1105 3232 non
1153 3188 1239 3233 est
1268 3180 1415 3233 salus
1456 3180 1516 3231 “.
1553 3199 1569 3231 ι
1596 3210 1663 3220 --
1690 3200 1705 3230 ι
1739 3181 1948 3233 Bonum
1998 3182 2144 3234 enim
2175 3198 2310 3235 con-

2413 2094 2504 2144 τόν
2538 2090 2626 2142 ἀεὶ
2672 2085 3017 2156 μεριμνῶντα
3064 2083 3203 2151 ὑπὲρ
3256 2082 3412 2150 ἡμῶν
3451 2081 3678 2149 Κύριον,
3723 2080 3807 2131 ὅτι
3850 2078 3999 2146 αὑτῷ

2417 2185 2566 2254 μέλει
2607 2184 2734 2250 περὶ
2762 2180 2939 2248 ἡμῶν.
2980 2179 3085 2229 Καὶ
3138 2176 3247 2243 γὰρ
3296 2173 3447 2242 παρὰ
3498 2175 3565 2241 τῇ
3624 2171 3749 2240 θείᾳ
3806 2170 3995 2237 Γραφῇ

2413 2273 2790 2342 ἀπηγόρευται
2820 2270 2914 2321 τοῦ
2949 2269 3023 2337 μὴ
3057 2269 3201 2335 ἔχειν
3229 2268 3328 2331 τὴν
3358 2264 3548 2316 ἐλπίδα
3572 2263 3659 2314 ἐπ’
3682 2261 3995 2329 ἄνθρωπον.

2414 2368 2488 2420 Οὐ
2523 2367 2628 2435 μὴν
2664 2363 2798 2417 ἀλλὰ
2826 2364 2920 2414 καὶ
2952 2362 3055 2414 ὑπὸ
3085 2362 3330 2429 κατάραν
3361 2360 3572 2427 ἵστησιν
3607 2357 3695 2409 τὸν
3729 2355 3994 2418 τοιοῦτον,

2415 2457 2502 2509 διὰ
2552 2455 2646 2508 τοῦ
2695 2455 2995 2523 Ἱερεμίου·
3065 2472 3081 2501 ι
3130 2453 3563 2520 Ἐπικατάρατος
3620 2450 3758 2518 γὰρ,
3806 2448 3993 2515 φησιν,

2414 2548 2719 2616 ἄνθρωπος,
2754 2546 2813 2607 ὃς
2865 2544 2962 2611 τὴν
3015 2543 3203 2595 ἐλπίδα
3260 2543 3371 2610 ἔχει
3415 2542 3503 2592 ἐπ’
3541 2542 3854 2609 ἄνθρωπον,
3906 2539 3999 2590 καὶ

2416 2639 2660 2707 στηρίσει
2692 2637 2872 2702 σάρκα
2919 2637 3204 2705 βραχίονος
3238 2632 3427 2687 αὐτοῦ.
3462 2653 3480 2684 ι
3521 2634 3666 2685 Καί·
3709 2652 3725 2681 ι
3754 2631 3996 2699 lib}.qu-

2418 2731 2575 2798 μένος
2604 2728 2886 2798 ἄνθρωπος
2920 2728 2977 2787 ὃς
3010 2726 3271 2777 πέποιθεν
3308 2724 3405 2777 ἐπὶ
3432 2725 3657 2792 Κύριον.
3692 2724 3800 2774 Καὶ
3845 2722 3997 2773 ἔσται

2416 2823 2618 2893 Κύριος
2651 2825 2806 2883 ἐλπὶς
2843 2820 3029 2874 αὑτοῦ.
3062 2838 3080 2871 ι
3127 2822 3187 2872 '0
3214 2820 3272 2872 δὲ
3317 2821 3605 2889 προφήτης
3652 2818 3831 2885 Ὠσηὲ,
3866 2835 3885 2867 ι
3916 2818 3995 2885 Τῇ

2414 2915 2681 2984 διαφθορᾷ
2706 2930 2821 2977 σου,
2870 2912 3104 2981 Ἰσραὴλ,
3155 2911 3239 2973 τίς
3284 2911 3581 2981 βοηθήσει;
3638 2909 3741 2960 ποῦ
3768 2909 3797 2959 ὁ
3839 2907 3996 2975 βασι-

2414 3005 2539 3067 λεύς
2571 3022 2687 3066 σου,
2724 3005 2818 3055 καὶ
2849 3004 3078 3054 σωσάτω
3118 3018 3208 3064 σε;
3240 3020 3259 3052 ι
3319 3001 3553 3069 ὐμοὶως
3602 3001 3698 3053 καὶ
3748 3002 3776 3051 ὁ
3810 2998 3995 3056 Δαυῖὀ,

2421 3112 2440 3145 ι
2475 3095 2566 3159 Μὴ
2596 3091 2893 3145 πεποίοατε
2921 3091 3008 3142 ἐπ’
3039 3092 3327 3159 ἄρχοντας,
3362 3089 3457 3140 ἐπὶ
3482 3090 3633 3149 υἱοὺς
3662 3088 3996 3155 ἀνθρώπων,

2413 3183 2495 3249 οἷς
2521 3186 2622 3238 οὐκ
2655 3184 2801 3235 ἐστιν
2831 3183 3089 3252 σωτηρία.
3126 3202 3143 3231 ι
3176 3211 3246 3221 --
3274 3200 3291 3231 ι
3326 3180 3557 3247 ’Δγαθὸν
3598 3180 3707 3248 γὰρ
3736 3178 3999 3230 πεποιθέ-

732 3270 902 3323 lidere
953 3270 1007 3322 in
1065 3270 1318 3331 Domino,
1372 3284 1536 3337 quam
1591 3270 1871 3325 confidere
1927 3272 1982 3324 in
2037 3272 2311 3325 homine:

2418 3296 2506 3331 ναι
2547 3278 2640 3328 ἐπὶ
2678 3276 2881 3343 Κύριον
2922 3274 2956 3342 ἢ
2992 3272 3313 3325 πεποιθέναι
3338 3270 3425 3323 ἐπ’
3456 3269 3768 3337 ἄνθρωπον.
3809 3286 3827 3317 ι
3860 3268 3997 3329 Καὶ,

736 3362 938 3414 bonum
969 3378 1193 3430 sperare
1233 3363 1284 3414 in
1316 3364 1569 3426 Domino,
1615 3380 1779 3431 quam
1813 3380 2036 3433 sperare
2078 3366 2129 3418 in
2164 3366 2317 3434 priu—

732 3454 951 3521 eipibus
976 3455 1043 3506 ¹³.
1082 3472 1099 3503 ι
1134 3452 1303 3506 Infert
1340 3470 1351 3504 :
1394 3472 1411 3503 ι
1447 3454 1519 3506 Da
1556 3454 1715 3507 nobis
1743 3455 2009 3507 auxilium
2040 3454 2109 3508 de
2140 3456 2318 3508 tribu-

733 3544 939 3597 latione
968 3543 1030 3594 ".
1066 3561 1084 3593 ι
1118 3543 1223 3595 Et:
1263 3561 1281 3592 ι
1316 3543 1466 3596 Vana
1486 3544 1634 3597 salus
1658 3543 1901 3597 hominis
1930 3544 2138 3598 “:nisi
2171 3545 2317 3598 enim

734 3632 1001 3686 Dominus
1032 3631 1363 3685 custodierit
1415 3633 1716 3695 civitatem,
1755 3632 1963 3687 frustra
2009 3634 2319 3702 vigilavcrit

734 3720 827 3788 qui
874 3720 1116 3773 custodit
1156 3736 1277 3773 eam
1314 3722 1379 3773 ".
1420 3739 1439 3771 ι
1475 3720 1639 3773 Isaias
1689 3720 1915 3788 insuper
1946 3720 2015 3774 dc
2047 3737 2189 3774 novo
2220 3737 2318 3789 po-

736 3811 865 3878 pqu
916 3812 992 3862 ait
1023 3828 1035 3861 :
1068 3829 1086 3859 ι
1115 3810 1226 3863 Nec
1273 3817 1437 3862 erunt
1472 3810 1615 3862 ultra
1644 3809 1990 3861 confidentes
2044 3809 2100 3861 in
2137 3809 2315 3862 homi-

736 3901 919 3960 nibus,
955 3899 1049 3951 sed
1092 3899 1145 3951 in
1193 3898 1347 3950 illum
1412 3897 1505 3965 qui
1541 3897 1671 3949 fecit
1721 3912 1816 3950 eos
1848 3898 1917 3961 ¹⁶;
1964 3917 1981 3947 ι
2016 3897 2085 3951 de
2132 3908 2317 3951 vetere

738 3998 921 4039 autem
961 3988 1055 4039 illo
1107 3988 1313 4054 populo
1346 4002 1359 4037 :
1401 4005 1418 4035 ι
1456 3986 1541 4038 νιυ
1575 3986 1669 4053 qui
1708 3986 2044 4039 descenditis
2078 3987 2134 4040 in
2159 3986 2319 4056 Egy-

739 4089 889 4146 ptum
942 4079 1009 4130 ad
1060 4076 1345 4139 auxilium,
1398 4076 1491 4143 qui
1527 4074 1579 4127 iu
1624 4076 1784 4142 equis
1817 4076 2071 4128 lidueiam
2104 4076 2320 4127 habetis

736 4179 791 4220 et
836 4170 889 4221 in
940 4168 1202 4219 curribus
1240 4166 1301 4217 ".
1344 4185 1359 4215 ι
1401 4165 1468 4218 Ει
1507 4181 1522 4217 :
1560 4183 1576 4213 ι
1616 4164 1737 4217 Νυιι
1770 4173 1932 4217 erant
1978 4164 2319 4217 confidentes

739 4260 793 4312 in
836 4270 1026 4310 sancto
1071 4257 1234 4309 Israel
1277 4257 1339 4307 ¹⁸.
1376 4275 1394 4305 ›
1444 4255 1741 4323 Apostolus
1791 4254 1920 4306 item
1966 4254 2314 4307 Corinthiis:

743 4367 761 4398 ι
800 4349 1017 4400 lulirma
1074 4348 1263 4398 nmndi
1316 4346 1483 4413 elegit
1518 4346 1660 4398 Deus
1705 4353 1764 4397 ut
1804 4343 2104 4397 confundat
2136 4344 2316 4407 fortia,

739 4448 800 4490 ut
844 4454 911 4491 ne
959 4438 1228 4506 glorietur
1258 4437 1440 4489 omnis
1480 4450 1607 4488 caro
1637 4434 1690 4486 in
1722 4444 2019 4502 conspectu
2052 4436 2173 4503 ejus
2205 4436 2266 4487 ’9.
2294 4454 2311 4484 ι

736 4528 984 4582 luducit:
1013 4549 1030 4577 ι
1061 4530 1126 4581 Et
1152 4544 1251 4595 ego
1276 4529 1328 4579 in
1355 4526 1673 4579 infirmitate
1699 4534 1756 4578 et
1780 4526 1977 4578 timore
1993 4535 2049 4578 et
2077 4533 2317 4579 tremore

2426 3387 2444 3417 ι
2482 3366 2713 3433 ’Δγαοὸν
2752 3364 2993 3425 ἐλπίζειν
3024 3362 3117 3413 ἐπ)⁸
3147 3362 3373 3430 Κύριον,
3404 3358 3437 3427 ἢ
3466 3358 3709 3419 ἐλπίζειν
3762 3358 3852 3408 ἐπ’
3899 3359 4002 3425 ἆρ-

2418 3474 2623 3526 χουσιν.
2663 3475 2684 3507 ι
2731 3456 2840 3508 Kal.
2892 3454 3166 3522 ἐπιφέρει,
3234 3470 3252 3501 ι
3290 3452 3389 3513 Δὸς
3447 3451 3577 3519 ἡμῖν
3630 3448 3887 3517 βοήθειαν
3938 3450 4003 3499 ἐκ

2420 3546 2666 3612 θλίψεως.
2712 3564 2729 3594 ι
2765 3544 2873 3595 Καί
2903 3559 2914 3570 ·
2940 3562 2956 3592 ι
2988 3540 3208 3595 Ματαία
3244 3539 3489 3609 σωτηρία
3527 3537 3841 3608 ἀνθρώπου.
3872 3537 4003 3589 Ἐὰν

2418 3640 2527 3708 γὰρ
2561 3639 2633 3706 μὴ
2669 3637 2869 3705 Κύριος
2900 3636 3112 3705 φυλάξῃ
3141 3635 3316 3697 πόλιν,
3345 3634 3424 3694 είς
3448 3630 3624 3701 μάτην
3642 3630 4003 3699 ἡγρύπνησεν

2417 3730 2444 3780 ό
2479 3728 2786 3794 φυλάσσων.
2815 3746 2833 3775 ι
2880 3726 2937 3777 Ὀ
2972 3725 3028 3776 δὲ
3069 3725 3320 3785 Ἡσαΐας,
3373 3725 3503 3790 περὶ
3547 3722 3642 3773 τοῦ
3694 3724 3820 3773 νέου
3866 3721 4005 3773 λαοῦ

2418 3832 2582 3882 φησιν
2608 3831 2620 3845 ο
2653 3833 2668 3862 ι
2702 3814 2811 3867 Καὶ
2835 3814 2934 3866 οὐκ
2968 3813 3047 3864 ἔτι
3079 3811 3290 3863 ἔσονται
3320 3811 3643 3873 πεποιθότες
3674 3811 3763 3861 ἐπ’
3788 3810 4006 3879 ἀνθρὼ-

2425 3922 2570 3968 ποις,
2603 3903 2714 3956 ἀλλ’
2740 3903 2833 3956 ἐπὶ
2874 3903 2967 3955 τὶν
3001 3905 3307 3972 ποιήσαντα
3339 3900 3557 3963 αὐτούς.
3599 3919 3619 3950 ι
3650 3900 3791 3968 Περὶ
3814 3900 3873 3951 δὲ
3907 3899 4006 3952 τοῦ

2419 3995 2691 4048 παλαιοῦ·
2751 4014 2767 4043 ι
2797 3994 2967 4059 υύαὶ,
3018 3995 3068 4045 οἱ
3116 3993 3534 4052 καταϐαίνοντες
3582 3992 3663 4053 εἰς
3722 3992 4006 4057 Αἴγυπτον

2419 4089 2513 4139 ἐπὶ
2544 4087 2815 4155 βοήθειαν,
2843 4087 2894 4137 oi
2937 4086 3023 4151 ἐφ’
3050 4086 3237 4145 ἵπποις
3275 4084 3620 4147 πεποιθότες,
3652 4084 3749 4135 καὶ
3786 4083 3875 4147 ἐφ’
3904 4083 4005 4149 ἆρ-

2423 4194 2605 4246 μασιν.
2646 4194 2663 4226 ι
2704 4175 2843 4225 Kal'
2880 4194 2897 4224 ι
2920 4176 3033 4226 Οὐκ
3076 4170 3217 4243 ἦσαν
3252 4174 3568 4235 πεποιθότες
3602 4173 3695 4224 ἐπὶ
3723 4174 3820 4224 τὸν
3850 4174 4006 4238 ἅγιον

2419 4268 2512 4320 τοῦ
2549 4267 2785 4336 Ἰσραήλ.
2829 4284 2845 4315 ι
2884 4266 2994 4317 Καὶ
3038 4268 3066 4317 ὁ
3113 4264 3433 4323 Ἀπόστολος
3478 4264 3615 4333 πρὸς
3654 4264 4004 4332 Κορινθίους,

2425 4378 2443 4406 ‹
2469 4359 2511 4409 Τ
2515 4358 2548 4409 ὰ
2580 4357 2782 4424 ἀσθενῆ
2818 4356 2913 4408 τοῦ
2965 4356 3170 4424 κόσμου
3211 4355 3497 4421 ἐξελέξατο
3529 4356 3557 4405 ὁ
3595 4354 3751 4417 Θεὸς,
3800 4353 4005 4419 λέγων,

2422 4449 2507 4499 ἵνα
2547 4446 2887 4516 καταισχύνῃ
2942 4446 3011 4498 τὰ
3063 4445 3279 4514 ἰσχυρὰ,
3325 4446 3474 4506 ὅπως
3528 4444 3602 4513 μὴ
3652 4446 4005 4512 καυχήσηται

2424 4539 2573 4589 πᾶσα
2617 4535 2752 4604 σὰρξ
2786 4536 3015 4587 ἐνώπιον
3054 4536 3241 4588 αὐτοῦ.
3274 4555 3291 4585 ι
3343 4535 3454 4587 Καὶ
3502 4535 3700 4599 ἐπάγει
3723 4549 3739 4563 ’
3774 4553 3795 4584 ι
3832 4534 4007 4600 Κάγὼ

739 4620 915 4670 multo
940 4620 1015 4670 l’ui
1046 4619 1191 4685 apud
1219 4633 1344 4680 vos;
1388 4626 1444 4669 et
1478 4632 1659 4669 sermo
1693 4629 1850 4669 meus
1900 4624 1957 4669 et
2000 4616 2313 4683 prredicatio

2416 4630 2473 4680 ἐν
2526 4627 2817 4694 ἀσθενείᾳ,
2862 4627 2959 4678 καὶ
3010 4628 3067 4679 ἐν
3126 4626 3315 4694 φόῦῳ,
3367 4626 3461 4676 καὶ
3518 4626 3575 4675 ἐν
3630 4624 3826 4692 τρόμῳ
3875 4625 4008 4677 πολι

740 4726 860 4763 mea
900 4726 1007 4762 non
1035 4711 1088 4762 iu
1117 4708 1576 4777 persuasibilibus
1612 4708 1865 4760 humana:
1890 4707 2173 4774 sapientiae
2195 4722 2319 4759 ver-

738 4800 844 4860 bis,
882 4801 975 4854 sed
1008 4801 1062 4852 in
1103 4801 1418 4853 ostensione
1470 4797 1703 4865 spiritus
1729 4806 1786 4851 et
1816 4798 2060 4861 virtutis,
2098 4807 2157 4850 ut
2184 4796 2319 4850 ﬁdes

740 4902 919 4943 vestra
955 4908 1061 4943 non
1097 4892 1168 4943 sit
1194 4891 1247 4943 in
1272 4890 1540 4957 sapientia
1564 4889 1873 4952 hominum,
1907 4889 2001 4942 sed
2030 4890 2083 4941 in
2116 4890 2319 4943 virtute

738 4983 836 5037 Dei
860 4986 927 5035 ὀ.
960 5005 977 5033 ι
1010 4984 1225 5052 1186
1250 4982 1293 5035 Α
1324 4982 1487 5036 nobis
1517 4982 1721 5049 itaque,
1755 4982 2124 5043 dilectissimi,
2147 4997 2317 5035 excu-

740 5074 943 5127 tiamus
986 5074 1127 5127 hanc
1179 5075 1246 5127 dc
1298 5074 1411 5126 Deo
1458 5073 1864 5141 pusillanimem
1916 5072 2193 5132 ﬁduciam.
2249 5087 2315 5125 ex

736 5178 846 5230 qua
879 5163 930 5215 id
988 5164 1149 5216 nobis
1199 5163 1458 5216 obtorum
1507 5172 1592 5216 est
1622 5162 1772 5224 mali,
1804 5172 1864 5216 ut
1899 5162 1995 5215 tuti
2038 5178 2105 5216 ex
2136 5162 2317 5216 homi—

739 5254 908 5305 nibus
959 5254 1157 5306 lidueia
1211 5254 1549 5321 pendeamus
1567 5269 1630 5307 ac
1654 5269 1785 5322 spe;
1813 5254 1959 5322 quod
1988 5269 2160 5322 genus
2190 5254 2317 5307 facti

740 5342 1017 5395 hominem
1050 5343 1229 5397 reddit
1252 5343 1545 5396 maledicto
1566 5344 1862 5397 obnoxium
1895 5360 1909 5396 :
1946 5344 2054 5395 imo
2079 5343 2136 5395 in
2166 5344 2316 5396 illum

745 5433 974 5486 solidam
1020 5450 1169 5501 spem
1202 5435 1556 5503 projiciamus
1584 5435 1680 5503 qui
1713 5434 1855 5487 dixit
1886 5450 1900 5487 :
1939 5454 1957 5483 ι
1996 5434 2173 5487 Nolite
2202 5435 2316 5487 sol-

812 5568 833 5596 ‘
882 5566 995 5619 Jac.
1034 5582 1070 5629 I,
1100 5566 1189 5618 27.
1222 5567 1241 5595 ³
1305 5566 1470 5619 llebr.
1514 5582 1629 5627 xm,
1678 5565 1729 5618 5.
1810 5567 1829 5595 ⁸
1867 5564 2043 5618 Galat.
2083 5582 2156 5626 vi,
2206 5565 2291 5617 10.

746 5650 874 5692 \vu,
925 5638 975 5687 li.
1084 5636 1259 5687 "ibid.
1336 5636 1511 5689 “ibid.
1543 5638 1589 5689 7.
1676 5637 1717 5666 ‘°
1750 5635 1887 5688 Osee
1913 5651 2004 5686 λιιι
2035 5676 2047 5695 ,
2092 5636 2144 5693 9.
2190 5636 2276 5686 ill.

749 5706 787 5731 ’δ
820 5704 950 5757 ibid.
1055 5706 1096 5734 ”
1148 5705 1285 5757 l’sal.
1335 5720 1508 5761 mxvn.
1548 5707 1594 5769 1,
1632 5707 1682 5758 τὶ.

742 5778 870 5825 (ξπ.
922 5790 974 5827 ιι.
1032 5776 1063 5825 5
1095 5775 1145 5827 :‘i.

2367 5565 2387 5595 ε
2438 5566 2674 5634 ΡΙιίΙίνρ.

2354 5634 2393 5664 ¹¹
2421 5634 2559 5688 l’sal.
2584 5636 2801 5694 αλιι-,5.

1793 5706 2064 5758 "Jerem.
2129 5722 2255 5766 xvii,
2314 5706 2365 5756 7.

2416 4716 2494 4784 λῷ
2554 4716 2819 4783 ἐγενόμην
2871 4714 3009 4782 πρὸς
3064 4715 3231 4784 ὑμᾶς·
3293 4715 3389 4768 καὶ
3427 4716 3457 4765 ὁ
3502 4715 3660 4781 λόγος
3727 4732 3864 4783 μου,
3908 4716 4007 4767 καὶ

2418 4807 2479 4857 τὸ
2522 4806 2782 4875 κήρυγμὰ
2830 4823 2954 4873 μου,
3010 4806 3111 4859 οὐκ
3165 4809 3223 4857 ἐν
3260 4808 3465 4866 πειθοῖς
3505 4805 3865 4874 ἀνθρωπίνης
3913 4823 3995 4858 σο-

2420 4905 2549 4963 φίας
2587 4897 2789 4963 λόγοις,
2845 4897 2961 4949 ἀλλ’
2999 4898 3059 4949 ἐν
3105 4898 3375 4962 ἀποδείξει
3411 4897 3722 4966 πνεύματος
3785 4899 3880 4949 καὶ
3914 4898 4006 4948 δυ-

2420 4986 2637 5053 νάμεως
2663 5001 2678 5015 ⁶
2735 4986 2821 5037 ἴνα
2850 4987 2884 5055 ή
2914 4986 3096 5048 πίστις
3145 4986 3300 5055 ὑμῶν
3334 4986 3410 5056 μὴ
3501 4988 3561 5038 ἐν
3587 4988 3753 5056 σοφίᾳ
3785 4986 4004 5053 ἀνθρώ-

2414 5090 2539 5135 που,
2591 5073 2708 5126 ἀλλ’
2761 5074 2818 5126 ἐν
2867 5075 3098 5143 δυνάμει
3151 5075 3310 5129 Θεοῦ.
3345 5095 3363 5126 ι
3431 5076 3857 5146 ’Λπορῤίψωμεν
3884 5074 4002 5135 οὖν,

2412 5166 2708 5233 ἀγαπητοὶ,
2733 5165 2824 5232 ἀφ’
2848 5165 3002 5233 ἡμῶν
3038 5167 3137 5235 τὴν
3173 5166 3523 5236 όλιγοψυχίαν
3555 5168 3616 5232 ἐξ
3643 5162 3714 5237 ἧς
3755 5168 4004 5220 τίκτεται

2414 5256 2475 5307 τὸ
2504 5256 2650 5323 ἔχειν
2684 5259 2764 5318 εἰς
2792 5256 3078 5325 ἄνθρωπον
3114 5257 3214 5327 τὴν
3259 5257 3470 5320 ἐλπίδα,
3522 5260 3617 5310 καὶ
3656 5257 3852 5310 ποιοῦν
3894 5257 4007 5309 ὑπὸ

2414 5348 2662 5415 κατάραν
2703 5348 2797 5400 τὸν
2845 5348 3164 5402 ὑπεύθυνον.
3205 5348 3369 5400 Ἀλλὰ
3412 5349 3635 5411 τελείως
3683 5349 4005 5416 ἐλπίσωμεν

2413 5437 2507 5487 ἐπὶ
2528 5435 2620 5487 τὸν
2649 5436 2875 5488 εἰπόντα
2898 5451 2911 5463 ·
2942 5454 2961 5485 ι
2990 5437 3080 5507 Μὴ
3116 5438 3513 5506 μεριμνήσητε,
3540 5437 3592 5489 τί
3623 5439 3862 5507 φάγητε,
3890 5438 3926 5507 ἢ
3954 5439 4003 5489 τί

2718 5582 2791 5626 vn.
2828 5565 3006 5619 lii-l8.
3085 5567 3105 5595 °
3157 5567 3347 5620 Matth.
3406 5584 3529 5627 xxv,
3562 5570 3649 5623 54.
3730 5569 3749 5598 ⁷
3793 5568 4002 5625 Jerem.

2883 5637 2921 5665 ¹¹
2962 5636 3098 5689 l’sal.
3129 5652 3287 5699 cxvii,
3312 5637 3364 5697 8,
3388 5638 3469 5690 9.·
3524 5641 3565 5668 ¹³
3610 5639 3754 5691 I'sal.
3788 5655 3891 5699 vix,
3916 5639 4001 5690 t3.

2471 5706 2509 5735 ¹⁷
2556 5706 2654 5759 lsa.
2695 5720 2836 5765 sui,
2875 5706 2922 5757 1.
3002 5706 3043 5736 ¹¹¹
3094 5706 3226 5760 ibid.
3305 5710 3394 5760 “'l
3430 5706 3557 5760 Cor.
3612 5726 3648 5770 ι,
3709 5709 3798 5760 27.
3893 5708 3998 5761 "l
