4178 6424
196 374 329 436 11'37
830 378 1152 436 llﬂMILH
1197 378 1265 434 Cl

1331 403 1397 413 -·
1441 376 1589 435 NON
1638 378 2041 436 ΝΙῚἜΝΜῘΜ
2084 378 2443 436 Plitll‘lillS
2485 378 2820 439 VIRIBUS.

3308 375 3441 441 1733

184 492 375 558 πίητε,
408 489 439 556 ἦ
472 488 521 538 τί
566 487 936 556 περιϐάλησθε
959 504 970 515 ·
1001 484 1143 539 οἶδεν
1197 487 1305 557 γὰρ
1338 489 1366 539 6
1398 487 1587 557 Πατὴρ
1620 487 1773 553 ὑμῶν

1885 488 2013 540 liciti
2048 505 2169 539 esse
2213 488 2343 555 quid
2396 487 2756 545 manducetis.
2806 496 2900 540 aut
2927 485 3059 555 quid
3093 486 3318 552 bibatis,
3351 499 3444 541 aut

184 572 262 631 ὦ)
308 579 497 645 χρείαν
554 576 724 645 ἔχετε.
767 597 785 628 ο
839 605 909 615 -
958 595 975 626 t
1009 578 1340 647 Ζητήσωμεν
1380 576 1437 628 δὲ
1492 577 1631 629 κατὰ
1675 576 1767 629 τὸν

184 671 346 737 λόγον
372 667 539 721 αὑτοῦ
572 669 787 737 πρῶτον
813 668 913 738 τὴν
947 668 1225 737 βασιλείαν
1263 667 1358 721 τοῦ
1394 667 1530 720 Θεοῦ
1554 669 1646 721 καὶ
1669 668 1767 737 τὴν

183 758 537 828 δικαιοσύνην
563 757 752 819 αὑτοῦ,
784 777 801 808 ι
847 760 934 811 ἵνα
963 762 1101 829 μετα
1132 760 1239 810 τῶν
1271 759 1546 826 ἐπιγείων,
1578 759 1673 812 καὶ
1702 760 1769 811 τὰ

183 851 417 920 οὐράνια
471 850 991 920 κληρονομήσωμεν.
1052 850 1436 920 Μιμησώμεθα
1474 851 1600 913 τοὺς
1646 849 1767 903 Μά-

183 960 341 1011 γους,
366 944 565 1005 οἵτινες
585 944 646 994 οὐ
675 945 835 1011 μόνον
860 945 961 997 οὐκ
1002 944 1351 1013 ἐφοϐήθησαν
1379 944 1471 996 τὸν
1501 943 1767 1013 Ἡρώδην,

184 1035 328 1088 άλλᾶ
368 1036 463 1087 καὶ
495 1035 783 1098 ἐνέπαιξαν
817 1036 985 1106 αὐτῷ,
1030 1035 1097 1088 δι’
1130 1036 1299 1106 ἄλλης
1326 1036 1446 1089 ὁδοῦ
1478 1036 1769 1106 ἀναχωρή-

186 1144 389 1188 σαντες
426 1127 507 1189 είς
544 1125 641 1197 τήν
677 1127 861 1199 χώραν
906 1127 1087 1181 αὐτῶν
1113 1142 1125 1155 ·
1170 1128 1263 1182 καὶ⁵
1299 1128 1397 1199 τήν
1447 1129 1629 1181 πίστιν
1670 1130 1771 1196 τῆς

185 1216 617 1287 αἱμορροούσης,
640 1221 781 1288 ἣτις,
804 1219 1177 1289 παρωσαμένη
1197 1219 1321 1283 τοὺς
1357 1222 1593 1289 ίατροῗις,
1612 1220 1769 1272 ὀπισ-

187 1310 286 1362 θεν
302 1310 480 1379 ἥψατο
508 1311 600 1363 τοῦ
636 1313 942 1383 κρασπέδου
960 1313 1056 1365 τοῦ
1087 1314 1301 1383 ἱματίου
1317 1315 1412 1366 τοῦ
1436 1316 1660 1385 Κυρίου,
1680 1317 1773 1367 καὶ

188 1403 541 1471 παραχρῆμα
577 1403 723 1471 ἰάθη.
757 1404 866 1455 Καὶ
912 1405 1095 1473 ἡμεῖς,
1145 1408 1225 1467 εἰς
1260 1407 1353 1458 τὸν
1385 1406 1590 1476 Κύριον
1622 1405 1772 1475 ἔχον-

187 1510 286 1556 τες
320 1494 421 1556 τὰς
455 1494 696 1559 ἐλπίδας,
724 1493 1038 1567 δοξάσωμεν
1083 1499 1247 1550 αὑτὸν
1276 1501 1356 1562 είς
1397 1500 1523 1561 τοὺς
1548 1497 1768 1561 αἰῶνας.

202 1587 404 1657 Ἀμήν.

797 1788 1015 1841 ΛΟΓΟΣ
1049 1788 1168 1840 PA'.

296 1899 435 1968 Περὶ
465 1900 570 1953 τοῦ
594 1900 680 1969 μὴ
713 1899 1057 1954 πεποιθέναι
1089 1900 1183 1953 ἐπὶ
1218 1899 1290 1969 τῇ
1323 1900 1440 1968 ἰδίᾳ
1464 1901 1650 1969 Ζσχύῖ.

280 2012 373 2075 Ὠς
406 2012 690 2077 ἀπέδειξεν
723 2016 751 2067 ὁ
780 2014 935 2082 λόγος
971 2016 1052 2069 ὅτι
1081 2014 1340 2086 ἀθέμιτόν
1365 2017 1514 2069 ἐστιν
1539 2014 1777 2079 ἐλπίζειν

195 2102 289 2156 ἐπ’
338 2104 669 2174 ἄνθρωπον,
726 2106 820 2157 καὶ
864 2105 1307 2175 ὲπικατάρατον·
1350 2104 1523 2168 οὕτως
1580 2108 1778 2160 ἐπανα-

192 2195 440 2250 τείνεται
476 2195 568 2247 τὸν
600 2197 900 2249 πεποιθότα
933 2198 1028 2250 ἐπὶ
1070 2201 1136 2268 τῇ
1182 2198 1288 2269 ἰδίᾳ
1330 2198 1497 2268 ίσχύῖ.
1551 2198 1772 2268 Πρῶτος

193 2286 383 2339 τοίνυν
432 2288 673 2357 Μωῦσῆς
732 2289 1141 2361 παραγγέλλει,
1192 2288 1401 2356 λέγων,
1471 2306 1490 2339 ι
1538 2290 1778 2359 Πρόσεχε

196 2378 436 2447 σεαυτῷ,
478 2378 553 2449 μή
594 2380 752 2449 εἴπῃς
780 2381 839 2433 ὲν
875 2383 942 2450 τῇ
985 2380 1181 2451 καρδία
1222 2398 1335 2443 σου,
1381 2381 1443 2433 Ἡ
1489 2382 1642 2449 ίσχύς
1678 2398 1777 2450 μου

196 2469 299 2521 καὶ
332 2470 394 2521 τὸ
422 2471 621 2538 κράτος
653 2470 751 2539 τῆς
780 2471 961 2540 ίσχύος
996 2488 1096 2540 μου
1123 2471 1378 2540 ἐποίησεν
1411 2472 1511 2540 τήν
1547 2470 1780 2540 δύναμιν

194 2558 433 2627 ταύτην.
476 2559 586 2612 Καὶ
634 2558 924 2631 μνησθήσῃ
978 2562 1179 2631 Κυρίου
1212 2561 1305 2613 τοῦ
1354 2562 1488 2614 Θεοῦ
1538 2579 1653 2626 σου,
1697 2563 1781 2614 ὅτι

195 2648 367 2711 αὐτὸς
399 2648 585 2702 δίδωσί
620 2666 699 2701 σοι
741 2650 912 2720 ἰσχύν.
942 2671 960 2703 ι
1010 2652 1240 2721 Ὁμοίως
1289 2650 1380 2705 καὶ
1425 2655 1453 2705 6
1496 2654 1783 2723 προφήτης

209 2738 402 2809 Ἀμῶς
427 2756 592 2809 φησιν
613 2757 627 2773 ·
666 2761 683 2793 ι
723 2740 781 2793 '0
816 2745 1065 2814 μαχητής
1094 2745 1155 2796 οὑ
1189 2744 1263 2814 μή
1291 2742 1454 2795 σώσει
1481 2743 1581 2812 τὴν
1607 2743 1783 2813 ψυχὴν

196 2828 374 2883 αὐτοῦ
395 2846 407 2858 ·
440 2833 535 2884 καὶ
560 2834 588 2884 6
619 2831 746 2899 ὀξὺς
773 2836 887 2896 τοῖς
909 2835 1067 2885 ποσὶν
1086 2834 1251 2885 αὑτοῦ
1278 2834 1339 2885 οὐ
1369 2834 1443 2904 μὴ
1460 2834 1720 2906 διασωθῇ.
1757 2853 1776 2886 ι

197 2922 313 2976 Καὶ
352 2923 387 2993 ή
411 2923 504 2976 τοῦ
539 2925 818 2994 προρήτου
851 2924 1110 2995 Σαμουὴλ
1147 2926 1330 2995 μήτηρ
1364 2927 1529 2979 Ἀννα
1559 2927 1743 2994 ἔλεγεν
1766 2943 1779 2956 ·

204 3030 225 3063 ι
268 3012 363 3083 Μὴ
401 3014 699 3083 καυχάσθω
744 3018 773 3068 6
817 3016 1042 3079 δυνατὸς
1089 3019 1147 3069 ὲν
1194 3019 1261 3086 τῇ
1310 3017 1537 3087 δυνάμει
1579 3018 1780 3071 αὐτοῦ’

194 3106 286 3158 ὃτι
340 3106 442 3159 οὐκ
520 3109 579 3160 ιν
638 3106 784 3177 ίσχύῖ
836 3109 1059 3171 δυνατὸς
1115 3110 1288 3180 άνήρ·
1347 3112 1500 3174 τόξον
1557 3110 1781 3163 δυνατὸν

1874 591 1986 644 quo
2027 576 2356 643 operiatnini
2395 596 2407 629 :
2460 579 2563 631 scit
2608 578 2757 631 enim
2810 576 2971 631 Pater
3017 588 3196 632 vester
3239 578 3443 647 quibus

1873 681 2014 735 opus
2042 666 2113 720 sit
2138 668 2204 720 ²¹.
2242 686 2260 718 ›
2289 697 2357 709 -
2380 688 2398 719 ι
2428 669 2753 735 ρυςυτοιιιυε
2777 674 2980 731 autem,
3014 668 3166 738 juxta
3195 670 3440 737 ejusdem

1875 759 2129 821 verbum,
2148 759 2387 827 primum
2414 777 2640 830 regnum
2664 760 2760 815 Dei
2789 759 3130 830 etjustitiam
3157 762 3278 829 eius
3302 762 3345 791 “
3371 777 3386 815 :
3421 781 3438 813 ο

1876 860 1936 904 ut
1980 867 2103 904 cum
2158 851 2276 906 istis
2325 853 2560 906 terrenis
2616 852 2888 922 prmsidiis
2933 851 3179 907 caelestia
3227 866 3443 921 quoque

1875 941 2277 1009 possideamus.
2315 943 2599 997 Imitemur
2634 943 2758 998 illos
2793 943 2973 1013 Magos
3011 943 3105 1011 qui
3138 944 3279 998 adeo
3308 944 3443 999 nihil

1877 1029 2146 1085 llerodetn
2193 1034 2588 1096 extimucrunt,
2622 1042 2684 1086 ut
2728 1035 2894 1088 etiam
2946 1033 3222 1089 illuserint
3245 1035 3320 1099 ei,
3350 1052 3450 1105 per

1875 1123 2039 1176 aliam
2098 1125 2239 1178 viam
2280 1124 2512 1194 regressi
2560 1125 2614 1178 in
2663 1122 2942 1178 civitatem
2973 1142 3128 1180 suam
3158 1128 3225 1180 ”.
3259 1126 3447 1181 Fidem

1876 1218 2313 1285 contemplemur
2333 1218 2816 1280 haemorrhoonsze,
2841 1232 2983 1286 quae,
3009 1217 3239 1273 medicis
3260 1219 3449 1287 negle-

1877 1307 2008 1360 ctim
2064 1308 2266 1363 habitis
2315 1318 2371 1363 ct
2427 1310 2789 1371 transmissis,
2839 1320 2991 1362 retro
3032 1308 3302 1363 accedens
3340 1310 3448 1364 Do-

1880 1402 2047 1461 mino.
2083 1416 2235 1453 oram
2267 1402 2444 1470 attigit
2498 1404 2666 1456 vestis
2720 1400 3038 1462 Dominicaz,
3093 1406 3151 1452 et
3198 1399 3254 1453 in
3286 1403 3451 1455 vesti-

1878 1491 1966 1557 gio
2012 1492 2234 1545 sanitati
2282 1502 2369 1545 est
2403 1494 2653 1547 restituta
2688 1494 2753 1546 “.
2790 1493 2900 1547 Nos
2926 1494 3095 1563 igitur
3122 1492 3217 1565 qui
3257 1493 3356 1547 toti
3385 1508 3449 1548 ex

1877 1582 2101 1636 Christo
2152 1598 2247 1651 Spe
2280 1584 2485 1652 optima
2535 1585 2857 1652 pendemus,
2904 1588 3276 1655 glorificemus
3323 1603 3451 1641 eutn

1881 1674 1934 1725 in
1984 1674 2205 1727 szecula.
2270 1674 2463 1728 Amen.

2458 1789 2736 1843 llthlLlA
2782 1788 2866 1844 Cl.

2039 1902 2117 1955 Ne
2154 1920 2258 1972 qua
2290 1903 2485 1971 ﬁducia
2522 1905 2760 1957 nitamur
2809 1906 3036 1975 propriis
3080 1906 3298 1961 viribus.

1947 2018 2420 2081 Quemadmodum
2488 2034 2670 2073 sermo
2717 2019 2871 2088 prior
2916 2034 3177 2089 expresse
3240 2021 3451 2082 docuit,

1880 2110 2085 2162 nemini
2130 2110 2302 2163 licere
2328 2126 2481 2179 spem
2525 2126 2682 2164 suam
2720 2112 2773 2163 in
2807 2126 2979 2164 unum
3014 2112 3251 2180 aliquem
3282 2114 3455 2182 proji-

1879 2214 2007 2252 cere
2055 2200 2397 2264 mortalium,
2446 2209 2502 2253 et
2542 2200 2635 2269 qui
2684 2199 2807 2253 talis
2852 2199 2944 2263 sit,
2974 2200 3267 2254 maledicto
3299 2200 3451 2255 reddi

1878 2290 2305 2344 obnoxium:ita
2332 2299 2387 2344 et
2423 2291 2513 2344 hic
2548 2291 2936 2345 intermittatur
2957 2292 3310 2360 ctperoellit,
3343 2306 3452 2346 non

1880 2380 2083 2451 dispari
2114 2398 2346 2437 censura
2399 2398 2525 2437 eum
2561 2383 2658 2451 qui
2706 2382 3056 2451 praefidenter
3097 2386 3339 2454 pr0priis
3369 2387 3456 2441 ni-

1883 2472 2018 2527 titur
2036 2474 2270 2527 viribus.
2296 2474 2515 2527 Primus
2539 2474 2723 2542 itaque
2749 2474 2926 2529 Moses
2958 2476 3207 2545 praecipit
3227 2476 3419 2532 dicens
3441 2496 3453 2532 :

1888 2583 1905 2614 ι
1932 2568 2162 2619 Attende
2193 2565 2290 2619 tibi
2328 2580 2398 2618 ne
2422 2565 2577 2618 dicas
2608 2564 2663 2617 in
2697 2564 2861 2619 corde
2889 2575 3007 2629 tuo,
3040 2567 3308 2623 fortitudo
3337 2586 3455 2624 mea

1881 2668 1938 2711 et
1985 2657 2157 2711 robur
2217 2656 2563 2710 fortitudinis
2613 2671 2748 2710 mea:
2790 2656 2921 2710 fecit
2969 2658 3102 2711 milii
3156 2661 3456 2728 potentiam

1883 2748 2064 2810 hanc;
2098 2747 2194 2800 sed
2230 2747 2523 2801 recordare
2571 2746 2787 2800 Domini
2833 2748 2931 2801 Dei
2968 2749 3045 2802 tui
3092 2750 3188 2818 qui
3222 2749 3337 2819 ipse
3366 2751 3461 2805 dat

1884 2838 1984 2893 tibi
2019 2838 2399 2893 fortitudinem
2438 2840 2502 2892 ³⁵.
2542 2857 2559 2889 ι
2614 2838 2727 2893 Nec
2766 2840 2873 2894 alio
2927 2849 3138 2910 spectat
3168 2841 3303 2896 illud
3334 2856 3461 2913 pro-

1884 2930 2061 2999 pheta:
2104 2930 2273 2984 Amos
2315 2948 2330 2983 :
2389 2949 2405 2980 ι
2453 2931 2727 3000 Pugnator
2773 2947 2882 2985 non
2933 2933 3165 2987 salvabit
3218 2934 3456 2988 animam

1882 3038 2060 3087 suam,
2116 3031 2172 3077 et
2203 3024 2360 3076 velox
2411 3039 2517 3075 non
2557 3022 2862 3076 salvabitur
2911 3024 3146 3092 pedibus
3178 3025 3294 3079 suis
3326 3026 3390 3079 ".
3434 3046 3450 3076 ι

1886 3113 1991 3167 Sed
2033 3123 2089 3169 et
2128 3115 2280 3167 Anna
2333 3115 2423 3167 illa
2471 3114 2747 3169 Samuelis
2796 3115 3075 3184 propheta:
3104 3123 3279 3170 mater
3306 3116 3461 3171 dice.

198 3196 530 3267 ἠσθένησεν,
569 3199 665 3252 καὶ
693 3199 741 3251 οἱ
773 3199 1129 3263 ἀσθενοῦντες
1174 3202 1578 3270 περιεζώσαντο
1618 3202 1778 3254 δύναο

1885 3203 1979 3257 bat
2013 3220 2026 3256 :
2080 3222 2097 3253 ι
2126 3204 2204 3256 Ne
2236 3203 2504 3272 glorietur
2547 3214 2743 3271 potens
2787 3175 2841 3257 in
2883 3175 3127 3272 potentia
3179 3220 3297 3268 sua,
3330 3207 3459 3276 quia

204 3305 325 3357 μιν.
345 3306 364 3338 ι
396 3289 506 3341 Καὶ
533 3290 592 3339 ὲν
621 3292 739 3351 ταῖς
764 3289 1125 3358 ιιαροιμίαις·
1159 3308 1178 3340 ο
1215 3291 1409 3351 Ἵππος
1439 3292 1783 3360 ἑτοιμάζεται

200 3384 284 3445 είς
319 3383 533 3453 ἡμέραν
569 3384 828 3453 πολέμου,
861 3385 1013 3455 παρά
1054 3385 1110 3437 δὲ
1153 3385 1354 3455 Κυρίου
1402 3388 1435 3456 ή
1483 3385 1724 3457 βοήθεια.
1760 3405 1778 3437 ι

201 3476 318 3528 Καὶ
349 3478 379 3528 6
411 3476 743 3545 Ψαλμῳδός·
782 3496 800 3527 ι
831 3478 945 3530 Οὐκ
984 3478 1041 3529 ἐν
1070 3481 1135 3548 τῇ
1170 3478 1456 3548 δυναστεία
1485 3480 1579 3531 τοῦ
1616 3479 1782 3532 ἵππου

201 3567 447 3637 θελήσει,
476 3568 597 3621 οὐδὲ
643 3569 701 3620 ὲν
753 3571 874 3632 ταῖς
903 3572 1140 3639 κνήμαις
1175 3570 1268 3623 τοῦ
1319 3572 1511 3641 ἀνδρὸς
1552 3573 1779 3626 εὐδοκεῖ.

202 3660 285 3710 Οὐ
326 3658 435 3727 γάρ
462 3656 693 3723 σώζεται
727 3660 983 3729 βασιλεὺς
1021 3662 1109 3715 διὰ
1150 3663 1353 3733 πολλὴν
1390 3665 1639 3733 δύναμιν.
1674 3667 1783 3717 Καὶ

202 3748 373 3818 γίγας
402 3750 463 3802 οὐ
497 3752 803 3821 σωθήσεται
834 3755 891 3805 ὲν
918 3753 1116 3823 πλήθει
1149 3756 1330 3823 ίσχύος
1356 3756 1541 3809 αὐτοῦ.
1567 3776 1584 3806 ι
1625 3757 1785 3810 ’Λλλά

203 3842 331 3903 καὶ,
370 3859 386 3890 t
416 3842 632 3909 Ψευδής
679 3841 845 3905 ἵππος
891 3843 972 3905 είς
1020 3843 1327 3912 σωτηρίανο
1377 3848 1434 3897 ἐν
1483 3845 1541 3897 δὲ
1590 3846 1785 3915 πλήθει

203 3930 494 3999 δυνάμεως
525 3930 690 3984 αὐτοῦ
720 3932 779 3983 οὺ
814 3931 1140 3999 σωθήσεται.
1184 3931 1321 3984 Οὔτε
1363 3933 1421 3985 δὲ
1469 3932 1580 4000 ἐγὼ
1617 3933 1787 3985 ἐλπιῶ

204 4024 303 4075 ἐπὶ
349 4022 411 4073 τὸ
452 4022 607 4087 τόξον
655 4037 790 4091 μου·
844 4023 904 4074 οὐ
956 4021 1066 4092 γὰρ
1128 4022 1290 4086 σώζει
1344 4040 1411 4091 με
1457 4026 1489 4093 ή
1547 4024 1788 4093 ρομεραία

208 4130 319 4182 μου
344 4130 358 4143 ⁶
397 4132 415 4164 ι
448 4113 584 4167 ἀλλὰ
621 4114 707 4177 σὺ,
737 4114 927 4184 Κύριε,
949 4114 1123 4166 σῶσόν
1158 4132 1223 4183 με
1259 4116 1321 4167 ἐκ
1348 4115 1457 4167 τῶν
1498 4115 1786 4167 οὶι66ντι-;·)

209 4218 305 4271 με.
341 4202 713 4270 Καταίσχυνον
755 4204 881 4265 τοὺς
924 4203 1216 4273 μισοῦντάς
1263 4221 1353 4271 με,
1396 4205 1474 4257 ὅτι
1528 4206 1590 4256 σὺ
1628 4206 1787 4274 μόνος

208 4286 261 4343 εἷ
292 4292 322 4343 6
357 4290 617 4360 ῥυόμενος
642 4292 855 4361 πτωχὸν
879 4294 943 4344 ὲκ
974 4292 1154 4363 χειρὸς
1185 4294 1564 4365 στερεωτέρων
1584 4294 1748 4347 αὑτοῦ
1770 4311 1786 4327 ο

209 4384 310 4435 καὶ
338 4384 549 4452 πτωχὸν
582 4384 676 4436 καὶ
724 4385 931 4452 πένητα
965 4386 1074 4437 άπὸ
1106 4386 1217 4437 τῶν
1254 4386 1661 4455 διαρπαζόντων
1690 4386 1789 4438 αὑ-

1884 3310 1992 3347 non
2033 3294 2085 3346 in
2133 3294 2457 3347 fortitudine
2505 3304 2700 3362 potens
2750 3295 2868 3358 vir;
2920 3310 3108 3349 arcum
3158 3298 3305 3350 enim
3364 3313 3457 3367 po-

1887 3384 2119 3437 tentium
2146 3382 2460 3447 infirmavit,
2484 3383 2685 3435 infirmi
2704 3383 2940 3436 accincti
2971 3395 3096 3438 sunt
3122 3385 3319 3440 robore
3346 3387 3411 3440 "’.
3438 3410 3454 3439 ι

1886 3475 1943 3528 In
1982 3474 2297 3528 Proverbiis
2332 3491 2343 3526 :
2383 3493 2399 3523 ε
2436 3473 2627 3540 Equus
2656 3483 2885 3541 paratur
2915 3474 2969 3527 in
2993 3474 3081 3529 die
3108 3474 3259 3539 belli,
3288 3490 3319 3529 a
3349 3475 3457 3529 Do-

1884 3564 2035 3617 mino
2086 3574 2271 3615 autent
2325 3562 2477 3614 venit
2527 3561 2793 3614 auxilium
2842 3563 2909 3615 ³⁸.
2947 3582 2964 3613 ι
3000 3564 3209 3617 l’saltes
3242 3565 3457 3632 regius:

1891 3673 1907 3703 ι
1948 3652 2064 3705 Non
2102 3651 2156 3704 in
2188 3651 2512 3706 fortitudine
2542 3652 2670 3720 equi
2714 3653 3051 3706 voiuntatem
3088 3654 3332 3719 habebit,
3362 3672 3462 3711 nec

1888 3741 1941 3793 in
2000 3741 2150 3794 tibiis
2202 3740 2307 3794 viri
2363 3741 2768 3810 beneplacitum
2801 3752 2885 3795 est
2936 3744 2987 3796 ei
3023 3744 3085 3795 ”.
3148 3744 3265 3798 Non
3312 3748 3459 3799 enim

1886 3834 2127 3887 salvatur
2172 3850 2263 3887 rex
2298 3850 2396 3904 per
2433 3837 2659 3889 tnultam
2714 3837 2997 3900 virtutem,
3047 3848 3105 3890 et
3152 3839 3301 3907 gigas
3352 3856 3460 3893 non

1888 3926 2191 3979 salvabitur
2215 3926 2267 3979 in
2299 3927 2655 3980 multitudine
2686 3928 3031 3981 fortitudinis
3065 3944 3175 3982 su:e
3201 3930 3268 3983 ³ο.
3301 3951 3319 3981 ι
3354 3931 3459 3985 Sed

1887 4026 1989 4071 et:
2030 4037 2046 4068 ι
2084 4019 2311 4072 Mendax
2358 4034 2537 4087 equus
2590 4018 2655 4072 ad
2705 4021 2961 4082 salutem,
3006 4019 3061 4072 in
3108 4020 3463 4077 multitudine

1890 4110 2112 4162 virtutis
2149 4125 2262 4163 sua:
2308 4126 2415 4162 non
2471 4110 2777 4162 salvabitur
2823 4110 2911 4162 ’δι
2960 4127 3139 4179 neque
3172 4113 3321 4166 enim
3363 4130 3465 4181 ego

1889 4201 2127 4269 sperabo
2184 4201 2237 4253 in
2288 4216 2416 4253 arcu
2452 4216 2574 4253 meo
2607 4218 2619 4252 :
2653 4216 2761 4254 non
2790 4202 2937 4254 enim
2974 4202 3203 4255 salvabit
3232 4218 3317 4257 me
3348 4204 3463 4274 gla-

1891 4290 2020 4344 dius
2052 4306 2207 4343 meus
2247 4292 2321 4353 ’3;
2362 4310 2378 4342 ι
2408 4290 2502 4344 sed
2532 4301 2612 4353 tu,
2642 4290 2894 4357 Domine,
2944 4292 3154 4345 salvum
3184 4309 3271 4347 me
3317 4296 3399 4349 fac
3435 4314 3464 4349 a

1893 4378 2288 4433 tribulantibus
2316 4393 2424 4439 me,
2467 4384 2679 4447 pudore
2704 4387 2761 4431 et
2798 4378 3122 4432 confusione
3147 4394 3242 4433 eos
3275 4396 3466 4448 asper-

208 4476 328 4528 τόν.
379 4476 467 4527 Ἐν
499 4476 584 4527 σοὶ
614 4476 722 4545 γὰρ
753 4474 955 4544 ζῶμεν,
987 4479 1081 4529 καὶ
1117 4476 1435 4547 κινούμεθα,
1476 4478 1569 4530 καὶ
1600 4478 1781 4547 ἐσμὲν,

1894 4484 2027 4539 gens
2060 4469 2152 4537 qui
2206 4468 2446 4521 oderunt
2481 4484 2589 4533 me,
2616 4469 2743 4538 quia
2775 4481 2831 4523 tu
2865 4471 3016 4522 solus
3042 4484 3103 4523 es
3135 4470 3228 4537 qui
3266 4472 3465 4539 recipis

211 4568 311 4620 καὶ
338 4568 373 4637 ή
398 4568 553 4637 ἰσχὺς
584 4568 740 4637 ἡμῶν
772 4568 865 4620 καὶ¹
890 4571 922 4636 ἡ
968 4570 1243 4639 εὐρωστία
1286 4568 1436 4639 παρὰ
1476 4568 1569 4620 σοῦ
1604 4571 1784 4622 ἐστιν’

212 4661 312 4711 καὶ
345 4656 469 4727 θρὶξ
492 4659 558 4710 ὲκ
591 4659 688 4727 τῆς
732 4659 975 4728 κεφαλῆς
1006 4660 1163 4729 ἡμῶν
1199 4660 1260 4712 οὐ
1301 4662 1545 4712 πεσεῖται
1574 4660 1665 4712 ἐπὶ
1693 4660 1791 4729 τὴν

211 4752 321 4820 γῆν
356 4751 482 4804 ἄνευ
513 4750 607 4803 σοῦ
634 4751 728 4804 τοῦ
777 4751 1154 4821 πλαστουργοῦ
1220 4753 1316 4805 καὶ
1355 4752 1568 4821 Πατρός
1613 4752 1788 4822 ἡμῶν.

213 4842 409 4897 Ταῦτα
435 4838 530 4895 οὖν
564 4842 824 4912 μαθόντες
856 4844 921 4895 ὲκ
955 4842 1053 4910 τῆς
1098 4842 1247 4904 θείας
1290 4844 1529 4911 Γραφῆς,
1564 4842 1639 4912 μὴ
1677 4842 1791 4893 τολ-

217 4936 491 5006 μήσωμεν
531 4936 666 4997 ὅλως
715 4933 1034 4986 πεποιθέναι
1076 4934 1108 5002 ἦ
1150 4936 1289 5003 μέγα
1334 4936 1552 5002 φρονεῖν
1604 4932 1696 4984 ἐπὶ
1725 4934 1790 5001 τῇ

214 5025 449 5093 δυνάμει
481 5025 515 5094 ἢ
540 5025 809 5094 εὐρωστία
834 5023 928 5077 τοῦ
956 5024 1205 5093 σώματος
1235 5024 1413 5092 ήμῶν.
1450 5023 1566 5075 Ἵνα
1602 5021 1675 5092 μὴ
1698 5022 1797 5089 τὴν

218 5118 471 5183 κατάραν
493 5115 586 5168 τοῦ
625 5116 968 5186 στηρίζοντος
998 5116 1176 5185 σάρκα
1208 5114 1492 5185 βραχίονος
1519 5113 1686 5166 αὐτοῦ
1712 5111 1796 5180 ἐφ’

220 5212 437 5272 ἑαυτοῖς
463 5210 869 5278 ὲπενέγκωμεν.
904 5209 1094 5261 Πολλοὶ
1119 5211 1227 5279 γάρ
1254 5210 1392 5261 εἰσιν
1416 5211 1464 5260 οἱ
1504 5208 1796 5277 καυχώμεο

220 5320 325 5365 νοι,
349 5302 445 5354 καὶ
473 5301 745 5369 λέγοντες,
786 5302 850 5353 Ai
880 5301 1059 5371 χεῖρές
1092 5318 1195 5369 μου
1256 5302 1545 5371 τρέμουσιν
1579 5299 1670 5351 καὶ
1698 5297 1796 5365 ἐμὲ

223 5395 320 5447 καὶ
346 5392 537 5455 ἄλλους
562 5408 575 5421 ’
607 5393 701 5445 καὶ
730 5393 869 5461 ἔχων
902 5393 999 5455 τὰς
1026 5393 1216 5463 χεῖράς
1258 5409 1380 5461 μου,
1427 5391 1662 5459 δύναμαι
1702 5387 1799 5451 ζῆ-

227 5501 340 5538 σαι.
373 5478 535 5538 Οὗτοί
576 5484 714 5536 είσιν
744 5483 959 5553 ἀληθῶς
1008 5485 1057 5536 οἱ
1107 5483 1523 5552 ματαιόφρονες,
1567 5481 1661 5533 καὶ
1698 5495 1800 5549 μαο

293 5649 338 5680 ’⁸
380 5647 576 5702 Matth.
605 5664 682 5709 Vl,
715 5644 805 5701 25.
882 5647 926 5677 "
960 5643 1091 5699 Luc.
1132 5660 1226 5705 ιιι,
1262 5646 1350 5699 51.

228 5786 271 5821 ⁸³
316 5789 453 5844 ibid.
495 5779 580 5842 i7.
655 5790 697 5818 ³³
728 5786 870 5842 Psal.
912 5779 1056 5849 xuii,
1098 5786 1152 5838 '7.
1229 5787 1274 5816 ³³
1323 5788 1437 5840 Act.
1474 5798 1598 5845 xvn,
1642 5779 1733 5833 28.

512 5881 779 5941 Parum.
828 5880 943 5938 Gn.
982 5881 1335 5941 LXXXIX.

1427 5638 1666 5695 “Matth.
1712 5654 1769 5701 ll,
1791 5638 1826 5691 2
1851 5653 2003 5706 seqq.

229 5718 273 5747 “
303 5720 472 5773 Amos
527 5736 583 5781 ιι,
630 5719 712 5770 M.
791 5716 882 5769 ¹⁷1
930 5716 1059 5784 Reg.
1128 5732 1185 5778 tt,
1234 5718 1289 5779 5,
1332 5718 1385 5770 4.
1458 5716 1503 5745 ’⁸
1550 5712 1709 5784 Prov.
1761 5725 1869 5784 xvi,

1893 4575 2191 4629 pauperem
2233 4568 2289 4612 et
2330 4574 2566 4627 egenum
2612 4574 2640 4611 a
2680 4558 3075 4627 diripientibus
3116 4574 3283 4624 eum;
3322 4561 3376 4613 in
3416 4570 3467 4613 te.

1890 4654 2161 4723 siquidem
2210 4652 2447 4706 vivimus
2499 4665 2552 4706 et
2600 4668 2887 4707 movemur
2951 4662 3005 4707 et
3056 4668 3248 4708 sumus
3291 4654 3355 4707 ³³.
3405 4655 3469 4708 Et

1892 4748 2158 4802 fortitudo
2218 4757 2403 4801 nostra
2462 4758 2518 4801 et
2569 4747 2742 4800 robur
2791 4747 2888 4801 abs
2925 4755 2975 4800 te
3010 4755 3115 4810 est,
3164 4746 3259 4801 sed
3288 4756 3345 4801 et
3375 4763 3467 4801 ca-

1892 4841 2056 4908 pillus
2096 4840 2163 4893 de
2213 4840 2393 4908 capite
2442 4848 2630 4892 nostro
2680 4853 2789 4891 non
2837 4838 2998 4892 cadet
3044 4852 3211 4906 super
3263 4845 3467 4892 terram

1894 4932 2099 4998 absque
2141 4941 2234 4983 tuo
2272 4940 2411 4983 nutu
2434 4931 2498 4991 ³⁶,
2529 4946 2561 4981 o
2592 4930 2890 4997 plasmator
2915 4939 3103 4983 noster
3126 4937 3181 4983 et
3216 4929 3469 4983 humana:

1894 5024 2092 5076 salutis
2149 5023 2429 5076 assertor!
2497 5020 2709 5089 1137
2760 5020 2885 5074 [hec
2915 5020 3088 5089 igitur
3139 5035 3262 5074 cum
3300 5020 3471 5089 probe

1896 5114 2235 5176 noverimus,
2295 5113 2479 5167 divina
2530 5127 2631 5163 nos
2691 5110 2982 5164 crudiente
3033 5110 3335 5179 Scriptura,
3402 5109 3471 5162 de

1893 5205 2068 5258 nostri
2119 5204 2371 5273 corporis
2421 5211 2517 5255 aut
2571 5200 2788 5254 viribus
2852 5211 2945 5254 aut
2998 5202 3210 5269 integra
3263 5200 3473 5255 valetu-

1895 5296 2022 5349 dine
2077 5296 2215 5349 nihil
2253 5295 2478 5349 omnino
2535 5302 2745 5347 temere
2799 5307 2863 5345 ac
2898 5292 3246 5361 prmfidenter
3298 5292 3472 5348 susti-

1898 5404 2124 5442 neamus
2178 5400 2530 5457 pnesumere,
2580 5391 2678 5437 aut
2729 5384 3106 5452 praegestienti
3149 5384 3334 5438 animo
3384 5383 3471 5436 it:-

1899 5479 2196 5544 solescerc,
2260 5486 2319 5531 ut
2366 5492 2435 5531 ne
2487 5474 2638 5530 illius
2688 5474 3131 5529 maledictionem
3178 5474 3468 5528 adversum

2082 5638 2126 5667 "‘
2147 5637 2333 5690 Matth.
2372 5652 2445 5698 ix,
2485 5636 2556 5689 20
2589 5652 2746 5707 seqq.

2102 5710 2171 5749 ³³-
2196 5708 2338 5760 Psal.
2408 5721 2583 5772 CXLVI,
2628 5709 2713 5761 10.

1902 5778 2093 5832 Matth.
2147 5794 2195 5841 χ,
2243 5777 2332 5829 '50.

2843 5638 2888 5669 "
2914 5637 3073 5691 Deut.
3106 5651 3221 5696 vm,
3259 5636 3347 5697 l7,
3389 5637 3473 5688 l3.

2847 5708 2891 5738 ³⁰
2931 5706 3076 5762 Psal.
3147 5721 3311 5769 χχιιι,
3395 5706 3474 5759 ιθ.

3159 5866 3238 5927 55
