4178 6424
753 400 888 462 1739
2022 395 2386 456 ANTIOCHI
2434 397 2775 457 MUNACIH
3891 403 4022 467 174i)

747 527 852 568 nos
877 523 1244 582 reponemus,
1275 524 1370 578 qui
1394 507 1685 562 confirmat
1715 522 1938 560 carnem
1974 507 2185 562 braehii
2218 510 2325 562 sui.

2433 509 2728 576 ταιολόγοι,
2751 512 2800 562 οἱ
2828 510 3313 580 ἐπιλανθανόμενοι
3338 512 3434 565 τοῦ
3470 514 3802 585 ποιήσαντος
3822 517 4022 572 αὐτοὺς

749 606 1005 674 Plerique
1061 604 1210 665 enim
1253 612 1381 657 sunt
1424 601 1518 671 qui
1565 599 1870 668 glorianter
1917 614 1975 653 se
2027 599 2112 653 his
2141 600 2331 654 vendi-

2433 601 2592 666 Θεοῦ,
2616 601 2708 653 τοῦ
2733 603 3062 672 παρέχοντος
3087 604 3279 671 ὑγείαν
3305 606 3397 657 καὶ
3424 607 3631 675 τροφὴν
3653 610 3806 681 πάσῃ
3835 627 3902 661 σα
3914 612 4021 675 ρκὶ.

748 708 866 755 tant
895 697 1082 753 verbis
1110 713 1126 750 :
1158 696 1350 751 Manus
1383 694 1466 747 hae
1517 707 1651 745 nte-.e
1684 702 1740 745 et
1779 706 1865 745 me
1901 692 2056 745 alunt
2086 702 2142 746 et
2173 693 2330 757 alios,

749 792 847 846 sed
897 800 954 846 et
994 803 1159 861 quem
1208 794 1436 840 tuentur
1471 799 1668 838 manus
1722 798 1878 845 mem,
1914 783 2098 836 vivere
2130 791 2329 852 potest.

752 886 919 940 Plane
972 884 1108 938 tales
1152 879 1439 934 verissime
1487 891 1642 931 vana:
1692 886 1821 930 sunt
1867 877 2068 932 mentis
2120 891 2183 929 ac
2239 890 2334 927 va-

753 973 986 1043 niloqui,
1030 987 1214 1026 crassa
1253 970 1531 1025 oblivione
1561 968 1906 1037 negligentes
1960 968 2130 1021 Deum
2157 965 2332 1020 faeto-

758 1082 870 1121 rem
904 1070 1091 1127 Suum,
1139 1063 1234 1132 qui
1271 1061 1562 1116 sanitatem
1613 1061 1859 1130 impartit
1909 1067 1964 1112 et
2017 1060 2332 1113 alimoniam

753 1156 903 1211 omni
963 1154 1116 1208 carni
1149 1171 1162 1206 :
1192 1161 1250 1207 et
1284 1152 1573 1206 confidunt
1608 1151 1660 1204 in
1686 1151 1888 1202 virtute
1921 1164 2038 1202 sua.
2071 1147 2174 1213 Qui
2209 1147 2334 1200 talis

754 1261 857 1313 est,
911 1264 1020 1301 non
1075 1245 1312 1315 simplici
1349 1242 1620 1313 superbiae
1644 1241 1837 1294 morbo
1860 1240 2094 1302 laborat,
2127 1239 2333 1309 quippe

754 1342 849 1414 qui
908 1357 935 1393 a
993 1341 1105 1395 Deo
1157 1353 1216 1392 se
1255 1339 1544 1390 ultroneus
1592 1333 1814 1386 diremit
1869 1348 1932 1385 ac
1957 1331 2190 1385 descivit
2241 1346 2333 1385 re-

754 1434 918 1502 fuga,
965 1431 1097 1485 dum
1157 1431 1328 1499 priva:
1378 1443 1489 1480 sum
1518 1424 1711 1478 virtuti
1757 1423 1978 1478 ascribit
2013 1440 2133 1492 qua:
2167 1423 2334 1494 gessit

754 1542 884 1581 cum
930 1523 1114 1577 laude.
1147 1518 1622 1585 Quemadmodum
1669 1526 1852 1570 autem
1887 1531 2110 1578 aranea,
2143 1515 2234 1568 ubi
2265 1515 2331 1568 ad

756 1618 878 1672 tela:
929 1630 1042 1669 sua:
1084 1612 1360 1681 fastigium
1417 1610 1759 1672 conscendit,
1804 1609 1952 1662 velut
1999 1621 2333 1661 evanescens

756 1715 1036 1763 momento
1085 1705 1194 1758 ruit
1231 1718 1495 1773 praeceps,
1524 1701 1597 1754 ita
1638 1709 1694 1753 et
1723 1699 1816 1768 qui
1851 1707 2058 1751 temere
2094 1696 2332 1766 propriis

756 1801 952 1855 nititur
993 1797 1228 1859 viribus,
1259 1811 1380 1848 mox
1407 1794 1561 1855 sidit,
1589 1801 1644 1845 et
1673 1792 1740 1845 ad
1788 1791 2030 1859 priorem
2081 1789 2330 1843 habitum

755 1890 1024 1947 evanidus
1055 1887 1339 1942 relabitur.
1374 1885 1534 1937 Tales
1567 1883 1744 1937 videri
1771 1883 1984 1952 possint
2012 1883 2332 1951 neutiquam

755 1981 977 2035 audisse
1019 1977 1123 2032 Job
1147 1976 1424 2030 dicentem
1462 1991 1474 2026 :
1512 1993 1528 2024 ι
1556 1972 1811 2026 Siautem
1835 1983 1890 2026 et
1914 1988 2133 2026 manum
2160 1988 2334 2026 meam

757 2071 1046 2140 imponens
1097 2066 1182 2120 ori
1230 2065 1583 2120 deosculatus
1633 2078 1779 2125 sum,
1813 2072 1870 2116 et
1925 2062 2028 2115 hoc
2058 2062 2194 2115 mihi
2229 2062 2332 2116 uti-

756 2175 864 2230 que
889 2173 1088 2228 magna
1109 2155 1374 2225 iniquitas
1413 2155 1715 2224 imputetur
1759 2154 1826 2215 ³⁵,
1858 2173 1875 2203 ο
1913 2153 2042 2222 quia
2072 2152 2336 2207 mentitus

755 2266 881 2306 sum
924 2264 1111 2304 coram
1143 2247 1378 2302 Domino
1426 2245 1714 2300 altissimo.
1761 2243 1867 2299 Sed
1912 2258 2094 2310 neque
2145 2242 2334 2296 Eccle-

758 2343 994 2406 siasten;
1037 2342 1083 2394 is
1113 2341 1264 2394 enim
1306 2338 1386 2392 ait
1417 2353 1431 2391 :
1476 2356 1492 2388 ι
1532 2337 1681 2390 Vcrti
1719 2351 1805 2389 me
1835 2343 1892 2388 et
1922 2334 2032 2387 vidi
2060 2334 2188 2402 quia
2221 2349 2332 2386 non

756 2443 844 2488 est
887 2433 1170 2486 velocibus
1219 2445 1435 2492 cursus,
1496 2439 1718 2482 nonest
1759 2427 2076 2496 potentibus
2106 2427 2332 2491 bellum,

758 2526 855 2582 sed
904 2541 1008 2578 nec
1051 2523 1282 2592 sapienti
1316 2522 1494 2591 panis,
1527 2520 1965 2588 intelligentilms
1993 2535 2101 2572 non
2135 2518 2335 2572 adsunt

758 2614 990 2677 divitize,
1026 2627 1206 2680 neque
1239 2608 1699 2679 cognoscentibus
1727 2607 1913 2672 gratize
1946 2607 2009 2658 ³⁸.
2038 2626 2055 2657 ι
2084 2607 2333 2661 Inducit:

767 2718 784 2750 ι
826 2701 975 2752 Bona
1047 2707 1133 2752 est
1184 2696 1454 2764 sapientia
1509 2710 1620 2764 pne
1669 2695 1822 2748 soliis
1873 2695 2001 2749 belli
2043 2697 2109 2748 ³⁷.
2143 2715 2160 2746 ι
2221 2696 2332 2750 Et:

765 2809 784 2842 ε
824 2791 1066 2846 Peccans
1111 2805 1257 2842 unus
1303 2788 1498 2857 perdet
1567 2786 1874 2839 bonitatem
1932 2788 2158 2841 multam
2209 2789 2271 2842 ³³⁸.
2311 2809 2329 2840 ι

759 2881 1025 2938 Dominus
1069 2896 1290 2950 quoque
1337 2879 1454 2933 suis
1497 2877 1573 2930 ait
1616 2877 1947 2946 discipulis:
1989 2897 2007 2928 ι
2041 2879 2252 2933 Manete
2281 2880 2336 2934 in

758 2987 869 3034 me,
919 2981 975 3024 et
1017 2987 1119 3038 ego
1173 2970 1228 3022 in
1288 2967 1467 3021 vobis.
1526 2966 1681 3019 Sicut
1730 2968 1939 3034 palmes
1993 2983 2103 3021 non
2156 2979 2338 3037 potest

2433 691 2528 743 καὶ
2566 691 2893 752 πεποιθότες
2942 692 3034 744 ἐπὶ
3076 696 3140 763 τῇ
3188 693 3416 764 δυνάμει
3453 697 3651 751 αὐτῶν.
3699 698 4023 768 ’Υπερηφα-

2432 783 2555 836 νίαν
2583 784 2690 853 γὰρ
2747 787 2895 836 νοσεῖ
2937 785 2965 836 6
2994 787 3312 855 ἀποστήσας
3353 789 3544 842 ἑαυτὸν
3586 791 3682 842 τοῦ
3726 790 3890 853 θεοῦ,
3934 795 4024 845 καὶ

2437 875 2544 946 ἰδίᾳ
2581 877 2806 944 δυνάμει
2863 878 3186 946 ἐπιγράφων
3238 879 3309 931 τά
3363 882 3772 950 κατορθώματα
3833 884 4022 939 αὑτοῦ.

2435 967 2647 1037 Ὠσπερ
2703 966 2758 1018 δὲ
2791 967 2819 1019 ὁ
2865 969 3061 1032 ἐπιϐὰς
3113 971 3329 1041 ἀράχνῃ
3375 973 3652 1026 διαπεσὼν
3710 977 4023 1045 κατηνέχθη

2435 1059 2586 1110 κάτω
2608 1075 2620 1087 ·
2655 1058 2831 1122 οὕτως
2862 1062 3162 1130 συμπίπτει
3193 1065 3220 1114 6
3269 1062 3488 1133 θαρρῶν
3517 1068 3584 1134 τῇ
3635 1065 3739 1132 ἰδία
3770 1065 4021 1133 δυνάμει.

2437 1149 2571 1202 Οὐδὲ
2602 1151 2706 1203 κᾶν
2735 1149 2830 1203 τοῦ
2882 1153 3000 1204 Ἰὼϐ
3041 1154 3279 1222 ἥκουσαν
3325 1154 3613 1222 λέγοντος·
3655 1178 3672 1208 ς
3718 1162 3778 1209 Εἰ
3832 1158 3889 1210 δὲ
3932 1159 4025 1208 καὶ

2434 1239 2594 1310 χεῖρά
2629 1258 2734 1310 μου
2763 1241 2978 1304 ἐπιθεὶς
3007 1244 3102 1296 ἒπὶ
3153 1245 3382 1314 στόματι
3431 1247 3690 1315 ἐφίλησα,
3725 1249 3819 1300 καὶ
3861 1246 4026 1299 τοῦτο

2434 1332 2541 1401 ἄρα
2570 1348 2662 1400 μοι
2693 1331 2906 1402 μεγάλη
2949 1333 3151 1403 ἀνομία
3196 1334 3498 1404 λογισθείη,
3533 1355 3548 1384 ι
3587 1337 3670 1389 ὅτι
3703 1337 4025 1405 ἐψευσάμην

2435 1423 2616 1476 ἔναντι
2647 1424 2851 1492 Κυρίου
2892 1425 2986 1476 τοῦ
3025 1426 3272 1494 ὑψίστου.
3321 1428 3595 1490 Ὡσαύτως
3642 1430 3734 1481 καὶ
3780 1429 3878 1481 τοῦ
3904 1430 4025 1481 Ἐκ-

2435 1515 2766 1584 κλησιαστοῦ
2791 1532 2805 1547 ο
2842 1518 3007 1586 φησὶν
3039 1518 3151 1588 γὰρ
3197 1520 3406 1582 ἐκεῖνος
3439 1537 3449 1550 ·
3479 1538 3497 1570 ι
3533 1521 3904 1591 Ἐπέστρεψα,
3934 1526 4026 1574 καὶ

2437 1606 2544 1658 ἴδον
2574 1609 2655 1660 ὅτι
2682 1608 2741 1659 οὑ
2773 1610 2884 1669 τοῖς
2922 1608 3148 1676 κούφοις
3175 1611 3203 1662 6
3230 1609 3452 1680 δρόμος,
3482 1611 3603 1662 οὐδὲ
3632 1613 3744 1674 τοῖς
3773 1611 4025 1673 δυνατοῖς

2433 1699 2462 1750 ὁ
2492 1699 2748 1768 πόλεμος.
2791 1700 2901 1752 Καί
2935 1717 2998 1768 γε
3046 1702 3104 1754 οὑ
3151 1701 3230 1772 τῷ
3273 1701 3628 1772 σοφῶἆρτος,
3664 1704 3759 1755 καὶ
3801 1705 3864 1756 οὑ
3913 1708 4026 1762 τοῖς

2439 1789 2680 1848 συνετοῖς
2715 1790 2743 1840 6
2784 1789 3014 1854 πλοῦτος
3039 1807 3051 1819 ·
3093 1795 3187 1844 καὶ
3220 1791 3281 1844 οὑ
3309 1794 3420 1854 τοῖς
3458 1792 3826 1860 γινώσκουσιν
3859 1798 3894 1866 ἡ
3928 1798 4025 1864 χά-

2443 1896 2547 1948 ρις.
2590 1896 2608 1930 ι
2644 1880 2755 1932 Καὶ
2789 1881 3005 1949 ἐπάγει,
3045 1901 3063 1933 ι
3095 1883 3305 1954 ’Λγαθὴ
3347 1884 3506 1950 σοφία
3535 1885 3678 1955 ὑπὲρ
3712 1886 3885 1956 σκεύη
3925 1905 4027 1939 πο-

2439 1971 2625 2039 λέμου.
2662 1989 2680 2020 ι
2720 1971 2849 2034 Καὶ,
2881 1989 2900 2021 ι
2949 1971 3308 2044 ’Δμαρτάνων
3347 1970 3447 2039 εἷς,
3500 1977 3757 2030 ἀπολέσει
3801 1979 4026 2046 ἀγαθω-

2440 2063 2609 2133 σύνην
2637 2063 2857 2133 πολλήν.
2893 2083 2911 2116 ι
2946 2065 3057 2119 Καὶ
3077 2067 3104 2118 6
3134 2066 3340 2138 Κύριος
3369 2072 3481 2132 τοῖς
3508 2070 3704 2124 ἑαυτοῦ
3747 2072 4026 2143 μαθηταῖς

2439 2171 2625 2224 φησιν,
2660 2154 2949 2231 ιιΜείνατε
2980 2158 3039 2210 ἐν
3081 2157 3228 2228 ἐμοὶ,
3261 2158 3415 2222 κάγὼ
3453 2162 3512 2213 ὲν
3548 2163 3696 2231 ὑμῖν.
3733 2163 3938 2226 Καθὼς
3966 2167 4028 2215 τὸ

2440 2247 2627 2315 κλῆμα
2655 2247 2715 2299 οὐ
2741 2247 2963 2301 δύναται
2998 2250 3209 2319 καρπὸν
3235 2251 3421 2318 φέρειν
3447 2253 3539 2320 ἀφ’
3569 2253 3790 2317 ἑαυτοῦ,
3824 2255 3923 2307 tam
3952 2258 4025 2325 μὴ

2443 2338 2599 2409 μείνῃ
2644 2339 2704 2390 ὲν
2730 2343 2793 2408 τῇ
2841 2341 3073 2411 ἀμπέλῳ
3095 2358 3108 2372 ·
3155 2342 3331 2405 οὕτως
3366 2346 3486 2398 οὐδὲ
3519 2347 3696 2415 ὑμεῖς,
3730 2348 3829 2400 ἐὰν
3861 2347 3943 2418 μὴ
3973 2351 4028 2400 ἐν

2437 2428 2560 2497 ἐμοὶ
2589 2432 2811 2499 μείνητε
2837 2448 2850 2462 ο
2893 2432 3004 2500 ἐγὼ
3056 2435 3172 2504 είμι
3204 2437 3238 2505 ἠ
3287 2437 3547 2505 ἄμπελος,
3581 2439 3739 2507 ὑμεῖς
3777 2440 3849 2493 τὰ
3899 2440 4026 2510 κλή-

2444 2538 2592 2589 ματα
2614 2536 2628 2549 '
2664 2523 2692 2574 6
2723 2522 2901 2589 μένων
2934 2526 2991 2576 ὲν
3021 2526 3164 2594 ἐμοὶ,
3195 2528 3350 2594 κάγὼ
3384 2529 3440 2580 ἐν
3468 2529 3638 2598 αὑτῷ,
3679 2523 3840 2594 οὗτος
3871 2532 4028 2601 φέρει

2441 2614 2653 2682 καρπὸν
2688 2614 2887 2666 πολύν
2941 2617 3021 2669 ὅτι
3069 2618 3237 2689 χωρὶς
3272 2621 3409 2689 ὲμοῦ
3460 2622 3518 2674 οὑ
3562 2621 3796 2674 δύνασθε
3854 2626 4028 2675 ποιεῖν

2437 2703 2610 2756 οὐδέν.
2654 2723 2672 2755 ι
2714 2707 2821 2758 Καὶ
2853 2707 3115 2772 εἰκότως·
3150 2711 3312 2773 αὐτὸς
3349 2714 3458 2783 γάρ
3503 2715 3650 2766 ἐστιν
3677 2714 3739 2766 τὸ
3787 2715 3909 2782 φῶς
3937 2717 4029 2768 καὶ

2437 2795 2470 2861 ἡ
2493 2794 2606 2863 ζωὴ
2634 2795 2740 2847 τῶν
2766 2797 3090 2866 ἀνθρώπων,
3112 2801 3205 2853 καὶ
3235 2821 3252 2852 ι
3281 2802 3464 2859 Πάντα
3492 2803 3559 2856 δι’
3587 2803 3755 2857 αὑτοῦ
3785 2805 4027 2872 ἐγένετο,

2438 2885 2533 2936 καὶ
2560 2888 2726 2956 χωρὶς
2761 2888 2926 2941 αὐτοῦ
2957 2891 3174 2957 ἐγένετο
3211 2894 3333 2946 οὑδὲ
3372 2895 3430 2948 ἓν
3462 2896 3490 2948 ὃ
3525 2897 3775 2964 γέγονεν.
3815 2917 3835 2950 ι
3870 2898 4028 2967 Αὑτῴ

2439 2976 2472 3045 ἡ
2505 2977 2632 3040 δόξα
2659 2980 2740 3041 εἰς
2770 2983 2898 3042 τοὺς
2933 2983 3158 3046 αίῶνας.
3190 2985 3388 3058 Ἀμήν.

757 3063 906 3119 ferre
955 3061 1196 3115 fructum
1237 3077 1268 3114 a
1312 3059 1631 3128 semetipso,
1679 3057 1783 3110 nisi
1823 3059 2088 3112 manserit
2124 3057 2180 3113 in
2212 3060 2344 3126 vite,
2389 3065 2468 3119 sic
2518 3084 2621 3122 nec
2650 3085 2747 3122 vos
2781 3072 2886 3126 uisi
2956 3075 3009 3127 in
3054 3091 3142 3130 me
3173 3079 3505 3133 manseritis.
3553 3079 3667 3146 Ego
3718 3096 3849 3135 sum
3877 3082 4023 3142 vitis.

757 3169 859 3209 vos
900 3152 1155 3222 palmites
1219 3167 1234 3203 :

1305 3149 1400 3220 qui
1457 3154 1644 3201 manet
1687 3147 1741 3201 in
1798 3162 1906 3212 me,
1957 3157 2014 3202 et
2058 3164 2160 3219 ego
2210 3149 2266 3204 in
2316 3169 2404 3214 eo.
2449 3156 2537 3209 hie
2584 3157 2690 3212 fert
2741 3160 2980 3216 fructum
3013 3167 3268 3230 multum,
3314 3168 3442 3236 quia
3477 3169 3594 3222 sine
3625 3185 3713 3224 me
3756 3171 3903 3224 nihil
3935 3189 4026 3241 pn-

761 3249 918 3306 testis
964 3246 1147 3301 facere
1188 3246 1255 3298 ³⁹.
1295 3262 1313 3295 ι
1349 3243 1481 3299 Jure
1509 3241 1734 3311 quidem
1769 3260 1781 3293 :
1816 3241 1932 3310 ipse
1968 3243 2116 3296 enim
2151 3244 2434 3300 hominum
2466 3258 2549 3303 est
2575 3251 2666 3305 lux
2702 3262 2757 3306 et
2819 3257 2950 3320 vita,
2977 3266 3054 3321 et,
3101 3277 3117 3309 ι
3147 3259 3342 3313 Omnia
3404 3261 3646 3330 denique
3698 3280 3804 3333 per
3838 3267 4016 3335 ipsum

758 3341 902 3396 facta
940 3347 1092 3405 sunt,
1138 3344 1197 3392 et
1246 3335 1368 3390 sine
1421 3334 1542 3405 ipso
1588 3333 1793 3388 factum
1843 3341 1930 3389 est
1974 3334 2113 3390 nihil
2163 3337 2315 3407 quod
2373 3339 2579 3396 factum
2621 3354 2707 3399 est
2735 3345 2802 3400 “.
2841 3365 2861 3400 ι
2904 3348 3013 3419 lpsi
3081 3351 3252 3419 gloria
3299 3353 3353 3406 in
3398 3356 3596 3408 saecula
3663 3333 4024 3415 seculorum.

758 3431 956 3485 Amen.

1323 3532 1612 3590 llOMlLlA
1653 3530 1764 3586 Cll.

899 3652 1274 3722 Importunum
1304 3647 1736 3718 familiaritatem
1763 3659 1874 3698 csse
1896 3646 2191 3703 vitandam.

835 3766 1014 3822 Nimis
1043 3779 1209 3834 quam
1242 3763 1474 3825 bonum,
1499 3774 1602 3814 nec
1640 3757 1827 3812 minus
1866 3758 2002 3813 utile
2038 3759 2227 3826 fuerit,
2255 3760 2340 3818 in-

761 3857 1146 3929 tempestivam
1196 3853 1485 3908 hominum
1543 3847 2004 3904 consuetudinem
2052 3850 2334 3922 defugere,

759 3961 818 4007 et
843 3950 912 4004 de
940 3961 1134 4003 eorum
1165 3945 1255 3996 via
1287 3941 1582 4006 decedere,
1616 3948 1785 4010 atque
1815 3940 2061 3994 aversari
2089 3941 2216 3995 illos
2239 3943 2335 4011 qui

761 4042 900 4097 nihil
939 4049 1048 4093 tam
1077 4035 1350 4105 resipiunt
1385 4048 1549 4103 quam
1581 4047 1703 4102 quae
1749 4039 1878 4085 sunt
1927 4033 2140 4098 mundi,
2170 4033 2336 4088 modo

760 4131 910 4187 nulla
977 4127 1286 4182 intercedat
1343 4126 1539 4193 ingens
1596 4123 1922 4177 necessitas.
1949 4123 2133 4192 Longe
2185 4123 2335 4178 enim

759 4223 905 4277 alius
962 4227 1122 4288 urget
1177 4215 1408 4269 allectus
1465 4229 1581 4278 eos,
1618 4213 1713 4283 qui
1764 4213 1976 4268 mundo
2025 4215 2159 4270 huic
2212 4216 2335 4272 vale

759 4313 950 4366 dixere
993 4321 1338 4377 supremum,
1374 4314 1430 4358 et
1460 4305 1605 4358 alius
1642 4320 1741 4359 eos
1776 4321 1916 4375 quos
1959 4313 2109 4361 totos
2140 4307 2334 4363 mundi

759 4418 915 4457 amor
963 4399 1067 4453 sibi
1119 4396 1386 4452 devinxit.
1413 4395 1889 4461 Quemadmodum
1945 4397 2094 4451 enim
2141 4399 2242 4453 bos
2286 4399 2333 4454 si

757 4497 971 4551 accidat
1028 4493 1256 4556 bubalo,
1309 4491 1352 4545 si
1403 4506 1614 4560 onagro
1669 4492 1986 4545 veteriuum
2033 4492 2332 4563 quodpiam

757 4588 1070 4649 adhiuniat,
1103 4585 1253 4638 nulla
1305 4582 1505 4636 edetur
1556 4597 1663 4635 vox
1728 4581 1834 4636 nisi
1888 4584 2214 4654 obstrepera
2267 4600 2333 4641 ac

755 4681 1001 4741 dissona,
1043 4675 1262 4745 1188
1285 4674 1386 4737 sie,
1415 4675 1462 4728 si
1501 4673 1829 4729 familiarius
1854 4691 1981 4729 eum
2014 4677 2334 4733 hominibus

755 4769 947 4825 nmndi
972 4767 1227 4826 monachi
1249 4766 1697 4835 congrediemur.
1725 4767 2025 4822 Monachus
2052 4769 2138 4824 sui
2159 4769 2333 4839 ipsius

754 4870 1085 4933 potestatem
1136 4874 1247 4913 non
1297 4858 1467 4912 habet
1503 4874 1517 4909 :
1557 4857 1708 4911 illius
1741 4858 1890 4913 enim
1931 4873 1991 4913 se
2017 4859 2229 4914 addixit
2263 4875 2329 4916 ac

754 4952 1088 5023 maneipavit
1115 4951 1395 5015 servituti,
1425 4951 1586 5020 cujus
1615 4965 1884 5004 accensus
1917 4959 2004 5005 est
2036 4944 2245 5007 militia:
2272 4961 2330 5008 et

752 5044 1145 5114 ascriptitius:
1178 5043 1454 5096 cervicem
1507 5043 1658 5096 enim
1694 5042 1844 5096 illius
1871 5042 2172 5098 substravit
2197 5045 2330 5114 jugo

752 5137 847 5207 qui
889 5138 1070 5208 ipsum
1101 5134 1326 5205 delegit,
1354 5144 1414 5188 ut
1444 5149 1542 5188 eos
1591 5134 1854 5197 demetat,
1888 5134 2189 5188 universim
2229 5137 2329 5190 de-

752 5236 924 5292 secet,
955 5227 1050 5298 qui
1082 5226 1137 5279 in
1165 5225 1424 5279 concavis
1446 5225 1684 5279 vallibus
1710 5225 1970 5280 modesta:
1999 5225 2329 5283 humilitatis

752 5318 943 5371 divino
983 5317 1270 5371 abundant
1321 5315 1622 5378 frumento,
1651 5317 1800 5370 rivos
1825 5332 2023 5386 nempe
2065 5318 2120 5373 in
2153 5319 2324 5375 imum

751 5408 1011 5474 devexos,
1029 5407 1232 5476 pluviis
1255 5422 1286 5460 e
1315 5406 1456 5461 coelo
1480 5416 1536 5460 et
1561 5406 1868 5461 vivificante
1899 5407 2108 5477 Spiritu
2141 5410 2326 5464 siden-

752 5498 899 5552 tibus
950 5499 1276 5562 inebriatos,
1312 5498 1469 5567 eujus
1509 5497 1744 5552 roscidis
1793 5499 2025 5568 guttulis
2074 5501 2322 5556 stillatim

751 5590 892 5644 cmlo
924 5589 1240 5645 labentibus
1270 5589 1456 5643 anima
1494 5588 1757 5656 hominis,
1789 5590 2064 5660 ejusmodi
2116 5594 2322 5662 germi-

821 5727 865 5758 ³³
898 5727 998 5783 Job
1036 5745 1196 5795 xm,
1242 5728 1333 5792 9.7,
1373 5727 1464 5784 ‘28.

1575 5729 1621 5763 ⁸⁸
1657 5730 1841 5786 Ειτςιο.
1883 5745 1959 5794 Ix,
2022 5733 2105 5787 ll.

753 5810 792 5859 I,
835 5795 886 5848 3.

2217 5733 2258 5766 ³⁷
2307 5734 2440 5792 ibid.

3043 3548 3263 3601 ΛΟΓΟΣ
3292 3550 3414 3603 PB’.

2437 3656 2576 3722 Περὶ
2618 3655 2726 3709 τοῦ
2752 3659 3174 3726 παραιτεῖσθαι
3201 3661 3311 3728 τὰς
3340 3664 3630 3734 ἀκαίρους
3659 3677 4022 3742 συντυχίας.

2509 3767 2690 3820 Καλὸν
2720 3768 2860 3836 ἄγαν
2900 3770 2994 3823 καὶ
3031 3770 3152 3824 λίαν
3201 3773 3503 3844 ἑπωφελὲς,
3528 3780 3589 3832 τὸ
3633 3789 4024 3852 παραιτεῖσθαι

2437 3857 2533 3920 τὰς
2556 3857 2820 3927 ἀκαίρους
2856 3863 3152 3932 συντυχίας
3179 3880 3193 3894 ·
3227 3867 3322 3918 καὶ⁵
3352 3869 3719 3938 ἐκτρέπεσθαι
3755 3877 3890 3940 τοὺς
3931 3897 4022 3930 κο·

2438 3950 2779 4018 σμόφρονας,
2807 3951 2940 4022 ἀτερ
2973 3955 3220 4026 μεγάλης
3253 3958 3522 4031 ἀνάγκης.
3555 3964 3727 4035 ’Δλλη
3765 3970 3881 4038 γὰρ
3906 3971 4010 4023 διά.

2437 4042 2585 4102 θεσις
2632 4044 2743 4104 τοῖς
2804 4042 2909 4107 ἔξω
2965 4044 3060 4098 τοῦ
3124 4047 3356 4116 κόσμου,
3390 4052 3486 4104 καὶ
3527 4053 3662 4125 ἄλλη
3693 4060 3814 4119 τοῖς
3860 4061 3920 4111 ὲν
3948 4063 4023 4131 τῷ

2435 4133 2646 4203 κόσμῳ.
2674 4134 2887 4206 ’Ὥσπερ
2917 4133 3011 4190 οὖν
3057 4139 3388 4210 ἀσύμφωνος
3418 4145 3451 4213 ἡ
3483 4145 3704 4209 σύνοδος
3741 4150 3843 4203 τοῦ
3878 4152 4018 4221 βοὸς,

2435 4224 2530 4277 καὶ
2556 4223 2650 4277 τοῦ
2681 4225 2964 4293 βουὸἀλου,
2996 4230 3090 4283 καὶ
3137 4232 3458 4303 ὑποζυγίου,
3490 4239 3584 4290 καὶ
3608 4238 3852 4310 ὀνάγρου
3883 4259 3896 4273 ·
3932 4246 4021 4298 05-

2431 4329 2540 4376 τως
2570 4316 2665 4368 καὶ
2693 4318 2858 4387 ἡτῶν
2891 4320 3165 4390 μοναχῶν,
3193 4322 3290 4376 καὶ
3333 4324 3444 4376 τῶν
3489 4327 3632 4381 κατά
3680 4331 3918 4400 κόσμον.
3964 4336 4020 4386 '0

2437 4406 2673 4477 μοναχδς
2715 4409 2965 4472 ἐξουσίαν
3010 4413 3208 4465 ἑαυτοῦ
3237 4415 3337 4468 οὑκ
3372 4416 3508 4485 ἔχει’
3549 4419 3882 4477 δεδούλωται
3913 4428 4019 4495 γὰρ

2432 4497 2509 4569 τῷ
2575 4501 3066 4573 στρατολογήσαντι
3123 4505 3324 4573 αὑτὸν,
3353 4509 3437 4562 ὄτι
3508 4511 3881 4570 ὑποκέκλικεν
3929 4520 4019 4571 τὸν

2433 4593 2636 4662 αὐχένα
2689 4593 2856 4648 αὑτοῦ
2903 4598 2969 4667 τῇ
3030 4597 3236 4671 ζεύγλῃ
3262 4601 3358 4654 τοῦ
3386 4602 3817 4676 ἑξελαυνομένου
3854 4612 4018 4663 αὑτὸν

2432 4683 2653 4754 τέμνειν
2691 4685 3108 4757 ἀμεταστρεπτὶ
3175 4690 3304 4754 τοὺς
3353 4692 3414 4745 ἑν
3449 4696 3570 4758 ταῖς
3591 4697 3876 4771 κοιλότησι
3920 4703 4017 4770 τῆς

2432 4777 2935 4848 ταπεινοφροσύνης
2967 4779 3342 4849 πληθύνοντας
3366 4783 3462 4837 τὸν
3487 4784 3630 4839 θεῖον
3660 4790 3813 4842 σῖτον
3844 4793 4016 4845 abh-

2361 4855 2403 4910 D
2433 4881 2557 4929 κας,
2594 4866 2722 4929 τοὺς
2782 4867 3226 4938 μεθυσκομένους
3283 4873 3350 4926 ἐκ
3401 4875 3503 4945 τῆς
3561 4877 3879 4950 ἐπομϐρίας
3925 4884 4013 4937 τοῦ

2430 4956 2684 5027 οὐρανοῦ,
2707 4957 2800 5010 καὶ
2827 4957 3182 5030 ζωοπαρόχου
3209 4962 3552 5034 Πνεύματος.
3574 4964 3650 5022 υὺ
3675 4973 3794 5035 τοῖς
3823 4977 4014 5042 σταγὸ-

2432 5065 2516 5100 σιν
2541 5048 2895 5120 εὐφραίνεται
2926 5053 2961 5120 ὴ
2989 5052 3361 5109 ἀνατέλλουσα
3385 5056 3456 5110 τὰ
3486 5057 3608 5114 θεῖα
3633 5062 3896 5132 νοήματα
3921 5067 4011 5119 τοί

2427 5138 2721 5208 ἀνθρώπου
2781 5141 2952 5212 ψυχή.
2997 5144 3056 5195 Ὀ
3082 5143 3193 5216 γὰρ
3244 5145 3576 5218 ὀρεγόμενος
3625 5153 3890 5223 ἡσυχίας,
3921 5161 4011 5210 καὶ

2428 5233 2855 5302 ἀπερισπάστως
2889 5235 3215 5305 βουλόμενος
3243 5241 3602 5312 προσομιλεῖν
3627 5244 3706 5316 τῷ
3739 5247 3888 5317 Θεῷ,
3916 5251 4011 5302 οὑκ

2428 5324 2637 5393 ὀφείλει
2690 5326 2829 5388 ὅλως
2875 5331 3156 5398 συντυχεῖν
3207 5347 3313 5385 τινι
3355 5333 3417 5387 τὸ
3465 5334 3684 5390 σύνολον
3709 5353 3726 5370 ο
3762 5339 3878 5393 τῶν
3906 5343 4010 5412 γὰρ

2427 5416 2651 5470 τελείων
2699 5417 2846 5470 ἐστὶν
2894 5418 2957 5472 τὸ
3005 5419 3206 5490 μέτρον
3241 5425 3400 5478 τοῦτο
3445 5427 3555 5480 τῶν
3612 5435 4010 5500 νεκρωσὰντων

2430 5508 2656 5600 έαυτοὺς
2687 5510 2766 5580 τῷ
2797 5513 3009 5586 κόσμῳ,
3050 5517 3472 5589 κεκολλημένων
3499 5523 3558 5576 δὲ
3585 5527 3652 5594 τῇ
3688 5527 3888 5600 ἀγάπῃ
3917 5532 4006 5583 τοῦ

2427 5597 2586 5654 Θεοῦ.
2621 5601 2682 5653 Εἰ
2718 5601 2776 5654 δὲ
2814 5603 2910 5657 καὶ
2949 5605 3107 5677 χρεία
3147 5607 3374 5681 γένηται
3410 5615 3703 5685 συντυχίας
3729 5658 3748 5685 ,
3784 5597 4004 5690 uirga.

2555 5739 2600 5773 ³⁸
2648 5740 2784 5798 ibid.
2838 5744 2919 5800 18.
3035 5748 3080 5781 ³⁸
3124 5746 3284 5806 Joan.
3337 5764 3427 5815 xv,
3481 5751 3536 5818 4,
3572 5751 3627 5808 5.
3746 5754 3799 5790 ⁸⁸
3852 5758 4007 5817 lum.
