4178 6424
216 418 347 483 1741

902 419 1232 481 IIOMILIA
1271 420 1400 483 CII.
1437 445 1509 458 -
1546 420 1645 482 DE
1684 418 2138 483 IMPORTUNA
2175 419 2802 482 FAMILIARITATE.

3342 421 3479 485 1742

174 543 298 604 etv
347 525 742 596 πνευματικοῖς
795 525 893 578 καὶ
950 527 1385 595 συναγωνισταῖς
1408 568 1423 591 ,
1455 526 1490 596 ἢ
1545 526 1788 595 ἀδελφοῖς

1894 526 1981 581 nis
2010 526 2068 581 in
2096 542 2330 593 morem,
2371 529 2441 583 de
2477 530 2588 584 Deo
2622 527 2990 599 cogitationes
3018 529 3361 601 concipiens,
3388 535 3480 588 la!-

208 617 490 687 δεομένοις
540 614 811 685 ὡφελείας
848 620 1267 688 συντυγχάνειν.
1300 618 1368 671 Ἦ
1415 618 1525 687 γὰρ
1566 616 1793 687 τοιαύτη

210 710 495 781 συντυχία,
570 709 653 770 είς
703 708 987 778 θεολογίαν
1046 708 1375 778 λογίζεται·
1436 708 1531 763 καὶ
1574 710 1793 773 πάντως

208 804 241 873 ἦ
276 803 576 873 ὠφελήσει,
613 802 646 873 ἢ
684 801 1131 873 ὠφεληθήσεται.
1172 802 1342 869 Φησὶν
1371 803 1429 856 δὲ
1462 801 1610 872 καὶὴ
1648 802 1794 872 Γρα-

209 896 308 965 φὴ.
338 913 358 945 ι
395 895 597 967 Ἀνδρα
625 893 800 965 εὑρὼν
826 896 1113 965 φρόνιμον,
1132 894 1383 965 δρθρισον
1412 894 1548 966 πρδς
1571 894 1786 947 αὐτόν.»

210 988 347 1047 Καὶ.
385 1005 404 1039 ι
443 987 539 1051 Τίς
600 986 804 1056 σοφόςς
855 985 1004 1056 αύτῷ
1054 987 1514 1057 προσκολληθητι.
1561 985 1621 1039 '0
1683 986 1793 1055 γὰρ

210 1079 519 1145 συνδιάγων
552 1066 756 1146 σοφοῖς,
787 1079 951 1148 σοφὸς
982 1078 1157 1132 ἔσται.
1194 1095 1216 1131 ι
1257 1078 1321 1133 Ἦ
1354 1077 1411 1131 δὲ
1456 1076 1551 1131 τοῦ
1582 1078 1790 1147 κόσμου

209 1172 493 1241 συντυχία,
522 1171 879 1243 ἀσύμφρορος
907 1172 1042 1241 ἡμῖν
1080 1172 1228 1224 ἐστιν
1255 1186 1271 1203 ⁸
1306 1171 1558 1226 λαλοῦσιν
1586 1170 1696 1241 γὰρ
1723 1170 1793 1224 τὰ

205 1263 307 1316 τοῦ
363 1264 561 1327 αἰῶνος
605 1263 821 1318 τούτου.
858 1264 972 1315 Καὶ
1019 1263 1206 1316 λοιπδν
1250 1263 1546 1333 χαυνοῦται
1580 1265 1609 1316 ὁ
1643 1263 1788 1327 νοῦς,

207 1356 307 1409 καὶ
348 1358 709 1424 καταργεῖται
736 1357 801 1407 ἐκ
838 1357 937 1423 τῆς
973 1355 1355 1423 πνευματικῆς
1396 1352 1663 1425 ἑργασίας
1695 1352 1792 1406 καί⁵

205 1446 466 1499 ἐκλύεται
507 1447 644 1517 πρὸς
692 1446 786 1498 τὸν
818 1446 919 1515 τῆς
951 1447 1242 1517 ἀσκήσεως
1279 1444 1454 1501 τόνον.
1486 1444 1689 1498 Λοιπὸν
1732 1444 1791 1497 δὲ

204 1539 306 1590 καὶ
358 1537 694 1608 ὲστιατορία,
742 1537 839 1591 καὶ
891 1537 1031 1607 αὑτὴ
1091 1536 1791 1607 ὲνηλλαγμένη.”Εκαστος

204 1631 322 1701 γὰρ
353 1631 417 1683 ἐκ
446 1630 547 1700 τῆς
578 1631 713 1694 ίδίας
742 1632 1023 1703 γεωργίας
1047 1632 1175 1693 τοὺς
1199 1630 1451 1701 καρποὺς
1481 1630 1789 1683 ἐπιδείκνυ-

204 1740 316 1776 σιν.
350 1721 448 1775 Διὰ
474 1720 634 1775 τοῦτο
660 1721 880 1793 εἴρηκα,
906 1723 989 1775 ὃτι
1017 1723 1287 1792 ἀμέτοχος
1322 1724 1418 1776 καί
1459 1721 1792 1793 ἀσύμφωνός

202 1814 359 1868 ἔστιν
383 1816 413 1867 ὁ
443 1814 558 1884 βίος
600 1814 708 1867 τῶν
740 1814 962 1881 ἀζύγων
1005 1813 1234 1867 καὶτῶν
1262 1813 1563 1883 κοσμικῶν.
1594 1813 1788 1882 ’Λνάγ-

1900 630 2051 676 tatur
2078 628 2136 675 et
2183 621 2486 677 hilarcseit.
2512 623 2731 678 Etenim
2781 624 2876 693 qui
2922 624 3234 692 tranquillae
3274 627 3479 695 quietis

1896 712 2107 781 expetit
2154 712 2557 778 ammnitatem,
2580 714 2835 785 quisquis
2867 713 3024 784 cupit
3072 714 3186 768 Deo
3233 716 3476 785 colloqui

1894 802 2247 868 familiarius,
2284 804 2451 859 debet
2507 806 2553 861 is
2610 807 2666 861 in
2721 822 2925 877 genere
2961 820 3183 861 omnem
3226 808 3476 863 omnium

1895 908 2126 964 prorsus
2162 894 2491 950 familiarem
2514 912 2875 967 congressum
2900 914 2934 954 a
2965 914 3024 954 se
3054 898 3378 968 przeciderc.
3408 899 3478 955 Et

1894 986 1985 1040 hic
2023 987 2187 1056 plane
2229 987 2586 1043 instituenda:
2620 990 2748 1045 vita:
2799 991 2995 1046 modus
3044 991 3100 1044 in
3132 992 3282 1046 solos
3325 990 3477 1045 cadit

1894 1076 2171 1145 perfectos
2191 1080 2285 1148 qui
2318 1080 2533 1149 seipsos
2558 1080 2766 1135 mundo
2787 1083 3013 1152 quidem
3044 1082 3474 1147 mortificarunt,

1894 1166 2006 1220 Deo
2035 1178 2217 1223 autem
2256 1170 2606 1225 eohzescrunt
2653 1170 2868 1241 glutino
2918 1173 3229 1228 charitatis.
3262 1173 3317 1228 Si
3364 1189 3476 1243 qua

1895 1257 2118 1312 interim
2153 1261 2426 1331 ingruerit
2455 1262 2762 1317 necessitas
2786 1262 2869 1317 sic
2904 1264 3153 1332 perfecto
3202 1267 3473 1335 spiritua-

1892 1350 1976 1405 lcs
2011 1353 2204 1407 Patres
2236 1364 2299 1408 ut
2345 1354 2663 1423 compellet,
2702 1362 2797 1408 aut
2837 1369 3025 1409 secum
3057 1356 3216 1424 parili
3246 1371 3475 1412 concer-

1894 1447 2077 1497 tantes
2136 1457 2334 1512 agone,
2376 1453 2471 1499 aut
2521 1452 2674 1500 certe
2730 1460 2798 1500 ex
2854 1444 3122 1501 fratribus
3174 1450 3474 1504 nonnullos

1892 1532 2099 1601 quibus
2153 1534 2280 1588 usui
2335 1549 2457 1589 esse
2513 1536 2731 1605 possit:
2764 1536 2931 1591 debet
2991 1537 3184 1607 utique
3228 1553 3360 1594 eum
3390 1539 3475 1595 eis

1892 1625 2154 1695 congredi
2184 1625 2555 1691 familiariter,
2578 1642 2643 1682 ac
2663 1628 2709 1682 si
2736 1628 2806 1684 de
2829 1628 2942 1683 Deo
2964 1628 3281 1699 divinisque
3305 1630 3475 1686 rebus

1892 1727 2044 1776 texat
2094 1735 2431 1776 sermonem.
2466 1722 2706 1776 Prorsus
2749 1723 2875 1776 talis
2903 1722 3261 1779 emolumenti
3294 1725 3473 1794 pluri-

1891 1826 2042 1866 mum
2068 1821 2164 1867 aut
2197 1813 2389 1867 atl‘cret
2419 1813 2658 1878 exteris,
2687 1822 2784 1867 aut
2830 1822 2982 1869 certe
3005 1829 3192 1871 secum
3220 1815 3422 1870 referet
3453 1833 3469 1871 :

202 1924 279 1975 κη
310 1902 406 1960 οὖν
448 1906 536 1959 διὰ
582 1906 682 1976 τὴν
712 1904 813 1975 τῆς
861 1903 1043 1974 ψυχῆς
1075 1905 1302 1976 βλάϐην,
1337 1905 1536 1976 ῥᾳδίως
1565 1905 1787 1957 κόπτειν

1893 1904 2172 1975 siquidem
2207 1904 2494 1975 Scriptura
2526 1904 2643 1961 ait:
2678 1924 2697 1958 ι
2728 1907 2920 1962 Virum
2958 1906 3006 1962 si
3051 1906 3313 1962 invenisti
3337 1923 3474 1979 pru-

199 1997 304 2060 τὰς
336 1997 520 2050 αὐτῶν
548 1996 859 2066 συντυχίας.
889 1998 998 2049 Καὶ
1027 1997 1135 2067 γὰρ
1166 2000 1305 2066 μετὰ
1334 1998 1433 2065 τὴν
1456 1998 1636 2050 αὐτῶν
1660 1998 1788 2049 ἀνα-

200 2086 473 2159 χώρησιν.
504 2086 730 2156 ἄχθεται
754 2087 783 2139 ὀ
803 2086 928 2149 νοῦς
949 2087 1038 2141 διά
1064 2104 1124 2140 τε
1151 2086 1252 2157 τὴν
1296 2085 1394 2139 τοῦ
1425 2086 1649 2149 κανόνος
1688 2089 1789 2157 ἁρ-

199 2178 359 2246 γίαν,
398 2178 494 2232 καὶ
520 2178 620 2248 τὴν
649 2178 751 2249 τῆς
797 2178 1013 2249 διαίτης
1047 2177 1375 2246 ἐναλλαγήν.
1408 2178 1508 2231 Διά
1556 2178 1715 2231 τοῦτο
1739 2178 1786 2231 οί

199 2270 510 2337 ἀγωνισταὶ
553 2268 653 2332 τὰς
706 2268 950 2340 ἐρήμους
987 2267 1214 2321 ἐδίωκον
1233 2309 1249 2335 ,
1282 2268 1369 2321 ἵνα
1399 2267 1605 2321 τούτων
1631 2268 1789 2330 ἐκτὸς

198 2363 531 2432 γενόμενοι,
558 2362 971 2430 ἀνεμποδίστως
999 2359 1077 2429 τῷ
1116 2358 1236 2430 Θεῷ
1282 2359 1785 2431 προσομιλήσωσιν.

202 2454 426 2523 Ὠσπερ
455 2452 567 2524 γὰρ
610 2453 882 2523 παρθένος
928 2450 1311 2521 φυλαττομένη
1350 2450 1599 2504 ποθεῖται
1635 2450 1788 2520 παρᾶ

198 2543 318 2595 τῶν
375 2543 501 2607 ἔξω,
536 2543 759 2596 ἐπειδὰν
805 2542 863 2595 δὲ
904 2542 1211 2613 προσέλθῃ,
1235 2543 1298 2595 ού
1334 2544 1502 2596 πᾶσιν
1537 2543 1784 2613 ἀρέσκει,

200 2634 346 2688 ἀλλὰ
378 2635 579 2706 μᾶλλον
621 2634 731 2689 ύπδ
764 2635 977 2688 πολλῶν
1000 2635 1229 2705 ψέγεται
1257 2652 1271 2668 ο
1297 2635 1469 2698 οῦτως
1500 2636 1597 2688 καὶ
1619 2636 1649 2687 ὁ
1686 2652 1787 2703 μο-

201 2727 391 2795 ναχδς,
422 2728 552 2781 ὅταν
580 2727 805 2797 γένηται
828 2726 1020 2791 ἄπολις
1044 2728 1140 2780 καὶ
1168 2726 1267 2797 ἀδη
1278 2724 1582 2795 μοσίευτος,
1608 2724 1788 2795 τίμιός

200 2819 383 2880 ἔστιν,
413 2818 508 2871 καὶ
564 2818 686 2890 Θεῷ
727 2819 821 2872 καὶ
868 2818 1147 2887 ἀγγέλοις,
1191 2818 1393 2887 μᾶλλον
1435 2819 1493 2871 δὲ
1545 2817 1644 2871 καὶ
1690 2818 1788 2870 ἁν-

200 2908 741 2979 θρὼποις.Ἐπειδὰν
784 2911 843 2963 δὲ
880 2902 1121 2983 κατέλθῃ
1145 2910 1210 2962 ὲκ
1242 2910 1342 2980 τῆς
1371 2908 1583 2979 ὑψηλῆς
1633 2908 1787 2961 πολι-

200 3003 360 3065 τείας
392 3002 488 3057 καὶ
516 3002 773 3074 θεωρίας,
798 3008 893 3056 και
937 3003 1195 3073 ἐμπλακῇ
1224 3004 1346 3064 ταῖς
1371 3001 1465 3054 τοῦ
1492 3001 1609 3071 βίου
1640 3017 1787 3070 πρα-

201 3100 504 3171 γματείαις
526 3100 622 3154 καὶ
653 3100 984 3170 συντυχίαις,
1013 3098 1269 3167 ἀδόκιμος
1288 3096 1369 3168 τῷ
1398 3096 1543 3167 Θεῷ,
1568 3098 1788 3157 καὶτοῖς

201 3191 518 3263 ἀνθρώποις
564 3190 1041 3261 εὐκαταφρόνητος
1093 3188 1324 3257 γίνεται.
1380 3189 1639 3258 ’Ἄμεινον
1694 3184 1787 3241 οὖν

200 3286 360 3339 ἑστιν
394 3282 851 3353 ἁπαυτομολῆσαι
902 3281 1014 3335 τῶν
1061 3279 1369 3350 κωμικῶν,
1410 3280 1507 3333 καλ⁸
1558 3279 1790 3349 φυλακι-

203 3377 409 3447 σθῆναι
467 3379 525 3431 ἐν
572 3377 652 3446 τῷ
704 3375 924 3443 κελλίῳ,
988 3372 1085 3427 καὶ
1152 3372 1391 3442 σωθῆναι
1446 3371 1523 3435 ὡς
1590 3369 1789 3439 δορκὰς

202 3474 271 3525 ὲκ
308 3470 545 3541 βρόχων,
589 3467 686 3521 καὶ
715 3468 906 3536 ὥσπερ
955 3464 1143 3536 ὄρνεον
1187 3465 1252 3517 ὲκ
1301 3462 1553 3531 παγίδος.
1590 3460 1787 3530 Βρόχοι

201 3562 321 3632 γὰρ
378 3560 474 3613 καὶ
528 3559 758 3628 παγίδες
786 3558 925 3610 είσὶν
959 3557 1074 3618 τοῖς
1100 3554 1381 3608 ἐθέλωσιν
1438 3552 1701 3622 σωθῆναι,
1729 3550 1787 3603 αί

201 3651 321 3705 τῶν
356 3649 639 3720 κοσμικῶν
678 3648 963 3717 συντυχίαι
998 3647 1094 3701 καλ⁸
1122 3645 1507 3715 μακρολογίαι,
1536 3644 1787 3713 ἀπασχο⁶

200 3742 406 3796 λοῦσαι
460 3741 552 3793 τὸν
605 3738 731 3792 νοῦν
767 3738 875 3791 ἀπὸ
915 3738 1017 3807 τῆς
1048 3738 1145 3791 τοῦ
1172 3736 1312 3789 Θεοῦ
1350 3734 1661 3802 δοξολογίας
1694 3735 1790 3788 καὶ

202 3830 570 3902 εὐφροσύνης,
598 3830 696 3883 καὶ
732 3829 982 3882 ποιοῦσαι
1010 3827 1318 3898 ἀδολεσχεῖν
1344 3827 1423 3889 είς
1451 3826 1552 3889 τὰς
1580 3824 1790 3880 ἑαυτῶν

210 3922 618 3997 ματαιολογίας
641 3940 655 3954 ·
683 3921 758 3984 ὣς
794 3923 1002 3991 ῳησινό
1028 3917 1490 3990 Παροιμιαστὴς,ι
1514 3916 1790 3970 Ἀπεπλά-

202 4032 380 4087 νησεν
408 4015 465 4068 δὲ
504 4013 672 4067 αὐτὸν
722 4011 898 4081 πολλὴ
946 4010 1152 4081 ὁμιλία.
1182 4010 1377 4078 Δόγοις
1406 4019 1436 4047 ιι
1462 4008 1520 4061 δι
1565 4008 1791 4078 χειλέων

202 4105 501 4172 ιξώκειλεν
546 4102 734 4158 αὐτόν.
780 4120 801 4153 ι
837 4103 908 4155 οι
936 4102 1119 4171 μέντοι
1163 4102 1293 4171 περὶ⁹
1319 4098 1588 4169 ὠφελείας
1612 4098 1791 4168 ψυχῆς

201 4197 612 4269 πλησιάζουσιν
639 4196 772 4264 ἡμῖν
799 4195 871 4247 δι’
900 4192 1099 4261 ὀλίγων
1128 4192 1303 4260 λόγων
1330 4191 1487 4246 ἅλατι
1518 4190 1648 4257 θείῳ
1686 4190 1788 4259 ὴρο

198 4291 489 4359 τυμένωνο
522 4284 881 4356 ποιησώμεθα
907 4283 1009 4355 τὴν
1042 4282 1180 4353 πρὸς
1222 4282 1424 4344 αὐτοὺς
1455 4280 1747 4350 συντυχίαν
1771 4318 1786 4343 ,

202 4382 311 4437 καὶ
336 4380 722 4449 ἀπολύσωμεν.
750 4377 922 4431 Πλέον
949 4376 1060 4446 γὰρ
1084 4374 1602 4445 οίκοδομηθήσονται
1629 4376 1688 4426 ὲν
1720 4375 1787 4443 τῇ

200 4472 560 4542 πνευματικῇ
586 4466 921 4539 βραχυλογίᾳ
948 4468 1092 4538 ἢπερ
1119 4467 1177 4518 ὲν
1208 4467 1274 4535 τῇ
1305 4466 1544 4534 κοσμικῇ
1580 4481 1790 4534 μακρο-

1889 1994 2135 2061 dentcm,
2168 2011 2328 2049 mane
2362 1997 2563 2066 evigila
2596 1996 2662 2052 ad
2694 1997 2850 2052 illum
2880 1997 2947 2051 δ’.
2989 2015 3008 2049 ο
3040 1998 3109 2053 Et
3136 2016 3150 2053 :
3180 2016 3199 2049 ι
3243 1997 3301 2054 Si
3345 2000 3473 2070 quis

1887 2086 2059 2141 fuerit
2090 2088 2335 2155 sapiens,
2374 2085 2509 2141 huic
2545 2086 2846 2157 adiungere
2872 2104 2885 2140 :
2914 2088 3011 2157 qui
3045 2087 3193 2143 enim
3225 2089 3472 2146 eonvivit

1888 2178 2259 2247 sapientibus,
2296 2176 2517 2245 sapiens
2538 2180 2646 2233 erit
2673 2178 2742 2233 δ’,
2762 2197 2780 2230 ι
2816 2180 2981 2249 Atqui
3007 2181 3170 2236 nobis
3199 2182 3339 2236 nihil
3364 2183 3470 2237 mi-

1888 2284 1995 2325 nus
2041 2270 2325 2327 conducit.
2352 2285 2515 2339 quam
2557 2280 2616 2325 ut
2643 2286 2769 2325 cum
2800 2273 2991 2327 mundi
3032 2274 3195 2327 istius
3223 2274 3469 2329 homini-

1887 2360 1995 2416 bus
2054 2362 2403 2418 familiariter
2451 2363 2897 2433 congrediamur.
2931 2365 3007 2419 De
3047 2365 3200 2419 nulla
3223 2366 3373 2421 enim
3410 2381 3470 2421 re

1888 2456 1995 2510 alia
2040 2457 2128 2511 isti
2194 2468 2387 2514 texunt
2419 2475 2724 2523 sermones,
2757 2474 2922 2529 quam
2962 2459 3029 2513 de
3061 2458 3253 2514 mundi
3296 2475 3470 2531 nego—

1888 2548 2003 2611 tiis,
2036 2564 2273 2618 quorum
2330 2554 2508 2605 relatu
2567 2565 2725 2604 mens
2786 2550 3045 2605 monachi
3090 2551 3356 2623 deinceps
3407 2567 3471 2607 re

1888 2640 2138 2693 mollitur
2169 2640 2348 2695 laxius
2372 2652 2429 2697 et
2455 2642 2755 2709 ﬂaccescit,
2784 2642 2855 2696 ab
2896 2645 3218 2712 operatione
3242 2645 3469 2701 interim

1889 2731 2167 2800 spirituali
2213 2732 2428 2787 desidet
2479 2741 2742 2797 cessator,
2774 2737 2995 2789 enervis
3016 2736 3127 2806 jam
3171 2738 3471 2793 resolvitur

1889 2821 1957 2876 ad
1974 2824 2237 2878 tuendum
2256 2824 2570 2879 monasticzc
2591 2824 3005 2879 exercitationis
3024 2825 3291 2895 vigorem,
3305 2826 3469 2883 deni-

1888 2927 1997 2982 que
2013 2922 2071 2966 et
2096 2920 2254 2968 tenor
2272 2914 2386 2983 ipse
2408 2914 2662 2968 sumendi
2691 2914 2799 2968 cibi
2836 2925 3207 2985 permutatur.
3227 2917 3470 2972 Demon-

1888 3000 2209 3056 strationcm
2228 3002 2500 3072 siquidem
2526 3002 2804 3057 fructuum
2844 3004 3079 3073 quisque
3108 3020 3219 3059 sua:
3246 3006 3472 3063 exhibet

1888 3094 2167 3163 specimen
2183 3094 2609 3164 agricolationis.
2622 3094 2705 3149 Ob
2723 3096 2830 3150 hoc
2842 3096 3094 3160 dixerim,
3112 3097 3259 3165 quoi
3276 3112 3471 3153 eorum

1889 3182 2113 3251 vitaqni
2146 3183 2368 3237 caelibes
2404 3191 2569 3252 atque
2599 3193 2857 3254 expertes
2910 3184 3013 3239 tori
3061 3185 3332 3241 maritalis
3366 3186 3467 3242 de-

1890 3282 2046 3342 gunt,
2077 3273 2217 3328 nihil
2245 3274 2411 3329 habet
2433 3289 2557 3329 eum
2584 3276 2776 3330 mundi
2798 3276 3118 3331 hominibus
3152 3292 3467 3347 commune,

1888 3362 2247 3419 dissentanea
2280 3382 2512 3435 prorsus
2542 3383 2667 3421 cum
2695 3368 2789 3423 sit.
2818 3368 2897 3423 Nc
2926 3370 3058 3438 quid
3092 3370 3262 3441 igitur
3293 3372 3461 3427 detri-

1890 3457 2061 3512 menti
2092 3468 2187 3512 aut
2222 3474 2377 3513 noxa:
2402 3459 2566 3514 adeat
2588 3460 2771 3513 anima
2794 3468 2910 3523 tua,
2930 3476 3158 3517 necesse
3186 3463 3258 3518 sit
3285 3472 3347 3518 ut
3369 3479 3469 3519 ex-

1889 3558 2141 3618 prompte
2163 3560 2218 3604 ct
2246 3551 2504 3605 alacriter
2535 3567 2755 3607 omnem
2786 3552 2886 3608 abs
2921 3562 2973 3609 te
2999 3555 3272 3624 prazeidas
3297 3572 3471 3612 saecu-

1888 3640 2089 3695 larium
2114 3643 2575 3697 consuctudinem
2593 3660 2607 3697 :
2628 3644 2845 3698 etiamsi
2873 3655 2933 3700 ut
2953 3645 3194 3715 primum
3222 3654 3275 3702 tc
3309 3647 3469 3702 dedi-

1890 3732 2039 3787 deris
2089 3733 2335 3786 secessui
2389 3739 2458 3787 ab
2492 3734 2601 3788 illis
2641 3735 2951 3805 seiunctus,
2980 3752 3093 3792 non
3142 3737 3283 3792 nihil
3313 3753 3471 3793 mens

1889 3822 2262 3877 diseruciatur
2285 3822 2433 3892 quod
2463 3833 2696 3879 eatenus
2722 3825 2791 3879 ab
2837 3826 3233 3883 observatione
3266 3829 3471 3899 regula:

1890 3914 2194 3978 desederis,
2242 3931 2527 3985 genusque
2590 3916 2718 3972 vita:
2771 3919 2989 3989 cogeris
3040 3928 3380 3988 permutare.
3409 3919 3465 3973 In

1890 4005 2283 4081 hocgagonista:
2315 4006 2392 4060 illi
2429 4006 2736 4076 spiritualis
2764 4008 3029 4077 palaestra:
3059 4025 3258 4079 magno
3283 4009 3468 4064 studio

1888 4098 2225 4166 expetebant
2278 4097 2517 4163 deserta,
2550 4107 2661 4152 uta
2692 4099 2879 4153 seculi
2917 4099 3242 4154 hominibus
3284 4100 3470 4170 dispa-

1890 4190 2018 4252 rati,
2046 4190 2199 4242 nullo
2232 4189 2454 4259 negotio
2485 4206 2611 4244 eum
2647 4190 2762 4245 Deo
2793 4191 3270 4260 congrederentur
3308 4192 3470 4247 fami-

1891 4278 2104 4333 liarius.
2143 4278 2617 4345 Quemadmodum
2679 4280 2828 4334 enim
2882 4282 3040 4350 virgo
3071 4281 3292 4335 interim
3335 4282 3466 4336 dum

1892 4371 2228 4433 custoditur,
2258 4370 2447 4425 multis
2498 4370 2592 4439 qui
2641 4372 2858 4425 externi
2898 4383 3049 4436 sunt,
3086 4372 3141 4426 in
3189 4372 3468 4429 desiderio

1891 4469 1996 4525 est,
2024 4477 2151 4515 mox
2202 4471 2263 4516 ut
2322 4462 2530 4532 prodiit
2580 4462 2638 4516 in
2681 4463 3133 4534 publicum,jam
3170 4481 3278 4518 non
3311 4480 3468 4536 atque

201 4567 390 4639 λογίᾳ.
424 4568 488 4620 Εἰ
520 4566 577 4618 δὲ
606 4564 757 4633 λέγει
787 4580 893 4626 τις,
922 4562 1022 4616 Διὰ
1049 4561 1102 4613 τί
1126 4562 1155 4613 ὀ
1200 4559 1412 4622 Παῦλος
1460 4560 1784 4628 παρέτεινεν

1890 4553 2147 4606 omnibus
2180 4568 2236 4607 se
2262 4553 2459 4623 probat
2484 4554 2634 4609 illius
2665 4556 2854 4620 decor,
2880 4553 2976 4608 sed
3001 4554 3057 4607 in
3085 4554 3176 4609 illa
3200 4554 3466 4624 quiddam

199 4660 305 4713 τὸν
351 4658 512 4725 λόγον
557 4656 720 4726 μέχρι
778 4652 1137 4723 μεσονυκτίου
1165 4668 1180 4716 ;
1213 4651 1429 4720 πρῶτον
1463 4652 1562 4719 μὲν
1604 4649 1694 4702 διὰ
1730 4649 1791 4701 τὸ

204 4753 433 4826 μέλλειν
464 4752 629 4804 αὐτὸν
658 4749 866 4805 ὁδεύειν
892 4766 907 4779 ’
943 4748 1140 4801 ἔπειτα
1163 4748 1252 4811 δὲ,
1288 4748 1370 4800 δτι
1426 4747 1520 4799 καὶ
1564 4762 1789 4799 νεοκατ-

202 4848 407 4917 ήχητοι
429 4839 592 4915 ἦσαν.
621 4841 789 4911 Ἀρχὴ
810 4840 918 4909 γὰρ
937 4834 1006 4910 ἦν
1032 4837 1127 4890 τοῦ
1143 4838 1518 4908 κηρύγματος.
1539 4836 1684 4905 Πλὴν
1710 4837 1791 4889 ὅτι

200 4943 234 4995 ὁ
252 4937 469 5001 Παῦλος
492 4934 773 4995 ἀνάπλεως
798 4928 866 5000 ἦν
887 4930 1027 4985 Πνεύ
1037 4946 1203 5000 ματος
1233 4929 1400 4992 θείου,
1420 4927 1596 4981 καὶτὸ
1622 4928 1793 4981 Πνεῦ-

206 5046 295 5101 μα
341 5026 525 5081 ἐλάλει
576 5024 646 5078 δι’
675 5021 863 5078 αὐτοῦ.
903 5020 1135 5090 Σημεῖον
1192 5018 1249 5070 δὲ
1300 5019 1415 5081 τοῖς
1461 5017 1676 5087 ἔχουσιν
1723 5017 1784 5069 τὸ

201 5119 421 5177 ἄνωθεν
445 5116 673 5186 Πνεῦμα
697 5130 713 5145 ο
745 5113 964 5186 πρῶτον
990 5111 1089 5181 μὲν
1119 5109 1301 5179 πραΰς
1324 5108 1497 5171 ἔστιν,
1528 5110 1622 5161 καὶ
1661 5108 1787 5176 ἡσύ-

201 5225 350 5280 χιος,
385 5207 481 5260 καὶ
512 5203 921 5274 ταπεινόφρων,
959 5199 1055 5254 καὶ
1078 5199 1425 5269 ἀπεχόμενος
1455 5199 1564 5252 ἀπὸ
1605 5199 1788 5268 πάσης

203 5298 512 5369 ὶπιθυμίας
546 5297 784 5369 ματαίας
827 5291 922 5347 τοῦ
974 5291 1170 5354 αίῶνος
1211 5289 1425 5343 τούτου.
1460 5290 1570 5343 Καὶ
1597 5290 1787 5342 ἑαυτὸν

201 5390 555 5459 ὶνδεέστερον
588 5388 730 5441 ποιεῖ
756 5386 975 5440 πάντων
1006 5381 1118 5435 τῶν
1166 5379 1492 5449 ἀνθρώπων.
1526 5380 1637 5434 Καὶ
1666 5380 1787 5433 οὐδὲ

201 5485 339 5539 ὅταν
365 5480 510 5535 θέλει
532 5481 561 5534 ὁ
582 5475 1030 5550 πνευματοφόρος
1057 5472 1261 5542 λαλεῖν,
1281 5471 1431 5526 λαλεῖ
1455 5472 1516 5527 τὸ
1538 5471 1784 5541 Πνεῦμαο

277 5648 323 5681 δ’
359 5642 527 5699 Prov.
552 5653 673 5706 vm,
704 5637 794 5692 i7.
868 5636 915 5668 ”
936 5634 1102 5692 Prov.
1133 5648 1245 5697 xxi,
1277 5630 1362 5686 il.

1889 4644 2321 4713 deprehenditur
2372 4646 2522 4715 quod
2586 4646 2751 4701 detur
2803 4646 2937 4701 vitio
2966 4655 3023 4701 et
3051 4655 3238 4700 notam
3284 4646 3467 4701 eidem

1892 4736 2121 4790 inurat:
2157 4736 2233 4789 ita
2280 4747 2336 4792 et
2384 4741 2692 4794 monachus
2736 4740 3007 4809 tantisper
3051 4738 3290 4795 extorris
3332 4738 3467 4794 dum

1888 4827 2026 4880 vivit
2055 4841 2085 4880 a
2117 4826 2417 4883 eivitate'et
2440 4831 2666 4898 publico
2700 4830 2936 4893 alienus,
2973 4844 3170 4898 magno
3206 4829 3261 4882 in
3290 4829 3468 4883 bono-

1890 4932 1950 4972 re
1982 4917 2219 4972 habetur
2270 4919 2415 4988 apud
2448 4918 2619 4973 Deum
2656 4928 2713 4974 ct
2761 4919 3005 4989 angelos,
3038 4918 3171 4987 quin
3199 4926 3256 4972 et
3288 4917 3467 4972 homi-

1890 5026 2021 5065 num
2048 5026 2145 5066 ore
2203 5012 2541 5067 celebratur.
2586 5011 2802 5081 1189
2833 5010 2904 5065 At
2941 5010 2985 5063 si
3022 5009 3243 5078 quando
3272 5024 3303 5063 e
3334 5008 3466 5063 sub-

1889 5104 2007 5158 limi
2081 5103 2309 5157 cardine
2367 5102 2659 5156 delabctur
2730 5116 2843 5155 sua:
2904 5097 3343 5154 conversationis
3409 5108 3466 5152 ct

1887 5194 2411 5263 contemplationis,
2470 5208 2639 5262 seque
2672 5193 2824 5259 tvita:
2873 5190 3152 5247 sazcularis
3229 5188 3465 5259 negotiis

1889 5286 2252 5356 implicuerit,
2279 5300 2388 5339 non
2415 5284 2526 5354 jam
2558 5284 2828 5353 probatur
2858 5283 2992 5348 Deo,
3017 5281 3113 5337 sed
3142 5290 3199 5336 et
3221 5280 3463 5335 homini-

1888 5378 1994 5433 bus
2027 5378 2080 5431 in
2108 5383 2489 5445 contemptum
2513 5376 2686 5430 venit.
2721 5375 2891 5430 Multo
2922 5374 3090 5445 igitur
3122 5369 3461 5442 prastiterit,

1888 5478 1951 5524 ut
1996 5478 2049 5526 te
2102 5484 2268 5540 quam
2317 5468 2640 5538 longissime
2691 5467 2967 5524 subdueas
2996 5481 3029 5522 a
3056 5463 3250 5522 mundi
3282 5461 3466 5519 hemi-

1506 5737 1741 5797 VARI/E
1776 5732 2072 5794 LECTION
2082 5734 2184 5791 ES.

274 5860 306 5891 ³
342 5850 451 5906 Pro
478 5847 656 5918 λόγοις
683 5844 764 5911 δέ,
788 5843 915 5902 Ald.
944 5841 1134 5907 habet,
1172 5837 1387 5911 βρόχοις
1416 5852 1497 5889 τε.
