4178 6424
677 347 814 410 i743

1948 323 2315 392 ANTIOCHI
2354 321 2695 383 MONACIII

3812 304 3954 367 17M

677 464 865 521 nibus,
893 457 1062 522 inque
1095 447 1291 502 cellula
1313 443 1570 515 quapiam
1592 440 1765 496 dedas
1795 447 1846 493 te
1877 437 2164 501 custodiae,
2199 451 2262 489 ac

2385 434 2501 485 ἱλλὰ
2551 432 2673 484 τότε
2731 426 2902 489 λαλεῖ,
2940 427 3067 478 ὅταν
3101 423 3245 476 θέλει
3273 423 3436 475 αὐτὸν
3465 423 3493 473 ὁ
3517 419 3648 482 Θεὸς
3680 417 3953 487 λαλῆσαι.

677 548 908 608 salvcris
961 559 1066 598 ceu
1116 554 1314 609 caprea
1362 535 1551 590 vitatis
1608 532 1824 603 laqueis
1904 529 2144 595 assolet,
2204 535 2261 582 et

676 642 833 714 quasi
865 639 984 694 avis
1013 651 1045 689 c
1084 631 1316 688 reticulo
1348 627 1600 695 aucupis.
1635 623 1840 694 Laquci
1871 623 2017 678 enim
2064 629 2120 676 ct
2168 636 2261 690 pe-

679 738 816 790 dica:
835 741 964 790 sunt
984 724 1361 798 aspirantibus
1377 720 1444 774 ad
1467 721 1726 781 salutem,
1753 717 2102 772 saecularium
2135 729 2267 768 con-

681 839 924 898 gressus,
954 835 1016 874 ac
1051 816 1278 888 prolixa:
1343 826 1540 868 eorum
1589 808 2072 864 confabulationes
2106 819 2264 858 men-

685 895 795 972 tem
823 925 1054 984 prorsus
1083 915 1314 962 avocant
1356 920 1386 958 a
1427 903 1522 957 Dei
1564 901 1964 971 glorilicatione
2010 906 2067 950 et
2099 895 2261 964 Spiri-

686 1008 817 1062 tuali
846 1003 1056 1059 lmtitia.
1089 1001 1169 1055 Eo
1191 999 1496 1054 etiamnum
1541 995 1714 1064 ipsam
1751 993 1980 1061 adigunt
2019 987 2266 1043 necessi—

689 1099 835 1160 tatis,
869 1105 930 1149 ut
985 1091 1136 1148 aliud
1200 1089 1338 1144 nihil
1396 1086 1805 1154 contempletur
1837 1097 2002 1150 quam
2046 1080 2269 1133 illorum

688 1186 1028 1256 vamloquia,
1080 1184 1236 1254 juxta
1279 1180 1720 1236 l’armniiasten:
1761 1192 1778 1225 ι
1819 1171 2049 1240 Decepit
2084 1180 2270 1224 autem

685 1301 812 1337 eum
860 1280 1032 1334 multo
1067 1288 1344 1336 sermone,
1385 1270 1569 1324 verbis
1619 1274 1804 1320 autem
1855 1264 2130 1318 labiorum
2166 1263 2272 1315 im-

690 1383 837 1446 pcgit
868 1371 1089 1427 cum“.
1135 1387 1153 1419 ι
1192 1365 1351 1432 Quod
1398 1363 1444 1417 si
1501 1361 1732 1432 propius
1779 1373 1880 1412 nos
1927 1357 2151 1419 .zdeuut,
2203 1355 2272 1410 de

689 1469 886 1522 anima:
919 1460 1148 1518 salutari
1179 1458 1419 1512 utilitate
1449 1452 1785 1516 consulturi,
1811 1467 1936 1505 eum
1966 1450 2086 1504 istis
2112 1449 2275 1503 liceat

694 1569 878 1610 texere
909 1565 1224 1608 sermonem
1265 1562 1390 1601 cum
1421 1545 1717 1599 verborum
1752 1539 2082 1610 compendio
2104 1581 2120 1604 ,
2151 1554 2275 1608 qua:

693 1646 898 1714 alioqui
930 1643 1123 1697 divino
1149 1639 1372 1695 condita
1404 1637 1516 1691 sint
1550 1636 1684 1697 sale,
1726 1641 1782 1687 ct
1805 1633 1956 1686 illinc
1992 1647 2096 1686 nos
2122 1637 2277 1684 actu-

697 1747 813 1790 tmn
864 1732 1256 1803 proripiamus.
1297 1728 1426 1781 l'lus
1479 1724 1630 1777 enim
1674 1722 1778 1775 hac
1808 1729 1998 1776 nostra
2032 1718 2274 1773 brevilo-

2367 528 2534 580 Ὅταν
2562 519 2655 576 οὖν
2689 537 2832 582 τινες
2857 516 3301 586 παραϐάλλουσιν
3345 511 3612 582 ὡφελείας
3642 512 3831 581 χάριν,
3857 515 3958 562 7.1".

2365 616 2583 684 ἔχουσιν
2618 612 2802 664 πίστιν
2846 608 2992 661 θείου
3028 606 3378 675 ῐΙνεὺματος,
3415 607 3472 655 ἐν
3507 603 3749 672 πρώτοις
3786 601 3957 666 γέν-ιγ

2363 725 2454 758 ται
2482 701 2719 766 ἔντευξις
2743 701 2880 770 πρὸς
2905 701 2995 751 τὸν
3025 699 3157 749 Θεὸν
3179 697 3310 766 περὶ
3335 695 3574 747 πάντων.
3601 694 3712 744 Καὶ
3743 692 3868 744 τότε
3899 695 3961 740 τέ.

2367 794 2509 845 θεῖον
2558 790 2787 858 Πνεῦμα
2814 789 3017 860 πληροῖ
3045 788 3138 838 τὸν
3163 785 3474 855 ἄνθρωπον,
3509 787 3603 836 καὶ
3629 782 3958 852 alimenti;

2369 886 2538 945 λαλεῖ,
2564 884 2744 946 καθὼς
2791 885 2819 935 ὁ
2863 882 3067 950 Κύριος
3119 878 3412 946 βούλεται·
3459 878 3708 946 βούλεται
3754 877 3813 928 δὲ
3861 876 3960 925 το)

2373 978 2608 1044 σωθῆναι
2635 975 2812 1027 πάντα
2840 973 3149 1042 ἄνθρωπον.
3182 969 3358 1022 Καλὸν
3407 972 3506 1039 μὲν
3536 971 3598 1021 τὺ
3640 969 3732 1022 διὰ
3781 968 3965 1032 ὶὸγων

2371 1068 2600 1136 ὠφελεῖν
2649 1067 2780 1129 τοὺς
2841 1065 3319 1134 πυνθανομένουςο
3360 1065 3617 1131 κρεῖσσον
3663 1061 3723 1114 δὲ
3779 1060 3844 1112 τὸ
3892 1060 3962 1110 δι’

2375 1161 2574 1231 ἀρετῆς
2612 1161 2707 1210 καὶ
2760 1159 3074 1227 προσευχῆς
3131 1158 3415 1226 συνεργεῖν
3453 1155 3661 1217 αὐτοῖς.
3696 1154 3825 1224 Χρὴ
3867 1148 3966 1205 οὖν

2373 1256 2499 1314 τοὺς
2548 1252 2802 1313 θέλοντας
2842 1249 3148 1318 κτήσασθαι
3204 1249 3266 1301 τὸ
3331 1248 3534 1319 πλῆθος
3576 1247 3690 1300 τῶν
3715 1247 3965 1317 ἀρετῶν,

2378 1348 2516 1416 μήτε
2566 1343 2726 1414 δόξης
2779 1343 3052 1411 ἐφίεσθαι,
3094 1344 3235 1412 μήτε
3281 1341 3494 1404 πολλοῖς
3540 1341 3964 1410 συντυγχάνειν,

2377 1439 2557 1501 καθὼς
2595 1438 2810 1508 εἴρηται
2843 1451 2857 1467 ο
2895 1436 3030 1504 μήτε
3063 1434 3315 1503 προόδοις
3341 1434 3593 1503 συνεχέσι
3628 1432 3966 1503 κεχρῆσθαι,

2375 1534 2408 1602 ἦ
2447 1531 2707 1601 λοιδορεῖν
2734 1546 2911 1593 τινας,
2937 1529 2984 1580 εἰ
3015 1525 3110 1579 καὶ
3146 1527 3194 1580 οί
3231 1526 3637 1596 λοιδορούμενοι
3663 1527 3764 1596 τῆς
3795 1526 3970 1578 λοιδο-

2381 1627 2500 1696 ρίας
2556 1626 2695 1678 εἰσὶν
2739 1625 2898 1691 ἄξιοι.
2935 1626 3090 1695 Μήτε
3144 1621 3317 1676 πολλὰ
3361 1622 3594 1692 ὁμιλεῖν,
3623 1621 3728 1675 κᾶν
3784 1624 3974 1675 πάντα

2380 1720 2522 1772 καλὰ
2549 1718 2731 1785 λέγειν
2770 1717 3047 1770 δύναιντο.
3093 1718 3158 1770 'll
3185 1715 3295 1786 γὰρ
3328 1715 3627 1782 πολυλογία
3644 1717 3678 1784 ἡ
3696 1716 3970 1784 ἄμετρος,

695 1826 924 1898 quentia
980 1821 1423 1882 zedilicabuntur,
1450 1829 1615 1884 quam
1666 1814 1714 1868 si
1749 1813 2127 1883 longissimam
2150 1825 2278 1863 ora-

2385 1808 2768 1879 διαφθείρουσα
2783 1808 2874 1860 τὸν
2902 1806 3052 1870 νοῦν,
3071 1807 3131 1859 οὐ
3167 1808 3328 1877 μόνον
3368 1808 3496 1878 πορὶ
3527 1819 3630 1876 την
3656 1823 3974 1874 πνευματι-

699 1922 908 1974 tionem
965 1926 1328 1985 prorogcmus
1387 1909 1456 1963 de
1516 1909 1682 1964 rebus
1740 1906 1955 1961 mundi.
2014 1903 2172 1970 Quod
2234 1903 2280 1956 si

695 2009 972 2080 quispiam
1023 2006 1270 2074 objiciat,
1298 2003 1431 2073 quid
1489 2001 1682 2070 utique
1730 1999 1934 2053 Paulus
1972 1998 2040 2052 ad
2063 2007 2281 2050 noctein

700 2116 876 2171 usque
904 2099 1292 2168 intempestam
1323 2095 1524 2163 legitur
1552 2093 1898 2164 protendissc
1924 2103 2236 2144 sermonem
2265 2104 2283 2153 ;

698 2194 938 2264 primum
974 2191 1107 2245 huic
1151 2187 1564 2256 responderim,
1594 2185 1742 2255 quod
1773 2185 1843 2237 ab
1867 2183 1950 2238 eis
1975 2190 2124 2236 esset
2158 2195 2283 2233 mox

700 2284 1013 2343 soluturus,
1051 2279 1255 2333 deinde
1305 2277 1434 2346 quia
1477 2291 1670 2330 recens
1703 2281 1862 2327 erant
1891 2271 2073 2326 edocti
2106 2272 2285 2340 prima

703 2375 833 2430 lidci
867 2373 1205 2426 rudimenta.
1235 2369 1392 2423 Tunc
1421 2367 1571 2422 enim
1598 2367 1834 2435 primum
1860 2364 1969 2434 jaci
2004 2370 2287 2433 coeperant

703 2465 1061 2519 fundamenta
1100 2462 1224 2515 lidei
1268 2477 1367 2530 per
1420 2458 1868 2528 prmdicationem
1916 2453 2176 2508 ferendm.
2204 2451 2286 2505 Ad

705 2559 844 2619 lucc,
867 2556 1071 2610 Paulus
1105 2554 1313 2622 Spiritu
1346 2561 1539 2606 saneto
1569 2557 1689 2603 erat
1715 2549 1930 2618 plenus,
1957 2563 2082 2598 nam
2104 2554 2160 2597 et
2191 2559 2289 2613 per

705 2663 834 2703 cum
861 2648 977 2716 ipse
1001 2646 1244 2714 Spiritus
1267 2643 1616 2712 loquebatur.
1643 2643 2039 2709 Argumentum
2061 2635 2290 2690 evidens

707 2740 858 2810 quod
886 2739 1012 2808 quis
1044 2738 1310 2807 Spiritum
1338 2744 1588 2788 sanctum
1621 2733 1844 2795 habeat,
1878 2731 2115 2800 primum
2169 2728 2292 2797 qui-

706 2834 834 2887 dem
862 2831 908 2885 si
941 2838 1265 2884 mansuetus
1291 2835 1398 2891 est,
1427 2826 1472 2880 si
1499 2825 1807 2894 requietus,
1846 2832 1903 2876 et
1934 2823 2002 2877 de
2031 2837 2089 2875 se
2122 2835 2290 2890 quam

709 2922 1120 2977 modestissime
1159 2920 1368 2974 sentiat
1399 2936 1413 2984 ;
1440 2917 1487 2971 si
1545 2917 1650 2971 sibi
1708 2922 1980 2983 temperat
2022 2913 2090 2967 ab
2138 2911 2289 2965 omni

710 3028 853 3066 vana
885 3011 1191 3080 cupiditate
1216 3008 1402 3063 smeuli
1440 3007 1626 3076 hujus,
1662 3021 1831 3073 seque
1862 3005 2040 3073 ipsum
2078 3001 2292 3056 ca:tcris

712 3103 1034 3157 hominibus
1065 3101 1240 3154 multo
1267 3100 1502 3153 :estimct
1526 3098 1866 3152 interiorem.
1897 3096 2005 3150 Sed
2029 3110 2208 3164 neque
2246 3093 2295 3147 is

710 3192 807 3261 qtti
845 3191 1059 3244 alllatus
1082 3199 1166 3244 est
1195 3189 1403 3258 Spiritu
1445 3197 1658 3251 saneto,
1694 3187 1916 3256 quando
1958 3187 2077 3240 vult
2120 3185 2294 3254 loqui,

711 3283 960 3353 loquitur
1011 3281 1277 3350 Spiritus,
1329 3281 1427 3335 scd
1485 3291 1614 3334 tunc
1657 3279 1941 3347 loquitur,
1974 3277 2019 3332 si
2072 3276 2294 3345 quando

718 3372 916 3428 sive-rit
968 3371 1121 3424 illum
1163 3371 1314 3440 loqui
1345 3373 1510 3426 Deus.
1541 3370 1676 3425 Cum
1712 3370 1879 3440 igitur
1913 3369 2162 3423 nonnulli
2193 3383 2295 3422 nos

714 3463 957 3517 adierint
1007 3461 1265 3515 utilitatis
1322 3461 1609 3530 captanda:
1664 3461 1863 3529 gratia,
1894 3459 1940 3513 si
1987 3459 2079 3512 isti
2125 3458 2292 3512 tidem

716 3556 960 3610 habeant
989 3554 1166 3608 divini
1212 3555 1380 3624 hujus
1411 3554 1673 3623 Spiritus,
1709 3555 1763 3606 in
1791 3554 1985 3623 primis
2014 3553 2082 3606 ad
2118 3552 2293 3606 Deum

714 3662 815 3716 pro
876 3647 1194 3700 hominibus
1268 3645 1532 3699 fundatur
1599 3644 2006 3714 interpellatrix
2042 3643 2296 3698 oratio:

715 3751 842 3788 nam
901 3744 1034 3789 tunc
1063 3736 1304 3805 Spiritus
1347 3736 1437 3790 ille
1458 3735 1680 3788 divinus
1711 3734 1975 3802 adimplet
1995 3733 2297 3799 hominem,

713 3827 808 3895 qui
838 3827 1014 3895 gratia
1051 3827 1318 3896 impletus
1343 3828 1594 3896 loquitur
1626 3829 1740 3897 jam
1768 3829 1922 3897 juxta
1954 3828 2174 3880 Domini
2205 3842 2301 3879 vo-

714 3917 983 3971 luntatem
1014 3935 1027 3970 :
1060 3920 1179 3972 vult
1214 3929 1398 3974 autem
1430 3919 1547 3987 ipse
1568 3959 1582 3982 ,
1613 3935 1836 3973 omnem
1878 3919 2157 3973 hominem
2190 3919 2300 3972 sal-

714 4021 845 4059 vum
902 4008 1022 4061 ﬁeri
1044 4009 1110 4061 “.
1143 4009 1285 4062 Sane
1317 4018 1375 4062 ut
1401 4010 1609 4063 bonum
1633 4009 1704 4063 sit
1730 4010 1935 4064 auxilio
1960 4026 2082 4064 esse
2113 4007 2300 4064 verbis

2385 1900 2484 1969 κὴν
2509 1900 2772 1970 ἐργασίαν
2797 1899 2968 1969 ἀργὸν
2996 1898 3415 1968 αὺτδνάπεργάζ
3432 1916 3571 1964 εται,
3598 1897 3736 1951 ἀλλὰ
3767 1899 3865 1950 καὶ
3895 1897 3974 1965 τῷ

2385 1995 2481 2061 τῆς
2520 1992 2750 2061 ἁκηδίας
2790 1991 2956 2044 αὑτὸν
2989 1991 3330 2061 παραδίδωσι
3357 1990 3594 2061 δαίμονι.
3634 1992 3854 2060 Ὠσπερ
3877 1986 3975 2043 οὖν

2385 2084 2441 2135 αἱ
2475 2082 2636 2152 θύραι
2663 2081 2756 2135 τοῦ
2797 2082 3084 2153 βαλανείου
3143 2081 3387 2150 συνεχῶς
3443 2082 3837 2151 ἀνοιγόμεναι.
3873 2084 3976 2152 τὴν

2385 2173 2533 2225 ἑνδοο
2551 2173 2826 2244 ενθέρμην
2857 2172 3049 2227 θᾶττον
3069 2170 3336 2226 ὠθοῦνται
3367 2172 3505 2243 πρὸς
3531 2173 3600 2227 τὰ
3621 2173 3726 2238 ἔξω
3750 2189 3764 2203 ⁸
3797 2173 3976 2238 οὕτως

2387 2264 2484 2317 καὶ
2516 2265 2549 2334 ἡ
2579 2263 2726 2334 ψυχὴ
2755 2265 2885 2318 ὅταν
2915 2264 3084 2317 πολλὰ
3110 2264 3256 2319 θέλει
3287 2264 3661 2334 διαλέγεσθαι,
3687 2268 3788 2319 καὶ
3839 2269 3976 2322 πάνυ

2386 2373 2507 2408 τοτε
2541 2355 2681 2409 καλὰ
2707 2354 2883 2423 λέγει,
2914 2354 3015 2426 τὴν
3037 2357 3239 2427 ἑαυτῆς
3273 2357 3518 2427 μνήμην.
3543 2357 3632 2412 διὰ
3650 2361 3755 2425 τῆς
3793 2376 3972 2430 φωνη-

2387 2449 2548 2516 τικῆς
2603 2447 2782 2515 πύλης
2827 2446 3227 2516 διαφθείρεται.
3262 2447 3416 2519 Καλὴ
3477 2443 3571 2502 οὖν
3620 2450 3773 2501 ἐστιν
3833 2450 3978 2503 κατὰ

2390 2541 2568 2591 πάντα
2596 2540 2628 2608 ἡ
2658 2540 2834 2609 σιωπή
2860 2555 2872 2568 ·
2895 2539 3164 2609 θησαυροὶ
3195 2540 3306 2610 γὰρ
3336 2540 3609 2609 βασιλικοὶ
3629 2544 3977 2613 πλησθήσονο

2391 2647 2480 2683 ται
2512 2630 2756 2700 χρυσίου,
2782 2630 2876 2683 καὶ
2915 2630 3032 2693 νόες
3085 2632 3195 2685 τῶν
3242 2632 3461 2702 ἀληθῶς
3494 2635 3774 2704 μοναχῶν,
3812 2635 3978 2687 πλου-

2395 2722 2513 2783 σίας
2558 2721 2965 2791 πλησθήσονται
3023 2723 3279 2790 γνώσεως
3304 2725 3391 2776 ἐί
3425 2724 3484 2777 δὲ
3535 2726 3632 2778 καὶ
3674 2727 3979 2792 ἀναγκαῖόν

2392 2819 2540 2867 ἐστιν
2572 2816 2632 2868 τὸ
2673 2816 2969 2880 διδάσκειν,
3021 2818 3159 2887 πρὸς
3215 2796 3589 2889 ἐπανόρθωσιν
3617 2820 3803 2890 ψυχῆς
3831 2821 3980 2887 γινὲ-

2396 2908 2527 2960 σθω.
2557 2904 2851 2978 Χρῄζομεν
2903 2905 2999 2962 οῦν
3048 2912 3108 2962 ἐν
3148 2913 3216 2980 τῇ
3238 2910 3557 2982 διδασκαλίᾳ
3590 2912 3976 2984 ἀδιαφθορίαν,

2397 2999 2739 3067 σεμνότητα,
2800 2999 2959 3068 λόγον
3026 3001 3192 3072 ὑγιῆ,
3254 3002 3702 3070 ἀκατάγνωστον,
3766 3005 3855 3056 ἵνα
3913 3005 3978 3056 δι’

2397 3093 2552 3160 ἡμῶν
2608 3090 2837 3161 δοξασθῇ
2882 3093 2910 3144 ὁ
2952 3092 3085 3155 Θεὸς
3143 3094 3201 3146 ὲν
3263 3096 3447 3147 πᾶσιν.
3477 3112 3496 3144 ι
3536 3095 3616 3147 Τὰ
3670 3095 3782 3165 γὰρ
3842 3097 3980 3148 ὅπλα

2395 3183 2577 3252 ἡμῶν,
2609 3183 2672 3234 οὐ
2744 3183 3005 3253 σαρκικὰ,
3046 3205 3063 3234 ι
3106 3184 3240 3237 ἀλλὰ
3298 3184 3502 3237 δυνατὰ
3552 3186 3631 3255 τῷ
3671 3185 3797 3255 Θεῷ
3849 3188 3980 3255 πρὸς

2396 3274 2716 3343 καθαίρεσιν
2766 3275 3140 3346 ὀχυρωμάτων
3176 3293 3190 3307 ο
3245 3275 3542 3345 λογισμοὺς
3598 3277 3980 3347 καθαίροντες,

2397 3368 2492 3420 καὶ
2521 3368 2629 3420 πᾶν
2662 3366 2863 3437 ὕψωμα
2892 3368 3258 3438 ἐπαιρόμενον
3290 3369 3434 3422 κατὰ
3462 3369 3564 3438 τῆς
3597 3369 3857 3437 γνώσεως
3887 3371 3979 3422 τοῦ

2395 3459 2554 3525 Θεοῦ,
2599 3460 2749 3523 ὅπως
2797 3458 3053 3526 ἀθολὼτῳ
3098 3459 3267 3532 ψυχῇ.
3292 3462 3388 3514 καὶ
3424 3461 3627 3533 πραείᾳ
3655 3461 3879 3532 καρδίᾳ.
3909 3462 3981 3523 ὡς

2397 3553 2596 3615 εὑῶδες
2617 3553 2867 3623 θυμίαμα
2893 3554 2926 3622 ἡ
2960 3551 3094 3622 εὐχὴ
3121 3551 3280 3622 ἡμῶν
3307 3553 3471 3622 δεκτὴ
3497 3553 3728 3622 γένηται
3756 3553 3838 3624 τῷ
3860 3555 3984 3606 ἐτα-

2399 3646 2543 3710 ζοντι
2577 3645 2806 3714 καρδίας
2837 3647 2932 3698 καὶ
2956 3646 3190 3714 νεφροὺς
3218 3645 3358 3714 Θεῷ.
3385 3647 3558 3715 Φησὶν
3585 3645 3642 3698 δὲ
3673 3646 3771 3699 καὶ
3805 3649 3834 3698 ό
3866 3646 3976 3699 Κύ-

2402 3755 2515 3807 ριος
2556 3741 2668 3801 τοῖς
2702 3737 2899 3790 ἑαυτοῦ
2954 3736 3228 3808 μαθηταῖς
3256 3753 3270 3768 °
3303 3755 3321 3787 ι
3367 3736 3554 3806 Ὑμεῖς
3590 3737 3693 3789 οὐκ
3743 3737 3870 3789 ἐστὲ
3922 3739 3980 3788 ἐν

2397 3831 2491 3884 τοῦ
2545 3831 2749 3899 κόσμου
2781 3828 2998 3893 τούτου,
3031 3827 3147 3882 ἀλλ’
3172 3828 3283 3896 ἐγὼ
3331 3828 3672 3897 ἐξελεξάμην
3729 3831 3876 3899 ὑμᾶς
3918 3833 3981 3882 ὲκ

2400 3923 2493 3972 τοῦ
2550 3919 2756 3988 κόσμου
2790 3937 2802 3949 ο
2832 3920 2933 3972 οὐκ
2966 3919 3044 3971 ἔτι
3104 3918 3277 3970 πολλὰ
3329 3918 3550 3988 λαλήσω
3597 3920 3716 3990 μεθ’
3749 3921 3929 3989 ὑμῶν.
3959 3940 3978 3972 ι

2399 4011 2559 4080 Αὐτῷ
2588 4013 2622 4081 ὴ
2649 4011 2774 4076 δόξα
2809 4014 2885 4074 εἰς
2907 4012 3032 4075 τοὺς
3061 4012 3287 4075 αἰῶνας.
3322 4014 3516 4083 Ἀμήν.

715 4095 827 4150 tuis
858 4097 908 4151 ei
935 4098 1030 4167 qui
1061 4107 1112 4152 te
1139 4099 1400 4168 quiddam
1438 4110 1613 4169 rogat,
1640 4100 1736 4153 sed
1765 4100 2087 4170 prmstiterit
2117 4102 2191 4162 ei,
2263 4111 2323 4156 ut
2360 4117 2662 4170 coopercrc
2721 4119 2822 4172 per
2877 4104 3139 4158 virtutem
3205 4113 3262 4158 et
3307 4106 3637 4160 orationem.
3674 4105 3782 4172 Qui
3817 4107 3984 4178 igitur

715 4189 861 4289 volet
885 4206 1234 4247 numerosam
1257 4194 1476 4262 assequi
1509 4193 1779 4247 virtutum
1841 4195 2079 4263 copiam,
2146 4211 2372 4252 necesse
2407 4197 2480 4250 sit
2535 4197 2784 4266 defugiat
2829 4198 3009 4253 inanis
3061 4199 3251 4269 gloria
3281 4200 3665 4269 cupiditatem,
3697 4217 3813 4256 non
3859 4219 3982 4257 cum

715 4282 903 4349 aliquo
939 4283 1130 4338 multis
1157 4283 1529 4347 conﬂictetur,
1555 4300 1656 4338 ceu
1694 4283 1904 4338 dictum
1941 4286 2053 4354 jam
2095 4294 2202 4351 est,
2270 4303 2340 4340 ne
2379 4286 2687 4340 continenti
2744 4302 2846 4341 usu
2908 4297 3237 4342 consuescat
3289 4303 3520 4358 pergere
3569 4292 3701 4345 aliis
3741 4291 3978 4347 obvius:

716 4372 882 4427 nullis
908 4373 1276 4440 convicictur,
1310 4374 1615 4444 quamlibet
1645 4374 1794 4445 digni
1825 4375 1936 4429 sint
1964 4375 2168 4443 quibus
2217 4375 2528 4440 rctalictur,
2567 4376 2664 4444 qui
2728 4376 3014 4430 incessunt
3078 4378 3312 4446 priores.
3342 4379 3464 4433 Non
3525 4379 3600 4434 ita
3625 4395 3752 4434 cum
3799 4385 3982 4438 multis

717 4467 1144 4532 sermocinetur,
1195 4467 1413 4522 etiamsi
1466 4468 1646 4522 videri
1702 4468 1921 4538 possint
1983 4469 2129 4522 bona
2197 4483 2318 4522 esse
2356 4483 2479 4536 qua:
2526 4468 2712 4523 dicere
2764 4470 3004 4523 instituit
3061 4471 3267 4526 omnia.
3327 4472 3694 4528 Immoderata
3733 4477 3981 4532 enimet

713 4556 942 4611 ell’rcnis
971 4558 1266 4613 verborum
1297 4561 1557 4629 prolatio,
1589 4576 1698 4630 qua
1724 4561 2072 4630 periclitatur
2095 4561 2297 4615 mentis
2335 4562 2727 4630 tranquillitas,
2766 4563 2978 4632 1190
3035 4579 3147 4617 non
3209 4563 3386 4618 solum
3416 4565 3566 4621 circa
3603 4570 3978 4637 operationem

714 4648 1059 4716 spiritualem
1089 4651 1396 4705 lentescere
1456 4650 1587 4704 facit
1652 4665 1772 4703 eam
1807 4666 1870 4704 ae
1925 4650 2201 4715 desidere,
2269 4650 2365 4704 sed
2405 4661 2460 4705 et
2485 4651 2872 4705 molestissimo
2905 4651 3141 4706 da:moni
3191 4653 3397 4709 accdize
3423 4658 3700 4728 mancipat
3730 4661 3884 4717 illam
3921 4679 3980 4718 ac

715 4739 1072 4797 dedit..Sane
1101 4741 1569 4811 quemadmodum
1624 4743 1982 4796 exaestuantis
2030 4741 2212 4796 balnei
2282 4741 2432 4796 fores
2481 4745 2834 4797 continenter
2906 4753 3112 4813 aperta:
3172 4745 3220 4799 si
3268 4757 3419 4806 sunt.
3467 4748 3723 4804 intimum
3757 4753 3976 4809 illorum

716 4832 958 4886 calorem
991 4833 1147 4886 ocius
1176 4833 1361 4887 elllaut
1409 4842 1467 4887 et
1503 4834 1786 4902 expellunt
1818 4834 1872 4888 in
1912 4849 1977 4888 ea
2006 4850 2129 4902 qua:
2159 4842 2288 4889 sunt
2326 4834 2702 4900 extrinsecus;
2745 4835 2822 4890 ita
2870 4846 2928 4891 et
2992 4836 3175 4890 anima
3201 4838 3247 4892 si
3310 4842 3535 4908 quando
3573 4845 3743 4898 multa
3773 4863 3980 4904 sermo-

716 4926 891 4981 cinari
943 4925 1112 4988 volet,
1166 4927 1376 4980 tametsi
1439 4927 1578 4979 nihil
1618 4942 1729 4980 non
1766 4927 1912 4980 dicat
1952 4927 2216 4981 decorum
2281 4935 2337 4980 et
2377 4929 2692 4991 honestum,
2728 4928 3049 4982 memoriam
3112 4939 3296 4984 tamen
3340 4933 3426 4986 sui
3457 4932 3630 5001 ipsius
3660 4939 3851 5006 perdit
3891 4957 3977 5010 per

716 5018 922 5071 vocalis
948 5026 1123 5088 portae
1159 5033 1448 5088 organum.
1486 5019 1782 5074 Silentium
1852 5020 2020 5089 igitur
2091 5036 2190 5090 per
2248 5019 2433 5072 omnia
2466 5021 2670 5074 bonum
2707 5035 2770 5074 ac
2839 5019 2985 5090 frugi
3005 5031 3112 5076 est.
3175 5023 3408 5092 [legales
3457 5026 3684 5094 quidem
3734 5029 3973 5087 thesauri

717 5105 1097 5177 implebuntur
1135 5125 1294 5174 auro,
1327 5121 1383 5166 et
1404 5127 1600 5167 sensus
1626 5129 1822 5168 eorum
1847 5115 1941 5182 qui
1978 5129 2091 5167 non
2151 5114 2335 5166 fucatc
2373 5123 2503 5168 sunt
2541 5114 2822 5179 monachi,
2855 5116 3257 5170 saturabuntur
3305 5117 3553 5173 scientia:
3579 5121 3891 5190 opulentia.
3923 5125 3971 5178 Si

716 5217 824 5269 qua
856 5203 1075 5257 interim
1102 5204 1335 5259 docendi
1368 5206 1641 5276 ingruerit
1671 5209 1994 5273 necessitas,
2021 5209 2297 5263 adanimzc
2332 5211 2761 5276 correctionem,
2796 5209 3016 5266 doceto.
3076 5212 3137 5266 lu
3199 5213 3302 5266 hac
3335 5220 3518 5266 tamen
3541 5212 3780 5271 docendi
3815 5221 3974 5273 ratio-

715 5310 784 5348 ne
825 5297 1084 5351 volumus
1133 5299 1328 5353 adesse
1371 5299 1636 5354 doctrina:
1681 5302 1981 5371 legitimam
2031 5304 2525 5371 incorruptionem,
2553 5306 2904 5372 gravitatem,
2970 5307 3200 5362 verbum
3260 5323 3454 5362 sanum
3524 5318 3580 5362 et
3632 5313 3949 5381 irreprchen

720 5383 901 5447 sibilo,
956 5395 1016 5440 ut
1071 5402 1169 5455 per
1202 5402 1302 5441 nos
1362 5387 1700 5458 gloriﬁcetur
1759 5390 1905 5445 Deus
1955 5391 2012 5445 in
2065 5395 2345 5449 omnibus.
2406 5415 2424 5447 ι
2478 5397 2644 5450 Arma
2703 5415 2722 5449 ι
2761 5398 2910 5452 enim
2966 5418 2984 5450 ι
3040 5410 3228 5456 nostra
3260 5419 3374 5458 non
3413 5418 3546 5462 sunt
3577 5410 3844 5471 carnalia.
3886 5410 3970 5466 sed

730 5479 974 5579 potentia
1011 5479 1144 5579 Deo,
1196 5481 1262 5534 ad
1294 5480 1729 5537 destructionem
1765 5484 2139 5540 munitionum
2181 5504 2192 5538 :
2227 5489 2456 5543 consilia
2492 5488 2847 5546 destruentes
2878 5493 2921 5522 ⁸⁵
2983 5515 2999 5545 ι
3040 5506 3091 5548 ιιι
3126 5496 3308 5549 anima
3349 5498 3519 5553 nullis
3542 5501 3742 5570 agitata
3777 5505 3967 5558 intern-

724 5571 911 5635 pmiis,
942 5585 1004 5625 ac
1033 5571 1150 5627 miti
1187 5574 1374 5639 corde,
1420 5585 1611 5630 nostra
1646 5577 1824 5632 oratio
1857 5579 2002 5632 sicut
2037 5579 2320 5634 incensum
2353 5595 2520 5636 suave
2555 5587 2820 5654 fragrans.
2858 5588 3210 5655 acceptabilis
3253 5588 3304 5644 ei
3354 5590 3444 5646 ﬁat
3484 5595 3577 5664 qui
3610 5597 3779 5650 corda
3823 5617 3968 5655 scru-

796 5728 836 5756 ⁸³
867 5725 1022 5781 Prin.
1065 5746 1239 5784 xum.
1272 5731 1356 5783 :25.
1440 5732 1483 5761 ³⁵
1518 5733 1530 5785 Ι
1567 5733 1708 5787 Tim.
1747 5751 1805 5796 ll,
1848 5738 1888 5789 ί.
1972 5738 2011 5765 ⁸⁵
2051 5738 2089 5790 li
2123 5737 2248 5790 (lor.
2291 5755 2340 5798 κ.
2383 5742 2424 5793 ί.
