4178 6424
206 412 348 474 2715

1252 430 1579 490 ΠΟΜΙΗΛ
1622 435 1783 495 CIII.
1826 463 1893 473 -
1934 440 2031 499 DE
2071 442 2448 501 SILEN'I’IO.

3349 447 3483 511 1766

202 538 356 624 tatur
385 537 443 582 et
477 546 881 606 rencs,ncmpc
926 538 1058 594 Deo.
1087 540 1191 595 Sed
1242 552 1299 596 et
1356 547 1621 601 Dominus
1673 550 1788 604 suis
1825 552 1965 607 dixit
2020 554 2310 623 discipulis
2350 574 2362 608 :
2403 577 2418 607 ι
2461 557 2571 610 Vos
2621 574 2732 611 non
2762 558 2924 613 .cst‘is
2972 559 3041 614 de
3109 561 3316 615 Inundo
3355 562 3481 624 hoc,

199 623 298 674 sed
349 640 453 724 ego
494 629 638 699 elegi
669 646 769 687 vos
806 631 875 687 de
915 637 1126 690 mundo
1163 656 1172 690 :
1214 656 1321 694 non
1352 643 1466 712 jam
1495 643 1669 699 multa
1700 647 1898 715 loquar
1942 649 2230 704 vobiscum
2264 652 2326 705 “.
2368 673 2385 703 ι
2426 652 2538 722 Ipsi
2610 653 2785 724 gloria
2854 654 2911 709 in
2982 658 3182 712 steeula
3247 658 3481 713 sarculo-

201 731 353 770 rum.
382 719 581 775 Amen.

803 864 1024 917 ΛΟΓΟΣ
1078 867 1196 920 PF'.

772 978 913 1045 Περὶ
939 980 1228 1048 ἡσυχίας.

290 1083 521 1156 Ἡσυχία
566 1086 789 1156 ὠφελεῖ,
818 1090 929 1145 τῶν
965 1094 1153 1147 κακῶν
1192 1097 1502 1169 ἀργήσασα.
1549 1103 1675 1157 Ἐὰν
1730 1105 1785 1159 δὲ

200 1176 301 1228 καὶ
329 1177 429 1240 τὰς
451 1177 727 1251 τέσσαρας
762 1183 967 1252 ἀρετὰς
1004 1187 1062 1238 ἐν
1094 1193 1370 1263 προσευχῇ
1403 1194 1786 1265 προσλάϐηται

201 1266 482 1339 βοήθημα,
508 1272 801 1342 τοῦτ’ἔστι,
833 1276 932 1346 τὴν
955 1280 1336 1352 μακροθυμίαν
1356 1286 1452 1338 καὶ
1474 1287 1573 1354 τὴν
1591 1305 1785 1341 ταπει-

202 1362 572 1436 νοφροσύνην,
591 1366 904 1436 ἀγρυπνίαν
919 1388 976 1423 τε
996 1373 1087 1427 καὶ
1112 1375 1461 1446 ἐγκράτειαν,
1476 1380 1629 1433 οὐδὲν
1649 1381 1786 1452 αὐτῇ

204 1452 620 1524 συντομώτερον
644 1458 780 1527 πρὸς
808 1459 1098 1518 ἀπάθειαν.
1132 1466 1288 1538 Καλὴ
1318 1463 1411 1521 οὖν
1446 1471 1480 1539 ή
1532 1469 1788 1543 εὔκαιρος

202 1547 416 1615 σιωπὴ,
442 1547 601 1600 οὐδὲν
649 1547 838 1621 ἕτερον
882 1552 1038 1619 οὖσα,
1069 1556 1101 1626 ἦ
1138 1560 1324 1630 μήτηρ
1358 1562 1579 1616 ἐννοιῶν
1607 1581 1784 1633 σοφω-

198 1638 388 1690 τάτων
413 1656 427 1669 ·
460 1640 651 1712 ἐπειδὴ
684 1644 776 1696 καὶ
808 1645 868 1698 τὸ
890 1648 1095 1715 ἀγαθὸν
1119 1651 1344 1722 Πνεῦμα
1386 1654 1649 1724 ἐκφεύγει
1687 1658 1789 1729 τὴν

200 1730 559 1799 πολυλογίαν,
586 1736 661 1799 ώς
700 1740 944 1809 ταραχῆς
971 1740 1153 1811 πάσης
1181 1744 1275 1795 καὶ
1300 1747 1602 1814 φαντασίας
1632 1749 1788 1813 ἐκτὸς

198 1821 286 1873 δν.
329 1821 394 1875 ἹΙ
428 1820 521 1876 οὖν
552 1826 752 1895 ἡσυχία
781 1828 856 1889 ώς
886 1829 1026 1898 καλὴ
1055 1827 1189 1884 οὖσα
1243 1836 1426 1906 μήτηρ
1462 1837 1652 1889 πασῶν
1679 1838 1789 1891 τῶν

198 1909 420 1981 ἀρετῶν
443 1915 723 1983 τυγχάνει.
770 1918 1068 1992 Ἀπογεννᾷ
1090 1922 1200 1993 γὰρ
1223 1925 1389 1988 αὑτὰς
1418 1926 1503 1979 διὰ
1528 1928 1625 1997 τῆς
1654 1930 1789 1999 πρὸς

202 2004 343 2056 Θεὸν
375 2006 723 2060 ἀδιαλείπτου
740 2012 848 2072 ,καὶ
872 2012 1284 2082 ἀπερισπάστου
1319 2018 1566 2088 ἡσυχίας.
1585 2021 1644 2073 '0
1670 2022 1789 2086 φιλ-

202 2097 416 2165 ήσυχος
480 2101 713 2170 μοναχδς
765 2104 1049 2171 ἀγαπᾶται
1089 2108 1193 2159 ὑπὸ
1240 2109 1337 2161 τοῦ
1380 2110 1538 2177 Θεοῦ,
1598 2114 1786 2185 ἐπειδὴ

2468 881 2754 940 IIOMILIA
2785 885 2919 940 CIII.

2526 996 2605 1050 De
2632 998 2859 1053 silentio.

1967 1110 2060 1163 Vel
2095 1110 2198 1163 hoc
2225 1110 2451 1165 nomine
2483 1111 2646 1166 nobis
2671 1115 3050 1169 emolumento
3081 1124 3164 1170 est
3195 1114 3479 1170 silentium

1893 1210 1949 1255 et
1977 1203 2220 1270 adjuvat,
2245 1203 2391 1273 quod
2422 1204 2618 1258 doceat
2641 1221 2671 1259 a
2699 1206 2858 1261 malis
2884 1208 3070 1261 l'eriari
3093 1207 3478 1277 etintcrqnic-

1895 1297 2240 1362 scerc.Quod
2265 1297 2310 1352 si
2334 1298 2570 1353 virtutes
2597 1307 2838 1367 quatuor
2863 1300 2917 1353 in
2948 1302 3199 1355 oratione
3218 1301 3481 1357 concilia—

1898 1388 1968 1442 rit
1990 1388 2095 1442 sibi
2118 1398 2175 1443 et
2194 1390 2474 1453 asciverit,
2499 1390 2705 1461 quibus
2730 1392 2961 1457 nitatur,
2989 1393 3254 1449 nimirum
3279 1395 3478 1465 longa-

1895 1481 2101 1535 nimcm
2170 1482 2555 1548 tolerantiam,
2591 1484 2759 1539 animi
2791 1484 3144 1549 modestiam,
3209 1486 3477 1555 vigiliam,

1899 1570 2357 1640 temperantiam;
2389 1572 2528 1625 nihil
2562 1574 2775 1642 uspiam
2813 1572 3061 1627 inveniet
3087 1574 3233 1642 quod
3263 1573 3483 1627 brevio-

1898 1676 1958 1713 re
2007 1659 2339 1729 compendio
2387 1660 2627 1714 animam
2688 1662 2880 1716 reddat
2941 1662 3085 1717 circa
3133 1662 3483 1717 turbulentas

1895 1752 2184 1823 passiones
2228 1752 2309 1807 sic
2356 1753 2633 1819 stabilem,
2670 1763 2729 1808 ut
2768 1754 3070 1809 silentium.
3098 1754 3271 1820 Quam
3312 1755 3483 1825 igitur

1896 1843 2147 1912 speciosa
2192 1858 2470 1913 quamque
2507 1853 2850 1913 opportuna,
2886 1852 2943 1898 et
2990 1845 3346 1900 accommoda
3396 1855 3483 1900 est

1898 1936 2060 1989 nobis
2109 1937 2292 1990 virtus
2346 1935 2596 1989 silentii?
2630 1934 2795 1989 Aliud
2846 1950 3078 2005 prorsus
3131 1935 3271 1990 nihil
3315 1952 3480 2005 quam

1897 2029 2435 2098 sapientissimarum
2495 2028 2895 2098 cogitationum
2953 2037 3151 2083 mater.
3200 2029 3483 2099 Benignus

1897 2122 2104 2175 etenim
2171 2121 2264 2176 ille
2337 2120 2580 2190 Spiritus
2639 2122 2732 2175 vix
2797 2121 2946 2175 aliud
3013 2131 3123 2175 tam
3192 2130 3483 2175 aversatur

201 2191 302 2243 καὶ
350 2190 516 2254 αὐτὸς
551 2193 783 2261 ἀγαπῶν
813 2196 905 2248 τὸν
927 2198 1061 2251 Θεὸν
1092 2200 1241 2272 αὐτῷ
1278 2202 1425 2271 μόνῳ
1452 2202 1593 2255 θέλει
1620 2221 1787 2275 προσδ-

1898 2222 1953 2265 et
1995 2212 2156 2281 fugit,
2201 2220 2263 2266 ut
2294 2213 2633 2282 multiloquii
2671 2215 2995 2277 vanitatem,
3023 2213 3482 2283 quandoquidem

198 2282 422 2351 ομιλεῖν
468 2283 557 2338 διὰ
602 2284 703 2355 τῆς
742 2286 993 2359 καθαρᾶς
1044 2293 1376 2362 προσευχῆς,
1408 2296 1503 2347 καὶ
1549 2296 1644 2347 ἐπὶ
1688 2297 1790 2365 γῆς

199 2369 413 2438 διάγων
465 2374 534 2425 τὰ
589 2374 819 2445 οὐράνια
866 2378 1220 2446 φαντάζεται.
1265 2382 1427 2445 Ὄλος
1458 2384 1568 2452 γὰρ
1603 2387 1631 2437 6
1669 2385 1793 2447 νοῦς

199 2461 375 2515 αὑτοῦ
427 2466 670 2536 μεριμνᾷ
699 2466 760 2519 τὸ
805 2466 925 2531 πῶς
954 2469 1141 2539 ἀρέσει
1180 2470 1259 2541 τῷ
1287 2471 1428 2543 Θεῷ,
1495 2474 1590 2527 καὶ
1640 2476 1793 2543 γενέ-

201 2554 337 2606 σθαι
382 2556 508 2619 ναὸς
551 2555 645 2609 τοῦ
687 2558 843 2625 ἁγίου
879 2560 1043 2613 αὑτοῦ
1073 2562 1411 2632 Πνεῦματος.
1448 2565 1505 2617 'U
1550 2566 1792 2629 τοιοῦτος
1836 2606 1839 2607 ν

198 2646 295 2699 ἀεὶ
335 2646 620 2701 ὑποκλίνει
648 2649 737 2702 τὸν
762 2650 962 2720 αῦχένα
994 2653 1161 2707 αὐτοῦ
1184 2655 1261 2725 τῷ
1291 2656 1515 2728 ἐλαφρῴ
1542 2658 1636 2711 καὶ
1663 2677 1793 2731 χρη-

202 2739 321 2808 στῷ
349 2739 499 2809 ζυγῷ
522 2740 616 2794 τοῦ
632 2744 868 2813 Χριστοῦ
894 2762 908 2776 ·
933 2746 1026 2801 καὶ
1054 2748 1231 2800 πάντα
1271 2750 1340 2802 ea
1368 2749 1622 2820 ὁρώμενα
1646 2769 1789 2821 παρ-

199 2830 377 2901 ορῶν,
410 2832 521 2885 τῶν
561 2835 810 2905 ἀοράτων
870 2836 1102 2907 ἐφίεται.
1133 2839 1351 2893 Μᾶλλον
1383 2840 1440 2893 δὲ
1492 2842 1654 2894 αὑτὸν
1701 2841 1792 2895 τὸν

199 2924 445 2992 ἀόρατον
462 2926 536 2988 ὡς
572 2927 718 2993 ὀρῶν
741 2930 1025 3001 καρτερεῖ.
1055 2931 1119 2982 Οί
1146 2932 1380 2985 τοιοῦτοι
1403 2935 1516 2997 τοῖς
1538 2933 1791 3002 ἀγγέλοις

202 3017 287 3086 τῷ
340 3016 441 3088 βίῳ
482 3020 917 3089 συναμιλλῶνται
950 3037 963 3050 ⁶
1000 3022 1235 3076 πάντοτε
1258 3023 1358 3086 τὰς
1389 3026 1634 3094 ἐρήμους
1661 3026 1789 3078 διώ-

202 3123 423 3172 κοντες,
452 3108 536 3161 ἴνα
568 3110 628 3161 ἐν
656 3110 826 3182 πολλῇ
862 3112 1064 3182 ἡσυχίᾳ
1098 3114 1193 3165 καὶ
1227 3114 1534 3186 ἀμεριμνίᾳ
1563 3114 1641 3183 τῷ
1670 3116 1790 3186 Θεῷ

204 3200 679 3269 προσομιλοῦντες
704 3202 797 3255 τὸν
823 3203 1032 3257 ἑαυτῶν
1061 3204 1187 3259 νοῦν
1226 3204 1495 3273 ἔσοπτρον
1520 3205 1792 3277 ἀκηλίδω-

201 3309 301 3345 τον
353 3294 777 3363 ἀπεργάσωνται
795 3336 811 3361 ,
835 3296 977 3350 κατὰ
1006 3297 1099 3349 τὸν
1127 3296 1304 3366 μέγαν
1341 3297 1552 3362 Ἠλίαν,
1576 3299 1673 3351 καὶ
1699 3299 1793 3352 τὸν

204 3384 521 3455 πρόδρομον
578 3387 675 3438 καὶ
728 3386 1031 3457 βαπτιστήν
1088 3387 1181 3441 τοῦ
1234 3389 1440 3459 Κυρίου
1512 3388 1789 3460 Ἰωάννην.

200 3478 488 3548 Μακάριοι
516 3478 567 3529 ot
614 3476 845 3530 τοιοῦτοι
875 3479 967 3531 καὶ
1005 3480 1098 3532 ἐπὶ
1144 3480 1248 3550 γῆς
1282 3482 1375 3534 καὶ
1404 3482 1462 3534 ἐν
1491 3482 1742 3552 οὐρανοῖς
1776 3498 1789 3512 ·

202 3568 410 3631 οἵτινες
472 3568 543 3621 τὰ
590 3569 770 3623 πάντα
821 3567 1380 3639 ήγοῦνταισκύὸαλα,
1427 3571 1514 3624 ἵνα
1558 3571 1793 3640 Χριστὸν

207 3659 545 3731 κερδήσωσι,
573 3662 670 3714 καὶ
699 3660 1004 3731 εὑρεθῶσιν
1033 3663 1092 3716 ἐν
1126 3662 1204 3733 τῷ
1228 3663 1417 3735 πραέῳ
1452 3663 1546 3716 καὶ
1585 3663 1795 3733 ήσυχίῳ

207 3752 488 3823 πνεύματι
529 3752 862 3822 βαδίζοντες,
898 3754 995 3808 καὶ
1039 3754 1276 3827 μάλιστα
1307 3756 1389 3819 είς
1418 3754 1514 3817 οὓς
1555 3755 1799 3825 ἐφθάσα-

209 3863 318 3916 μεν
344 3845 591 3917 καιρούς.
626 3844 824 3909 Καθὼς
847 3848 875 3900 6
910 3848 1196 3918 προφήτης
1236 3848 1417 3917 Ἀμὼς
1441 3849 1511 3902 τά
1539 3848 1671 3918 περὶ
1700 3847 1795 3901 τοῦ

208 3938 509 4001 ἐνεστῶτος
558 3938 750 4009 καιροῦ
801 3942 950 4011 ἡμᾶς
988 3940 1260 3994 παιδεύων
1307 3941 1496 4011 φησὶν,
1532 3959 1552 3993 ι
1598 3941 1687 3994 Ἑν
1721 3940 1799 4010 τῷ

208 4027 395 4098 καιρῷ
424 4027 618 4099 ἐκείνῳ
644 4030 672 4081 6
698 4028 894 4082 συνιὼν
922 4031 1281 4102 σιωπήσεται,
1305 4032 1387 4084 ὅτι
1416 4032 1610 4102 καιρὸς
1634 4048 1798 4099 πονηο

212 4124 310 4195 ρός
340 4124 481 4177 ἐστι.
517 4141 535 4174 ι
580 4122 690 4176 Καὶ
719 4124 748 4176 6
792 4123 1042 4189 Ἡσαΐας,
1081 4143 1100 4176 ι
1138 4125 1329 4179 Μισῶν
1383 4126 1671 4195 πονηρίαν,
1703 4124 1797 4177 καὶ

206 4214 316 4275 τὰς
389 4215 579 4282 χεῖρας
646 4212 1038 4283 ἀποσειόμενος
1094 4214 1201 4267 ἀπὺ
1253 4215 1462 4287 δώρων,
1520 4217 1796 4285 καμμύων

207 4304 547 4374 ὀφθαλμοὺς,
571 4306 659 4358 ἶνα
689 4305 763 4376 μὴ
783 4306 869 4377 ἴδῃ
897 4306 1131 4372 ἀδικίαν,
1153 4301 1307 4370 οὗτος
1330 4309 1543 4377 οἰκήσει
1574 4310 1633 4362 ἐν
1658 4327 1802 4381 σπη-

206 4397 371 4469 λαίῳ,
401 4399 562 4469 ἄρτος
618 4397 768 4468 αὐτῷ
818 4398 1131 4469 δοθήσεται,
1172 4400 1268 4453 καὶ
1311 4400 1371 4453 τὸ
1430 4399 1575 4472 ὕδωρ
1635 4402 1798 4456 αὑτοῦ

208 4489 429 4547 πιστόν.
471 4509 489 4542 ι
518 4490 631 4545 Kal.
683 4492 749 4545 ἐκ
799 4490 1095 4562 προσώπου
1143 4492 1350 4562 Κυρίου
1393 4491 1579 4563 φησὶν,
1617 4511 1636 4544 ι
1680 4494 1803 4545 Ἐπὶ

207 4585 342 4639 τίνα
373 4584 676 4653 ἐπιϐλέψω,
712 4584 829 4637 ἀλλ’
860 4587 893 4654 ἢ
924 4585 1019 4638 ἐπὶ
1042 4566 1140 4639 τὸν·
1163 4583 1417 4638 ταπεινὸν
1434 4586 1527 4639 καὶ
1558 4585 1761 4657 ἥσυχον
1785 4628 1799 4653 ,

211 4679 315 4734 καὶ
360 4677 638 4748 τρέμοντα
678 4695 779 4749 μου
818 4680 945 4741 τοὺς
968 4678 1162 4747 λόγους
1192 4694 1207 4742 ;
1248 4696 1266 4728 ι
1300 4678 1413 4731 Καὶ
1442 4681 1469 4732 6
1504 4680 1798 4749 Ἱερεμίας,

219 4791 240 4825 ι
277 4771 375 4832 Τίς
402 4770 565 4823 δώσει
592 4786 703 4841 μοι,
726 4768 926 4837 λέγων,
951 4771 1011 4823 ἐν
1037 4772 1104 4841 τῇ
1134 4771 1347 4841 ἐρήμῳ,
1377 4770 1618 4842 σταθμὸν
1642 4772 1805 4842 ἔσχα·

1896 2304 1944 2357 is
2002 2304 2072 2358 ab
2135 2304 2285 2358 omni
2354 2305 2674 2359 turbulenta
2731 2320 2791 2360 se
2854 2307 3148 2361 submovet
3211 2308 3485 2375 intempe-

1895 2395 1975 2449 rie
2004 2403 2173 2464 atque
2205 2395 2573 2452 Iudilicatoria
2616 2398 3033 2468 imaginatione.
3061 2397 3354 2453 Silentium
3385 2396 3485 2467 igi-

1894 2496 1984 2540 tur
2011 2497 2167 2542 tanto
2198 2504 2325 2543 cum
2355 2489 2645 2559 splendeat
2678 2490 2902 2552 decore,
2958 2499 3139 2544 mater
3177 2490 3305 2560 jure
3346 2504 3481 2543 cen-

1892 2586 2047 2632 setur
2076 2579 2348 2634 virtutum
2383 2581 2641 2634 monachi
2677 2599 2689 2634 :
2720 2596 2816 2634 eas
2837 2580 2988 2634 enim
3013 2588 3355 2648 progenerat
3385 2595 3486 2649 per

1888 2671 2079 2739 jugem
2125 2680 2185 2725 et
2218 2671 2557 2725 indivulsam
2608 2672 2674 2725 ad
2724 2673 2899 2726 Deum
2952 2669 3482 2740 interpellationem.

1894 2761 2199 2817 Monachus
2231 2762 2439 2818 silentii
2469 2772 2525 2818 et
2550 2763 2754 2833 quietis
2778 2772 2991 2818 amator
3020 2778 3131 2817 non
3156 2770 3343 2831 potest
3372 2776 3482 2815 non

1892 2868 1923 2905 a
1960 2852 2074 2907 Deo
2139 2851 2488 2923 diligi.Cum
2544 2854 2694 2907 enim
2748 2853 2847 2907 Dei
2895 2868 3087 2906 amore
3145 2851 3483 2912 inardescat,

1894 2943 1996 2998 soli
2030 2944 2185 3013 cupit
2208 2945 2319 2998 Deo
2346 2946 2591 3015 colloqui
2626 2961 2725 3014 per
2748 2946 3027 2999 sinceram
3054 2944 3385 2999 orationem.
3413 2942 3483 3005 Is,

1891 3036 1994 3089 etsi
2020 3036 2072 3089 in
2089 3044 2232 3090 terra
2255 3045 2527 3101 moretur,
2545 3037 2792 3093 ewlcstia
2820 3046 3006 3091 tamen
3032 3034 3381 3090 transcendit
3398 3034 3487 3103 pia

1896 3128 2286 3198 imaginatione
2314 3147 2327 3183 :
2356 3137 2471 3184 tota
2512 3129 2663 3184 enim
2692 3129 2860 3184 istius
2880 3143 3038 3183 mens
3067 3128 3124 3181 in
3163 3127 3269 3181 hac
3306 3143 3411 3179 una
3434 3137 3487 3181 et

1893 3220 2054 3274 anxia
2076 3220 2411 3290 cogitatione
2429 3231 2704 3285 versatur,
2723 3230 2784 3275 ut
2798 3221 2912 3276 Deo
2926 3235 2984 3275 se
3005 3218 3281 3289 probetac.
3297 3217 3491 3272 reddat

1894 3312 2208 3375 amabilem,
2238 3313 2528 3383 sanctique
2553 3313 2795 3383 Spiritus
2820 3312 3087 3382 templum
3106 3318 3494 3379 promereatur

1893 3402 2275 3473 cllici.]_191
2303 3404 2403 3457 llic
2424 3406 2698 3459 cervicem
2720 3419 2876 3457 suam
2900 3418 3167 3473 perquam
3196 3401 3307 3457 leni
3333 3402 3494 3456 Chri-

1897 3495 1964 3549 sti
1990 3497 2122 3566 jugo
2164 3506 2224 3551 et
2269 3496 2427 3551 suavi
2462 3496 2772 3551 substernit
2812 3495 3043 3550 acclinis
3075 3509 3314 3564 semper.
3345 3493 3492 3550 Visi-

1898 3586 2030 3639 bilia
2064 3596 2264 3641 cuncta
2300 3587 2707 3647 transmittens,
2746 3584 2814 3639 ad
2851 3584 3221 3640 invisibilium
3276 3583 3492 3653 rapitur

1895 3690 2164 3738 amorem,
2188 3675 2362 3746 magis
2381 3692 2515 3730 vero
2535 3676 2904 3731 invisibilium
2943 3681 3244 3745 (quatenus
3269 3689 3333 3728 ea
3360 3688 3494 3727 con-

1899 3767 2224 3837 templatur)
2256 3768 2631 3838 aliquousque
2669 3782 2901 3837 compos
2923 3767 3036 3837 jam
3068 3772 3173 3821 est.
3225 3763 3331 3830 Qui
3358 3764 3494 3818 tales

1898 3863 2051 3919 sunt,
2095 3855 2342 3924 puritate
2390 3855 2519 3910 vita:
2572 3870 2700 3909 cum
2759 3854 2973 3924 angelis
3028 3852 3489 3921 congrediuntur.

1900 3948 1995 4001 lsti
2041 3948 2196 4002 nullo
2228 3961 2342 4001 non
2379 3954 2629 4016 tempore
2682 3953 2952 4015 expetunt
3004 3943 3320 4011 adeuntque
3364 3941 3493 3995 soli-

1901 4038 2147 4106 tudines,
2194 4046 2257 4092 ut
2317 4037 2585 4093 taciturni
2647 4052 2714 4091 ac
2756 4035 3043 4105 tranquilli
3095 4033 3252 4103 prius
3304 4032 3490 4086 divina

1899 4130 2260 4200 perfruantur
2280 4128 2641 4194 allocutione,
2683 4141 2948 4197 suamque
2977 4127 3221 4195 ipsorum
3254 4134 3490 4178 mentem

1901 4222 2189 4292 speculum
2252 4220 2495 4277 elliciant
2552 4210 2719 4275 nulla'
2755 4218 2878 4273 labe
2929 4219 3341 4287 interpunctum
3398 4226 3495 4270 aut

1900 4329 2211 4384 aspersum,
2262 4329 2520 4384 magnum
2554 4313 2707 4366 illum
2764 4310 2964 4365 imitati
3010 4309 3186 4364 Eliam
3243 4324 3308 4363 ac
3349 4323 3491 4378 prac-

1901 4423 2188 4464 cursorem
2209 4416 2266 4463 et
2287 4407 2583 4477 baptistam
2602 4402 2821 4458 Domini
2840 4402 3132 4457 Joannem.
3158 4399 3313 4453 Beati
3333 4398 3492 4468 plane

1905 4500 2061 4564 tales,
2089 4515 2217 4553 cum
2254 4513 2423 4567 super
2452 4505 2683 4560 terram,
2722 4503 2839 4549 tum
2864 4502 2922 4548 et
2947 4492 3001 4547 in
3035 4492 3211 4555 caelis,
3247 4490 3340 4559 qui
3369 4490 3494 4560 qui-

1902 4591 2027 4644 dem
2050 4591 2236 4645 omnia
2267 4590 2484 4643 ducunt
2517 4588 2676 4658 quasi
2707 4596 2975 4649 stercora,
3002 4584 3287 4639 Christum
3320 4591 3381 4635 ut
3409 4583 3493 4635 Iu-

1903 4682 2189 4738 crifaciant
2228 4681 2695 4749 invenianturquc
2754 4680 2810 4733 in
2854 4677 2976 4731 miti
3020 4692 3085 4731 ac
3124 4674 3377 4745 requieto
3410 4674 3494 4727 in-

1905 4774 2103 4829 cedere
2138 4773 2363 4844 spiritu.
2398 4772 2571 4842 quue
2603 4785 2709 4825 nos
2760 4768 3008 4823 omnium
3047 4767 3282 4821 maxime
3313 4765 3493 4819 facere

210 4878 348 4927 τον;
384 4862 480 4914 καὶ
506 4859 818 4930 καταλείψω
851 4860 943 4914 τὸν
968 4860 1096 4913 λαὸν
1125 4860 1316 4915 τοῦτον
1341 4879 1356 4929 ;
1399 4880 1418 4913 ι
1454 4863 1564 4916 Καὶ
1595 4863 1757 4916 πάλιν
1784 4902 1795 4923 ,

1907 4862 2159 4927 addecet,
2204 4864 2302 4934 qui
2337 4862 2393 4917 in
2436 4862 2554 4916 haec
2604 4859 2967 4931 pervenimus
2993 4868 3263 4928 tempora.
3312 4855 3404 4909 Sic
3436 4864 3495 4908 et

218 4974 238 5008 ι
275 4956 395 5008 Οὐκ
448 4954 683 5007 ἐκάθισα
758 4953 897 5025 μετὰ
972 4953 1396 5025 συμπαιζόντων
1446 4956 1796 5023 αὐτῶν,ἀλλ’

214 5045 569 5118 εῦλαδούμην
602 5046 711 5098 ἀπὸ
738 5046 1033 5118 προσώπου
1073 5046 1255 5116 χειρός
1290 5064 1407 5100 σου.
1443 5046 1600 5100 Κατά
1632 5048 1801 5117 μόνας

215 5138 531 5209 ἐκαθήμην,
558 5139 643 5190 ὅτι
684 5137 913 5206 πικρίας
962 5136 1322 5207 ἐνεπλήσθην.
1359 5154 1379 5187 ›
1410 5137 1522 5189 Καὶ
1559 5139 1587 5190 ὁ
1614 5136 1799 5199 Δαυῖδ,

224 5251 245 5284 ι
279 5230 601 5301 Ἑμάκρυνα
619 5228 962 5299 φυγαδεύων,
985 5230 1081 5283 καὶ
1100 5229 1369 5300 ηὐλίσθην
1389 5230 1450 5283 ἐν
1465 5231 1529 5300 τῇ
1555 5230 1651 5300 ἐρή
1662 5247 1765 5299 μῳ.
1781 5246 1798 5279 ι

219 5324 357 5388 Καὶ,
390 5321 662 5395 [Ἑθέμην
686 5323 746 5375 τὸ
778 5321 984 5392 ἔνδυμα
1012 5339 1136 5393 μου,
1166 5321 1415 5395 cauom]
1444 5340 1464 5373 ‹
1500 5321 1707 5392 ἐθέμην
1728 5321 1806 5390 τῷ

222 5415 458 5485 στόματί
491 5432 594 5485 μου
646 5414 895 5484 φυλακὴν
938 5415 997 5467 ἐν
1022 5412 1100 5483 τῷ
1127 5419 1387 5487 συστῆναι
1416 5416 1508 5467 τδν
1546 5415 1808 5485 ἀμαρτω-

222 5507 319 5563 λὺν
364 5506 608 5560 ἐναντίον
638 5523 740 5578 μου
772 5504 1097 5577 [ἐκωφώθην
1152 5505 1246 5558 καὶ
1291 5504 1666 5573 ὲταπεινώθην
1716 5505 1811 5558 καὶ

224 5600 465 5669 ἐσίγησα
493 5599 553 5665 ἐξ
585 5597 829 5667 ἀγαθῶν.
855 5598 966 5652 Καὶ
1000 5596 1209 5669 πάλιν,]
1243 5597 1549 5668 ἐκωφὼθην
1582 5597 1678 5649 καὶ
1712 5596 1811 5648 οὐκ

226 5691 423 5766 ἦνοιξα
449 5691 511 5745 τὸ
535 5692 714 5763 στόμα
745 5708 872 5762 μου,
904 5691 986 5744 ὅτι
1016 5692 1080 5746 σὺ
1104 5688 1387 5760 ἐποίησας.
1420 5707 1439 5741 ι
1474 5687 1603 5754 Καὶ,
1640 5707 1657 5739 ι
1701 5686 1813 5741 Κύ-

302 5850 351 5889 δ⁶
383 5848 539 5905 Joan.
572 5863 661 5912 xv,
696 5846 778 5903 l9.
854 5845 1105 5901 “Amos
1155 5861 1209 5907 γ,
1269 5843 1348 5897 l5.

1900 4955 2171 5025 propheta
2219 4954 2418 5020 Amos',
2482 4969 2606 5022 qua:
2672 4936 2903 5007 instanti
2951 4958 3203 5019 tempore
3242 4946 3493 5014 contige-

1903 5056 2057 5113 runt,
2099 5061 2201 5101 suo
2226 5061 2328 5100 nos
2358 5043 2743 5115 prmerudiens
2773 5041 3022 5107 oraculo,
3054 5040 3133 5096 ait
3167 5057 3181 5093 :
3219 5058 3236 5091 ι
3273 5038 3330 5092 ln
3362 5046 3495 5090 tem-

1904 5154 2040 5208 pore
2087 5137 2184 5191 illo
2233 5137 2549 5205 intelligens
2593 5133 2801 5198 silebit,
2847 5132 2976 5203 quia
3013 5138 3231 5200 tempus
3288 5126 3492 5181 malum

1905 5236 1989 5283 est
2038 5229 2106 5282 ⁸⁷.
2138 5247 2156 5280 ι
2192 5227 2358 5282 Isaias
2403 5241 2627 5296 quoque
2663 5244 2677 5279 :
2720 5243 2737 5276 ι
2766 5223 2870 5290 Qui
2913 5223 3032 5278 odit
3062 5219 3409 5290 iniquitatem
3441 5225 3497 5271 et

1912 5336 2115 5375 manus
2155 5318 2368 5374 excutit
2404 5334 2435 5371 a
2470 5317 2846 5382 muneribus;
2903 5314 2997 5384 qui
3038 5312 3249 5368 claudit
3304 5312 3496 5366 oculos

1909 5427 1978 5466 ne
2024 5411 2210 5466 videat
2243 5409 2620 5479 iniquitatem,
2673 5408 2766 5463 hic
2808 5405 3083 5461 habitabit
3132 5404 3188 5459 in
3230 5403 3495 5473 spelunca

1907 5503 2161 5567 excelsa;
2214 5501 2373 5571 panis
2422 5500 2476 5554 ei
2525 5499 2772 5561 dabitur,
2822 5506 2878 5553 ct
2909 5512 3050 5567 aqua
3097 5497 3218 5566 ejus
3265 5492 3492 5547 ﬁdelis:

1909 5595 2113 5662 Regem
2167 5608 2295 5647 cum
2356 5591 2530 5662 gloria
2579 5591 2820 5655 videbit,
2876 5598 2933 5645 et
2986 5589 3132 5643 oculi
3186 5583 3357 5640 vestri
3415 5584 3496 5636 vi-

1911 5687 2123 5741 debunt
2155 5695 2359 5739 terram
2388 5683 2457 5739 de
2492 5683 2672 5755 longe,
2706 5683 2886 5736 anima
2916 5688 3096 5736 vestra
3136 5674 3495 5734 meditabitur
