4178 6424
725 398 855 463 1747

1997 391 2297 453 ANTIOCI

2406 391 2748 451 MONACIII
3863 391 3978 452 175.1

726 515 980 570 timorem
1022 513 1087 564 “.
1135 529 1153 562 ο
1215 513 1266 566 Is
1312 527 1379 567 ex
1430 511 1646 567 Domini
1691 525 1928 580 persona
1966 510 2144 564 dicit:
2179 527 2196 560 ι
2229 506 2304 562 Ad

2418 526 2532 578 ριος
2571 507 2876 572 κατοικίζει
2930 507 3298 579 μονοτρόπους
3332 508 3389 560 ὲν
3432 506 3585 574 οἴκῳ.
3632 525 3650 558 ι
3696 504 3866 576 Ἀνὴρ
3894 507 4005 573 γὰρ

725 613 889 676 quem
931 603 1248 673 respiciam,
1289 604 1397 660 nisi
1444 603 1512 658 ad
1556 603 1820 657 humilem
1870 611 1926 657 et
1964 603 2215 670 quietum
2247 611 2302 656 et

727 703 1053 750 trementem
1101 709 1386 748 sermones
1441 707 1594 747 meos
1630 693 1709 745 ’⁵θῖ
1747 711 1765 743 ι
1813 691 2079 746 Jeremias
2128 691 2300 745 item:

727 807 745 839 ι
784 788 919 852 Quis
964 786 1116 841 dabit
1165 787 1297 840 mihi
1334 786 1389 840 in
1448 785 1748 839 solitudine
1788 783 2158 838 diversorium
2203 800 2304 837 no-

720 880 1028 946 vissimum,
1052 891 1108 934 et
1129 880 1507 949 derelinquam
1538 879 1800 949 populum
1826 879 1973 934 hunc
2003 881 2084 932 5°?
2116 899 2132 928 ›
2169 880 2310 933 ltur-

721 985 817 1024 sus
850 987 864 1023 :
908 990 925 1022 ι
957 973 1074 1026 Νοιι
1112 973 1228 1027 sedi
1266 989 1390 1028 cum
1426 975 1841 1029 colludentibus
1875 974 1974 1036 eis,
2021 973 2116 1027 sed
2149 989 2306 1027 reve-

723 1062 864 1116 ritus
909 1078 1029 1117 sum
1059 1080 1088 1117 a
1118 1065 1255 1119 facie
1286 1081 1482 1120 manus
1528 1075 1653 1128 tum,
1686 1066 1836 1119 solus
1856 1063 2144 1126 sedebam,
2177 1064 2305 1134 quia

724 1155 1094 1210 amaritudine
1127 1159 1371 1228 repletus
1416 1176 1537 1213 sum
1566 1162 1634 1213 ³⁸.
1668 1179 1685 1211 ι
1734 1159 1907 1213 David
1944 1176 1955 1207 :
1998 1177 2014 1209 ε
2045 1158 2304 1228 Elongavi

727 1242 964 1313 fugiens,
987 1257 1042 1302 et
1069 1251 1244 1303 mansi
1278 1251 1332 1304 in
1361 1252 1658 1306 solitudine
1680 1253 1744 1303 δ’.
1783 1271 1801 1301 ι
1855 1251 1955 1304 Et:
1982 1269 1998 1300 ι
2025 1250 2187 1304 Posui
2217 1251 2302 1303 ori

728 1353 850 1391 meo
880 1341 1225 1407 custodiam;
1259 1343 1390 1397 dum
1430 1345 1764 1397 consisteret
1808 1356 2070 1411 peccator
2105 1341 2302 1395 adver-

724 1445 844 1483 sum
875 1447 985 1496 me,
1016 1434 1269 1490 obmutui
1303 1445 1356 1489 et
1389 1451 1496 1488 non
1530 1435 1722 1504 aperui
1756 1449 1814 1488 os
1841 1449 2047 1496 meum,
2081 1434 2208 1502 quia
2245 1441 2302 1486 tu

727 1518 905 1577 fecisti
953 1526 1018 1578 ⁵³.
1050 1545 1068 1576 ι
1121 1526 1187 1580 Et
1241 1545 1254 1580 :
1295 1545 1314 1577 ι
1345 1525 1613 1579 Dominus
1649 1525 1899 1579 habitare
1951 1522 2083 1578 facit
2134 1523 2300 1576 unius

725 1616 896 1669 moris
930 1616 982 1669 in
1015 1616 1179 1670 domo
1201 1617 1268 1668 “.
1295 1635 1311 1667 ι
1344 1617 1439 1670 Vir
1464 1617 1612 1670 enim
1635 1617 1877 1686 prudens
1902 1615 2144 1684 quietem
2166 1614 2298 1683 agit.
2341 1612 2410 1666 Et
2448 1629 2460 1664 :
2509 1631 2522 1660 ι
2560 1611 2734 1664 llomo
2779 1609 2999 1679 sapiens
3065 1608 3251 1662 silebit
3313 1623 3486 1676 usque
3520 1606 3586 1659 ad
3627 1618 3852 1674 tempus

725 1706 789 1760 Et
823 1723 836 1760 :
870 1725 889 1756 ε
945 1706 1050 1772 Qui
1104 1708 1418 1777 intelligens
1446 1717 1548 1770 est,
1598 1709 1742 1762 idem
1771 1718 1829 1761 et
1874 1716 2019 1760 tacet
2049 1707 2116 1768 ⁵⁸,
2147 1726 2164 1753 ι
2205 1704 2510 1759 secundum
2537 1702 2901 1771 Seripturam.
2967 1701 3332 1756 Ecclesiastes
3394 1715 3406 1751 :

2408 601 2672 672 φρόνιμος
2716 600 2949 669 ἡσυχίαν
3007 602 3150 668 ἄγει.
3204 600 3335 664 Καὶ,
3378 618 3395 649 ι
3449 598 3773 666 Ἄνθρωπος
3836 597 4005 665 σοφὸς

2412 695 2626 763 σιγήσει
2678 693 2782 755 ἕως
2825 692 3040 762 καιροῦ.
3081 711 3098 743 ι
3170 691 3301 754 Καὶ,
3349 711 3367 742 ι
3397 689 3683 743 Γινώσκων
3732 690 3856 758 ἃμα
3910 691 4003 740 καὶ

2412 783 2657 849 σιωπῶν,
2697 803 2714 835 ι
2749 783 2891 836 κατά
2922 784 3022 852 τὴν
3053 783 3297 850 Γραφὴν.
3332 783 3440 835 Καὶ
3468 783 3495 834 ὁ
3537 780 4001 850 Ἐκκλησιαστὴς,

2417 892 2435 925 ι
2483 875 2610 928 Ἐὰν
2635 871 2854 944 πνεῦμα
2876 872 2966 926 τοῦ
3007 872 3413 938 ἐξουσιάζοντος
3439 871 3610 939 ἀναδῇ
3643 873 3735 922 ἐπὶ
3775 871 3836 922 σε
3863 909 3880 933 ,
3914 870 4003 921 τδ-

2413 985 2515 1019 πον
2571 985 2662 1019 σου
2710 966 2784 1037 μὴ
2810 968 2975 1036 ἀφῇς.
3007 987 3024 1018 ι
3063 968 3170 1020 Καὶ
3190 969 3217 1018 ὁ
3256 967 3510 1033 Ἰωάννης
3538 968 3596 1018 ὲν
3620 966 3743 1025 ταῖς
3767 964 4005 1032 ἐρήμοις

2409 1058 2651 1130 διέτριψε
2690 1079 2706 1109 σ
2743 1061 2932 1128 μέχρις
2969 1059 3182 1128 ἡμέρας
3227 1056 3550 1122 ἀναδείξεως
3597 1053 3768 1109 αὑτοῦ
3809 1073 3827 1104 ι
3865 1055 4006 1119 πρὸς

2411 1155 2501 1208 τὸν
2542 1153 2776 1222 Ἰσραήλ.
2825 1154 2882 1203 ’0
2929 1154 2984 1205 δὲ
3032 1152 3234 1221 Κύριος
3287 1154 3366 1214 εἰς
3423 1152 3603 1203 πάντα
3649 1165 3820 1210 τύπος
3867 1149 4006 1215 ἡμῖν

2412 1244 2724 1312 γενόμενος,
2752 1238 2820 1311 ἦν
2854 1242 3153 1311 ὑποχωρῶν
3178 1244 3234 1294 ἐν
3268 1243 3386 1301 ταῖς
3417 1241 3646 1310 ἐρήμοις
3699 1238 3799 1290 καὶ
3825 1254 4005 1305 προσ-

2411 1337 2724 1406 ευχόμενος,
2763 1336 2856 1387 καὶ
2903 1336 3014 1396 τοῖς
3048 1334 3318 1403 μαθηταῖς
3353 1331 3516 1384 αὐτοῦ
3551 1331 3734 1396 ἔλεγε·
3772 1350 3789 1378 ι
3834 1329 4004 1380 Δεῦτε

2411 1429 2573 1497 ὑμεῖς
2608 1427 2686 1490 είς
2741 1425 2948 1496 ἔρημον
2987 1426 3173 1490 τόπον,
3209 1425 3304 1476 καὶ
3345 1420 3696 1476 ἀναπαύεσθε
3739 1420 3946 1488 ὀλίγον.
3981 1439 3999 1469 ι

2409 1519 2572 1588 Αὐτῷ
2601 1522 2633 1587 ἡ
2663 1517 2788 1582 δόξα
2815 1518 2892 1579 εἰς
2925 1519 3049 1580 τοὺς
3071 1516 3297 1579 αἰῶνας.
3341 1517 3538 1585 ’Λμήνο

3883 1606 3950 1657 IS.
3979 1622 3996 1652 ³

3471 1700 3570 1753 (δί
3629 1698 3865 1766 spiritus
3906 1713 4002 1764 ιιυ-

728 1807 982 1853 testatem
1017 1800 1275 1854 habentis
1308 1801 1617 1854 ascenderit
1655 1816 1819 1870 super
1871 1809 1946 1866 te,
1983 1816 2052 1855 nc
2083 1798 2361 1853 dimiseris
2401 1799 2581 1851 locum
2614 1797 2680 1850 ⁵⁷.
2710 1818 2726 1847 ι
2771 1799 3012 1852 Joannes
3043 1796 3190 1850 enim
3224 1795 3279 1849 in
3316 1794 3551 1849 desertis
3584 1792 3749 1847 traxit
3786 1806 4002 1844 moram

731 1910 750 1940 4
780 1891 849 1946 ad
879 1892 1027 1947 diem
1058 1909 1231 1962 usque
1266 1892 1599 1946 ostensionis
1647 1908 1760 1946 sure
1795 1893 1840 1927 ⁸⁸
1873 1913 1890 1944 ι
1965 1894 2034 1947 ad
2108 1892 2371 1962 populum
2413 1891 2600 1945 Israel.
2638 1891 2906 1943 Dominus
2935 1903 3181 1958 quoque,
3229 1889 3500 1942 virtutum
3546 1887 3798 1939 omnium
3840 1893 4004 1954 typus

728 1982 889 2037 nobis
936 1984 1136 2048 factus,
1182 1984 1236 2038 in
1272 1984 1601 2039 solitudines
1649 1985 1964 2049 seccdcbat,
2006 1994 2063 2038 et
2123 1984 2608 2053 orabat,_suisque
2641 1982 2861 2038 dicebat
2929 1980 3220 2052 discipulis
3253 1997 3270 2037 :
3313 1999 3331 2034 ι
3362 1980 3562 2036 Venite
3584 1993 3683 2034 vos
3713 1979 3774 2034 in
3807 1976 4001 2031 deser-

725 2082 842 2126 tum
873 2074 1077 2140 locum,
1107 2082 1164 2129 et
1189 2074 1520 2142 requiescite
1543 2075 1826 2140 paululum
1847 2076 1913 2127 ⁵³.
1947 2094 1963 2124 ι
1994 2074 2100 2143 Ipsi
2127 2073 2298 2144 gloria
2339 2072 2394 2128 in
2429 2073 2649 2128 secula.
2686 2072 2884 2126 Amen.

1130 2185 1174 2254 1,
1188 2185 1344 2256 192
1400 2186 1688 2242 IIOMILIA
1733 2187 1867 2243 CIV.

1355 2297 1430 2350 De
1471 2299 1673 2368 vigilia.

796 2409 990 2479 Vigilia
1025 2425 1158 2464 sane
1202 2421 1421 2464 scutum
1457 2412 1611 2466 mira:
1659 2412 2077 2482 magnitudinis,
2106 2425 2162 2466 et
2191 2413 2302 2468 ele-

721 2502 874 2571 ganti
897 2503 1100 2556 decore
1126 2503 1490 2571 conspicuum
1519 2504 1682 2557 nobis
1713 2504 1989 2558 indultum
2015 2519 2046 2558 a
2083 2505 2195 2559 Deo
2217 2512 2303 2558 est

721 2595 990 2649 adversus
1025 2594 1308 2649 diabolum
1351 2596 1581 2664 ejusque
1609 2596 1834 2659 milites,
1868 2597 2132 2649 nimirum
2164 2610 2300 2650 con-

725 2697 808 2742 tra
841 2688 1071 2756 spiritus
1105 2688 1274 2742 totius
1297 2688 1538 2742 artifices
1565 2688 1944 2757 malignitatis.
1964 2689 2157 2758 Vigilia
2187 2688 2300 2742 ala-

721 2779 871 2832 crior
910 2781 990 2842 Iit,
1019 2780 1194 2834 enitet
1240 2795 1306 2834 ac
1350 2779 1601 2835 firmatur
1641 2780 1792 2833 tenui
1826 2780 2057 2850 penuria
2091 2795 2299 2844 rerum,

723 2871 816 2925 sed
849 2880 905 2924 et
943 2873 1200 2942 pervigili
1235 2887 1401 2926 sensu
1445 2887 1508 2925 ac
1555 2871 1814 2941 prudenti
1867 2888 1993 2926 eum
2025 2873 2136 2926 Deo
2164 2888 2300 2926 con-

723 2963 972 3030 greditur
993 2963 1340 3017 familiariter
1363 2981 1377 3017 :
1401 2973 1592 3016 contra
1616 2963 1880 3016 saturitas
1900 2964 2108 3018 ventris
2135 2972 2299 3032 atque

722 3054 948 3108 satietas
973 3053 1050 3107 illi
1085 3055 1374 3124 objaeetet
1393 3053 1734 3115 obluctatur,
1760 3068 1862 3107 nec
1894 3054 1947 3107 id
1979 3055 2178 3117 solum,
2203 3053 2299 3108 sed

720 3156 776 3200 et
809 3158 1049 3202 mentem
1087 3147 1333 3201 timidam
1381 3147 1547 3202 eflicit
1589 3163 1652 3201 ac
1685 3147 2040 3210 imbecillcm,
2090 3154 2147 3200 et
2179 3162 2300 3216 qua:

724 3239 868 3292 inter
895 3238 1261 3294 obscenarum
1284 3239 1607 3308 passionum
1646 3240 1889 3292 assultus
1931 3237 2297 3307 deprehensa,

723 3331 875 3385 nullo
907 3331 1129 3400 negotio
1155 3330 1384 3385 inferior
1415 3331 1473 3382 fit
1495 3340 1658 3400 atque
1683 3339 2048 3401 expugnatur.
2079 3348 2098 3381 ι
2127 3329 2300 3385 Oran-

719 3423 852 3476 dum
880 3422 1050 3491 igitur
1073 3437 1142 3476 ne
1161 3421 1284 3492 fuga
1302 3431 1488 3476 nostra
1509 3421 1601 3476 fiat
1623 3422 1804 3477 hieme
1824 3430 1920 3476 aut
1939 3421 2180 3477 Sabbato
2194 3421 2260 3484 “',
2275 3439 2292 3472 ι

3009 2185 3228 2239 ΛΟΓΟΣ
3265 2185 3382 2239 PA'.

2935 2298 3074 2366 Περὶ
3121 2298 3482 2368 ἀγιουπνίας.

2491 2411 2799 2481 ’Λγρυπνία
2825 2410 2966 2479 μέγα
2989 2410 3152 2463 ὅπλον
3183 2411 3280 2462 καὶ
3313 2409 3475 2463 καλὸν
3507 2409 3641 2478 ἡμῖν
3679 2407 3834 2478 παρά
3860 2405 3998 2458 Θεοῦ

2408 2501 2709 2572 δεδώρηται
2735 2499 2876 2553 κατά
2910 2499 3006 2553 τοῦ
3048 2500 3321 2564 διαϐόλου,
3353 2499 3581 2553 καὶτῶν
3615 2497 3998 2569 στρατευομέ-

2408 2612 2515 2647 νων
2554 2592 2704 2663 αύτῷ
2755 2593 3047 2646 σκοτεινῶν
3096 2594 3240 2646 κατά
3278 2593 3377 2662 τῆς
3423 2591 3694 2661 πονηρίας
3743 2595 3997 2658 πνευμάο

2407 2704 2535 2739 των.
2573 2685 2718 2754 Αὕτη
2751 2685 2807 2738 δὲ
2855 2685 3233 2755 φαιδρύνεται,
3285 2686 3379 2737 καὶ
3427 2683 3859 2752 ύποστηρὶζεται
3909 2680 3998 2732 διὰ

2408 2780 2508 2847 τῆς
2541 2777 2890 2845 ὀλιγοδεείας,
2940 2779 3034 2832 καὶ
3081 2777 3338 2849 νηφαλέῳ
3385 2779 3696 2847 φρονήματι
3742 2774 3823 2844 τῷ
3875 2773 3998 2844 Θεῷ

2409 2869 2750 2939 προσομιλεῖ.
2797 2870 2860 2921 'll
2905 2870 3013 2940 γὰρ
3043 2869 3328 2940 χορτασία,
3379 2870 3474 2922 καὶ
3504 2871 3532 2922 ὁ
3565 2869 3727 2938 κόρος
3766 2867 3872 2928 τῆς
3904 2882 4000 2932 γα-

2411 2963 2571 3032 στρὸς
2605 2963 2908 3015 ἀντίκειται
2929 2961 3100 3031 αὐτῷ.
3136 2963 3211 3016 Ού
3245 2963 3405 3030 μόνον
3421 2960 3498 3022 δὲ,
3523 2961 3660 3013 ἀλλά
3691 2960 3790 3012 καὶ
3819 2956 3997 3008 δειλὸν

2409 3054 2502 3107 καὶ
2541 3053 2744 3124 ἀδρανῆ
2781 3053 2873 3105 τὸν
2907 3053 3030 3106 νοῦν
3056 3052 3451 3123 ἀπεργάζεται,
3483 3051 3580 3105 καὶ
3610 3050 3857 3121 εὐχερῶς
3890 3051 3994 3113 ἠτ-

2406 3145 2647 3215 τώμενον
2671 3149 2727 3198 ἐν
2759 3149 2878 3208 ταῖς
2905 3145 3230 3215 προσϐολαῖς
3263 3143 3372 3197 τῶν
3413 3144 3743 3213 ἀκαθάρτων
3774 3146 3993 3203 παθῶν.

2417 3257 2435 3289 ι
2473 3237 2771 3306 Εύξώμεθα
2800 3232 2915 3300 οὖν,
2954 3237 3041 3291 ἵνα
3073 3236 3148 3308 μὴ
3171 3236 3400 3306 γένηται
3434 3237 3469 3304 ἡ
3499 3235 3647 3303 φυγὴ
3679 3236 3842 3305 ἡμῶν
3876 3254 3994 3306 χει-

2410 3328 2587 3400 μῶνος
2627 3329 2660 3398 ἢ
2710 3327 2999 3398 Σαϐσάτῳ,
3045 3345 3063 3378 ι
3107 3328 3386 3382 τουτέστιν
3423 3329 3480 3380 ὲν
3525 3329 3636 3390 τοῖς
3662 3327 3870 3382 πάθεσι
3896 3329 3996 3383 καὶ

2405 3423 2472 3492 τῇ
2513 3419 2820 3474 ἀναπαύσει
2848 3418 3029 3483 ὄντας.
3063 3419 3126 3472 Εἰ
3161 3418 3492 3491 στρατιῶται
3520 3419 3762 3490 Χριστοῦ
3793 3422 3993 3488 ἐσμεν,

723 3516 827 3570 hoc
860 3525 967 3579 est,
1020 3515 1152 3569 dum
1191 3515 1464 3569 illidimur
1493 3517 1831 3584 importunis
1856 3516 2171 3581 affectibus,
2200 3525 2295 3571 aut

2405 3509 2503 3581 τὴν
2550 3510 2670 3563 ὁδὸν
2721 3510 2823 3578 τῆς
2879 3509 3151 3572 ἀπαθείας
3223 3509 3322 3563 καὶ
3379 3508 3474 3562 τοῦ
3532 3510 3706 3563 κόπου
3757 3510 3995 3579 θέλομεν

716 3609 966 3674 iacemus
1000 3607 1184 3661 securi
1211 3608 1503 3661 malorum.
1530 3606 1585 3661 Si
1613 3607 1816 3662 Christi
1852 3607 2056 3662 milites
2088 3624 2299 3672 sumus,

721 3716 790 3754 ne
811 3698 1158 3769 defugiamus
1184 3709 1333 3753 recta
1366 3699 1604 3769 ingredi,
1637 3715 1744 3769 qua
1775 3698 1896 3769 (per
1932 3699 2199 3769 laborem)
2231 3700 2300 3753 ad

725 3790 1180 3860 tranquillitatem
1230 3790 1582 3844 conscientim
1611 3792 1962 3860 pertingitur,
1998 3806 2063 3846 ac
2086 3807 2188 3861 pro
2217 3791 2300 3845 vi-

723 3882 810 3935 rili
860 3897 988 3935 cum
1032 3889 1226 3935 nostro
1255 3881 1615 3935 colluetatore
1647 3881 2056 3951 depracliemur.
2093 3882 2152 3935 In
2197 3881 2300 3936 ob-

721 3969 1011 4024 servandis
1056 3970 1330 4034 excubiis,
1386 3970 1433 4024 si
1485 3977 1696 4025 attente
1744 3987 1807 4026 ac
1858 3972 2163 4042 prudenter
2213 3973 2299 4026 vi-

719 4059 1097 4128 gilaverimus,
1126 4058 1436 4128 poterimus
1473 4060 1664 4128 utique
1694 4061 1926 4115 vulnere
1953 4060 2300 4115 atrocissime

719 4151 1079 4205 eonsauciare
1103 4149 1504 4203 adversarium.
1529 4150 1595 4204 Et
1625 4150 1709 4205 ha:
1735 4152 1959 4220 quidem
1995 4151 2298 4206 secundum

722 4242 894 4296 Deum
946 4241 1186 4297 virtutes
1243 4249 1402 4305 sunt,
1453 4241 1748 4305 nimirum,
1800 4242 2023 4312 vigilia,
2084 4243 2297 4307 oratio,

719 4331 1049 4400 psalmodia,
1101 4331 1352 4386 modesta
1396 4331 1715 4396 humilitas,
1765 4331 2129 4386 eucharistia.
2184 4331 2297 4398 llaz,

721 4425 971 4493 inquam,
1010 4439 1176 4478 arcus
1199 4422 1340 4478 fiunt
1385 4425 1655 4478 adversus
1706 4425 2018 4490 inimicum,
2045 4425 2297 4494 laqueus,

721 4513 887 4582 ﬂagra
934 4515 1142 4586 quibus
1190 4515 1394 4570 misere
1435 4516 1843 4581 conscinditur,
1885 4516 2052 4570 modo
2101 4532 2170 4571 ne
2217 4516 2302 4570 in-

720 4606 993 4662 solentius
1026 4607 1344 4672 efferamur,
1375 4607 1419 4661 si
1451 4607 1673 4677 quando
1707 4606 1854 4663 inter
1897 4608 2168 4662 orandum
2217 4607 2301 4661 fu-

720 4699 822 4752 sim
847 4699 1010 4753 nobis
1035 4697 1290 4752 defluunt
1307 4698 1563 4769 lacryma:
1590 4715 1603 4752 :
1633 4714 1814 4769 neque
1843 4699 1994 4753 enim
2019 4715 2084 4754 ex
2114 4699 2297 4765 nobis,

720 4790 816 4846 sed
842 4806 908 4846 ex
941 4789 1093 4845 illius
1125 4790 1303 4860 gratia
1333 4791 1707 4856 corrivantur,
1736 4791 1830 4860 qui
1863 4791 2024 4845 nobis
2047 4806 2140 4845 eas
2169 4805 2297 4860 sup-

2404 3601 2624 3654 ὁδεύειν
2659 3600 2754 3652 καὶ
2787 3599 3048 3671 ἀνδρείως
3086 3599 3339 3653 ἵστασθαι
3381 3600 3526 3653 κατά
3553 3599 3647 3653 τοῦ
3684 3601 3994 3655 ἀντιπάλου

2403 3694 2584 3764 ἡμῶν.
2629 3693 2755 3747 Ἐἀν
2785 3692 2894 3763 γὰρ
2918 3693 2976 3745 ὲν
3026 3695 3093 3763 τῇ
3129 3691 3409 3763 ἀγρυπνίᾳ⁴
3456 3691 3740 3762 νηφόντως
3781 3709 3996 3762 γρηγο-

2404 3786 2610 3859 ρῶμεν,
2664 3785 3007 3855 δυνησόμεθα
3079 3784 3481 3855 χαλεπωτέρως
3528 3784 3741 3856 τρῶσαι
3796 3786 3990 3840 αὐτόν.

2401 3880 2468 3934 Αἱ
2499 3879 2604 3950 γάρ
2635 3879 2777 3932 κατά
2807 3877 2942 3931 Θεὸν
2989 3878 3205 3950 ἀρεταὶ,
3235 3877 3514 3931 τουτέστιν
3543 3878 3822 3949 ἀγρυπνία
3841 3921 3858 3944 ,
3895 3880 3994 3933 καὶ

2401 3973 2557 4043 εὐχὴ,
2588 3972 2682 4026 καὶ⁵
2714 3971 3023 4042 ψαλμῳδία,
3044 3970 3137 4024 καὶ
3165 3971 3660 4042 ταπεινοφροσύνη,
3695 3972 3796 4024 κα)⁸
3822 3973 3992 4042 εὐχα-

2402 4064 2610 4136 ριστία,
2641 4062 2769 4130 τόξα
2809 4064 2903 4116 καὶ
2951 4061 3142 4129 παγὶς,
3179 4061 3276 4115 καὶ
3321 4062 3585 4132 μάστιγες
3615 4063 3868 4130 γίνονται
3910 4064 3992 4135 τῷ

2401 4155 2598 4227 ἐχθρῷ.
2630 4155 2808 4209 Μόνον
2839 4155 2913 4225 μὴ
2941 4153 3275 4224 ὲπαρθῶμεν
3319 4155 3379 4206 ἐν
3406 4156 3473 4225 τῇ
3514 4158 3800 4226 προσευχῇ
3828 4156 3992 4226 ἡμῶν

2400 4247 2686 4316 ἐκχέοντες
2724 4245 2957 4316 δάκρυα.
2991 4245 3066 4297 Οὑ
3103 4244 3208 4316 γάρ
3237 4244 3295 4311 ἐξ
3325 4245 3483 4315 ἡμῶν
3508 4246 3578 4298 τά
3604 4244 3846 4314 δάκρυα,
3872 4247 3988 4300 ἀλλ’

2400 4340 2466 4393 ὲκ
2509 4339 2608 4408 τῆς
2638 4337 3082 4410 ὲπιχορηγούσης
3118 4325 3372 4406 χάριτος.
3437 4337 3617 4392 Καλὸν
3672 4337 3771 4391 οῦν
3835 4340 3989 4393 ἐστιν

2401 4432 2780 4502 ἐπιμελεῖσθαι
2823 4431 3132 4494 σπουδαίοις
3174 4429 3272 4483 τοῦ
3313 4430 3542 4497 ζεύγους
3591 4430 3692 4500 τῆς
3729 4431 3984 4502 νήψεως,

2401 4522 2494 4577 καὶ
2536 4522 2635 4591 τῆς
2678 4520 3010 4590 ὀλιγοσιτίας
3048 4521 3146 4590 τῆς
3197 4519 3666 4590 συνεπισχυούσης
3708 4524 3778 4592 τῇ
3808 4523 3986 4591 ἀγρυ-

2402 4615 2554 4686 πνίᾳ,
2589 4615 2827 4684 μάλιστα
2857 4616 3018 4684 ἡμεῖς
3048 4615 3097 4666 οἱ
3127 4615 3206 4676 είς
3250 4613 3383 4666 αὑτὸ
3404 4611 3564 4666 τοῦτο
3610 4615 3985 4684 στρατευόμε-

2400 4722 2502 4768 νοι,
2539 4705 2625 4758 ἵνα
2662 4704 2742 4775 τῷ
2792 4703 3288 4774 στρατολογήσαντι
3337 4703 3650 4774 ἀρέσωμεν.
3682 4704 3981 4776 Πολλαχῶς

2401 4797 2511 4868 γάρ
2552 4796 2580 4848 ὁ
2625 4797 2831 4868 Κύριος
2875 4797 3006 4866 περὶ
3039 4795 3211 4865 αὐτῆς
3247 4794 3554 4848 ἐντέλλεται
3580 4796 3746 4866 ἡμῖν·
3773 4798 3983 4869 Γρηγο-

719 4881 948 4952 peditat.
975 4881 1267 4952 Egregium
1299 4896 1432 4936 sane
1463 4882 1554 4944 sit,
1580 4881 1627 4936 si
1661 4882 1994 4952 impensiore
2029 4898 2163 4936 cura
2195 4897 2294 4952 par

2405 4892 2569 4958 ρείτε,
2619 4889 2714 4942 καὶ
2767 4887 3164 4958 προσεύχεσθε,
3203 4887 3344 4941 ὥστε
3383 4887 3672 4957 διαφυγεῖν
3702 4889 3855 4959 ὑμᾶς
3884 4892 3984 4955 τάς

721 4977 855 5032 illud
919 4977 1192 5030 virtutum
1241 4974 1647 5041 exercebimus,
1697 4974 2078 5037 sobrietatem,
2120 4984 2179 5029 et
2241 4974 2296 5028 in

719 5070 990 5125 sumendo
1047 5069 1174 5124 cibo
1221 5067 1654 5139 parcimoniam;
1718 5068 2007 5138 utriusque
2048 5068 2294 5122 studium

721 5163 1008 5218 invalescit
1045 5178 1110 5216 ac
1145 5161 1438 5217 roboratur
1479 5161 1803 5232 pervigilio;
1851 5169 2087 5230 utraque
2135 5160 2298 5215 nobis

720 5255 1069 5324 potissimum
1093 5253 1373 5317 convenit,
1401 5255 1498 5324 qui
1527 5255 1584 5308 in
1617 5253 1723 5308 hoc
1755 5251 1936 5323 ipsum
1969 5252 2292 5317 militamus,

719 5358 780 5401 ut
823 5347 1142 5417 placeamus
1186 5346 1265 5402 illi
1313 5345 1408 5415 qui
1459 5361 1562 5410 nos
1607 5361 1720 5398 sua:
1767 5343 2024 5414 ascripsit
2057 5343 2289 5398 militiae.

719 5438 795 5490 De
832 5438 1020 5509 vigilia
1047 5438 1198 5492 enim
1255 5453 1367 5492 non
1405 5451 1513 5492 uno
1553 5437 1676 5492 loco
1722 5437 1991 5491 Dominus
2023 5435 2290 5506 praecipit,

715 5543 847 5584 sane
890 5529 1228 5600 vigilandum
1258 5536 1316 5584 et
1348 5527 1620 5584 orandum
1667 5537 1729 5584 ut
1776 5527 1984 5583 inimici
2009 5527 2294 5584 machinas

786 5682 831 5710 “
870 5681 975 5736 lsn.
1014 5696 1201 5745 xxxiii,
1233 5678 1429 5746 15,18.
1505 5682 1551 5714 δ’
1585 5682 1689 5738 lsa.
1732 5697 1872 5743 uvi,
1918 5683 1975 5737 2.
2049 5681 2096 5714 '°
2120 5680 2324 5738 Jerem.
2359 5697 2431 5739 Ix,
2463 5679 2516 5733 ἓ.

2329 5753 2373 5782 ⁸⁶
2406 5749 2577 5805 Ευυιί.
2639 5765 2750 5816 xui,
2801 5748 2891 5804 28.

725 5768 917 5814 uxvu,
950 5754 1004 5806 2.

721 5824 763 5846 ""
798 5822 957 5877 Marc.
995 5838 1070 5892 \‘I,
1102 5823 1191 5879 5L

1110 5755 1156 5784 ”
1193 5754 1336 5810 Psal.
1375 5769 1536 5818 van,
1567 5753 1620 5806 7.
1722 5753 1768 5783 ⁸⁸
1825 5753 1994 5813 Eccli.
2033 5767 2121 5816 xx,
2161 5754 2210 5804 7.

1267 5825 1311 5856 ⁹⁰
1343 5823 1532 5880 Matth.
1582 5839 1726 5889 χειν,
1760 5822 1849 5876 20.

2404 4979 2652 5052 μηχανὰς
2678 4980 2772 5033 τοῦ
2817 4978 3063 5050 Ἐχθροῦ.
3086 4979 3240 5034 Μετά
3273 4979 3489 5050 νήψεως
3524 4975 3618 5034 οὖν
3655 4980 3752 5034 καὶ
3783 4983 3984 5052 προθυ-

2404 5072 2534 5142 μίας
2589 5070 2790 5142 ταύτην
2848 5070 3223 5140 ἐκτελέσωμεν
3277 5070 3336 5122 ὲν
3396 5069 3712 5135 κατανύξει,
3763 5071 3854 5128 ῖνα
3908 5072 3982 5143 μὴ

2399 5152 2764 5234 ἀγρευθῶμεν
2795 5161 2852 5215 ἔν
2875 5179 2980 5216 τινι
3015 5162 3122 5215 ὑπὸ
3141 5161 3234 5215 τοῦ
3264 5161 3564 5231 δυσμενοῦς
3594 5163 3689 5216 καὶ
3711 5163 3981 5235 φθονεροῦ

2398 5255 2670 5310 διαδόλου.
2737 5255 2797 5308 '0
2846 5252 2955 5323 γὰρ
3000 5253 3170 5316 ὅντως
3234 5252 3575 5324 στρατιώτης
3614 5255 3980 5325 περιφράττει

2400 5346 2594 5400 ἑαυτὸν
2642 5348 2711 5417 τῇ
2754 5344 3029 5416 πανοπλίᾳ
3056 5343 3158 5414 τῆς
3203 5343 3585 5414 πνευματικῆς
3617 5345 3974 5416 παντευχίας.

2400 5435 2510 5488 Καὶ
2534 5436 2696 5506 ἡμεῖς
2738 5429 2832 5487 οῦν
2865 5432 3219 5502 ἐνδυσώμεθα
3254 5431 3482 5502 θώρακα
3512 5430 3614 5502 τὴν
3649 5431 3842 5486 πίστιν
3883 5434 3977 5487 τοῦ

2399 5525 2659 5597 Χριστοῦ,
2722 5525 2818 5579 καὶ
2876 5521 3314 5596 περικεφαλαίαν
3357 5521 3451 5576 τδν
3503 5523 3744 5593 σταυρὸν
3785 5523 3974 5587 αὐτοῦ.

2594 5680 2636 5711 ⁵³
2678 5678 2881 5734 .lerem.
2915 5693 3006 5739 xv.
3042 5677 3129 5731 i7.
3206 5677 3251 5709 ⁸³
3292 5676 3433 5732 Psal.
3465 5691 3574 5739 Liv,
3609 5676 3664 5733 8.
3745 5678 3792 5710 ⁸³
3828 5677 3969 5734 Psal.

2639 5765 2750 5815 xix,
2801 5748 2891 5804 28.
3004 5748 3050 5780 ‘7
3080 5745 3264 5804 Eccle.
3305 5763 3360 5812 ι,
3392 5748 3447 5804 4.
3521 5749 3568 5782 ⁸⁸
3617 5748 3754 5805 Luc.
3797 5767 3836 5815 ι,
3881 5749 3968 5805 80.
