4178 6424
217 389 357 454 1749

1278 396 1605 457 HOMILIA
1643 398 1752 462 CV.
1783 423 1853 434 —
1877 402 1975 462 DE
2014 404 2467 465 PSALMODIA.

3343 398 3479 461 1750

212 503 421 556 ἀσπίδα
443 518 504 555 τε
526 502 622 556 καὶ
654 503 805 575 δόρυ,
839 503 938 575 τὴν
974 505 1054 568 εἰς
1094 505 1256 559 αὑτὸν
1291 508 1535 579 ἀγάπην,
1571 510 1666 562 καὶ
1686 510 1785 580 τὴν

1909 513 2126 568 rvaderc
2168 516 2462 583 possimus.
2509 514 2648 571 Cum
2689 511 2992 567 sobrietate
3037 525 3171 581 ergo
3196 520 3251 565 et
3281 510 3479 564 alacri-

218 598 501 665 μάχαιραν
543 596 637 650 τοῦ
684 598 1021 668 Πνεύματος,
1055 600 1233 652 ὅέστι
1280 600 1350 653 τὰ
1396 601 1555 669 λόγια
1604 600 1788 655 αὐτοῦ.

218 688 332 740 Kal
367 687 583 757 στῶμεν
616 686 759 740 κατὰ
787 687 882 741 τοῦ
914 688 1209 743 ἀντιπάλου
1251 689 1327 752 ὡς
1350 692 1589 757 γενναῖοι
1633 707 1794 760 στρα-

213 779 448 840 τιῶται,
478 779 547 830 δι’
595 778 937 849 ἀγρυπνιῶν,
979 779 1075 832 καὶ
1125 779 1409 849 νηστειῶν,
1441 780 1536 833 καί⁵
1565 796 1797 850 προσευς

214 870 350 939 χῶν
380 869 563 931 καθὼς
592 872 687 923 καὶ
711 870 767 923 ἐν
799 871 920 934 ταῖς
943 871 1270 942 Παροιμίαις
1293 872 1624 940 γέγραπται,
1659 890 1677 922 ι
1705 872 1795 940 Μὴ

214 958 327 1027 δῷς
380 957 550 1012 ὖπνον
596 961 709 1022 σοῖς
756 960 1082 1028 ὀφθαλμοῖς,
1138 959 1261 1030 μηδ’
1291 959 1655 1031 ἐπινυστάξῃς
1687 963 1796 1023 σοῖς

217 1051 536 1123 βλεφάροις,
569 1052 657 1115 ἵνα
690 1052 838 1125 σώζῃ
875 1052 1067 1123 ῶσπερ
1099 1051 1303 1120 δορκὰς
1329 1053 1393 1104 ἐκ
1438 1051 1673 1121 βρόχων,
1705 1051 1800 1102 καὶ

215 1142 412 1211 ὥσπερ
436 1142 625 1212 ὄρνεον
651 1143 715 1195 ἐκ
743 1143 990 1210 παγίδος.
1029 1161 1048 1194 3
1087 1143 1198 1195 Kal
1227 1144 1256 1195 6
1298 1141 1462 1195 Δαυῒδ
1491 1141 1551 1194 δέ
1608 1157 1797 1211 φησιν,

226 1254 246 1287 σ
292 1236 355 1288 Εἰ
382 1234 538 1288 δώσω
569 1234 738 1315 ὕπνον
767 1237 881 1298 τοῖς
920 1234 1220 1306 ὀφθαλμοῖς
1256 1252 1358 1306 μου
1394 1236 1487 1288 καὶ
1523 1236 1637 1298 τοῖς
1681 1234 1801 1305 βλε-

218 1329 419 1398 φάροις
452 1345 556 1397 μου
588 1327 919 1398 νυσταγμδν,
957 1326 1063 1390 ἕως
1102 1319 1164 1379 οὗ
1210 1327 1357 1398 εὕρω
1383 1326 1546 1380 τόπον
1574 1326 1651 1396 τῷ
1692 1328 1803 1380 Κυ-

218 1422 351 1493 ρίῳ.
394 1441 414 1473 3
454 1422 566 1475 Kal
611 1421 795 1487 πάλιν,
837 1439 857 1474 ι
896 1421 1277 1492 Ἦγρύπνησα,
1304 1420 1400 1475 καὶ
1436 1421 1704 1490 ἐγενόμην
1726 1419 1803 1483 ὡς

1897 613 2005 659 tate
2029 604 2204 673 ipsam
2227 608 2545 676 cxplcamus
2567 605 2809 675 vigiliam
2839 603 2891 657 in
2920 603 3233 658 humilitate
3251 608 3308 655 ct
3328 616 3479 655 eom-

1894 698 2196 766 punctione
2241 700 2445 765 cordis,
2496 715 2564 754 ne
2597 699 2705 753 ulla
2735 697 2789 751 in
2825 712 2885 751 rc
2903 696 3151 750 obtineat
3184 695 3479 750 adversum

1895 804 1997 843 nos
2061 789 2416 845 infensissimi
2466 788 2747 847 venatoris
2803 798 2968 857 atque
3026 784 3199 839 invidi
3264 784 3473 839 diaboli

1894 881 2228 936 veteratoria
2259 882 2588 952 malignitas.
2619 881 2724 947 Qui
2757 882 2906 935 enim
2942 884 3206 933 strenuus
3253 883 3339 930 est
3371 874 3476 928 mi-

1895 974 1997 1036 les,
2065 974 2215 1027 omni
2276 988 2335 1027 se
2397 987 2683 1027 armorum
2740 986 2945 1043 genere
3000 966 3329 1030 communit,
3374 980 3481 1021 nec

1897 1064 2202 1133 quidquam
2236 1063 2367 1120 facit
2393 1063 2594 1134 reliqui
2632 1078 2699 1118 ex
2745 1071 3011 1133 apparatu
3037 1067 3331 1115 armaturae
3364 1057 3479 1126 spi-

1901 1156 2118 1210 ritualis
2156 1172 2268 1226 quo
2297 1172 2409 1210 non
2462 1171 2523 1210 se
2556 1155 2950 1222 circumsepiat
2991 1168 3055 1207 ac
3084 1152 3366 1206 obarmet.
3412 1148 3480 1202 Et

1899 1264 2003 1303 nos
2062 1250 2230 1319 igitur
2284 1250 2583 1304 induamur
2628 1248 2937 1312 thoracem,
3000 1246 3162 1300 fidem
3223 1244 3483 1300 videlicet

1899 1341 2141 1405 Christi,.
2183 1351 2238 1397 et
2271 1343 2481 1412 galeam
2535 1355 2761 1397 crucem
2813 1340 3015 1410 ipsius,
3058 1346 3385 1408 scutumque
3421 1344 3484 1391 et

1902 1434 2139 1499 hastam,
2198 1434 2481 1489 ardentem
2538 1450 2669 1505 erga
2741 1432 2921 1502 ipsum
2985 1430 3352 1494 charitatem,
3427 1438 3484 1484 et

220 1513 509 1583 στρουθίον
542 1513 776 1583 μονάζον
805 1512 899 1566 ἐπὶ
926 1512 1201 1584 δώματος.
1240 1531 1260 1565 3
1295 1541 1365 1553 —-
1398 1530 1416 1563 ι
1457 1512 1658 1581 Ἐγγὺς
1692 1510 1803 1583 γὰρ

1909 1526 2147 1597 gladium
2195 1525 2457 1595 Spiritus,
2516 1524 2692 1594 ipsius
2721 1523 2954 1593 spiritus
2987 1520 3208 1590 eloquia
3250 1519 3485 1589 :sicque

220 1605 432 1677 Κύριος
478 1607 590 1669 τοῖς
644 1605 1132 1677 συντετριμμένοις
1173 1606 1241 1676 τῇ
1291 1604 1509 1675 καρδίᾳ,
1540 1606 1637 1657 καὶ
1678 1606 1801 1668 τοὺς

1909 1618 2139 1673 accincti
2188 1617 2455 1671 adversus
2495 1616 2911 1671 colluctatorem
2961 1613 3351 1675 consistamus,
3396 1625 3484 1664 ar-

217 1696 517 1761 ταπεινοὺς
560 1698 639 1769 τῷ
673 1695 947 1767 πνεύματι
990 1694 1176 1748 σώσει.
1210 1714 1229 1747 3
1271 1695 1384 1749 Kal
1416 1690 1595 1760 αὖθις,
1640 1713 1658 1748 ι
1692 1696 1805 1749 Με-

1909 1711 2073 1765 rectis
2105 1710 2305 1764 animis
2346 1718 2611 1777 tanquam
2638 1706 2893 1777 generosi
2930 1705 3158 1764 milites,
3185 1702 3352 1772 idque
3381 1716 3484 1771 per

221 1789 508 1843 σονύκτιον
548 1788 922 1859 ἐξηγειρόμην
962 1787 1058 1840 τοῦ
1094 1785 1537 1856 ἐξομολογεῖσθαι
1592 1803 1674 1840 σοι
1711 1785 1805 1839 ἐπὶ

1909 1801 2145 1872 vigilias,
2195 1800 2498 1860 orationes,
2525 1813 2590 1852 ac
2623 1796 2857 1869 jejunia,
2897 1795 3041 1850 sicut
3069 1803 3126 1849 et
3158 1795 3213 1848 in
3245 1794 3477 1848 Prover-

218 1880 291 1934 τὰ
319 1881 565 1953 κρίματα
715 1848 1059 1948 δικαιοσύνης
1094 1848 1211 1932 seu:
1250 1896 1270 1929 3
1307 1848 1416 1931 Kal
1448 1878 1633 1942 πάλιν,
1670 1896 1689 1929 ι
1736 1879 1795 1931 '0

1918 1848 2145 1872 "u"""'1
2199 1848 2498 1860 νη--ν--νη
2526 1848 2587 1852 π-
2900 1848 2916 1850 ε
2956 1848 2999 1850 -κ
3082 1848 3089 1849 κ

1909 1892 2014 1946 biis
2074 1892 2346 1961 scriptum
2387 1899 2473 1944 est
2509 1906 2522 1943 :
2574 1906 2593 1940 ι
2628 1890 2703 1942 Ne
2755 1886 2980 1941 dederis
3021 1898 3275 1940 somnum
3310 1880 3489 1936 oculis

216 1972 380 2037 Θεὸς,
418 1975 446 2026 6
486 1972 618 2035 Θεός
654 1988 779 2041 μου,
804 1970 941 2042 πρὸς
986 1969 1051 2021 σὲ
1104 1970 1359 2042 ὀρθρίζω,
1383 1968 1604 2040 ἐδίψησέ
1663 1987 1722 2022 σε
1761 1972 1796 2040 ή

1909 1984 2034 2048 tuis,
2090 1998 2270 2053 neque
2322 1980 2591 2036 dormites
2634 1979 2910 2049 palpebris
2971 1977 3102 2041 tuis,
3164 1973 3377 2045 1193
3427 1982 3490 2027 ut

216 2066 373 2135 ψυχή
421 2080 551 2134 μου.
584 2082 603 2116 ³
640 2062 771 2128 καὶ,
815 2080 834 2113 ι
875 2060 1201 2132 Προέφθασα
1258 2064 1317 2114 ἐν
1353 2062 1531 2132 ἀωρξᾳ
1557 2061 1650 2113 καὶ
1678 2061 1799 2113 ἐκέ-

218 2159 425 2228 κραξα.
460 2177 479 2211 3
510 2156 645 2221 Kal,
675 2174 694 2209 ι
731 2153 1091 2227 Προὲφθασαν
1123 2156 1172 2208 οἰ
1199 2153 1468 2223 ὀφθαλμοί
1504 2170 1608 2223 μου
1663 2151 1800 2222 πρὸς

215 2250 426 2321 ερθρον
454 2248 549 2301 τοῦ
586 2247 817 2319 μελετᾷν
844 2248 912 2301 τά
940 2245 1100 2315 λόγιά
1131 2263 1249 2300 σου.
1292 2263 1313 2299 3
1360 2246 1470 2298 Kal
1514 2246 1627 2307 τοῖς
1672 2260 1801 2313 μετ-

214 2342 371 2408 όχοις
414 2339 580 2394 αὑτοῦ
615 2339 824 2407 ἔλεγεν,
884 2358 903 2391 ι
953 2339 1043 2391 Ἐν
1088 2340 1209 2400 ταῖς
1254 2337 1402 2403 νυξὶν
1435 2336 1675 2406 ἐπάρατε
1701 2334 1801 2399 τὰς

215 2433 416 2500 χεῖρας
450 2429 605 2500 ὑμῶν
636 2430 717 2492 εἰς
739 2428 811 2482 τὰ
832 2428 984 2497 ἆγια,
1014 2430 1110 2483 καὶ
1134 2429 1411 2496 εὐλογεῖτε
1431 2427 1521 2480 τὸν
1539 2427 1759 2499 Κύριον.
1776 2446 1794 2478 3

217 2521 337 2574 Kal
369 2523 396 2574 6
448 2521 791 2585 Ἀπόστολος,
830 2540 849 2573 ι
888 2522 968 2592 Τῇ
996 2523 1275 2591 προσευχῇ
1310 2522 1797 2591 προσκαρτερεῖτε,

215 2609 621 2680 γρηγοροῦντες
665 2610 725 2664 ἐν
758 2611 896 2681 αὐτῇ
931 2611 992 2663 ἐν
1023 2611 1372 2681 εὐχαριστίᾳ.
1418 2629 1436 2662 3
1476 2612 1584 2663 Kal
1614 2612 1800 2674 πάλιν,

223 2720 243 2753 ι
286 2702 724 2772 Προσευχόμενοι
759 2702 818 2755 ἐν
847 2702 1013 2756 παντὶ
1056 2701 1235 2773 καιρῷ
1269 2702 1327 2756 ἐν
1374 2702 1670 2770 πνεύματι,
1709 2701 1805 2754 καὶ

216 2792 305 2853 εἰς
334 2790 468 2846 αὐτὸ
486 2791 649 2846 τοῦτο
671 2791 1082 2863 ἀγρυπνοῦντες
1113 2793 1173 2845 ἐν
1198 2792 1346 2863 πάσῃ
1380 2791 1805 2862 προσκαρτερή-

219 2901 310 2937 σει
338 2884 437 2938 καὶ
466 2884 676 2955 δεήσει.
712 2903 732 2937 3
763 2884 875 2938 Kal
902 2884 1033 2955 περὶ
1058 2883 1274 2946 ἐαυτοῦ,
1313 2901 1332 2934 ι
1387 2883 1473 2936 Ἐν
1504 2882 1715 2945 κόποις,
1748 2883 1806 2934 ἐν

217 2975 577 3047 ἀγρυπνίαις,
624 2977 684 3029 ἐν
716 2975 1013 3047 νηστείαις.
1045 2993 1066 3026 3
1094 2976 1205 3028 Kal
1252 2974 1471 3044 ἐπάγει,
1512 2993 1531 3027 ι
1580 2973 1718 3045 Περὶ
1748 2973 1807 3026 δὲ

217 3068 336 3123 τῶν
366 3066 575 3137 χρόνων
624 3066 720 3119 καὶ
762 3066 873 3120 τῶν
932 3066 1180 3138 καιρῶν,
1228 3066 1482 3133 ἀδελφοὶ,
1516 3066 1577 3118 οὐ
1616 3065 1807 3135 χρείαν

1904 2076 2134 2130 salvcris
2182 2084 2443 2143 tauquam
2492 2072 2712 2125 damula
2760 2070 3080 2140 cxlaqucis,
3112 2077 3169 2123 et
3223 2075 3488 2135 tanquam

1905 2169 2024 2221 avis
2054 2183 2121 2221 ex
2156 2166 2261 2221 reti
2295 2167 2359 2220 °‘.
2400 2185 2417 2217 3
2470 2166 2562 2219 Ait
2602 2165 2733 2219 item
2779 2169 2837 2219 et
2880 2161 3052 2216 David
3090 2178 3104 2215 :
3140 2179 3157 2212 ι
3183 2159 3241 2214 Si
3283 2159 3491 2213 dedero

1906 2272 2162 2311 somnum
2207 2256 2386 2311 oculis
2440 2255 2601 2317 meis,
2636 2261 2693 2307 ct
2733 2250 3016 2322 palpebris
3048 2248 3189 2303 meis
3220 2246 3491 2300 dormita-

1908 2349 2138 2411 tioncm,
2175 2347 2351 2401 donec
2393 2346 2671 2400 inveniam
2700 2344 2885 2398 locum
2927 2340 3163 2395 Domino
3215 2340 3281 2395 “.
3316 2357 3333 2389 3
3378 2337 3492 2391 Ite.

1908 2457 2074 2494 rum:
2119 2458 2137 2491 ι
2170 2438 2403 2508 Vigilavi
2448 2444 2506 2490 et
2539 2436 2718 2490 factus
2771 2449 2892 2489 sum
2943 2433 3088 2486 sicut
3133 2426 3495 2500 passerculus

1908 2532 2192 2587 solitarius
2222 2531 2277 2583 in
2326 2538 2473 2583 tecto
2499 2529 2567 2579 ".
2606 2545 2623 2577 3
2662 2526 2731 2579 Et
2774 2540 2789 2577 ε
2825 2544 2843 2575 ι
2877 2524 3057 2591 Prope
3112 2529 3199 2575 est
3225 2518 3495 2573 Dominus

1910 2621 1979 2675 iis
2041 2621 2135 2689 qui
2182 2618 2422 2674 contrito
2488 2624 2619 2671 sunt
2662 2613 2850 2679 corde,
2898 2621 2954 2667 et
3007 2610 3247 2665 humiles
3294 2607 3497 2679 spiritu

1910 2708 2152 2763 salvabit
2181 2707 2247 2761 ⁸⁵.
2280 2725 2299 2759 3
2353 2707 2568 2760 Rursus
2600 2721 2615 2758 :
2650 2722 2670 2756 ι
2706 2702 2886 2758 Media
2917 2708 3080 2755 nocte
3106 2698 3399 2769 surgebam
3426 2696 3497 2751 ad

1912 2799 2289 2855 conﬁtendum
2326 2797 2427 2852 tibi
2469 2812 2640 2867 super
2674 2793 2885 2866 judicia
2930 2790 3163 2863 justitize
3212 2797 3322 2843 tua:
3358 2787 3428 2841 ".
3471 2804 3491 2838 3

1911 2896 2120 2952 Iterum
2158 2913 2171 2949 :
2218 2915 2237 2947 ι
2267 2894 2434 2959 Deus,
2471 2893 2618 2947 Deus
2658 2905 2838 2955 meus,
2872 2888 2941 2943 ad
2968 2897 3022 2942 te
3063 2885 3279 2941 deluee
3303 2882 3494 2953 vigilo.

1914 2986 2108 3042 Sitivit
2160 2985 2229 3041 ad
2278 2994 2332 3040 te
2380 2985 2568 3039 anima
2606 2998 2729 3037 mea
2776 2982 2841 3034 ⁸⁸.
2876 2999 2893 3031 3
2930 2979 2997 3034 Et
3030 2996 3044 3033 :
3082 2997 3101 3029 ι
3154 2976 3399 3032 Ρπιξνοιιί
3439 2974 3497 3029 in

1912 3079 2265 3145 maturitate,
2304 3086 2361 3135 et
2400 3075 2665 3142 clamavi;
2706 3068 3264 3144 praeveneruntoculi
3288 3067 3397 3122 mei
3428 3066 3497 3122 ad

220 3158 383 3228 ἔχετε
410 3157 538 3228 ὑμῖν
565 3157 823 3229 γράφειν.
853 3157 1019 3211 Αὐτοὶ
1050 3158 1159 3229 γὰρ
1200 3156 1449 3228 ἀκριϐῶς
1489 3156 1669 3210 οἴδατε
1724 3157 1807 3210 δτι

1915 3170 2240 3235 diluculum,
2268 3178 2328 3222 ut
2348 3166 2649 3223 meditarer
2675 3163 2895 3235 eloquia
2922 3171 3014 3218 tua
3047 3162 3113 3214 ⁸⁷.
3144 3180 3162 3212 3
3198 3161 3249 3216 ls
3270 3161 3326 3215 in
3349 3174 3501 3215 com-

222 3250 258 3319 ἡ
292 3248 475 3321 ἡμέρα
511 3248 718 3319 Κυρίου
754 3247 831 3309 ὡς
857 3247 1122 3316 κλέπτης,
1168 3248 1227 3301 ἐν
1261 3248 1420 3300 νυκτὶ
1448 3245 1621 3310 οὓτως
1653 3246 1810 3318 ἐρχε-

224 3359 345 3394 ται.
395 3340 566 3394 ’(νταν
600 3340 657 3393 δέ
691 3338 948 3408 λέγωσιν,
981 3340 1187 3411 Εἰρήνη
1216 3339 1312 3393 xal
1354 3339 1660 3408 ἀσφάλεια,
1687 3340 1810 3392 τότε

224 3432 498 3503 αἰφνίδιος
521 3432 706 3495 αὐτοῖς
735 3431 957 3501 δλεθρος
979 3432 1290 3501 ἐφίσταται,
1320 3430 1511 3503 ῶσπερ
1538 3433 1571 3501 ή
1593 3430 1721 3487 ὠδὶν
1742 3432 1809 3503 τῇ

224 3528 287 3577 ἐν
322 3525 521 3595 γαστρὶ
539 3522 763 3594 ἐχούσῃ,
788 3523 886 3578 καὶ
914 3523 976 3577 οὗ
1002 3523 1079 3594 μὴ
1110 3522 1417 3593 ἐκφύγωσι.
1448 3542 1467 3575 3
1500 3523 1610 3577 Kal
1630 3518 1810 3589 αὖθις,

231 3618 413 3688 «Ἀρα
439 3612 535 3670 οὖν
556 3616 632 3687 μὴ
651 3614 1010 3685 καθεύδωμεν
1037 3613 1112 3678 ὡς
1140 3614 1338 3681 λοιποὶ,
1364 3615 1501 3668 ἀλλὰ
1530 3614 1815 3685 γρηγορῶ-

229 3728 336 3780 μεν
356 3710 447 3763 καὶ
464 3709 775 3779 νήφωμεν.»
802 3707 952 3760 Καὶὸ
980 3705 1206 3777 Κύριος,
1220 3706 1577 3777 «Γρηγορεῖτε
1598 3701 1713 3772 οὖν,
1734 3707 1815 3759 ὅτι

224 3804 329 3855 οὐκ
358 3802 538 3856 οἴδατε
566 3800 697 3871 ποία
727 3799 847 3871 ὥρᾳ
873 3800 902 3851 6
924 3797 1130 3867 Κύριος
1151 3797 1306 3868 ὑμῶν
1335 3795 1574 3867 ἔρχεται.
1605 3797 1816 3852 Ἐκεῖνο

224 3893 285 3946 δέ
321 3890 645 3961 γινώσκετε,
685 3890 770 3943 ὅτι
792 3890 842 3942 εἰ
874 3889 993 3961 ᾔδει
1019 3890 1049 3942 6
1072 3887 1457 3959 οἰκοδεσπότης
1483 3886 1614 3958 ποίᾳ
1650 3887 1820 3956 φυλα-

226 3986 301 4054 κῇ
325 3984 353 4035 6
378 3982 620 4053 κλέπτης
645 3980 892 4053 ἔρχεται,
922 3978 1302 4050 ἐγρηγόρησεν
1322 3977 1411 4043 ἂν,
1437 3979 1530 4032 καί⁸
1550 3978 1652 4033 οὐκ
1670 3978 1818 4033 εἴασε

226 4078 550 4148 διορυγῆναι
589 4074 691 4147 τὴν
731 4073 913 4127 οἰκίαν
965 4071 1159 4126 αὐτοῦ.
1200 4090 1219 4123 3
1258 4072 1367 4123 Kal
1401 4070 1588 4135 πάλιν,
1627 4089 1646 4121 ι
1685 4070 1820 4139 Γρη-

226 4172 467 4240 γορεῖτε,
498 4168 593 4222 καὶ
612 4163 1008 4238 προσεύχεσθε,
1040 4163 1131 4217 ῑνα
1162 4162 1237 4234 μὴ
1272 4162 1557 4233 εἰσέλθητε
1589 4163 1670 4225 εἰς
1696 4178 1819 4214 πει-

234 4260 471 4334 ρασμόν.
512 4278 531 4312 3
572 4259 686 4313 Kal
718 4257 905 4323 πάλιν,
949 4276 968 4308 ι
1003 4256 1291 4326 Μακάριος
1320 4256 1349 4309 6
1371 4254 1557 4317 δοῦλος
1588 4256 1816 4320 ἐκεῖνος,

226 4354 292 4407 δν
322 4351 492 4406 ἐλθὼν
523 4350 554 4404 6
588 4350 795 4422 Κύριος
862 4346 1030 4403 αὑτοῦ
1078 4347 1301 4418 εὑρήσει
1339 4346 1485 4399 οὕτω
1537 4343 1817 4399 ποιοῦντα.

1911 3277 2079 3317 mune
2104 3261 2224 3317 suis
2258 3258 2481 3313 dicebat
2515 3275 2529 3312 :
2572 3276 2590 3308 ι
2615 3256 2677 3311 In
2723 3253 2988 3310 noctibus
3015 3251 3263 3309 cxtollite
3302 3266 3501 3305 manus

1911 3364 2125 3408 vestras
2167 3352 2223 3406 in
2271 3358 2462 3406 sancta
2504 3366 2517 3403 :
2554 3356 2611 3403 et
2666 3346 2979 3402 benedicite
3036 3344 3333 3401 Dominum
3385 3342 3495 3394 “.3

1910 3445 2209 3514 Apostolus
2244 3459 2258 3496 :
2294 3460 2314 3494 ι
2350 3438 2601 3495 Orationi
2656 3431 2881 3500 instate,
2924 3435 3220 3507 vigilantes
3242 3434 3301 3488 in
3347 3446 3414 3487 ea
3444 3430 3501 3484 in

1912 3531 2216 3602 gratiarum
2251 3529 2473 3584 actione
2494 3530 2564 3582 ⁶⁹.
2603 3547 2623 3581 3
2652 3529 2903 3583 lterum:
2945 3543 2964 3577 ι
3000 3528 3239 3579 Orantes
3267 3522 3323 3576 in
3348 3520 3502 3575 omni

1915 3633 2163 3692 tempore
2228 3622 2287 3676 in
2334 3621 2535 3691 spiritu
2574 3637 2589 3676 :
2638 3627 2691 3675 et
2736 3618 2794 3673 in
2839 3617 2947 3672 hoc
2995 3616 3178 3686 ipsum
3212 3614 3505 3685 vigilantes

1916 3710 1973 3765 in
2022 3709 2174 3765 omni
2216 3710 2481 3765 instantia
2538 3717 2597 3764 et
2639 3707 3026 3764 obsecratione
3048 3705 3120 3759 ".
3161 3721 3182 3757 3
3232 3702 3383 3758 Idem
3434 3700 3507 3758 de

1917 3803 2101 3873 seipso
2131 3819 2146 3857 :
2181 3820 2200 3853 ι
2235 3801 2297 3855 1η
2337 3802 2648 3865 laboribus,
2680 3802 2739 3855 in
2770 3799 2997 3871 vigiliis,
3025 3798 3082 3851 in
3112 3795 3342 3868 jejuniis
3380 3794 3448 3848 τί.
3479 3810 3500 3845 3

1917 3894 2179 3949 lnducit:
2224 3912 2241 3946 ι
2279 3895 2367 3961 ,ῡο
2420 3892 2775 3963 temporibus
2814 3900 2872 3946 et
2924 3888 3244 3951 momentis,
3282 3886 3506 3951 fratres,

1918 4002 2028 4041 non
2073 4001 2299 4041 necesse
2345 3986 2562 4040 habetis
2589 3994 2651 4040 ut
2702 3983 2942 4040 scribam
2980 3981 3142 4037 vobis
3175 3998 3188 4034 :
3225 3979 3328 4048 ipsi
3358 3977 3508 4031 enim

1920 4079 2217 4150 diligenter
2267 4079 2445 4143 scitis,
2499 4079 2632 4147 quia
2679 4077 2801 4132 dies
2834 4074 3078 4138 Domini,
3120 4074 3268 4128 sicut
3312 4070 3402 4125 fur
3452 4069 3509 4124 in

1920 4181 2105 4235 nocte,
2140 4171 2216 4226 ita
2253 4171 2458 4226 veniet.
2520 4170 2660 4225 Cum
2693 4169 2844 4224 enim
2880 4167 3125 4223 dixerint
3153 4184 3167 4219 :
3199 4165 3311 4220 Pax
3336 4170 3393 4217 et
3416 4176 3509 4217 se-

1921 4261 2154 4325 curitas,
2195 4269 2329 4315 tunc
2360 4262 2686 4329 repentinus
2713 4260 2795 4313 eis
2824 4256 3183 4327 superveniet
3225 4252 3511 4318 interitus,

1922 4350 2069 4405 sicut
2086 4350 2247 4404 dolor
2277 4351 2335 4405 in
2372 4360 2534 4404 utero
2553 4350 2832 4410 habentis,
2863 4357 2921 4403 et
2956 4363 3066 4401 non
3096 4347 3366 4418 effugient
3389 4349 3459 4403 ".
3485 4367 3505 4400 3

229 4446 567 4516 Γρηγορεῖτε
607 4438 723 4506 οὖν,
771 4443 857 4496 ὅτι
906 4440 1007 4493 οὐκ
1061 4439 1240 4493 οἴδατε
1282 4438 1383 4509 τήν
1424 4438 1661 4509 ἡμέραν,
1693 4436 1807 4491 οὔτε

1924 4442 1994 4497 Et
2015 4456 2259 4507 rursus,c
2290 4441 2369 4496 Ne
2391 4441 2559 4511 igitur
2578 4440 2920 4495 dormiamus
2940 4440 3085 4494 sicut
3103 4447 3159 4494 et
3182 4441 3391 4503 cmteri,
3412 4441 3511 4496 sed

226 4536 332 4607 τὴν
362 4534 531 4607 ὤραν.
587 4552 607 4587 3
643 4534 802 4604 Αύτῷ
844 4534 879 4603 ἡ
908 4530 1036 4597 δόξα
1063 4533 1142 4594 εἰς
1180 4530 1308 4593 τοὺς
1338 4528 1565 4591 αἰῶνας.
1618 4530 1807 4599 Ἀμήν.

1922 4534 2213 4603 vigilemus
2231 4542 2289 4587 et
2313 4532 2487 4587 sobrii
2507 4533 2701 4588 simus.
2729 4550 2748 4584 3
2772 4532 3037 4586 Dominus
3054 4531 3186 4586 item
3210 4550 3224 4585 :
3250 4532 3513 4604 «Vigilate

229 4628 427 4697 igitur,
459 4626 588 4696 quia
613 4622 838 4681 nescitis
859 4638 967 4693 qua
992 4622 1127 4676 hora
1149 4620 1416 4674 Dominus
1445 4628 1629 4673 vester
1658 4623 1844 4677 veniet
1878 4640 1892 4677 :
1933 4624 2067 4678 illud
2091 4631 2278 4679 autem
2296 4624 2519 4687 scitote,
2549 4623 2678 4692 quia
2716 4622 2760 4677 si
2788 4624 2953 4678 sciret
2977 4624 3372 4694 paterfamilias
3400 4637 3509 4693 qua

228 4719 425 4791 vigilia
457 4716 545 4771 fur
573 4716 810 4779 veniret,
836 4713 1090 4783 vigilaret
1117 4710 1309 4780 utique
1336 4715 1394 4763 et
1418 4724 1527 4763 non
1544 4710 1753 4765 sineret
1774 4714 1987 4781 perfodi
2017 4714 2244 4769 domum
2272 4728 2431 4769 suam
2449 4713 2513 4767 ⁷³.
2538 4731 2555 4764 3
2578 4713 2783 4767 lterum
2816 4729 2830 4765 :
2870 4731 2887 4763 ι
2925 4713 3157 4784 Vigilate
3176 4722 3233 4768 et
3253 4723 3427 4777 orate,
3448 4729 3511 4776 ut,

232 4827 347 4867 non
374 4808 594 4865 intretis
624 4806 1063 4862 intentationem
1087 4804 1155 4858 ⁷⁸.
1184 4803 1431 4856 3Rursus
1461 4818 1474 4854 :
1511 4819 1529 4852 ι
1562 4801 1762 4858 Beatus
1790 4804 1882 4859 ille
1911 4822 2128 4869 servus,
2166 4824 2334 4879 quem
2362 4822 2489 4862 cum
2511 4806 2728 4861 venerit
2766 4806 3032 4860 Dominus
3070 4807 3211 4877 ejus,
3235 4806 3511 4863 invenerit

234 4905 311 4961 ita
360 4900 678 4957 facientem.
734 4897 972 4969 Vigilate
1010 4909 1165 4965 ergo,
1195 4892 1329 4963 quia
1358 4892 1585 4948 nescitis
1635 4894 1782 4950 diem
1822 4911 2003 4968 neque
2050 4901 2246 4956 horam
2281 4901 2351 4955 ".
2381 4918 2401 4954 3
2438 4899 2549 4971 Ipsi
2586 4897 2761 4968 gloria
2804 4897 2861 4951 in
2910 4898 3129 4953 saecula.
3172 4898 3370 4954 Amen.

838 5004 1058 5059 ΛΟΓΟΣ
1093 5000 1218 5057 ΡΕ’.

748 5095 889 5165 Περί
925 5092 1301 5164 ψαῑμῳδίας.

318 5192 388 5246 Ἦ
435 5185 730 5260 ψαλμῳδία
767 5184 931 5256 ἔργον
968 5182 1087 5236 ἐστὶ
1134 5180 1245 5235 τῶν
1290 5181 1603 5253 ἀσωμάτων
1655 5181 1820 5236 δυνά-

237 5302 393 5358 μεων
418 5284 528 5337 τῶν
566 5277 1053 5351 λειτουργούντων,
1084 5274 1182 5329 καὶ
1209 5276 1641 5346 παρισταμένων
1663 5276 1822 5329 ἀδια-

234 5379 478 5440 λείπτως
504 5374 585 5446 τῷ
620 5373 762 5445 Θεῷ,
791 5369 934 5425 κατὰ
972 5370 1032 5421 τὸ
1071 5366 1386 5438 εἰρημένον,
1424 5385 1443 5419 ι
1488 5368 1703 5420 Αἰνεῖτε
1730 5366 1824 5421 τὸν

237 5471 452 5543 Κύριον
498 5466 696 5523 ἐκτῶν
738 5462 1007 5537 οὐρανῶν,
1036 5462 1238 5527 πάντες
1282 5461 1334 5514 οἰ
1378 5460 1600 5531 ἄγγελοι
1634 5460 1825 5528 αὑτοῦ,

2492 4985 2781 5042 HOMILIA
2832 4986 2941 5041 CV.

2488 5076 2566 5130 De
2603 5075 2929 5144 psalmodia.

1994 5171 2307 5230 Psalmodla
2328 5177 2415 5226 est
2440 5184 2581 5240 opus
2610 5168 3071 5238 incorporearum
3102 5167 3369 5225 virtutum
3398 5168 3512 5223 Deo

1924 5266 2431 5324 administrantium
2482 5272 2539 5317 et
2586 5261 2862 5317 indivulse
2912 5259 3314 5323 assistentium,
3356 5260 3513 5325 juxta

1926 5360 2073 5429 quod
2108 5358 2349 5413 dicitur:
2385 5376 2403 5407 ι
2424 5353 2667 5409 Laudate
2684 5351 2979 5408 Dominum
3012 5348 3082 5404 de
3111 5350 3288 5415 caelis,
3321 5364 3515 5405 omnes

1927 5449 2108 5523 angeli
2152 5449 2293 5520 ejus,
2326 5454 2383 5502 et
2412 5460 2608 5501 omnes
2650 5443 2886 5499 virtutes
2934 5442 3057 5514 ejus
3082 5442 3148 5495 ".
3180 5460 3199 5492 3
3258 5440 3463 5496 Iterum
3496 5456 3511 5494 :

304 5653 352 5689 ⁶¹
379 5652 540 5707 Prov.
576 5664 653 5715 vi,
688 5648 739 5703 5.
816 5649 863 5681 “
893 5646 1033 5703 Psal.
1065 5646 1315 5713 cxxxu,4.
1365 5644 1410 5677 ⁸³
1431 5643 1575 5699 Psal.
1605 5641 1758 5715 01,8.
1837 5639 1882 5670 ⁸⁵
1915 5638 2275 5715 Psal.}ssul,
2308 5631 2393 5686 19.
2469 5624 3010 5715 ⁸ξΓετι1ῃκεδν¹ιιιὶὓῆὶ
3146 5620 3438 5715 Psal;

229 5727 277 5755 ⁸⁷
315 5723 460 5778 Psal.
487 5711 827 5782 cxvuipiﬂ.
903 5718 949 5750 ⁸⁸
976 5718 1119 5771 Psal.
1149 5711 1367 5777 cxxxiii,
1398 5715 1454 5769 9..
1530 5716 1573 5745 ⁶⁰
1598 5714 1809 5767 Colnss.
1838 5728 1910 5771 ιγ,
1938 5711 1992 5760 tl.

232 5812 287 5861 v,
322 5795 379 5859 2,
402 5794 457 5848 5.
532 5792 579 5824 ⁷³
609 5790 801 5845 Matth.
838 5803 981 5853 xxnv,
1008 5788 1199 5844 52-“.
1272 5789 1318 5819 ⁷⁵
1346 5785 1538 5843 Matth.
1572 5800 1717 5848 xxvl,
1756 5783 1830 5836 il.

2067 5708 2112 5737 "°
2141 5690 2342 5775 Ephes.
2377 5702 2599 5775 \'r,718g._
2649 5698 2925 5775 "_ll_tlor.
2958 5710 3033 5757 vr,
3202 5692 3243 5775 ζ’
3276 5690 3516 5775 l"l‘liess.

1888 5762 1956 5809 λιιι
1996 5762 2201 5832 nam,"
2227 5790 2372 5837 μιν,
2417 5762 2504 5834 46,
2544 5772 2621 5826 t7.
2701 5771 2745 5801 ⁷⁸
2780 5768 3165 5828 1‘sal.cn.\m,
3207 5762 3257 5829 l,
3294 5762 3345 5814 2.
