4178 6424
758 384 881 447 1ἵ51

2027 370 2384 432 ειχτιοιξξξι
2432 369 2773 428 MUNACIH

3888 367 4017 431 17ῦὲ

758 516 771 542 ι
811 490 1055 545 Laudate
1100 488 1418 551 Dominum,
1456 501 1648 540 omnes
1681 484 1858 554 angeli
1908 486 2049 553 ejus,
2077 489 2325 552 potentes

2437 479 2530 529 καὶ
2562 482 2733 531 πᾶσαι
2761 482 2816 531 αἱ
2849 480 3107 549 δυνάμεις
3138 480 3324 533 αὐτοῦ.
3364 499 3380 529 ι
3416 480 3526 532 Καὶ
3564 480 3750 544 πάλιν,
3784 501 3802 533 ι
3842 482 4013 536 Εὐλο-

746 584 971 645 virtntc,
1012 579 1281 635 facientes
1315 577 1546 633 verbum
1597 576 1718 647 ejus
1751 595 1763 629 :
1797 574 2109 630 benedicitc
2139 573 2324 627 Domi-

746 693 902 738 num,
932 688 1124 729 omnes
1154 673 1383 726 virtutes
1416 672 1556 740 ejus,
1588 668 1826 723 ministri
1847 669 1987 739 ejus,
2024 667 2119 736 qui
2146 665 2324 719 facitis

748 764 1089 817 voluntatem
1122 764 1243 832 ejus
1287 762 1352 813 ⁷⁷.
1388 778 1406 811 ι
1441 758 1557 812 lloc
1600 758 1790 828 operis
1834 756 2102 827 competit
2136 765 2193 811 et
2224 756 2322 809 Ιιο-

748 855 992 909 miuibus
1014 872 1027 907 :
1050 874 1067 905 ι
1087 853 1277 906 Omnis
1293 853 1442 906 enim
1461 850 1889 921 spirituslaudct
1906 850 2193 903 Dominum
2212 845 2276 900 ⁷⁸.
2300 867 2317 897 ι

748 946 1028 1000 Monacliis
1052 953 1235 998 autem
1268 944 1531 1012 peculiari
1578 942 1814 1011 quadarn
1849 940 2208 1011 praerogativa
2241 940 2324 991 vel

747 1041 803 1095 iu
832 1039 1025 1110 primis
1069 1038 1371 1103 convenit;
1403 1037 1551 1106 quod
1596 1036 1911 1091 institutum
1948 1036 2071 1089 vita:
2098 1048 2326 1101 prorsus

744 1132 1006 1199 angelica
1062 1130 1303 1184 ultronei
1368 1130 1726 1199 delegerunt;
1785 1126 1998 1198 119g
2051 1145 2068 1176 ι
2127 1127 2325 1178 Beatus

743 1226 893 1278 enim
939 1225 1036 1293 qui
1079 1223 1442 1278 meditabitur
1474 1223 1527 1276 in
1574 1224 1689 1292 lege
1734 1221 1950 1274 Domini
1992 1219 2081 1273 die
2122 1235 2188 1274 ae
2219 1237 2320 1273 no-

744 1325 831 1372 cte
859 1319 925 1369 7".
961 1338 977 1368 ι
1003 1318 1103 1370 Et:
1142 1337 1160 1369 ι
1188 1316 1292 1382 Qui
1331 1316 1540 1370 timetis
1566 1314 1881 1375 Dominum,
1911 1313 2131 1368 laudate
2159 1330 2321 1379 cura;

746 1409 1065 1462 universum
1103 1424 1290 1462 semen
1317 1408 1508 1468 Jaeoli,
1534 1406 1839 1475 gloriﬁcate
1862 1420 1996 1466 eum
2033 1410 2089 1457 ὀ.
2125 1427 2141 1456 ι
2178 1406 2325 1459 Psal-

746 1498 930 1552 modia
980 1514 1112 1552 sane
1159 1499 1286 1568 juge
1336 1505 1421 1550 est
1482 1495 1840 1559 sacriﬁcium,
1886 1507 1942 1552 et
1994 1494 2323 1549 sacrificium

747 1590 946 1645 laudis.
998 1590 1168 1645 Debet
1203 1590 1527 1652 monachus,
1559 1587 1692 1642 dum
1725 1588 1899 1642 sacris
1929 1596 2213 1657 operatur,
2242 1586 2325 1638 di-

745 1683 904 1737 vinas
923 1692 981 1737 et
1010 1683 1254 1753 legitima
1293 1683 1579 1737 sanctione
1623 1682 1954 1737 constitutas
1979 1680 2170 1733 laudes
2201 1679 2323 1732 rell-

744 1775 876 1828 derc
927 1775 1042 1828 Deo
1090 1775 1299 1845 jugitcr
1343 1783 1402 1828 et
1457 1774 1757 1843 iudirupte.
1814 1794 1831 1824 ι
1870 1771 2324 1837 llenedicam,uit

747 1864 942 1927 David,
959 1840 1257 1918 Dominum
1287 1864 1509 1918 inomni
1531 1840 1797 1933 tempore,
1820 1879 2039 1933 semper
2062 1863 2182 1917 laus
2202 1864 2322 1932 ejus
2358 1840 2398 1895 Β

747 1960 802 2011 in
834 1973 933 2012 ore
977 1974 1100 2013 meo
1128 1958 1196 2014 ".
1230 1977 1249 2008 ι»
1282 1957 1587 2012 Audiamus
1617 1956 1749 2027 quid
1770 1972 1872 2011 nos
1900 1957 2242 2020 cohortctur,
2268 1965 2327 2009 ut

746 2048 1055 2104 iaciamus:
1101 2067 1120 2101 ι
1152 2049 1373 2104 Psallitc
1417 2049 1530 2102 Deo
1571 2057 1782 2112 nostro,
1827 2049 2077 2119 psallite;
2108 2049 2326 2117 psallite

748 2144 878 2213 Regi
903 2150 1113 2207 nostro,
1137 2143 1354 2214 psallite
1379 2143 1659 2214 sapienter
1674 2144 1720 2173 ‘"
1738 2186 1751 2206 ,
1772 2174 1839 2181 —
1856 2143 2071 2212 psallite
2095 2141 2327 2195 Domino

748 2235 803 2286 in
848 2234 1064 2288 cithara
1105 2243 1163 2288 et
1214 2248 1350 2288 voce
1400 2233 1595 2303 psalmi
1638 2232 1703 2284 ⁸³.
1738 2252 1756 2283 ι
1810 2231 1917 2290 Sed
1959 2240 2015 2286 et
2060 2250 2071 2284 :
2129 2251 2147 2282 ι
2182 2232 2327 2285 Bene

749 2325 961 2393 psallite
984 2325 1034 2379 ei
1055 2326 1110 2380 in
1131 2324 1526 2379 vociferatione
1542 2324 1611 2388 t“;
1631 2341 1757 2376 ι--ι
1782 2323 2151 2379 Exsultabuut
2176 2322 2324 2376 enim

746 2414 891 2468 labia
924 2430 1044 2469 mea
1077 2414 1209 2469 dum
1231 2426 1532 2470 cantavero
1564 2415 1686 2481 tibi,
1722 2424 1779 2471 et
1808 2416 1991 2470 anima
2015 2429 2134 2469 mea
2160 2430 2324 2485 quam

749 2508 1029 2562 redemisti
1061 2509 1129 2561 ".
1161 2508 1425 2563 "Rursus
1461 2526 1475 2562 :
1525 2528 1544 2560 ι
1580 2508 1803 2563 Psallitc
1845 2508 2100 2571 Domino,
2148 2508 2323 2563 sancti

745 2600 865 2669 ejus
886 2598 955 2652 "'.
989 2620 1007 2651 ι
1047 2600 1116 2655 Et
1144 2614 1158 2653 :
1190 2620 1209 2652 ι
1238 2600 1455 2656 Scrvite
1479 2600 1710 2655 Domino
1735 2602 1791 2655 in
1813 2602 2031 2666 timore,
2054 2611 2113 2657 et
2140 2604 2327 2657 exsul-

747 2698 858 2743 tate
885 2691 937 2745 ci
963 2690 1018 2744 in
1046 2701 1288 2746 tremore
1320 2692 1387 2745 "’.
1424 2710 1443 2740 ι
1485 2722 1553 2731 .._
1577 2708 1595 2742 ι
1629 2691 1776 2746 Laus
1807 2693 1957 2747 enim
1989 2693 2110 2764 ejus
2146 2694 2201 2747 in
2229 2708 2326 2748 ec-

746 2780 914 2835 clesia
943 2791 1263 2837 sanctorum
1296 2783 1366 2836 ¹¹⁸.
1406 2801 1425 2835 ι
1462 2783 1530 2838 Ει
1561 2801 1574 2837 :
1602 2801 1621 2835 ι
1649 2784 1773 2839 Filii
1806 2783 1940 2839 Sion
1966 2786 2246 2840 exsultent
2271 2785 2327 2840 in

748 2875 893 2945 ltcge
925 2889 1029 2930 suo
1071 2875 1139 2929 ”.
1178 2894 1198 2926 ι
1220 2906 1288 2915 -—-
1311 2894 1329 2928 ι
1365 2876 1481 2947 Ego
1510 2884 1696 2932 autem
1726 2878 1965 2932 cantabo
2009 2886 2065 2933 et
2097 2878 2325 2949 psallam

747 2966 802 3019 in
832 2966 1007 3035 gloria
1025 2983 1147 3023 mea
1167 2969 1239 3035 ’°,
1266 2986 1287 3021 ι
1316 2996 1387 3010 --
1414 2987 1434 3020 ι
1456 2970 1587 3039 quia
1610 2969 1890 3025 concaluit
1914 2984 2012 3025 eor
2038 2985 2222 3025 meum
2244 2971 2327 3025 in-

749 3068 829 3112 tra
848 3073 957 3123 me,
981 3068 1039 3114 ct
1068 3059 1125 3115 in
1141 3058 1500 3115 meditatione
1526 3075 1648 3115 mea
1684 3060 2010 3117 exardeseet
2039 3062 2184 3133 ignis
2204 3062 2271 3117 οι.
2301 3079 2320 3113 ι

746 3149 814 3203 Et
840 3168 853 3204 :
900 3168 919 3202 ι
951 3150 1142 3206 Dulcia
1177 3151 1435 3209 faucibus
1479 3154 1620 3208 meis
1645 3153 1866 3224 eloquia
1897 3160 1991 3209 tua
2016 3170 2183 3225 super
2211 3155 2318 3209 mel
2350 3168 2394 3229 α

743 3241 828 3296 ori
876 3256 999 3297 meo
1043 3243 1124 3307 ης
1158 3262 1179 3296 ι
1207 3272 1277 3283 —-
1311 3262 1331 3296 ι
1368 3244 1451 3299 sic
1499 3244 1825 3301 benedicam
1861 3255 1915 3301 te
1947 3246 2003 3301 in
2038 3247 2152 3301 vita
2181 3261 2321 3311 mea,

743 3330 801 3383 in
833 3330 1057 3384 nomine
1092 3338 1189 3385 tuo
1217 3332 1415 3388 levabo
1448 3349 1647 3389 manus
1662 3349 1866 3399 nicas,»
1887 3336 2071 3405 quia,¢
2097 3335 2323 3390 sicutex

744 3420 906 3492 adipe
931 3431 990 3476 et
1019 3424 1357 3495 pinguedine
1386 3426 1667 3496 repleatur
1710 3427 1895 3483 anima
1927 3442 2050 3483 mea
2074 3438 2131 3483 et
2165 3427 2325 3483 labiis

744 3511 1129 3570 i-xsultationis
1177 3515 1428 3572 laudabit
1466 3532 1530 3572 os
1570 3532 1756 3573 meum
1799 3518 1865 3571 ".
1909 3538 1929 3569 ι
1987 3519 2123 3575 Nam
2153 3538 2171 3569 ι
2208 3528 2324 3575 tor-

744 3609 903 3656 rente
936 3603 1239 3673 voluptatis
1269 3615 1375 3661 tua:
1416 3606 1635 3676 potabis
1663 3623 1761 3663 eos
1797 3608 1864 3674 “,
1891 3628 1910 3660 ι
1951 3610 2047 3680 qui
2083 3610 2326 3680 psallunt

744 3692 868 3747 tibi.
917 3693 1023 3748 Sed
1085 3695 1219 3765 quid
1264 3712 1489 3752 necesse
1526 3698 1598 3753 sit
1629 3699 1683 3754 in
1723 3699 1965 3755 medium
1997 3701 2325 3772 depromere

744 3786 960 3856 singula
1006 3802 1240 3858 qumque
1279 3803 1347 3842 ex
1393 3789 1603 3845 Davidc
1647 3792 1988 3859 testimonia,
2041 3794 2178 3849 nulli
2212 3810 2323 3850 non

744 3887 990 3933 vestrum
1022 3894 1284 3949 persuasa
1314 3896 1378 3935 ac
1409 3892 1722 3951 perspecta,
1751 3883 1959 3953 quibus
1999 3900 2103 3940 nos
2128 3885 2325 3941 beatus

745 3968 837 4024 ille
885 3970 1141 4024 hortatur
1163 3969 1230 4024 ad
1279 3971 1672 4040 psallendum?
1706 3982 1803 4028 aut
1829 3984 1983 4031 certe
2020 3977 2154 4046 quid
2183 3993 2325 4048 opus

744 4066 807 4111 ut
837 4060 1107 4129 explicem
1148 4069 1419 4129 quantum
1451 4062 1639 4131 gratia:
1684 4074 1741 4119 et
1780 4065 2085 4135 spiritualis
2118 4067 2324 4124 laetitia:

745 4149 1026 4204 inseratur
1054 4150 1207 4205 cordi
1233 4152 1353 4222 ejus
1376 4153 1473 4221 qui
1497 4168 1624 4207 cum
1650 4156 2075 4225 compunctione
2104 4167 2163 4213 et
2194 4174 2325 4230 per-

744 4238 897 4309 vigili
937 4240 1247 4296 attentione
1272 4242 1456 4311 psallit
1486 4244 1764 4300 Domino?
1786 4246 2004 4302 Norunt
2036 4249 2196 4319 plane
2227 4250 2321 4321 qui

742 4330 1061 4389 didicerunt
1108 4332 1355 4390 doctrice
1400 4338 1744 4406 experientia
1773 4356 1787 4392 :
1817 4354 1889 4395 ne
1918 4341 2009 4396 cui
2048 4342 2192 4398 forte
2219 4360 2322 4399 nu-

743 4439 847 4493 gax
875 4424 1064 4480 videar
1098 4434 1155 4480 et
1174 4425 1408 4482 blatero.
1436 4427 1580 4483 Sane
1612 4430 1668 4483 in
1690 4445 1758 4484 eo
1790 4433 2057 4502 temporis
2081 4437 2321 4491 articulo

2432 570 2578 635 γεῖτε
2636 570 2726 621 τὸν
2784 569 3007 638 Κύριον,
3044 572 3241 632 πάντες
3277 571 3497 638 ἄγγελοι
3552 571 3739 636 αὐτοῦ,
3796 573 4019 626 δυνατοὶ

2435 662 2603 731 ἰσχύϊ,
2640 662 2920 725 ποιοῦντες
2951 665 3043 715 τὸν
3074 663 3232 731 λόγον
3261 663 3447 716 αὐτοῦ·
3478 664 3749 731 εὐλογεῖτε
3771 666 3867 717 τὸν
3903 664 4013 717 Κύ-

2435 773 2569 826 ριον,
2622 757 2793 809 πᾶσαι
2833 756 2889 808 αἱ
2927 756 3184 827 δυνάμεις
3224 756 3409 817 αὐτοῦ,
3461 756 3766 827 λειτουργοὶ
3820 758 4013 821 αὐτοῦ,

2433 846 2715 905 ποιοῦντες
2748 846 2810 897 τὸ
2841 846 3055 914 θέλημα
3085 844 3272 899 αὐτοῦ.
3317 865 3334 898 ι
3395 846 3657 916 ’Λρμόζει
3694 847 3752 899 δὲ
3781 847 3883 899 καλ⁸
3916 849 4018 900 :5.-

2434 955 2517 989 σιν
2549 936 2880 1006 ἀνθρώποις⁹
2910 954 2928 987 ι
2963 938 3117 990 Πᾶσα
3158 937 3265 1007 γὰρ
3293 940 3431 1008 πνοὴ
3462 940 3734 991 αἰνεσάτω
3766 941 3859 990 τὸν
3905 939 4019 991 Κύ-

2434 1047 2549 1099 ριον
2589 1049 2606 1080 ι
2674 1030 3062 1097 κατεξαίρετον
3092 1031 3148 1083 δὲ
3174 1033 3287 1093 τοῖς
3333 1034 3609 1100 μοναχοῖς,
3641 1034 3757 1094 τοῖς
3797 1033 3895 1084 τὸν
3922 1035 4020 1098 ἀγα

2430 1121 2649 1190 τελικὸν
2697 1122 3141 1194 ἐπανῃρημένοις
3193 1120 3323 1191 βίον·
3382 1140 3399 1173 ι
3450 1123 3735 1194 Μακάριος
3780 1123 3931 1192 γὰρ’
3963 1124 4019 1187 δῖ

2435 1215 2721 1285 μελετήσει
2767 1214 2826 1266 ἐν
2872 1215 3022 1283 νόμῳ
3076 1213 3283 1283 Κυρίου
3321 1214 3539 1285 ἡμέρας
3584 1217 3679 1269 καὶ
3728 1216 3952 1279 νυκτός.
3996 1234 4013 1266 ι

2432 1309 2563 1369 Καὶ,
2612 1326 2629 1357 ι
2666 1308 2727 1358 Οἱ
2758 1304 3085 1375 φοϐούμενοι
3139 1306 3231 1358 τὸν
3272 1307 3497 1377 Κύριον,
3524 1309 3782 1361 αἱνέσατε
3824 1309 4014 1360 αὐτόν·

2432 1399 2575 1452 ἅπαν
2605 1396 2666 1450 τὸ
2693 1396 2915 1467 σπέρμα
2955 1395 3173 1462 Ἰακὼϐ,
3202 1396 3463 1461 δοξάσατε
3488 1397 3668 1451 αὐτόν.
3693 1417 3711 1447 ι
3734 1399 3802 1449 ’11
3830 1398 4018 1469 ψαλμ-

2431 1490 2568 1559 ῳδία
2613 1490 2795 1541 τοίνυν
2836 1487 2996 1541 θυσία
3024 1489 3172 1540 ἐστὶν
3196 1488 3575 1559 ἐνδελεχισμοῦ
3600 1490 3694 1542 καὶ
3726 1492 4016 1553 αἰνέσεως·

2432 1581 2573 1634 κατὰ
2602 1582 2679 1642 τὸ,
2717 1581 2877 1634 θυσία
2900 1580 3156 1643 αἰνέσεως
3179 1579 3395 1645 δοξάσει
3444 1598 3532 1650 με.
3554 1601 3573 1634 ι
3618 1583 3753 1644 Καὶ,
3798 1600 3818 1632 ‹
3840 1582 4017 1635 Θῦσον

2429 1673 2512 1741 τῷ
2536 1673 2653 1742 θ-ῷ
2673 1672 2866 1726 θυσίαν
2894 1672 3175 1733 αἰνέσεως.
3210 1689 3228 1722 ι
3250 1672 3533 1741 Χρεωστεῖ
3574 1669 3670 1725 οὖν
3712 1673 3742 1725 ό
3779 1673 4019 1743 μοναλος

2433 1762 2727 1832 ἐνδελεχῶς
2776 1763 2872 1815 καὶ
2903 1762 3263 1825 ἀδιαλείπτως
3296 1764 3603 1833 ἱερουργεῖν
3642 1763 3720 1834 τῷ
3766 1764 3893 1833 Θεῷ
3920 1765 4018 1827 τὰς

2430 1852 2825 1923 νενομισμένας
2851 1852 3017 1907 αὐτοῦ
3053 1853 3382 1921 δοξολογὶας,
3414 1873 3431 1904 ι
3462 1854 3759 1925 Εὐλογήσω
3785 1855 3901 1925 γὰρ
3927 1854 4019 1907 τὸν

2429 1944 2634 2015 Κύριον
2669 1946 2727 1996 ἐν
2756 1945 2919 1998 παντὶ
2949 1944 3147 2015 καιρῷ.
3174 1945 3272 1998 Διά
3302 1944 3505 2008 παντος
3534 1948 3569 2015 ἠ
3610 1946 3821 2009 αἴνεσις
3847 1945 4018 1999 αὐτοῦ

2428 2039 2488 2089 ἐν
2517 2036 2597 2105 τῷ
2627 2035 2856 2108 στόματί
2888 2054 3011 2106 μου.
3048 2055 3066 2086 ι
3130 2035 3480 2105 ’Λκούσωμεν
3509 2035 3603 2089 τοῦ
3639 2034 3803 2088 Δαυῖδ
3836 2052 4023 2104 παρα-

2428 2129 2787 2200 κελευομένου
2816 2129 3233 2200 may-uratum
3262 2128 3340 2201 τῷ
3370 2127 3489 2193 est;
3520 2128 3922 2198 ήμῶν,ψάλατε
3944 2126 4020 2197 τῷ

2429 2219 2649 2273 Βασιλεί
2673 2218 2853 2290 ήμῶν,
2902 2219 3108 2289 ψάλατε
3138 2219 3376 2282 συνετῶς
3412 2232 3429 2247 ο
3460 2219 3669 2287 ψάλατε
3706 2218 3788 2287 τῷ
3823 2217 4019 2287 Κυρίῳ

2428 2308 2485 2359 ἐν
2511 2306 2713 2377 κιθάρᾳ
2744 2308 2837 2360 καὶ
2875 2310 3026 2379 φωνῇ
3054 2307 3292 2378 ψαλμοῦ.
3335 2328 3354 2361 ι
3401 2308 3562 2361 Ἀλλά
3585 2309 3699 2370 καὶ,
3736 2326 3755 2358 ι
3787 2307 4019 2360 Tala-ca

2427 2399 2577 2470 αὐτῷ
2598 2401 2656 2453 ἐν
2677 2399 3003 2473 ἀλαλαγμῷ.
3020 2420 3140 2453 ι-ι
3164 2401 3609 2471 ’Δγαλλιάσονται
3624 2400 3694 2454 τά
3721 2399 3882 2472 χείλη
3916 2417 4018 2470 μου

2426 2491 2555 2545 ὅταν
2583 2490 2852 2561 ψάλλωσι,
2885 2493 2980 2546 καὶ
3012 2495 3046 2562 ή
3075 2493 3222 2563 ψυχή
3252 2509 3355 2563 μου
3381 2493 3449 2563 ἢν
3483 2492 3805 2561 ἐλυτρώσω.
3851 2512 3871 2542 ι
3904 2492 4015 2545 Καὶ

2427 2577 2601 2647 αὖθις,
2640 2601 2659 2633 ι
2685 2583 2905 2637 Ψάλατε
2950 2582 3029 2655 τῷ
3059 2584 3271 2654 Κυρίῳ,
3319 2586 3370 2637 οί
3408 2585 3547 2637 ὅσιοι
3577 2582 3769 2638 αὐτοῦ.
3808 2603 3828 2634 ι
3880 2584 4014 2645 Καὶ,

2435 2694 2454 2723 ι
2507 2672 2838 2726 Δουλεύσατε
2872 2673 2952 2745 τῷ
2997 2673 3187 2743 Κυρίῳ
3229 2673 3287 2725 ἐν
3341 2672 3514 2743 φόϐῳ,
3546 2676 3640 2725 καὶ
3672 2672 4017 2741 ἀγαλλιᾶσθε

2431 2765 2583 2838 αὐτῷ
2610 2766 2670 2821 ἐν
2711 2766 2921 2837 τρόμῳ.
2961 2766 3026 2820 ’11
3051 2766 3163 2837 γὰρ
3202 2768 3409 2831 αἷνεσις
3444 2766 3611 2821 αὐτοῦ
3639 2767 3699 2819 ἐν
3741 2767 4020 2838 ἐκκλησίᾳ

2427 2857 2617 2923 ὁσίων.
2656 2877 2675 2910 ι
2713 2860 2841 2923 Καὶ,
2876 2878 2893 2909 ι
2928 2859 2991 2911 Oi
3028 2858 3132 2911 υἱοὶ
3166 2857 3304 2911 Σιὼν
3333 2859 3789 2926 ἀγαλλιάσθωσαν
3819 2860 3921 2913 ἐπὶ
3942 2859 4019 2926 τῷ

2429 2949 2650 3003 Βασιλεί
2676 2951 2877 3004 αὐτῶν.
2912 2950 3053 3020 Ἐγὼ
3077 2951 3134 3005 δέ
3161 2951 3364 3022 ᾄσομαι
3392 2951 3489 3005 καὶ
3514 2951 3672 3020 ψαλῶ
3701 2952 3761 3005 ἐν
3789 2955 3861 3023 τῇ
3890 2951 4020 3023 δόξῃ

2431 3058 2561 3113 μου,
2590 3043 2675 3095 δτι
2702 3041 3015 3113 ἐθερμάνθη
3045 3046 3078 3114 ή
3125 3043 3324 3114 καρδία
3351 3061 3457 3114 μου
3487 3044 3641 3106 ἐντός
3671 3061 3804 3115 μου,
3830 3044 3934 3098 καὶ
3962 3045 4019 3097 ἐν

2426 3136 2492 3203 τῇ
2520 3134 2719 3207 μελέτῃ
2745 3150 2846 3203 μου
2876 3135 3277 3206 ἐκκαυθήσεται
3292 3134 3457 3206 πῦρ.)
3487 3137 3620 3199 Καὶ,
3642 3136 3916 3190 «Γλυκεία

2427 3221 2662 3293 λάρυγγί
2684 3240 2784 3292 μου
2805 3223 2872 3275 τὰ
2897 3222 3054 3292 λόγιά
3079 3241 3172 3277 σου
3189 3223 3329 3297 ὐπέρ
3354 3223 3478 3296 μέλι
3494 3224 3574 3297 τῷ
3590 3225 3826 3298 στόματί
3854 3244 4013 3299 μου-ι

2426 3343 2497 3354 —-
2537 3332 2556 3365 ι
2596 3312 2782 3378 Οὕτως
2821 3314 3104 3385 εὐλογήσω
3138 3333 3195 3369 σε
3230 3318 3288 3370 ἐν
3313 3320 3379 3387 τῇ
3412 3318 3526 3388 ζωῇ
3568 3333 3695 3389 μου⁹
3734 3318 3832 3373 καὶ
3861 3321 3923 3373 ἐν
3941 3320 4019 3391 τῷ

2425 3404 2649 3477 ὀνόματί
2678 3422 2772 3459 σου
2799 3406 2918 3478 ἀρῶ
2946 3408 3046 3472 τὰς
3071 3408 3260 3479 χεῖράς
3292 3425 3417 3479 μου*
3447 3409 3531 3463 δτι
3576 3408 3654 3473 ὡς
3686 3410 3754 3464 ἐκ
3786 3411 4018 3476 στέατος

2426 3499 2521 3552 καὶ
2557 3499 2813 3570 πιότητος
2842 3500 3190 3574 ἐμπλησθείη
3239 3503 3272 3572 ή
3328 3501 3477 3573 ψυχή
3531 3520 3657 3573 μου,
3715 3504 3817 3558 καὶ
3862 3506 4017 3576 χείλη

2425 3594 2799 3662 ἀγαλλιάσεως
2826 3593 3033 3647 αἰνέσει
3071 3595 3132 3648 τὸ
3174 3595 3350 3666 στόμα
3384 3613 3511 3665 μου.
3548 3613 3567 3647 ι
3607 3627 3677 3637 -
3708 3616 3729 3649 ι
3770 3598 3883 3651 Τὸν
3910 3600 4019 3668 γὰρ

2426 3686 2761 3756 χειμάρρουν
2788 3685 2890 3755 τῆς
2910 3688 3124 3756 τρυφῆς
3156 3703 3250 3738 σου
3271 3689 3480 3750 ποτιεῐς
3513 3687 3714 3753 αὐτοὺς
3740 3707 3760 3739 ι
3783 3688 4019 3759 ψάλλον-

2424 3777 2524 3840 τάς
2547 3794 2651 3831 σοι.
2687 3777 2850 3832 Ἀλλὰ
2876 3777 2931 3831 τί
2970 3777 3077 3850 χρὴ
3110 3778 3290 3841 πάσας
3327 3778 3428 3843 τὰς
3474 3780 3604 3851 περὶ
3643 3778 3743 3833 τοῦ
3788 3780 4017 3851 ψάλλειν

2425 3868 2519 3921 τοῦ
2550 3868 2712 3923 Δαυῒδ
2741 3868 3087 3939 παραθέσθαι
3116 3870 3449 3942 μαρτυρίας.
3474 3870 3542 3935 ἀς
3566 3872 3780 3938 πάντες
3808 3876 4015 3940 ἴσασιν,

2424 3962 2460 4034 ἢ
2496 3963 2625 4034 περὶ
2681 3961 2780 4032 τῆς
2827 3962 3048 4035 χάριτος
3086 3962 3183 4016 xal.
3214 3963 3559 4035 εὐφροσύνης
3589 3967 3686 4037 τῆς
3726 3966 4019 4037 ἐγγινομέ-

2427 4071 2524 4125 νης
2547 4055 2605 4107 ἐν
2634 4056 2698 4125 τῇ
2734 4053 2934 4125 καρδίᾳ
2984 4053 3094 4107 τῶν
3147 4054 3287 4123 μετὰ
3331 4055 3679 4121 κατανύξεως
3726 4059 4019 4127 νηφαλὰυς

2424 4146 2739 4217 ψαλλόντων
2778 4147 3182 4218 διηγήσασθαις
3215 4147 3312 4200 καὶ
3352 4145 3517 4200 τοῦτο
3542 4148 3653 4218 γὰρ
3682 4149 4016 4204 ἐπίστανται

2425 4242 2473 4293 οἱ
2504 4238 2928 4310 πεπειραμένοι,
2968 4239 3182 4311 μήποτε
3222 4240 3319 4294 καὶ
3348 4240 3638 4312 ἀδόλεσχος
3666 4241 3872 4313 κριθῶ.
3904 4245 4015 4297 Ka-

2425 4332 2516 4384 λδν
2541 4326 2635 4384 οὖν
2658 4333 2808 4384 ἐστιν
2834 4332 2893 4384 ἐν
2920 4331 3097 4403 καιρῷ
3127 4332 3355 4404 μνήμης
3390 4332 3527 4386 θεοῦ
3562 4332 4014 4391 πολυπλασιάσαι

2424 4424 2629 4493 δέησιν,
2666 4424 2752 4477 ἵνα
2782 4424 2910 4477 ὅταν
2930 4423 3322 4495 ἐπιλαθώμεθα
3348 4425 3639 4498 ὑπομνήσῃ
3664 4427 3822 4496 ἡμᾶς
3850 4430 3881 4480 ό
3908 4428 4017 4481 Κύ-

743 4530 856 4585 quo
899 4518 1164 4573 memoria
1213 4519 1530 4584 celebratur
1590 4521 1793 4578 divina:
1838 4496 2053 4592 laudis,
2108 4528 2321 4597 juverit

2427 4534 2561 4587 ριος.
2589 4518 2699 4570 Καὶ
2730 4516 2964 4580 εὐτόνως
2995 4516 3233 4585 στῶμεν,
3262 4517 3563 4588 ἀγαπητοὶ,
3693 4516 4010 4590 ψαλμῳδίαο

744 4606 1114 4678 multiplicare
1148 4609 1616 4681 deprecationem,
1659 4624 1725 4669 ut
1765 4616 1914 4686 quod
1947 4633 2047 4688 per
2086 4620 2323 4677 oblivio-

745 4710 870 4750 uem
909 4698 1181 4754 exciderit
1224 4701 1515 4767 memoria,
1582 4703 1703 4773 ipse
1743 4706 2012 4762 Dominus
2062 4708 2321 4780 dignetur

742 4804 1034 4859 suggerere
1073 4808 1086 4844 :
1122 4799 1288 4863 atque
1340 4794 1438 4858 ita,
1490 4795 1825 4862 charissimi,
1862 4799 1918 4853 in
1963 4802 2324 4859 concineudis

743 4880 966 4947 psalmis
987 4887 1183 4938 attenti
1204 4885 1586 4955 persistamus,
1601 4904 1935 4961 oremusque
1953 4908 2087 4949 voce
2104 4907 2320 4952 exserta

741 4980 798 5024 et
855 4974 1155 5038 constanti,
1206 4977 1445 5032 aversati
1498 4979 1749 5034 studiqu
1791 4996 1957 5038 omne
1998 4987 2317 5045 multifaria:

743 5061 1091 5131 rogitationis
1110 5073 1165 5119 et
1185 5067 1419 5122 curiosa;
1450 5069 1861 5128 sollicitudinis.
1903 5075 2028 5129 llaec
2049 5077 2195 5130 enim
2225 5094 2315 5132 so-

743 5153 948 5209 lemnis
984 5158 1328 5213 consuetudo
1358 5159 1705 5217 dmmonibus
1738 5163 1989 5228 inolevit,
2015 5165 2059 5219 si
2096 5169 2319 5237 quando

744 5259 915 5297 unum
958 5245 1201 5316 aliquem
1248 5248 1492 5304 viderint
1542 5251 1729 5305 animo
1777 5253 1946 5308 alacri
1995 5254 2317 5324 psallentem

744 5345 838 5390 aut
885 5345 1158 5402 orantem,
1210 5339 1575 5409 cogitationes
1610 5350 1741 5396 tunc
1779 5352 2081 5413 suggerunt
2134 5360 2317 5399 rerum

746 5435 1039 5495 prospectu
1106 5429 1228 5500 ipso
1286 5432 1751 5499 necessariarum,
1804 5443 2047 5490 mentem
2094 5437 2314 5491 interim

812 5605 858 5634 ’⁷
891 5604 1170 5690 P_sal.ueu_,‘
1213 5604 1302 5690 ξω,
1339 5606 1425 5659 '2l.

751 5689 884 5735 vvl,
924 5698 964 5727 ι.

1505 5607 1546 5634 ⁷³
1597 5607 1738 5661 l’sztl.
1770 5625 1851 5667 ιῖι..
1896 5610 1946 5663 (i.

1042 5677 1088 5707 ⁸³
1133 5678 1271 5731 l’sal.
1323 5693 1485 5735 xcvu,
1536 5676 1587 5729 (ἶ.
1664 5679 1706 5709 ³³
1750 5680 1884 5732 l'sul.
1933 5696 2097 5743 χχχιι,
2132 5681 2185 5732 5.

746 5748 778 5764 ⁸⁵
820 5745 961 5815 Psul.
990 5763 1162 5806 ‹.χιιχ,
1201 5748 1243 5799 l.
1322 5748 1367 5773 '”
1404 5746 1537 5798 ibiil.
1578 5749 1632 5800 '2.
1711 5751 1756 5779 ""
1797 5750 1936 5804 Paul.
1981 5766 2105 5815 LVII,
2140 5752 2190 5803 ‘2.

745 5817 795 5878 ξι,
844 5813 897 5869 6.
974 5816 1018 5849 ὀδ
1066 5816 1205 5873 l’sal.
1247 5832 1403 5872 χχχι.
1460 5821 1510 5872 ‘J.

2027 5611 2070 5642 ⁷⁵
2108 5611 2249 5666 Psal.
2284 5628 2320 5669 ι.
2353 5612 2406 5665 ‘2.
2486 5612 2532 5643 ’⁸ο
2580 5612 2720 5666 Psal.
2776 5627 2885 5667 χχι.
2934 5612 3026 5664 ‘li.

2263 5684 2307 5712 ⁸⁸³
2346 5684 2485 5735 i‘sal.
2530 5699 2650 5739 LXX.
2695 5682 2786 5736 εδ.

2270 5753 2309 5782 ⁷⁶¹
2349 5755 2489 5808 l’sul.
2535 5769 2753 5810 χχχγιιι,
2802 5754 2842 5807 1.

2425 4608 2521 4662 καὶ
2547 4606 2981 4680 προσευξώμεθα
3010 4608 3244 4672 εὐτόνως
3269 4609 3749 4681 ἀποστρεφόμενοι
3773 4611 3880 4674 τὰς
3904 4610 4013 4664 τῶν

2423 4701 2699 4771 λογισμῶν
2746 4702 2840 4755 καὶ
2881 4701 3179 4773 φροντίδων
3222 4701 3467 4766 ἐπάξεις.
3511 4701 3754 4755 Είὼθασι
3804 4702 3919 4773 γὰρ
3963 4703 4012 4755 ei

2422 4794 2697 4863 δαίμονες,
2725 4795 2857 4847 ὅταν
2900 4793 3053 4848 ἴδωσί
3099 4812 3222 4847 τινα
3274 4793 3574 4868 προθύμως
3624 4793 3943 4863 ψάλλοντα,
3978 4796 4009 4863 ἢ

2425 4885 2890 4958 προσευχόμενον,
2913 4886 3035 4939 τότε
3060 4886 3374 4939 ὑποτιθέναι
3394 4888 3648 4956 νοήματα
3671 4886 3843 4940 τινῶν
3865 4903 3980 4958 πρα
3996 4915 4009 4925 -

2428 4979 2654 5050 γμόιτων
2687 4978 2847 5050 δῆθεν
2891 4977 3231 5046 ἀναγκαίων·
3260 4976 3537 5041 κινοῦντες
3566 4978 3657 5031 τὸν
3702 4976 3837 5032 νοῦν
3870 4979 4007 5049 πρὸς

2427 5072 2656 5142 ζήτησιν
2689 5070 2893 5134 αὐτῶν,
2937 5069 3027 5123 ἵνα
3070 5068 3257 5139 χυθεὶς
3294 5070 3323 5121 ό
3356 5067 3479 5130 νοῦς
3510 5068 3648 5141 πρὸς
3692 5067 3795 5138 τὴν
3825 5067 4008 5121 αὐτῶν

2415 5164 2663 5232 ἔρευναν,
2692 5162 2937 5233 ἀπολέσῃ
2963 5161 3063 5230 τήν
3084 5160 3396 5231 γλυκύτητα
3416 5162 3516 5229 τῆς
3542 5159 3889 5230 ψαλμῳδίας.
3909 5160 4007 5212 Διά

2413 5255 2467 5307 τί
2494 5257 2560 5307 ἐκ
2591 5255 2861 5324 στόματος
2890 5252 3003 5304 τῶν
3031 5250 3243 5323 νηπίων
3275 5251 3445 5304 ὄντων
3470 5254 3538 5321 τῇ
3560 5249 3732 5321 κακίᾳ
3766 5250 4001 5310 πιστῶν,

2413 5348 2443 5399 ό
2479 5344 2714 5415 Χριστὸς
2750 5343 3069 5415 καταρτίζει
3119 5344 3211 5397 τὸν
3257 5338 3442 5406 αἶνον,
3472 5341 3506 5413 ἦ
3539 5343 3761 5404 πάντως
3793 5341 3884 5395 ἵνα
3912 5340 4005 5395 διὰ

2414 5438 2515 5508 τῆς
2542 5437 2865 5509 ψαλμῳδὶας
2894 5436 3174 5507 καταλύσῃ
3205 5434 3400 5507 ἐχθρὸν
3428 5436 3525 5489 xa‘t
3567 5434 3873 5505 ἐκδικητὴν
3901 5450 4003 5487 τυ-

3103 5610 3143 5640 ¹¹¹
3185 5611 3327 5665 Psal.
3383 5628 3566 5673 χχχιιι,
3619 5611 3677 5665 Ξ.
3753 5612 3801 5643 ¹¹¹
3851 5611 3998 5667 Psal.

3103 5696 3290 5735 .χχιχ.
3334 5683 3384 5735 Si.
3494 5684 3537 5711 ’⁸⁷
3589 5682 3733 5735 l‘sal.
3783 5698 3841 5735 ιι.
3910 5681 3994 5733 ll.

3630 5698 3733 5735 ςαι.
3783 5698 3841 5741 ll.
3910 5698 3966 5733 ‘ll
3985 5722 3994 5731 .

3593 5752 3639 5783 ”
3675 5753 3819 5808 l'sal.
3862 5768 3992 5813 un.

2888 5683 2932 5710 ⁸⁸
2972 5681 3111 5735 Psal.
3145 5696 3290 5741 χχιχ,
3334 5683 3384 5737 Si.

2920 5756 2963 5782 ἠ
3003 5752 3139 5805 Psal.
3174 5767 3354 5817 cum,
3400 5751 3514 5807 ίειό.
