4178 6424
300 349 440 411 1753

1326 372 1652 436 llOMlLIA
1692 380 1802 441 CV.
1840 406 1906 416 -
1937 385 2033 446 DE
2075 390 2534 460 PSALMODIA.

3457 408 3563 472 754

299 475 594 533 ριννοδνῗα
648 475 920 539 μεγάλως.
980 496 998 528 ί
1048 479 1272 552 Ἐχθρδν
1331 487 1428 555 μὲν
1479 491 1587 542 τῶν
1636 494 1847 562 ἀρετῶν

299 557 591 585 ὶυὲ.....-ξ..
649 564 697 585 ξι
754 584 760 585 ,
867 568 879 585 ι
1065 572 1085 585 ι.
1127 573 1180 585 ιι.
1215 577 1228 585 .
1519 583 1561 585 ,_
1647 583 1664 585 _

1977 505 2262 568 psallentis
2284 511 2511 577 perlucc
2527 512 2638 566 alio
2653 512 3012 583 detorquent,
3033 531 3230 585 nempe
3265 515 3334 571 ad
3370 533 3559 574 rerum

297 557 591 628 ἐκδικητὴλ
643 564 698 614 δὲ
752 568 984 632 κακίας,
1057 572 1324 628 διάϐολον.
1381 597 1399 630 ›
1496 583 1704 636 Οὐκοῦν
1777 589 1871 640 καὶ

292 648 458 716 ἡμεῖς
487 654 748 726 ἁπλότητι
792 659 1067 726 αἰνοῦντες
1096 666 1187 716 τὸν
1232 668 1455 739 Κύριον,
1493 677 1872 746 συντρίόωμέν

292 756 364 838 τε
407 744 499 793 καὶ
544 746 911 838 καταλύωμεν
964 754 1030 807 τά
1073 760 1444 830 μηχανήματα
1491 765 1587 817 τοῦ
1625 744 1870 838 Ἐχθροῦ.

297 833 481 929 Ἔστω
509 832 603 890 οὖν
625 839 652 890 6
670 839 880 912 ψαλμὸς
905 851 1153 918 συνεχής.
1177 852 1308 915 Θεὸς
1329 854 1437 925 γὰρ
1466 832 1874 929 ὀνομαζό-μενος

290 927 589 991 φυγαδεὺει
629 931 911 1003 δαίμονας.
958 942 1068 994 Καὶ
1096 944 1257 997 τοῦτο
1286 949 1587 1016 ἀναγκαῖον
1618 953 1868 1022 ὑπομνῆ-

290 1031 384 1066 σαι
420 1017 599 1085 ὑμᾶς,
651 1023 789 1094 ὅπερ
841 1028 1016 1092 οὐδεὶς
1061 1033 1263 1099 ἀγνοεῖ.
1310 1036 1432 1089 Ὅτι
1484 1042 1516 1109 ή
1575 1041 1868 1112 ψάλμῳδία

479 1115 657 1205 κανὼν
687 1114 925 1184 λέγεται.
963 1123 1174 1194 Ὠσπερ
1207 1122 1299 1179 οὖν
1332 1130 1360 1180 6
1388 1107 1630 1202 γεωργός
1795 1134 1868 1205 μὴ

284 1199 364 1267 δῷ
397 1203 478 1264 εἰς
510 1204 734 1276 πλήρεις
770 1211 866 1263 καὶ
895 1213 1058 1266 καλὸν
1090 1215 1180 1267 τὸν
1212 1219 1410 1273 κανόνα
1434 1222 1624 1281 αὑτοῦ.
1654 1225 1733 1287 εἰς
1768 1244 1868 1294 φυ-

283 1289 461 1383 λακὴν
510 1294 868 1368 βληθήσεται,
905 1303 998 1356 καὶ
1033 1309 1323 1374 κρεμᾶται,
1374 1312 1468 1364 καὶ
1492 1313 1728 1383 δέρεται,
1763 1289 1868 1380 ’ἕως

280 1377 345 1435 οὗ
371 1384 554 1454 ἀποδῷ
591 1393 770 1442 πᾶσαν
802 1392 901 1460 τὴν
933 1396 1153 1466 ὀφειλὴν
1182 1402 1370 1454 αὑτοῦ·
1405 1404 1549 1459 οὕτω
1577 1407 1670 1460 καὶ
1700 1411 1728 1462 6
1764 1428 1863 1480 μο-

286 1477 635 1567 ναχὺς,ὃταν
667 1483 917 1557 ἀμελήσῃ
973 1489 1069 1542 τοῦ
1119 1494 1344 1558 κανόνος
1406 1498 1597 1562 αὐτοῦ,
1657 1477 1863 1567 εὐθέως

278 1562 832 1635 ἐγκαταλιμπάνεται
868 1575 972 1628 ὑπὸ
1015 1578 1117 1649 τῆς
1145 1581 1393 1652 χάριτος,
1441 1589 1536 1642 καὶ
1570 1562 1862 1661 παραδίόολ

274 1671 369 1708 ται
401 1661 514 1721 τοῖς
557 1662 773 1732 ἐχθροῖς
805 1669 992 1731 αὐτοῦ,
1046 1674 1139 1725 καὶ
1171 1676 1359 1730 πίπτει
1387 1679 1492 1732 ὑπὸ
1519 1684 1648 1747 τοὺς
1684 1687 1858 1750 πόδας

275 1749 468 1804 αὑτοῦ.
506 1755 612 1806 Καὶ
643 1757 998 1828 ἐπιφέρονται
1043 1767 1190 1836 αὐτῷ
1222 1769 1431 1838 θλίψεις
1461 1775 1676 1839 πολλαὶ,
1715 1777 1856 1831 ὥστε

276 1844 506 1906 κράζειν
534 1847 714 1901 αὐτόν·
749 1868 767 1900 ‹
806 1853 1074 1920 Κύριε,τί
1106 1858 1525 1932 ἐπληθύνθησαν
1559 1869 1610 1920 οἱ
1639 1868 1854 1922 θλίϐον-
1889 1840 1931 1894 Β

271 1936 368 2034 τες
398 1955 503 2034 με,
531 1944 623 1994 καὶ
656 1944 872 2010 λέγουσι
900 1951 965 2019 τῇ
989 1949 1136 2021 ψυχῇ
1164 1971 1289 2021 μου,
1324 1958 1438 2010 Οὐκ
1465 1959 1580 2012 ἔστι
1612 1967 1857 2034 σωτηρία

269 2029 444 2081 αὖτοῦ
473 2033 530 2085 ἐν
555 2034 633 2104 τῷ
657 2036 776 2105 Θεῷ
803 2039 967 2092 αὑτοῦ
994 2058 1039 2106 ;›
1095 2044 1275 2112 Ἀλλὰ,
1312 2066 1330 2098 ι
1362 2049 1513 2118 Ταχὺ
1538 2051 1856 2108 είσάκουσόν

272 2136 401 2188 μου,
425 2123 618 2192 Κύριε,
653 2128 735 2180 ὅτι
776 2129 989 2193 ἐξέλιπε
1015 2134 1076 2185 τὸ
1098 2136 1316 2206 πνεῦμά
1348 2156 1472 2206 μου.
1509 2160 1527 2192 ι
1553 2145 1685 2205 Καὶ,
1713 2166 1742 2196 ι
1762 2149 1852 2217 Μὴ

266 2212 626 2311 άποστρέψῃς
676 2221 737 2272 τὸ
783 2223 1076 2292 πρόσωπόν
1140 2246 1236 2281 σου
1294 2231 1390 2285 ἀπ’
1427 2233 1585 2303 ἐμοῦ,
1639 2238 1728 2291 ἵνα
1777 2212 1853 2311 μή

265 2304 703 2380 ὁμοιωθήσωμαι
729 2317 842 2377 τοῖς
875 2317 1300 2374 καταϐαίνουσιν
1341 2325 1422 2387 είς
1468 2326 1688 2392 λάκκον,
1733 2351 1751 2382 ι
1786 2363 1854 2374 --

272 2399 655 2494 ιδτιέπλήσθη
692 2407 878 2460 κακῶν
907 2409 1100 2480 ήψυχή
1134 2430 1262 2482 μου,
1289 2416 1381 2469 καὶ
1409 2420 1442 2488 ἠ
1485 2419 1598 2491 ζωή
1629 2440 1733 2492 μου
1773 2424 1853 2494 τῷ

264 2489 626 2585 ᾇδῃᾲῆγγισε.
665 2515 684 2548 ι
731 2498 915 2552 Ταῦτα
945 2501 1126 2573 τυχὼν
1159 2505 1345 2578 βοήσει
1387 2511 1523 2580 πρὸς
1558 2489 1767 2585 Κόριον
1796 2489 1854 2570 ἐν

262 2581 345 2650 τῷ
377 2583 655 2640 θλίϐεσθαι
690 2590 910 2660 ἀμελῶν
940 2594 1368 2664 άπαραλείπτως
1390 2602 1482 2655 τὸν
1516 2605 1719 2660 κανόνα
1749 2608 1850 2660 αὑο

262 2674 363 2727 τοῦ
408 2678 699 2737 ἀποδοῦναι
739 2684 818 2755 τῷ
846 2686 983 2755 Θεῷο
1015 2691 1109 2742 καὶ
1154 2693 1218 2743 ὲκ
1257 2697 1712 2767 παραχωρήσεως
1741 2703 1852 2764 τοῖς

264 2769 538 2840 θλιεεροῖς
568 2779 1058 2850 ἐμπαιδευόμενος.
1091 2785 1322 2854 Ἄδηλον
1348 2786 1406 2839 δὲ
1439 2790 1488 2841 εἰ
1531 2789 1849 2856 ἀκούσεται,

266 2883 285 2912 ι
343 2865 432 2916 Ἐν
475 2867 651 2936 θλίψει
713 2872 1031 2926 ὲπεκαλέσω
1081 2893 1171 2942 με,
1196 2876 1292 2929 καὶ
1339 2878 1663 2952 ἐρρυσάμην
1700 2899 1782 2936 σε.
1824 2903 1843 2935 ι

272 2955 439 3009 Ἀλλὰ
488 2958 563 3029 μὴ
600 2961 742 3013 εῖποι
777 2962 948 3034 αὐτῷ,
994 2984 1012 3016 ι
1054 2967 1169 3020 Οὐκ
1197 2964 1318 3022 οἶδά
1364 2986 1448 3022 σε·
1498 2962 1711 3027 άπόστα
1752 2975 1851 3028 ἀπ’

260 3050 423 3121 ιμοῦ,
453 3051 661 3121 ἐργάτα
692 3053 792 3119 τῆς
836 3055 1064 3126 ἀνομίας
1097 3072 1112 3087 ⁸
1144 3076 1162 3108 ι
1198 3059 1280 3111 ὅτι
1329 3061 1430 3113 οὐκ
1474 3061 1714 3133 ἦκουσας
1748 3065 1846 3134 τῆς

1976 596 2194 652 illarum
2242 600 2576 671 indaginem,
2611 612 2672 658 ut
2709 604 2796 658 vel
2828 603 2909 658 sic
2937 605 3067 659 dum
3107 607 3173 660 ad
3204 623 3396 662 earum
3436 625 3556 678 per-

1974 693 2370 748 serutationcm
2415 698 2574 752 anxia
2613 698 2919 762 diducitur,
2956 700 3124 754 totius
3154 702 3347 770 perdat
3374 704 3559 758 dulce-

1973 784 2158 840 dinem
2181 787 2518 856 psalmodiae.
2539 790 2708 861 Cujus
2733 792 2814 845 rei
2837 792 3032 861 gratia,
3051 791 3309 848 Christus
3334 795 3555 851 laudem

1971 893 2038 932 ex
2067 895 2163 932 ore
2201 880 2466 947 lidelium,
2500 884 2596 937 sed
2631 885 2838 940 malitia
2874 886 3231 954 parvulorum
3277 887 3559 955 prodeun-

1972 976 2081 1022 tem
2127 971 2340 1040 perlicit
2395 991 2408 1026 :
2456 982 2552 1027 aut
2609 983 2783 1039 certe,
2834 991 2934 1044 per
2979 976 3352 1045 operatoriam
3394 987 3557 1046 atque

1969 1059 2242 1115 cllieacem
2268 1063 2377 1116 vim
2405 1064 2722 1132 psalmodia:
2742 1065 3028 1120 inimicum
3051 1077 3107 1122 et
3133 1069 3371 1121 ultorem
3402 1084 3536 1138 pror

1971 1168 2068 1206 sus
2099 1154 2367 1216 destruet.
2404 1171 2501 1210 sua
2544 1155 2840 1210 adversum
2887 1175 2988 1212 nos
3037 1161 3328 1230 tyrannide
3365 1177 3558 1230 super-

1971 1241 2094 1295 bius
2125 1245 2569 1300 iusolesccntem.
2609 1264 2626 1297 ι
2664 1246 2956 1300 lnimicmn
2984 1249 3219 1302 dixerim
3260 1251 3552 1316 virtutum,

1970 1334 2202 1387 ultorem
2223 1352 2354 1388 vero
2370 1339 2486 1391 sive
2507 1338 2856 1393 defensorem
2879 1340 3121 1403 malitize,
3147 1341 3428 1395 diabolum
3447 1345 3512 1396 ’⁸.
3529 1363 3548 1395 ι

1971 1424 2182 1495 1195
2220 1426 2331 1480 Nos
2367 1427 2534 1497 igitur
2577 1430 2630 1482 in
2669 1430 2770 1484 hac
2817 1441 3005 1484 nostra
3048 1431 3399 1500 simplicitate
3429 1435 3550 1488 lau-

1966 1517 2128 1572 dibus
2148 1518 2603 1574 eoneelcbrantes
2634 1521 2955 1587 Dominum,
2989 1525 3324 1578 veteratoris
3346 1525 3552 1580 inimici

1963 1610 2372 1664 commentitias
2404 1625 2598 1665 munes
2647 1613 2933 1668 machinas
2979 1624 3352 1679 conteramus,
3387 1632 3549 1686 pror—

1963 1718 2197 1770 sumquc
2250 1702 2636 1756 demoliamur.
2693 1705 2776 1757 Sit
2809 1720 2940 1759 sane
2989 1709 3044 1759 in
3083 1723 3176 1760 ore
3220 1716 3316 1760 tuo
3351 1725 3551 1778 perpes

1962 1811 2025 1848 ae
2052 1795 2201 1864 jugis
2230 1796 2495 1864 psalmus.
2521 1797 2685 1859 Deus,
2713 1797 2843 1850 dum
2872 1799 3198 1852 nominatim
3223 1801 3545 1863 advocatur,

1957 1888 2236 1941 dzelnones
2265 1887 2362 1940 abs
2385 1895 2436 1941 te
2476 1887 2769 1942 submovet
2793 1889 3011 1958 longius
3037 1906 3100 1944 ac
3134 1891 3404 1962 prolligat.
3437 1892 3546 1946 Sed

1957 1988 2014 2033 et
2044 1980 2415 2032 necessarium
2469 1980 2647 2044 vobis,
2709 1989 2768 2035 ut
2817 1981 2969 2035 illius
3021 1999 3282 2037 renovem
3339 2000 3547 2038 memo-

1957 2069 2122 2132 riam,
2150 2068 2295 2137 quod
2327 2069 2531 2136 alioqui
2561 2086 2725 2123 nemo
2759 2082 3005 2125 vestiam
3034 2083 3138 2136 est,
3170 2075 3262 2142 qui
3293 2076 3542 2144 ignoret:

1954 2177 2082 2215 nam
2118 2161 2423 2230 psalmodia
2449 2177 2627 2215 canon
2655 2171 2845 2217 noster
2884 2164 3111 2218 dicitur.
3165 2165 3309 2218 Sane
3352 2181 3546 2236 quem-

1954 2254 2252 2308 admodum
2309 2269 2454 2308 unus
2485 2254 2688 2324 aliquis
2730 2256 2990 2326 agricola,
3039 2257 3143 2312 nisi
3186 2273 3346 2312 suum
3375 2275 3544 2313 cano-

1956 2355 2082 2395 nem
2138 2341 2363 2409 plenum
2420 2357 2484 2396 ac
2525 2342 2731 2396 bonum
2776 2344 3105 2405 reddiderit.
3156 2346 3212 2400 in
3263 2363 3542 2402 carcerem

1943 2433 2272 2506 conjicitur,
2331 2433 2713 2502 suspenditur,
2744 2436 3126 2489 conscinditur
3167 2436 3372 2507 ﬂagris,
3406 2454 3546 2507 quo.

1955 2546 2130 2599 usque
2156 2545 2321 2584 omne
2351 2530 2662 2584 reddiderit
2699 2531 2965 2585 creditori
3002 2532 3272 2596 debitum,
3305 2533 3378 2586 ita
3409 2548 3542 2586 eon-

1955 2621 2128 2691 tinget
2157 2621 2453 2686 monacho,
2485 2637 2611 2675 cum
2641 2637 2744 2690 per
2767 2622 3114 2677 oscitantiam
3148 2625 3251 2678 sibi
3283 2628 3538 2693 praescri-

1953 2721 2109 2782 ptum
2172 2711 2541 2766 transmiserit
2595 2726 2884 2766 eanonem.
2922 2713 2972 2766 ls
3003 2714 3150 2768 enim
3195 2715 3368 2784 gratia
3415 2730 3540 2770 mox

1953 2802 2298 2868 destituitur,
2351 2803 2467 2858 suis
2523 2802 2800 2857 addicitur
2850 2802 3110 2867 inimicis,
3153 2805 3372 2858 illorum
3416 2820 3543 2858 suc-

1952 2898 2166 2955 cumbit
2198 2897 2436 2967 pedibus
2477 2904 2534 2950 et
2561 2898 2939 2966 proculcatur,
2981 2914 3083 2952 nec
3125 2915 3246 2953 una:
3281 2898 3536 2952 alllictio-

1952 3004 2084 3044 num
2117 2988 2371 3058 procellae
2398 2988 2560 3041 talem
2581 2987 2932 3054 adoriuntur,
2957 2990 3029 3044 ita
3065 2999 3125 3043 ut
3158 2989 3535 3045 voeil‘eretur:

1958 3102 1978 3137 ι
2011 3083 2267 3148 Domine,
2299 3080 2434 3151 quid
2467 3083 2815 3152 multiplicati
2845 3093 2976 3140 sunt
3003 3086 3097 3154 qui
3130 3085 3396 3141 tribulant
3424 3100 3534 3151 me,

259 3142 454 3212 φωνῆς
486 3160 614 3211 μου,
648 3145 772 3198 οὐδέ
815 3147 1122 3217 προσέσχες
1152 3163 1266 3218 μοι·
1306 3168 1325 3201 ι
1365 3152 1428 3203 Εἰ
1458 3152 1568 3222 γάρ
1597 3154 1839 3224 ἧκουσάς

1948 3185 1999 3232 et
2020 3173 2218 3228 dicunt
2254 3142 2452 3226 animae
2488 3142 2656 3226 meae?
2695 3170 2814 3227 Non
2845 3183 2930 3228 est
2977 3142 3128 3228 salus
3178 3175 3281 3245 ipsi
3329 3175 3385 3231 in

259 3251 392 3302 μου.
422 3234 480 3288 ἐν
501 3233 582 3304 τῷ
617 3235 806 3306 μηδενὶ
832 3235 900 3291 ἂν
928 3238 1058 3301 τοὺς
1099 3239 1328 3310 ἐχθρούς
1352 3259 1445 3295 σου
1471 3243 1837 3299 ἐταπείνωσα.

256 3326 370 3380 Καὶ
418 3327 512 3380 ἐπὶ
547 3327 674 3390 τοὺς
708 3326 990 3391 θλίϐοντάς
1021 3346 1081 3382 σε
1123 3330 1389 3386 ἐπέϐαλον
1431 3334 1499 3388 ἂν
1538 3334 1640 3404 τὴν
1681 3337 1842 3407 χεῖρά

255 3433 388 3487 μου.
436 3436 456 3469 ι
490 3419 590 3471 Διὰ
622 3417 782 3472 τοῦτο
830 3407 1192 3485 ἐξαπόστειλά
1231 3440 1293 3476 σε
1325 3424 1659 3494 πορεύεσθαι
1698 3429 1842 3482 κατὰ

247 3511 325 3564 τὰ
355 3509 762 3581 ἐπιτηδεύματα
785 3511 888 3582 τῆς
916 3515 1145 3582 καρδίας
1171 3531 1290 3569 σου.
1306 3517 1496 3586 Ἡμεῖς
1511 3516 1567 3572 δὲ
1590 3517 1839 3571 ἀκούσω-

251 3620 360 3674 μεν
391 3603 591 3673 μᾶλλον
627 3607 723 3658 τοῦ
771 3607 989 3660 Παύλου
1018 3606 1290 3676 λέγοντος,
1330 3629 1350 3662 ‹
1403 3610 1462 3662 Ὀ
1493 3610 1664 3679 Λόγος
1691 3613 1836 3664 ἐνοι-

249 3693 424 3748 κείτω
458 3697 517 3749 ἐν
545 3697 676 3767 ὑμῖν
705 3696 999 3763 πλουσίως,
1044 3700 1102 3752 ἐν
1129 3701 1279 3774 πάσῃ
1304 3703 1466 3775 σοφίᾳ
1492 3703 1837 3769 διδάσκοντες

247 3787 354 3840 καὶ
407 3787 784 3854 νουθετοῦντες
830 3792 1062 3856 ἑαυτοὺς
1101 3792 1336 3863 ψαλμοῖς
1377 3799 1472 3849 καὶ
1515 3795 1706 3867 ὕμνοις
1743 3799 1838 3850 καὶ

245 3879 423 3951 ᾠδαῖς
466 3884 890 3952 πνευματικαῖς.
925 3903 944 3933 ι
977 3885 1089 3938 Καὶ
1113 3881 1289 3950 αὖθις,
1336 3905 1354 3938 ι
1386 3887 1656 3951 Ἕκαστος
1681 3889 1835 3959 ὑμῶν

245 3973 470 4044 ψαλμὸν
501 3974 636 4046 ἔχει,
679 3974 900 4046 διδαχὴν
929 3977 1066 4048 ἔχει,
1097 3979 1441 4050 ἀποκάλυψιν
1480 3981 1613 4054 ἔχει.
1650 3983 1836 4038 Πάντα

243 4068 348 4123 οὖν
381 4070 520 4139 πρὸς
557 4070 849 4142 οἰκοδομὴν
879 4073 1135 4141 γινέσθω.
1175 4094 1193 4126 ι
1246 4076 1326 4130 Δι’
1371 4078 1537 4132 αὑτοῦ
1583 4076 1677 4134 οὖν
1705 4082 1836 4137 ἀνα-

246 4160 512 4231 φέρωμεν
540 4162 734 4216 θυσίαν
757 4164 1019 4226 αίνέσεως
1041 4165 1130 4220 διὰ
1159 4168 1362 4232 παντὸς
1397 4169 1476 4240 τῷ
1509 4171 1652 4242 Θεῷ,
1672 4190 1833 4227 τουτο

244 4254 373 4307 ἐστι
401 4255 610 4324 καρπὸν
639 4256 868 4327 χειλέων
897 4257 1308 4326 ὁμολογούντων
1335 4259 1414 4332 τῷ
1458 4262 1683 4332 ὀνόματι
1729 4267 1831 4318 αὐ-

240 4347 368 4402 τοῦ,
404 4348 533 4410 Καὶ,
570 4367 589 4399 ι
630 4348 1032 4420 Παραστήσατε
1077 4349 1149 4403 τὰ
1192 4348 1421 4421 σώματα
1454 4352 1610 4422 ὑμῶν
1640 4355 1832 4409 θυσίαν

243 4440 455 4506 ζῶσαν,
497 4439 679 4508 ἁγίαν,
710 4440 1005 4512 εὐάρεστον
1035 4441 1113 4512 τῷ
1145 4440 1285 4511 Θεῷ,
1326 4443 1428 4512 τὴν
1473 4445 1698 4518 λογικὴν
1740 4448 1834 4502 λαο

1942 3268 2064 3338 cjus
2083 3266 2171 3319 “1'
2199 3283 2217 3316 ο
2235 3262 2508 3319 Caeterum
2534 3281 2549 3317 :
2581 3283 2599 3316 ι
2630 3264 2909 3319 Velociter
2927 3266 3128 3320 exaudi
3150 3283 3258 3332 me,
3279 3269 3531 3333 Domine,

1942 3357 2072 3429 quia
2102 3355 2305 3411 defecit
2351 3354 2582 3427 spiritus
2611 3369 2768 3410 meus
2805 3355 2874 3408 ".
2906 3372 2925 3406 ι
2963 3353 3071 3408 Et:
3115 3373 3134 3407 ι
3169 3355 3248 3410 Ne
3311 3364 3526 3410 avertas

1939 3452 2136 3510 faciem
2167 3459 2318 3504 tuam
2358 3464 2389 3502 a
2412 3464 2523 3513 me,
2555 3457 2619 3503 ut
2647 3463 2716 3503 ne
2749 3447 3026 3504 assimiler
3057 3447 3508 3504 descendentibus

1939 3543 1996 3598 in
2015 3543 2199 3598 lacum
2228 3539 2298 3605 ”,
2329 3557 2348 3590 ο
2375 3565 2447 3579 -
2482 3555 2500 3588 ι
2527 3536 2659 3605 quia
2683 3538 2892 3606 repleta
2914 3546 3000 3591 est
3022 3537 3181 3591 malis
3200 3534 3381 3588 anima
3409 3546 3531 3586 mea

1935 3639 1994 3688 et
2009 3631 2122 3686 vita
2136 3644 2256 3685 mea
2273 3628 2490 3683 inferno
2505 3627 2966 3697 apprOpinquavit
2979 3626 3066 3679 η’.
3082 3643 3100 3675 ›
3129 3623 3190 3678 Et
3217 3624 3330 3678 haec
3346 3622 3532 3692 quivis

1937 3723 2070 3778 dum
2100 3720 2397 3776 alllictione
2419 3720 2660 3790 angitur,
2682 3716 3081 3773 vociferabitur
3103 3714 3172 3770 ad
3203 3713 3525 3770 Dominum.

1936 3814 2043 3880 Qui
2066 3826 2336 3868 eanonem
2357 3809 2566 3880 alioqui
2600 3825 2712 3863 non
2739 3807 3110 3864 omittendum
3136 3806 3366 3876 negligit
3397 3803 3493 3859 red

1936 3907 2069 3962 dere
2108 3906 2241 3969 Deo,
2292 3911 2350 3958 et
2395 3917 2495 3971 per
2550 3901 2657 3956 hoc
2706 3899 2856 3971 quod
2906 3899 2976 3954 ab
3020 3914 3186 3968 opere
3216 3897 3312 3952 Dei
3347 3896 3529 3966 digre-

1935 3995 2088 4050 ditur
2125 4009 2192 4049 ac
2242 3991 2489 4056 secedit,
2540 3989 2901 4044 tribulatione
2957 3986 3248 4058 multiplici
3303 3985 3528 4042 attritus

1933 4086 2222 4151 eruditur;
2258 4084 2532 4138 incertum
2555 4097 2804 4152 prorsus,
2833 4081 2880 4135 si
2912 4079 3108 4134 audire
3144 4077 3279 4132 illud
3310 4091 3529 4148 prome-

1933 4178 2152 4232 rebitur
2187 4192 2201 4228 :
2242 4193 2260 4227 ι
2289 4174 2350 4228 ln
2377 4171 2741 4228 tribulatione
2769 4169 3037 4226 invocasti
3061 4184 3171 4231 me,
3205 4176 3261 4223 et
3292 4167 3525 4222 liberavi

1934 4277 2011 4324 te.
2044 4287 2062 4320 ι
2098 4265 2420 4322 Periculum
2470 4263 2643 4329 enim,
2689 4278 2757 4317 ne
2789 4262 2920 4316 huic
2961 4260 3296 4330 respondeat
3331 4258 3523 4313 Domi-

1933 4377 2041 4416 nus
2068 4378 2082 4415 :
2119 4378 2137 4411 ‹
2169 4360 2290 4415 Non
2317 4357 2448 4412 novi
2477 4365 2551 4422 te,
2577 4355 2804 4411 discede
2837 4371 2868 4408 a
2903 4352 3285 4422 me,operarie
3317 4350 3526 4420 iniqui-

1935 4453 2064 4508 tatis
2109 4451 2189 4516 ";
2219 4467 2238 4500 ι
2270 4447 2399 4518 quia
2440 4463 2555 4502 non
2595 4445 2799 4501 audisti
2829 4460 3021 4500 vocem
3051 4460 3253 4508 meam,
3293 4459 3397 4498 nec
3426 4460 3525 4498 au-

243 4531 440 4602 τρείαν
478 4531 651 4601 ὑμῶν.
688 4549 708 4583 ι
743 4531 884 4600 Φησὶ
917 4532 974 4585 δὲ
1015 4532 1112 4586 καὶ
1141 4535 1170 4586 6
1206 4533 1496 4601 Ἰάκωϐος,
1536 4556 1554 4588 ι
1599 4538 1831 4610 ’Δθυμεῖ

1948 4558 2051 4597 μου]
2091 4538 2455 4596 commodasti
2486 4537 2673 4592 verbis
2708 4535 2846 4591 meis
2877 4553 2890 4588 :
2926 4555 2945 4588 ‹
2985 4535 3040 4588 Si
3085 4534 3234 4589 enim
3270 4535 3523 4590 audisses

239 4641 335 4685 τις
367 4623 427 4675 ἐν
451 4623 579 4691 ὑμῖν
605 4639 621 4689 ;
655 4623 1064 4694 προσευξάσθωο
1093 4625 1321 4697 εὐθυμεῖ
1350 4645 1436 4691 τις
1462 4645 1476 4692 ;
1505 4629 1776 4687 ψαλλέτω.
1803 4652 1824 4686 ι

256 4717 429 4779 Ἀλλ’,
461 4715 650 4786 ὥσπερ
676 4717 925 4787 εἴπομεν,
959 4717 1042 4770 ὅτι
1063 4719 1205 4772 κατὰ
1235 4721 1413 4790 χρέως
1444 4723 1830 4794 ἀπαιτούμεθα

238 4809 349 4876 τὴν
377 4808 733 4878 ψαλμῳδίαν,
787 4810 864 4873 ὡς
920 4811 1122 4863 κανόνα
1168 4810 1630 4881 ἐποφειλόμενον,
1686 4816 1830 4871 οὕτω

241 4902 748 4972 κεχρεωστήκαμεν
787 4901 1018 4970 ἄμωμον
1048 4900 1209 4955 αὑτὸν
1253 4903 1348 4954 καὶ
1390 4902 1622 4958 ἄσπιλον
1655 4924 1828 4977 προσ·

241 4995 460 5064 φέρειν.
485 4993 743 5046 Τουτέστι
761 4992 932 5062 χωρὶς
955 4992 1149 5062 ὀργῆς,
1177 4996 1272 5046 καὶ
1297 4993 1665 5066 διαλογισμῶν
1691 5017 1828 5071 μνη-

243 5083 529 5146 σικακίας.
575 5084 688 5153 Οὐχ
719 5083 919 5149 ὡραῖος
951 5084 1059 5154 γὰρ
1092 5079 1240 5147 αἶνος
1279 5086 1337 5136 ἐν
1379 5085 1612 5155 στόματι
1643 5090 1826 5160 ἁμαρ-

240 5175 444 5231 τωλοῦ.
485 5175 612 5229 Ἐὰν
647 5173 742 5229 οὖν
784 5175 912 5246 ἔχῃς
938 5193 990 5227 τι
1020 5177 1160 5228 κατὰ
1189 5176 1284 5229 τοῦ
1318 5177 1551 5247 ἀδελφοῦ
1585 5196 1703 5245 σου,
1735 5184 1830 5236 καὶ

245 5271 327 5342 μὴ
364 5271 726 5340 συγχωρήσῃς
768 5269 939 5339 αὐτῷ,
996 5271 1056 5322 οὐ
1112 5268 1187 5341 μὴ
1223 5272 1585 5342 προσδεχθείη
1633 5276 1827 5344 ποτὲή

238 5360 536 5431 ψαλμῳδία
575 5377 692 5425 σου,
727 5359 760 5430 ἢ
791 5362 824 5430 ἡ
867 5361 1144 5431 προσευχὴ
1175 5379 1270 5414 σου
1302 5362 1456 5433 καὶὴ
1487 5364 1824 5436 ἐλεημοσύνη

241 5467 367 5515 σου,
429 5451 523 5503 καὶ
577 5452 645 5504 τὰ
698 5451 885 5517 λοιπὰ,
930 5451 966 5506 ὃ,
1004 5451 1179 5515 δοκεῖς
1210 5455 1406 5510 ποιεῖν.
1455 5456 1692 5528 ’Λκούσῃ
1719 5459 1825 5530 γὰρ

242 5544 402 5615 παρὰ
449 5543 543 5596 τοῦ
583 5545 854 5615 Σωτῆρος,
893 5565 911 5596 ι
952 5545 1193 5614 Ὕπαγε,
1240 5547 1460 5616 πρῶτον
1509 5548 1828 5619 διαλλάγηθι

319 5723 368 5753 ⁹³
404 5721 543 5775 Psal.
589 5736 702 5784 vnl,
732 5723 782 5775 5.
858 5723 904 5752 "‘
935 5723 1079 5776 Psal.
1126 5738 1288 5785 xxxv,
1322 5725 1377 5777 9..

1455 5726 1498 5758 ’τ
1535 5726 1674 5780 Psal.
1712 5744 1872 5786 cum,
1906 5730 1955 5781 7.

1932 4651 2043 4700 me,
2069 4648 2171 4704 pro
2211 4629 2390 4686 nihilo
2438 4629 2702 4684 inimicos
2731 4637 2859 4682 tuos
2890 4627 3083 4697 utique
3114 4626 3518 4689 humiliasscm,

1925 4737 1984 4782 et
2009 4741 2179 4795 super
2214 4722 2550 4778 tribulantes
2570 4729 2624 4776 te
2653 4721 2928 4776 misissem
2967 4734 3190 4774 manum
3225 4734 3403 4772 meam
3430 4720 3469 4774 ¹.
3493 4737 3512 4771 ι

1929 4822 2168 4888 Propter
2208 4816 2317 4870 hoc
2347 4815 2488 4886 ejeci
2540 4825 2616 4880 te,
2654 4823 2717 4868 ut
2761 4828 2858 4868 eas
2902 4810 3212 4867 secundum
3249 4810 3518 4864 adiuven-

1930 4912 2111 4966 tiones
2134 4908 2324 4964 cordis
2348 4909 2450 4963 tui.
2483 4907 2596 4963 Nos
2625 4921 2760 4962 vero
2791 4905 3024 4960 Paulum
3051 4904 3226 4974 magis
3251 4902 3520 4957 exaudia-

1926 5019 2051 5058 mus
2087 5002 2368 5056 dicentem
2418 5018 2433 5055 :
2498 4999 2792 5055 «Verbum
2840 4998 2938 5052 Dei
2990 4995 3205 5051 habitet
3253 4996 3312 5051 in
3363 4994 3519 5048 vobis

1924 5095 2297 5160 abundanter,
2334 5094 2390 5164 i_n
2421 5093 2574 5147 omni
2619 5091 2895 5161 sapientia
2925 5090 3194 5145 docentes
3227 5097 3285 5143 et
3322 5087 3516 5142 admo-

1926 5195 2127 5241 nentes
2145 5184 2518 5254 vosmetipsos
2548 5182 2605 5236 in
2650 5182 2878 5252 psalmis
2903 5191 2961 5236 et
2993 5180 3227 5236 canticis
3256 5178 3518 5248 spiritua-

1925 5279 2079 5334 libus
2126 5282 2168 5333 ’.
2202 5299 2221 5331 ι
2276 5279 2493 5332 Rursus
2531 5293 2544 5328 :
2587 5294 2605 5328 ι
2645 5275 3040 5345 Unusquisque
3089 5282 3338 5328 vestrum
3367 5271 3515 5342 psal-

1932 5387 2082 5426 mum
2104 5371 2292 5435 habet,
2317 5367 2627 5424 doctrinam
2677 5367 2866 5431 habet,
2902 5363 3276 5436 apocalypsim
3315 5363 3514 5426 habet;

1941 5464 2126 5519 omnia
2165 5464 2334 5534 igitur
2386 5462 2453 5516 ad
2500 5459 2927 5515 mdilicationem
2960 5460 3159 5514 liant‘.
3202 5478 3220 5511 ι
3275 5458 3357 5512 0b
3402 5456 3509 5509 hoc

1934 5569 2067 5609 sane
2104 5554 2216 5609 Deo
2247 5553 2399 5608 nullo
2430 5567 2543 5606 non
2595 5558 2846 5621 tempore
2900 5550 3261 5606 exhibeamus
3304 5545 3516 5601 sacriﬁ-

2983 5731 3027 5759 π’
3063 5728 3199 5782 l’sal.
3253 5743 3383 5795 xvtt,
3442 5729 3501 5784 7.

2034 5731 2081 5764 °'
2119 5731 2232 5786 ibid
2299 5737 2358 5763 ‘-""
2397 5730 2539 5785 νέοι.
2579 5745 2820 5787 Luxvu.
2856 5729 2907 5781 ί.

245 5795 260 5824 ¹
299 5793 445 5850 l‘sal.
489 5806 651 5858 Lux,
705 5792 792 5847 15.
871 5793 890 5822 ²
932 5793 1144 5848 Coloss.
1189 5811 1268 5859 tu,
1315 5797 1399 5850 l6.
1481 5797 1500 5827 ³
1541 5797 1558 5849 l
1607 5797 1732 5850 Cor.
1781 5815 1887 5857 MV.
1923 5803 2011 5854 2:5.
