4178 6424
716 381 857 447 1755
1976 389 2343 449 ANTIOCHI
2384 389 2733 449 MONACIII
3841 381 3979 443 1753

700 490 848 543 cium
893 488 1074 543 laudis
1104 509 1115 541 :
1152 491 1258 546 hoc
1284 502 1389 557 cst,
1427 493 1672 548 fructum
1710 494 1987 549 lahiorum
2011 497 2285 550 contitcn-

2396 495 2462 565 τῷ
2485 493 2696 563 ἀδελφῷ
2729 509 2847 559 σου,
2880 490 2975 543 καὶ
3004 489 3125 543 τότε
3178 488 3352 543 ἐλθὼν
3387 488 3665 558 πρόσφερε
3703 489 3766 540 τὸ
3806 488 3978 556 δῶρόν

702 583 841 634 tium
867 583 1081 635 nomini
1110 583 1305 652 ipsius,
1327 594 1381 638 et
1421 602 1434 637 :
1467 604 1485 636 ι
1524 586 1793 642 Exhibete
1824 603 2060 659 corpora
2091 597 2276 643 vestra

2396 606 2502 641 mu.
2540 608 2557 639 ι
2596 584 2758 640 Γενοῢ
2802 589 2859 637 ἐν
2889 588 2953 654 τῇ
2980 583 3276 653 ψαλμῳόίᾳ
3314 600 3409 635 σου
3450 581 3678 644 ἄκακος,
3712 582 3813 633 καὶ
3842 580 3975 633 άκὲ-

704 673 943 725 hostiam
993 674 1289 738 viventem,
1324 686 1592 741 sanctam,
1635 678 2087 749 bcncplaeentem
2148 680 2281 743 Deo,

2396 697 2554 749 σαιος,
2601 679 2675 741 ὡς
2711 681 2759 732 οί
2793 678 2981 738 παῖδες
3014 674 3121 727 τῶν
3160 675 3450 744 Ἐϐραίων,
3496 674 3693 733 οἵτινες
3729 672 3977 739 ὑπήντη-

704 763 1038 818 rationabile
1085 767 1413 834 obsequium
1454 781 1702 821 vesnum
1754 770 1795 823 ⁵.
1834 790 1850 821 ι
1894 773 1982 824 Ait
2016 782 2196 824 autem
2232 778 2287 822 ct

2396 790 2484 825 παν
2513 772 2591 840 τῷ
2626 770 2812 839 Κυρίῳ
2876 770 3011 837 μετὰ
3057 768 3267 820 κλάδων
3310 767 3405 817 καὶ
3454 766 3656 835 βαῖων,
3696 763 3975 828 λέγοντες,

701 852 976 909 Jacobus:
1002 857 1313 911 «Tristatur
1336 859 1461 928 quis
1492 862 1545 912 in
1564 862 1761 915 vobas?
1789 873 1910 916 oret
1938 884 1951 927 ,
1980 877 2138 930 aequo
2166 861 2288 913 ani-

2396 882 2412 914 ι
2458 863 2688 915 Ὡσαννὰ
2712 864 2769 915 ὲν
2789 864 2901 923 τοῖς
2933 861 3176 930 ὑψίστοις
3197 876 3210 889 ·
3240 858 3609 926 εὐλογημένος
3626 857 3654 906 ὁ
3678 854 3972 923 ἐρχόμενος

708 962 797 999 mo
817 957 902 1001 est
925 950 1092 1017 quis?
1113 953 1354 1017 psallat“.
1371 971 1387 1001 ν
1406 951 1606 1006 Vertnn
1628 965 1688 1008 ut
1706 955 1968 1016 diximus,
1989 956 2115 1023 quia
2146 953 2291 1007 sicut

2396 959 2445 1008 ὲν
2475 956 2703 1025 ὀνόματι
2737 955 2965 1025 Κυρίου.
3008 972 3025 1003 ι
3060 949 3218 1020 Α.)τῷ
3265 952 3298 1019 ἡ
3329 950 3455 1013 δόξα
3486 954 3561 1009 τές
3588 947 3715 1008 τοὺς
3749 945 3975 1005 αὲῶνας.

705 1054 772 1091 ex
798 1040 985 1095 debito
1013 1045 1311 1112 repetimus
1331 1047 1716 1115 psalmodiam,
1738 1059 1758 1100 t
1778 1065 1998 1117 mquam
2024 1064 2293 1103 cauonem
2404 1049 2599 1117 ’Λμήν.

708 1128 979 1198 debitum,
1009 1134 1080 1188 ita
1118 1136 1264 1189 illam
1299 1138 1598 1191 debuimus
1666 1142 2213 1208 irrcprclnnsibilem
2248 1142 2695 1210 im-ulpatamque
2736 1139 2940 1193 oll‘erre
2974 1158 2981 1187 2
3023 1138 3128 1190 hoc
3167 1142 3252 1186 (ενι
3278 1175 3292 1197 ,
3359 1133 3501 1186 citra
3575 1135 3715 1184 itam
3768 1128 3978 1195 cogita-

712 1222 1000 1292 tionesque
1036 1239 1275 1297 acccptm
1300 1232 1467 1284 ullius
1494 1232 1709 1301 ii'jtri'e
1745 1252 1757 1283 :
1804 1250 1983 1302 neque
2007 1236 2156 1288 enim
2191 1235 2440 1304 speciosa
2481 1233 2598 1287 laus
2649 1241 2735 1286 est
2798 1232 2853 1285 in
2895 1246 2990 1283 ore
3047 1227 3357 1298 peccatoris
3375 1228 3415 1279 ⁸.
3443 1222 3600 1289 Ωιιυά
3630 1222 3678 1275 si
3710 1222 3983 1274 ad\'0r5|15

711 1313 939 1368 fratrem
981 1328 1135 1372 tuum
1180 1322 1459 1390 quidpiam
1513 1324 1797 1390 habueris,
1872 1326 2088 1397 1193
2134 1341 2238 1379 nec
2300 1342 2330 1379 c
2389 1343 2455 1378 cx
2514 1325 2702 1377 :nimo
2752 1322 3076 1384 indulseris,
3140 1333 3423 1389 nunquam
3477 1327 3570 1369 tua
3614 1313 3983 1382 acceptabilis

714 1409 883 1466 fuerit
935 1413 1016 1466 vel
1059 1416 1384 1481 psalmodia,
1416 1416 1499 1469 vel
1535 1417 1737 1481 oratio,
1772 1418 1890 1471 sive
1924 1420 2293 1489 eleemosyna,
2332 1430 2388 1472 et
2430 1427 2626 1474 cmtera
2698 1415 2969 1486 ejusmodi
3027 1430 3151 1483 qua:
3195 1425 3246 1467 te
3316 1412 3501 1467 credis
3539 1410 3684 1463 bona
3734 1408 3978 1461 efliccre.

712 1505 859 1559 Voce
892 1506 1041 1558 enim
1078 1505 1377 1559 Salvatoris
1408 1508 1604 1561 atnlies
1626 1509 1731 1563 dici
1760 1510 1891 1563 tibi:
1919 1530 1935 1561 ε
1966 1511 2113 1563 Vade
2167 1510 2321 1578 prius
2360 1509 2708 1564 reconciliari
2735 1507 2895 1561 fratri
2957 1516 3073 1569 tuo,
3102 1516 3159 1559 et
3191 1516 3323 1559 tune
3343 1505 3576 1559 veniens
3602 1506 3747 1557 otler
3780 1506 3982 1555 munus

714 1598 933 1649 tuum".
966 1597 1240 1650 il'salmos
1265 1606 1388 1653 tuos
1418 1600 1550 1653 dum
1584 1604 1857 1664 concinis,
1884 1604 2149 1655 innocens
2179 1611 2301 1655 esto
2339 1612 2396 1655 et
2436 1603 2689 1671 simplex,
2733 1610 2793 1655 ut
2824 1602 2899 1655 illi
2972 1601 3330 1654 llelurzcorum
3372 1598 3553 1665 pueri,
3599 1598 3697 1667 qui
3754 1595 3981 1666 quidem

712 1687 945 1741 Domino
976 1701 1340 1743 mrr-urre:unt
1377 1709 1499 1746 cum
1543 1694 1711 1746 ramis
1748 1704 1799 1747 et
1838 1696 2085 1763 psalmis,
2120 1695 2410 1748 dicentes:
2440 1713 2458 1745 ι
2497 1693 2753 1748 llosanna
2790 1694 2846 1748 in
2881 1692 3170 1747 altissimis
3213 1688 3582 1744 :bencdietus
3610 1689 3708 1758 qui
3741 1689 3900 1742 venit
3927 1688 3979 1742 in

715 1783 934 1835 nomine
964 1781 1182 1835 Domini
1216 1785 1257 1836 ⁸.
1302 1802 1318 1833 δ
1372 1781 1480 1853 Ipsi
1521 1784 1693 1852 gloria
1732 1783 1785 1837 in
1825 1787 2050 1841 saecula.
2086 1785 2289 1840 Amen.

1275 1916 1561 1972 IIOMILIA
1587 1917 1723 1972 CVI.

1308 2030 1387 2083 De
1427 2034 1691 2087 oratione.

782 2142 989 2197 Vacare
1029 2143 1266 2195 orationi
1299 2143 1574 2197 iudivulsc
1601 2160 1665 2198 ac
1690 2144 1895 2213 jugitcr
1929 2159 2055 2198 cum
2091 2144 2291 2213 primis

712 2234 1085 2287 necessarium
1118 2240 1176 2287 ct
1224 2234 1385 2285 nobis
1419 2250 1685 2301 perquam
1726 2234 2051 2303 frugiferum
2108 2244 2211 2287 est.
2246 2236 2291 2287 A

710 2326 825 2378 Deo
862 2327 1033 2396 igitur
1058 2335 1113 2378 et
1139 2324 1301 2378 l’atre
1326 2326 1540 2377 Domini
1568 2326 1742 2378 nostri
1768 2326 1895 2379 .lcsu
1921 2327 2289 2395 postulemus.

711 2415 871 2469 nobis
920 2424 980 2469 ut
1030 2415 1317 2485 impertiat
1348 2413 1765 2481 intelligentiam
1793 2414 2159 2483 spiritualem,
2185 2431 2295 2484 qua

710 2507 880 2559 veluti
905 2507 1290 2561 conciliatrice
1307 2516 1365 2560 et
1394 2507 1588 2559 attenti
1615 2507 1789 2561 simus
1804 2517 1860 2560 et
1883 2506 2202 2574 pervigiles,
2224 2507 2294 2560 ab

711 2599 830 2665 ipso
848 2608 907 2650 ut
923 2599 1204 2667 postulare
1223 2600 1541 2653 noverimus
1555 2599 1674 2665 ejus
1690 2600 2035 2653 voluntatem
2061 2600 2113 2651 in
2133 2600 2296 2654 nobis

712 2691 851 2743 fieri.
876 2691 1232 2758 Spiritualem
1256 2692 1434 2745 lucem
1456 2707 1576 2760 qua:
1591 2707 1721 2745 vera
1742 2700 1826 2745 est
1844 2693 1957 2753 lux,
1979 2708 2099 2758 qua:
2123 2702 2179 2745 et
2194 2711 2210 2741 ι
2234 2693 2298 2745 il—

710 2781 945 2837 luminat
969 2798 1192 2835 onmem
1236 2783 1512 2835 hominem
1538 2782 1854 2837 vcnicntcm
1883 2783 1937 2835 in
1968 2784 2113 2836 hunc
2142 2798 2299 2835 unm-

709 2874 841 2927 dmn
872 2876 915 2939 ’,
939 2894 957 2925 ι
991 2875 1155 2944 jussit
1196 2874 1311 2943 ipse
1354 2883 1415 2928 ut
1460 2884 1777 2944 peteremus
1808 2875 1963 2927 nobis
1996 2874 2295 2943 indulgeri.

709 2965 938 3029 Quando
957 2966 1535 3033 igitursacrosauctam
1548 2975 1604 3020 ct
1621 2967 1784 3020 unius
1800 2967 2155 3036 ejusdemque
2169 2964 2299 3018 sub—

712 3058 927 3111 stantia:
954 3060 1274 3112 invocamus
1311 3058 1664 3121 Trinitatem,
1698 3059 2025 3113 eastissimis
2069 3056 2298 3126 quidem

694 3148 1055 3211 .orationibus
1069 3156 1126 3204 ct
1146 3165 1265 3219 qua:
1290 3150 1430 3204 nihil
1449 3150 1712 3204 insinceri
1728 3150 1960 3203 habeant
1976 3149 2297 3209 admistutn,

2993 1921 3216 1975 ΛΟΓΟΣ
3244 1922 3383 1988 ιιςν.

2908 2034 3048 2104 Περὶ
3081 2032 3454 2102 προσευχῆς.

2460 2144 2536 2199 Τὸ
2570 2144 2853 2217 σχολάζειν
2883 2147 2949 2214 τῇ
2980 2142 3312 2213 ἀδιαλείπτῳ
3326 2145 3627 2213 προσευχῇ,
3671 2143 3977 2209 ἀναγκαῖον

2391 2236 2488 2289 καὶ
2536 2236 2817 2305 ὲπωφελὲς
2868 2236 2999 2305 ἡμῖν
3047 2236 3308 2306 ὑπάρχει.
3368 2235 3697 2303 Λίτήσωμεν
3741 2229 3842 2286 οὖν
3890 2234 3978 2286 τὸν

2393 2329 2525 2383 Θεὸν
2559 2330 2657 2381 καὶ
2690 2329 2914 2399 Πατέρα
2949 2329 3043 2381 τοῦ
3076 2330 3285 2399 Κυρίου
3316 2329 3477 2398 ἡμῶν
3516 2328 3696 2397 Ἰησοῦ
3728 2327 3974 2398 Χριστοῦ

2392 2420 2577 2474 δοῦναι
2629 2423 2763 2491 ἡμῖν
2815 2421 3029 2473 σύνεσιν
3072 2423 3489 2490 πνευματικήν·
3556 2421 3699 2473 ὥστε
3782 2421 3974 2489 νήφειν

2395 2518 2488 2569 καὶ
2536 2515 2918 2587 ἐγρηγορέναι,
2949 2511 3045 2565 τοῦ
3092 2514 3265 2565 αἰτεῖν
3301 2513 3430 2581 παρ’
3459 2510 3626 2565 αὑτοῦ
3668 2511 3728 2564 τὸ
3759 2510 3975 2579 θέλημα

2395 2603 2561 2657 αὑτοῦ
2609 2603 2865 2672 γενέσθαι
2918 2604 2976 2653 ὲν
3020 2603 3175 2671 ἡμῖν.
3238 2601 3408 2653 Τοῦτο
3447 2600 3557 2671 γὰρ
3603 2600 3737 2654 αὑτὸ
3784 2600 3813 2652 ὁ
3843 2599 3977 2661 Θεὸς

2398 2695 2491 2747 καὶ
2525 2694 2715 2765 Σωτὴρ
2745 2694 2903 2763 ἡμῶν
2936 2692 2998 2745 τὸ
3023 2692 3397 2762 πνευματικὸν
3425 2693 3542 2761 φῶς
3572 2693 3633 2745 τὸ
3657 2693 3717 2745 ὃν
3750 2693 3816 2745 τὸ
3842 2694 3976 2761 ἁλη·

2398 2785 2576 2848 θινὸν,
2624 2802 2642 2836 ι
2685 2785 2711 2835 ὃ
2758 2783 2986 2852 φωτίζει
3034 2782 3213 2835 πάντα
3242 2783 3532 2853 ἄνθρωπον
3566 2782 3868 2853 ἐρχόμενον
3899 2786 3980 2846 εἰς

2397 2878 2488 2927 τὸν
2517 2874 2744 2943 κόσμον,
2776 2892 2794 2925 ι
2840 2873 3145 2926 ἐνετείλατο
3171 2876 3305 2944 ἡμῖν
3334 2876 3529 2928 αἰτεῖν.
3562 2875 3693 2926 Ὅτε
3724 2871 3825 2926 οὖν
3857 2875 3975 2926 ὲπι·

2399 2967 2716 3037 καλούμεθα
2767 2967 2866 3035 τὴν
2914 2968 3075 3033 ἁγίαν
3125 2968 3219 3021 καὶ
3260 2967 3549 3037 όμοοὺσιον
3585 2968 3804 3038 Τριάδα
3848 2986 3980 3020 παν-

2400 3058 2578 3123 αγίοις
2629 3057 2727 3126 μὲν
2779 3056 3003 3125 εὐχαῖς,
3066 3056 3453 3128 άνεπιθολώτῳ
3493 3059 3551 3111 δὲ
3598 3060 3711 3130 νῷ,
3770 3060 3867 3112 καὶ
3914 3063 3978 3129 τῇ

2402 3149 2542 3221 πρὸς
2579 3149 2731 3201 θείαν
2775 3148 2969 3200 ἕνωσιν
3012 3149 3443 3220 ἐπιτηδειότητι,
3501 3150 3624 3203 τότε
3675 3152 3773 3203 καὶ⁵
3818 3152 3980 3222 ἡμεῖς

714 3248 900 3294 mente
941 3254 1073 3294 vero
1109 3241 1335 3295 minime
1384 3240 1727 3304 turbulenta,
1780 3236 1948 3308 atque
1998 3239 2284 3308 aptissima

2396 3242 2548 3296 ιιιὺτολ⁴
2588 3241 2872 3313 πάρεσμεν
2893 3282 2908 3306 ,
2960 3241 3054 3294 καὶ
3092 3242 3565 3311 άντιλαμϐάνομεν
3598 3244 3663 3296 τά
3693 3244 3983 3313 πανάρετα

715 3330 918 3383 unione
964 3330 1032 3385 ad
1082 3331 1325 3385 divinam
1375 3332 1900 3401 contemplationem
1952 3337 2132 3385 :tuuc
2180 3344 2291 3384 nos

714 3421 886 3474 beatae
923 3421 1183 3476 Trinitati
1218 3424 1447 3493 propius
1488 3423 1867 3494 adjungimur,
1927 3431 1983 3477 et
2025 3438 2126 3492 pro
2154 3438 2292 3491 qua-

714 3510 973 3581 licunque
997 3512 1187 3567 labore
1209 3514 1352 3568 dona
1387 3513 1687 3583 recipimus
1714 3514 2020 3583 omnigenm
2046 3512 2291 3577 virtutis,

714 3618 838 3671 quae
867 3619 967 3658 nos
992 3619 1123 3675 erga
1157 3606 1303 3659 illam
1330 3605 1503 3660 solide
1533 3620 1598 3659 ae
1626 3605 1904 3660 stabiliter
1940 3604 2289 3658 confirment.

714 3693 903 3749 Oratio
941 3704 1169 3750 caeteras
1198 3697 1432 3751 virtutes
1462 3696 1621 3751 facile
1650 3695 2056 3766 antegreditur,
2092 3697 2137 3749 si
2178 3710 2295 3748 mo-

717 3786 789 3839 do
833 3803 929 3840 sua
958 3787 1114 3842 illimi
1142 3789 1382 3857 puritate
1416 3791 1530 3844 Deo
1553 3790 1913 3861 propinquat.
1946 3790 2089 3845 Sane
2116 3790 2294 3845 oratio

720 3880 1166 3935 mansuetudinis
1212 3890 1269 3935 et
1309 3882 1676 3938 inirasceutim
1712 3898 1959 3953 germen.
1994 3882 2184 3938 Oratio
2212 3891 2297 3937 est

717 3978 775 4022 ct
809 3971 987 4037 gaudii
1015 3980 1072 4027 et
1104 3976 1403 4042 gratiarum
1437 3975 1673 4029 actionis
1714 3975 1950 4029 tutelare
1985 3990 2299 4045 prOpugua-

719 4061 927 4126 culum,
964 4063 1200 4118 trisdtize
1231 4079 1361 4119 vero
1402 4073 1456 4119 et
1482 4066 1954 4134 pusillanimitatis
1993 4067 2295 4119 amuletum

722 4161 1179 4217 pnesentaneum.
1215 4152 1368 4207 Mens
1398 4152 1571 4221 igitur
1608 4153 1989 4222 componenda
2041 4162 2126 4207 est
2164 4168 2296 4207 ora-

721 4242 889 4294 tionis
937 4253 1200 4310 tcmpore,
1250 4253 1307 4299 et
1340 4244 1712 4300 conﬁrmanda
1765 4253 1823 4298 ut
1868 4262 1938 4300 ne
1975 4247 2297 4314 obstrepera

721 4334 793 4386 sit
821 4344 917 4387 aut
936 4349 1121 4389 secum
1150 4337 1517 4391 tumultuetur
1534 4346 1591 4393 et
1623 4338 1933 4392 insusurret
1955 4354 1970 4392 :
1992 4345 2123 4393 tunc
2146 4339 2294 4392 enim

721 4429 927 4496 poterit
965 4430 1091 4498 quis
1132 4430 1426 4484 sinceriter
1456 4445 1638 4485 orare.
1671 4429 1882 4496 Oratio,
1914 4430 2184 4485 familiare
2212 4438 2298 4485 est

2387 3335 2537 3404 δῶρα
2583 3333 2650 3387 τά
2695 3333 2824 3402 περὶ
2866 3332 3037 3402 αὐτὴν
3086 3333 3383 3402 ἱδρυμένα,
3439 3334 3473 3404 ἡ
3515 3334 3797 3404 προσευχὴ
3844 3334 3979 3403 ὑψη-

2388 3424 2584 3495 λοτέρα
2635 3422 2895 3492 τυγχάνει
2952 3423 3143 3476 πασῶν
3179 3423 3287 3475 τῶν
3324 3423 3812 3493 άρετῶν,καθαρά
3842 3419 3977 3477 οὖσα

2390 3516 2487 3570 καὶ
2517 3516 2637 3587 Θεῷ
2666 3516 2961 3584 ὲγγίζουσα
2981 3533 2995 3547 ο
3023 3515 3318 3586 προσευχὴ
3348 3516 3458 3585 γάρ
3489 3517 3627 3579 ἐστι,
3664 3516 3983 3586 πραότητος

2391 3608 2487 3661 καὶ
2539 3608 2842 3679 ἀοργησίας
2898 3606 3231 3677 βλάστημα,
3299 3608 3577 3679 προσευχὴ
3630 3609 3777 3671 ἐστι,
3805 3610 3985 3678 χαρᾶς

2397 3698 2491 3750 καὶ
2534 3697 2887 3767 εὐχαριστίας
2922 3696 3249 3767 πρόϐλημα,
3309 3697 3557 3768 ἀλέξημα
3583 3698 3640 3751 δὲ
3668 3697 3857 3769 λύπης
3891 3700 3986 3752 καὶ

2392 3790 2649 3860 ἀθυμίας.
2704 3790 2826 3861 Χρὴ
2857 3786 2954 3843 οὖν
2987 3790 3185 3859 στῆσαι
3215 3789 3310 3842 τὸν
3338 3789 3464 3843 νοῦν
3493 3790 3639 3844 κατὰ
3667 3790 3760 3845 τὸν
3788 3791 3986 3863 καιρὸν

2391 3881 2492 3950 τῆς
2528 3881 2729 3950 εὐχῆς,
2782 3880 2879 3934 καὶ
2936 3880 3122 3952 φωνὴν
3172 3880 3402 3933 ἄλαλον·
3457 3881 3579 3935 τότε
3623 3881 3859 3936 δύναταί
3901 3900 3985 3946 τις

2396 3970 2829 4040 προσεύξασθαι.
2850 3970 2913 4024 Ἦ
2936 3971 3047 4041 γὰρ
3071 3971 3351 4041 προσευχὴ
3378 3971 3568 4041 ὁμιλία
3594 3972 3712 4025 ἐστὶ
3732 3973 3879 4043 πρὸς
3894 3974 3985 4026 τὸν

2394 4060 2549 4115 Θεόν.
2599 4059 2767 4125 Ποίας
2810 4055 2904 4115 οὗν
2948 4061 3121 4113 δεῖται
3169 4061 3198 4112 ό
3240 4060 3367 4122 νοῦς
3408 4063 3849 4129 καταστάσεως,
3897 4066 3985 4117 ἵνα

2393 4153 2597 4225 δυνηθῇ
2669 4155 2882 4224 ὁμιλεῖν
2938 4152 3017 4224 τῷ
3053 4154 3170 4224 ἰδίῳ
3201 4155 3446 4226 Δεσπότῃ
3485 4155 3715 4226 μηδενὸς
3748 4154 3982 4225 sparteol-

2396 4243 2580 4307 ζοντος
2614 4242 2725 4295 τῶν
2761 4242 2929 4310 ξένων
2960 4242 3279 4314 λογισμῶν;
3337 4246 3369 4314 ἡ
3425 4230 3565 4313 μετὰ
3602 4244 3843 4308 πένθους
3892 4248 3985 4299 καὶ

2395 4334 2454 4385 ἐν
2500 4331 2775 4403 πνεύματι
2822 4332 3141 4404 προσευχὴ,
3199 4332 3375 4405 τροφὴ
3435 4332 3527 4386 τοὺ
3571 4332 3666 4386 νοῦ
3713 4334 3981 4404 ὑπάρχει,

2396 4423 2586 4494 ὥσπερ
2638 4425 2667 4476 ὁ
2710 4423 2875 4496 ἄρτος
2924 4422 3021 4476 τοῦ
3063 4423 3338 4494 σώματος.
3391 4424 3681 4493 Μακάριος
3706 4419 3809 4478 οὖν
3837 4427 3985 4479 ἐστιν

722 4521 925 4576 mentis
961 4537 1084 4576 cum
1127 4522 1238 4576 Deo
1267 4523 1604 4592 colloquium
1643 4523 1667 4574 ε’
1693 4538 1804 4591 quo
1844 4522 2014 4592 igitur
2060 4522 2116 4577 in
2148 4531 2291 4576 statu

2398 4518 2426 4569 ό
2454 4516 2611 4582 νοῦς,
2664 4515 2724 4579 ὃς
2773 4516 2916 4568 κατὰ
2959 4515 3054 4568 τὸν
3089 4516 3281 4585 καιρὸν
3311 4515 3411 4585 τῆς
3439 4514 3757 4585 προσευχῆς
3783 4517 3984 4587 ἀπερι-

721 4625 949 4666 ncccsse
978 4621 1065 4666 est
1110 4622 1170 4665 ut
1210 4628 1268 4667 se
1321 4629 1475 4667 meus
1531 4613 1887 4668 constabiliat
1935 4622 1991 4668 et
2038 4614 2293 4678 adornet,

721 4688 801 4755 sic
827 4700 1172 4755 familiariter
1196 4717 1321 4755 cum
1355 4703 1584 4771 proprio
1614 4703 1849 4756 Domino
1884 4717 2246 4772 congressum
2271 4703 2296 4756 ?

720 4794 993 4848 Nimirum
1050 4794 1097 4848 si
1148 4794 1286 4848 nihil
1338 4809 1459 4848 eam
1526 4794 1893 4864 interpellarit
1937 4804 2292 4849 externarum

722 4886 1138 4955 cogitationum.
1170 4885 1358 4941 Oratio
1407 4901 1535 4941 cum
1586 4886 1739 4940 luctu
1777 4886 2071 4956 conjuncta
2115 4896 2173 4941 et
2225 4886 2294 4941 ad

723 4975 894 5027 Deum
932 4974 1105 5028 eﬂ‘usa
1142 4975 1198 5028 iu
1249 4975 1469 5046 spiritu,
1499 4975 1764 5029 alimonia
1789 4975 1990 5031 mentis
2016 4984 2121 5041 est,
2151 4975 2295 5030 haud

722 5082 881 5122 secus
908 5083 972 5121 ac
1014 5068 1174 5137 panis
1201 5069 1438 5137 corpori.
1472 5067 1635 5122 Beata
1682 5083 1814 5123 sane
1849 5084 2012 5123 mens
2042 5068 2133 5123 cui
2160 5076 2301 5121 tem-

725 5175 861 5228 pore
887 5160 1159 5214 orationis
1179 5160 1365 5215 datum
1386 5168 1493 5224 est,
1525 5161 1691 5215 nullis
1723 5175 1782 5215 se
1804 5160 2296 5231 interpellantibus

727 5249 963 5303 remoris
991 5250 1164 5305 Deum
1196 5267 1359 5320 posse
1401 5251 1626 5319 alloqui.
1664 5251 1816 5307 Talis
1847 5252 2082 5322 perinde
2110 5268 2168 5307 se
2196 5252 2297 5306 ha-

728 5338 843 5401 ln-t,
876 5348 937 5393 ut
969 5338 1167 5408 aquila:
1216 5341 1422 5410 pullus,
1459 5339 1591 5395 dum
1631 5356 1753 5396 sese
1785 5342 1841 5396 in
1871 5341 2104 5396 sublime
2133 5342 2299 5395 attol-

731 5430 815 5486 lit.
837 5430 975 5485 Tota
1007 5434 1153 5486 enim
1176 5432 1319 5488 felici
1351 5450 1553 5503 nempe
1588 5449 1650 5489 ac
1679 5433 1865 5488 divina
1892 5434 2301 5505 permutatione

731 5538 762 5576 a
804 5537 864 5576 se
914 5522 1177 5589 alienata,
1231 5525 1454 5581 radioso
1494 5525 1788 5595 splendore
1839 5525 2181 5580 intermicat.
2216 5524 2298 5579 Ad

733 5613 1042 5669 orationem
1087 5615 1221 5672 dum
1262 5616 1651 5684 consistemus,
1685 5632 1785 5673 ceu
1814 5618 2140 5689 prtedictum
2179 5626 2299 5685 est;

803 5770 830 5806 ⁸
865 5771 1023 5829 liciti.
1056 5790 1148 5839 xu,
1183 5775 1227 5831 Ι.

2401 4608 2659 4672 σπάστως
2687 4606 2767 4677 τῷ
2793 4606 2912 4678 Θεῷ
2938 4607 3284 4677 προσομιλεῖ.
3313 4606 3371 4659 Ὀ
3396 4606 3640 4669 τοιοῦτος
3660 4606 3738 4670 ὼς
3762 4610 3987 4669 νεοσσὸς

2400 4697 2561 4753 άετοὺ
2605 4699 2687 4761 είς
2725 4697 2861 4765 ὕψος
2905 4698 3155 4768 αῐρεται’
3208 4697 3305 4751 καὶ
3338 4698 3477 4759 ὅλως
3508 4697 3887 4767 ἠλλοιωμένος
3922 4701 3985 4769 τῇ

2400 4787 2493 4842 τοῦ
2542 4786 2678 4841 Θεοῦ
2730 4787 3020 4842 ἀλλοιώσει
3068 4788 3371 4859 φωτοειδὴς
3416 4788 3649 4856 γίνεται.
3708 4788 3828 4842 Καὶ
3860 4792 3987 4844 ὅταν

2400 4882 2480 4945 είς
2508 4881 2674 4951 εὐχὴν
2707 4880 2948 4950 στῶμεν,
2980 4882 3056 4951 μὴ
3084 4880 3373 4950 εὐξώμεθα
3403 4880 3563 4949 ἡμῶν
3591 4882 3813 4952 θέλημα
3837 4884 3989 4952 γενέ-

2402 4973 2548 5036 σθαι,
2585 4972 2773 5036 καθὼς
2802 4972 3045 5045 εἴρηται,
3084 4973 3225 5026 ἀλλὰ
3251 4972 3314 5026 τὸ
3340 4972 3434 5026 τοῦ
3462 4972 3598 5026 Θεοῦ
3619 4989 3634 5004 ·
3672 4974 3863 5039 καθὼς
3894 4976 3987 5030 καὶ

2399 5063 2761 5136 ἐδιδάχθημεν
2782 5081 2797 5096 ⁸
2845 5085 2863 5117 ι
2894 5063 3192 5136 Γενηθήτω
3220 5064 3286 5117 τὸ
3315 5064 3530 5136 θέλημά
3561 5083 3657 5118 σου
3684 5084 3705 5117 ι
3747 5067 3810 5121 ἐν
3841 5069 3985 5138 ἐμοὶ,

2398 5157 2495 5209 καὶ
2524 5155 2619 5209 ἐπὶ
2650 5157 2817 5210 παντὶ
2842 5156 3163 5229 πράγματι,
3201 5157 3293 5211 ἵνα
3320 5156 3496 5220 οὑτως
3522 5158 3689 5211 αὑτὸν
3714 5159 3985 5231 αἰτῶμεν,

2395 5248 2545 5311 ὅπως
2570 5246 2632 5299 τὸ
2658 5244 2825 5300 αὑτοῦ
2852 5247 3083 5320 γένηται
3105 5246 3341 5318 θέλημα.
3369 5247 3529 5301 Θέλει
3553 5247 3665 5319 γάρ
3688 5247 3753 5301 τὸ
3778 5249 3987 5317 ἀγαθὸν

2401 5339 2497 5394 καὶ
2527 5338 2807 5410 συμφέρον
2837 5341 2905 5410 τῇ
2932 5339 3105 5410 ψυχῇ.
3158 5340 3353 5411 Ἡμεῖς
3385 5340 3445 5393 δὲ
3487 5341 3549 5393 οὑ
3577 5339 3803 5405 πάντως
3830 5340 3986 5394 τοῦτο

2410 5430 2701 5502 ζητοῦμεν,
2742 5432 2945 5502 μᾶλλον
2975 5432 3033 5485 δὲ
3063 5431 3425 5502 ταλανίζομεν
3457 5432 3687 5496 ἑαυτοὺς
3717 5433 3819 5486 καὶ
3852 5434 3984 5503 μετὰ

2409 5522 2613 5577 πολλοῦ
2644 5522 2905 5586 πένθους·
2943 5523 3029 5577 ὅτι
3062 5522 3237 5584 οὕτως
3261 5524 3567 5596 ἀκάθαρτοι
3593 5524 3754 5589 ὄντες
3778 5524 3984 5596 τολμῶ-

2410 5634 2511 5688 μεν
2540 5614 2734 5688 Κυρίῳ
2758 5614 3023 5670 Σαδόαὼθ
3055 5617 3410 5688 παριστάναι.
3446 5617 3505 5673 '0
3533 5617 3865 5689 βουλόμενος
3891 5612 3980 5672 οὖν

1304 5777 1325 5809 ⁸
1367 5776 1481 5833 Jac.
1524 5794 1575 5841 v,
1622 5778 1705 5834 l3.
1779 5781 1800 5812 ⁸
1834 5778 2003 5837 Eccli.
2044 5795 2133 5845 xv,
2174 5780 2227 5836 9.

2396 5776 2547 5833 lattb.
2581 5792 2637 5844 ν,
2674 5776 2765 5834 21.
2838 5777 2861 5810 ⁸
2914 5777 3103 5835 Matth.
3148 5795 3255 5845 nt,
3287 5777 3341 5834 θ.
3418 5779 3439 5812 ⁸
3475 5776 3634 5835 Joan.
3690 5792 3729 5845 Ι,
3787 5778 3840 5836 9.
