4178 6424
202 387 338 448 175-7

1262 393 1589 456 HOMILIA
1629 397 1774 459 CVI.
1796 423 1867 435 -
1887 400 1985 462 DE
2025 404 2433 473 ORATIONE.

3335 421 3472 488 1758

196 495 459 566 nemo;
506 498 938 568 προσεύξασθαι,
971 500 1238 570 πρότερον
1285 502 1429 572 ὑπὲρ
1462 502 1785 571 συνεργείας

1898 524 1961 562 ne
1985 525 2208 568 oremus
2236 520 2512 586 propriam
2539 520 2745 588 expleri
2775 522 3135 595 voluntatem,
3167 531 3340 602 magis
3366 547 3467 587 au-

193 586 456 656 δακρύων
504 591 934 659 προσευξάσθω,
995 593 1082 646 ἵνα
1130 593 1218 646 διά
1265 593 1360 647 τοῦ
1405 595 1635 658 πένθους
1691 596 1779 660 ἐξν

195 684 470 756 ημερώσῃ
522 685 621 754 τὴν
673 686 937 754 άγιότητα
992 685 1095 756 τῆς
1145 687 1358 756 ψυχῆς,
1412 690 1504 742 καὶ
1539 690 1783 763 τυγχάνῃ

195 776 300 846 τῆς
329 777 666 846 ἀκραιφνοῦς
702 780 1033 848 προσευχῆς.
1083 781 1192 833 Καὶ
1221 779 1329 850 γάρ
1359 781 1391 850 ἡ
1420 780 1657 850 ἔμμονος
1688 781 1783 854 καὶ

201 871 437 941 συνεχὴς
457 873 754 941 προσευχὴ.
770 871 858 924 διά
886 872 984 942 τῆς
1014 871 1151 942 πρὸς
1174 871 1307 924 Θεὸν
1330 873 1570 942 ὁμιλίας,
1590 875 1652 924 ὲκ
1675 871 1784 925 τῶν

200 962 306 1032 μὲν
367 963 679 1032 ἐγκοσμίων
739 964 1108 1033 φρονημάτων
1169 963 1409 1033 ἁρπάζει
1471 963 1562 1016 τὸν
1621 964 1783 1027 νοῦν,

197 1053 325 1122 Θεῷ
352 1053 408 1106 δὲ
440 1054 606 1105 αὐτὸν
636 1055 956 1123 παρίστησι,
991 1055 1088 1106 καὶ
1115 1054 1205 1108 διὰ
1229 1055 1327 1123 τῆς
1358 1057 1440 1118 εἰς
1466 1055 1599 1108 θεὸν
1623 1055 1788 1123 ἐγγύ-

195 1163 392 1216 τητος,
428 1146 721 1209 εὐλαϐείας
746 1165 805 1200 τε
837 1147 1000 1201 αὐτὸν
1031 1149 1123 1199 καὶ
1148 1148 1442 1217 ἡπιότητος
1471 1148 1785 1218 ἐμπιμπλᾷ.

197 1239 390 1309 Χωρὶς
428 1238 484 1292 δὲ
519 1239 1032 1310 ταπεινοφροσύνης
1076 1240 1176 1292 οὐκ
1209 1240 1360 1294 ἐστιν
1393 1241 1790 1310 εὐπρόσδεκτον

197 1330 460 1398 γενέσθαι
522 1337 855 1401 προσευχήν.
924 1350 942 1383 ι
986 1331 1318 1400 Ἐπέϐλεψεν
1371 1333 1512 1404 γάρ,
1583 1332 1787 1403 φησὶν,

200 1423 299 1474 ἐπὶ
333 1422 434 1492 τὴν
459 1425 772 1495 προσευχὴν
819 1423 928 1477 τῶν
972 1424 1281 1488 ταπεινῶν,
1327 1424 1419 1476 καὶ
1461 1424 1788 1490 ἐξουδένωσε

206 1515 301 1586 τὴν
344 1515 532 1585 δέησιν
573 1516 774 1569 αὐτων.
806 1534 824 1567 ι
866 1517 1168 1587 Τοιγαροῦν
1200 1518 1229 1569 6
1259 1516 1428 1568 θέλων
1467 1517 1565 1585 τὴν
1595 1516 1788 1570 ἑαυτοῦ

201 1609 503 1677 καθαρίσαι
533 1608 782 1679 καρδίαν,
811 1611 877 1679 τῇ
911 1610 1099 1680 μνήμῃ
1127 1609 1219 1662 τοῦ
1244 1609 1445 1677 Κυρίου
1475 1608 1565 1660 διὰ
1589 1607 1789 1670 παντὸς

200 1700 557 1772 διαπυρούτω
590 1702 763 1772 αὐτὴν
787 1744 803 1768 ,
858 1704 1018 1755 τοῦτο
1046 1703 1210 1771 μόνον
1243 1702 1477 1771 μελέτην
1506 1703 1598 1755 καὶ
1627 1703 1789 1769 ἔργον

200 1795 488 1848 ἄπαυστον
535 1795 696 1865 ἔχων.
753 1796 828 1848 Οὐ
881 1794 989 1863 γὰρ
1045 1793 1174 1846 ποτὲ
1224 1794 1323 1862 μὲν
1373 1793 1631 1863 εὐχετθαι
1676 1793 1788 1855 δεῖ,

200 1886 340 1938 ποτὲ
379 1885 437 1938 δὲ
484 1886 596 1955 μὴ,
647 1886 774 1947 τούς
818 1885 918 1956 τὴν
959 1885 1170 1937 ἑαυτῶν
1216 1885 1454 1954 σαπρίαν
1491 1883 1786 1936 ἀποϐαλεῖν
1822 1872 1863 1927 Β

201 1978 531 2041 ἐθέλοντας,
591 1979 709 2032 ἀλλ’
753 1978 841 2032 ἀεὶ
889 1979 957 2047 τῇ
1005 1979 1278 2048 προσευχῇ
1317 1977 1602 2045 σχολάζειν
1638 1978 1697 2028 ὲν
1721 1977 1787 2043 τῇ

202 2070 440 2139 τηρήσει
470 2069 564 2122 τοῦ
590 2071 707 2136 νοῦ,
737 2071 843 2123 κᾶν
869 2069 973 2133 ἔξω
1001 2086 1105 2121 που
1134 2068 1245 2122 τῶν
1271 2067 1582 2138 εὐκτηρίων
1607 2066 1792 2134 δωμά-

202 2179 316 2214 των
343 2161 720 2232 αὐλιζώμεθα.
756 2163 853 2214 Ὃν
876 2161 1080 2230 τρόπον
1109 2159 1217 2230 γάρ
1243 2160 1271 2210 6
1297 2158 1468 2210 θέλων
1494 2155 1790 2224 καθαρίσαι

201 2256 465 2324 χρυσίον,
510 2255 606 2308 ἐὰν
632 2255 736 2307 κᾶν
767 2252 904 2322 πρὸς
928 2251 1104 2322 βραχὺ
1132 2251 1193 2303 τὸ
1217 2249 1331 2320 πῦρ
1361 2249 1500 2319 ἐάσῃ
1528 2246 1792 2316 σχολάσαι

202 2351 305 2405 τοῦ
352 2349 722 2419 χωνευτηρίου
742 2389 756 2410 ,
812 2347 1082 2418 σκληρίαν
1111 2345 1287 2398 πάλαι
1315 2346 1382 2414 τῇ
1411 2342 1792 2414 καθαιρομένῃ

205 2445 315 2517 ὕλῃ
365 2444 625 2512 ἐμποιεῖσ
689 2440 834 2495 οῦτω
878 2440 975 2493 καὶ
1027 2441 1056 2493 6
1105 2439 1237 2492 ποτὲ
1285 2437 1384 2507 μὲν
1442 2436 1791 2506 μεμνημένος

203 2537 305 2591 τοῦ
355 2534 528 2599 Θεοῦ,
582 2533 714 2587 ποτὲ
753 2533 812 2586 δὲ
867 2533 966 2602 μή.
1030 2532 1141 2585 Καὶ
1185 2531 1321 2599 ὅπερ
1366 2529 1517 2582 δοκεῖ
1559 2528 1792 2581 κτᾶσθαι

204 2629 298 2682 διὰ
327 2628 427 2697 τῆς
456 2626 648 2696 εὐχῆς,
685 2624 849 2680 τοῦτο
873 2624 1170 2678 ἀπόλλυσιν
1196 2623 1286 2677 διὰ
1311 2623 1410 2693 τῆς
1435 2621 1790 2692 χαυνότητος.

209 2721 326 2776 Καὶ
368 2721 429 2774 δν
459 2721 660 2792 τρόπον
695 2718 1054 2788 άψηλάφητον
1085 2717 1231 2769 ποιεῖ
1263 2715 1356 2768 τὸν
1386 2715 1604 2784 σίδηρον
1637 2713 1670 2782 ἡ
1699 2709 1792 2764 τοῦ

209 2813 389 2882 πυρὸς
423 2812 692 2878 συνάφεια
714 2851 731 2875 ,
766 2808 941 2872 οὕτως
975 2809 1030 2862 αἱ
1059 2808 1262 2861 πυκναὶ
1286 2808 1591 2876 προσευχαὶ
1621 2806 1797 2876 6.66m-

212 2905 546 2975 μενέστερον
591 2899 1082 2972 παρασκευάζουσι
1119 2898 1212 2951 τδν
1247 2897 1373 2951 νοῦν
1420 2897 1624 2961 εἰς’τὸν
1655 2896 1797 2951 κατά

206 2996 312 3051 τοῦ
359 2994 588 3067 Ἐχθροῦ
620 2993 880 3062 πόλεμον.
922 2991 1029 3045 Καὶ
1049 2990 1239 3060 ὥσπερ
1273 2992 1302 3043 6
1333 2989 1555 3059 σίδηρος
1586 2988 1790 3059 πυρού-

213 3105 382 3160 μενος
433 3085 884 3159 μεταμορφοῦται
941 3083 1078 3153 πρὸς
1124 3084 1226 3152 τὴν
1266 3082 1363 3135 τοῦ
1397 3082 1570 3150 πυρὸς
1604 3081 1792 3151 χρόαν,

209 3179 361 3234 οὕτω
387 3179 481 3231 καὶ
518 3180 546 3231 6
573 3177 700 3240 νοῦς
733 3175 1028 3245 φωτίζεται
1059 3177 1123 3228 ὲκ
1149 3177 1249 3244 τῆς
1276 3173 1469 3242 αίγλης
1499 3172 1594 3226 τοῦ
1625 3173 1794 3242 πυρὸς

1905 3191 2000 3244 sed
2033 3206 2253 3259 semper
2275 3190 2512 3244 orationi
2538 3191 2990 3255 incunthendum,
3019 3191 3232 3245 interna
3256 3189 3480 3260 quidem

209 3274 316 3343 τῆς
367 3272 626 3343 χάριτος,
689 3287 708 3320 ι
750 3269 779 3323 ὃ
816 3265 981 3339 ἦλθεν
1021 3271 1051 3322 6
1080 3268 1275 3338 Σωτὴρ
1299 3267 1456 3337 ἡμῶν
1489 3266 1671 3336 βαλεῖν
1703 3265 1795 3317 ἐπὶ

211 3363 317 3437 τὴν
344 3364 500 3434 γῆν.»
535 3363 646 3416 Καὶ
674 3359 761 3414 διὰ
788 3360 949 3413 τοῦτο
979 3361 1008 3412 6
1035 3360 1206 3412 θέλων
1236 3360 1382 3430 ἡμᾶς
1415 3358 1655 3427 σωθῆναι
1685 3356 1797 3409 Κύ-

215 3475 357 3528 ριος,
393 3454 635 3526 συνεχῶς
665 3454 798 3524 ἡμῖν
825 3452 953 3522 περὶ
980 3452 1152 3521 αὐτῆς
1174 3451 1516 3527 διαλέγεταθ·
1546 3448 1639 3502 καὶ
1666 3449 1798 3500 ὐπο-

211 3547 480 3620 γραμμδς
513 3547 647 3616 ἡμῖν
678 3545 973 3615 γενόμενος
1000 3543 1413 3611 διενυκτέρευεν
1444 3543 1502 3595 ὲν
1531 3544 1596 3610 τῇ
1629 3556 1798 3609 προσ-

212 3641 354 3710 ευχῇ
386 3637 480 3691 τοῦ
507 3635 668 3700 Θεοῦ,
703 3636 838 3689 Θεὸν
864 3635 1082 3697 δεικνὺς
1104 3636 1240 3705 ἡμῖν
1267 3634 1499 3705 ἀρίστην
1528 3633 1798 3701 ὠφέλειαν

215 3732 318 3786 καὶ
367 3729 572 3802 πολλὴν
621 3729 760 3800 πρὸς
802 3727 936 3781 Θεὸν
967 3728 1250 3797 ὲγγύτητα
1291 3726 1382 3780 διὰ
1409 3726 1508 3795 τῆς
1535 3724 1799 3794 ὲπιμόνου

216 3822 557 3894 προσευχῆς.
610 3822 734 3893 Χρὴ
775 3817 871 3874 οῦν
913 3820 1134 3891 πρῶτον
1178 3817 1450 3872 αἰτεῖσθαι
1485 3817 1672 3870 λαϐεῖν
1703 3816 1798 3885 χάο

219 3931 399 3986 ρισμα
447 3913 634 3983 εὐχῆς,
704 3911 887 3974 καθὼς
933 3911 1188 3981 εἴρηται,
1239 3909 1392 3976 παρὰ
1437 3907 1532 3960 τοῦ
1567 3907 1800 3968 διδόντος

215 4010 392 4079 εὐχὴν
432 4006 510 4078 τῷ
543 4007 842 4077 εὐχομένῳ.
899 4005 974 4057 T6
1006 4005 1148 4074 γάρ,
1211 4023 1228 4054 ι
1262 4001 1327 4056 Τί
1372 3997 1803 4072 προσευξώμεθα

219 4100 349 4155 καθ’
375 4099 404 4153 ὃ
432 4100 514 4153 δεῖ
540 4099 642 4152 οὐκ
666 4098 913 4166 οἴδαμεν,
948 4095 1062 4148 ἀλλ’
1089 4093 1221 4148 αὐτὸ
1247 4094 1307 4146 τὸ
1336 4091 1579 4162 Πνεῦμα,
1612 4093 1800 4161 φησὶν,

221 4190 692 4264 ὑπερεντυγχάνει
751 4190 892 4259 ὑπὲρ
945 4187 1125 4258 ἡμῶν.
1165 4206 1183 4238 ι
1259 4185 1371 4239 Καὶ
1430 4183 1804 4254 λαμόάνοντες

222 4282 610 4356 πληρώσωμεν
657 4283 727 4337 τά
771 4280 1191 4352 προσταχθέντα
1235 4279 1369 4350 ἡμῖν
1413 4277 1566 4348 παρὰ
1594 4274 1805 4330 τοῦνο-

226 4374 480 4444 μοδὸτου.
523 4371 660 4439 Φησὶ
687 4371 796 4442 γὰρ
828 4373 857 4424 6
889 4369 1134 4438 Μωῦσῆς
1156 4386 1170 4400 ·
1233 4385 1252 4420 ι
1298 4369 1426 4422 Ἐάν
1471 4366 1603 4438 εὔξῃ
1637 4366 1806 4437 εὐχὴν

226 4463 422 4534 Κυρίῳ
453 4462 532 4531 τῷ
559 4461 681 4533 Θεῷ
709 4479 803 4514 σου
825 4501 840 4526 ,
894 4462 957 4514 οὐ
1001 4463 1236 4534 χρονιεῖς
1283 4461 1580 4514 ἀποδοῦναι
1609 4460 1802 4529 αὐτὴν,

1891 610 1999 654 tem
2046 617 2167 656 eam
2224 622 2345 674 quae
2395 609 2492 664 Dei
2539 621 2646 674 est,
2689 613 2848 680 juxta
2906 615 3213 673 doctrinam
3276 622 3462 679 illam;

1891 712 1909 743 ι
1940 694 2060 747 Fiat
2089 696 2344 752 voluntas
2387 710 2476 754 tua
2516 703 2561 734 "
2597 721 2615 753 ι
2647 703 2698 756 in
2732 719 2818 759 me
2865 717 2921 761 et
2958 707 3010 760 in
3059 723 3120 762 re
3165 712 3412 779 qualibet
3450 732 3463 768 :

1886 786 2074 854 sicque
2105 789 2174 841 ab
2209 804 2274 844 eo
2313 791 2694 862 deposcamns,
2750 805 2811 850 ut
2865 798 2988 867 ejus
3046 798 3139 853 fiat
3187 803 3463 859 voluntas.

1892 883 2104 954 1197
2133 885 2264 939 Jure
2291 887 2513 954 quidem
2545 906 2559 940 :
2593 889 2728 943 nihil
2783 892 2932 944 enim
2994 900 3102 946 tam
3142 895 3259 948 vult
3299 911 3464 965 quam

1889 979 2038 1046 quod
2071 979 2276 1032 bonum
2307 987 2392 1033 est
2430 990 2487 1034 et
2519 983 2716 1037 animae
2765 984 3046 1042 conducit.
3108 987 3218 1041 Nos
3280 998 3464 1043 autem

1891 1087 2000 1124 non
2028 1072 2100 1126 ita
2129 1089 2229 1142 per
2275 1089 2494 1128 omnem
2542 1076 2765 1129 modum
2808 1079 2911 1131 hoc
2967 1079 3146 1148 ipsum
3203 1080 3463 1149 petimus,

1890 1162 2020 1217 licet
2047 1181 2147 1218 nos
2176 1166 2325 1235 ipsos
2354 1167 2684 1236 deputemus
2707 1171 2940 1224 miseros
2961 1173 3136 1226 multo
3158 1175 3465 1228 etiamnum

1891 1270 2016 1308 cum
2045 1258 2216 1312 luctu.
2249 1259 2365 1324 Qua
2393 1261 2541 1314 enim
2586 1261 2764 1316 fronte
2814 1262 3016 1330 impuri
3048 1280 3150 1318 nos
3193 1268 3468 1320 sustinea-

1891 1361 2016 1400 mus
2057 1348 2317 1403 assistere
2364 1352 2596 1406 Domino
2640 1353 2932 1409 Sabaoth?
2990 1355 3252 1425 Quisquis
3301 1358 3469 1426 igitur

1890 1440 2199 1495 orationem
2232 1457 2424 1510 puram
2452 1445 2604 1514 cupit
2637 1447 2948 1512 effundere,
3000 1448 3156 1517 prius
3204 1463 3467 1517 apprece-

1892 1541 1983 1586 tur
2019 1532 2127 1585 sibi
2178 1534 2454 1604 indulgeri
2509 1536 2780 1607 lacrymas
2831 1539 3136 1593 sarciendze
3207 1538 3469 1608 puritatis

1892 1627 2328 1694 cooperatriees,
2352 1637 2411 1680 ut
2445 1628 2594 1682 luctu
2626 1630 2774 1682 velut
2800 1632 3039 1699 parario,
3064 1632 3249 1686 anima
3277 1631 3470 1701 praefe-

1894 1732 1991 1769 rox
2019 1719 2307 1773 cicurctur
2334 1736 2397 1773 ac
2427 1720 2774 1785 mansuefiat,
2802 1733 2967 1790 atque
2999 1725 3072 1777 ita
3089 1725 3307 1778 demum
3341 1739 3469 1794 per-.-

1895 1807 2111 1863 fruatur
2151 1811 2380 1866 sincerae
2416 1829 2530 1868 sua:
2557 1825 2687 1870 voto
2738 1815 3038 1869 orationis.
3071 1816 3286 1870 Etenim
3323 1815 3470 1888 jttgis

1893 1904 2073 1958 oratio
2121 1911 2178 1956 et
2229 1904 2551 1970 continens,
2606 1923 2707 1976 per
2755 1923 3112 1977 congressum
3173 1923 3298 1962 cum
3357 1909 3470 1962 Deo

1893 1996 2248 2060 familiarem,
2310 2008 2552 2052 mentem
2605 2008 2799 2053 avocat
2862 1999 2931 2053 ah
2977 2001 3128 2054 onmi
3177 1999 3472 2070 prudentia

1892 2087 2146 2156 fastuque
2177 2089 2390 2152 nmndi,
2446 2105 2680 2157 eamque
2733 2091 2843 2144 Dee
2893 2102 3223 2160 przesentem
3273 2091 3467 2146 offert:

1891 2196 2113 2249 quoque
2176 2180 2408 2249 propius
2427 2181 2607 2250 jungit
2637 2182 2771 2244 Deo,
2804 2181 2908 2236 hoc
2950 2184 3158 2253 majora
3206 2182 3474 2250 adimplet

1895 2272 2091 2324 timore
2124 2271 2364 2326 simulet
2395 2272 2658 2325 mititate.
2689 2272 2880 2341 Neque
2905 2272 3053 2327 enim
3083 2273 3200 2326 sine
3248 2273 3475 2326 humili-

1895 2373 2006 2418 tate
2026 2373 2252 2434 accepta
2278 2365 2447 2434 possit
2479 2381 2598 2419 esse
2633 2365 2837 2429 oratio,
2877 2366 2963 2419 vel
2988 2374 3125 2420 teste
3161 2367 3470 2436 Scriptura:

1902 2475 1920 2508 t
1951 2457 2210 2525 Respexit
2239 2457 2292 2510 in
2324 2458 2634 2512 orationem
2668 2459 2984 2522 humilium,
3025 2468 3080 2513 et
3119 2476 3227 2513 non
3268 2458 3477 2528 Sprevit

1896 2565 2114 2618 precem
2142 2565 2334 2604 eortnn
2354 2550 2418 2603 ¹¹.
2457 2571 2475 2601 ι
2501 2549 2799 2615 Quocirca,
2819 2551 2913 2617 qui
2935 2566 3030 2604 cor
3052 2566 3212 2604 suum
3233 2551 3302 2602 ab
3324 2549 3474 2603 omni

1895 2642 2056 2696 sorde
2091 2657 2402 2711 expurgare
2430 2641 2744 2705 contendit,
2806 2642 2936 2695 illud
2973 2643 3246 2712 perpetim
3281 2658 3480 2696 accen-

1896 2732 1988 2786 dat
2009 2741 2063 2786 et
2082 2733 2383 2786 inflammet
2407 2733 2673 2787 memoria
2703 2733 2939 2786 Domini.
2962 2732 3074 2787 lloc
3100 2734 3275 2788 solum
3293 2735 3478 2803 jugem

1895 2825 2347 2878 exercitationem
2378 2825 2547 2878 habet
2592 2833 2648 2879 et
2694 2841 2836 2893 opus
2869 2841 3149 2894 nunquam
3203 2825 3481 2880 intermit-

1899 2917 2147 2970 tendum.
2175 2917 2364 2986 Neqnc
2413 2918 2562 2971 enim
2607 2916 2906 2985 aliquando
2939 2917 3213 2971 orandum
3253 2917 3480 2986 quidem

1897 3007 1990 3070 sit,
2027 3007 2325 3075 aliquando
2355 3004 2665 3058 fcriandum
2702 3005 2770 3058 ab
2800 3006 3053 3060 oratione
3087 3007 3154 3059 iis
3182 3007 3276 3076 qui
3299 3005 3480 3061 cario—

1899 3115 2014 3152 sam
2041 3106 2392 3168 peccatorum
2408 3099 2798 3168 putrilaginem
2821 3115 2850 3152 a
2866 3114 2923 3152 se
2940 3106 3200 3152 excutere
3222 3097 3479 3167 cupiunt;

1902 3284 2106 3337 mentis
2136 3283 2440 3346 locutione,
2494 3283 2663 3337 etiam
2713 3284 2757 3336 si
2803 3293 2958 3338 extra
3015 3283 3292 3337 oratorias
3336 3281 3484 3337 :edes

1900 3373 2269 3426 diversemur.
2301 3371 2776 3438 Quemadmodum
2829 3370 2979 3423 enim
3014 3385 3211 3423 aurum
3264 3368 3309 3423 si
3358 3368 3486 3437 quis

1899 3464 2020 3517 vult
2071 3464 2252 3517 scoria
2295 3478 2504 3518 exuere
2567 3471 2622 3515 et
2682 3477 3045 3532 perpurgare,
3100 3462 3246 3515 sinat
3297 3469 3482 3514 autem

1898 3555 2034 3610 illud
2066 3555 2134 3608 ad
2158 3565 2404 3624 teporem
2437 3555 2581 3623 ignis
2609 3553 2702 3622 qui
2759 3553 2813 3606 in
2860 3552 3083 3606 fornace
3126 3550 3360 3620 exiguus
3388 3549 3482 3613 sit,

1899 3647 2205 3701 lenteseere
2237 3659 2301 3698 ac
2330 3643 2540 3705 feriari,
2571 3657 2790 3696 exmam
2802 3640 2979 3709 semel
3002 3640 3395 3708 strigositatem
3422 3652 3488 3692 ac

1900 3736 2198 3793 sorditicm
2229 3750 2425 3789 rursus
2449 3732 2946 3802 ingignitpurgata:
2975 3730 3054 3784 illi
3085 3730 3371 3783 materiae:
3409 3728 3487 3782 ita

1901 3840 1958 3886 ct
1985 3829 2080 3899 qui
2105 3826 2401 3898 aliquando
2422 3824 2647 3896 quidem
2674 3825 3057 3878 commeminit
3073 3823 3193 3886 Dei,
3217 3821 3328 3876 non
3351 3821 3486 3875 item

1903 3921 2222 3991 aliquando,
2260 3920 2427 3974 etiam
2459 3917 2608 3988 quod
2653 3916 2923 3970 orationis
2949 3915 3148 3969 merito
3197 3913 3491 3968 videbatur

1902 4020 2212 4074 assecutus,
2242 4026 2341 4080 per
2362 4008 2534 4062 animi
2583 4006 2924 4061 remissioris
2964 4005 3327 4059 laxitudinem
3362 4017 3489 4073 pcr-

1902 4105 2003 4158 dit.
2035 4104 2214 4172 thue
2246 4101 2453 4154 ferrum
2485 4099 2781 4167 contiguus
2822 4097 2964 4167 ignis
3001 4095 3188 4150 reddit
3216 4094 3488 4164 impalpa-

1903 4193 2036 4258 bile,
2065 4194 2138 4246 ita
2163 4201 2220 4246 et
2253 4191 2537 4245 orationes
2569 4189 2824 4243 crebrius
2851 4187 3042 4241 emisse
3077 4195 3318 4241 mentem
3357 4199 3488 4238 coro

1905 4285 2189 4348 roborant,
2218 4281 2515 4337 stabiliunt
2543 4288 2600 4334 et
2644 4280 2978 4334 confirmant
3021 4277 3089 4331 ad
3135 4275 3488 4330 subeundum

1905 4392 2030 4432 cutn
2052 4377 2209 4430 hoste
2234 4373 2578 4429 conflictum.
2614 4370 2769 4425 Sicut
2803 4370 3011 4424 ferrum
3064 4367 3174 4438 igni
3223 4367 3488 4430 candens,

1908 4468 2390 4524 transformatione
2418 4465 2478 4520 fit
2503 4465 2765 4520 concolor
2788 4463 2922 4532 igni,
2977 4462 3050 4516 ita
3072 4470 3125 4515 et
3181 4475 3339 4515 mens
3361 4459 3489 4513 illu-

223 4559 308 4612 ὅτι
361 4553 609 4625 ἐκζητῶν
658 4554 953 4624 ὲκζητήσει
997 4551 1169 4624 αὐτὴν
1218 4551 1422 4623 Κύριος
1453 4552 1483 4606 6
1511 4550 1645 4613 Θεός
1681 4566 1796 4616 σου,

1912 4571 2082 4617 strata
2117 4560 2411 4630 splendore
2473 4558 2615 4628 ignis
2663 4556 2948 4625 (nimirum
3006 4553 3218 4624 gratiae)
3274 4570 3293 4604 ι
3323 4566 3489 4621 quem

225 4647 326 4703 καὶ
370 4647 525 4702 ἔσται
572 4664 656 4700 σοι
701 4644 968 4717 ἁμαρτία.
1018 4645 1099 4697 Τὰ
1129 4643 1545 4714 ἐκπορευόμενα
1579 4643 1669 4696 διὰ
1694 4641 1796 4696 τῶν

1902 4652 2083 4721 ignem
2115 4649 2267 4702 venit
2289 4647 2544 4701 Salvator
2573 4654 2764 4699 noster
2785 4643 3006 4697 mittere
3056 4642 3110 4695 in
3141 4641 3424 4695 terram“.
3466 4657 3486 4692 ι

225 4739 453 4810 χειλέων
483 4755 599 4803 σου,
637 4735 929 4806 φύλαξον.»
969 4737 1079 4790 Καὶ
1105 4730 1263 4799 αὖθις
1283 4753 1298 4768 ο
1336 4736 1715 4806 «Ἀνθρωπος.
1745 4734 1796 4798 ὃς

1904 4745 2105 4813 Ejusce
2121 4741 2202 4794 rei
2228 4740 2408 4810 gratia
2444 4738 2492 4792 is
2515 4739 2611 4808 qui
2640 4752 2744 4790 nos
2770 4735 2838 4789 ad
2866 4734 3062 4788 salutis
3088 4742 3310 4804 portum
3340 4731 3494 4801 cupit

226 4832 294 4886 ἂν
342 4827 568 4902 εὔξηται
613 4829 843 4900 Κυρίῳ,
897 4829 930 4897 ἦ
977 4828 1152 4900 ὀμόσῃ
1187 4830 1381 4899 ὅρκον,
1428 4829 1521 4882 καὶ
1553 4828 1796 4898 ὁρίσηται

1905 4834 2237 4906 provehere,
2271 4831 2566 4894 Dominus,
2594 4829 2662 4885 de
2691 4827 2947 4884 oratione
2981 4826 3336 4881 continenter
3363 4839 3492 4878 ver-

225 4922 480 4992 όρισμὺν,
527 4924 589 4975 οὐ
630 4919 933 4991 βεδηλώσει
960 4920 1024 4972 τὸ
1049 4921 1200 4990 ῥῆμα
1227 4919 1392 4973 αὐτοῦ
1416 4937 1430 4951 ’
1491 4919 1673 4973 πάντα
1712 4914 1796 4972 οῦκ

1905 4928 1975 4983 ha
2005 4927 2154 4981 facit.
2192 4924 2339 4991 Quin
2360 4923 2507 4977 idem
2537 4922 2702 4976 nobis
2731 4920 2912 4974 factus
2944 4918 3224 4988 exemplar
3272 4915 3492 4980 orandi,

227 5017 330 5068 ὅσα
377 5014 445 5068 ἂν
486 5013 682 5086 ἐξέλθῃ
734 5015 798 5067 ἐκ
849 5013 946 5068 τοῦ
992 5015 1262 5083 στόματος
1295 5012 1460 5066 αὐτοῦ
1508 5013 1796 5083 ποιήσει.ι

1911 5017 1966 5071 in
1995 5015 2247 5070 oratione
2279 5013 2374 5068 Dei
2408 5012 2803 5083 pernoctabat:
2839 5009 3094 5079 exemplo
3143 5023 3246 5063 suo
3287 5007 3494 5063 docens

229 5103 434 5169 Καθὼς
469 5105 564 5158 καὶ
589 5105 618 5158 6
645 5104 884 5173 Ἰεφθάε·
924 5103 1074 5174 λέγει
1101 5105 1210 5174 γὰρ
1237 5107 1305 5176 τῇ
1340 5105 1576 5174 θυγατρὶ
1602 5103 1770 5157 αὐτοῦ
1790 5121 1804 5136 ο

235 5216 253 5249 ι
298 5193 443 5265 Ἐγὼ
485 5194 674 5267 ἡνοιξα
701 5195 766 5250 τὺ
794 5197 974 5267 στόμα
1006 5214 1108 5266 μου
1145 5197 1278 5266 περὶ
1305 5194 1424 5258 σοῦ.
1474 5198 1570 5249 καὶ
1617 5197 1679 5248 οὐ
1721 5195 1811 5248 δύο

229 5305 406 5358 ναμαι
454 5287 818 5359 ἀποστρέψαι.
866 5287 979 5341 Καὶ
1016 5288 1262 5341 ἐτέλεσεν
1292 5287 1462 5360 αὐτὴν
1510 5291 1700 5360 Κυρίῳ
1731 5289 1811 5361 τῷ

230 5375 354 5448 Θεῷ
404 5375 614 5430 θυσίαν.
647 5395 667 5430 ι
721 5376 833 5430 Καὶ
884 5377 1106 5449 ἕτερος·
1169 5397 1187 5430 ι
1219 5377 1312 5449 Μὴ
1349 5379 1685 5452 ὲμποδισθῇς
1715 5381 1808 5435 τοῦ

230 5466 532 5522 ἀποδοῦναι
577 5467 744 5541 εὐχὴν
796 5472 855 5523 ιν
904 5469 1118 5541 καιρῷο
1194 5471 1289 5524 καὶ
1340 5471 1414 5542 μὴ
1464 5472 1656 5544 μείνῃς
1705 5472 1810 5534 ἕως

230 5557 330 5614 τοῦ
365 5557 604 5613 θανάτου
638 5560 1019 5631 δικαιωθῆναι.
1077 5561 1213 5631 Πρὶν
1255 5561 1520 5628 εὔξασθαι
1549 5563 1810 5634 έτυίμαζε

231 5646 499 5715 σεαυτὸν,
545 5649 644 5704 καὶ
677 5651 755 5723 μὴ
779 5652 931 5721 γίνου
960 5651 1246 5724 ἄνθρωπος
1272 5654 1552 5724 πειράζων
1579 5657 1674 5711 τὸν
1697 5658 1810 5712 Κύ-

310 5828 326 5859 ¹
356 5826 548 5884 Matth.
584 5844 662 5894 vt,
709 5829 791 5886 Ιθ.

896 5831 932 5862 “
964 5831 1102 5888 Psal.
1132 5848 1204 5898 ct,
1239 5833 1323 5888 l8.
1405 5835 1445 5866 ¹¹
1479 5833 1611 5890 Luc.
1635 5851 1730 5904 xu,
1764 5838 1852 5892 ιν.

1913 5125 2015 5164 nos
2046 5123 2212 5177 quam
2242 5107 2405 5176 longe
2443 5106 2708 5175 optimam
2741 5119 2810 5158 ex
2833 5104 3082 5159 oratione
3121 5114 3493 5173 praecerpere-

1915 5214 2038 5253 mus
2063 5199 2382 5262 utilitatem,
2413 5211 2516 5250 nec
2550 5194 2887 5249 mediocrem
2922 5194 2990 5248 ad
3047 5194 3220 5248 Deum
3261 5191 3493 5262 prepin-

1913 5288 2206 5358 quitatem,
2239 5287 2285 5340 si
2313 5284 2478 5339 modo
2524 5283 2749 5338 assidua
2789 5283 2978 5337 fuerit.
3003 5282 3271 5336 Primum
3321 5279 3499 5349 igitur

1918 5378 2217 5448 petendum
2254 5377 2435 5442 nobis,
2473 5385 2533 5430 ut
2564 5374 2818 5444 accipere
2843 5386 3260 5444 promereamur
3297 5369 3494 5426 orandi

1916 5471 2148 5540 gratiam
2178 5475 2302 5534 (ceu
2330 5469 2541 5524 dictum
2565 5468 2672 5536 est)
2696 5466 2767 5520 ab
2789 5480 2856 5521 eo
2889 5463 2983 5534 qui
3007 5463 3103 5517 dat
3159 5461 3492 5524 orationem,

1915 5562 2013 5617 sed
2043 5563 2246 5618 oranti.
2295 5561 2386 5616 Ait
2417 5560 2566 5615 enim
2619 5557 2955 5630 Apostolus:
3013 5574 3034 5609 ι
3072 5552 3217 5622 Quid
3269 5565 3496 5608 oremus

1915 5656 2060 5712 sicut
2081 5664 2320 5728 oportet,
2355 5651 2632 5710 nescimus
2653 5669 2667 5710 :
2688 5651 2787 5708 scd
2817 5650 2935 5723 ipsc
2961 5646 3205 5720 Spiritus
3222 5641 3494 5715 interpel-
