4178 6424
731 392 867 455 175‘.)

1968 387 2332 447 AN'l‘iOClll
2375 387 2718 447 MONACIII

3876 386 4005 449 175:)

724 507 800 559 lat
828 523 928 573 pro
971 502 1214 555 nobis”.
1252 521 1267 553 »
1296 500 1351 555 Id
1382 502 1572 571 gratia:
1604 500 1739 553 dttnt
1766 500 2072 569 accipimus
2098 503 2307 568 expiem

2421 516 2552 567 ριον.
2608 502 2717 553 Καὶ
2760 500 3029 571 μνήσθητι
3061 498 3236 569 θυμοῦ
3274 500 3332 552 ὲν
3360 499 3549 569 ἡμέρα
3578 500 3840 571 τελευτῆς
3862 519 3874 529 ·
3915 508 4003 553 κα·

723 613 847 651 mus
862 612 1029 664 opera
1045 597 1113 650 ab
1144 596 1264 664 ipso
1283 596 1417 664 legis
1438 595 1629 647 datore
1651 594 1762 647 lico
1785 594 2073 663 imperata.
2100 595 2141 661 1
2156 594 2315 661 198

724 691 816 743 Ait
842 690 989 742 enim
1030 689 1271 758 Moyses:
1305 708 1322 739 ι
1363 688 1419 740 Si
1453 686 1669 740 voveris
1720 694 1908 738 votum
1943 687 2172 739 Domino
2201 688 2313 738 lleo

726 794 843 845 tuo,
870 800 979 837 non
1033 783 1283 837 tardabis
1326 781 1559 835 reddere
1612 781 1773 845 illud,
1830 782 1959 851 quia
2024 781 2313 849 requirens

726 874 972 942 requiret
1001 888 1029 925 a
1054 882 1105 927 te
1134 873 1399 925 Dominus
1425 870 1571 923 Deus
1606 880 1754 933 tuus,
1793 881 1850 925 et
1875 871 1983 925 erit
2033 871 2129 923 tibi
2182 887 2311 939 pee-

722 974 943 1018 eatum:
979 981 1101 1033 qna:
1124 963 1437 1032 procedunt
1461 964 1529 1016 de
1554 963 1719 1017 labiis
1742 963 1873 1025 luis,
1900 963 2258 1017 eustodies".
2290 985 2307 1015 »

723 1055 813 1120 Ει,
850 1075 867 1106 ι
908 1056 1081 1109 Ilomo
1124 1055 1219 1124 qui
1255 1056 1469 1109 voverit
1507 1056 1742 1109 Domino
1765 1066 1821 1109 ct
1848 1055 2122 1124 juraverit
2164 1056 2315 1124 jura.

726 1156 996 1212 mentum,
1021 1162 1130 1200 non
1160 1147 1382 1200 irritum
1414 1148 1576 1201 faciet
1606 1149 1833 1200 verbmn
1882 1164 2075 1200 suum:
2124 1148 2309 1201 on'miu

723 1252 1070 1305 quaecunque
1104 1252 1330 1305 egressa
1356 1238 1648 1289 fuerintex
1685 1253 1781 1289 ore
1811 1239 1955 1306 ejus.
2002 1237 2244 1291 faciet”.
2289 1256 2307 1287 »

723 1359 786 1368 -
839 1347 853 1373 ί
916 1328 1033 1380 Iicu
1084 1343 1193 1389 me,
1259 1327 1370 1380 lilia
1422 1342 1564 1387 mea,
1615 1325 1883 1395 decepisti
1936 1343 2042 1390 me,
2100 1337 2157 1379 et
2195 1326 2309 1386 ipsa

724 1417 956 1486 ἀρουιιιιι
987 1434 1073 1471 es:
1117 1418 1306 1487 aperui
1327 1418 1472 1470 enim
1504 1432 1567 1470 os
1596 1434 1777 1471 meum
1814 1417 1880 1470 ad
1918 1418 1957 1471 1)
1982 1418 2232 1479 ιιιιίιιυιη,
2255 1424 2312 1471 et

725 1509 873 1563 aliud
896 1510 1076 1563 facere
1104 1526 1211 1561 non
1244 1516 1437 1575 potero
1466 1508 1530 1560 "'.
1561 1528 1578 1559 »
1614 1508 1767 1562 Alter
1791 1508 1920 1561 item
1944 1530 1957 1561 :
1982 1510 2008 1557 ι
2038 1508 2115 1560 Ne
2138 1508 2311 1575 impe-

724 1600 895 1654 diat-is
935 1601 1166 1654 reddere
1200 1610 1391 1653 votum
1425 1601 1477 1653 in
1512 1610 1779 1667 tempore,
1808 1609 1863 1651 et
1909 1615 1976 1652 ne
2024 1608 2311 1667 exspectes

727 1707 900 1759 usque
946 1691 1013 1743 ad
1065 1701 1298 1744 mortem
1338 1691 1666 1759 jnstilicari:
1729 1690 2049 1757 priusquam
2108 1705 2310 1743 vovcas

724 1784 838 1836 sive
862 1800 1007 1845 ores,
1029 1800 1155 1852 para
1185 1785 1445 1852 tcipsum,
1472 1800 1538 1835 ne
1568 1782 1643 1834 sis
1666 1782 1823 1850 quasi
1856 1782 2025 1836 homo
2053 1783 2145 1852 qui
2185 1792 2307 1836 ten-

2417 592 2685 659 ἀγωνίζου
2753 596 2834 655 εἰς
2880 591 3208 661 προσευχὴν,
3263 591 3345 644 ὅτι
3381 592 3535 660 εὐχαὶ
3562 592 4010 645 κατευθυνὸντων

2415 684 2599 737 δεκτα“ι
2640 687 2790 756 παρὰ
2820 687 3052 755 Κυρίου.
3089 704 3106 735 »
3164 686 3305 745 Καὶ,
3358 703 3375 735 ι
3412 684 3594 753 Εύχὲις
3632 685 3864 736 δικαίων
3912 687 4004 737 ἐπ-

2415 776 2604 828 ακούει
2632 778 2891 847 Κύριος.»
2935 778 3042 830 Καὶ
3070 778 3098 828 6
3127 777 3325 841 Δαυῖδ,
3380 794 3400 826 ι
3435 776 3703 841 Εῦξασθε.
3742 777 3841 828 καὶ
3868 778 4004 829 ἀπο-

2414 869 2534 920 δοτε
2587 870 2777 939 Κυρίῳ
2819 870 2896 939 τῷ
2934 869 3053 938 θεῷ
3085 869 3260 938 ὑμῶν.
3294 887 3311 919 »
3373 869 3484 920 Καὶ
3518 868 3715 920 πάλων
3780 887 3799 918 ι
3830 867 4005 920 θῦσον

2414 958 2491 1028 τῷ
2533 961 2654 1029 Θεῷ
2707 961 2897 1012 θυσίαν
2939 961 3230 1021 αἰνέσεως,
3282 962 3375 1011 καὶ
3416 959 3614 1020 ἀπ’ῖδος
3644 958 3722 1028 τῷ
3757 959 4004 1027 ’Υψίστῳ

2411 1056 2509 1116 τὰς
2542 1053 2707 1122 εὐχάς
2740 1069 2855 1105 σου.
2891 1070 2909 1104 »
2972 1052 3109 1113 Καὶ,
3162 1069 3179 1100 ι
3219 1050 3333 1112 Τὰς
3365 1051 3531 1118 εύχάς
3564 1068 3665 1118 μου
3699 1050 3781 1120 τῷ
3812 1050 4003 1116 Κυρίῳ

2413 1143 2679 1195 ἀποδώσω
2711 1144 2953 1196 ἐναντίον
2982 1141 3180 1203 παντὸς
3209 1141 3303 1192 τοῦ
3330 1141 3465 1193 λαοῦ
3494 1141 3717 1195 αὐτοῦ.»
3745 1142 3922 1208 φησιν
3945 1140 4001 1192 δὲ

2413 1237 2505 1287 καὶ
2538 1238 2567 1288 ὁ
2595 1234 2808 1297 Παῦλος
2829 1251 2843 1265 ⁸
2903 1253 2922 1285 ι
2952 1235 3031 1303 Τῇ
3067 1232 3273 1301 σπουδῇ
3312 1234 3387 1302 μὴ
3416 1233 3643 1303 ὀκνηροὶ
3664 1272 3679 1295 ,
3725 1233 3807 1301 τῷ
3837 1231 4001 1283 πνεύο

2417 1346 2547 1398 ματι
2584 1328 2817 1390 ζέοντες,
2865 1327 2942 1397 τῷ
2971 1327 3162 1398 Κυρίῳ
3195 1325 3567 1387 δουλεύοντες,
3615 1329 3685 1395 τῇ
3715 1328 4000 1394 προσευχῇ

2414 1418 2978 1491 προσκαρτεροῦντες.
3011 1439 3027 1467 »
3071 1418 3180 1471 Kal
3204 1417 3391 1480 αὖθις·
3432 1435 3451 1467 σ
3484 1416 3584 1469 Διὰ
3615 1419 3802 1485 πάσης
3830 1434 4001 1486 προς-

2413 1514 2577 1581 ευχῆς
2627 1514 2721 1564 καὶ
2765 1512 3006 1580 δεήσεως
3039 1511 3471 1580 προσευχόμενοι
3502 1512 3560 1562 ὲν
3592 1510 3760 1561 παντὶ
3794 1509 3999 1578 καιρῷ,

2412 1606 2471 1657 ἐν
2519 1604 2833 1673 πνεύματι,
2891 1604 2987 1655 καὶ
3034 1605 3115 1664 εἰς
3158 1603 3292 1655 αὐτὸ
3336 1601 3531 1663 τοῦτο,
3580 1601 4001 1672 ἀγρυπνοῦντες

2413 1700 2470 1751 ἐν
2515 1700 2666 1767 πάσῃ
2714 1698 3194 1767 προσκαρτερήσει
3235 1696 3332 1749 καὶ
3370 1696 3609 1765 δεήσει.»
3653 1697 3764 1748 Καὶ
3795 1698 3998 1749 zam-

2420 1810 2437 1839 ι
2480 1789 2751 1859 Βούλομαι
2786 1792 2915 1851 τοὺς
2946 1790 3147 1858 ἄνδρας
3183 1787 3586 1859 προσεύχεσθαι
3622 1788 3680 1839 ὲν
3712 1788 3882 1839 παντὶ
3913 1789 4001 1839 τύ-

727 1882 805 1927 lat
832 1874 1143 1927 lloinintnn.
1172 1875 1443 1927 Memento
1468 1873 1562 1925 irae
1598 1873 1652 1925 in
1676 1872 1766 1925 dic
1792 1873 2306 1934 eonsnnnnationis,

2414 1901 2535 1951 τεῳ,
2587 1882 2918 1951 ἐπαίροντας
2970 1883 3126 1944 ὁσίας
3175 1885 3366 1951 χεῖρας
3415 1883 3586 1951 χωρὶς
3632 1883 3807 1950 ὀργῆς
3907 1880 4001 1931 καὶ

722 1972 781 2016 et
814 1964 1106 2032 agonizare
1127 1964 1192 2017 ad
1217 1964 1550 2027 orationem,
1582 1963 1709 2031 quia
1728 1963 2010 2016 orationes
2033 1962 2310 2031 corrigen-

725 2055 860 2107 tinm
897 2056 1348 2123 seaceeptabiles
1368 2064 1501 2107 sunt
1546 2054 1692 2123 apud
1744 2053 2122 2106 hominum”.
2157 2071 2175 2102 »
2205 2053 2305 2115 Et,

729 2163 747 2194 ι
777 2144 1133 2198 Orationibus
1153 2147 1430 2216 justorum
1455 2144 1645 2197 obedit
1679 2144 1944 2197 Dominus
1966 2144 2064 2194 ".i
2094 2142 2261 2196 David
2292 2160 2303 2193 :

731 2254 749 2287 ι
788 2236 998 2290 Vovete
1031 2247 1089 2290 et
1152 2238 1367 2290 reddite
1410 2235 1644 2289 Domino
1677 2237 1788 2289 Deo
1816 2236 2083 2290 vestro".
2119 2254 2137 2287 ι
2200 2236 2307 2289 lte-

724 2342 882 2382 rum:
919 2348 936 2379 ι
968 2330 1193 2383 lmmola
1227 2331 1340 2383 Deo
1390 2327 1726 2381 sacriﬁcium
1784 2328 1984 2389 laudis,
2038 2334 2096 2382 et
2138 2326 2307 2380 redde

723 2420 1005 2474 Allissimo
1037 2430 1161 2473 vota
1206 2421 1382 2473 tua".
1420 2438 1436 2469 »
1474 2420 1563 2480 Ει,
1593 2436 1612 2469 ι
1654 2419 1765 2487 Ego
1786 2428 1914 2472 vota
1930 2434 2048 2472 mea
2075 2418 2307 2472 Domino

723 2512 950 2565 reddam
977 2512 1031 2565 in
1056 2522 1359 2580 conslieetu
1387 2512 1572 2565 onmis
1593 2511 1779 2580 populi
1806 2512 2010 2580 ejus".
2050 2531 2069 2563 »
2103 2511 2310 2565 Paulus

722 2617 978 2671 quoque:
1012 2618 1031 2652 ι
1061 2601 1450 2656 Sollicitudine
1475 2618 1583 2655 non
1609 2602 1768 2671 pigri,
1795 2602 1993 2671 spiritu
2008 2602 2307 2666 ferventes,

723 2695 957 2749 Domino
981 2695 1310 2757 servientes,
1336 2695 1577 2748 orationi
1601 2696 1953 2748 instantes".
1993 2713 2012 2744 »
2061 2695 2304 2748 Rursus:

729 2808 750 2842 ι
780 2791 881 2845 ['er
907 2806 1129 2845 onmem
1162 2791 1471 2845 orationem
1504 2799 1562 2844 et
1599 2791 2046 2845 obsecrationem
2084 2800 2310 2845 orantes

725 2881 780 2936 in
817 2884 966 2936 onmi
993 2894 1263 2951 tempore,
1287 2883 1340 2936 in
1373 2883 1597 2951 spiritu,
1632 2889 1689 2935 et
1719 2882 1774 2935 in
1822 2882 1929 2935 hoc
1956 2882 2137 2951 ipsum
2173 2882 2311 2951 vigi-

722 2972 901 3027 lantes
928 2974 984 3026 in
1017 2974 1168 3026 onmi
1217 2972 1479 3026 instantia
1521 2981 1581 3026 et
1632 2972 2101 3026 obsecratione".
2140 2990 2157 3021 »
2203 2971 2310 3025 lte-

724 3083 885 3122 rum:
919 3084 938 3118 ι
970 3066 1109 3120 Volo
1165 3065 1318 3119 viros
1367 3081 1529 3119 orare
1561 3065 1617 3118 in
1648 3064 1799 3118 omni
1859 3064 2003 3128 loco,
2055 3064 2307 3119 levantes

722 3165 944 3212 sanctas
972 3171 1171 3210 manus
1202 3157 1324 3210 sine
1356 3156 1434 3210 ira
1465 3165 1522 3210 et
1572 3154 2154 3225 disceptationibus“.
2186 3174 2204 3206 »
2240 3156 2307 3207 Et

725 3249 784 3304 in
815 3248 1046 3303 Actibus
1093 3248 1511 3317 apostolorum:
1568 3247 1701 3316 quia
1768 3264 1786 3298 ι
1817 3254 1978 3299 erant
2035 3246 2308 3301 instantes

726 3337 997 3393 doctrina:
1043 3336 1448 3407 apostolorum,
1492 3345 1551 3392 et
1593 3336 1899 3399 communi,
1950 3343 2008 3390 et
2052 3334 2307 3389 fractioni

723 3431 905 3502 panis,
951 3439 1009 3486 et
1056 3430 1486 3486 orationibus".
1530 3448 1549 3481 »
1601 3431 1841 3485 lterum:
1903 3446 1922 3480 ι
1971 3428 2084 3483 Nos
2123 3435 2307 3483 autem

722 3521 962 3577 orationi
991 3531 1048 3577 et
1103 3522 1421 3578 ministerio
1448 3521 1609 3577 verbi
1658 3522 1928 3575 instantes
1954 3521 2164 3575 erimus
2182 3521 2246 3573 “.
2282 3539 2301 3573 ι

725 3612 1046 3682 Sapientia:
1092 3634 1111 3667 ι
1148 3615 1304 3671 Sicut
1329 3614 1529 3670 vovisti
1559 3624 1749 3669 votum
1778 3613 2034 3677 Domino,
2081 3628 2154 3667 ne
2193 3628 2311 3667 mo-

728 3706 873 3760 reris
891 3706 1125 3761 reddere
1160 3705 1319 3771 illud,
1344 3707 1476 3775 quia
1499 3718 1846 3774 quacunque
1893 3702 2140 3767 voveris,
2180 3703 2309 3758 red-

725 3796 860 3852 des:
892 3797 1090 3851 melius
1110 3798 1258 3851 enim
1283 3812 1397 3851 non
1421 3795 1660 3859 vovisse,
1683 3809 1848 3864 quam
1869 3795 2085 3851 vovisse
2118 3805 2174 3851 et
2198 3810 2307 3849 non

725 3888 1031 3943 reddere".
1071 3907 1090 3939 »
1128 3887 1235 3943 Sed
1285 3897 1343 3942 et
1373 3886 1690 3955 iniquorum
1730 3901 1860 3941 osor
1911 3885 2014 3941 Job
2047 3902 2061 3939 :
2100 3905 2120 3938 ι
2156 3886 2306 3941 Nihil

725 3977 992 4048 injustam
1023 3986 1145 4031 erat
1179 3977 1237 4031 in
1267 3976 1523 4031 manibus
1552 3975 1713 4038 meis,
1738 3973 1915 4029 oratio
1945 3983 2128 4030 autem
2186 3990 2308 4029 mea

726 4086 864 4141 pura
894 4070 1167 4131 l'uit"'“.
1191 4087 1210 4121 ι
1244 4069 1484 4123 Petrus:
1524 4086 1544 4119 ι
1586 4066 1771 4122 Sobrii
1794 4076 1972 4122 estote
2004 4076 2063 4122 et
2085 4066 2307 4137 vigilate

729 4161 785 4217 in
816 4162 1184 4224 orationibus,
1216 4170 1275 4215 et
1334 4159 1576 4214 resistite
1619 4159 1844 4213 diabolo
1860 4158 1927 4212 '9.
1963 4176 1981 4209 »
2040 4159 2307 4214 Dominus

728 4253 895 4306 item:
933 4272 951 4303 c
984 4253 1283 4320 PrOpterea
1307 4250 1433 4304 dico
1482 4248 1663 4315 vobis,
1719 4250 1906 4304 omnia
1960 4264 2305 4318 quaecunque

724 4351 957 4398 orantes
990 4343 1201 4412 petitis,
1263 4341 1475 4397 credite
1518 4342 1651 4410 quia
1701 4340 2010 4409 accipietis.
2063 4348 2120 4394 et
2171 4341 2306 4396 ﬁent

725 4434 886 4489 vobis
908 4434 977 4489 ⁸⁸.
1014 4452 1034 4485 »
1073 4433 1124 4488 ls
1157 4448 1283 4487 cum
1332 4440 1480 4487 esset
1520 4432 1575 4486 in
1619 4432 1879 4502 quopiam
1939 4432 2063 4486 loco
2116 4447 2301 4499 orans,

2409 1974 2785 2045 διαλογισμοῦ.
2816 1993 2834 2025 »
2895 1974 3006 2027 Kal
3062 1976 3119 2026 ὲν
3166 1976 3286 2035 ταῖς
3318 1975 3613 2043 Πρὰξεσιν,
3649 1974 3731 2025 ὅτι
3770 1991 3789 2023 ί
3816 1968 3999 2025 Ἷισσν

2412 2066 2958 2136 προσκαρτεροῦντες
2983 2067 3049 2135 τῇ
3076 2065 3267 2134 διδαχῇ
3295 2065 3403 2117 τῶν
3428 2064 3775 2127 ἀποστόλων,
3813 2065 3911 2117 καὶ
3934 2067 3997 2133 τῇ

2411 2158 2671 2227 κοινωνίᾳ.
2703 2158 2799 2210 καὶ
2827 2159 2893 2227 τῇ
2922 2157 3117 2209 κλάσει
3151 2154 3246 2208 τοῦ
3277 2156 3442 2224 ἄρτου
3467 2194 3482 2217 ,
3536 2154 3634 2208 καὶ
3668 2156 3791 2216 ταῖς
3821 2170 3994 2224 προσ-

2409 2253 2621 2318 ευχαῖς.
2638 2269 2656 2301 »
2694 2251 2803 2301 Καὶ
2829 2250 3022 2302 πάλιψ
3054 2267 3071 2298 ι
3097 2250 3288 2317 Ἡμεῖς
3310 2248 3369 2301 δὲ
3390 2250 3459 2317 τῇ
3486 2249 3793 2318 προσευχῇ,
3814 2246 3913 2299 καὶ
3932 2250 3996 2315 τῇ

2408 2340 2657 2409 διακονίᾳ
2677 2340 2771 2393 τοῦ
2789 2341 2950 2408 λόγου
2969 2357 3283 2410 προσκαρτε
3294 2340 3577 2408 ρήσωμεν.
3590 2358 3609 2389 »
3628 2340 3736 2391 Kal
3754 2341 3789 2409 ἡ
3804 2338 3993 2406 Σοφία·

2418 2448 2435 2479 ι
2474 2428 2673 2492 Καθὼς
2716 2428 2871 2498 ηὔξω
2916 2430 3084 2499 εὐχὴν
3124 2430 3203 2499 τῷ
3245 2429 3456 2500 Κυρίῳ,
3503 2428 3579 2498 μὴ
3604 2428 3874 2499 χρονίσῃς
3903 2426 3997 2479 τοῦ

2409 2517 2703 2572 ἀποδοῦναι
2736 2519 2907 2587 αὐτὴν
2927 2557 2941 2582 ,
2982 2519 3066 2570 ὅτι
3096 2518 3197 2569 ὅσα
3231 2516 3382 2587 ηὔξω
3414 2516 3724 2585 ἀποδώσῃς.
3767 2516 3999 2584 ’Λγαοὺν

2409 2611 2468 2663 τὸ
2520 2611 2595 2681 μὴ
2638 2609 2898 2674 εὔξασθαι
2922 2652 2936 2675 ,
2987 2610 3021 2679 ἢ
3068 2608 3350 2676 εὔξασθαι,
3388 2609 3484 2661 καὶ
3517 2608 3593 2679 μὴ
3620 2608 3944 2663 ἀποδοῦναι.
3975 2627 3992 2658 »

2422 2704 2479 2754 Ὀ
2506 2702 2559 2752 δὲ
2598 2702 2882 2770 μισάδικος
2914 2700 3035 2753 Ἰὼϐ
3056 2740 3072 2764 ,
3130 2720 3149 2753 ι
3178 2701 3401 2754 Ἀδικον
3421 2741 3437 2766 ,
3481 2702 3659 2769 λέγων
3679 2741 3696 2766 ,
3743 2702 3906 2755 οὐδὲν
3933 2698 3999 2771 ἦν

2410 2795 2467 2846 ὲν
2498 2794 2652 2864 χερσί
2684 2810 2808 2859 μου,
2849 2792 2982 2863 εὐχὴ
3010 2792 3068 2845 δέ
3103 2809 3205 2862 μου
3239 2792 3513 2863 καθαρά.»
3551 2794 3661 2847 Kal
3691 2793 3721 2844 6
3747 2793 3960 2863 Πέτρος
3983 2810 3996 2822 ·

2416 2902 2435 2934 σ
2470 2884 2869 2954 Σωφρονήσατε
2902 2882 2997 2935 οὖν
3028 2883 3124 2934 καὶ
3155 2883 3363 2951 νήψατε
3409 2884 3492 2945 είς
3519 2884 3872 2953 προσευχὰς,
3908 2886 3999 2937 καὶ

2409 2973 2699 3041 ἀντίστητε
2731 2972 2808 3041 τῷ
2835 2971 3125 3041 διαϐόλῳ.»
3175 2971 3234 3024 ’(1
3259 2972 3317 3024 δὲ
3349 2971 3590 3043 Κύριοςο
3649 2991 3668 3022 ι
3706 2972 3811 3026 Διά
3842 2972 3999 3024 τοῦτο

2409 3063 2552 3130 λέγω
2584 3064 2745 3132 ὑμῖν,
2797 3064 2974 3116 πάντα
3018 3065 3119 3117 ὅσα
3169 3064 3236 3117 ἂν
3269 3067 3701 3135 προσευχόμενοι
3730 3067 3995 3123 αἰτεῖσθε.

2411 3156 2699 3207 πιστεύετε
2724 3155 2808 3209 ὃτι
2831 3154 3164 3223 λαμϐάνετε,
3192 3156 3290 3209 καὶ
3313 3155 3464 3209 ἔσται
3486 3156 3634 3225 ὑμῖν.
3650 3175 3668 3206 »
3704 3157 3821 3210 Kal
3843 3160 3904 3211 ἐν
3924 3158 3999 3226 τῷ

2410 3244 2552 3301 εἶναι
2597 3248 2761 3301 αὑτὸν
2810 3248 2868 3299 ὲν
2896 3248 3051 3317 τόπῳ
3078 3250 3188 3301 τινὶ
3219 3248 3679 3319 προσευχόμενον,
3712 3248 3793 3313 ὡς
3824 3250 3996 3303 ἐπαύ-

2412 3357 2566 3405 σατο,
2598 3337 2721 3392 εἶπέ
2746 3356 2833 3401 τις
2857 3338 2964 3391 τῶν
2994 3339 3256 3410 μαθητῶν
3280 3338 3479 3392 αὐτοῦ’
3511 3358 3530 3391 ι
3565 3340 3766 3410 Κύριε,
3789 3340 4001 3406 δίδαξον

2408 3432 2558 3502 ἡμᾶς
2604 3429 3035 3501 προσεύχεσθαι,
3063 3448 3085 3483 »
3142 3431 3240 3484 καὶ
3285 3425 3471 3485 εῐπεν⁶
3529 3430 3732 3485 «Ὅταν
3763 3431 3999 3501 προσεύ-

2408 3520 2616 3591 χησθε,
2667 3520 2893 3589 λέγετε,
2944 3520 3130 3590 Πάτερ
3176 3519 3338 3590 ἡμῶν
3387 3522 3417 3573 6
3461 3520 3520 3573 ὲν
3561 3522 3678 3584 τοῖς
3717 3522 3996 3592 οὐρανοῖς.

2411 3610 2727 3680 ἁγιασθήτω
2756 3611 2820 3664 τὸ
2843 3610 3017 3681 ὄνομά
3043 3628 3161 3673 σου,
3192 3630 3212 3664 ι
3264 3612 3363 3664 καὶ
3410 3612 3559 3681 ἑξῆς.
3606 3614 3719 3667 Καὶ
3754 3614 3960 3681 ἐπάγει
3979 3631 3994 3645 ·

2414 3723 2434 3757 ι
2464 3705 2697 3769 Αἰτεῖτε,
2720 3706 2816 3757 καὶ
2836 3704 3124 3775 δοθήσεται
3144 3704 3275 3774 ὑμῖν
3289 3720 3304 3733 ⁸
3330 3701 3569 3775 ζητεῖτε,
3590 3705 3687 3757 καὶ
3703 3705 3993 3776 εὑρήσετεο

2408 3794 2673 3865 κρούετε,
2726 3798 2823 3849 καὶ
2870 3796 3225 3866 ἀνοιγήτεται
3275 3796 3424 3865 ὑμῖν,
3456 3815 3473 3846 »
3534 3797 3648 3848 Kal
3697 3797 3994 3865 ὲπιφέρει’

2414 3905 2433 3938 ο
2477 3887 2537 3939 Εἰ
2566 3882 2661 3939 οὖν
2696 3886 2877 3964 ἡμεῖς,
2912 3888 3142 3958 πονηροὶ
3171 3887 3543 3957 ὑπάρχοντες,
3578 3888 3765 3941 οἴδατε
3794 3889 3996 3942 διδόναι

2407 3980 2520 4041 τοῖς
2567 3979 2783 4041 τέκνοις
2830 3978 2989 4049 ὑμῶν
3037 3978 3249 4048 δόματα
3295 3979 3515 4046 ἀγαθὰ,
3578 3979 3734 4049 πόσῳ
3791 3981 3996 4050 μᾶλλον

2405 4072 2435 4122 6
2483 4069 2671 4139 Πατὴρ
2725 4072 2754 4122 6
2803 4069 2862 4133 ἐξ
2908 4068 3144 4139 ούρανοῦ
3194 4068 3357 4123 δώσει
3410 4069 3635 4141 Πνεῦμα
3673 4070 3839 4139 ἅγιον
3884 4076 3998 4135 τοῖς

2407 4161 2652 4213 αἰτοῦσιν
2691 4162 2883 4214 αύτὸνι
2918 4183 2935 4206 ν
2997 4162 3112 4214 Καὶ
3162 4162 3490 4231 βουλόμενος
3518 4165 3670 4234 ἡμᾶς
3699 4166 3728 4216 6
3755 4165 3995 4218 πολυπό-

2407 4252 2568 4319 θητος
2609 4252 2816 4321 Κύριος
2865 4252 2953 4305 διὰ
2993 4253 3247 4324 κρυπτῆς
3276 4254 3545 4324 ἐργασίας
3576 4256 3677 4324 τὴν
3705 4256 3883 4328 εὐχὴν
3920 4258 3995 4328 τις»

2405 4343 2525 4412 Θεῷ
2557 4343 2914 4413 προσφέρειν,
2952 4343 3135 4414 λέγει’
3198 4362 3218 4396 σ
3241 4345 3413 4398 Ὅταν
3440 4347 3750 4421 προσεύχῃ,
3788 4349 3994 4402 εἴσελθε

2406 4435 2486 4494 εἰς
2533 4432 2595 4484 τὸ
2638 4432 2862 4501 ταμεῖόν
2908 4448 3046 4497 σου,
3104 4433 3201 4487 καὶ
3252 4434 3475 4497 κλείσας
3523 4435 3622 4505 τὴν
3664 4436 3843 4503 θύραν
3877 4455 3992 4496 σου.

727 4536 900 4597 utque
949 4527 1345 4596 interquievit,
1404 4525 1629 4596 quidam
1698 4523 2103 4594 discipulorum
2180 4527 2300 4595 ejus

2411 4522 2701 4593 πρόσευξαι
2726 4523 2805 4593 τῷ
2829 4522 3004 4593 Πατρί
3030 4540 3124 4576 σου
3156 4526 3213 4577 ἐν
3232 4525 3311 4596 τῷ
3331 4526 3557 4595 κρυπτῷ
3576 4544 3592 4559 ’
3636 4528 3734 4581 καὶ
3755 4529 3786 4580 6
3804 4530 3994 4598 Πατήρ

726 4620 941 4689 rogavit
974 4619 1162 4673 illum:
1197 4636 1216 4670 ι
1256 4617 1509 4681 Domine,
1538 4616 1676 4670 doce
1704 4630 1806 4669 nos
1827 4613 2076 4679 orare";
2114 4633 2131 4665 »
2158 4614 2300 4669 dixit

724 4706 919 4762 Jesus:
962 4725 981 4758 ι
1023 4706 1161 4762 Cum
1187 4706 1499 4769 oraveritis,
1522 4705 1716 4760 dicite:
1762 4705 1924 4759 Pater
1955 4716 2147 4760 noster
2200 4705 2297 4774 qui

2408 4633 2531 4680 σου,
2574 4616 2603 4666 6
2640 4614 2853 4685 βλέπων
2885 4616 2944 4669 ὲν
2973 4616 3051 4686 τῷ
3079 4616 3307 4688 κρύπτῳ
3325 4657 3339 4681 ,
3395 4618 3668 4672 ἀποδώσει
3697 4637 3784 4673 σοι
3831 4622 3891 4675 ὲν
3920 4623 3995 4693 τῷ

2408 4707 2682 4777 φανερῷ.»
2728 4706 2888 4778 Λύτῷ
2916 4709 2949 4778 ἡ
2975 4707 3103 4769 δόξα
3133 4709 3213 4771 εἰς
3238 4710 3365 4771 τοὺς
3392 4710 3618 4774 αἰῶνας.
3661 4713 3863 4783 Ἀμήν.

725 4816 787 4856 es
820 4801 875 4854 in
918 4800 1092 4864 etelis,
1143 4799 1520 4855 sanetilice'str
1571 4815 1774 4854 nomen
1813 4800 2057 4865 tuum“,
2110 4819 2130 4853 ι
2188 4810 2298 4857 etc.
2340 4800 2588 4855 lnducit:
2632 4815 2655 4851 ι
2692 4801 2891 4864 Petite,
2926 4811 2981 4855 et
3031 4801 3257 4857 dabitur
3290 4803 3487 4870 vobis;
3524 4805 3783 4874 quaerite,
3826 4815 3885 4861 et
3912 4806 3993 4860 in-

726 4894 995 4957 venietis;
1029 4895 1269 4964 pulsate,
1296 4904 1353 4949 et
1374 4893 1908 4963 aperieturvobis".
1950 4914 1968 4946 >
1999 4895 2208 4950 Infert;
2244 4916 2261 4947 ι
2290 4896 2346 4950 Si
2388 4897 2553 4963 igitur
2589 4912 2686 4950 vos
2742 4911 2868 4951 cum
2931 4898 3054 4951 sitis
3090 4897 3243 4963 mali,
3279 4898 3454 4954 nostis
3488 4899 3631 4953 dona
3675 4897 3824 4955 bona
3870 4901 3993 4955 dare

727 4983 855 5038 [iliis
882 4985 1099 5043 vestris.
1125 4994 1332 5054 quanto
1353 4985 1705 5053 magisPater
1729 4984 1973 5039 caelestis
1995 4985 2152 5039 dabit
2176 4986 2447 5054 Spiritum
2475 4996 2727 5041 sanetum
2799 4988 3118 5056 petentibus
3176 5004 3234 5043 se
3275 4988 3354 5043 “?
3391 5010 3411 5041 »
3451 4992 3673 5060 Nosque
3740 4996 3990 5063 cupiens.

725 5077 870 5130 votis
893 5076 1150 5129 omnibus
1171 5075 1513 5145 expetendus
1542 5085 1601 5130 et
1625 5076 2008 5131 desiderabilis
2033 5078 2300 5132 Dominus
2337 5094 2537 5133 arcana
2567 5095 2666 5134 sua
2724 5078 3048 5147 operatione
3088 5081 3297 5135 erudiri
3359 5082 3424 5135 ad
3490 5082 3833 5138 oll‘erendam
3886 5086 3991 5140 Deo

725 5168 1058 5229 orationem,
1093 5166 1501 5236 dicit:1199
1529 5187 1547 5218 ι
1583 5166 1722 5222 Cum
1758 5170 2028 5232 oraveris,
2084 5170 2225 5224 intra
2282 5171 2333 5223 in
2375 5171 2695 5224 cubiculum
2738 5179 2913 5233 tuum,
2949 5179 3006 5225 et
3045 5171 3234 5227 clauso
3291 5175 3436 5227 ostio
3476 5185 3571 5228 tuo
3628 5191 3725 5229 ora
3778 5177 3988 5231 Patrem

729 5273 882 5317 tuum
906 5258 1001 5325 qui
1032 5258 1196 5311 estin
1224 5258 1518 5323 abseouso,
1551 5267 1607 5312 et
1637 5259 1797 5314 Pater
1822 5268 1952 5313 tuus
1983 5242 2081 5316 oui
2145 5260 2295 5314 videt
2334 5261 2389 5312 in
2421 5260 2713 5323 absconso,
2774 5258 2971 5313 reddet
3003 5259 3103 5313 tibi
3136 5260 3191 5315 in
3248 5261 3638 5316 manifesto”.
3677 5282 3694 5313 »
3727 5263 3838 5333 Ipsi
3878 5266 3987 5335 glo-

729 5348 810 5401 ria
838 5348 891 5401 in
921 5349 1141 5405 secula.
1168 5349 1364 5403 Amen.

804 5527 846 5557 ⁸³
876 5526 1037 5579 Rom.
1062 5540 1182 5582 vm.
1211 5526 1303 5579 9.6.
1381 5526 1421 5556 “
1457 5526 1634 5580 Eccle.
1675 5542 1727 5587 ν,
1762 5525 1823 5587 3;
1856 5524 2034 5587 Levit,
2062 5541 2170 5582 χχι,
2195 5525 2227 5575 τι

2460 5525 2620 5579 Num.
2662 5542 2785 5590 xxx,
2816 5526 2870 5579 5.
2989 5525 3237 5581 "Jntltc.
3269 5541 3344 5588 vi,
3387 5526 3475 5579 55.
3558 5527 3598 5558 "
3625 5527 3802 5582 Eceli.
3840 5546 3981 5584 mn.

734 5596 915 5649 22-21.
995 5596 1037 5624 ¹⁸
1062 5596 1225 5649 Prov.
1268 5612 1355 5652 xv.
1378 5598 1465 5649 ‘29.
1544 5597 1584 5625 ¹⁹
1608 5597 1748 5650 l‘sal.
1782 5612 1938 5655 mw,
1971 5596 2050 5647 l2.
2162 5598 2206 5624 ὀ
2234 5597 2307 5649 l‘.-:

2411 5612 2552 5659 xm,
2610 5597 2689 5650 ll.
2797 5595 3009 5649 "Psal.
3067 5612 3187 5659 exv,
3257 5595 3341 5648 βξ.
3445 5598 3489 5627 "
3521 5598 3683 5652 Rom.
3738 5615 3836 5659 xn,
3904 5603 3976 5653 ll-

738 5667 781 5696 "
810 5665 1010 5732 Epltcs.
1043 5681 1118 5725 vt,
1150 5665 1234 5717 18.
1312 5662 1685 5720 “l'l‘int.tt.8.
1763 5666 1807 5693 ’⁸
1835 5667 1950 5717 .\et.
1984 5680 2041 5719 ιι.
2085 5665 2159 5718 12.
2239 5667 2284 5695 "‘-

2420 5709 2429 5718 .
2461 5683 2529 5722 \‘I.
2576 5668 2620 5721 1.
2700 5667 2740 5697 ’⁷
2772 5665 2950 5718 Eri-le.
2992 5682 3044 5725 v.
3068 5666 3119 5722 3.
3146 5666 3197 5720 4.
3303 5668 3421 5695 “-“
3456 5667 3559 5721 Job
3599 5684 3743 5727 mu.
3770 5670 3821 5720 (ἰ.
3894 5672 3933 5700 ³⁸
3963 5669 3977 5721 l

741 5737 882 5788 l‘t‘il‘.
922 5750 975 5785 γ.

741 5808 888 5866 ιἰ,ϋ.

1127 5734 1171 5766 ⁸⁸
1200 5735 1359 5788 Marc.
1398 5752 1468 5799 xu,
1501 5736 1588 5787 Ἡ.
1668 5736 1705 5765 “
1749 5735 1875 5787 1.ιιί’.
1914 5752 1984 5796 λι,
2019 5736 2064 5788 l.
2154 5738 2189 5763 "
2219 5738 2297 5789 Ida

2448 5752 2518 5799 ιι,
2547 5739 2599 5791 υ.
2680 5738 2722 5766 ’⁸³
2760 5736 2951 5790 Matth.
2990 5738 3145 5800 m,7.
3224 5737 3265 5765 δ”
3298 5735 3431 5791 Luc.
3464 5755 3536 5801 λι,
3574 5737 3653 5791 15.
3737 5740 3781 5769 ⁸³
3804 5741 3978 5794 Matth.
