4178 6424
181 454 311 519 1761

778 582 1001 638 ΛΟΓΟΣ
1033 579 1152 633 l‘Z'.

681 698 819 764 Περὶ
870 695 1270 760 κατανύξεως.

263 815 326 868 'll
371 811 663 876 κατάνυξ·.ς
720 809 894 861 τίκτει
962 806 1053 861 τὸν
1101 804 1383 874 κλαυθμὸν
1445 801 1542 856 καὶ
1573 801 1644 855 τὰ
1671 799 1766 854 δά-

175 924 354 980 κρυα·
391 907 543 973 κόπῳ
588 904 644 956 δέ
670 921 778 956 τινι
814 901 1056 972 ἔρχεται,
1086 900 1136 952 εί
1166 897 1242 968 μὴ
1296 895 1386 949 διὰ
1410 893 1611 962 πολλῆς
1645 893 1767 947 ἀδο-

178 999 402 1069 λεσχίας
447 997 541 1050 καὶ⁵
583 995 946 1064 ὑπομνήσεως
989 993 1090 1061 τῆς
1143 989 1384 1059 φοϐερᾶς
1411 987 1628 1058 ἡμέρας
1667 984 1767 1054 τῆς

180 1093 441 1161 κρίσεως,
483 1088 577 1141 καὶ⁵
601 1085 1014 1148 ἁνταποδὸσεως
1047 1077 1123 1136 ὧν
1156 1083 1477 1152 ἡμάρτομεν
1516 1081 1574 1132 ἐν
1602 1078 1766 1146 λόγῳ,

181 1185 278 1236 καὶ
305 1183 470 1252 ἔργῳ,
496 1179 592 1233 καὶ
626 1177 865 1249 διανοίᾳο
895 1176 989 1228 καὶ
1013 1174 1116 1244 τῆς
1145 1172 1408 1245 αἰσχύνης
1428 1173 1645 1241 ἐκείνης
1669 1171 1770 1240 τῆς

183 1277 280 1328 ἐπὶ
307 1272 402 1326 τοῦ
427 1268 659 1343 φοϐεροῦ
692 1269 959 1340 βήματος,
1006 1264 1240 1318 ἐνώπιον
1268 1264 1518 1333 ἀγγέλων
1547 1263 1646 1316 καὶ
1677 1262 1770 1314 άν-

182 1367 442 1439 θρῶπων,
506 1362 601 1418 καὶ
627 1363 766 1415 ὅλων
791 1359 902 1413 τῶν
954 1357 1297 1428 ἐπουρανίων
1334 1357 1639 1426 δυνάμεων,
1678 1353 1770 1406 ὅτε

182 1457 370 1526 γυμνὰ
395 1455 491 1508 καὶ
517 1450 990 1524 τετραχηλισμένα
1015 1449 1216 1512 πάντα,
1246 1449 1334 1502 ὅτε
1356 1447 1585 1508 ἐκαστος
1613 1444 1772 1514 ἡμῶν

183 1550 521 1618 παρίσταται
553 1544 695 1613 ὑπὲρ
741 1541 939 1597 ἐαυτοῦ
971 1540 1430 1611 ἀπολογούμενος,
1486 1540 1573 1592 ὅτε
1600 1537 1774 1599 οὐδεὶς

183 1640 363 1693 οὐδενὶ
418 1636 634 1710 βοηθὸς,
691 1636 780 1689 ὅτε
810 1634 1174 1707 φανεροῦνται
1202 1634 1273 1686 τὰ
1304 1631 1687 1704 κεκρυμμένα,
1736 1631 1774 1684 ἃ.

183 1732 363 1794 οὐδεὶς
391 1731 528 1794 τέως
557 1725 719 1795 οἶδεν,
756 1729 806 1781 εί
840 1729 917 1800 μὴ
942 1729 977 1796 ὴ
1009 1725 1317 1796 συνείδησις
1357 1723 1538 1796 ἡμῶν,
1572 1722 1775 1794 μᾶλλον

184 1825 242 1878 δέ
297 1825 369 1877 τὰ
419 1823 647 1877 πλεῖστα
700 1822 823 1876 οὐδὲ
889 1823 923 1893 ἡ
967 1819 1166 1891 καρδία
1226 1818 1538 1884 ἐπίσταται,
1595 1820 1646 1872 εί
1697 1817 1773 1888 μὴ

189 1915 352 1985 μόνος
381 1917 410 1968 ὁ
461 1915 669 1979 ἐτάζων
722 1913 953 1980 καρδίας
980 1912 1077 1966 καὶ
1121 1913 1378 1983 νεφροὺς,
1434 1913 1464 1964 ὁ
1492 1911 1648 1972 Θεὸς,
1682 1910 1773 1963 ὅτε

193 2024 212 2056 ι
252 2007 373 2077 Πῦρ
407 2007 640 2060 ἐνώπιον
692 2005 860 2060 αὐτοῦ
912 2006 1375 2078 προπορεύσεται,
1414 2004 1509 2058 καὶ
1563 2002 1781 2072 φλογιεϊ

186 2098 379 2168 κύκλῳ
412 2099 542 2161 τοὺς
571 2099 801 2168 ἐχθροὺς
838 2096 1025 2152 αὐτοῦ.
1059 2115 1084 2150 ο
1149 2097 1280 2150 Ὀτε
1323 2095 1781 2159 καταδικάζονται

187 2191 236 2243 oi
262 2191 366 2260 μὲν
394 2191 475 2253 είς
501 2194 563 2244 τὸ
587 2189 776 2251 σκότος
801 2188 864 2242 τὸ
898 2188 1163 2259 ἐξώτερον
1190 2186 1252 2242 τὸ
1282 2186 1686 2258 ἡτοιμασμένον
1704 2186 1782 2257 τῷ

188 2281 426 2352 διαϐόλῳ
459 2281 554 2334 καὶ
600 2283 716 2343 τοῖς
742 2280 994 2350 ἀγγέλοις
1038 2278 1245 2332 αὐτοῦ’
1295 2278 1345 2332 of
1379 2278 1436 2331 δέ
1468 2279 1550 2341 εἰς
1578 2277 1641 2331 τὸ
1669 2275 1783 2348 πῦρ

187 2369 252 2422 τὺ
268 2367 490 2422 αἰώνιον
513 2386 529 2403 ο
559 2369 709 2425 ἄλλοι
737 2368 1207 2440 παραπέμπονται
1235 2366 1314 2438 τῷ
1341 2366 1628 2438 ἀκοιμήτῳ
1650 2365 1784 2419 σκῶ-

188 2459 347 2528 ληκι,
382 2459 533 2514 ἄλλοι
586 2459 665 2529 τῷ
716 2459 979 2528 ταρτάρῳ
1029 2457 1456 2528 παραδίδονται·
1489 2458 1585 2510 καὶ
1622 2455 1676 2508 τί
1704 2455 1785 2508 δεῖ

189 2552 380 2605 πάντα
424 2551 565 2605 κατὰ
589 2549 788 2603 λεπτὸν
813 2549 1204 2619 ἀπαγγέλλειν,
1263 2549 1361 2602 καὶ
1404 2549 1638 2620 άκηδίαν
1680 2549 1787 2620 ἐμ-

186 2645 372 2694 ποιεῖν
430 2644 544 2706 τοῖς
605 2643 938 2714 άκροαταῖςς
1003 2640 1190 2696 Ταῦτα
1237 2637 1332 2697 οῦν
1367 2641 1548 2696 πάντα
1577 2641 1674 2695 καὶ
1717 2640 1788 2695 τά

187 2736 358 2803 ὃμοια
385 2732 714 2797 ἐννοοῦντες,
750 2733 1046 2804 ἀγαπητοὶ,
1073 2733 1318 2802 ἔλθωμεν
1343 2734 1424 2796 είς
1469 2731 1786 2797 κατάνυξιν,

189 2829 291 2880 καὶ
343 2825 683 2896 παυσώμεθα
737 2825 846 2878 τῶν
901 2825 1089 2879 κακῶν
1151 2824 1308 2896 ημῶν
1361 2825 1646 2896 πράξεων
1693 2824 1790 2878 καὶ

190 2917 524 2986 κλαύσωμεν
561 2917 774 2987 ὴμέρας
805 2917 898 2970 καὶ
923 2916 1142 2979 νυκτὸς,
1175 2915 1419 2971 ἐναντίον
1450 2916 1656 2986 Κυρίου
1691 2914 1786 2967 τοῦ

192 3010 527 3078 ποιήσαντος
560 3007 912 3078 ήμᾶς.”οπου
939 3008 1049 3078 γὰρ
1075 3007 1311 3078 δάκρυα,
1339 3009 1457 3061 ἐκεῖ
1474 3006 1789 3077 δυσώπησις

192 3099 365 3152 Θεοῦ·
417 3101 452 3169 ὴ
488 3100 662 3172 πόρνη
708 3099 796 3154 διὰ
841 3101 1061 3172 θερμῶν
1115 3100 1388 3170 δακρύων,
1436 3102 1565 3170 μιᾶς
1615 3100 1786 3169 ὥρας,

194 3192 414 3244 πολλῶν
440 3193 774 3262 ὀφλημάτων
792 3194 987 3262 ἄφεσιν
1007 3193 1306 3262 ἐκομίσατο
1320 3211 1334 3224 ο
1357 3194 1427 3246 τὰ
1447 3193 1662 3263 δάκρυα
1688 3196 1787 3264 τὴν

194 3285 368 3355 εὐχὴν
395 3285 475 3354 τῷ
503 3285 622 3355 Θεῷ
667 3286 1028 3356 παριστῶσιν,
1063 3286 1158 3339 καὶ
1185 3285 1585 3357 εὐπρόσδεκτον
1613 3287 1786 3356 αὐτὴν

196 3374 468 3428 ποιοῦσιν.
494 3377 553 3427 '0
589 3376 815 3446 Πέτροῖ,
845 3376 934 3430 διὰ
961 3378 1088 3446 μιᾶς
1113 3377 1262 3448 ῶρας
1292 3376 1786 3450 πικρῶνδακρύων,

195 3466 261 3518 οὐ
296 3469 460 3536 μόνον
493 3468 846 3537 συνεχωρήθη
882 3466 961 3538 τῷ
986 3467 1293 3537 πταίσματι
1340 3470 1442 3539 τῆς
1471 3469 1786 3541 ἀρνήσεως,

195 3556 340 3610 άλλὰ
375 3557 470 3610 καὶ
500 3558 597 3618 τὰς
630 3558 777 3619 κλεῖς
806 3558 904 3627 τῆς
960 3557 1240 3628 βασιλείας
1270 3558 1380 3611 τῶν
1417 3559 1665 3630 οὐρανῶν
1693 3574 1789 3610 πι-

199 3647 479 3703 στεύεται.
527 3648 748 3718 Ἐζεκίᾳ
779 3649 859 3720 τῷ
890 3649 1118 3718 βασιλεῖ,
1168 3649 1237 3702 δι’
1289 3650 1485 3717 ὀλίγων
1535 3649 1789 3719 δακρύων

197 3738 502 3792 δεκαπέντε
548 3740 642 3809 ἐτη
675 3742 740 3810 τῇ
789 3741 900 3808 ζωῇ
933 3740 1259 3809 προσετέθη.
1317 3741 1384 3792 Δί
1416 3741 1628 3811 ῥανίδες
1679 3741 1789 3793 τῶν

198 3833 457 3902 δακρύων
486 3833 562 3896 ὼς
605 3834 727 3901 μέλι
759 3833 1031 3900 γλυκάζον
1079 3833 1220 3885 είσὶν
1244 3835 1302 3886 ἐν
1348 3837 1414 3903 τῇ
1445 3833 1664 3904 καρδία,
1696 3834 1790 3887 καὶ

200 3923 460 3994 θυμίαμα
493 3924 692 3988 εὑῶδες
723 3926 873 3994 παρὰ
893 3925 971 3995 τῷ
1000 3925 1140 3994 Θεῷ.
1162 3925 1283 3996 Χρὴ
1311 3925 1427 3989 οὖν,
1456 3925 1562 3995 πρὸ
1591 3925 1790 3989 παντὸς

201 4015 534 4084 αίτήματος,
583 4015 924 4085 κατόρθωσιν
972 4014 1276 4086 κεχρῆσθαι
1330 4019 1443 4078 τοῖς
1505 4016 1788 4086 δάκρυσιν.

203 4107 359 4160 Ιιάνυ
408 4105 516 4178 γὰρ
544 4106 721 4176 χαίρει
748 4107 776 4158 ὁ
820 4107 1099 4178 Δεσπότης
1122 4109 1281 4178 ἡμῶν
1303 4108 1588 4179 δεχόμενος
1623 4127 1794 4181 προσ-

202 4200 373 4267 ευχὴν
404 4199 461 4250 ἐν
487 4198 750 4268 δάκρυσιν
782 4199 921 4267 μετὰ
954 4200 1219 4270 ταπεινῆς
1246 4201 1493 4271 καρδίας,
1528 4202 1793 4272 μηδαμῶς

203 4288 602 4359 ἐπαιρομένης,
622 4288 699 4352 ὡς
729 4289 870 4359 ὑπὲρ
896 4291 1023 4351 τοὺς
1047 4291 1279 4354 πολλοὺς
1305 4293 1475 4346 ὄντων
1499 4295 1531 4362 ἡ
1541 4294 1679 4362 μῶν,
1704 4294 1793 4348 ἴνα

209 4383 287 4451 μὴ
317 4382 409 4434 ἐπὶ
431 4381 616 4432 πλεῖον
650 4382 1077 4453 παροργίσωμεν
1101 4381 1193 4454 τῂν
1209 4383 1478 4436 δεδωκότα
1496 4385 1591 4456 τὴν
1611 4386 1790 4456 χάριν.

208 4474 404 4528 Πολλοὶ
425 4474 534 4544 γὰρ
562 4473 889 4543 δακρύοντες
919 4474 1059 4544 ὑπὲρ
1092 4475 1400 4546 ἁμαρτιῶν,
1436 4477 1792 4532 ἐπιλανθανό-

1100 445 1257 504 110M
1273 443 1423 503 [ΠΛ
1463 440 1734 504 (ΝΠΑ-
1764 437 1862 497 DE
1902 439 2514 502 COMPUNCTIONE.

3304 443 3443 512 176?.

2415 572 2701 627 ΙΙΟΜΙΜΛ
2738 573 2893 628 CVII.

2384 687 2460 741 Dc
2495 691 2920 758 compunctionc.

1936 797 2305 866 Compunctio
2328 799 2516 854 fletum
2546 804 2691 872 parit
2720 814 2778 858 et
2817 804 3123 876 lacrymas:
3166 821 3276 862 non
3327 825 3447 865 me-

1865 887 2041 943 diocri
2069 890 2292 960 negotio
2321 891 2547 947 obvenit
2571 895 2812 961 homini,
2841 896 2949 951 nisi
2973 895 3161 953 forsan
3183 902 3452 957 exercita-

1869 980 1944 1036 tio
1975 982 2244 1050 prolixior
2276 987 2658 1049 anteverterit,
2688 998 2786 1044 aut
2824 992 3284 1048 commemoratio
3333 993 3448 1048 for-

1869 1074 2149 1129 midabilis
2173 1075 2397 1145 judicii,
2459 1087 2515 1131 ct
2546 1078 2768 1135 vicaria:
2823 1083 3211 1139 retributionis
3257 1100 3452 1140 eorum

1867 1183 1990 1236 qum
2027 1169 2215 1238 inique
2245 1170 2522 1240 gessimus
2549 1187 2830 1238 sermone,
2852 1190 3044 1243 opere,
3080 1175 3454 1245 cogitatione:

1869 1269 1965 1314 aut
1990 1271 2143 1315 certe
2168 1277 2267 1330 per
2289 1261 2561 1332 pudorem
2585 1279 2650 1318 ac
2675 1264 2922 1320 dedecus
2938 1268 3088 1336 quod
3112 1268 3460 1324 datnnandos

1871 1361 2055 1406 manet
2079 1359 2208 1405 ante
2245 1351 2381 1407 illud
2405 1353 2756 1410 formidabile
2782 1357 3050 1424 tribunal,
3075 1361 3130 1414 in
3154 1371 3457 1430 conspectu

1871 1442 2193 1512 angelorum
2213 1453 2271 1497 et
2291 1444 2600 1511 hominum,
2628 1448 3126 1518 universarumque
3149 1451 3459 1506 cmlestinm

1871 1533 2180 1599 virtutum,
2226 1549 2351 1588 cum
2427 1535 2573 1590 nuda
2635 1545 2692 1591 et
2755 1547 2945 1608 aperta
2992 1549 3161 1593 erunt
3230 1540 3458 1604 omnia,

1872 1626 2096 1696 quando
2125 1625 2510 1697 unusquisque
2537 1636 2788 1684 nostrum
2829 1632 3256 1700 praesentabitur
3277 1649 3378 1703 pro
3404 1648 3463 1689 sc

1874 1733 2266 1789 responsurus,
2299 1737 2423 1774 cum
2450 1735 2615 1775 nemo
2633 1721 2794 1776 alteri
2823 1724 3028 1793 poterit
3061 1741 3182 1780 esse
3214 1727 3461 1790 auxilio;

1875 1809 2101 1878 quando
2158 1811 2377 1866 cunctis
2429 1827 2629 1866 arcana
2680 1821 2986 1881 patescent,
3041 1816 3179 1870 nulli
3233 1825 3465 1874 eatenus

1807 1912 1848 1967 Β
1876 1909 2163 1969 comperta
2185 1909 2242 1956 et
2268 1901 2577 1970 explorata,
2609 1902 2714 1957 nisi
2739 1919 2863 1973 qua:
2888 1905 3159 1976 cujusque
3181 1908 3465 1962 conscicno

1881 1992 1961 2047 tia
1996 1992 2180 2047 novit:
2213 1993 2347 2062 quin
2374 1995 2559 2064 potius
2581 1996 2820 2064 plurima
2848 2012 2973 2067 quaa
3013 2013 3084 2053 ne
3115 2014 3212 2053 cor
3241 2000 3465 2069 quidem

1879 2091 2135 2140 nostrum
2170 2085 2296 2150 scit,
2330 2094 2533 2155 praeter
2554 2087 2728 2141 Deum
2760 2089 2854 2158 qui
2887 2088 3055 2144 corda
3109 2100 3391 2147 scrutatur
3413 2101 3470 2147 et

1880 2191 2082 2240 renes;
2115 2193 2265 2241 cum,
2303 2196 2322 2230 ι
2361 2178 2506 2248 Ignis
2529 2178 2586 2232 in
2624 2188 2926 2248 conspectu
2948 2182 3069 2251 ejus
3102 2182 3389 2252 procedet,
3415 2192 3471 2238 et

1883 2267 2251 2324 inﬂammabit
2277 2267 2333 2322 in
2358 2269 2601 2324 circuitu
2631 2269 2888 2326 inimicos
2921 2272 3131 2342 ejus“:
3181 2292 3201 2326 ι
3247 2273 3472 2343 quando

1883 2360 2407 2416 condemnabuntur
2431 2361 2487 2416 hi
2510 2361 2736 2430 quidem
2768 2363 2823 2416 in
2867 2364 3126 2419 tenebras
3164 2366 3474 2422 exteriores

1887 2453 2203 2524 ablegandi,
2223 2470 2347 2524 qua
2375 2462 2580 2524 parata:
2603 2463 2734 2508 sunt
2763 2454 2988 2510 diabolo
3010 2464 3067 2511 et
3089 2457 3303 2526 angelis
3325 2458 3470 2526 ejus:

1888 2544 1968 2600 illi
2001 2560 2134 2600 vero
2155 2545 2540 2616 praecipitandi
2572 2546 2630 2600 in
2657 2546 2839 2617 ignem
2873 2556 3145 2602 aeternum
3159 2548 3225 2602 δ’.
3253 2548 3324 2604 Et
3348 2548 3472 2619 qui-

1887 2637 2016 2693 dem
2042 2638 2134 2694 alii
2161 2640 2567 2712 propellentur,
2609 2638 2906 2694 addieendi
2956 2655 3242 2712 nunquam
3266 2642 3476 2696 dormi-

1889 2738 2014 2785 turo
2065 2730 2266 2795 vermi,
2312 2729 2408 2785 alii
2455 2731 2705 2800 voragini
2762 2730 3054 2786 tradentur
3133 2731 3472 2788 tartareae“.

1888 2823 2102 2892 Ecquid
2129 2838 2359 2878 necesse
2394 2823 2466 2877 sit
2514 2823 2734 2893 singula
2795 2823 2912 2878 haec
2941 2823 3200 2878 minutim
3238 2831 3299 2878 ut
3344 2839 3476 2894 per-

1888 2930 2166 2978 censeam,
2194 2930 2436 2983 quorum
2460 2929 2632 2968 censu
2657 2915 3014 2970 auditoribus
3062 2917 3287 2971 tadium
3316 2916 3473 2986 inge-

1889 3006 2260 3061 nerem?ll:ec
2312 3007 2481 3077 igitur
2540 3018 2708 3078 atque
2761 3008 2850 3064 his
2914 3023 3184 3078 perquam
3245 3010 3475 3076 similia,

1888 3098 2227 3163 charissimi,
2256 3100 2302 3154 si
2345 3100 2800 3168 expenderimus,
2862 3102 2933 3155 ad
2986 3103 3475 3171 compunctionem

1890 3192 2084 3260 utique
2104 3195 2503 3262 pertingcmus,
2529 3209 2741 3262 nosque
2758 3209 2921 3264 quam
2964 3194 3220 3249 ocissime
3245 3195 3480 3265 recipie-

1889 3298 2012 3337 mus
2036 3300 2068 3338 a
2091 3286 2378 3338 consuetis
2410 3285 2678 3353 Operibus
2738 3286 3047 3355 improbis;
3079 3286 3170 3340 die
3219 3302 3285 3342 ac
3309 3295 3477 3340 nocte

1888 3375 2234 3445 plorabimus
2260 3378 2314 3430 in
2344 3387 2646 3447 conspectu
2674 3378 2890 3431 Domini
2915 3380 3010 3447 qui
3055 3379 3188 3434 fecit
3218 3394 3344 3434 nos.
3372 3380 3474 3436 Ubi

1887 3467 2034 3522 cnim
2060 3467 2336 3538 lacryuue,
2379 3468 2456 3522 ibi
2494 3468 2797 3524 exorabilis
2827 3469 2923 3524 Dei
2951 3470 3270 3526 clementia.
3302 3469 3479 3524 liere~

1890 3558 2000 3611 trix
2024 3559 2116 3613 illa
2145 3559 2408 3629 lacrymis
2435 3560 2604 3613 unius
2637 3561 2788 3615 hora:
2808 3561 2902 3614 sed
2934 3562 3303 3631 praefervidis,
3337 3562 3480 3617 mul-

1890 3660 2072 3707 torum
2126 3653 2316 3705 retulit
2365 3652 2752 3707 remissionem
2814 3652 3156 3707 debitorum.
3197 3653 3475 3725 Laerymae

1889 3753 2220 3815 pnesentem
2258 3745 2526 3800 exhibent
2550 3747 2661 3800 Deo
2696 3745 3028 3812 orationem,
3060 3762 3295 3816 eamque
3355 3763 3478 3816 gra-

1891 3838 2092 3892 tiosam
2167 3838 2413 3892 reddunt
2472 3847 2529 3892 et
2599 3839 3021 3908 acccptabilem.
3089 3840 3290 3893 Petrus
3360 3839 3476 3909 ipse

1890 3931 2254 3985 amarulentis
2281 3931 2540 4001 lacrymis
2561 3946 2670 3985 una
2709 3932 2843 3985 hora
2883 3930 3245 3999 profusisnou
3277 3946 3478 4000 pecca-

1892 4022 2198 4077 tummodo
2221 4021 2609 4092 abnegationis
2650 4024 2961 4091 promeruit
3013 4021 3119 4076 sibi
3155 4022 3478 4083 condonari.

1892 4113 1989 4167 sed
2019 4121 2077 4167 et
2107 4114 2160 4166 in
2186 4129 2377 4167 carum
2403 4113 2637 4182 gratiam
2670 4114 2748 4166 illi
2768 4114 3106 4168 concreditae
3139 4121 3270 4168 sunt
3298 4115 3480 4170 claves

1894 4204 2048 4273 regni
2090 4205 2360 4258 cmlorum
2381 4204 2442 4256 “.
2481 4204 2732 4259 Ezechiae
2758 4204 2871 4274 regi
2900 4204 3128 4268 eximio,
3170 4205 3319 4273 quod
3363 4215 3481 4258 tan-

1893 4297 2072 4350 tillum
2104 4295 2342 4348 fudisset
2379 4294 2772 4364 Iacrymarum,
2813 4303 3177 4349 accreverunt
3213 4294 3282 4349 ad
3331 4295 3480 4350 illius

1892 4388 2067 4442 vitam
2087 4387 2224 4441 anni
2264 4387 2511 4455 quinque
2537 4395 2593 4440 et
2617 4386 2810 4440 decem
2849 4388 2898 4440 °.
2923 4386 3244 4441 Rorulentae
3288 4403 3479 4457 asper-

1895 4481 2052 4552 gines
2077 4481 2442 4550 lacrymarum
2479 4489 2542 4533 ut
2567 4479 2765 4533 dulcor
2799 4480 2979 4535 mellis
2997 4491 3129 4535 sunt
3161 4481 3344 4544 cordi,
3386 4493 3481 4536 aut

211 4583 367 4637 μενοι
396 4564 496 4617 τοῦ
532 4564 740 4619 σκοποῦ
798 4565 909 4619 τῶν
939 4566 1212 4636 δακρύων,
1264 4568 1525 4638 μανέντες
1562 4570 1786 4634 ἐξεπλά-

1897 4589 2064 4628 suave
2091 4573 2341 4642 fragrans
2369 4572 2666 4642 thymiama
2692 4571 2838 4640 apud
2875 4573 3065 4626 Deum.
3096 4572 3480 4627 Omnimodam

207 4677 410 4730 γησαν.
456 4660 582 4713 Ἐὰν
598 4659 673 4726 ,δέ
717 4676 803 4722 τις
826 4658 1040 4713 τελείαν
1062 4660 1359 4728 κατάνυξιν
1386 4663 1668 4733 κέκτηται,
1705 4667 1792 4719 αἰ-

210 4754 470 4807 σθάνεται
497 4751 691 4806 ἐαυτὸν
723 4753 874 4823 παρὰ
929 4753 1025 4805 τοῦ
1075 4755 1243 4822 ἄρτου
1267 4754 1369 4823 τῆς
1389 4754 1554 4826 ζωῆς,
1587 4757 1793 4828 τροφὴν

207 4844 500 4914 δεχόμενον
539 4843 921 4914 πνευματικὴν
940 4884 954 4909 ,
998 4843 1210 4914 τροφὴν
1244 4843 1340 4897 τοῦ
1371 4847 1674 4916 κρείττονος
1701 4849 1796 4917 φό-

212 4934 331 4998 ϐου,
364 4933 574 5003 τροφὴν
603 4933 770 4987 πόθου
803 4935 1146 5004 ἐπουρανίου,
1192 4937 1287 4988 καὶ
1317 4939 1624 5007 στεναγμοῦ
1652 4957 1796 5012 παρ-

211 5019 443 5091 ηγορίας
472 5020 566 5074 καὶ
597 5021 960 5088 κατανύξεως,
995 5024 1087 5076 καὶ
1109 5024 1397 5095 μελῳδίας,
1428 5028 1521 5079 καὶ
1541 5027 1797 5096 γνώσεως

215 5115 542 5186 βαθυτέρας,
579 5117 673 5171 καὶ
702 5116 862 5170 Θείων
885 5117 1046 5171 τινῶν
1083 5121 1420 5192 μυστηρίων.
1466 5123 1529 5176 Ἠ
1560 5124 1796 5178 κατάνυ·

216 5205 297 5270 ξις
329 5204 674 5274 δακρυώδους
703 5207 855 5267 τινὰς
885 5209 979 5260 καὶ
993 5208 1188 5277 ἠπίους
1215 5208 1426 5273 ἐννοίας
1447 5211 1548 5282 τὴν
1571 5212 1798 5282 καρδίαν

218 5296 631 5369 παρασκευάζει
665 5299 851 5369 φέρειν
880 5315 895 5329 ο
931 5299 1054 5352 ὅθεν
1119 5299 1290 5362 ὅντως
1333 5300 1482 5355 ἐστιν
1549 5303 1676 5355 ίδεῖν
1734 5304 1797 5358 τὰ

215 5390 517 5459 σπέρματα
566 5388 664 5458 τῆς
723 5388 890 5458 εὐχῆς
946 5391 1085 5458 μετὰ
1127 5389 1378 5460 δακρύων
1408 5394 1466 5445 ἐν
1499 5396 1566 5464 τῇ
1599 5397 1667 5464 γῇ
1696 5397 1798 5466 τῆς

215 5481 448 5552 καρδίας
488 5480 886 5551 ἐνσπειρόμενα
936 5481 1025 5534 διὰ.
1067 5484 1166 5552 τὴν
1216 5483 1406 5537 ἐλπίδα
1434 5484 1535 5554 τῆς
1568 5485 1660 5540 τοῦ
1708 5487 1802 5540 θε-

217 5573 418 5644 ρισμοῦ
448 5573 644 5643 χαρᾶς.
687 5573 752 5625 Ἦ
798 5572 938 5643 μετὰ
963 5574 1312 5641 κατανύξεως
1363 5578 1457 5630 καὶ
1493 5583 1804 5650 προσευχῆς

217 5664 444 5733 μελέτη,
475 5663 648 5717 τίκτει
683 5663 774 5717 τὸν
797 5663 894 5718 τοῦ
920 5663 1056 5717 Θεοῦ
1074 5665 1238 5732 φόὸον
1266 5668 1323 5719 ἐν
1348 5668 1497 5737 ἡμῖν,
1529 5671 1605 5738 εἶιη
1618 5672 1666 5720 τὶ
1698 5672 1804 5741 γὰρ

291 5817 337 5848 ⁸⁸
367 5818 506 5872 l’sal.
536 5834 679 5885 ms,
715 5821 768 5875 ὅ.
846 5820 888 5851 ⁸⁷
925 5820 1114 5876 Matth.
1145 5837 1267 5886 xxv,
1297 5824 1383 5877 4L
1465 5823 1629 5879 "lsa.
1662 5843 1777 5881 LXV!

1885 5831 1940 5892 l;
1978 5829 2146 5883 Mare.
2176 5845 2247 5887 ix,
2271 5828 2359 5881 ιδ.

218 5887 244 5940 1
286 5903 404 5957 seq.

1895 4668 2066 4736 igitur
2091 4675 2221 4720 ante
2238 4665 2561 4735 petitionem
2587 4680 2814 4720 necesse
2833 4664 2906 4719 sit
2929 4665 3291 4735 lacrymarum
3312 4665 3485 4720 utaris

1897 4758 2178 4827 praesidio.
2213 4757 2281 4811 ad
2321 4757 2452 4811 vitae
2495 4755 2856 4811 obtinendam
2896 4758 3323 4812 correctionem.
3363 4758 3483 4826 Ipse

1897 4850 2047 4902 enim
2109 4847 2383 4902 Dominus
2430 4856 2623 4901 noster
2679 4862 3032 4916 summopere
3099 4848 3302 4916 gaudet
3351 4847 3482 4900 dum

1897 4939 2209 4993 orationem
2229 4937 2436 5008 excipit
2467 4954 2630 5007 quam
2673 4938 2923 5007 lacryma:
2984 4938 3323 4992 comitantur
3357 4953 3484 4992 cum

1901 5031 2098 5085 humili
2135 5030 2327 5094 corde,
2356 5031 2570 5100 1200
2598 5045 2700 5083 nec
2729 5029 2844 5084 ullo
2891 5038 3053 5100 pacto
3102 5045 3160 5084 se
3215 5029 3484 5084 efferente

1901 5122 2059 5190 quasi
2093 5131 2298 5192 prater
2325 5123 2530 5175 multos
2556 5120 2650 5190 qui
2693 5121 2839 5175 inter
2864 5135 2969 5174 nos
3002 5130 3170 5174 sunt:
3219 5136 3283 5174 ea
3335 5120 3482 5174 enim

1901 5212 2071 5266 animi
2099 5212 2342 5281 exigitur
2364 5209 2656 5273 modestia,
2678 5217 2740 5262 ut
2770 5224 2841 5264 ne
2873 5217 3026 5263 tanto
3052 5208 3291 5277 amplius
3314 5208 3484 5278 largi-

1903 5313 2079 5358 torem
2119 5303 2284 5358 istius
2305 5303 2494 5374 gratia:
2516 5302 2934 5356 exacerbemus.
2954 5300 3095 5355 Sunt
3129 5299 3277 5354 enim
3316 5299 3483 5369 pleri-

1903 5411 2012 5465 que
2050 5411 2151 5465 pro
2182 5393 2423 5466 peccatis
2451 5394 2878 5464 illacrymantes,
2918 5408 3059 5461 quos
3075 5391 3279 5460 alioqui
3323 5391 3481 5459 fugit.

1904 5487 1998 5557 qui
2053 5488 2126 5541 sit
2178 5502 2380 5556 scopus
2436 5487 2827 5556 lacrymarum.
2891 5484 2956 5539 lli
2997 5483 3210 5537 insania
3266 5482 3483 5551 perciti,

1905 5578 2128 5632 demum
2157 5587 2342 5632 mente
2393 5577 2561 5631 etiam
2611 5577 2742 5630 moti
2789 5585 2937 5629 sunt.
2996 5574 3052 5629 Si
3103 5573 3229 5644 quis
3258 5573 3488 5642 proinde

1907 5673 2206 5742 perfectus,
2259 5679 2551 5723 assecutus
2597 5678 2681 5722 est
2726 5666 3210 5735 compunctionem
3247 5706 3262 5730 ,
3323 5679 3487 5718 sensu

2439 5828 2482 5857 δι’
2515 5827 2705 5879 Matth.
2743 5841 2854 5889 xvz,
2896 5825 2978 5878 l9.
3057 5822 3229 5878 "13a.
3263 5837 3489 5885 xuvnt,
