4178 6424
743 414 878 479 1763

2006 414 2372 479 ANTIOCHI
2412 414 2759 474 MONACIII

3875 416 4012 479 1764

741 534 860 602 ipso
882 532 1220 601 experietur,
1242 547 1300 586 se
1322 546 1352 584 a
1381 543 1521 599 pane
1559 528 1685 582 vitm
1711 527 2030 582 alimoniam
2064 528 2316 597 accipere

2418 522 2447 573 6
2482 522 2666 591 νόμος,
2702 541 2720 572 ι
2758 520 3085 592 Καθήμενος
3119 521 3178 574 ὲν
3210 520 3368 591 οἴκῳ,
3397 521 3495 575 καὶ
3542 522 3919 592 πορευόμενος
3953 528 4013 578 tv

737 627 1116 698 spiritualem:
1159 623 1476 680 alimoniam
1519 620 1665 685 dico,
1713 620 2118 689 praestantioris
2168 620 2316 676 illius

739 720 961 790 (nempe
993 716 1199 785 ﬁlialis)
1242 714 1479 777 timoris,
1507 710 1825 764 alimoniam
1851 710 2113 765 desiderii
2147 712 2314 766 coele-

737 810 859 875 stis,
892 809 1254 880 suspiriosum
1284 805 1550 875 gemitum
1570 803 1805 858 interna:
1839 803 2235 857 consolationis
2261 812 2317 858 et

738 901 1203 972 compunctionis,
1226 899 1516 967 Inelleique
1547 912 1610 951 ac
1627 896 1813 952 suavis
1842 895 2043 950 cantici
2071 896 2317 949 scientia:

738 994 1118 1064 profundioris
1139 1001 1195 1046 et
1226 991 1541 1045 divinorum
1598 989 1963 1060 quorumdam
2022 988 2315 1059 mysterio-

740 1101 884 1140 rum.
919 1084 1284 1154 Couipunctio
1318 1083 1552 1136 adornat
1573 1097 1670 1135 cor
1698 1078 2076 1149 concipiendis
2112 1080 2316 1149 cogita-

740 1176 987 1231 tionibus
1016 1191 1139 1245 qua:
1168 1175 1279 1229 sint
1315 1173 1716 1244 profundendis
1741 1172 1998 1242 lacrymis
2022 1171 2234 1226 idonea-
2261 1180 2317 1226 ct

739 1282 1005 1338 perquam
1074 1282 1306 1329 suaves,
1363 1268 1513 1321 unde
1566 1266 1755 1319 videre
1828 1280 2057 1334 prorsus
2129 1265 2312 1328 liceat,

736 1360 949 1414 semina
974 1358 1244 1415 orationis
1262 1374 1385 1413 cum
1411 1358 1923 1429 lacrymisinspersa
1938 1372 2061 1411 esse
2092 1358 2146 1410 in
2168 1364 2315 1411 terra

736 1453 923 1506 cordis
949 1452 1123 1505 nostri
1165 1463 1391 1521 pmpter
1440 1466 1593 1519 spem
1626 1450 1868 1504 metendi
1918 1451 2048 1504 olim
2103 1451 2313 1519 gaudii.

737 1545 1021 1601 Meditatio
1051 1560 1215 1613 quam
1242 1543 1580 1598 comitantur
1611 1544 1968 1613 compunctio
2019 1551 2074 1597 et
2110 1543 2311 1607 oratio,

738 1637 911 1707 gignit
934 1638 989 1691 in
1022 1635 1181 1690 nobis
1213 1644 1425 1689 castum
1454 1636 1551 1690 Dei
1585 1636 1875 1701 timorem;
1905 1636 1983 1690 ait
2012 1635 2160 1688 enim
2190 1635 2309 1689 lea:

744 1748 763 1780 ι
811 1728 1022 1783 Sedens
1049 1728 1103 1781 in
1123 1729 1290 1783 domo
1320 1738 1433 1792 tua,
1461 1742 1517 1781 et
1543 1728 1832 1781 ambulans
1858 1728 1913 1782 in
1944 1730 2053 1792 via,
2094 1738 2149 1783 et
2180 1729 2311 1784 dor-

737 1820 997 1875 miensac
1044 1822 1373 1891 surgens":
1430 1820 1533 1874 lixa
1572 1820 1684 1874 sint
1732 1829 1788 1875 et
1829 1820 2131 1875 immobilia
2182 1831 2312 1877 ante

2419 612 2544 681 ὀδῷ,
2577 612 2671 665 καὶ
2707 609 3095 681 κοιταζόμενος
3147 610 3244 665 καὶ
3298 611 3693 683 ἀνιστάμενος
3724 615 3841 684 ἤτω
3870 614 4009 668 ἀσά-

2417 703 2584 756 λευτα
2613 701 2718 773 πρὸ
2740 702 3039 773 ὀφθαλμῶν
3068 719 3163 755 σου
3188 742 3203 769 ,
3252 703 3339 757 ἵνα
3371 704 3551 775 μάθῃς
3577 704 3865 773 φοϐεῖσθαι
3892 708 4012 760 Κύ-

2419 810 2537 864 ριον
2590 794 2683 847 τὸν
2712 794 2849 848 Θεόν
2879 812 2996 849 σου.
3036 813 3056 847 ι
3115 795 3282 865 Λέγει
3311 796 3370 850 δὲ
3403 798 3497 849 καὶ
3550 799 3579 850 6
3617 797 3761 863 Ἰὼϐ,
3814 816 3834 849 ι
3880 800 4012 868 Ἀφ-

2421 884 2597 937 ίκοιτὸ
2625 903 2731 955 μου
2770 888 2805 957 ἡ
2853 886 3040 957 δέησις
3073 887 3209 958 πρὸς
3240 888 3474 960 Κύριον,
3525 888 3706 942 ἔναντι
3732 891 3791 942 δὲ
3842 892 4011 945 αὐτοῦ

2419 978 2604 1041 στάζοι
2656 996 2758 1048 μου
2801 981 2830 1033 6
2865 978 3165 1048 ὀφθαλμός.
3210 999 3229 1030 ι
3280 982 3392 1033 Kal
3435 983 3468 1052 ἡ
3507 982 3677 1035 Ἀννα
3713 983 3924 1052 ⁴1,θύ;ι.ει
3955 985 4012 1036 tv

2419 1072 2604 1144 Σιλὼμ
2632 1074 2727 1127 καὶ
2754 1074 2989 1129 ἔκλαιεν.
3060 1075 3171 1129 Kal
3228 1077 3578 1146 προσηύξατο
3607 1078 3743 1149 πρὸς
3779 1077 4009 1149 Κύριον,

2417 1166 2674 1234 λέγουσα,
2709 1184 2727 1217 ο
2779 1166 2906 1220 Ἐάν
2936 1166 3240 1238 ἐπιϐλέψῃς
3266 1168 3360 1219 ἐπὶ
3389 1168 3486 1238 τὴν
3516 1171 3849 1223 ταπείνωσιν
3883 1188 4011 1240 μου,

2418 1259 2511 1310 καὶ
2539 1257 2645 1326 δῷς
2680 1274 2771 1326 μοι
2795 1258 3019 1328 σπέρμα
3046 1259 3260 1329 ἀνδρὸς.
3301 1277 3319 1310 ι
3359 1259 3470 1311 Kal
3494 1262 3815 1330 είσήκουσεν
3843 1262 4011 1329 αὐτῆς

2418 1349 2640 1419 Κύριος.
2676 1352 2786 1402 Καὶ
2822 1351 3101 1421 παρέσχεν
3131 1353 3268 1423 αὐτῇ
3293 1353 3385 1405 τὸν
3414 1356 3705 1425 προφήτην
3727 1358 4008 1428 Σαμουήλ.

2418 1443 2529 1495 Kal
2554 1443 2586 1513 ἡ
2620 1442 2931 1513 ἄλληἊννα
2960 1444 3054 1496 τοῦ
3072 1446 3328 1516 Ἰωακεὶμ
3364 1444 3627 1500 κλαίουσα
3656 1451 3751 1501 καὶ
3780 1450 4009 1505 αίτοῦσα

2416 1536 2474 1587 ἐν
2497 1534 2576 1604 τῷ
2614 1535 2930 1607 παραδείσῳ
2950 1536 3122 1607 αὐτῆς
3151 1538 3281 1610 περὶ
3310 1539 3526 1605 τέκνου,
3564 1542 3866 1612 ἐκομίσατο
3910 1546 4008 1615 τὴν

2415 1625 2581 1693 ἁγίαν
2610 1626 2893 1698 Παρθένον
2941 1629 3183 1700 Μαρίαν,
3227 1630 3328 1701 τὴν
3361 1634 3505 1686 κατὰ
3561 1637 3742 1705 σάρκα
3775 1637 4007 1707 Μητέρα

2415 1718 2511 1770 τοῦ
2564 1720 2772 1791 Κυρίου
2822 1721 2916 1773 καὶ
2951 1721 3087 1775 Θεοῦ
3157 1723 3253 1775 καὶ
3299 1723 3554 1794 Σωτῆρος
3609 1728 3769 1797 ήμῶν
3834 1729 4006 1798 Ἰησοῦ

2417 1811 2678 1883 Χριστοῦ.
2715 1813 3079 1879 ΚαὶὸΔαυῒδ,
3116 1833 3135 1866 ‹
3172 1814 3506 1869 Είσάκουσον
3539 1817 3643 1887 τῆς
3696 1821 4007 1890 προσευχῆς

734 1910 929 1968 oculos
978 1922 1122 1977 tuos,
1180 1922 1240 1967 ut
1293 1913 1475 1968 discas
1532 1913 1724 1967 timere
1780 1913 2075 1968 Dominum
2140 1914 2311 1968 Deum

2419 1922 2543 1981 μου,
2574 1905 2747 1977 Κύριε
2771 1946 2786 1972 ,
2825 1907 2918 1959 καὶ
2969 1908 3071 1978 τῆς
3117 1908 3356 1980 δεήσεως
3407 1927 3508 1980 μου
3539 1928 3554 1940 ³
3589 1912 3848 1966 ἐνώτισαι
3898 1914 4006 1966 τῶν

737 2016 895 2059 tuum
916 2007 983 2058 δ’.
1029 2025 1047 2057 ι
1086 2007 1229 2060 Dicit
1263 2014 1447 2060 autem
1484 2013 1541 2059 et
1570 2006 1702 2059 Job:
1750 2023 1769 2056 ι
1796 2006 2087 2059 Perveniat
2115 2006 2314 2075 depre-

736 2097 883 2152 catio
934 2112 1053 2151 mea
1084 2097 1151 2150 ad
1196 2098 1516 2163 Dominum,
1552 2112 1739 2151 coram
1790 2106 1975 2151 autem
2029 2113 2097 2153 eo
2144 2100 2315 2153 stillet

735 2186 934 2240 oculus
974 2188 1213 2241 meus".
1264 2205 1282 2239 ι
1344 2187 1501 2241 Anna
1568 2188 1794 2255 insuper
1844 2197 2197 2243 consternata
2258 2188 2313 2242 in

736 2278 946 2344 Seloin,
992 2278 1263 2349 ﬂensque,
1317 2279 1624 2333 orationem
1662 2278 1858 2333 effudit
1888 2280 1955 2333 ad
1993 2280 2312 2346 Dominum,

736 2372 959 2427 dicens:
1000 2392 1019 2423 ι
1048 2371 1105 2426 Si
1137 2370 1444 2440 respiciens
1474 2373 1789 2440 respexeris
1827 2372 1893 2425 ad
1944 2373 2314 2427 humilitatem

736 2480 940 2527 meam,
969 2471 1028 2517 et
1056 2461 1280 2517 dederis
1330 2462 1468 2516 mihi
1530 2478 1717 2517 semen
1748 2464 1950 2517 viri“:
1993 2482 2012 2516 ι
2063 2472 2120 2519 et
2171 2465 2315 2521 banc

736 2555 1006 2609 Dominus
1027 2553 1332 2619 exaudivit,
1356 2554 1617 2623 deditque
1640 2555 2311 2625 pr0phetamSamuelcm.

737 2645 926 2701 Altera
987 2646 1121 2699 item
1155 2648 1311 2699 Anna
1344 2645 1615 2700 Joachimi
1650 2662 1808 2711 uxor,
1870 2645 2008 2700 ﬂens
2060 2647 2115 2700 in
2150 2646 2314 2701 horto

738 2755 1001 2802 suo,eum
1023 2737 1345 2807 petitionem
1366 2753 1519 2791 suam
1545 2738 1948 2807 obtulissetpro
1968 2737 2315 2807 impetrando

740 2830 873 2893 ﬁlio,
900 2828 1204 2898 promeruit
1232 2827 1482 2895 accipere
1498 2837 1740 2882 sanctam
1766 2829 2043 2897 Virginem
2064 2829 2313 2893 Mariam,

739 2922 958 2976 Domini
990 2936 1055 2975 ac
1086 2920 1182 2976 Dei
1227 2928 1282 2974 et
1324 2920 1630 2975 Salvatoris
1696 2921 1869 2975 nostri
1918 2920 2047 2974 Jesu
2107 2920 2313 2975 Christi

738 3014 1043 3069 secundum
1067 3028 1314 3073 carnem,
1354 3011 1600 3065 Matrem.
1634 3011 1805 3065 David
1843 3011 2004 3081 ipse:
2045 3029 2063 3062 ι
2103 3011 2314 3066 Exaudi

741 3108 1051 3161 orationem
1070 3120 1269 3168 meam,
1292 3103 1544 3167 Domine,
1560 3110 1616 3156 et
1638 3103 2079 3173 deprecationem
2106 3119 2313 3160 meam:

742 3197 974 3251 auribus
1005 3195 1231 3265 percipe
1283 3194 1553 3263 lacrymas
1593 3208 1771 3247 meas:
1824 3208 1894 3247 ne
1942 3192 2163 3247 silueris
2180 3194 2247 3247 ⁸⁸.
2289 3210 2307 3242 ι

743 3288 815 3344 Et
847 3287 1144 3343 exauditus
1175 3286 1292 3340 ait:
1326 3303 1345 3336 ι
1380 3284 1692 3339 Misericors
1738 3284 2007 3338 Dominus
2035 3284 2312 3354 etjustus,

742 3381 871 3449 quia
891 3378 1215 3433 humiliatus
1236 3391 1379 3439 sum,
1401 3384 1457 3429 et
1488 3376 1715 3430 salvavit
1755 3391 1843 3430 me
1861 3376 1927 3427 '“.
1965 3395 1983 3428 ι
2014 3376 2103 3440 Ει,
2149 3394 2167 3427 ι
2193 3376 2317 3430 Eri-
2356 3410 2359 3419 ς

739 3472 864 3541 puit
881 3471 1121 3524 animam
1150 3483 1329 3522 meam
1354 3467 1421 3522 de
1452 3477 1651 3533 morte,
1675 3468 1867 3523 oculos
1895 3484 2051 3523 meos
2081 3483 2110 3521 a
2141 3468 2318 3539 lacry-

744 3562 875 3625 mis,
898 3560 1067 3631 pedes
1094 3574 1247 3614 meos
1268 3574 1298 3613 a
1326 3559 1483 3629 lapsu
1503 3559 1601 3612 ⁸⁷.»
1637 3559 1725 3624 Ει,
1758 3576 1777 3608 ι
1813 3557 1918 3624 Qui
1950 3559 2227 3613 seminant
2259 3558 2315 3611 in

741 3653 1000 3725 lacrymis
1051 3653 1107 3706 in
1161 3652 1533 3706 exsultatione
1579 3652 1874 3706 nictent".
1916 3670 1936 3704 ι
1997 3650 2208 3705 Deinde
2261 3659 2318 3704 et

743 3748 915 3802 illud:
949 3766 967 3799 ι
1008 3746 1246 3801 Placebo
1284 3746 1518 3800 Domino
1552 3745 1609 3800 in
1660 3745 1889 3815 regione
1916 3745 2171 3799 vivorum
2189 3745 2257 3798 ".
2292 3762 2311 3797 ι

741 3838 881 3892 Illud
915 3837 1081 3892 item:
1123 3856 1140 3889 ι
1182 3837 1392 3891 Euntes
1423 3836 1577 3890 ibant
1602 3844 1659 3891 et
1695 3835 1899 3890 ﬂebant
1916 3836 1981 3888 ‘°.
2014 3854 2032 3887 ›
2069 3836 2315 3905 Utputo,

742 3931 861 3984 lucc
896 3928 965 3983 de
1003 3936 1193 3982 nostra
1221 3928 1539 3996 captivitate
1567 3926 1812 3981 reddidit
1834 3926 2077 3991 oracula,
2114 3926 2161 3979 si
2195 3927 2321 3995 qui-

741 4020 866 4075 dem
900 4018 1218 4089 prmseripta
1254 4018 1372 4070 haec
1425 4016 1481 4070 in
1511 4032 1614 4070 nos
1662 4016 2022 4069 incurrerunt
2044 4015 2144 4086 (1).
2207 4016 2318 4069 Nos

742 4109 931 4179 igitur,
966 4123 1066 4176 pro
1097 4106 1260 4160 nobis
1289 4104 1422 4174 ipsis
1441 4112 1605 4174 atque
1628 4104 1736 4159 illis
1759 4104 2026 4159 debemus
2048 4104 2318 4175 lacrymas

741 4199 1083 4271 profundere
1114 4197 1504 4251 amaritudinis
1533 4197 1744 4266 plenas.
1792 4196 2037 4251 Primum
2065 4196 2314 4266 quidem,

740 4292 889 4362 quod
920 4291 1113 4345 civitas
1137 4299 1323 4343 sancta
1345 4288 1649 4343 Jerusalem
1669 4288 1924 4343 inccndio
1946 4289 2313 4359 conﬂagrarit,

740 4399 877 4438 crux
905 4397 1127 4451 quoque
1160 4392 1347 4435 sancta
1368 4380 1574 4435 Christi
1600 4380 1693 4434 Dei
1722 4380 1897 4434 nostri
1932 4380 1987 4434 in
2035 4381 2316 4435 Persidem

744 4472 1365 4545 tranSInigravit(2):in
1386 4487 1580 4527 eorum
1617 4472 1751 4527 item
1809 4472 2039 4543 gratiam
2087 4472 2183 4542 qui
2237 4480 2318 4527 tot

2416 1998 2667 2069 δακρύων
2701 2017 2824 2069 μου,
2859 2000 2935 2070 μὴ
2965 2004 3431 2074 παρασιωπήσῃ.»
3471 2006 3577 2058 Kal
3601 2006 4002 2069 εἰσακουσθεὶς.

2418 2092 2615 2161 φησὶν,
2654 2113 2671 2143 ι
2723 2090 3005 2162 Ἐλεημων
3055 2093 3085 2145 ὁ
3123 2093 3329 2163 Κύριος
3379 2096 3474 2149 καὶ
3502 2097 3734 2162 δίκαιος,
3760 2100 3846 2151 ὅτι
3878 2101 4004 2151 ἑτα-

2415 2181 2690 2250 πεινώθην
2718 2183 2813 2235 καὶ
2841 2182 3046 2235 ἔσωσέν
3073 2199 3161 2251 με.
3195 2202 3213 2234 ι
3251 2184 3380 2249 Kal,
3412 2203 3431 2236 ι
3476 2187 3746 2249 Ἐξείλετο
3770 2188 3873 2259 τὴν
3897 2189 4002 2257 ψυ-

2414 2272 2519 2340 χήν
2550 2288 2653 2341 μου
2694 2273 2760 2325 ὲκ
2800 2271 3039 2326 θανάτου
3060 2288 3075 2303 ⁸
3103 2274 3228 2337 τοὺς
3262 2275 3579 2345 ὀφθαλμούς
3625 2294 3731 2345 μου
3762 2278 3874 2332 ἀπὸ
3904 2279 4001 2333 δα-

2414 2362 2621 2433 κρύων,
2649 2362 2743 2416 καὶ
2789 2363 2918 2425 τοὺς
2963 2363 3131 2427 πόδας
3167 2382 3269 2434 μου
3320 2366 3431 2419 ἀπὸ
3458 2366 3848 2437 ὀλισθήματος.
3890 2388 3911 2422 ι
3936 2400 4004 2411 -

2421 2470 2439 2504 ι
2474 2454 2537 2505 Ol
2566 2453 2675 2524 γάρ
2704 2453 3020 2523 σπείροντες
3055 2456 3114 2507 tv
3141 2453 3428 2526 δάκρυσιν,
3478 2459 3536 2510 tv
3556 2457 3885 2525 ἀγαλλιάσει
3918 2460 4005 2512 θε-

2417 2545 2614 2617 ριοῦσι.
2647 2562 2665 2595 ι
2698 2545 2923 2608 Λοιπὸν,
2964 2563 2982 2596 ι
3024 2545 3505 2617 Εύαρεστήσωμεν
3558 2550 3642 2619 τῷ
3696 2549 3895 2619 Κυρίῳ
3944 2554 4001 2603 ἐν

2416 2634 2570 2706 χώρᾳ
2601 2635 2873 2701 ζώντων.»
2908 2637 3016 2689 Kal
3034 2636 3117 2701 τὸ,
3154 2638 3546 2709 ιῐΙορευόμενοι
3573 2639 3630 2694 δὲ
3653 2642 4001 2711 ἐπορεύοντο,

2416 2729 2511 2779 καὶ
2547 2726 2782 2793 ἔκλαιον,
2818 2744 2837 2779 ι
2902 2729 2977 2791 ὡς
3020 2722 3193 2799 οἶμαι,
3249 2730 3333 2782 ὃτι
3388 2732 3519 2802 περὶ
3572 2732 3670 2802 τῆς
3723 2734 4001 2804 ἡμετέρας

2417 2820 2799 2891 αἰχμαλωσίας
2865 2822 3088 2890 φάσκει.
3138 2821 3220 2876 Τά
3268 2822 3400 2893 γὰρζ
3431 2827 3866 2896 προγραφέντα,
3926 2830 4005 2890 εἰς

2420 2913 2567 2981 ἡμᾶς
2595 2914 2953 2984 κατήντησεν.
2990 2914 3100 2966 Kal
3125 2914 3284 2984 ἡμεῖς
3341 2910 3436 2969 οὖν
3485 2917 3797 2988 ὀφείλομεν,
3865 2920 4005 2989 ὑπὲρ

2418 3002 2630 3056 ἑαυτῶν
2653 3004 2927 3057 κάκείνων
2955 3006 3171 3075 πικρῶς
3217 3007 3499 3077 δακρύειν.
3529 3009 3753 3078 Πρῶτον
3797 3012 3900 3079 μὲν
3920 3012 4007 3065 δια

2416 3095 2509 3147 τὸν
2534 3096 2863 3166 ἐμπρησμὸν
2894 3095 2992 3165 τῆς
3039 3098 3204 3165 ἁγίας
3242 3100 3453 3164 πόλεως
3501 3102 3882 3174 Ἰερουσαλὴμ,
3914 3107 4006 3157 καὶ

2373 3246 2386 3264 ο
2418 3187 2518 3255 τὴν
2546 3186 2641 3239 τοῦ
2664 3187 2822 3255 ἁγίου
2841 3188 3076 3259 σταυροῦ
3105 3189 3342 3260 Χριστοῦ
3364 3191 3459 3245 τοῦ
3490 3192 3626 3245 Θεοῦ
3654 3194 3815 3263 ἡμῶν
3842 3198 4006 3265 μετὰ-

2422 3294 2613 3330 στασιν
2679 3282 2737 3331 tv
2779 3281 3021 3352 Περσίδι,
3077 3285 3173 3336 καὶ
3205 3281 3294 3336 διὰ
3326 3283 3455 3347 τοὺς
3483 3284 3541 3335 tv
3590 3284 3877 3349 τοσούτοις
3912 3303 4006 3339 πο-

2417 3367 2604 3438 λέμοις
2631 3368 3058 3441 ἀπολλυμένους⁹
3085 3374 3168 3427 ὃτι
3199 3374 3481 3446 σύσσωμοι
3504 3375 3662 3446 ἡμῶν
3713 3378 3882 3441 εἰσιν.
3916 3381 4008 3433 καὶ

2416 3462 2726 3533 ὁμόπιστοι.
2769 3464 3022 3530 Καθὼςὸ
3070 3469 3359 3538 προφήτης
3407 3467 3566 3538 Ἰωὴλ
3621 3468 3762 3540 βοᾷ·
3819 3488 3840 3522 ι
3872 3471 4008 3523 Πεν-

2418 3553 2582 3619 θεῐτε,
2615 3555 2810 3624 λέγων,
2836 3558 2886 3609 οί
2919 3558 3086 3628 ίερεῖς
3140 3560 3190 3611 οί
3215 3559 3657 3630 λειτουργοῦντες
3704 3560 3786 3632 τῷ
3818 3563 4009 3616 θυσια-

2420 3647 2647 3717 στηρίῳ,
2691 3648 2774 3700 ὅτι
2796 3649 3284 3720 τεταλαιπώρηκεν
3322 3653 3523 3722 πᾶσαή
3546 3653 3631 3724 ,γῆ
3652 3668 3668 3682 ⁸
3701 3653 4003 3717 κλαύσατε,

2417 3739 2467 3789 οί
2492 3740 2659 3809 ἱερεῖς
2703 3741 2752 3791 οἱ
2784 3739 3229 3809 λειτουργοῦντες
3273 3740 3352 3811 τῷ
3398 3742 3611 3813 Κυρίῳ,
3662 3744 3758 3797 καὶ
3804 3747 4009 3817 ἐρεῖτε,

2416 3832 2629 3897 Φεῖσαι,
2653 3833 2849 3902 Κύριε,
2875 3832 2967 3886 τοῦ
2991 3834 3122 3887 λαοῦ
3154 3850 3271 3902 σου,
3289 3836 3383 3889 καὶ
3403 3836 3477 3907 μὴ
3505 3837 3595 3899 δὸς
3617 3837 3718 3908 τὴν
3744 3837 3851 3907 κλη
3862 3856 4010 3908 povo-

2421 3922 2551 3993 μίαν
2583 3939 2676 3975 σου
2704 3925 2783 3986 είς
2808 3923 3026 3990 ὄνειδος,
3048 3923 3143 3977 τοῦ
3170 3926 3439 3997 κατάρξαι
3468 3928 3637 3999 αὐτὴν
3662 3928 3792 3999 ἔθνη
3810 3946 3826 3961 ·
3861 3931 4011 3992 ὅπως

2421 4013 2495 4083 μὴ
2523 4014 2768 4079 εἴπωσιν,
2831 4015 2935 4069 ποῦ
2976 4016 3128 4070 ἐστιν
3162 4019 3191 4070 6
3223 4018 3357 4082 Θεὸς
3397 4020 3609 4087 αύτῶν;
3647 4040 3667 4072 ι
3728 4022 3822 4074 Ἐν
3875 4025 4010 4094 ἡμῖν

2417 4106 2527 4174 γάρ
2553 4105 2702 4158 ἐστιν
2733 4104 2828 4158 τοῦ
2855 4107 3178 4178 δυσωπῆσαι
3206 4109 3299 4162 τὸν
3344 4110 3726 4182 ἀμνησίκακον
3778 4114 4009 4185 Κύριον,

2417 4194 2602 4259 καθὼς
2632 4197 2727 4248 καὶ
2759 4198 2788 4250 6
2834 4200 3122 4269 προφήτης
3171 4200 3437 4269 Σοφονίας
3490 4203 3755 4267 διδάσκει,
3808 4204 4007 4274 λέγων,

2424 4304 2444 4337 ι
2470 4285 2791 4356 Παρέθηκέν
2833 4303 2917 4340 σοι
2954 4287 3089 4359 πῦρ,
3120 4291 3215 4343 καὶ
3248 4290 3413 4363 ὕδωρ,
3454 4284 3538 4359 οὗ,
3566 4294 3664 4347 ἐὰν
3684 4294 3871 4366 θέλῃς,
3917 4298 4010 4351 ἔκ-

2415 4377 2595 4430 τεινόν
2631 4394 2724 4431 σου
2756 4378 2857 4448 τὴν
2885 4382 3077 4451 χεῖρα·
3126 4381 3372 4436 ἐναντίον
3413 4383 3705 4455 ἀνθρώπου
3737 4387 3857 4457 ζωὴ
3916 4392 4010 4442 καὶ

2418 4468 2668 4533 θάνατος.
2700 4472 2809 4525 Kal
2840 4467 2903 4526 οὗ
2936 4472 3033 4526 ἐὰν
3055 4472 3361 4547 εύδοκήσει,
3390 4476 3676 4547 δοθήσεται
3703 4479 3879 4551 αὐτῷ.
3906 4482 4010 4533 τὸν

741 4567 906 4621 accisi
940 4566 1100 4620 bellis
1122 4566 1434 4635 perierunt:
1465 4564 1624 4619 nobis
1646 4565 1796 4618 enim
1828 4573 1988 4618 erant
2013 4579 2316 4633 concorpo-

2420 4561 2529 4632 γὰρ
2576 4563 2960 4634 ἁμαρτάνοντα
3015 4568 3093 4630 είς
3147 4567 3249 4638 τὴν
3304 4568 3484 4640 ψυχὴν
3518 4570 3719 4639 αύτοῦξ,
3776 4574 3869 4636 τίς
3933 4575 4011 4628 δι-

740 4673 849 4723 res,
887 4657 1167 4712 eteadem
1222 4657 1515 4711 nobiseum
1573 4655 2011 4725 insigniebantur
2057 4655 2182 4709 nde.
2231 4655 2313 4710 Ad

2417 4653 2660 4719 καιιῢσει,
2708 4672 2727 4706 ι
2763 4657 2811 4708 εί
2862 4657 2936 4727 μὴ
2965 4657 3132 4721 ζεστὰ
3159 4660 3373 4732 δάκρυα
3424 4662 3563 4731 μετὰ
3617 4665 4006 4734 κατανύξεω;;

739 4763 905 4818 quem
928 4747 1150 4802 modum
1173 4747 1291 4802 Joel
1316 4747 1586 4816 prepheta
1608 4746 1836 4799 clamat:
1867 4746 2074 4815 1201
2104 4764 2122 4796 ι
2151 4746 2316 4799 Plan-

740 4840 872 4909 gite,
902 4839 1219 4893 sacerdotes
1243 4838 1338 4906 qui
1369 4837 1701 4890 ministratis
1742 4837 1924 4899 altari,
1956 4837 2084 4905 quia
2109 4838 2317 4891 misere

741 4932 939 4984 atllieta
968 4940 1052 4983 est
1078 4930 1259 4984 omnis
1284 4931 1452 4983 terra.
1490 4928 1665 4994 Flete,
1690 4929 2009 4983 sacerdotes
2025 4929 2120 4999 qui
2149 4929 2317 4982 mini-

740 5023 927 5076 stratis
946 5022 1198 5085 Domino,
1217 5022 1473 5086 etdicite,
1492 5022 1684 5085 Parce,
1699 5021 1951 5085 Domine,
1971 5023 2177 5091 populo
2200 5031 2315 5087 tuo,

739 5125 794 5169 et
821 5130 889 5169 ne
912 5116 1009 5169 des
1042 5114 1419 5169 hazreditatem
1453 5122 1601 5168 tuam
1631 5113 1684 5167 in
1720 5113 2107 5183 Opprobrium,
2135 5114 2314 5167 utdo-

740 5208 1023 5261 minentur
1056 5206 1177 5276 ejus
1210 5207 1488 5270 nationes,
1521 5214 1585 5260 ut
1608 5219 1678 5259 ne
1702 5204 1914 5269 dicant,
1945 5203 2040 5258 ubi
2062 5214 2148 5259 est
2170 5205 2318 5259 Deus

738 5305 1055 5359 eorum‘t‘h
1075 5302 1133 5356 In
1149 5308 1341 5354 nostra
1372 5300 1523 5355 enim
1575 5298 1745 5353 situm
1779 5308 1865 5353 est
1890 5304 2162 5368 potestate
2189 5312 2319 5353 exo-

812 5455 853 5485 "
881 5455 1038 5508 Deut.
1072 5470 1145 5514 xl.
1174 5454 1260 5509 19.
1337 5454 1383 5484 "
1410 5454 1569 5508 Deut.
1607 5470 1715 5517 xlv,
1756 5454 1847 5507 25.

1953 5454 1997 5487 ⁵³
2016 5454 2119 5508 Job
2148 5470 2259 5517 xw,
2290 5454 2379 5508 2|.

2416 4744 2557 4816 Διψᾷ
2600 4746 2709 4817 γάρ
2738 4747 2825 4799 ἀεὶ
2850 4748 2949 4818 τὴν
2978 4750 3253 4820 σωτηρίαν
3279 4752 3438 4822 ἡμῶν
3482 4753 3513 4804 6
3556 4753 3762 4821 ἀγαθὸς
3796 4759 3895 4809 καὶ
3922 4758 4009 4808 εὖ.

2418 4836 2724 4908 σπλαγχνος
2755 4839 3031 4907 Δεσπότης
3055 4856 3072 4872 ο
3101 4839 3285 4904 καθὼς
3305 4844 3335 4895 6
3378 4843 3700 4907 Ἀπόστολος
3733 4851 4012 4917 μαρτυρεῖ

2416 4928 2613 4997 λέγων,
2652 4948 2671 4981 ι
2711 4930 2833 4984 Ὀτι
2859 4933 3066 4995 πάντας
3093 4932 3414 5003 ἀνθρώπους
3449 4935 3593 4988 θέλει
3619 4938 3889 5006 σωθῆναι,
3914 4944 4007 4993 καὶ

2421 5022 2499 5084 είς
2528 5021 2824 5089 ἐπίγνωσιν
2854 5022 3114 5093 ἀληθείας
3149 5023 3347 5079 ἐλθεῖν.
3378 5044 3397 5078 ι
3462 5026 3784 5097 Γέγραπται
3818 5030 3879 5083 δὲ
3913 5034 4005 5084 καὶ

2422 5115 2481 5166 tv
2518 5114 2597 5185 τῷ
2624 5114 2765 5167 κατὰ
2790 5116 3008 5169 Λουκᾶν
3057 5117 3398 5190 Εὑαγγελίῳ,
3439 5137 3458 5171 ι
3497 5120 3610 5173 Kal
3642 5121 3755 5174 ἰδοὺ
3788 5124 3928 5194 γυνὴ
3950 5126 4004 5175 ἑν

2422 5208 2489 5277 τῇ
2522 5206 2672 5259 πόλει
2701 5208 2823 5277 ἦτις
2839 5204 2907 5279 ἦν
2925 5210 3267 5281 ἁμαρτωλὸς,
3294 5212 3389 5266 καὶ
3402 5212 3702 5281 ἐπιγνοῦσα
3727 5214 3813 5267 ὅτι
3844 5217 4006 5269 κατά-

2426 5316 2605 5353 κειται
2631 5302 2659 5354 6
2682 5299 2889 5373 Κύριος
2942 5303 3004 5356 tv
3027 5306 3094 5374 τῇ
3127 5305 3275 5376 οίκίᾳ
3305 5306 3395 5360 τοῦ
3423 5305 3746 5377 Φαρισαίου,
3775 5309 4004 5381 κομίσα-

2484 5455 2802 5527 "IReg.r,
2860 5459 2944 5512 H.

3055 5459 3266 5517 "Psal.
3305 5476 3533 5521 xxxviii.
3589 5464 3673 5518 l5.
3780 5465 3829 5499 "
3858 5464 3993 5520 Psal.

742 5540 883 5590 cxn',
918 5527 972 5582 6.
1047 5527 1090 5556 ⁸⁷
1118 5527 1256 5580 ibid.
1285 5524 1335 5580 8.
1413 5526 1458 5555 ”
1489 5525 1630 5578 Psal.
1663 5541 1821 5589 cxxv,
1850 5525 1905 5580 5.
1982 5525 2027 5554 "’
2052 5525 2193 5579 l’sal.
2230 5542 2314 5579 cx:

2417 5526 2484 5581 19.
2562 5529 2607 5559 ⁶⁰
2630 5524 2775 5584 Psal.
2801 5544 2960 5596 exxv,
2992 5529 3047 5586 6.
3128 5531 3169 5563 “
3200 5530 3318 5588 Joel
3346 5547 3388 5599 ι,
3419 5536 3517 5601 15;
3548 5549 3610 5599 ιι,
3644 5534 3730 5591 l7.

2297 5686 2528 5744 NOTAE.

842 5798 893 5872 1)
927 5799 1042 5872 $th
1068 5800 1311 5855 Cosdroa
1358 5810 1590 5872 tyranno
1624 5801 1889 5856 Persidis.

838 5871 893 5935 2)
926 5869 1429 5943 llierosolymitanie
1460 5874 1613 5928 urbis
1648 5873 1965 5929 incendium
2004 5871 2108 5927 sub
2139 5869 2406 5926 Cosdroa.
