  <div class='ocr_page' id='page_1' title='image "/cluster/home/n/w/nwhite01/storage/ocr_20150623/89/nnc1.0046980172/908.png"; bbox 0 0 4178 6424; ppageno 0'>
   <div class='ocr_carea' id='block_1_1' title="bbox 174 408 312 469">
    <p class='ocr_par' dir='ltr' id='par_1_1' title="bbox 174 408 312 469">
     <span class='ocr_line' id='line_1_1' title="bbox 174 408 312 469; baseline -0.007 0"><span class='ocrx_word' id='word_1_1' title='bbox 174 408 312 469; x_wconf 76' lang='lat'><strong>1705</strong></span> 
     </span>
    </p>
   </div>
   <div class='ocr_carea' id='block_1_2' title="bbox 985 405 2644 469">
    <p class='ocr_par' dir='ltr' id='par_1_2' title="bbox 985 405 2644 469">
     <span class='ocr_line' id='line_1_2' title="bbox 985 405 2644 469; baseline -0.002 -1"><span class='ocrx_word' id='word_1_2' title='bbox 985 405 1313 468; x_wconf 81' lang='lat' dir='ltr'><strong>HOMILIA</strong></span> <span class='ocrx_word' id='word_1_3' title='bbox 1353 406 1564 469; x_wconf 84' lang='lat' dir='ltr'><strong>CVIII.</strong></span> <span class='ocrx_word' id='word_1_4' title='bbox 1599 433 1669 446; x_wconf 88' lang='grc'><strong><em>--</em></strong></span> <span class='ocrx_word' id='word_1_5' title='bbox 1708 407 1807 468; x_wconf 88' lang='lat' dir='ltr'><strong>DE</strong></span> <span class='ocrx_word' id='word_1_6' title='bbox 1847 405 2163 469; x_wconf 83' lang='lat' dir='ltr'><strong>l-IONORE</strong></span> <span class='ocrx_word' id='word_1_7' title='bbox 2201 405 2644 466; x_wconf 79' lang='lat' dir='ltr'><strong>PARENTUM.</strong></span> 
     </span>
    </p>
   </div>
   <div class='ocr_carea' id='block_1_3' title="bbox 3316 403 3454 468">
    <p class='ocr_par' dir='ltr' id='par_1_3' title="bbox 3316 403 3454 468">
     <span class='ocr_line' id='line_1_3' title="bbox 3316 403 3454 468; baseline 0 0"><span class='ocrx_word' id='word_1_8' title='bbox 3316 403 3454 468; x_wconf 78' lang='grc'><strong>1766</strong></span> 
     </span>
    </p>
   </div>
   <div class='ocr_carea' id='block_1_4' title="bbox 170 515 1801 590">
    <p class='ocr_par' dir='ltr' id='par_1_4' title="bbox 170 518 1774 590">
     <span class='ocr_line' id='line_1_4' title="bbox 170 518 1774 590; baseline 0.003 -20"><span class='ocrx_word' id='word_1_9' title='bbox 170 537 242 572; x_wconf 89' lang='grc' dir='ltr'><strong>σα</strong></span> <span class='ocrx_word' id='word_1_10' title='bbox 271 518 617 589; x_wconf 75' lang='grc' dir='ltr'>ἀλάϐαστρον</span> <span class='ocrx_word' id='word_1_11' title='bbox 649 519 846 589; x_wconf 83' lang='grc' dir='ltr'>μύρου,</span> <span class='ocrx_word' id='word_1_12' title='bbox 905 521 1002 572; x_wconf 81' lang='grc' dir='ltr'>καὶ</span> <span class='ocrx_word' id='word_1_13' title='bbox 1034 521 1212 572; x_wconf 81' lang='grc' dir='ltr'>στᾶσα</span> <span class='ocrx_word' id='word_1_14' title='bbox 1242 521 1420 573; x_wconf 82' lang='grc' dir='ltr'><strong>ὀπίσω</strong></span> <span class='ocrx_word' id='word_1_15' title='bbox 1465 519 1619 590; x_wconf 76' lang='grc' dir='ltr'>παρὰ</span> <span class='ocrx_word' id='word_1_16' title='bbox 1645 521 1774 585; x_wconf 81' lang='grc' dir='ltr'>τοὺς</span> 
     </span>
    </p>
   </div>
   <div class='ocr_carea' id='block_1_5' title="bbox 1881 515 3452 590">
    <p class='ocr_par' dir='ltr' id='par_1_5' title="bbox 1881 515 3452 586">
     <span class='ocr_line' id='line_1_5' title="bbox 1881 515 3452 586; baseline -0.002 -13"><span class='ocrx_word' id='word_1_17' title='bbox 1881 534 1999 573; x_wconf 89' lang='lat' dir='ltr'><strong>rare</strong></span> <span class='ocrx_word' id='word_1_18' title='bbox 2033 528 2141 573; x_wconf 89' lang='lat' dir='ltr'><strong>tam</strong></span> <span class='ocrx_word' id='word_1_19' title='bbox 2176 520 2505 574; x_wconf 89' lang='lat' dir='ltr'><strong>clementem</strong></span> <span class='ocrx_word' id='word_1_20' title='bbox 2559 516 2874 581; x_wconf 88' lang='lat' dir='ltr'><strong>Dominum,</strong></span> <span class='ocrx_word' id='word_1_21' title='bbox 2902 524 2961 571; x_wconf 91' lang='lat' dir='ltr'><strong>et</strong></span> <span class='ocrx_word' id='word_1_22' title='bbox 2995 515 3088 586; x_wconf 89' lang='lat' dir='ltr'><strong>qui</strong></span> <span class='ocrx_word' id='word_1_23' title='bbox 3127 515 3291 571; x_wconf 80' lang='lat' dir='ltr'><strong>facile</strong></span> <span class='ocrx_word' id='word_1_24' title='bbox 3332 533 3452 570; x_wconf 86' lang='lat' dir='ltr'><strong>ma-</strong></span> 
     </span>
    </p>
   </div>
   <div class='ocr_carea' id='block_1_6' title="bbox 167 609 1762 681">
    <p class='ocr_par' dir='ltr' id='par_1_6' title="bbox 167 609 1762 681">
     <span class='ocr_line' id='line_1_6' title="bbox 167 609 1762 681; baseline 0.001 -18"><span class='ocrx_word' id='word_1_25' title='bbox 167 610 341 671; x_wconf 77' lang='grc' dir='ltr'>πόδας</span> <span class='ocrx_word' id='word_1_26' title='bbox 369 609 464 663; x_wconf 91' lang='grc' dir='ltr'><strong>τοῦ</strong></span> <span class='ocrx_word' id='word_1_27' title='bbox 516 610 692 678; x_wconf 80' lang='grc' dir='ltr'>Ἰησοῦ</span> <span class='ocrx_word' id='word_1_28' title='bbox 725 609 1008 673; x_wconf 72' lang='grc' dir='ltr'><strong>κλαίουσα,</strong></span> <span class='ocrx_word' id='word_1_29' title='bbox 1038 610 1241 679; x_wconf 76' lang='grc' dir='ltr'>ἤρξατο</span> <span class='ocrx_word' id='word_1_30' title='bbox 1266 610 1480 681; x_wconf 80' lang='grc' dir='ltr'><strong>βρέχειν</strong></span> <span class='ocrx_word' id='word_1_31' title='bbox 1507 612 1632 673; x_wconf 83' lang='grc' dir='ltr'>τοὺς</span> <span class='ocrx_word' id='word_1_32' title='bbox 1662 612 1762 664; x_wconf 85' lang='grc' dir='ltr'><strong>πό-</strong></span> 
     </span>
    </p>
   </div>
   <div class='ocr_carea' id='block_1_7' title="bbox 167 700 1765 772">
    <p class='ocr_par' dir='ltr' id='par_1_7' title="bbox 167 700 1765 772">
     <span class='ocr_line' id='line_1_7' title="bbox 167 700 1765 772; baseline 0.001 -19"><span class='ocrx_word' id='word_1_33' title='bbox 167 701 266 764; x_wconf 85' lang='grc' dir='ltr'>δας</span> <span class='ocrx_word' id='word_1_34' title='bbox 301 700 469 755; x_wconf 79' lang='grc' dir='ltr'>αὐτοῦ</span> <span class='ocrx_word' id='word_1_35' title='bbox 498 705 611 764; x_wconf 84' lang='grc' dir='ltr'>τοῖς</span> <span class='ocrx_word' id='word_1_36' title='bbox 643 701 910 770; x_wconf 85' lang='grc' dir='ltr'>δάκρυσιν</span> <span class='ocrx_word' id='word_1_37' title='bbox 929 740 944 765; x_wconf 87' lang='grc'><em>,</em></span> <span class='ocrx_word' id='word_1_38' title='bbox 984 703 1077 754; x_wconf 82' lang='grc' dir='ltr'>καὶ</span> <span class='ocrx_word' id='word_1_39' title='bbox 1105 704 1228 765; x_wconf 88' lang='grc' dir='ltr'>ταῖς</span> <span class='ocrx_word' id='word_1_40' title='bbox 1257 702 1432 772; x_wconf 76' lang='grc' dir='ltr'>θριξὶν</span> <span class='ocrx_word' id='word_1_41' title='bbox 1455 701 1556 770; x_wconf 85' lang='grc' dir='ltr'><strong>τῆς</strong></span> <span class='ocrx_word' id='word_1_42' title='bbox 1591 718 1765 769; x_wconf 83' lang='grc' dir='ltr'>κεφα-</span> 
     </span>
    </p>
   </div>
   <div class='ocr_carea' id='block_1_8' title="bbox 168 790 1763 862">
    <p class='ocr_par' dir='ltr' id='par_1_8' title="bbox 168 790 1763 862">
     <span class='ocr_line' id='line_1_8' title="bbox 168 790 1763 862; baseline 0.002 -21"><span class='ocrx_word' id='word_1_43' title='bbox 168 790 273 860; x_wconf 82' lang='grc' dir='ltr'><strong>λῆς</strong></span> <span class='ocrx_word' id='word_1_44' title='bbox 299 791 470 862; x_wconf 79' lang='grc' dir='ltr'>αὐτῆς</span> <span class='ocrx_word' id='word_1_45' title='bbox 503 793 826 862; x_wconf 77' lang='grc' dir='ltr'><strong>ἐκμάσσειν,</strong></span> <span class='ocrx_word' id='word_1_46' title='bbox 856 792 953 844; x_wconf 81' lang='grc' dir='ltr'>καὶ</span> <span class='ocrx_word' id='word_1_47' title='bbox 1008 791 1287 858; x_wconf 83' lang='grc' dir='ltr'><strong>κατεφίλει</strong></span> <span class='ocrx_word' id='word_1_48' title='bbox 1317 791 1443 855; x_wconf 75' lang='grc' dir='ltr'>τοῦς</span> <span class='ocrx_word' id='word_1_49' title='bbox 1466 792 1632 854; x_wconf 84' lang='grc' dir='ltr'><strong>πόδας</strong></span> <span class='ocrx_word' id='word_1_50' title='bbox 1664 792 1763 844; x_wconf 81' lang='grc' dir='ltr'><strong>αὐ-</strong></span> 
     </span>
    </p>
   </div>
   <div class='ocr_carea' id='block_1_9' title="bbox 1867 605 3449 677">
    <p class='ocr_par' dir='ltr' id='par_1_9' title="bbox 1867 605 3449 677">
     <span class='ocr_line' id='line_1_9' title="bbox 1867 605 3449 677; baseline -0.002 -14"><span class='ocrx_word' id='word_1_51' title='bbox 1867 608 2050 663; x_wconf 90' lang='lat' dir='ltr'><strong>lorum</strong></span> <span class='ocrx_word' id='word_1_52' title='bbox 2080 610 2328 663; x_wconf 90' lang='lat' dir='ltr'><strong>omnium</strong></span> <span class='ocrx_word' id='word_1_53' title='bbox 2381 607 2772 664; x_wconf 76' lang='lat' dir='ltr'><strong>obliviscitur:</strong></span> <span class='ocrx_word' id='word_1_54' title='bbox 2802 608 2959 677; x_wconf 81' lang='lat' dir='ltr'><strong>juxta</strong></span> <span class='ocrx_word' id='word_1_55' title='bbox 3006 609 3299 662; x_wconf 81' lang='lat' dir='ltr'><strong>oraculum</strong></span> <span class='ocrx_word' id='word_1_56' title='bbox 3350 605 3449 660; x_wconf 83' lang='lat' dir='ltr'><strong>So-</strong></span> 
     </span>
    </p>
   </div>
   <div class='ocr_carea' id='block_1_10' title="bbox 1866 699 3448 771">
    <p class='ocr_par' dir='ltr' id='par_1_10' title="bbox 1866 699 3448 771">
     <span class='ocr_line' id='line_1_10' title="bbox 1866 699 3448 771; baseline -0.001 -17"><span class='ocrx_word' id='word_1_57' title='bbox 1866 700 2088 770; x_wconf 73' lang='lat' dir='ltr'><strong>phonia:</strong></span> <span class='ocrx_word' id='word_1_58' title='bbox 2126 702 2428 771; x_wconf 67' lang='lat' dir='ltr'><strong>praphetaz,</strong></span> <span class='ocrx_word' id='word_1_59' title='bbox 2460 700 2737 757; x_wconf 74' lang='lat' dir='ltr'><strong>dicentis:</strong></span> <span class='ocrx_word' id='word_1_60' title='bbox 2777 699 3090 769; x_wconf 67' lang='lat' dir='ltr'><strong>«Apposuit</strong></span> <span class='ocrx_word' id='word_1_61' title='bbox 3127 699 3226 753; x_wconf 91' lang='lat' dir='ltr'><strong>tibi</strong></span> <span class='ocrx_word' id='word_1_62' title='bbox 3265 699 3448 767; x_wconf 82' lang='lat' dir='ltr'><strong>ignem</strong></span> 
     </span>
    </p>
   </div>
   <div class='ocr_carea' id='block_1_11' title="bbox 1858 791 3449 863">
    <p class='ocr_par' dir='ltr' id='par_1_11' title="bbox 1858 791 3449 863">
     <span class='ocr_line' id='line_1_11' title="bbox 1858 791 3449 863; baseline -0.002 -17"><span class='ocrx_word' id='word_1_63' title='bbox 1858 800 1915 846; x_wconf 89' lang='lat' dir='ltr'><strong>et</strong></span> <span class='ocrx_word' id='word_1_64' title='bbox 1944 808 2142 863; x_wconf 89' lang='lat' dir='ltr'><strong>aquam</strong></span> <span class='ocrx_word' id='word_1_65' title='bbox 2167 811 2180 846; x_wconf 93' lang='lat'><strong>:</strong></span> <span class='ocrx_word' id='word_1_66' title='bbox 2212 793 2280 848; x_wconf 90' lang='lat' dir='ltr'><strong>ad</strong></span> <span class='ocrx_word' id='word_1_67' title='bbox 2304 795 2629 848; x_wconf 89' lang='lat' dir='ltr'><strong>utrumlibet</strong></span> <span class='ocrx_word' id='word_1_68' title='bbox 2657 793 2926 856; x_wconf 88' lang='lat' dir='ltr'><strong>volueris,</strong></span> <span class='ocrx_word' id='word_1_69' title='bbox 2951 791 3188 846; x_wconf 76' lang='lat' dir='ltr'><strong>extende</strong></span> <span class='ocrx_word' id='word_1_70' title='bbox 3225 805 3449 846; x_wconf 89' lang='lat' dir='ltr'><strong>manum</strong></span> 
     </span>
    </p>
   </div>
   <div class='ocr_carea' id='block_1_12' title="bbox 165 879 1801 955">
    <p class='ocr_par' dir='ltr' id='par_1_12' title="bbox 165 881 1763 955">
     <span class='ocr_line' id='line_1_12' title="bbox 165 881 1763 955; baseline 0.001 -20"><span class='ocrx_word' id='word_1_71' title='bbox 165 881 286 945; x_wconf 82' lang='grc' dir='ltr'>τοῦ.</span> <span class='ocrx_word' id='word_1_72' title='bbox 316 883 412 936; x_wconf 76' lang='grc' dir='ltr'>καὶ</span> <span class='ocrx_word' id='word_1_73' title='bbox 449 883 673 954; x_wconf 75' lang='grc' dir='ltr'>ήλειφεν</span> <span class='ocrx_word' id='word_1_74' title='bbox 701 883 780 954; x_wconf 80' lang='grc' dir='ltr'>τῷ</span> <span class='ocrx_word' id='word_1_75' title='bbox 815 882 996 955; x_wconf 82' lang='grc' dir='ltr'>μύρῳ,</span> <span class='ocrx_word' id='word_1_76' title='bbox 1035 901 1055 935; x_wconf 72' lang='grc' dir='ltr'><strong>ι</strong></span> <span class='ocrx_word' id='word_1_77' title='bbox 1094 883 1188 936; x_wconf 78' lang='grc' dir='ltr'>καὶ</span> <span class='ocrx_word' id='word_1_78' title='bbox 1219 883 1452 954; x_wconf 68' lang='grc' dir='ltr'>ἤκουσεν</span> <span class='ocrx_word' id='word_1_79' title='bbox 1482 883 1636 954; x_wconf 75' lang='grc' dir='ltr'>παρὰ</span> <span class='ocrx_word' id='word_1_80' title='bbox 1668 882 1763 936; x_wconf 85' lang='grc' dir='ltr'><strong>τοῦ</strong></span> 
     </span>
    </p>
   </div>
   <div class='ocr_carea' id='block_1_13' title="bbox 1881 879 3438 955">
    <p class='ocr_par' dir='ltr' id='par_1_13' title="bbox 1886 879 3438 951">
     <span class='ocr_line' id='line_1_13' title="bbox 1886 879 3438 951; baseline -0.001 -14"><span class='ocrx_word' id='word_1_81' title='bbox 1886 898 2010 938; x_wconf 90' lang='lat' dir='ltr'><strong>uam</strong></span> <span class='ocrx_word' id='word_1_82' title='bbox 2039 901 2052 938; x_wconf 89' lang='lat'><strong>:</strong></span> <span class='ocrx_word' id='word_1_83' title='bbox 2079 893 2207 939; x_wconf 79' lang='lat' dir='ltr'><strong>ante</strong></span> <span class='ocrx_word' id='word_1_84' title='bbox 2233 884 2484 940; x_wconf 79' lang='lat' dir='ltr'><strong>homines</strong></span> <span class='ocrx_word' id='word_1_85' title='bbox 2541 884 2654 939; x_wconf 88' lang='lat' dir='ltr'><strong>vita</strong></span> <span class='ocrx_word' id='word_1_86' title='bbox 2671 896 2728 940; x_wconf 90' lang='lat' dir='ltr'><strong>et</strong></span> <span class='ocrx_word' id='word_1_87' title='bbox 2756 899 2933 948; x_wconf 88' lang='lat' dir='ltr'><strong>mors,</strong></span> <span class='ocrx_word' id='word_1_88' title='bbox 2968 887 3023 936; x_wconf 88' lang='lat' dir='ltr'><strong>et</strong></span> <span class='ocrx_word' id='word_1_89' title='bbox 3056 879 3438 951; x_wconf 85' lang='lat' dir='ltr'><strong>quodcumque</strong></span> 
     </span>
    </p>
   </div>
   <div class='ocr_carea' id='block_1_14' title="bbox 167 976 1801 1051">
    <p class='ocr_par' dir='ltr' id='par_1_14' title="bbox 167 976 1752 1050">
     <span class='ocr_line' id='line_1_14' title="bbox 167 976 1752 1050; baseline 0.001 -21"><span class='ocrx_word' id='word_1_90' title='bbox 167 977 444 1046; x_wconf 58' lang='grc' dir='ltr'>ἃυτῆρος,</span> <span class='ocrx_word' id='word_1_91' title='bbox 484 995 503 1028; x_wconf 78' lang='grc' dir='ltr'><strong>ι</strong></span> <span class='ocrx_word' id='word_1_92' title='bbox 526 976 832 1045; x_wconf 81' lang='grc' dir='ltr'><strong>Ἀφέωνταί</strong></span> <span class='ocrx_word' id='word_1_93' title='bbox 860 994 953 1029; x_wconf 92' lang='grc' dir='ltr'><strong>σου</strong></span> <span class='ocrx_word' id='word_1_94' title='bbox 984 979 1038 1029; x_wconf 85' lang='grc' dir='ltr'>αἱ</span> <span class='ocrx_word' id='word_1_95' title='bbox 1070 977 1392 1048; x_wconf 62' lang='grc' dir='ltr'>ἁμαρτίαι.)</span> <span class='ocrx_word' id='word_1_96' title='bbox 1427 978 1588 1050; x_wconf 84' lang='grc' dir='ltr'>Λὺτῷ</span> <span class='ocrx_word' id='word_1_97' title='bbox 1611 981 1645 1049; x_wconf 87' lang='grc' dir='ltr'><strong>ή</strong></span> <span class='ocrx_word' id='word_1_98' title='bbox 1668 978 1752 1031; x_wconf 81' lang='grc' dir='ltr'><strong>δό-</strong></span> 
     </span>
    </p>
   </div>
   <div class='ocr_carea' id='block_1_15' title="bbox 1881 976 3441 1051">
    <p class='ocr_par' dir='ltr' id='par_1_15' title="bbox 1881 977 3441 1044">
     <span class='ocr_line' id='line_1_15' title="bbox 1881 977 3441 1044; baseline -0.001 -12"><span class='ocrx_word' id='word_1_99' title='bbox 1881 979 2145 1044; x_wconf 74' lang='grc' dir='ltr'>›ι;ιοιιοτίι,</span> <span class='ocrx_word' id='word_1_100' title='bbox 2178 977 2402 1033; x_wconf 86' lang='lat' dir='ltr'><strong>dabitur</strong></span> <span class='ocrx_word' id='word_1_101' title='bbox 2426 993 2526 1033; x_wconf 79' lang='lat' dir='ltr'><strong>eis.</strong></span> <span class='ocrx_word' id='word_1_102' title='bbox 2557 978 2884 1033; x_wconf 84' lang='lat' dir='ltr'><strong>Peccantem</strong></span> <span class='ocrx_word' id='word_1_103' title='bbox 2923 979 3074 1033; x_wconf 89' lang='lat' dir='ltr'><strong>enim</strong></span> <span class='ocrx_word' id='word_1_104' title='bbox 3116 977 3171 1032; x_wconf 92' lang='lat' dir='ltr'><strong>in</strong></span> <span class='ocrx_word' id='word_1_105' title='bbox 3204 978 3441 1032; x_wconf 90' lang='lat' dir='ltr'><strong>animam</strong></span> 
     </span>
    </p>
   </div>
   <div class='ocr_carea' id='block_1_16' title="bbox 165 1070 994 1142">
    <p class='ocr_par' dir='ltr' id='par_1_16' title="bbox 165 1070 994 1142">
     <span class='ocr_line' id='line_1_16' title="bbox 165 1070 994 1142; baseline 0.005 -20"><span class='ocrx_word' id='word_1_106' title='bbox 165 1070 235 1138; x_wconf 77' lang='grc' dir='ltr'>ξα</span> <span class='ocrx_word' id='word_1_107' title='bbox 271 1072 352 1134; x_wconf 87' lang='grc' dir='ltr'>εἰς</span> <span class='ocrx_word' id='word_1_108' title='bbox 379 1071 507 1133; x_wconf 77' lang='grc' dir='ltr'>τοὺς</span> <span class='ocrx_word' id='word_1_109' title='bbox 534 1070 753 1134; x_wconf 75' lang='grc' dir='ltr'>αἰῶνας.</span> <span class='ocrx_word' id='word_1_110' title='bbox 803 1071 994 1142; x_wconf 83' lang='grc' dir='ltr'>Ἀμήν.</span> 
     </span>
    </p>
   </div>
   <div class='ocr_carea' id='block_1_17' title="bbox 1851 1069 3441 1142">
    <p class='ocr_par' dir='ltr' id='par_1_17' title="bbox 1851 1069 3441 1142">
     <span class='ocr_line' id='line_1_17' title="bbox 1851 1069 3441 1142; baseline -0.001 -16"><span class='ocrx_word' id='word_1_111' title='bbox 1851 1086 2004 1126; x_wconf 90' lang='lat' dir='ltr'><strong>suam</strong></span> <span class='ocrx_word' id='word_1_112' title='bbox 2022 1070 2146 1140; x_wconf 83' lang='lat' dir='ltr'><strong>quis</strong></span> <span class='ocrx_word' id='word_1_113' title='bbox 2162 1069 2488 1142; x_wconf 79' lang='lat' dir='ltr'><strong>justiﬁcabit</strong></span> <span class='ocrx_word' id='word_1_114' title='bbox 2504 1071 2586 1122; x_wconf 79' lang='lat'><strong>&quot;?</strong></span> <span class='ocrx_word' id='word_1_115' title='bbox 2609 1089 2626 1122; x_wconf 71' lang='grc' dir='ltr'><strong>ι</strong></span> <span class='ocrx_word' id='word_1_116' title='bbox 2650 1071 2803 1136; x_wconf 91' lang='lat' dir='ltr'><strong>Quis,</strong></span> <span class='ocrx_word' id='word_1_117' title='bbox 2825 1071 3069 1141; x_wconf 88' lang='lat' dir='ltr'><strong>inquam,</strong></span> <span class='ocrx_word' id='word_1_118' title='bbox 3088 1070 3193 1126; x_wconf 87' lang='lat' dir='ltr'><strong>nisi</strong></span> <span class='ocrx_word' id='word_1_119' title='bbox 3217 1069 3441 1141; x_wconf 68' lang='lat' dir='ltr'><strong>praefer-</strong></span> 
     </span>
    </p>
   </div>
   <div class='ocr_carea' id='block_1_18' title="bbox 167 1167 3444 1242">
    <p class='ocr_par' dir='ltr' id='par_1_18' title="bbox 167 1167 3444 1242">
     <span class='ocr_line' id='line_1_18' title="bbox 167 1167 3444 1242; baseline 0 -22"><span class='ocrx_word' id='word_1_120' title='bbox 167 1168 317 1223; x_wconf 73' lang='lat' dir='ltr'><strong>vida:</strong></span> <span class='ocrx_word' id='word_1_121' title='bbox 344 1169 618 1240; x_wconf 76' lang='lat' dir='ltr'><strong>lacrymze,</strong></span> <span class='ocrx_word' id='word_1_122' title='bbox 647 1185 786 1238; x_wconf 85' lang='lat' dir='ltr'><strong>quas</strong></span> <span class='ocrx_word' id='word_1_123' title='bbox 811 1173 1111 1226; x_wconf 89' lang='lat' dir='ltr'><strong>comitetur</strong></span> <span class='ocrx_word' id='word_1_124' title='bbox 1136 1173 1539 1241; x_wconf 85' lang='lat' dir='ltr'><strong>compunctio?</strong></span> <span class='ocrx_word' id='word_1_125' title='bbox 1579 1172 1711 1228; x_wconf 91' lang='lat' dir='ltr'><strong>Sitit</strong></span> <span class='ocrx_word' id='word_1_126' title='bbox 1743 1171 1967 1240; x_wconf 90' lang='lat' dir='ltr'><strong>quidem</strong></span> <span class='ocrx_word' id='word_1_127' title='bbox 1997 1188 2219 1242; x_wconf 86' lang='lat' dir='ltr'><strong>semper</strong></span> <span class='ocrx_word' id='word_1_128' title='bbox 2255 1178 2503 1225; x_wconf 91' lang='lat' dir='ltr'><strong>nostram</strong></span> <span class='ocrx_word' id='word_1_129' title='bbox 2527 1167 2773 1221; x_wconf 88' lang='lat' dir='ltr'><strong>omnium</strong></span> <span class='ocrx_word' id='word_1_130' title='bbox 2804 1169 3040 1223; x_wconf 88' lang='lat' dir='ltr'><strong>salutem</strong></span> <span class='ocrx_word' id='word_1_131' title='bbox 3071 1168 3346 1238; x_wconf 89' lang='lat' dir='ltr'><strong>benignus</strong></span> <span class='ocrx_word' id='word_1_132' title='bbox 3386 1167 3444 1221; x_wconf 70' lang='lat' dir='ltr'><strong>el</strong></span> 
     </span>
    </p>
   </div>
   <div class='ocr_carea' id='block_1_19' title="bbox 169 1256 3445 1334">
    <p class='ocr_par' dir='ltr' id='par_1_19' title="bbox 169 1256 3445 1334">
     <span class='ocr_line' id='line_1_19' title="bbox 169 1256 3445 1334; baseline -0.001 -19"><span class='ocrx_word' id='word_1_133' title='bbox 169 1261 494 1315; x_wconf 82' lang='lat' dir='ltr'><strong>misericors</strong></span> <span class='ocrx_word' id='word_1_134' title='bbox 526 1261 794 1317; x_wconf 86' lang='lat' dir='ltr'><strong>Dominus</strong></span> <span class='ocrx_word' id='word_1_135' title='bbox 816 1265 901 1317; x_wconf 90' lang='lat' dir='ltr'><strong>vel</strong></span> <span class='ocrx_word' id='word_1_136' title='bbox 946 1272 1083 1318; x_wconf 88' lang='lat' dir='ltr'><strong>teste</strong></span> <span class='ocrx_word' id='word_1_137' title='bbox 1109 1265 1408 1334; x_wconf 83' lang='lat' dir='ltr'><strong>Apostolo:</strong></span> <span class='ocrx_word' id='word_1_138' title='bbox 1437 1282 1456 1316; x_wconf 78' lang='grc' dir='ltr'><strong>ι</strong></span> <span class='ocrx_word' id='word_1_139' title='bbox 1486 1264 1590 1330; x_wconf 87' lang='lat' dir='ltr'><strong>Qui</strong></span> <span class='ocrx_word' id='word_1_140' title='bbox 1627 1279 1821 1317; x_wconf 89' lang='lat' dir='ltr'><strong>omnes</strong></span> <span class='ocrx_word' id='word_1_141' title='bbox 1853 1261 2106 1317; x_wconf 87' lang='lat' dir='ltr'><strong>homines</strong></span> <span class='ocrx_word' id='word_1_142' title='bbox 2131 1262 2248 1316; x_wconf 85' lang='lat' dir='ltr'><strong>vult</strong></span> <span class='ocrx_word' id='word_1_143' title='bbox 2280 1261 2462 1315; x_wconf 89' lang='lat' dir='ltr'><strong>salvos</strong></span> <span class='ocrx_word' id='word_1_144' title='bbox 2498 1258 2638 1326; x_wconf 87' lang='lat' dir='ltr'><strong>ﬁeri,</strong></span> <span class='ocrx_word' id='word_1_145' title='bbox 2662 1268 2719 1313; x_wconf 91' lang='lat' dir='ltr'><strong>et</strong></span> <span class='ocrx_word' id='word_1_146' title='bbox 2740 1259 2806 1312; x_wconf 84' lang='lat' dir='ltr'><strong>ad</strong></span> <span class='ocrx_word' id='word_1_147' title='bbox 2829 1258 3165 1328; x_wconf 78' lang='lat' dir='ltr'><strong>agnitionem</strong></span> <span class='ocrx_word' id='word_1_148' title='bbox 3195 1256 3445 1313; x_wconf 82' lang='lat' dir='ltr'><strong>veritatis</strong></span> 
     </span>
    </p>
   </div>
   <div class='ocr_carea' id='block_1_20' title="bbox 165 1352 3437 1427">
    <p class='ocr_par' dir='ltr' id='par_1_20' title="bbox 165 1352 3437 1427">
     <span class='ocr_line' id='line_1_20' title="bbox 165 1352 3437 1427; baseline -0.002 -16"><span class='ocrx_word' id='word_1_149' title='bbox 165 1357 365 1411; x_wconf 91' lang='lat' dir='ltr'><strong>venire</strong></span> <span class='ocrx_word' id='word_1_150' title='bbox 395 1357 462 1410; x_wconf 82' lang='grc'><strong>⁸³.</strong></span> <span class='ocrx_word' id='word_1_151' title='bbox 501 1375 519 1408; x_wconf 71' lang='grc' dir='ltr'><strong>ι</strong></span> <span class='ocrx_word' id='word_1_152' title='bbox 561 1355 838 1427; x_wconf 85' lang='lat' dir='ltr'><strong>Scriptum</strong></span> <span class='ocrx_word' id='word_1_153' title='bbox 873 1367 1058 1412; x_wconf 87' lang='lat' dir='ltr'><strong>autem</strong></span> <span class='ocrx_word' id='word_1_154' title='bbox 1093 1369 1175 1413; x_wconf 89' lang='lat' dir='ltr'><strong>est</strong></span> <span class='ocrx_word' id='word_1_155' title='bbox 1208 1371 1264 1413; x_wconf 93' lang='lat' dir='ltr'><strong>et</strong></span> <span class='ocrx_word' id='word_1_156' title='bbox 1294 1359 1348 1414; x_wconf 90' lang='lat' dir='ltr'><strong>in</strong></span> <span class='ocrx_word' id='word_1_157' title='bbox 1384 1360 1546 1413; x_wconf 72' lang='lat' dir='ltr'><strong>Luew</strong></span> <span class='ocrx_word' id='word_1_158' title='bbox 1576 1358 1873 1426; x_wconf 78' lang='lat' dir='ltr'><strong>Evangelio</strong></span> <span class='ocrx_word' id='word_1_159' title='bbox 1903 1373 1917 1410; x_wconf 88' lang='lat'><strong>:</strong></span> <span class='ocrx_word' id='word_1_160' title='bbox 1960 1374 1977 1406; x_wconf 84' lang='grc' dir='ltr'><strong>ι</strong></span> <span class='ocrx_word' id='word_1_161' title='bbox 2010 1355 2078 1409; x_wconf 88' lang='lat' dir='ltr'><strong>Et</strong></span> <span class='ocrx_word' id='word_1_162' title='bbox 2099 1369 2228 1408; x_wconf 89' lang='lat' dir='ltr'><strong>ecce</strong></span> <span class='ocrx_word' id='word_1_163' title='bbox 2260 1355 2458 1408; x_wconf 90' lang='lat' dir='ltr'><strong>mulier</strong></span> <span class='ocrx_word' id='word_1_164' title='bbox 2490 1368 2614 1423; x_wconf 77' lang='lat' dir='ltr'><strong>qua:</strong></span> <span class='ocrx_word' id='word_1_165' title='bbox 2642 1361 2758 1408; x_wconf 88' lang='lat' dir='ltr'><strong>erat</strong></span> <span class='ocrx_word' id='word_1_166' title='bbox 2795 1352 2849 1406; x_wconf 92' lang='lat' dir='ltr'><strong>in</strong></span> <span class='ocrx_word' id='word_1_167' title='bbox 2885 1353 3107 1407; x_wconf 88' lang='lat' dir='ltr'><strong>civitate</strong></span> <span class='ocrx_word' id='word_1_168' title='bbox 3139 1352 3437 1420; x_wconf 62' lang='lat' dir='ltr'><strong>peccatrix.</strong></span> 
     </span>
    </p>
   </div>
   <div class='ocr_carea' id='block_1_21' title="bbox 169 1442 3440 1518">
    <p class='ocr_par' dir='ltr' id='par_1_21' title="bbox 169 1442 3440 1518">
     <span class='ocr_line' id='line_1_21' title="bbox 169 1442 3440 1518; baseline -0.001 -16"><span class='ocrx_word' id='word_1_169' title='bbox 169 1457 239 1502; x_wconf 92' lang='lat' dir='ltr'><strong>ut</strong></span> <span class='ocrx_word' id='word_1_170' title='bbox 271 1447 531 1518; x_wconf 79' lang='lat' dir='ltr'><strong>cognovit</strong></span> <span class='ocrx_word' id='word_1_171' title='bbox 558 1448 686 1516; x_wconf 88' lang='lat' dir='ltr'><strong>quia</strong></span> <span class='ocrx_word' id='word_1_172' title='bbox 726 1448 1081 1503; x_wconf 90' lang='lat' dir='ltr'><strong>aceumberct</strong></span> <span class='ocrx_word' id='word_1_173' title='bbox 1106 1450 1372 1503; x_wconf 87' lang='lat' dir='ltr'><strong>Dominus</strong></span> <span class='ocrx_word' id='word_1_174' title='bbox 1417 1449 1470 1503; x_wconf 86' lang='lat' dir='ltr'><strong>in</strong></span> <span class='ocrx_word' id='word_1_175' title='bbox 1502 1448 1668 1502; x_wconf 91' lang='lat' dir='ltr'><strong>domo</strong></span> <span class='ocrx_word' id='word_1_176' title='bbox 1712 1446 1996 1512; x_wconf 64' lang='lat' dir='ltr'><strong>Pharisaai,</strong></span> <span class='ocrx_word' id='word_1_177' title='bbox 2040 1446 2228 1500; x_wconf 90' lang='lat' dir='ltr'><strong>attulit</strong></span> <span class='ocrx_word' id='word_1_178' title='bbox 2260 1446 2597 1500; x_wconf 81' lang='lat' dir='ltr'><strong>alabastrum</strong></span> <span class='ocrx_word' id='word_1_179' title='bbox 2637 1444 2909 1514; x_wconf 82' lang='lat' dir='ltr'><strong>unguenti</strong></span> <span class='ocrx_word' id='word_1_180' title='bbox 2943 1461 2957 1496; x_wconf 92' lang='lat'><strong>:</strong></span> <span class='ocrx_word' id='word_1_181' title='bbox 2989 1457 3225 1513; x_wconf 90' lang='lat' dir='ltr'><strong>cumque</strong></span> <span class='ocrx_word' id='word_1_182' title='bbox 3257 1442 3440 1499; x_wconf 78' lang='lat' dir='ltr'><strong>stetis-</strong></span> 
     </span>
    </p>
   </div>
   <div class='ocr_carea' id='block_1_22' title="bbox 173 1533 3447 1610">
    <p class='ocr_par' dir='ltr' id='par_1_22' title="bbox 173 1533 3447 1610">
     <span class='ocr_line' id='line_1_22' title="bbox 173 1533 3447 1610; baseline -0.002 -17"><span class='ocrx_word' id='word_1_183' title='bbox 173 1549 262 1594; x_wconf 89' lang='lat' dir='ltr'><strong>set</strong></span> <span class='ocrx_word' id='word_1_184' title='bbox 293 1549 444 1593; x_wconf 90' lang='lat' dir='ltr'><strong>retro</strong></span> <span class='ocrx_word' id='word_1_185' title='bbox 491 1554 653 1594; x_wconf 83' lang='lat' dir='ltr'><strong>secus</strong></span> <span class='ocrx_word' id='word_1_186' title='bbox 701 1539 871 1609; x_wconf 85' lang='lat' dir='ltr'><strong>pedes</strong></span> <span class='ocrx_word' id='word_1_187' title='bbox 916 1541 1057 1610; x_wconf 92' lang='lat' dir='ltr'><strong>ejus,</strong></span> <span class='ocrx_word' id='word_1_188' title='bbox 1087 1540 1225 1595; x_wconf 82' lang='lat' dir='ltr'><strong>ﬂens</strong></span> <span class='ocrx_word' id='word_1_189' title='bbox 1255 1539 1423 1610; x_wconf 55' lang='lat' dir='ltr'><strong>carpit</strong></span> <span class='ocrx_word' id='word_1_190' title='bbox 1448 1540 1627 1610; x_wconf 85' lang='lat' dir='ltr'><strong>rigare</strong></span> <span class='ocrx_word' id='word_1_191' title='bbox 1657 1538 1823 1608; x_wconf 86' lang='lat' dir='ltr'><strong>pedes</strong></span> <span class='ocrx_word' id='word_1_192' title='bbox 1855 1537 1976 1608; x_wconf 93' lang='lat' dir='ltr'><strong>ejus</strong></span> <span class='ocrx_word' id='word_1_193' title='bbox 1999 1537 2279 1607; x_wconf 79' lang='lat' dir='ltr'><strong>lacrymis,</strong></span> <span class='ocrx_word' id='word_1_194' title='bbox 2310 1543 2366 1590; x_wconf 91' lang='lat' dir='ltr'><strong>et</strong></span> <span class='ocrx_word' id='word_1_195' title='bbox 2394 1534 2609 1604; x_wconf 85' lang='lat' dir='ltr'><strong>capillis</strong></span> <span class='ocrx_word' id='word_1_196' title='bbox 2659 1534 2858 1604; x_wconf 86' lang='lat' dir='ltr'><strong>capitis</strong></span> <span class='ocrx_word' id='word_1_197' title='bbox 2900 1534 2988 1590; x_wconf 88' lang='lat' dir='ltr'><strong>sui</strong></span> <span class='ocrx_word' id='word_1_198' title='bbox 3035 1533 3348 1604; x_wconf 88' lang='lat' dir='ltr'><strong>detergere,</strong></span> <span class='ocrx_word' id='word_1_199' title='bbox 3378 1542 3447 1587; x_wconf 66' lang='lat' dir='ltr'><strong>et</strong></span> 
     </span>
    </p>
   </div>
   <div class='ocr_carea' id='block_1_23' title="bbox 179 1624 3424 1701">
    <p class='ocr_par' dir='ltr' id='par_1_23' title="bbox 179 1624 3424 1701">
     <span class='ocr_line' id='line_1_23' title="bbox 179 1624 3424 1701; baseline -0.001 -20"><span class='ocrx_word' id='word_1_200' title='bbox 179 1636 472 1700; x_wconf 84' lang='lat' dir='ltr'><strong>unguento</strong></span> <span class='ocrx_word' id='word_1_201' title='bbox 505 1628 744 1698; x_wconf 87' lang='lat' dir='ltr'><strong>ungebat</strong></span> <span class='ocrx_word' id='word_1_202' title='bbox 772 1628 853 1694; x_wconf 81' lang='lat'><strong>“;</strong></span> <span class='ocrx_word' id='word_1_203' title='bbox 899 1646 918 1679; x_wconf 75' lang='grc' dir='ltr'><strong>ι</strong></span> <span class='ocrx_word' id='word_1_204' title='bbox 950 1639 1009 1683; x_wconf 88' lang='lat' dir='ltr'><strong>et</strong></span> <span class='ocrx_word' id='word_1_205' title='bbox 1034 1644 1102 1685; x_wconf 91' lang='lat' dir='ltr'><strong>eo</strong></span> <span class='ocrx_word' id='word_1_206' title='bbox 1122 1628 1429 1701; x_wconf 89' lang='lat' dir='ltr'><strong>promeruit</strong></span> <span class='ocrx_word' id='word_1_207' title='bbox 1452 1643 1587 1684; x_wconf 91' lang='lat' dir='ltr'><strong>voce</strong></span> <span class='ocrx_word' id='word_1_208' title='bbox 1617 1627 1918 1684; x_wconf 87' lang='lat' dir='ltr'><strong>Salvatoris</strong></span> <span class='ocrx_word' id='word_1_209' title='bbox 1941 1626 2080 1682; x_wconf 89' lang='lat' dir='ltr'><strong>illud</strong></span> <span class='ocrx_word' id='word_1_210' title='bbox 2106 1625 2300 1682; x_wconf 88' lang='lat' dir='ltr'><strong>audire</strong></span> <span class='ocrx_word' id='word_1_211' title='bbox 2327 1642 2341 1680; x_wconf 91' lang='lat'><strong>:</strong></span> <span class='ocrx_word' id='word_1_212' title='bbox 2377 1643 2396 1677; x_wconf 84' lang='grc' dir='ltr'><strong>ι</strong></span> <span class='ocrx_word' id='word_1_213' title='bbox 2423 1624 2790 1680; x_wconf 89' lang='lat' dir='ltr'><strong>Dimittuntur</strong></span> <span class='ocrx_word' id='word_1_214' title='bbox 2811 1624 2910 1681; x_wconf 90' lang='lat' dir='ltr'><strong>tibi</strong></span> <span class='ocrx_word' id='word_1_215' title='bbox 2935 1633 3159 1696; x_wconf 88' lang='lat' dir='ltr'><strong>peccata</strong></span> <span class='ocrx_word' id='word_1_216' title='bbox 3190 1633 3283 1681; x_wconf 82' lang='lat' dir='ltr'><strong>tua</strong></span> <span class='ocrx_word' id='word_1_217' title='bbox 3307 1625 3372 1679; x_wconf 85' lang='lat'><strong>“.</strong></span> <span class='ocrx_word' id='word_1_218' title='bbox 3405 1644 3424 1678; x_wconf 76' lang='grc' dir='ltr'><strong>ι</strong></span> 
     </span>
    </p>
   </div>
   <div class='ocr_carea' id='block_1_24' title="bbox 181 1721 1071 1794">
    <p class='ocr_par' dir='ltr' id='par_1_24' title="bbox 181 1721 1071 1794">
     <span class='ocr_line' id='line_1_24' title="bbox 181 1721 1071 1794; baseline 0 -16"><span class='ocrx_word' id='word_1_219' title='bbox 181 1721 294 1792; x_wconf 86' lang='lat' dir='ltr'><strong>lpsi</strong></span> <span class='ocrx_word' id='word_1_220' title='bbox 328 1723 501 1794; x_wconf 79' lang='lat' dir='ltr'><strong>gloria</strong></span> <span class='ocrx_word' id='word_1_221' title='bbox 532 1721 589 1777; x_wconf 92' lang='lat' dir='ltr'><strong>in</strong></span> <span class='ocrx_word' id='word_1_222' title='bbox 626 1721 843 1778; x_wconf 67' lang='lat' dir='ltr'><strong>sarcula.</strong></span> <span class='ocrx_word' id='word_1_223' title='bbox 873 1722 1071 1778; x_wconf 84' lang='lat' dir='ltr'><strong>Amen.</strong></span> 
     </span>
    </p>
   </div>
   <div class='ocr_carea' id='block_1_25' title="bbox 774 1898 1167 1952">
    <p class='ocr_par' dir='ltr' id='par_1_25' title="bbox 774 1898 1167 1952">
     <span class='ocr_line' id='line_1_25' title="bbox 774 1898 1167 1952; baseline -0.008 0"><span class='ocrx_word' id='word_1_224' title='bbox 774 1898 996 1952; x_wconf 82' lang='grc' dir='ltr'><strong>ΛΟΓΟΣ</strong></span> <span class='ocrx_word' id='word_1_225' title='bbox 1035 1899 1167 1949; x_wconf 78' lang='lat' dir='ltr'><strong>l’ll’.</strong></span> 
     </span>
    </p>
   </div>
   <div class='ocr_carea' id='block_1_26' title="bbox 649 2007 1268 2079">
    <p class='ocr_par' dir='ltr' id='par_1_26' title="bbox 649 2007 1268 2079">
     <span class='ocr_line' id='line_1_26' title="bbox 649 2007 1268 2079; baseline -0.005 -15"><span class='ocrx_word' id='word_1_226' title='bbox 649 2009 789 2078; x_wconf 76' lang='grc' dir='ltr'>Περὶ</span> <span class='ocrx_word' id='word_1_227' title='bbox 817 2007 992 2077; x_wconf 77' lang='grc' dir='ltr'>τιμῆς</span> <span class='ocrx_word' id='word_1_228' title='bbox 1019 2009 1268 2079; x_wconf 71' lang='grc' dir='ltr'>γονέων.</span> 
     </span>
    </p>
   </div>
   <div class='ocr_carea' id='block_1_27' title="bbox 245 2111 1770 2195">
    <p class='ocr_par' dir='ltr' id='par_1_27' title="bbox 245 2111 1770 2195">
     <span class='ocr_line' id='line_1_27' title="bbox 245 2111 1770 2195; baseline -0.01 -16"><span class='ocrx_word' id='word_1_229' title='bbox 245 2123 358 2180; x_wconf 90' lang='grc' dir='ltr'><strong>Τοῦ</strong></span> <span class='ocrx_word' id='word_1_230' title='bbox 379 2123 551 2195; x_wconf 83' lang='grc' dir='ltr'>τιμᾷν</span> <span class='ocrx_word' id='word_1_231' title='bbox 574 2123 702 2183; x_wconf 81' lang='grc' dir='ltr'>τοὺς</span> <span class='ocrx_word' id='word_1_232' title='bbox 729 2120 990 2183; x_wconf 75' lang='grc' dir='ltr'>τεκόντας</span> <span class='ocrx_word' id='word_1_233' title='bbox 1010 2120 1176 2190; x_wconf 78' lang='grc' dir='ltr'>ἡμᾶς,</span> <span class='ocrx_word' id='word_1_234' title='bbox 1203 2116 1299 2172; x_wconf 77' lang='grc' dir='ltr'>καὶ</span> <span class='ocrx_word' id='word_1_235' title='bbox 1315 2114 1553 2186; x_wconf 73' lang='grc' dir='ltr'>ἀμοιϐὰς</span> <span class='ocrx_word' id='word_1_236' title='bbox 1583 2111 1770 2175; x_wconf 81' lang='grc' dir='ltr'>αὐτοῖς</span> 
     </span>
    </p>
   </div>
   <div class='ocr_carea' id='block_1_28' title="bbox 171 2205 1767 2284">
    <p class='ocr_par' dir='ltr' id='par_1_28' title="bbox 171 2205 1767 2284">
     <span class='ocr_line' id='line_1_28' title="bbox 171 2205 1767 2284; baseline -0.009 -14"><span class='ocrx_word' id='word_1_237' title='bbox 171 2217 488 2270; x_wconf 76' lang='grc' dir='ltr'>ἀποδιδόναι</span> <span class='ocrx_word' id='word_1_238' title='bbox 520 2213 797 2284; x_wconf 82' lang='grc' dir='ltr'>ὀφειλέται</span> <span class='ocrx_word' id='word_1_239' title='bbox 831 2211 1000 2282; x_wconf 79' lang='grc' dir='ltr'>ἐσμὲν</span> <span class='ocrx_word' id='word_1_240' title='bbox 1049 2211 1143 2265; x_wconf 80' lang='grc' dir='ltr'>καὶ</span> <span class='ocrx_word' id='word_1_241' title='bbox 1181 2211 1245 2262; x_wconf 87' lang='grc' dir='ltr'><strong>ἐκ</strong></span> <span class='ocrx_word' id='word_1_242' title='bbox 1275 2211 1375 2278; x_wconf 81' lang='grc' dir='ltr'><strong>τῆς</strong></span> <span class='ocrx_word' id='word_1_243' title='bbox 1415 2205 1647 2276; x_wconf 81' lang='grc' dir='ltr'><strong>φυσικῆς</strong></span> <span class='ocrx_word' id='word_1_244' title='bbox 1677 2220 1767 2256; x_wconf 87' lang='grc' dir='ltr'>νο-</span> 
     </span>
    </p>
   </div>
   <div class='ocr_carea' id='block_1_29' title="bbox 175 2294 1771 2379">
    <p class='ocr_par' dir='ltr' id='par_1_29' title="bbox 175 2294 1771 2379">
     <span class='ocr_line' id='line_1_29' title="bbox 175 2294 1771 2379; baseline -0.009 -16"><span class='ocrx_word' id='word_1_245' title='bbox 175 2308 464 2379; x_wconf 83' lang='grc' dir='ltr'>μοθεσίας.</span> <span class='ocrx_word' id='word_1_246' title='bbox 513 2307 602 2359; x_wconf 85' lang='grc' dir='ltr'>Ἐν</span> <span class='ocrx_word' id='word_1_247' title='bbox 630 2304 869 2375; x_wconf 87' lang='grc' dir='ltr'>πρώτοις</span> <span class='ocrx_word' id='word_1_248' title='bbox 928 2303 1051 2373; x_wconf 80' lang='grc' dir='ltr'>μὲν,</span> <span class='ocrx_word' id='word_1_249' title='bbox 1102 2301 1187 2354; x_wconf 81' lang='grc' dir='ltr'>ὅτι</span> <span class='ocrx_word' id='word_1_250' title='bbox 1232 2299 1293 2353; x_wconf 81' lang='grc' dir='ltr'>τὸ</span> <span class='ocrx_word' id='word_1_251' title='bbox 1319 2296 1582 2368; x_wconf 73' lang='grc' dir='ltr'>αἰσθητὸν</span> <span class='ocrx_word' id='word_1_252' title='bbox 1609 2294 1771 2348; x_wconf 88' lang='grc' dir='ltr'>τοῦτο</span> 
     </span>
    </p>
   </div>
   <div class='ocr_carea' id='block_1_30' title="bbox 174 2384 1767 2470">
    <p class='ocr_par' dir='ltr' id='par_1_30' title="bbox 174 2384 1767 2470">
     <span class='ocr_line' id='line_1_30' title="bbox 174 2384 1767 2470; baseline -0.01 -16"><span class='ocrx_word' id='word_1_253' title='bbox 174 2400 294 2470; x_wconf 76' lang='grc' dir='ltr'><strong>φῶς</strong></span> <span class='ocrx_word' id='word_1_254' title='bbox 325 2398 394 2452; x_wconf 84' lang='grc' dir='ltr'><strong>δι’</strong></span> <span class='ocrx_word' id='word_1_255' title='bbox 416 2397 596 2452; x_wconf 81' lang='grc' dir='ltr'>αὐτῶν</span> <span class='ocrx_word' id='word_1_256' title='bbox 620 2395 946 2465; x_wconf 77' lang='grc' dir='ltr'>ἑωράκαμεν</span> <span class='ocrx_word' id='word_1_257' title='bbox 969 2407 986 2424; x_wconf 76' lang='grc' dir='ltr'><strong>ο</strong></span> <span class='ocrx_word' id='word_1_258' title='bbox 1040 2391 1230 2444; x_wconf 70' lang='grc' dir='ltr'>ἔπειτα</span> <span class='ocrx_word' id='word_1_259' title='bbox 1253 2389 1309 2442; x_wconf 84' lang='grc' dir='ltr'><strong>δὲ</strong></span> <span class='ocrx_word' id='word_1_260' title='bbox 1347 2387 1441 2442; x_wconf 76' lang='grc' dir='ltr'>καὶ</span> <span class='ocrx_word' id='word_1_261' title='bbox 1469 2387 1530 2438; x_wconf 83' lang='grc' dir='ltr'>τὸ</span> <span class='ocrx_word' id='word_1_262' title='bbox 1555 2384 1767 2455; x_wconf 82' lang='grc' dir='ltr'>νοητὸν,</span> 
     </span>
    </p>
   </div>
   <div class='ocr_carea' id='block_1_31' title="bbox 172 2476 1772 2559">
    <p class='ocr_par' dir='ltr' id='par_1_31' title="bbox 172 2476 1772 2559">
     <span class='ocr_line' id='line_1_31' title="bbox 172 2476 1772 2559; baseline -0.011 -14"><span class='ocrx_word' id='word_1_263' title='bbox 172 2491 459 2545; x_wconf 78' lang='grc' dir='ltr'>τουτέστιν</span> <span class='ocrx_word' id='word_1_264' title='bbox 478 2488 577 2559; x_wconf 81' lang='grc' dir='ltr'><strong>τὴν</strong></span> <span class='ocrx_word' id='word_1_265' title='bbox 607 2489 684 2550; x_wconf 87' lang='grc' dir='ltr'><strong>είς</strong></span> <span class='ocrx_word' id='word_1_266' title='bbox 709 2487 802 2539; x_wconf 81' lang='grc' dir='ltr'>τὸν</span> <span class='ocrx_word' id='word_1_267' title='bbox 843 2486 1046 2555; x_wconf 75' lang='grc' dir='ltr'>Κύριον</span> <span class='ocrx_word' id='word_1_268' title='bbox 1072 2481 1231 2554; x_wconf 82' lang='grc' dir='ltr'>ἡμῶν</span> <span class='ocrx_word' id='word_1_269' title='bbox 1272 2478 1481 2550; x_wconf 77' lang='grc' dir='ltr'>Ἰησοῦν</span> <span class='ocrx_word' id='word_1_270' title='bbox 1537 2476 1772 2546; x_wconf 85' lang='grc' dir='ltr'>Χριστὸν</span> 
     </span>
    </p>
   </div>
   <div class='ocr_carea' id='block_1_32' title="bbox 172 2567 1771 2648">
    <p class='ocr_par' dir='ltr' id='par_1_32' title="bbox 172 2567 1771 2648">
     <span class='ocr_line' id='line_1_32' title="bbox 172 2567 1771 2648; baseline -0.011 -14"><span class='ocrx_word' id='word_1_271' title='bbox 172 2581 266 2635; x_wconf 76' lang='grc' dir='ltr'><strong>διὰ</strong></span> <span class='ocrx_word' id='word_1_272' title='bbox 295 2579 391 2633; x_wconf 89' lang='grc' dir='ltr'><strong>τοῦ</strong></span> <span class='ocrx_word' id='word_1_273' title='bbox 437 2577 815 2648; x_wconf 79' lang='grc' dir='ltr'>βαπτίσματος</span> <span class='ocrx_word' id='word_1_274' title='bbox 846 2573 1143 2642; x_wconf 86' lang='grc' dir='ltr'>ἐπίγνωσιν</span> <span class='ocrx_word' id='word_1_275' title='bbox 1161 2587 1174 2601; x_wconf 87' lang='lat'><strong><em>°</em></strong></span> <span class='ocrx_word' id='word_1_276' title='bbox 1203 2571 1300 2625; x_wconf 78' lang='grc' dir='ltr'>καὶ</span> <span class='ocrx_word' id='word_1_277' title='bbox 1325 2571 1414 2623; x_wconf 78' lang='grc' dir='ltr'>διὰ</span> <span class='ocrx_word' id='word_1_278' title='bbox 1462 2567 1563 2638; x_wconf 81' lang='grc' dir='ltr'>τὴν</span> <span class='ocrx_word' id='word_1_279' title='bbox 1613 2583 1771 2634; x_wconf 76' lang='grc' dir='ltr'>φυσιο</span> 
     </span>
    </p>
   </div>
   <div class='ocr_carea' id='block_1_33' title="bbox 174 2654 1770 2742">
    <p class='ocr_par' dir='ltr' id='par_1_33' title="bbox 174 2654 1770 2742">
     <span class='ocr_line' id='line_1_33' title="bbox 174 2654 1770 2742; baseline -0.011 -16"><span class='ocrx_word' id='word_1_280' title='bbox 174 2670 283 2742; x_wconf 81' lang='grc' dir='ltr'>κὴν</span> <span class='ocrx_word' id='word_1_281' title='bbox 309 2669 491 2724; x_wconf 80' lang='grc' dir='ltr'>αὐτῶν</span> <span class='ocrx_word' id='word_1_282' title='bbox 522 2667 659 2736; x_wconf 83' lang='grc' dir='ltr'>πρὸς</span> <span class='ocrx_word' id='word_1_283' title='bbox 689 2665 757 2719; x_wconf 82' lang='grc' dir='ltr'>τὰ</span> <span class='ocrx_word' id='word_1_284' title='bbox 786 2664 891 2717; x_wconf 78' lang='grc' dir='ltr'>ἴδια</span> <span class='ocrx_word' id='word_1_285' title='bbox 916 2664 1111 2731; x_wconf 78' lang='grc' dir='ltr'>ἔγγονα</span> <span class='ocrx_word' id='word_1_286' title='bbox 1146 2660 1382 2731; x_wconf 82' lang='grc' dir='ltr'>στοργήν</span> <span class='ocrx_word' id='word_1_287' title='bbox 1405 2675 1419 2689; x_wconf 82' lang='grc'><em>’</em></span> <span class='ocrx_word' id='word_1_288' title='bbox 1458 2658 1551 2712; x_wconf 79' lang='grc' dir='ltr'>καὶ</span> <span class='ocrx_word' id='word_1_289' title='bbox 1571 2655 1660 2708; x_wconf 82' lang='grc' dir='ltr'><strong>διὰ</strong></span> <span class='ocrx_word' id='word_1_290' title='bbox 1678 2654 1770 2708; x_wconf 83' lang='grc' dir='ltr'>τὸν</span> 
     </span>
    </p>
   </div>
   <div class='ocr_carea' id='block_1_34' title="bbox 175 2747 1772 2830">
    <p class='ocr_par' dir='ltr' id='par_1_34' title="bbox 175 2747 1772 2830">
     <span class='ocr_line' id='line_1_34' title="bbox 175 2747 1772 2830; baseline -0.013 -11"><span class='ocrx_word' id='word_1_291' title='bbox 175 2765 355 2819; x_wconf 77' lang='grc' dir='ltr'>κόπον</span> <span class='ocrx_word' id='word_1_292' title='bbox 375 2761 436 2815; x_wconf 78' lang='grc' dir='ltr'>ὃν</span> <span class='ocrx_word' id='word_1_293' title='bbox 457 2758 823 2830; x_wconf 80' lang='grc' dir='ltr'>ὑπομένουσιν</span> <span class='ocrx_word' id='word_1_294' title='bbox 853 2756 984 2827; x_wconf 74' lang='grc' dir='ltr'>περὶ</span> <span class='ocrx_word' id='word_1_295' title='bbox 1007 2755 1108 2824; x_wconf 87' lang='grc' dir='ltr'><strong>τῆς</strong></span> <span class='ocrx_word' id='word_1_296' title='bbox 1133 2751 1400 2824; x_wconf 84' lang='grc' dir='ltr'>ἐντροφῆς</span> <span class='ocrx_word' id='word_1_297' title='bbox 1423 2748 1623 2811; x_wconf 84' lang='grc' dir='ltr'>αὐτῶν,</span> <span class='ocrx_word' id='word_1_298' title='bbox 1677 2747 1772 2800; x_wconf 59' lang='grc' dir='ltr'><strong>καὶ¹</strong></span> 
     </span>
    </p>
   </div>
   <div class='ocr_carea' id='block_1_35' title="bbox 174 2836 1766 2926">
    <p class='ocr_par' dir='ltr' id='par_1_35' title="bbox 174 2836 1766 2926">
     <span class='ocr_line' id='line_1_35' title="bbox 174 2836 1766 2926; baseline -0.011 -17"><span class='ocrx_word' id='word_1_299' title='bbox 174 2856 281 2926; x_wconf 76' lang='grc' dir='ltr'>τὴν</span> <span class='ocrx_word' id='word_1_300' title='bbox 307 2854 581 2925; x_wconf 86' lang='grc' dir='ltr'>μέριμναν</span> <span class='ocrx_word' id='word_1_301' title='bbox 604 2852 672 2921; x_wconf 83' lang='grc' dir='ltr'>ἢν</span> <span class='ocrx_word' id='word_1_302' title='bbox 694 2849 913 2919; x_wconf 77' lang='grc' dir='ltr'>ἔχουσιν</span> <span class='ocrx_word' id='word_1_303' title='bbox 938 2846 1130 2906; x_wconf 84' lang='grc' dir='ltr'>νυκτὸς</span> <span class='ocrx_word' id='word_1_304' title='bbox 1153 2845 1243 2897; x_wconf 80' lang='grc' dir='ltr'>καὶ</span> <span class='ocrx_word' id='word_1_305' title='bbox 1267 2842 1480 2913; x_wconf 75' lang='grc' dir='ltr'>ἡμέρας</span> <span class='ocrx_word' id='word_1_306' title='bbox 1507 2839 1575 2893; x_wconf 87' lang='grc' dir='ltr'>δι’</span> <span class='ocrx_word' id='word_1_307' title='bbox 1598 2836 1737 2893; x_wconf 81' lang='grc' dir='ltr'>αὑτά</span> <span class='ocrx_word' id='word_1_308' title='bbox 1753 2852 1766 2864; x_wconf 94' lang='grc'><strong>·</strong></span> 
     </span>
    </p>
   </div>
   <div class='ocr_carea' id='block_1_36' title="bbox 182 2931 1771 3017">
    <p class='ocr_par' dir='ltr' id='par_1_36' title="bbox 182 2931 1771 3017">
     <span class='ocr_line' id='line_1_36' title="bbox 182 2931 1771 3017; baseline -0.012 -17"><span class='ocrx_word' id='word_1_309' title='bbox 182 2948 264 3017; x_wconf 85' lang='grc' dir='ltr'><strong>μή</strong></span> <span class='ocrx_word' id='word_1_310' title='bbox 313 2962 366 2998; x_wconf 87' lang='grc' dir='ltr'><strong>τι</strong></span> <span class='ocrx_word' id='word_1_311' title='bbox 392 2943 502 2997; x_wconf 90' lang='grc' dir='ltr'><strong>τῶν</strong></span> <span class='ocrx_word' id='word_1_312' title='bbox 542 2941 858 3009; x_wconf 80' lang='grc' dir='ltr'>ἀϐουλήτων</span> <span class='ocrx_word' id='word_1_313' title='bbox 888 2938 1071 2999; x_wconf 82' lang='grc' dir='ltr'>αὐτοῖς</span> <span class='ocrx_word' id='word_1_314' title='bbox 1112 2935 1423 3006; x_wconf 77' lang='grc' dir='ltr'>συναντήσῃ</span> <span class='ocrx_word' id='word_1_315' title='bbox 1442 2947 1458 2962; x_wconf 88' lang='grc'><strong>·</strong></span> <span class='ocrx_word' id='word_1_316' title='bbox 1483 2931 1578 2985; x_wconf 71' lang='grc' dir='ltr'>καὶ</span> <span class='ocrx_word' id='word_1_317' title='bbox 1602 2931 1771 3000; x_wconf 80' lang='grc' dir='ltr'>ἐργα-</span> 
     </span>
    </p>
   </div>
   <div class='ocr_carea' id='block_1_37' title="bbox 179 3024 1774 3106">
    <p class='ocr_par' dir='ltr' id='par_1_37' title="bbox 179 3024 1774 3106">
     <span class='ocr_line' id='line_1_37' title="bbox 179 3024 1774 3106; baseline -0.009 -16"><span class='ocrx_word' id='word_1_318' title='bbox 179 3038 410 3106; x_wconf 77' lang='grc' dir='ltr'>ζόμενοι</span> <span class='ocrx_word' id='word_1_319' title='bbox 440 3037 536 3089; x_wconf 80' lang='grc' dir='ltr'>καὶ</span> <span class='ocrx_word' id='word_1_320' title='bbox 569 3032 900 3104; x_wconf 80' lang='grc' dir='ltr'>μοχθοῦντες</span> <span class='ocrx_word' id='word_1_321' title='bbox 930 3030 1060 3101; x_wconf 74' lang='grc' dir='ltr'>περὶ</span> <span class='ocrx_word' id='word_1_322' title='bbox 1090 3029 1386 3098; x_wconf 76' lang='grc' dir='ltr'>ἐνδύματος</span> <span class='ocrx_word' id='word_1_323' title='bbox 1437 3027 1532 3080; x_wconf 84' lang='grc' dir='ltr'>καὶ</span> <span class='ocrx_word' id='word_1_324' title='bbox 1565 3024 1774 3095; x_wconf 80' lang='grc' dir='ltr'>τροφῆς</span> 
     </span>
    </p>
   </div>
   <div class='ocr_carea' id='block_1_38' title="bbox 178 3115 1769 3190">
    <p class='ocr_par' dir='ltr' id='par_1_38' title="bbox 178 3115 1769 3190">
     <span class='ocr_line' id='line_1_38' title="bbox 178 3115 1769 3190; baseline -0.01 -7"><span class='ocrx_word' id='word_1_325' title='bbox 178 3127 392 3190; x_wconf 76' lang='grc' dir='ltr'>αὐτῶν,</span> <span class='ocrx_word' id='word_1_326' title='bbox 427 3125 524 3179; x_wconf 74' lang='grc' dir='ltr'>καὶ</span> <span class='ocrx_word' id='word_1_327' title='bbox 553 3123 647 3176; x_wconf 83' lang='grc' dir='ltr'><strong>τοῦ</strong></span> <span class='ocrx_word' id='word_1_328' title='bbox 676 3119 1115 3190; x_wconf 86' lang='grc' dir='ltr'>ἀποθησαυρίσαι</span> <span class='ocrx_word' id='word_1_329' title='bbox 1140 3118 1322 3179; x_wconf 83' lang='grc' dir='ltr'>αὐτοῖς</span> <span class='ocrx_word' id='word_1_330' title='bbox 1359 3115 1498 3186; x_wconf 85' lang='grc' dir='ltr'>μετὰ</span> <span class='ocrx_word' id='word_1_331' title='bbox 1520 3115 1769 3167; x_wconf 81' lang='grc' dir='ltr'>Θάνατον.</span> 
     </span>
    </p>
   </div>
   <div class='ocr_carea' id='block_1_39' title="bbox 2326 1887 2825 1945">
    <p class='ocr_par' dir='ltr' id='par_1_39' title="bbox 2326 1887 2825 1945">
     <span class='ocr_line' id='line_1_39' title="bbox 2326 1887 2825 1945; baseline 0.006 -3"><span class='ocrx_word' id='word_1_332' title='bbox 2326 1887 2614 1942; x_wconf 78' lang='lat' dir='ltr'><strong>llOMlLlA</strong></span> <span class='ocrx_word' id='word_1_333' title='bbox 2641 1887 2825 1945; x_wconf 81' lang='lat' dir='ltr'>CVIII.</span> 
     </span>
    </p>
   </div>
   <div class='ocr_carea' id='block_1_40' title="bbox 2223 2001 2867 2073">
    <p class='ocr_par' dir='ltr' id='par_1_40' title="bbox 2223 2001 2867 2073">
     <span class='ocr_line' id='line_1_40' title="bbox 2223 2001 2867 2073; baseline 0.005 -17"><span class='ocrx_word' id='word_1_334' title='bbox 2223 2001 2302 2056; x_wconf 83' lang='lat' dir='ltr'><strong>De</strong></span> <span class='ocrx_word' id='word_1_335' title='bbox 2326 2002 2528 2056; x_wconf 82' lang='lat' dir='ltr'><strong>honore</strong></span> <span class='ocrx_word' id='word_1_336' title='bbox 2559 2013 2867 2073; x_wconf 74' lang='lat' dir='ltr'><strong>parentant.</strong></span> 
     </span>
    </p>
   </div>
   <div class='ocr_carea' id='block_1_41' title="bbox 1939 2111 3454 2186">
    <p class='ocr_par' dir='ltr' id='par_1_41' title="bbox 1939 2111 3454 2186">
     <span class='ocr_line' id='line_1_41' title="bbox 1939 2111 3454 2186; baseline 0.007 -21"><span class='ocrx_word' id='word_1_337' title='bbox 1939 2111 2208 2165; x_wconf 89' lang='lat' dir='ltr'><strong>Parentes</strong></span> <span class='ocrx_word' id='word_1_338' title='bbox 2258 2122 2319 2168; x_wconf 91' lang='lat' dir='ltr'><strong>ut</strong></span> <span class='ocrx_word' id='word_1_339' title='bbox 2369 2112 2582 2167; x_wconf 89' lang='lat' dir='ltr'><strong>honore</strong></span> <span class='ocrx_word' id='word_1_340' title='bbox 2625 2127 3050 2182; x_wconf 81' lang='lat' dir='ltr'><strong>prosequamur,</strong></span> <span class='ocrx_word' id='word_1_341' title='bbox 3082 2126 3253 2186; x_wconf 89' lang='lat' dir='ltr'><strong>utque</strong></span> <span class='ocrx_word' id='word_1_342' title='bbox 3278 2117 3454 2175; x_wconf 86' lang='lat' dir='ltr'><strong>vicem</strong></span> 
     </span>
    </p>
   </div>
   <div class='ocr_carea' id='block_1_42' title="bbox 1869 2202 3454 2274">
    <p class='ocr_par' dir='ltr' id='par_1_42' title="bbox 1869 2202 3454 2274">
     <span class='ocr_line' id='line_1_42' title="bbox 1869 2202 3454 2274; baseline 0.004 -17"><span class='ocrx_word' id='word_1_343' title='bbox 1869 2203 2238 2272; x_wconf 87' lang='lat' dir='ltr'><strong>rependamus</strong></span> <span class='ocrx_word' id='word_1_344' title='bbox 2273 2202 2695 2268; x_wconf 81' lang='lat' dir='ltr'><strong>beneficiorum,</strong></span> <span class='ocrx_word' id='word_1_345' title='bbox 2744 2205 2830 2259; x_wconf 87' lang='lat' dir='ltr'><strong>vel</strong></span> <span class='ocrx_word' id='word_1_346' title='bbox 2886 2205 3004 2274; x_wconf 89' lang='lat' dir='ltr'><strong>ipse</strong></span> <span class='ocrx_word' id='word_1_347' title='bbox 3038 2217 3251 2262; x_wconf 68' lang='lat' dir='ltr'><strong>natura:</strong></span> <span class='ocrx_word' id='word_1_348' title='bbox 3296 2217 3454 2264; x_wconf 79' lang='lat' dir='ltr'><strong>tenor</strong></span> 
     </span>
    </p>
   </div>
   <div class='ocr_carea' id='block_1_43' title="bbox 1868 2291 3452 2367">
    <p class='ocr_par' dir='ltr' id='par_1_43' title="bbox 1868 2291 3452 2367">
     <span class='ocr_line' id='line_1_43' title="bbox 1868 2291 3452 2367; baseline 0.004 -22"><span class='ocrx_word' id='word_1_349' title='bbox 1868 2300 2035 2360; x_wconf 89' lang='lat' dir='ltr'><strong>atque</strong></span> <span class='ocrx_word' id='word_1_350' title='bbox 2104 2291 2246 2345; x_wconf 90' lang='lat' dir='ltr'><strong>ordo</strong></span> <span class='ocrx_word' id='word_1_351' title='bbox 2320 2292 2485 2346; x_wconf 91' lang='lat' dir='ltr'><strong>docet</strong></span> <span class='ocrx_word' id='word_1_352' title='bbox 2534 2308 2650 2347; x_wconf 91' lang='lat' dir='ltr'><strong>nos-</strong></span> <span class='ocrx_word' id='word_1_353' title='bbox 2689 2294 2816 2363; x_wconf 86' lang='lat' dir='ltr'><strong>jure</strong></span> <span class='ocrx_word' id='word_1_354' title='bbox 2872 2294 3170 2367; x_wconf 76' lang='lat' dir='ltr'><strong>obstringi,</strong></span> <span class='ocrx_word' id='word_1_355' title='bbox 3211 2297 3452 2367; x_wconf 88' lang='lat' dir='ltr'><strong>idipsmn</strong></span> 
     </span>
    </p>
   </div>
   <div class='ocr_carea' id='block_1_44' title="bbox 1869 2378 3452 2456">
    <p class='ocr_par' dir='ltr' id='par_1_44' title="bbox 1869 2378 3452 2456">
     <span class='ocr_line' id='line_1_44' title="bbox 1869 2378 3452 2456; baseline 0.004 -22"><span class='ocrx_word' id='word_1_356' title='bbox 1869 2380 2162 2434; x_wconf 80' lang='lat' dir='ltr'><strong>confirmat</strong></span> <span class='ocrx_word' id='word_1_357' title='bbox 2217 2378 2430 2435; x_wconf 87' lang='lat' dir='ltr'><strong>sanelio</strong></span> <span class='ocrx_word' id='word_1_358' title='bbox 2472 2382 2614 2452; x_wconf 82' lang='lat' dir='ltr'><strong>legis</strong></span> <span class='ocrx_word' id='word_1_359' title='bbox 2671 2382 2893 2438; x_wconf 77' lang='lat' dir='ltr'><strong>divinze.</strong></span> <span class='ocrx_word' id='word_1_360' title='bbox 2960 2383 3022 2438; x_wconf 87' lang='lat' dir='ltr'><strong>In</strong></span> <span class='ocrx_word' id='word_1_361' title='bbox 3068 2385 3286 2456; x_wconf 90' lang='lat' dir='ltr'><strong>primis,</strong></span> <span class='ocrx_word' id='word_1_362' title='bbox 3321 2389 3452 2456; x_wconf 88' lang='lat' dir='ltr'><strong>quia</strong></span> 
     </span>
    </p>
   </div>
   <div class='ocr_carea' id='block_1_45' title="bbox 1869 2471 3452 2544">
    <p class='ocr_par' dir='ltr' id='par_1_45' title="bbox 1869 2471 3452 2544">
     <span class='ocr_line' id='line_1_45' title="bbox 1869 2471 3452 2544; baseline 0.005 -20"><span class='ocrx_word' id='word_1_363' title='bbox 1869 2471 2070 2524; x_wconf 88' lang='lat' dir='ltr'><strong>sensile</strong></span> <span class='ocrx_word' id='word_1_364' title='bbox 2113 2471 2220 2524; x_wconf 92' lang='lat' dir='ltr'><strong>hoc</strong></span> <span class='ocrx_word' id='word_1_365' title='bbox 2249 2471 2460 2536; x_wconf 89' lang='lat' dir='ltr'><strong>lumen,</strong></span> <span class='ocrx_word' id='word_1_366' title='bbox 2492 2472 2716 2526; x_wconf 85' lang='lat' dir='ltr'><strong>illorum</strong></span> <span class='ocrx_word' id='word_1_367' title='bbox 2743 2487 2910 2542; x_wconf 87' lang='lat' dir='ltr'><strong>opera</strong></span> <span class='ocrx_word' id='word_1_368' title='bbox 2943 2485 3317 2544; x_wconf 88' lang='lat' dir='ltr'><strong>contuemur;</strong></span> <span class='ocrx_word' id='word_1_369' title='bbox 3351 2478 3452 2532; x_wconf 85' lang='lat' dir='ltr'><strong>de-</strong></span> 
     </span>
    </p>
   </div>
   <div class='ocr_carea' id='block_1_46' title="bbox 1868 2562 3453 2636">
    <p class='ocr_par' dir='ltr' id='par_1_46' title="bbox 1868 2562 3453 2636">
     <span class='ocr_line' id='line_1_46' title="bbox 1868 2562 3453 2636; baseline 0.003 -20"><span class='ocrx_word' id='word_1_370' title='bbox 1868 2562 1999 2617; x_wconf 77' lang='lat' dir='ltr'><strong>inde</strong></span> <span class='ocrx_word' id='word_1_371' title='bbox 2029 2570 2086 2617; x_wconf 90' lang='lat' dir='ltr'><strong>et</strong></span> <span class='ocrx_word' id='word_1_372' title='bbox 2135 2563 2480 2632; x_wconf 89' lang='lat' dir='ltr'><strong>spiritualcm</strong></span> <span class='ocrx_word' id='word_1_373' title='bbox 2513 2564 2692 2618; x_wconf 88' lang='lat' dir='ltr'><strong>lucem</strong></span> <span class='ocrx_word' id='word_1_374' title='bbox 2741 2564 3050 2630; x_wconf 86' lang='lat' dir='ltr'><strong>hausimus,</strong></span> <span class='ocrx_word' id='word_1_375' title='bbox 3084 2565 3453 2636; x_wconf 86' lang='lat' dir='ltr'><strong>nimirumag—</strong></span> 
     </span>
    </p>
   </div>
   <div class='ocr_carea' id='block_1_47' title="bbox 1869 2653 3453 2728">
    <p class='ocr_par' dir='ltr' id='par_1_47' title="bbox 1869 2653 3453 2728">
     <span class='ocr_line' id='line_1_47' title="bbox 1869 2653 3453 2728; baseline 0.005 -21"><span class='ocrx_word' id='word_1_376' title='bbox 1869 2653 2174 2724; x_wconf 87' lang='lat' dir='ltr'><strong>gnitionem</strong></span> <span class='ocrx_word' id='word_1_377' title='bbox 2227 2654 2354 2709; x_wconf 84' lang='lat' dir='ltr'><strong>ﬁdei</strong></span> <span class='ocrx_word' id='word_1_378' title='bbox 2379 2670 2502 2724; x_wconf 71' lang='lat' dir='ltr'><strong>qua:</strong></span> <span class='ocrx_word' id='word_1_379' title='bbox 2533 2671 2635 2710; x_wconf 92' lang='lat' dir='ltr'><strong>nos</strong></span> <span class='ocrx_word' id='word_1_380' title='bbox 2680 2672 2780 2726; x_wconf 87' lang='lat' dir='ltr'><strong>per</strong></span> <span class='ocrx_word' id='word_1_381' title='bbox 2834 2659 3202 2728; x_wconf 87' lang='lat' dir='ltr'><strong>regenerativi</strong></span> <span class='ocrx_word' id='word_1_382' title='bbox 3249 2659 3453 2716; x_wconf 81' lang='lat' dir='ltr'><strong>lavacri</strong></span> 
     </span>
    </p>
   </div>
   <div class='ocr_carea' id='block_1_48' title="bbox 1871 2742 3451 2811">
    <p class='ocr_par' dir='ltr' id='par_1_48' title="bbox 1871 2742 3451 2811">
     <span class='ocr_line' id='line_1_48' title="bbox 1871 2742 3451 2811; baseline 0.007 -16"><span class='ocrx_word' id='word_1_383' title='bbox 1871 2742 2103 2811; x_wconf 79' lang='lat' dir='ltr'><strong>gratiam</strong></span> <span class='ocrx_word' id='word_1_384' title='bbox 2136 2752 2289 2797; x_wconf 90' lang='lat' dir='ltr'><strong>recta</strong></span> <span class='ocrx_word' id='word_1_385' title='bbox 2317 2743 2473 2799; x_wconf 89' lang='lat' dir='ltr'><strong>ducit</strong></span> <span class='ocrx_word' id='word_1_386' title='bbox 2505 2744 2572 2799; x_wconf 91' lang='lat' dir='ltr'><strong>ad</strong></span> <span class='ocrx_word' id='word_1_387' title='bbox 2622 2745 2916 2801; x_wconf 91' lang='lat' dir='ltr'><strong>Dominum</strong></span> <span class='ocrx_word' id='word_1_388' title='bbox 2955 2758 3208 2804; x_wconf 91' lang='lat' dir='ltr'><strong>nostrum</strong></span> <span class='ocrx_word' id='word_1_389' title='bbox 3260 2749 3451 2805; x_wconf 79' lang='lat' dir='ltr'><strong>Jesum</strong></span> 
     </span>
    </p>
   </div>
   <div class='ocr_carea' id='block_1_49' title="bbox 1871 2834 3452 2912">
    <p class='ocr_par' dir='ltr' id='par_1_49' title="bbox 1871 2834 3452 2912">
     <span class='ocr_line' id='line_1_49' title="bbox 1871 2834 3452 2912; baseline 0.006 -22"><span class='ocrx_word' id='word_1_390' title='bbox 1871 2834 2199 2890; x_wconf 89' lang='lat' dir='ltr'><strong>Christum:</strong></span> <span class='ocrx_word' id='word_1_391' title='bbox 2246 2844 2361 2891; x_wconf 91' lang='lat' dir='ltr'><strong>tum</strong></span> <span class='ocrx_word' id='word_1_392' title='bbox 2409 2849 2636 2908; x_wconf 89' lang='lat' dir='ltr'><strong>propter</strong></span> <span class='ocrx_word' id='word_1_393' title='bbox 2690 2841 2841 2910; x_wconf 90' lang='lat' dir='ltr'><strong>pium</strong></span> <span class='ocrx_word' id='word_1_394' title='bbox 2895 2856 3026 2912; x_wconf 87' lang='lat' dir='ltr'><strong>erga</strong></span> <span class='ocrx_word' id='word_1_395' title='bbox 3069 2857 3200 2897; x_wconf 90' lang='lat' dir='ltr'><strong>suos</strong></span> <span class='ocrx_word' id='word_1_396' title='bbox 3227 2844 3452 2910; x_wconf 89' lang='lat' dir='ltr'><strong>liberos,</strong></span> 
     </span>
    </p>
   </div>
   <div class='ocr_carea' id='block_1_50' title="bbox 1872 2929 3454 2997">
    <p class='ocr_par' dir='ltr' id='par_1_50' title="bbox 1872 2929 3454 2997">
     <span class='ocr_line' id='line_1_50' title="bbox 1872 2929 3454 2997; baseline 0.006 -16"><span class='ocrx_word' id='word_1_397' title='bbox 1872 2943 2038 2997; x_wconf 90' lang='lat' dir='ltr'><strong>quem</strong></span> <span class='ocrx_word' id='word_1_398' title='bbox 2064 2929 2287 2982; x_wconf 89' lang='lat' dir='ltr'><strong>illorum</strong></span> <span class='ocrx_word' id='word_1_399' title='bbox 2326 2931 2526 2984; x_wconf 90' lang='lat' dir='ltr'><strong>animis</strong></span> <span class='ocrx_word' id='word_1_400' title='bbox 2559 2941 2755 2986; x_wconf 90' lang='lat' dir='ltr'><strong>natura</strong></span> <span class='ocrx_word' id='word_1_401' title='bbox 2799 2934 3020 2997; x_wconf 86' lang='lat' dir='ltr'><strong>insevit,</strong></span> <span class='ocrx_word' id='word_1_402' title='bbox 3064 2935 3454 2990; x_wconf 74' lang='lat' dir='ltr'><strong>aﬂ‘eclummb</strong></span> 
     </span>
    </p>
   </div>
   <div class='ocr_carea' id='block_1_51' title="bbox 1872 3022 3449 3092">
    <p class='ocr_par' dir='ltr' id='par_1_51' title="bbox 1872 3022 3449 3092">
     <span class='ocr_line' id='line_1_51' title="bbox 1872 3022 3449 3092; baseline 0.004 -16"><span class='ocrx_word' id='word_1_403' title='bbox 1872 3022 2120 3077; x_wconf 89' lang='lat' dir='ltr'><strong>laborem</strong></span> <span class='ocrx_word' id='word_1_404' title='bbox 2143 3038 2332 3092; x_wconf 82' lang='lat' dir='ltr'><strong>quem</strong></span> <span class='ocrx_word' id='word_1_405' title='bbox 2368 3039 2472 3092; x_wconf 93' lang='lat' dir='ltr'><strong>pro</strong></span> <span class='ocrx_word' id='word_1_406' title='bbox 2520 3024 2741 3078; x_wconf 90' lang='lat' dir='ltr'><strong>illorum</strong></span> <span class='ocrx_word' id='word_1_407' title='bbox 2781 3025 3116 3081; x_wconf 90' lang='lat' dir='ltr'><strong>educatione</strong></span> <span class='ocrx_word' id='word_1_408' title='bbox 3149 3027 3449 3091; x_wconf 88' lang='lat' dir='ltr'><strong>sustinent,</strong></span> 
     </span>
    </p>
   </div>
   <div class='ocr_carea' id='block_1_52' title="bbox 1874 3113 3454 3190">
    <p class='ocr_par' dir='ltr' id='par_1_52' title="bbox 1874 3113 3454 3190">
     <span class='ocr_line' id='line_1_52' title="bbox 1874 3113 3454 3190; baseline 0.005 -22"><span class='ocrx_word' id='word_1_409' title='bbox 1874 3121 1929 3168; x_wconf 90' lang='lat' dir='ltr'><strong>et</strong></span> <span class='ocrx_word' id='word_1_410' title='bbox 1960 3113 2178 3168; x_wconf 83' lang='lat' dir='ltr'><strong>anxiam</strong></span> <span class='ocrx_word' id='word_1_411' title='bbox 2234 3113 2667 3168; x_wconf 76' lang='lat' dir='ltr'><strong>sollicitudinem</strong></span> <span class='ocrx_word' id='word_1_412' title='bbox 2727 3132 2834 3186; x_wconf 93' lang='lat' dir='ltr'><strong>qua</strong></span> <span class='ocrx_word' id='word_1_413' title='bbox 2880 3117 3125 3172; x_wconf 89' lang='lat' dir='ltr'><strong>interdiu</strong></span> <span class='ocrx_word' id='word_1_414' title='bbox 3175 3127 3454 3190; x_wconf 81' lang='lat' dir='ltr'><strong>noctuque</strong></span> 
     </span>
    </p>
   </div>
   <div class='ocr_carea' id='block_1_53' title="bbox 181 3193 1801 3283">
    <p class='ocr_par' dir='ltr' id='par_1_53' title="bbox 181 3203 1801 3283">
     <span class='ocr_line' id='line_1_53' title="bbox 181 3203 1801 3283; baseline -0.013 -8"><span class='ocrx_word' id='word_1_415' title='bbox 181 3219 357 3282; x_wconf 85' lang='grc' dir='ltr'>Ποίας</span> <span class='ocrx_word' id='word_1_416' title='bbox 384 3212 479 3271; x_wconf 83' lang='grc' dir='ltr'>οὖν</span> <span class='ocrx_word' id='word_1_417' title='bbox 505 3215 662 3282; x_wconf 81' lang='grc' dir='ltr'>ἀξίας</span> <span class='ocrx_word' id='word_1_418' title='bbox 689 3211 926 3283; x_wconf 71' lang='grc' dir='ltr'>ἀμοιϐὰς</span> <span class='ocrx_word' id='word_1_419' title='bbox 979 3209 1120 3280; x_wconf 83' lang='grc' dir='ltr'>ὑπὲρ</span> <span class='ocrx_word' id='word_1_420' title='bbox 1172 3207 1380 3261; x_wconf 82' lang='grc' dir='ltr'>τούτων</span> <span class='ocrx_word' id='word_1_421' title='bbox 1412 3206 1630 3260; x_wconf 89' lang='grc' dir='ltr'>πάντων</span> <span class='ocrx_word' id='word_1_422' title='bbox 1672 3203 1772 3256; x_wconf 72' lang='grc' dir='ltr'>δυ·</span> <span class='ocrx_word' id='word_1_423' title='bbox 1798 3213 1801 3236; x_wconf 73' lang='grc' dir='ltr'>ι</span> 
     </span>
    </p>
   </div>
   <div class='ocr_carea' id='block_1_54' title="bbox 1881 3193 3459 3283">
    <p class='ocr_par' dir='ltr' id='par_1_54' title="bbox 1881 3205 3459 3278">
     <span class='ocr_line' id='line_1_54' title="bbox 1881 3205 3459 3278; baseline 0.006 -18"><span class='ocrx_word' id='word_1_424' title='bbox 1881 3216 2116 3276; x_wconf 86' lang='lat' dir='ltr'><strong>aguntur</strong></span> <span class='ocrx_word' id='word_1_425' title='bbox 2149 3205 2281 3258; x_wconf 93' lang='lat' dir='ltr'><strong>dum</strong></span> <span class='ocrx_word' id='word_1_426' title='bbox 2317 3207 2462 3260; x_wconf 87' lang='lat' dir='ltr'><strong>male</strong></span> <span class='ocrx_word' id='word_1_427' title='bbox 2491 3214 2766 3270; x_wconf 88' lang='lat' dir='ltr'><strong>metuunt,</strong></span> <span class='ocrx_word' id='word_1_428' title='bbox 2802 3222 2871 3261; x_wconf 91' lang='lat' dir='ltr'><strong>ne</strong></span> <span class='ocrx_word' id='word_1_429' title='bbox 2907 3209 3039 3278; x_wconf 93' lang='lat' dir='ltr'><strong>quid</strong></span> <span class='ocrx_word' id='word_1_430' title='bbox 3066 3209 3194 3264; x_wconf 83' lang='lat' dir='ltr'><strong>[iliis</strong></span> <span class='ocrx_word' id='word_1_431' title='bbox 3222 3211 3339 3267; x_wconf 86' lang='lat' dir='ltr'><strong>suis</strong></span> <span class='ocrx_word' id='word_1_432' title='bbox 3354 3227 3459 3268; x_wconf 83' lang='lat' dir='ltr'><strong>oc-</strong></span> 
     </span>
    </p>
   </div>
   <div class='ocr_carea' id='block_1_55' title="bbox 182 3293 1772 3381">
    <p class='ocr_par' dir='ltr' id='par_1_55' title="bbox 182 3293 1772 3381">
     <span class='ocr_line' id='line_1_55' title="bbox 182 3293 1772 3381; baseline -0.013 -15"><span class='ocrx_word' id='word_1_433' title='bbox 182 3309 406 3381; x_wconf 83' lang='grc' dir='ltr'>νάμεθα</span> <span class='ocrx_word' id='word_1_434' title='bbox 459 3303 853 3362; x_wconf 82' lang='grc' dir='ltr'>ἀνταποδοῦναι</span> <span class='ocrx_word' id='word_1_435' title='bbox 891 3303 1116 3368; x_wconf 84' lang='grc' dir='ltr'>αὑτοῖς;</span> <span class='ocrx_word' id='word_1_436' title='bbox 1181 3299 1422 3353; x_wconf 76' lang='grc' dir='ltr'>Πάντοτε</span> <span class='ocrx_word' id='word_1_437' title='bbox 1485 3293 1772 3366; x_wconf 80' lang='grc' dir='ltr'>τοιγαροῦν</span> 
     </span>
    </p>
   </div>
   <div class='ocr_carea' id='block_1_56' title="bbox 187 3387 1778 3468">
    <p class='ocr_par' dir='ltr' id='par_1_56' title="bbox 187 3387 1778 3468">
     <span class='ocr_line' id='line_1_56' title="bbox 187 3387 1778 3468; baseline -0.011 -13"><span class='ocrx_word' id='word_1_438' title='bbox 187 3401 587 3468; x_wconf 78' lang='grc' dir='ltr'>σπουδάσωμεν</span> <span class='ocrx_word' id='word_1_439' title='bbox 629 3397 698 3450; x_wconf 86' lang='grc' dir='ltr'>τὰ</span> <span class='ocrx_word' id='word_1_440' title='bbox 722 3397 802 3457; x_wconf 90' lang='grc' dir='ltr'><strong>είς</strong></span> <span class='ocrx_word' id='word_1_441' title='bbox 848 3394 948 3464; x_wconf 82' lang='grc' dir='ltr'>τὴν</span> <span class='ocrx_word' id='word_1_442' title='bbox 969 3392 1134 3462; x_wconf 84' lang='grc' dir='ltr'>τιμὴν</span> <span class='ocrx_word' id='word_1_443' title='bbox 1173 3390 1272 3444; x_wconf 58' lang='grc' dir='ltr'><strong>καλ⁵</strong></span> <span class='ocrx_word' id='word_1_444' title='bbox 1324 3387 1621 3460; x_wconf 78' lang='grc' dir='ltr'>θεραπείαν</span> <span class='ocrx_word' id='word_1_445' title='bbox 1682 3387 1778 3439; x_wconf 74' lang='grc' dir='ltr'>καὶ</span> 
     </span>
    </p>
   </div>
   <div class='ocr_carea' id='block_1_57' title="bbox 184 3477 1778 3555">
    <p class='ocr_par' dir='ltr' id='par_1_57' title="bbox 184 3477 1778 3555">
     <span class='ocr_line' id='line_1_57' title="bbox 184 3477 1778 3555; baseline -0.012 -6"><span class='ocrx_word' id='word_1_446' title='bbox 184 3493 499 3549; x_wconf 76' lang='grc' dir='ltr'>ἀνάπαυσιν</span> <span class='ocrx_word' id='word_1_447' title='bbox 525 3487 708 3541; x_wconf 80' lang='grc' dir='ltr'>αὐτῶν</span> <span class='ocrx_word' id='word_1_448' title='bbox 729 3484 1185 3555; x_wconf 78' lang='grc' dir='ltr'>διαπράττεσθαι,</span> <span class='ocrx_word' id='word_1_449' title='bbox 1214 3481 1512 3552; x_wconf 75' lang='grc' dir='ltr'>ἐξαιρέτως</span> <span class='ocrx_word' id='word_1_450' title='bbox 1543 3479 1601 3533; x_wconf 84' lang='grc' dir='ltr'><strong>δὲ</strong></span> <span class='ocrx_word' id='word_1_451' title='bbox 1624 3479 1682 3531; x_wconf 91' lang='grc' dir='ltr'><strong>ἐν</strong></span> <span class='ocrx_word' id='word_1_452' title='bbox 1699 3477 1778 3548; x_wconf 80' lang='grc' dir='ltr'>τῷ</span> 
     </span>
    </p>
   </div>
   <div class='ocr_carea' id='block_1_58' title="bbox 186 3569 1778 3656">
    <p class='ocr_par' dir='ltr' id='par_1_58' title="bbox 186 3569 1778 3656">
     <span class='ocr_line' id='line_1_58' title="bbox 186 3569 1778 3656; baseline -0.01 -19"><span class='ocrx_word' id='word_1_453' title='bbox 186 3585 358 3656; x_wconf 86' lang='grc' dir='ltr'>γήρει</span> <span class='ocrx_word' id='word_1_454' title='bbox 389 3581 592 3645; x_wconf 81' lang='grc' dir='ltr'>αὐτῶν,</span> <span class='ocrx_word' id='word_1_455' title='bbox 618 3580 706 3632; x_wconf 79' lang='grc' dir='ltr'>ἵνα</span> <span class='ocrx_word' id='word_1_456' title='bbox 764 3579 822 3631; x_wconf 88' lang='grc' dir='ltr'><strong>ἐν</strong></span> <span class='ocrx_word' id='word_1_457' title='bbox 868 3577 1054 3648; x_wconf 82' lang='grc' dir='ltr'>ὁράσει</span> <span class='ocrx_word' id='word_1_458' title='bbox 1076 3573 1186 3628; x_wconf 85' lang='grc' dir='ltr'><strong>τῶν</strong></span> <span class='ocrx_word' id='word_1_459' title='bbox 1229 3573 1439 3627; x_wconf 85' lang='grc' dir='ltr'>τέκνων</span> <span class='ocrx_word' id='word_1_460' title='bbox 1485 3569 1778 3634; x_wconf 78' lang='grc' dir='ltr'>ἀναζωπυ-</span> 
     </span>
    </p>
   </div>
   <div class='ocr_carea' id='block_1_59' title="bbox 192 3661 1778 3748">
    <p class='ocr_par' dir='ltr' id='par_1_59' title="bbox 192 3661 1778 3748">
     <span class='ocr_line' id='line_1_59' title="bbox 192 3661 1778 3748; baseline -0.009 -21"><span class='ocrx_word' id='word_1_461' title='bbox 192 3673 442 3748; x_wconf 84' lang='grc' dir='ltr'>ροῦνται,</span> <span class='ocrx_word' id='word_1_462' title='bbox 458 3672 532 3735; x_wconf 86' lang='grc' dir='ltr'><strong>ῶς</strong></span> <span class='ocrx_word' id='word_1_463' title='bbox 551 3671 581 3724; x_wconf 83' lang='grc' dir='ltr'>ὁ</span> <span class='ocrx_word' id='word_1_464' title='bbox 616 3667 810 3723; x_wconf 87' lang='grc' dir='ltr'>Ἰακὼϐ</span> <span class='ocrx_word' id='word_1_465' title='bbox 852 3665 1111 3738; x_wconf 79' lang='grc' dir='ltr'>ἑωρακὼς</span> <span class='ocrx_word' id='word_1_466' title='bbox 1125 3665 1216 3719; x_wconf 84' lang='grc' dir='ltr'>τὸν</span> <span class='ocrx_word' id='word_1_467' title='bbox 1238 3665 1458 3735; x_wconf 83' lang='grc' dir='ltr'>Ἰωσήφ.</span> <span class='ocrx_word' id='word_1_468' title='bbox 1487 3661 1778 3731; x_wconf 81' lang='grc' dir='ltr'>Γενώμεοα</span> 
     </span>
    </p>
   </div>
   <div class='ocr_carea' id='block_1_60' title="bbox 189 3751 1778 3842">
    <p class='ocr_par' dir='ltr' id='par_1_60' title="bbox 189 3751 1778 3842">
     <span class='ocr_line' id='line_1_60' title="bbox 189 3751 1778 3842; baseline -0.014 -15"><span class='ocrx_word' id='word_1_469' title='bbox 189 3769 488 3842; x_wconf 74' lang='grc' dir='ltr'>ἐφάμιλλοι</span> <span class='ocrx_word' id='word_1_470' title='bbox 521 3765 624 3819; x_wconf 80' lang='grc' dir='ltr'>κᾶν</span> <span class='ocrx_word' id='word_1_471' title='bbox 653 3765 764 3824; x_wconf 88' lang='grc' dir='ltr'>τοῖς</span> <span class='ocrx_word' id='word_1_472' title='bbox 808 3761 1017 3831; x_wconf 82' lang='grc' dir='ltr'>ὀρνέοις</span> <span class='ocrx_word' id='word_1_473' title='bbox 1044 3759 1160 3819; x_wconf 85' lang='grc' dir='ltr'>τοῖς</span> <span class='ocrx_word' id='word_1_474' title='bbox 1196 3754 1512 3824; x_wconf 84' lang='grc' dir='ltr'>λεγομένοις</span> <span class='ocrx_word' id='word_1_475' title='bbox 1564 3751 1778 3822; x_wconf 76' lang='grc' dir='ltr'>ἔποψιν.</span> 
     </span>
    </p>
   </div>
   <div class='ocr_carea' id='block_1_61' title="bbox 208 3845 1784 3928">
    <p class='ocr_par' dir='ltr' id='par_1_61' title="bbox 208 3845 1784 3928">
     <span class='ocr_line' id='line_1_61' title="bbox 208 3845 1784 3928; baseline -0.015 -9"><span class='ocrx_word' id='word_1_476' title='bbox 208 3865 430 3918; x_wconf 81' lang='grc' dir='ltr'>Ἐκεῖνα</span> <span class='ocrx_word' id='word_1_477' title='bbox 448 3859 556 3928; x_wconf 79' lang='grc' dir='ltr'><strong>γὰρ</strong></span> <span class='ocrx_word' id='word_1_478' title='bbox 583 3858 714 3911; x_wconf 81' lang='grc' dir='ltr'>ὅταν</span> <span class='ocrx_word' id='word_1_479' title='bbox 743 3853 926 3906; x_wconf 84' lang='grc' dir='ltr'>ῑδωσιν</span> <span class='ocrx_word' id='word_1_480' title='bbox 950 3851 1074 3914; x_wconf 79' lang='grc' dir='ltr'>τοὺς</span> <span class='ocrx_word' id='word_1_481' title='bbox 1105 3851 1285 3918; x_wconf 84' lang='grc' dir='ltr'>γονεῖς</span> <span class='ocrx_word' id='word_1_482' title='bbox 1312 3845 1492 3900; x_wconf 83' lang='grc' dir='ltr'>αὐτῶν</span> <span class='ocrx_word' id='word_1_483' title='bbox 1513 3845 1784 3915; x_wconf 80' lang='grc' dir='ltr'>γηράσαν-</span> 
     </span>
    </p>
   </div>
   <div class='ocr_carea' id='block_1_62' title="bbox 193 3935 1784 4019">
    <p class='ocr_par' dir='ltr' id='par_1_62' title="bbox 193 3935 1784 4019">
     <span class='ocr_line' id='line_1_62' title="bbox 193 3935 1784 4019; baseline -0.014 -8"><span class='ocrx_word' id='word_1_484' title='bbox 193 3973 325 4019; x_wconf 86' lang='grc' dir='ltr'>τας,</span> <span class='ocrx_word' id='word_1_485' title='bbox 378 3951 473 4005; x_wconf 81' lang='grc' dir='ltr'>καὶ</span> <span class='ocrx_word' id='word_1_486' title='bbox 501 3945 1013 4019; x_wconf 84' lang='grc' dir='ltr'>άμϐλυωπήσαντας</span> <span class='ocrx_word' id='word_1_487' title='bbox 1038 3981 1055 4006; x_wconf 87' lang='grc'><strong><em>,</em></strong></span> <span class='ocrx_word' id='word_1_488' title='bbox 1123 3939 1190 3993; x_wconf 84' lang='grc' dir='ltr'>τὰ</span> <span class='ocrx_word' id='word_1_489' title='bbox 1243 3939 1412 3991; x_wconf 82' lang='grc' dir='ltr'>τέκνα</span> <span class='ocrx_word' id='word_1_490' title='bbox 1448 3935 1784 3990; x_wconf 83' lang='grc' dir='ltr'>ἐκτίλλουσιν</span> 
     </span>
    </p>
   </div>
   <div class='ocr_carea' id='block_1_63' title="bbox 192 4027 1786 4111">
    <p class='ocr_par' dir='ltr' id='par_1_63' title="bbox 192 4027 1786 4111">
     <span class='ocr_line' id='line_1_63' title="bbox 192 4027 1786 4111; baseline -0.013 -11"><span class='ocrx_word' id='word_1_491' title='bbox 192 4046 300 4108; x_wconf 78' lang='grc' dir='ltr'><strong>τὰς</strong></span> <span class='ocrx_word' id='word_1_492' title='bbox 332 4041 612 4111; x_wconf 84' lang='grc' dir='ltr'>πτέρυγας</span> <span class='ocrx_word' id='word_1_493' title='bbox 632 4037 743 4091; x_wconf 89' lang='grc' dir='ltr'><strong>τῶν</strong></span> <span class='ocrx_word' id='word_1_494' title='bbox 766 4030 1104 4104; x_wconf 70' lang='grc' dir='ltr'>γονέων,καὶ</span> <span class='ocrx_word' id='word_1_495' title='bbox 1136 4029 1406 4100; x_wconf 83' lang='grc' dir='ltr'>λείχουσιν</span> <span class='ocrx_word' id='word_1_496' title='bbox 1434 4027 1558 4090; x_wconf 80' lang='grc' dir='ltr'>τοὺς</span> <span class='ocrx_word' id='word_1_497' title='bbox 1582 4027 1786 4095; x_wconf 80' lang='grc' dir='ltr'>ὀφθαλ-</span> 
     </span>
    </p>
   </div>
   <div class='ocr_carea' id='block_1_64' title="bbox 198 4120 1787 4209">
    <p class='ocr_par' dir='ltr' id='par_1_64' title="bbox 198 4120 1787 4209">
     <span class='ocr_line' id='line_1_64' title="bbox 198 4120 1787 4209; baseline -0.013 -18"><span class='ocrx_word' id='word_1_498' title='bbox 198 4137 346 4209; x_wconf 81' lang='grc' dir='ltr'>μοὺς</span> <span class='ocrx_word' id='word_1_499' title='bbox 385 4131 587 4195; x_wconf 81' lang='grc' dir='ltr'>αὐτῶν,</span> <span class='ocrx_word' id='word_1_500' title='bbox 624 4129 719 4183; x_wconf 76' lang='grc' dir='ltr'>καὶ</span> <span class='ocrx_word' id='word_1_501' title='bbox 765 4126 1060 4181; x_wconf 79' lang='grc' dir='ltr'>θάλπουσιν</span> <span class='ocrx_word' id='word_1_502' title='bbox 1083 4121 1210 4186; x_wconf 80' lang='grc' dir='ltr'>τοὺς</span> <span class='ocrx_word' id='word_1_503' title='bbox 1237 4121 1412 4190; x_wconf 87' lang='grc' dir='ltr'>γονεῖς</span> <span class='ocrx_word' id='word_1_504' title='bbox 1459 4120 1640 4172; x_wconf 82' lang='grc' dir='ltr'>αὐτῶν</span> <span class='ocrx_word' id='word_1_505' title='bbox 1682 4120 1787 4172; x_wconf 84' lang='grc' dir='ltr'><strong>ὑπὸ</strong></span> 
     </span>
    </p>
   </div>
   <div class='ocr_carea' id='block_1_65' title="bbox 196 4209 1787 4288">
    <p class='ocr_par' dir='ltr' id='par_1_65' title="bbox 196 4209 1787 4288">
     <span class='ocr_line' id='line_1_65' title="bbox 196 4209 1787 4288; baseline -0.012 -8"><span class='ocrx_word' id='word_1_506' title='bbox 196 4227 306 4288; x_wconf 74' lang='grc' dir='ltr'>τὰς</span> <span class='ocrx_word' id='word_1_507' title='bbox 337 4222 549 4277; x_wconf 77' lang='grc' dir='ltr'>ἐαυτῶν</span> <span class='ocrx_word' id='word_1_508' title='bbox 592 4221 893 4288; x_wconf 81' lang='grc' dir='ltr'>πτέρυγας,</span> <span class='ocrx_word' id='word_1_509' title='bbox 947 4212 1045 4268; x_wconf 75' lang='grc' dir='ltr'>καὶ</span> <span class='ocrx_word' id='word_1_510' title='bbox 1071 4209 1477 4266; x_wconf 89' lang='grc' dir='ltr'>νοσσοποιοῦσιν</span> <span class='ocrx_word' id='word_1_511' title='bbox 1505 4224 1520 4240; x_wconf 90' lang='grc'><strong>·</strong></span> <span class='ocrx_word' id='word_1_512' title='bbox 1553 4211 1648 4263; x_wconf 81' lang='grc' dir='ltr'>καὶ</span> <span class='ocrx_word' id='word_1_513' title='bbox 1677 4210 1787 4263; x_wconf 87' lang='grc' dir='ltr'>νέοι</span> 
     </span>
    </p>
   </div>
   <div class='ocr_carea' id='block_1_66' title="bbox 197 4299 1789 4387">
    <p class='ocr_par' dir='ltr' id='par_1_66' title="bbox 197 4299 1789 4387">
     <span class='ocr_line' id='line_1_66' title="bbox 197 4299 1789 4387; baseline -0.011 -17"><span class='ocrx_word' id='word_1_514' title='bbox 197 4318 450 4387; x_wconf 83' lang='grc' dir='ltr'>γίνονται</span> <span class='ocrx_word' id='word_1_515' title='bbox 488 4313 537 4365; x_wconf 88' lang='grc' dir='ltr'><strong>οί</strong></span> <span class='ocrx_word' id='word_1_516' title='bbox 563 4311 740 4381; x_wconf 87' lang='grc' dir='ltr'>γονεῖς</span> <span class='ocrx_word' id='word_1_517' title='bbox 765 4303 945 4361; x_wconf 87' lang='grc' dir='ltr'>αὐτῶν</span> <span class='ocrx_word' id='word_1_518' title='bbox 973 4321 986 4335; x_wconf 87' lang='grc'><strong>·</strong></span> <span class='ocrx_word' id='word_1_519' title='bbox 1010 4303 1258 4371; x_wconf 86' lang='grc' dir='ltr'>λέγοντες</span> <span class='ocrx_word' id='word_1_520' title='bbox 1283 4303 1396 4364; x_wconf 85' lang='grc' dir='ltr'>τοῖς</span> <span class='ocrx_word' id='word_1_521' title='bbox 1425 4299 1669 4370; x_wconf 84' lang='grc' dir='ltr'>γονεῦσιν</span> <span class='ocrx_word' id='word_1_522' title='bbox 1692 4301 1789 4354; x_wconf 83' lang='grc' dir='ltr'><strong>αὺ-</strong></span> 
     </span>
    </p>
   </div>
   <div class='ocr_carea' id='block_1_67' title="bbox 195 4390 1790 4471">
    <p class='ocr_par' dir='ltr' id='par_1_67' title="bbox 195 4390 1790 4471">
     <span class='ocr_line' id='line_1_67' title="bbox 195 4390 1790 4471; baseline -0.014 -8"><span class='ocrx_word' id='word_1_523' title='bbox 195 4407 337 4471; x_wconf 58' lang='grc' dir='ltr'>τῶν,</span> <span class='ocrx_word' id='word_1_524' title='bbox 376 4405 456 4468; x_wconf 85' lang='grc' dir='ltr'><strong>ῶς</strong></span> <span class='ocrx_word' id='word_1_525' title='bbox 485 4403 580 4457; x_wconf 75' lang='grc' dir='ltr'>καὶ</span> <span class='ocrx_word' id='word_1_526' title='bbox 613 4400 772 4471; x_wconf 81' lang='grc' dir='ltr'>ὑμεῖς</span> <span class='ocrx_word' id='word_1_527' title='bbox 813 4396 1265 4463; x_wconf 84' lang='grc' dir='ltr'>ἐνοσσοποιήσατε</span> <span class='ocrx_word' id='word_1_528' title='bbox 1291 4393 1457 4462; x_wconf 80' lang='grc' dir='ltr'>ἡμᾶς,</span> <span class='ocrx_word' id='word_1_529' title='bbox 1483 4390 1576 4443; x_wconf 78' lang='grc' dir='ltr'>καὶ</span> <span class='ocrx_word' id='word_1_530' title='bbox 1603 4390 1790 4460; x_wconf 80' lang='grc' dir='ltr'>τετλή-</span> 
     </span>
    </p>
   </div>
   <div class='ocr_carea' id='block_1_68' title="bbox 198 4481 1789 4567">
    <p class='ocr_par' dir='ltr' id='par_1_68' title="bbox 198 4481 1789 4567">
     <span class='ocr_line' id='line_1_68' title="bbox 198 4481 1789 4567; baseline -0.016 -10"><span class='ocrx_word' id='word_1_531' title='bbox 198 4517 341 4558; x_wconf 86' lang='grc' dir='ltr'>κατε</span> <span class='ocrx_word' id='word_1_532' title='bbox 374 4496 695 4567; x_wconf 83' lang='grc' dir='ltr'>κάμνοντες,</span> <span class='ocrx_word' id='word_1_533' title='bbox 737 4489 834 4543; x_wconf 74' lang='grc' dir='ltr'>καὶ</span> <span class='ocrx_word' id='word_1_534' title='bbox 857 4487 1172 4559; x_wconf 83' lang='grc' dir='ltr'>τρέφοντες.</span> <span class='ocrx_word' id='word_1_535' title='bbox 1211 4484 1307 4537; x_wconf 72' lang='grc' dir='ltr'>καὶ</span> <span class='ocrx_word' id='word_1_536' title='bbox 1337 4483 1500 4553; x_wconf 79' lang='grc' dir='ltr'>ἡμεῖς</span> <span class='ocrx_word' id='word_1_537' title='bbox 1525 4481 1587 4534; x_wconf 85' lang='grc' dir='ltr'>τὸ</span> <span class='ocrx_word' id='word_1_538' title='bbox 1605 4482 1789 4552; x_wconf 83' lang='grc' dir='ltr'>ὅμοιον</span> 
     </span>
    </p>
   </div>
   <div class='ocr_carea' id='block_1_69' title="bbox 198 4568 1787 4662">
    <p class='ocr_par' dir='ltr' id='par_1_69' title="bbox 198 4568 1787 4662">
     <span class='ocr_line' id='line_1_69' title="bbox 198 4568 1787 4662; baseline -0.021 -17"><span class='ocrx_word' id='word_1_539' title='bbox 198 4591 339 4662; x_wconf 79' lang='grc' dir='ltr'>ὑμῖν</span> <span class='ocrx_word' id='word_1_540' title='bbox 363 4583 648 4654; x_wconf 80' lang='grc' dir='ltr'>ποιοῦμεν.</span> <span class='ocrx_word' id='word_1_541' title='bbox 676 4579 788 4635; x_wconf 76' lang='grc' dir='ltr'><strong>Καὶ</strong></span> <span class='ocrx_word' id='word_1_542' title='bbox 816 4576 934 4640; x_wconf 86' lang='grc' dir='ltr'><strong>πῶς</strong></span> <span class='ocrx_word' id='word_1_543' title='bbox 958 4573 1166 4643; x_wconf 77' lang='grc' dir='ltr'>λογικοὶ</span> <span class='ocrx_word' id='word_1_544' title='bbox 1193 4573 1352 4642; x_wconf 79' lang='grc' dir='ltr'>ἡμεῖς</span> <span class='ocrx_word' id='word_1_545' title='bbox 1373 4569 1546 4662; x_wconf 73' lang='grc' dir='ltr'>ὄντες,</span> <span class='ocrx_word' id='word_1_546' title='bbox 1563 4569 1624 4662; x_wconf 52' lang='grc' dir='ltr'><strong>οξ)</strong></span> <span class='ocrx_word' id='word_1_547' title='bbox 1655 4568 1787 4622; x_wconf 76' lang='grc' dir='ltr'>πολὺ</span> 
     </span>
    </p>
   </div>
   <div class='ocr_carea' id='block_1_70' title="bbox 198 4655 1792 4746">
    <p class='ocr_par' dir='ltr' id='par_1_70' title="bbox 198 4655 1792 4746">
     <span class='ocr_line' id='line_1_70' title="bbox 198 4655 1792 4746; baseline -0.017 -10"><span class='ocrx_word' id='word_1_548' title='bbox 198 4655 373 4736; x_wconf 72' lang='grc' dir='ltr'>πλέον</span> <span class='ocrx_word' id='word_1_549' title='bbox 403 4675 780 4746; x_wconf 78' lang='grc' dir='ltr'>ἀγαπήσωμεν</span> <span class='ocrx_word' id='word_1_550' title='bbox 806 4669 932 4731; x_wconf 80' lang='grc' dir='ltr'>τοὺς</span> <span class='ocrx_word' id='word_1_551' title='bbox 955 4665 1163 4720; x_wconf 81' lang='grc' dir='ltr'>ἑαυτῶν</span> <span class='ocrx_word' id='word_1_552' title='bbox 1185 4665 1359 4733; x_wconf 88' lang='grc' dir='ltr'>γονεῖς</span> <span class='ocrx_word' id='word_1_553' title='bbox 1382 4678 1398 4726; x_wconf 89' lang='lat'><strong>;</strong></span> <span class='ocrx_word' id='word_1_554' title='bbox 1431 4660 1523 4730; x_wconf 81' lang='grc' dir='ltr'><strong>Μὴ</strong></span> <span class='ocrx_word' id='word_1_555' title='bbox 1556 4655 1648 4714; x_wconf 81' lang='grc' dir='ltr'>οὖν</span> <span class='ocrx_word' id='word_1_556' title='bbox 1668 4676 1792 4712; x_wconf 85' lang='grc' dir='ltr'>στε-</span> 
     </span>
    </p>
   </div>
   <div class='ocr_carea' id='block_1_71' title="bbox 200 4750 1790 4835">
    <p class='ocr_par' dir='ltr' id='par_1_71' title="bbox 200 4750 1790 4835">
     <span class='ocr_line' id='line_1_71' title="bbox 200 4750 1790 4835; baseline -0.015 -11"><span class='ocrx_word' id='word_1_557' title='bbox 200 4768 462 4835; x_wconf 79' lang='grc' dir='ltr'>νάξουσιν</span> <span class='ocrx_word' id='word_1_558' title='bbox 491 4762 614 4817; x_wconf 82' lang='grc' dir='ltr'>καθ’</span> <span class='ocrx_word' id='word_1_559' title='bbox 639 4758 828 4831; x_wconf 80' lang='grc' dir='ltr'>ἡμῶνο</span> <span class='ocrx_word' id='word_1_560' title='bbox 880 4752 1193 4817; x_wconf 76' lang='grc' dir='ltr'>ἀλυσιτελὲς</span> <span class='ocrx_word' id='word_1_561' title='bbox 1269 4752 1377 4823; x_wconf 82' lang='grc' dir='ltr'>γὰρ</span> <span class='ocrx_word' id='word_1_562' title='bbox 1434 4750 1593 4804; x_wconf 83' lang='grc' dir='ltr'>τοῦτο</span> <span class='ocrx_word' id='word_1_563' title='bbox 1638 4750 1790 4819; x_wconf 79' lang='grc' dir='ltr'>ἡμῖν,</span> 
     </span>
    </p>
   </div>
   <div class='ocr_carea' id='block_1_72' title="bbox 206 4840 1791 4935">
    <p class='ocr_par' dir='ltr' id='par_1_72' title="bbox 206 4840 1791 4935">
     <span class='ocr_line' id='line_1_72' title="bbox 206 4840 1791 4935; baseline -0.014 -19"><span class='ocrx_word' id='word_1_564' title='bbox 206 4861 414 4935; x_wconf 78' lang='grc' dir='ltr'>μᾶλλον</span> <span class='ocrx_word' id='word_1_565' title='bbox 435 4857 493 4911; x_wconf 84' lang='grc' dir='ltr'><strong>δέ</strong></span> <span class='ocrx_word' id='word_1_566' title='bbox 525 4855 622 4910; x_wconf 72' lang='grc' dir='ltr'>καὶ</span> <span class='ocrx_word' id='word_1_567' title='bbox 658 4848 952 4911; x_wconf 84' lang='grc' dir='ltr'>ἐπιϐλαϐές</span> <span class='ocrx_word' id='word_1_568' title='bbox 977 4863 993 4879; x_wconf 75' lang='grc' dir='ltr'><strong><em>ο</em></strong></span> <span class='ocrx_word' id='word_1_569' title='bbox 1029 4847 1128 4900; x_wconf 76' lang='grc' dir='ltr'>καὶ</span> <span class='ocrx_word' id='word_1_570' title='bbox 1155 4845 1381 4904; x_wconf 85' lang='grc' dir='ltr'>εἰκότως</span> <span class='ocrx_word' id='word_1_571' title='bbox 1421 4840 1791 4914; x_wconf 85' lang='grc' dir='ltr'>εὑρισκόμεθα</span> 
     </span>
    </p>
   </div>
   <div class='ocr_carea' id='block_1_73' title="bbox 207 4935 1791 5022">
    <p class='ocr_par' dir='ltr' id='par_1_73' title="bbox 207 4935 1791 5022">
     <span class='ocr_line' id='line_1_73' title="bbox 207 4935 1791 5022; baseline -0.013 -16"><span class='ocrx_word' id='word_1_572' title='bbox 207 4949 530 5022; x_wconf 80' lang='grc' dir='ltr'>πατρολῷαι</span> <span class='ocrx_word' id='word_1_573' title='bbox 579 4946 674 5001; x_wconf 57' lang='grc' dir='ltr'><strong>καὶ⁵</strong></span> <span class='ocrx_word' id='word_1_574' title='bbox 703 4941 1035 5016; x_wconf 66' lang='grc' dir='ltr'>μητρολιῖηι.</span> <span class='ocrx_word' id='word_1_575' title='bbox 1072 4940 1163 4992; x_wconf 86' lang='grc' dir='ltr'>Ἐν</span> <span class='ocrx_word' id='word_1_576' title='bbox 1188 4938 1267 5009; x_wconf 80' lang='grc' dir='ltr'><strong>τῷ</strong></span> <span class='ocrx_word' id='word_1_577' title='bbox 1291 4937 1440 5008; x_wconf 78' lang='grc' dir='ltr'>νόμῳ</span> <span class='ocrx_word' id='word_1_578' title='bbox 1457 4935 1791 5022; x_wconf 50' lang='grc' dir='ltr'>γέγραπταις</span> 
     </span>
    </p>
   </div>
   <div class='ocr_carea' id='block_1_74' title="bbox 212 5020 1796 5115">
    <p class='ocr_par' dir='ltr' id='par_1_74' title="bbox 212 5020 1796 5115">
     <span class='ocr_line' id='line_1_74' title="bbox 212 5020 1796 5115; baseline -0.015 -14"><span class='ocrx_word' id='word_1_579' title='bbox 212 5067 233 5101; x_wconf 79' lang='grc' dir='ltr'><strong>ι</strong></span> <span class='ocrx_word' id='word_1_580' title='bbox 276 5020 427 5115; x_wconf 86' lang='grc' dir='ltr'>Τίμα</span> <span class='ocrx_word' id='word_1_581' title='bbox 453 5041 546 5095; x_wconf 81' lang='grc' dir='ltr'>τὸν</span> <span class='ocrx_word' id='word_1_582' title='bbox 565 5038 778 5107; x_wconf 81' lang='grc' dir='ltr'>πατέρα</span> <span class='ocrx_word' id='word_1_583' title='bbox 810 5052 928 5100; x_wconf 85' lang='grc' dir='ltr'>σου,</span> <span class='ocrx_word' id='word_1_584' title='bbox 957 5032 1053 5086; x_wconf 62' lang='grc' dir='ltr'><strong>καὶ⁵</strong></span> <span class='ocrx_word' id='word_1_585' title='bbox 1080 5030 1178 5100; x_wconf 79' lang='grc' dir='ltr'>τὴν</span> <span class='ocrx_word' id='word_1_586' title='bbox 1207 5029 1421 5100; x_wconf 81' lang='grc' dir='ltr'>μητέρα</span> <span class='ocrx_word' id='word_1_587' title='bbox 1450 5044 1566 5093; x_wconf 80' lang='grc' dir='ltr'>σου,</span> <span class='ocrx_word' id='word_1_588' title='bbox 1599 5026 1685 5080; x_wconf 85' lang='grc' dir='ltr'><strong>ἴνα</strong></span> <span class='ocrx_word' id='word_1_589' title='bbox 1735 5020 1796 5077; x_wconf 78' lang='grc' dir='ltr'>εὖ</span> 
     </span>
    </p>
   </div>
   <div class='ocr_carea' id='block_1_75' title="bbox 210 5117 1792 5205">
    <p class='ocr_par' dir='ltr' id='par_1_75' title="bbox 210 5117 1792 5205">
     <span class='ocr_line' id='line_1_75' title="bbox 210 5117 1792 5205; baseline -0.015 -13"><span class='ocrx_word' id='word_1_590' title='bbox 210 5154 299 5192; x_wconf 89' lang='grc' dir='ltr'><strong>σοι</strong></span> <span class='ocrx_word' id='word_1_591' title='bbox 325 5134 574 5205; x_wconf 85' lang='grc' dir='ltr'>γένηται,</span> <span class='ocrx_word' id='word_1_592' title='bbox 627 5130 724 5183; x_wconf 78' lang='grc' dir='ltr'>καὶ</span> <span class='ocrx_word' id='word_1_593' title='bbox 752 5127 854 5201; x_wconf 68' lang='grc' dir='ltr'><strong>ἔσῃ</strong></span> <span class='ocrx_word' id='word_1_594' title='bbox 909 5123 1303 5197; x_wconf 82' lang='grc' dir='ltr'>μακροχρόνιος</span> <span class='ocrx_word' id='word_1_595' title='bbox 1335 5120 1428 5174; x_wconf 76' lang='grc' dir='ltr'>ἐπὶ</span> <span class='ocrx_word' id='word_1_596' title='bbox 1478 5119 1578 5188; x_wconf 87' lang='grc' dir='ltr'><strong>τῆς</strong></span> <span class='ocrx_word' id='word_1_597' title='bbox 1612 5117 1732 5186; x_wconf 87' lang='grc' dir='ltr'>γῆς.</span> <span class='ocrx_word' id='word_1_598' title='bbox 1772 5135 1792 5168; x_wconf 74' lang='grc' dir='ltr'><strong>ι</strong></span> 
     </span>
    </p>
   </div>
   <div class='ocr_carea' id='block_1_76' title="bbox 209 5210 1796 5292">
    <p class='ocr_par' dir='ltr' id='par_1_76' title="bbox 209 5210 1796 5292">
     <span class='ocr_line' id='line_1_76' title="bbox 209 5210 1796 5292; baseline -0.013 -10"><span class='ocrx_word' id='word_1_599' title='bbox 209 5227 348 5292; x_wconf 72' lang='grc' dir='ltr'><strong>Καὶ,</strong></span> <span class='ocrx_word' id='word_1_600' title='bbox 385 5244 404 5277; x_wconf 80' lang='grc' dir='ltr'><strong>ι</strong></span> <span class='ocrx_word' id='word_1_601' title='bbox 444 5224 503 5276; x_wconf 91' lang='lat'><strong>&#39;0</strong></span> <span class='ocrx_word' id='word_1_602' title='bbox 530 5218 846 5287; x_wconf 82' lang='grc' dir='ltr'>κακολογῶν</span> <span class='ocrx_word' id='word_1_603' title='bbox 897 5217 1109 5285; x_wconf 82' lang='grc' dir='ltr'>πατέρα</span> <span class='ocrx_word' id='word_1_604' title='bbox 1133 5214 1166 5284; x_wconf 82' lang='grc' dir='ltr'>ἢ</span> <span class='ocrx_word' id='word_1_605' title='bbox 1192 5212 1430 5284; x_wconf 85' lang='grc' dir='ltr'>μητέρα,</span> <span class='ocrx_word' id='word_1_606' title='bbox 1461 5210 1678 5281; x_wconf 81' lang='grc' dir='ltr'>θανάτῳ</span> <span class='ocrx_word' id='word_1_607' title='bbox 1705 5227 1796 5264; x_wconf 87' lang='grc' dir='ltr'>τε·</span> 
     </span>
    </p>
   </div>
   <div class='ocr_carea' id='block_1_77' title="bbox 211 5301 1797 5376">
    <p class='ocr_par' dir='ltr' id='par_1_77' title="bbox 211 5301 1797 5376">
     <span class='ocr_line' id='line_1_77' title="bbox 211 5301 1797 5376; baseline -0.015 0"><span class='ocrx_word' id='word_1_608' title='bbox 211 5317 484 5376; x_wconf 83' lang='grc' dir='ltr'>λευτάτω.</span> <span class='ocrx_word' id='word_1_609' title='bbox 509 5333 528 5366; x_wconf 70' lang='grc' dir='ltr'><strong>ι</strong></span> <span class='ocrx_word' id='word_1_610' title='bbox 578 5311 851 5374; x_wconf 82' lang='grc' dir='ltr'>Ὡσαύτως</span> <span class='ocrx_word' id='word_1_611' title='bbox 883 5308 977 5362; x_wconf 70' lang='grc' dir='ltr'><strong>καὶ</strong></span> <span class='ocrx_word' id='word_1_612' title='bbox 1017 5310 1046 5361; x_wconf 83' lang='grc' dir='ltr'><strong>ὁ</strong></span> <span class='ocrx_word' id='word_1_613' title='bbox 1081 5305 1330 5366; x_wconf 74' lang='grc' dir='ltr'>Ἡσαΐας.</span> <span class='ocrx_word' id='word_1_614' title='bbox 1371 5322 1389 5354; x_wconf 80' lang='grc' dir='ltr'><strong>ι</strong></span> <span class='ocrx_word' id='word_1_615' title='bbox 1432 5303 1491 5355; x_wconf 87' lang='lat'><strong>&#39;0</strong></span> <span class='ocrx_word' id='word_1_616' title='bbox 1515 5303 1691 5370; x_wconf 89' lang='grc' dir='ltr'>λέγων</span> <span class='ocrx_word' id='word_1_617' title='bbox 1719 5301 1797 5372; x_wconf 85' lang='grc' dir='ltr'>τῷ</span> 
     </span>
    </p>
   </div>
   <div class='ocr_carea' id='block_1_78' title="bbox 213 5392 1798 5482">
    <p class='ocr_par' dir='ltr' id='par_1_78' title="bbox 213 5392 1798 5482">
     <span class='ocr_line' id='line_1_78' title="bbox 213 5392 1798 5482; baseline -0.013 -17"><span class='ocrx_word' id='word_1_618' title='bbox 213 5410 410 5482; x_wconf 79' lang='grc' dir='ltr'>πατρὶ,</span> <span class='ocrx_word' id='word_1_619' title='bbox 443 5408 510 5462; x_wconf 89' lang='grc' dir='ltr'><strong>Τί</strong></span> <span class='ocrx_word' id='word_1_620' title='bbox 537 5405 841 5476; x_wconf 75' lang='grc' dir='ltr'>γεννήσῃςς</span> <span class='ocrx_word' id='word_1_621' title='bbox 867 5401 962 5456; x_wconf 60' lang='grc' dir='ltr'><strong>καὶ⁸</strong></span> <span class='ocrx_word' id='word_1_622' title='bbox 985 5401 1053 5471; x_wconf 78' lang='grc' dir='ltr'>τῇ</span> <span class='ocrx_word' id='word_1_623' title='bbox 1085 5396 1274 5468; x_wconf 74' lang='grc' dir='ltr'>μητρὶ,</span> <span class='ocrx_word' id='word_1_624' title='bbox 1297 5395 1362 5447; x_wconf 85' lang='grc' dir='ltr'><strong>Τί</strong></span> <span class='ocrx_word' id='word_1_625' title='bbox 1383 5394 1612 5466; x_wconf 78' lang='grc' dir='ltr'>ὠδίνῃς;</span> <span class='ocrx_word' id='word_1_626' title='bbox 1636 5392 1798 5462; x_wconf 83' lang='grc' dir='ltr'>γινώ-</span> 
     </span>
    </p>
   </div>
   <div class='ocr_carea' id='block_1_79' title="bbox 215 5484 1796 5569">
    <p class='ocr_par' dir='ltr' id='par_1_79' title="bbox 215 5484 1796 5569">
     <span class='ocr_line' id='line_1_79' title="bbox 215 5484 1796 5569; baseline -0.013 -12"><span class='ocrx_word' id='word_1_627' title='bbox 215 5520 336 5557; x_wconf 85' lang='grc' dir='ltr'><strong>σκω</strong></span> <span class='ocrx_word' id='word_1_628' title='bbox 382 5497 495 5569; x_wconf 85' lang='grc' dir='ltr'>ἐγὼ</span> <span class='ocrx_word' id='word_1_629' title='bbox 542 5498 626 5552; x_wconf 72' lang='grc' dir='ltr'>ὃτι</span> <span class='ocrx_word' id='word_1_630' title='bbox 675 5493 910 5565; x_wconf 71' lang='grc' dir='ltr'>σκληρὸς</span> <span class='ocrx_word' id='word_1_631' title='bbox 937 5485 1023 5556; x_wconf 72' lang='grc' dir='ltr'><strong>εἰ,</strong></span> <span class='ocrx_word' id='word_1_632' title='bbox 1073 5488 1168 5543; x_wconf 73' lang='grc' dir='ltr'>καὶ</span> <span class='ocrx_word' id='word_1_633' title='bbox 1213 5486 1404 5556; x_wconf 90' lang='grc' dir='ltr'>νεῦρον</span> <span class='ocrx_word' id='word_1_634' title='bbox 1455 5484 1732 5556; x_wconf 76' lang='grc' dir='ltr'>σιδηροῦν,</span> <span class='ocrx_word' id='word_1_635' title='bbox 1767 5485 1796 5537; x_wconf 81' lang='grc' dir='ltr'>ὁ</span> 
     </span>
    </p>
   </div>
   <div class='ocr_carea' id='block_1_80' title="bbox 213 5577 1797 5665">
    <p class='ocr_par' dir='ltr' id='par_1_80' title="bbox 213 5577 1797 5665">
     <span class='ocr_line' id='line_1_80' title="bbox 213 5577 1797 5665; baseline -0.01 -19"><span class='ocrx_word' id='word_1_636' title='bbox 213 5590 492 5665; x_wconf 78' lang='grc' dir='ltr'>τράχηλός</span> <span class='ocrx_word' id='word_1_637' title='bbox 521 5606 637 5644; x_wconf 89' lang='grc' dir='ltr'>σου.</span> <span class='ocrx_word' id='word_1_638' title='bbox 677 5608 696 5640; x_wconf 76' lang='grc' dir='ltr'><strong>ι</strong></span> <span class='ocrx_word' id='word_1_639' title='bbox 732 5585 924 5647; x_wconf 55' lang='lat' dir='ltr'><strong>uno;</strong></span> <span class='ocrx_word' id='word_1_640' title='bbox 949 5584 1029 5649; x_wconf 81' lang='grc' dir='ltr'><strong>δὲ,</strong></span> <span class='ocrx_word' id='word_1_641' title='bbox 1087 5599 1106 5633; x_wconf 80' lang='grc' dir='ltr'><strong>ι</strong></span> <span class='ocrx_word' id='word_1_642' title='bbox 1149 5579 1210 5634; x_wconf 85' lang='lat'><strong>&#39;0</strong></span> <span class='ocrx_word' id='word_1_643' title='bbox 1238 5577 1416 5647; x_wconf 89' lang='grc' dir='ltr'>τιμῶν</span> <span class='ocrx_word' id='word_1_644' title='bbox 1444 5577 1683 5649; x_wconf 84' lang='grc' dir='ltr'>πατέρα,</span> <span class='ocrx_word' id='word_1_645' title='bbox 1709 5577 1797 5630; x_wconf 72' lang='grc' dir='ltr'><strong>εὺο</strong></span> 
     </span>
    </p>
   </div>
   <div class='ocr_carea' id='block_1_81' title="bbox 217 5668 1798 5757">
    <p class='ocr_par' dir='ltr' id='par_1_81' title="bbox 217 5668 1798 5757">
     <span class='ocr_line' id='line_1_81' title="bbox 217 5668 1798 5757; baseline -0.012 -19"><span class='ocrx_word' id='word_1_646' title='bbox 217 5681 601 5757; x_wconf 75' lang='grc' dir='ltr'>φρανθήσεται</span> <span class='ocrx_word' id='word_1_647' title='bbox 648 5680 740 5734; x_wconf 78' lang='grc' dir='ltr'>ἐπὶ</span> <span class='ocrx_word' id='word_1_648' title='bbox 759 5678 992 5742; x_wconf 83' lang='grc' dir='ltr'>τέκνοις,</span> <span class='ocrx_word' id='word_1_649' title='bbox 1043 5673 1140 5728; x_wconf 79' lang='grc' dir='ltr'>καὶ</span> <span class='ocrx_word' id='word_1_650' title='bbox 1183 5671 1242 5726; x_wconf 87' lang='grc' dir='ltr'><strong>ἐν</strong></span> <span class='ocrx_word' id='word_1_651' title='bbox 1273 5669 1458 5742; x_wconf 79' lang='grc' dir='ltr'>ἡμέρᾳ</span> <span class='ocrx_word' id='word_1_652' title='bbox 1487 5668 1798 5741; x_wconf 80' lang='grc' dir='ltr'>προσευχῆς</span> 
     </span>
    </p>
   </div>
   <div class='ocr_carea' id='block_1_82' title="bbox 290 5861 1788 5933">
    <p class='ocr_par' dir='ltr' id='par_1_82' title="bbox 290 5861 1788 5933">
     <span class='ocr_line' id='line_1_82' title="bbox 290 5861 1788 5933; baseline -0.001 -14"><span class='ocrx_word' id='word_1_653' title='bbox 290 5865 336 5898; x_wconf 79' lang='grc'><strong>⁶’</strong></span> <span class='ocrx_word' id='word_1_654' title='bbox 367 5861 483 5920; x_wconf 87' lang='lat' dir='ltr'><strong>lmo</strong></span> <span class='ocrx_word' id='word_1_655' title='bbox 515 5862 684 5922; x_wconf 80' lang='lat' dir='ltr'><strong>Eecli.</strong></span> <span class='ocrx_word' id='word_1_656' title='bbox 718 5879 808 5930; x_wconf 80' lang='lat' dir='ltr'><strong>xv,</strong></span> <span class='ocrx_word' id='word_1_657' title='bbox 843 5865 930 5933; x_wconf 85' lang='lat' dir='ltr'><strong>l7,</strong></span> <span class='ocrx_word' id='word_1_658' title='bbox 963 5866 1057 5931; x_wconf 88' lang='lat' dir='ltr'><strong>l8;</strong></span> <span class='ocrx_word' id='word_1_659' title='bbox 1091 5881 1144 5930; x_wconf 68' lang='grc' dir='ltr'>κ,</span> <span class='ocrx_word' id='word_1_660' title='bbox 1181 5865 1269 5921; x_wconf 74' lang='lat'><strong>32.</strong></span> <span class='ocrx_word' id='word_1_661' title='bbox 1347 5864 1391 5897; x_wconf 84' lang='grc'><strong>⁸³</strong></span> <span class='ocrx_word' id='word_1_662' title='bbox 1424 5864 1442 5920; x_wconf 96' lang='lat' dir='ltr'><strong>l</strong></span> <span class='ocrx_word' id='word_1_663' title='bbox 1473 5864 1613 5919; x_wconf 87' lang='lat' dir='ltr'><strong>Tim.</strong></span> <span class='ocrx_word' id='word_1_664' title='bbox 1648 5881 1705 5933; x_wconf 84' lang='grc' dir='ltr'>ιι,</span> <span class='ocrx_word' id='word_1_665' title='bbox 1739 5866 1788 5921; x_wconf 71' lang='grc'><strong>4.</strong></span> 
     </span>
    </p>
   </div>
   <div class='ocr_carea' id='block_1_83' title="bbox 1869 5865 2488 5937">
    <p class='ocr_par' dir='ltr' id='par_1_83' title="bbox 1869 5865 2488 5937">
     <span class='ocr_line' id='line_1_83' title="bbox 1869 5865 2488 5937; baseline -0.005 -14"><span class='ocrx_word' id='word_1_666' title='bbox 1869 5866 1910 5896; x_wconf 65' lang='grc'><strong>⁵⁸</strong></span> <span class='ocrx_word' id='word_1_667' title='bbox 1945 5866 2077 5923; x_wconf 86' lang='lat' dir='ltr'><strong>Luc.</strong></span> <span class='ocrx_word' id='word_1_668' title='bbox 2108 5882 2203 5932; x_wconf 86' lang='lat' dir='ltr'><strong>vn,</strong></span> <span class='ocrx_word' id='word_1_669' title='bbox 2239 5865 2305 5922; x_wconf 79' lang='lat'><strong>57</strong></span> <span class='ocrx_word' id='word_1_670' title='bbox 2335 5880 2488 5937; x_wconf 79' lang='lat' dir='ltr'><strong>seqq.</strong></span> 
     </span>
    </p>
   </div>
   <div class='ocr_carea' id='block_1_84' title="bbox 1873 3297 3454 3360">
    <p class='ocr_par' dir='ltr' id='par_1_84' title="bbox 1873 3297 3454 3360">
     <span class='ocr_line' id='line_1_84' title="bbox 1873 3297 3454 3360; baseline 0.005 -8"><span class='ocrx_word' id='word_1_671' title='bbox 1873 3306 2066 3352; x_wconf 91' lang='lat' dir='ltr'><strong>currat</strong></span> <span class='ocrx_word' id='word_1_672' title='bbox 2094 3297 2309 3352; x_wconf 77' lang='lat' dir='ltr'><strong>fortuiti</strong></span> <span class='ocrx_word' id='word_1_673' title='bbox 2364 3307 2420 3352; x_wconf 89' lang='lat' dir='ltr'><strong>et</strong></span> <span class='ocrx_word' id='word_1_674' title='bbox 2447 3297 2667 3353; x_wconf 86' lang='lat' dir='ltr'><strong>adversi</strong></span> <span class='ocrx_word' id='word_1_675' title='bbox 2691 3314 2883 3354; x_wconf 90' lang='lat' dir='ltr'><strong>casus:</strong></span> <span class='ocrx_word' id='word_1_676' title='bbox 2932 3301 3126 3356; x_wconf 88' lang='lat' dir='ltr'><strong>sedulo</strong></span> <span class='ocrx_word' id='word_1_677' title='bbox 3160 3303 3291 3358; x_wconf 90' lang='lat' dir='ltr'><strong>item</strong></span> <span class='ocrx_word' id='word_1_678' title='bbox 3322 3305 3454 3360; x_wconf 90' lang='lat' dir='ltr'><strong>dum</strong></span> 
     </span>
    </p>
   </div>
   <div class='ocr_carea' id='block_1_85' title="bbox 1875 3389 3428 3464">
    <p class='ocr_par' dir='ltr' id='par_1_85' title="bbox 1875 3389 3428 3464">
     <span class='ocr_line' id='line_1_85' title="bbox 1875 3389 3428 3464; baseline 0.006 -21"><span class='ocrx_word' id='word_1_679' title='bbox 1875 3397 2202 3458; x_wconf 91' lang='lat' dir='ltr'><strong>operantur,</strong></span> <span class='ocrx_word' id='word_1_680' title='bbox 2237 3405 2302 3442; x_wconf 91' lang='lat' dir='ltr'><strong>ac</strong></span> <span class='ocrx_word' id='word_1_681' title='bbox 2330 3390 2620 3459; x_wconf 83' lang='lat' dir='ltr'><strong>perplexos</strong></span> <span class='ocrx_word' id='word_1_682' title='bbox 2667 3389 2874 3445; x_wconf 90' lang='lat' dir='ltr'><strong>adeunt</strong></span> <span class='ocrx_word' id='word_1_683' title='bbox 2916 3391 3140 3448; x_wconf 83' lang='lat' dir='ltr'><strong>labores</strong></span> <span class='ocrx_word' id='word_1_684' title='bbox 3165 3395 3371 3464; x_wconf 88' lang='lat' dir='ltr'><strong>quibus</strong></span> <span class='ocrx_word' id='word_1_685' title='bbox 3387 3396 3428 3453; x_wconf 87' lang='lat' dir='ltr'><strong>li</strong></span> 
     </span>
    </p>
   </div>
   <div class='ocr_carea' id='block_1_86' title="bbox 1877 3479 3460 3556">
    <p class='ocr_par' dir='ltr' id='par_1_86' title="bbox 1877 3479 3460 3556">
     <span class='ocr_line' id='line_1_86' title="bbox 1877 3479 3460 3556; baseline 0.004 -21"><span class='ocrx_word' id='word_1_686' title='bbox 1877 3479 2027 3535; x_wconf 91' lang='lat' dir='ltr'><strong>beris</strong></span> <span class='ocrx_word' id='word_1_687' title='bbox 2048 3479 2166 3534; x_wconf 87' lang='lat' dir='ltr'><strong>suis</strong></span> <span class='ocrx_word' id='word_1_688' title='bbox 2190 3479 2575 3534; x_wconf 87' lang='lat' dir='ltr'><strong>indumentum</strong></span> <span class='ocrx_word' id='word_1_689' title='bbox 2614 3489 2890 3549; x_wconf 87' lang='lat' dir='ltr'><strong>parentet</strong></span> <span class='ocrx_word' id='word_1_690' title='bbox 2915 3482 3254 3548; x_wconf 89' lang='lat' dir='ltr'><strong>alimoniam,</strong></span> <span class='ocrx_word' id='word_1_691' title='bbox 3290 3496 3460 3556; x_wconf 84' lang='lat' dir='ltr'><strong>utque</strong></span> 
     </span>
    </p>
   </div>
   <div class='ocr_carea' id='block_1_87' title="bbox 1877 3570 3461 3642">
    <p class='ocr_par' dir='ltr' id='par_1_87' title="bbox 1877 3570 3461 3642">
     <span class='ocr_line' id='line_1_87' title="bbox 1877 3570 3461 3642; baseline 0.005 -17"><span class='ocrx_word' id='word_1_692' title='bbox 1877 3570 2187 3642; x_wconf 85' lang='lat' dir='ltr'><strong>posteritati</strong></span> <span class='ocrx_word' id='word_1_693' title='bbox 2237 3580 2507 3641; x_wconf 89' lang='lat' dir='ltr'><strong>seponant</strong></span> <span class='ocrx_word' id='word_1_694' title='bbox 2553 3572 2877 3628; x_wconf 89' lang='lat' dir='ltr'><strong>thesaurum</strong></span> <span class='ocrx_word' id='word_1_695' title='bbox 2905 3583 2963 3628; x_wconf 93' lang='lat' dir='ltr'><strong>et</strong></span> <span class='ocrx_word' id='word_1_696' title='bbox 2993 3591 3023 3630; x_wconf 90' lang='lat' dir='ltr'><strong>a</strong></span> <span class='ocrx_word' id='word_1_697' title='bbox 3058 3586 3235 3631; x_wconf 87' lang='lat' dir='ltr'><strong>morte</strong></span> <span class='ocrx_word' id='word_1_698' title='bbox 3285 3578 3461 3633; x_wconf 87' lang='lat' dir='ltr'><strong>relin-</strong></span> 
     </span>
    </p>
   </div>
   <div class='ocr_carea' id='block_1_88' title="bbox 1879 3661 3462 3732">
    <p class='ocr_par' dir='ltr' id='par_1_88' title="bbox 1879 3661 3462 3732">
     <span class='ocr_line' id='line_1_88' title="bbox 1879 3661 3462 3732; baseline 0.006 -17"><span class='ocrx_word' id='word_1_699' title='bbox 1879 3670 2074 3732; x_wconf 89' lang='lat' dir='ltr'><strong>quant.</strong></span> <span class='ocrx_word' id='word_1_700' title='bbox 2105 3661 2306 3728; x_wconf 91' lang='lat' dir='ltr'><strong>Quam,</strong></span> <span class='ocrx_word' id='word_1_701' title='bbox 2345 3678 2555 3732; x_wconf 59' lang='lat' dir='ltr'><strong>quasso,</strong></span> <span class='ocrx_word' id='word_1_702' title='bbox 2602 3664 2781 3719; x_wconf 61' lang='lat' dir='ltr'><strong>vicem</strong></span> <span class='ocrx_word' id='word_1_703' title='bbox 2847 3666 3122 3721; x_wconf 89' lang='lat' dir='ltr'><strong>universis</strong></span> <span class='ocrx_word' id='word_1_704' title='bbox 3152 3668 3239 3723; x_wconf 90' lang='lat' dir='ltr'><strong>his</strong></span> <span class='ocrx_word' id='word_1_705' title='bbox 3264 3670 3462 3728; x_wconf 89' lang='lat' dir='ltr'><strong>condi-</strong></span> 
     </span>
    </p>
   </div>
   <div class='ocr_carea' id='block_1_89' title="bbox 1880 3755 3463 3832">
    <p class='ocr_par' dir='ltr' id='par_1_89' title="bbox 1880 3755 3463 3832">
     <span class='ocr_line' id='line_1_89' title="bbox 1880 3755 3463 3832; baseline 0.005 -23"><span class='ocrx_word' id='word_1_706' title='bbox 1880 3771 2041 3825; x_wconf 85' lang='lat' dir='ltr'><strong>gnam</strong></span> <span class='ocrx_word' id='word_1_707' title='bbox 2070 3755 2374 3824; x_wconf 86' lang='lat' dir='ltr'><strong>rependere</strong></span> <span class='ocrx_word' id='word_1_708' title='bbox 2401 3756 2708 3824; x_wconf 84' lang='lat' dir='ltr'><strong>possimus?</strong></span> <span class='ocrx_word' id='word_1_709' title='bbox 2736 3757 3002 3824; x_wconf 85' lang='lat' dir='ltr'><strong>Quocirca</strong></span> <span class='ocrx_word' id='word_1_710' title='bbox 3025 3760 3342 3817; x_wconf 86' lang='lat' dir='ltr'><strong>adnitamur</strong></span> <span class='ocrx_word' id='word_1_711' title='bbox 3361 3778 3463 3832; x_wconf 92' lang='lat' dir='ltr'><strong>pro</strong></span> 
     </span>
    </p>
   </div>
   <div class='ocr_carea' id='block_1_90' title="bbox 1880 3845 3462 3918">
    <p class='ocr_par' dir='ltr' id='par_1_90' title="bbox 1880 3845 3462 3918">
     <span class='ocr_line' id='line_1_90' title="bbox 1880 3845 3462 3918; baseline 0.006 -20"><span class='ocrx_word' id='word_1_712' title='bbox 1880 3845 2054 3911; x_wconf 86' lang='lat' dir='ltr'><strong>virili,</strong></span> <span class='ocrx_word' id='word_1_713' title='bbox 2085 3861 2150 3900; x_wconf 91' lang='lat' dir='ltr'><strong>ea</strong></span> <span class='ocrx_word' id='word_1_714' title='bbox 2180 3845 2405 3914; x_wconf 86' lang='lat' dir='ltr'><strong>explere</strong></span> <span class='ocrx_word' id='word_1_715' title='bbox 2443 3861 2565 3915; x_wconf 66' lang='lat' dir='ltr'><strong>quae</strong></span> <span class='ocrx_word' id='word_1_716' title='bbox 2588 3847 2658 3900; x_wconf 91' lang='lat' dir='ltr'><strong>ad</strong></span> <span class='ocrx_word' id='word_1_717' title='bbox 2687 3863 2880 3902; x_wconf 91' lang='lat' dir='ltr'><strong>eorum</strong></span> <span class='ocrx_word' id='word_1_718' title='bbox 2909 3850 3148 3905; x_wconf 90' lang='lat' dir='ltr'><strong>attinent</strong></span> <span class='ocrx_word' id='word_1_719' title='bbox 3171 3851 3462 3918; x_wconf 90' lang='lat' dir='ltr'><strong>honorem,</strong></span> 
     </span>
    </p>
   </div>
   <div class='ocr_carea' id='block_1_91' title="bbox 1882 3935 3466 4011">
    <p class='ocr_par' dir='ltr' id='par_1_91' title="bbox 1882 3935 3466 4011">
     <span class='ocr_line' id='line_1_91' title="bbox 1882 3935 3466 4011; baseline 0.006 -20"><span class='ocrx_word' id='word_1_720' title='bbox 1882 3935 2248 4001; x_wconf 79' lang='lat' dir='ltr'><strong>famulatum,</strong></span> <span class='ocrx_word' id='word_1_721' title='bbox 2299 3938 2573 4008; x_wconf 81' lang='lat' dir='ltr'><strong>requiem,</strong></span> <span class='ocrx_word' id='word_1_722' title='bbox 2641 3938 2809 4009; x_wconf 88' lang='lat' dir='ltr'><strong>idque</strong></span> <span class='ocrx_word' id='word_1_723' title='bbox 2873 3942 3249 4011; x_wconf 87' lang='lat' dir='ltr'><strong>peculiariter,</strong></span> <span class='ocrx_word' id='word_1_724' title='bbox 3310 3939 3466 4000; x_wconf 80' lang='lat' dir='ltr'><strong>senio</strong></span> 
     </span>
    </p>
   </div>
   <div class='ocr_carea' id='block_1_92' title="bbox 1885 4030 3468 4104">
    <p class='ocr_par' dir='ltr' id='par_1_92' title="bbox 1885 4030 3468 4104">
     <span class='ocr_line' id='line_1_92' title="bbox 1885 4030 3468 4104; baseline 0.004 -19"><span class='ocrx_word' id='word_1_725' title='bbox 1885 4030 2018 4086; x_wconf 90' lang='lat' dir='ltr'><strong>dum</strong></span> <span class='ocrx_word' id='word_1_726' title='bbox 2069 4039 2408 4100; x_wconf 88' lang='lat' dir='ltr'><strong>gravantur:</strong></span> <span class='ocrx_word' id='word_1_727' title='bbox 2444 4032 2657 4101; x_wconf 72' lang='lat'><strong>1202</strong></span> <span class='ocrx_word' id='word_1_728' title='bbox 2694 4043 2754 4086; x_wconf 90' lang='lat' dir='ltr'><strong>ut</strong></span> <span class='ocrx_word' id='word_1_729' title='bbox 2792 4034 2878 4087; x_wconf 89' lang='lat' dir='ltr'><strong>vel</strong></span> <span class='ocrx_word' id='word_1_730' title='bbox 2929 4035 3050 4104; x_wconf 90' lang='lat' dir='ltr'><strong>ipso</strong></span> <span class='ocrx_word' id='word_1_731' title='bbox 3105 4035 3345 4091; x_wconf 83' lang='lat' dir='ltr'><strong>ﬁliorum</strong></span> <span class='ocrx_word' id='word_1_732' title='bbox 3377 4053 3468 4092; x_wconf 85' lang='lat' dir='ltr'><strong>as-</strong></span> 
     </span>
    </p>
   </div>
   <div class='ocr_carea' id='block_1_93' title="bbox 1887 4127 3466 4198">
    <p class='ocr_par' dir='ltr' id='par_1_93' title="bbox 1887 4127 3466 4198">
     <span class='ocr_line' id='line_1_93' title="bbox 1887 4127 3466 4198; baseline 0.006 -21"><span class='ocrx_word' id='word_1_733' title='bbox 1887 4130 2048 4193; x_wconf 87' lang='lat' dir='ltr'><strong>pectu</strong></span> <span class='ocrx_word' id='word_1_734' title='bbox 2085 4132 2412 4177; x_wconf 84' lang='lat' dir='ltr'><strong>recreentur</strong></span> <span class='ocrx_word' id='word_1_735' title='bbox 2455 4138 2519 4178; x_wconf 89' lang='lat' dir='ltr'><strong>ac</strong></span> <span class='ocrx_word' id='word_1_736' title='bbox 2554 4140 2723 4192; x_wconf 90' lang='lat' dir='ltr'><strong>prope</strong></span> <span class='ocrx_word' id='word_1_737' title='bbox 2790 4127 3166 4182; x_wconf 77' lang='lat' dir='ltr'><strong>reviviscant:</strong></span> <span class='ocrx_word' id='word_1_738' title='bbox 3198 4131 3466 4198; x_wconf 82' lang='lat' dir='ltr'><strong>quemad-</strong></span> 
     </span>
    </p>
   </div>
   <div class='ocr_carea' id='block_1_94' title="bbox 1888 4211 3464 4284">
    <p class='ocr_par' dir='ltr' id='par_1_94' title="bbox 1888 4211 3464 4284">
     <span class='ocr_line' id='line_1_94' title="bbox 1888 4211 3464 4284; baseline 0.006 -19"><span class='ocrx_word' id='word_1_739' title='bbox 1888 4211 2113 4265; x_wconf 88' lang='lat' dir='ltr'><strong>modum</strong></span> <span class='ocrx_word' id='word_1_740' title='bbox 2135 4211 2328 4274; x_wconf 87' lang='lat' dir='ltr'><strong>Jacob,</strong></span> <span class='ocrx_word' id='word_1_741' title='bbox 2354 4211 2476 4266; x_wconf 88' lang='lat' dir='ltr'><strong>viso</strong></span> <span class='ocrx_word' id='word_1_742' title='bbox 2501 4229 2628 4267; x_wconf 79' lang='lat' dir='ltr'><strong>mox</strong></span> <span class='ocrx_word' id='word_1_743' title='bbox 2659 4213 2888 4284; x_wconf 85' lang='lat' dir='ltr'><strong>.loseph.</strong></span> <span class='ocrx_word' id='word_1_744' title='bbox 2910 4215 3308 4274; x_wconf 86' lang='lat' dir='ltr'><strong>Concertemus</strong></span> <span class='ocrx_word' id='word_1_745' title='bbox 3337 4234 3464 4275; x_wconf 88' lang='lat' dir='ltr'><strong>eum</strong></span> 
     </span>
    </p>
   </div>
   <div class='ocr_carea' id='block_1_95' title="bbox 1889 4301 3468 4376">
    <p class='ocr_par' dir='ltr' id='par_1_95' title="bbox 1889 4301 3468 4376">
     <span class='ocr_line' id='line_1_95' title="bbox 1889 4301 3468 4376; baseline 0.008 -22"><span class='ocrx_word' id='word_1_746' title='bbox 1889 4301 2126 4355; x_wconf 89' lang='lat' dir='ltr'><strong>aviculis</strong></span> <span class='ocrx_word' id='word_1_747' title='bbox 2149 4316 2272 4370; x_wconf 80' lang='lat' dir='ltr'><strong>qua:</strong></span> <span class='ocrx_word' id='word_1_748' title='bbox 2297 4317 2496 4372; x_wconf 69' lang='lat' dir='ltr'><strong>upupre</strong></span> <span class='ocrx_word' id='word_1_749' title='bbox 2523 4302 2820 4368; x_wconf 85' lang='lat' dir='ltr'><strong>dicuntur;</strong></span> <span class='ocrx_word' id='word_1_750' title='bbox 2852 4304 2960 4359; x_wconf 89' lang='lat' dir='ltr'><strong>illis</strong></span> <span class='ocrx_word' id='word_1_751' title='bbox 2990 4321 3060 4359; x_wconf 91' lang='lat' dir='ltr'><strong>ne</strong></span> <span class='ocrx_word' id='word_1_752' title='bbox 3089 4307 3342 4376; x_wconf 88' lang='lat' dir='ltr'><strong>dispares</strong></span> <span class='ocrx_word' id='word_1_753' title='bbox 3366 4309 3468 4366; x_wconf 84' lang='lat' dir='ltr'><strong>de-</strong></span> 
     </span>
    </p>
   </div>
   <div class='ocr_carea' id='block_1_96' title="bbox 1890 4391 3469 4470">
    <p class='ocr_par' dir='ltr' id='par_1_96' title="bbox 1890 4391 3469 4470">
     <span class='ocr_line' id='line_1_96' title="bbox 1890 4391 3469 4470; baseline 0.006 -26"><span class='ocrx_word' id='word_1_754' title='bbox 1890 4391 2306 4460; x_wconf 87' lang='lat' dir='ltr'><strong>prehendamnr</strong></span> <span class='ocrx_word' id='word_1_755' title='bbox 2348 4401 2405 4445; x_wconf 86' lang='lat' dir='ltr'><strong>et</strong></span> <span class='ocrx_word' id='word_1_756' title='bbox 2451 4392 2812 4448; x_wconf 89' lang='lat' dir='ltr'><strong>dissentanei.</strong></span> <span class='ocrx_word' id='word_1_757' title='bbox 2845 4394 2902 4449; x_wconf 89' lang='lat' dir='ltr'><strong>Si</strong></span> <span class='ocrx_word' id='word_1_758' title='bbox 2951 4398 3174 4465; x_wconf 91' lang='lat' dir='ltr'><strong>quando</strong></span> <span class='ocrx_word' id='word_1_759' title='bbox 3201 4403 3347 4454; x_wconf 91' lang='lat' dir='ltr'><strong>enim</strong></span> <span class='ocrx_word' id='word_1_760' title='bbox 3373 4417 3469 4470; x_wconf 83' lang='lat' dir='ltr'><strong>pa-</strong></span> 
     </span>
    </p>
   </div>
   <div class='ocr_carea' id='block_1_97' title="bbox 1893 4480 3466 4558">
    <p class='ocr_par' dir='ltr' id='par_1_97' title="bbox 1893 4480 3466 4558">
     <span class='ocr_line' id='line_1_97' title="bbox 1893 4480 3466 4558; baseline 0.008 -24"><span class='ocrx_word' id='word_1_761' title='bbox 1893 4492 2081 4537; x_wconf 86' lang='lat' dir='ltr'><strong>rentes</strong></span> <span class='ocrx_word' id='word_1_762' title='bbox 2113 4497 2245 4536; x_wconf 89' lang='lat' dir='ltr'><strong>suos</strong></span> <span class='ocrx_word' id='word_1_763' title='bbox 2270 4480 2511 4536; x_wconf 88' lang='lat' dir='ltr'><strong>viderint</strong></span> <span class='ocrx_word' id='word_1_764' title='bbox 2561 4486 2945 4550; x_wconf 89' lang='lat' dir='ltr'><strong>consenuisse,</strong></span> <span class='ocrx_word' id='word_1_765' title='bbox 3007 4497 3063 4542; x_wconf 89' lang='lat' dir='ltr'><strong>et</strong></span> <span class='ocrx_word' id='word_1_766' title='bbox 3089 4504 3189 4558; x_wconf 90' lang='lat' dir='ltr'><strong>per</strong></span> <span class='ocrx_word' id='word_1_767' title='bbox 3249 4491 3466 4546; x_wconf 89' lang='lat' dir='ltr'><strong>senium</strong></span> 
     </span>
    </p>
   </div>
   <div class='ocr_carea' id='block_1_98' title="bbox 1896 4575 3467 4652">
    <p class='ocr_par' dir='ltr' id='par_1_98' title="bbox 1896 4575 3467 4652">
     <span class='ocr_line' id='line_1_98' title="bbox 1896 4575 3467 4652; baseline 0.008 -22"><span class='ocrx_word' id='word_1_768' title='bbox 1896 4575 2213 4630; x_wconf 89' lang='lat' dir='ltr'><strong>hebetiores</strong></span> <span class='ocrx_word' id='word_1_769' title='bbox 2263 4591 2386 4630; x_wconf 90' lang='lat' dir='ltr'><strong>esse</strong></span> <span class='ocrx_word' id='word_1_770' title='bbox 2413 4577 2577 4631; x_wconf 85' lang='lat' dir='ltr'><strong>visu:</strong></span> <span class='ocrx_word' id='word_1_771' title='bbox 2615 4576 2714 4632; x_wconf 81' lang='lat' dir='ltr'><strong>filii</strong></span> <span class='ocrx_word' id='word_1_772' title='bbox 2754 4579 2930 4635; x_wconf 87' lang='lat' dir='ltr'><strong>alares</strong></span> <span class='ocrx_word' id='word_1_773' title='bbox 2981 4581 3126 4650; x_wconf 88' lang='lat' dir='ltr'><strong>pilos</strong></span> <span class='ocrx_word' id='word_1_774' title='bbox 3174 4593 3467 4652; x_wconf 88' lang='lat' dir='ltr'><strong>parentqu</strong></span> 
     </span>
    </p>
   </div>
   <div class='ocr_carea' id='block_1_99' title="bbox 1893 4666 3472 4739">
    <p class='ocr_par' dir='ltr' id='par_1_99' title="bbox 1893 4666 3472 4739">
     <span class='ocr_line' id='line_1_99' title="bbox 1893 4666 3472 4739; baseline 0.008 -20"><span class='ocrx_word' id='word_1_775' title='bbox 1893 4667 2237 4731; x_wconf 89' lang='lat' dir='ltr'><strong>convellunt,</strong></span> <span class='ocrx_word' id='word_1_776' title='bbox 2289 4666 2812 4725; x_wconf 87' lang='lat' dir='ltr'><strong>deindeallambunt</strong></span> <span class='ocrx_word' id='word_1_777' title='bbox 2857 4671 3046 4726; x_wconf 89' lang='lat' dir='ltr'><strong>oculos</strong></span> <span class='ocrx_word' id='word_1_778' title='bbox 3072 4673 3315 4739; x_wconf 88' lang='lat' dir='ltr'><strong>illorum,</strong></span> <span class='ocrx_word' id='word_1_779' title='bbox 3346 4692 3472 4734; x_wconf 77' lang='lat' dir='ltr'><strong>mox</strong></span> 
     </span>
    </p>
   </div>
   <div class='ocr_carea' id='block_1_100' title="bbox 1891 4754 3473 4830">
    <p class='ocr_par' dir='ltr' id='par_1_100' title="bbox 1891 4754 3473 4830">
     <span class='ocr_line' id='line_1_100' title="bbox 1891 4754 3473 4830; baseline 0.008 -22"><span class='ocrx_word' id='word_1_780' title='bbox 1891 4754 2042 4825; x_wconf 89' lang='lat' dir='ltr'><strong>ipsos</strong></span> <span class='ocrx_word' id='word_1_781' title='bbox 2069 4765 2327 4824; x_wconf 85' lang='lat' dir='ltr'><strong>parentes</strong></span> <span class='ocrx_word' id='word_1_782' title='bbox 2364 4756 2594 4811; x_wconf 90' lang='lat' dir='ltr'><strong>suismet</strong></span> <span class='ocrx_word' id='word_1_783' title='bbox 2619 4758 2721 4812; x_wconf 89' lang='lat' dir='ltr'><strong>alis</strong></span> <span class='ocrx_word' id='word_1_784' title='bbox 2753 4759 3033 4830; x_wconf 79' lang='lat' dir='ltr'><strong>subjectos</strong></span> <span class='ocrx_word' id='word_1_785' title='bbox 3068 4765 3473 4820; x_wconf 75' lang='lat' dir='ltr'><strong>excalefaciunt</strong></span> 
     </span>
    </p>
   </div>
   <div class='ocr_carea' id='block_1_101' title="bbox 1892 4845 3474 4926">
    <p class='ocr_par' dir='ltr' id='par_1_101' title="bbox 1892 4845 3474 4926">
     <span class='ocr_line' id='line_1_101' title="bbox 1892 4845 3474 4926; baseline 0.008 -26"><span class='ocrx_word' id='word_1_786' title='bbox 1892 4861 1958 4900; x_wconf 89' lang='lat' dir='ltr'><strong>ac</strong></span> <span class='ocrx_word' id='word_1_787' title='bbox 1997 4845 2268 4910; x_wconf 90' lang='lat' dir='ltr'><strong>refovent,</strong></span> <span class='ocrx_word' id='word_1_788' title='bbox 2305 4856 2474 4916; x_wconf 90' lang='lat' dir='ltr'><strong>atque</strong></span> <span class='ocrx_word' id='word_1_789' title='bbox 2511 4848 2586 4903; x_wconf 88' lang='lat' dir='ltr'><strong>ita</strong></span> <span class='ocrx_word' id='word_1_790' title='bbox 2650 4848 2874 4904; x_wconf 91' lang='lat' dir='ltr'><strong>demum</strong></span> <span class='ocrx_word' id='word_1_791' title='bbox 2927 4867 3026 4906; x_wconf 92' lang='lat' dir='ltr'><strong>eos</strong></span> <span class='ocrx_word' id='word_1_792' title='bbox 3083 4855 3241 4924; x_wconf 91' lang='lat' dir='ltr'><strong>quasi</strong></span> <span class='ocrx_word' id='word_1_793' title='bbox 3288 4857 3474 4926; x_wconf 90' lang='lat' dir='ltr'><strong>pullos</strong></span> 
     </span>
    </p>
   </div>
   <div class='ocr_carea' id='block_1_102' title="bbox 1893 4937 3477 5020">
    <p class='ocr_par' dir='ltr' id='par_1_102' title="bbox 1893 4937 3477 5020">
     <span class='ocr_line' id='line_1_102' title="bbox 1893 4937 3477 5020; baseline 0.008 -30"><span class='ocrx_word' id='word_1_794' title='bbox 1893 4951 2091 4991; x_wconf 90' lang='lat' dir='ltr'><strong>recens</strong></span> <span class='ocrx_word' id='word_1_795' title='bbox 2109 4937 2293 4992; x_wconf 89' lang='lat' dir='ltr'><strong>editos</strong></span> <span class='ocrx_word' id='word_1_796' title='bbox 2325 4948 2590 4992; x_wconf 87' lang='lat' dir='ltr'><strong>revocant</strong></span> <span class='ocrx_word' id='word_1_797' title='bbox 2616 4941 2681 4994; x_wconf 91' lang='lat' dir='ltr'><strong>ad</strong></span> <span class='ocrx_word' id='word_1_798' title='bbox 2709 4941 2899 4995; x_wconf 85' lang='lat' dir='ltr'><strong>ﬂorem</strong></span> <span class='ocrx_word' id='word_1_799' title='bbox 2927 4946 3127 5009; x_wconf 74' lang='lat' dir='ltr'><strong>anatis,</strong></span> <span class='ocrx_word' id='word_1_800' title='bbox 3178 4947 3261 5002; x_wconf 90' lang='lat' dir='ltr'><strong>sic</strong></span> <span class='ocrx_word' id='word_1_801' title='bbox 3302 4956 3363 5002; x_wconf 89' lang='lat' dir='ltr'><strong>ut</strong></span> <span class='ocrx_word' id='word_1_802' title='bbox 3384 4950 3477 5020; x_wconf 89' lang='lat' dir='ltr'><strong>ju-</strong></span> 
     </span>
    </p>
   </div>
   <div class='ocr_carea' id='block_1_103' title="bbox 1892 5029 3475 5108">
    <p class='ocr_par' dir='ltr' id='par_1_103' title="bbox 1892 5029 3475 5108">
     <span class='ocr_line' id='line_1_103' title="bbox 1892 5029 3475 5108; baseline 0.009 -24"><span class='ocrx_word' id='word_1_803' title='bbox 1892 5045 2064 5084; x_wconf 89' lang='lat' dir='ltr'><strong>vcnes</strong></span> <span class='ocrx_word' id='word_1_804' title='bbox 2091 5029 2272 5086; x_wconf 89' lang='lat' dir='ltr'><strong>videri</strong></span> <span class='ocrx_word' id='word_1_805' title='bbox 2305 5031 2560 5100; x_wconf 88' lang='lat' dir='ltr'><strong>possint:</strong></span> <span class='ocrx_word' id='word_1_806' title='bbox 2623 5034 2782 5102; x_wconf 91' lang='lat' dir='ltr'><strong>quasi</strong></span> <span class='ocrx_word' id='word_1_807' title='bbox 2805 5035 2850 5089; x_wconf 92' lang='lat' dir='ltr'><strong>si</strong></span> <span class='ocrx_word' id='word_1_808' title='bbox 2884 5037 3002 5091; x_wconf 87' lang='lat' dir='ltr'><strong>suis</strong></span> <span class='ocrx_word' id='word_1_809' title='bbox 3035 5038 3223 5094; x_wconf 88' lang='lat' dir='ltr'><strong>dicant</strong></span> <span class='ocrx_word' id='word_1_810' title='bbox 3272 5056 3475 5108; x_wconf 85' lang='lat' dir='ltr'><strong>paren-</strong></span> 
     </span>
    </p>
   </div>
   <div class='ocr_carea' id='block_1_104' title="bbox 1896 5121 3472 5196">
    <p class='ocr_par' dir='ltr' id='par_1_104' title="bbox 1896 5121 3472 5196">
     <span class='ocr_line' id='line_1_104' title="bbox 1896 5121 3472 5196; baseline 0.007 -20"><span class='ocrx_word' id='word_1_811' title='bbox 1896 5122 2081 5176; x_wconf 90' lang='lat' dir='ltr'><strong>tibus:</strong></span> <span class='ocrx_word' id='word_1_812' title='bbox 2108 5121 2582 5187; x_wconf 88' lang='lat' dir='ltr'><strong>Quemadmodum</strong></span> <span class='ocrx_word' id='word_1_813' title='bbox 2618 5140 2718 5179; x_wconf 90' lang='lat' dir='ltr'><strong>vos</strong></span> <span class='ocrx_word' id='word_1_814' title='bbox 2738 5126 3045 5195; x_wconf 87' lang='lat' dir='ltr'><strong>pulleseere</strong></span> <span class='ocrx_word' id='word_1_815' title='bbox 3093 5145 3197 5184; x_wconf 85' lang='lat' dir='ltr'><strong>nos</strong></span> <span class='ocrx_word' id='word_1_816' title='bbox 3242 5130 3472 5196; x_wconf 80' lang='lat' dir='ltr'><strong>fecistis,</strong></span> 
     </span>
    </p>
   </div>
   <div class='ocr_carea' id='block_1_105' title="bbox 1895 5212 3474 5283">
    <p class='ocr_par' dir='ltr' id='par_1_105' title="bbox 1895 5212 3474 5283">
     <span class='ocr_line' id='line_1_105' title="bbox 1895 5212 3474 5283; baseline 0.007 -18"><span class='ocrx_word' id='word_1_817' title='bbox 1895 5219 1952 5266; x_wconf 88' lang='lat' dir='ltr'><strong>et</strong></span> <span class='ocrx_word' id='word_1_818' title='bbox 1981 5212 2202 5268; x_wconf 90' lang='lat' dir='ltr'><strong>labores</strong></span> <span class='ocrx_word' id='word_1_819' title='bbox 2218 5214 2494 5268; x_wconf 88' lang='lat' dir='ltr'><strong>tolerastis</strong></span> <span class='ocrx_word' id='word_1_820' title='bbox 2527 5229 2626 5283; x_wconf 92' lang='lat' dir='ltr'><strong>pro</strong></span> <span class='ocrx_word' id='word_1_821' title='bbox 2660 5215 2989 5271; x_wconf 89' lang='lat' dir='ltr'><strong>educatione</strong></span> <span class='ocrx_word' id='word_1_822' title='bbox 3028 5229 3236 5283; x_wconf 90' lang='lat' dir='ltr'><strong>nostra,</strong></span> <span class='ocrx_word' id='word_1_823' title='bbox 3267 5229 3324 5275; x_wconf 90' lang='lat' dir='ltr'><strong>et</strong></span> <span class='ocrx_word' id='word_1_824' title='bbox 3372 5237 3474 5276; x_wconf 89' lang='lat' dir='ltr'><strong>nos</strong></span> 
     </span>
    </p>
   </div>
   <div class='ocr_carea' id='block_1_106' title="bbox 1897 5304 3474 5383">
    <p class='ocr_par' dir='ltr' id='par_1_106' title="bbox 1897 5304 3474 5383">
     <span class='ocr_line' id='line_1_106' title="bbox 1897 5304 3474 5383; baseline 0.006 -24"><span class='ocrx_word' id='word_1_825' title='bbox 1897 5304 2079 5359; x_wconf 90' lang='lat' dir='ltr'><strong>simile</strong></span> <span class='ocrx_word' id='word_1_826' title='bbox 2109 5305 2372 5374; x_wconf 88' lang='lat' dir='ltr'><strong>quiddam</strong></span> <span class='ocrx_word' id='word_1_827' title='bbox 2407 5305 2567 5360; x_wconf 92' lang='lat' dir='ltr'><strong>vobis</strong></span> <span class='ocrx_word' id='word_1_828' title='bbox 2598 5322 2982 5376; x_wconf 90' lang='lat' dir='ltr'><strong>repensamus.</strong></span> <span class='ocrx_word' id='word_1_829' title='bbox 3032 5311 3238 5376; x_wconf 86' lang='lat' dir='ltr'><strong>Quidni</strong></span> <span class='ocrx_word' id='word_1_830' title='bbox 3302 5313 3474 5383; x_wconf 85' lang='lat' dir='ltr'><strong>igitur</strong></span> 
     </span>
    </p>
   </div>
   <div class='ocr_carea' id='block_1_107' title="bbox 1898 5396 3476 5474">
    <p class='ocr_par' dir='ltr' id='par_1_107' title="bbox 1898 5396 3476 5474">
     <span class='ocr_line' id='line_1_107' title="bbox 1898 5396 3476 5474; baseline 0.009 -26"><span class='ocrx_word' id='word_1_831' title='bbox 1898 5409 2002 5448; x_wconf 90' lang='lat' dir='ltr'><strong>nos</strong></span> <span class='ocrx_word' id='word_1_832' title='bbox 2031 5403 2290 5464; x_wconf 87' lang='lat' dir='ltr'><strong>parentes</strong></span> <span class='ocrx_word' id='word_1_833' title='bbox 2311 5396 2548 5450; x_wconf 89' lang='lat' dir='ltr'><strong>aretiore</strong></span> <span class='ocrx_word' id='word_1_834' title='bbox 2578 5397 2805 5452; x_wconf 88' lang='lat' dir='ltr'><strong>vinculo</strong></span> <span class='ocrx_word' id='word_1_835' title='bbox 2849 5400 3139 5457; x_wconf 84' lang='lat' dir='ltr'><strong>charitatis</strong></span> <span class='ocrx_word' id='word_1_836' title='bbox 3169 5418 3476 5474; x_wconf 84' lang='lat' dir='ltr'><strong>proseque—</strong></span> 
     </span>
    </p>
   </div>
   <div class='ocr_carea' id='block_1_108' title="bbox 1901 5487 3474 5567">
    <p class='ocr_par' dir='ltr' id='par_1_108' title="bbox 1901 5487 3474 5567">
     <span class='ocr_line' id='line_1_108' title="bbox 1901 5487 3474 5567; baseline 0.007 -27"><span class='ocrx_word' id='word_1_837' title='bbox 1901 5502 2025 5540; x_wconf 91' lang='lat' dir='ltr'><strong>mur</strong></span> <span class='ocrx_word' id='word_1_838' title='bbox 2054 5487 2284 5541; x_wconf 89' lang='lat' dir='ltr'><strong>rationis</strong></span> <span class='ocrx_word' id='word_1_839' title='bbox 2316 5499 2619 5556; x_wconf 81' lang='lat' dir='ltr'><strong>compotes,</strong></span> <span class='ocrx_word' id='word_1_840' title='bbox 2647 5497 2709 5543; x_wconf 91' lang='lat' dir='ltr'><strong>ut</strong></span> <span class='ocrx_word' id='word_1_841' title='bbox 2748 5505 2818 5545; x_wconf 91' lang='lat' dir='ltr'><strong>ne</strong></span> <span class='ocrx_word' id='word_1_842' title='bbox 2869 5490 3162 5548; x_wconf 90' lang='lat' dir='ltr'><strong>adversum</strong></span> <span class='ocrx_word' id='word_1_843' title='bbox 3192 5510 3293 5549; x_wconf 90' lang='lat' dir='ltr'><strong>nos</strong></span> <span class='ocrx_word' id='word_1_844' title='bbox 3320 5496 3474 5567; x_wconf 88' lang='lat' dir='ltr'><strong>inge-</strong></span> 
     </span>
    </p>
   </div>
   <div class='ocr_carea' id='block_1_109' title="bbox 1901 5578 3472 5655">
    <p class='ocr_par' dir='ltr' id='par_1_109' title="bbox 1901 5578 3472 5655">
     <span class='ocr_line' id='line_1_109' title="bbox 1901 5578 3472 5655; baseline 0.008 -24"><span class='ocrx_word' id='word_1_845' title='bbox 1901 5578 2352 5632; x_wconf 58' lang='lat' dir='ltr'><strong>miscantﬂdane</strong></span> <span class='ocrx_word' id='word_1_846' title='bbox 2402 5594 2490 5634; x_wconf 90' lang='lat' dir='ltr'><strong>res</strong></span> <span class='ocrx_word' id='word_1_847' title='bbox 2540 5581 2878 5650; x_wconf 90' lang='lat' dir='ltr'><strong>ejuseemodi</strong></span> <span class='ocrx_word' id='word_1_848' title='bbox 2925 5586 3248 5655; x_wconf 87' lang='lat' dir='ltr'><strong>neutiquam</strong></span> <span class='ocrx_word' id='word_1_849' title='bbox 3287 5586 3472 5643; x_wconf 86' lang='lat' dir='ltr'><strong>futura</strong></span> 
     </span>
    </p>
   </div>
   <div class='ocr_carea' id='block_1_110' title="bbox 1902 5669 3478 5746">
    <p class='ocr_par' dir='ltr' id='par_1_110' title="bbox 1902 5669 3478 5746">
     <span class='ocr_line' id='line_1_110' title="bbox 1902 5669 3478 5746; baseline 0.008 -22"><span class='ocrx_word' id='word_1_850' title='bbox 1902 5669 2066 5725; x_wconf 90' lang='lat' dir='ltr'><strong>nobis</strong></span> <span class='ocrx_word' id='word_1_851' title='bbox 2092 5679 2177 5727; x_wconf 87' lang='lat' dir='ltr'><strong>est</strong></span> <span class='ocrx_word' id='word_1_852' title='bbox 2200 5671 2294 5726; x_wconf 91' lang='lat' dir='ltr'><strong>ulli</strong></span> <span class='ocrx_word' id='word_1_853' title='bbox 2331 5671 2728 5738; x_wconf 87' lang='lat' dir='ltr'><strong>emolumento,</strong></span> <span class='ocrx_word' id='word_1_854' title='bbox 2753 5675 2929 5746; x_wconf 89' lang='lat' dir='ltr'><strong>magis</strong></span> <span class='ocrx_word' id='word_1_855' title='bbox 2965 5686 3150 5732; x_wconf 86' lang='lat' dir='ltr'><strong>autem</strong></span> <span class='ocrx_word' id='word_1_856' title='bbox 3174 5677 3478 5735; x_wconf 85' lang='lat' dir='ltr'><strong>detrimen-</strong></span> 
     </span>
    </p>
   </div>
   <div class='ocr_carea' id='block_1_111' title="bbox 2563 5863 2898 5925">
    <p class='ocr_par' dir='ltr' id='par_1_111' title="bbox 2563 5863 2898 5925">
     <span class='ocr_line' id='line_1_111' title="bbox 2563 5863 2898 5925; baseline -0.009 -4"><span class='ocrx_word' id='word_1_857' title='bbox 2563 5867 2610 5899; x_wconf 84' lang='grc'><strong><em>⁸⁸</em></strong></span> <span class='ocrx_word' id='word_1_858' title='bbox 2643 5863 2780 5925; x_wconf 83' lang='lat' dir='ltr'><strong>ibid.</strong></span> <span class='ocrx_word' id='word_1_859' title='bbox 2810 5865 2898 5920; x_wconf 70' lang='grc'><strong>47.</strong></span> 
     </span>
    </p>
   </div>
  </div>
