4178 6424
756 357 891 421 I767

2018 350 2385 411 ANTlOCIIl
2426 352 2772 414 MONACIII

3887 363 4021 429 lTCS

754 481 871 522 tusa
906 465 1226 527 admodum,
1256 474 1315 519 ut
1343 463 1430 532 qui
1454 460 1929 530 compericniurct
1951 460 2126 527 patris
2157 460 2322 511 fuisse

2427 463 2594 515 αὐτοῦ
2621 465 3127 536 εἰσακουσῦήσεται.
3169 486 3186 517 ι
3224 465 3331 519 Καὶ
3363 467 3543 531 πάλιν,
3583 488 3600 519 ι
3631 469 3778 539 Εῦχὴ
3809 477 4019 543 πατρὶς

748 568 804 613 et
830 558 1021 613 matris
1050 573 1301 612 cassores.
1337 558 1393 609 In
1422 556 1537 622 lege
1587 552 1856 621 scriptum
1883 558 1965 604 est
1993 568 2005 602 :
2050 570 2066 599 ι
2104 549 2323 602 Honora

749 659 962 720 patrem
992 658 1146 703 tuum
1165 658 1221 701 et
1248 656 1474 699 matrem
1500 652 1648 697 tuam
1676 650 1735 695 ut
1759 642 1898 693 bene
1936 640 2031 693 tibi
2062 640 2133 691 sit
2167 647 2221 689 ct
2251 640 2328 690 sis

749 740 1024 807 longmvus
1043 750 1207 803 super
1233 742 1308 785 ter
1320 733 1509 784 ram“.
1525 731 1640 796 iEt,
1657 750 1674 784 ε
1697 730 1801 796 Qui
1828 732 2170 786 maledixerit
2191 733 2330 801 patri

748 825 1573 892 autmatri,mortemoriatur‘7.
1590 825 1727 878 iNec
1747 826 2164 880 abluditlsaias:
2190 847 2205 877 ι
2229 826 2331 891 Qui

747 924 881 978 dicit
896 922 1036 991 patri
1060 939 1071 973 :
1087 920 1225 986 Quid
1240 934 1468 988 generas
1480 920 1502 969 ?
1514 925 1568 971 et
1586 926 1714 971 mali
1732 919 1911 984 izQuid
1929 920 2191 989 parturis‘.’
2208 921 2334 977 Scio

746 1031 869 1083 ego,
896 1016 1023 1085 quia
1046 1014 1221 1066 durus
1239 1030 1318 1075 es,
1341 1020 1395 1064 et
1418 1027 1620 1064 nervus
1646 1011 1859 1065 ferreus
1883 1014 2068 1066 cervix
2097 1024 2185 1067 tua
2210 1016 2274 1066 “.
2310 1032 2327 1064 ι

747 1110 902 1163 Alius
927 1108 1105 1161 item‘:
1141 1127 1158 1157 ι
1197 1106 1298 1171 Qui
1328 1106 1569 1159 honorat
1592 1116 1822 1175 patrem,
1851 1107 2251 1177 jueundabitur
2279 1108 2332 1163 in

748 1200 878 1254 ﬁliis
895 1200 1091 1263 suis,et
1104 1200 1156 1252 in
1173 1198 1259 1252 die
1275 1199 1543 1251 orationis
1557 1215 1666 1249 sua:
1678 1196 2008 1250 exaudietur
2020 1198 2083 1250 ⁶⁹.
2101 1196 2330 1251 »Ιιοι-υηι

753 1311 770 1342 ι
788 1292 977 1344 Uratio
995 1290 1169 1359 patris
1185 1286 1475 1341 conﬁrmat
1497 1284 1688 1337 domos
1706 1282 1945 1335 liliorum
1974 1300 1988 1343 ;
2016 1281 2327 1335 maledictio

744 1389 929 1432 autem
975 1379 1167 1430 matris
1205 1374 1448 1429 cradirat
1486 1371 1837 1426 fundamenta
1866 1371 1966 1424 ".i
2004 1370 2325 1438 Apostolus:

750 1493 768 1524 ι
783 1471 1154 1530 Filii,obedite
1169 1467 1489 1537 parentibus
1506 1466 1706 1520 vestris
1723 1466 1776 1519 in
1797 1466 2048 1519 Domino:
2067 1464 2326 1517 hocenim

739 1564 947 1634 justam
977 1571 1079 1615 est.
1122 1562 1337 1612 llonora
1371 1567 1581 1627 patrem
1614 1567 1769 1612 tuum
1810 1567 1866 1611 et
1896 1564 2147 1618 matrem,
2180 1555 2324 1624 quod

742 1654 1077 1721 estprimum
1096 1651 1417 1705 mandatum
1437 1650 1489 1703 in
1510 1647 2325 1719 ιιτοηιίεείοιιίιιυδη.»Ιὶιιτευδε

749 1764 768 1797 ι
801 1744 920 1799 Filii
952 1744 1173 1798 discant
1218 1745 1456 1812 primum
1496 1742 1779 1811 propriam
1802 1740 2028 1793 domum
2071 1740 2323 1806 religiose

746 1853 964 1906 regere,
997 1847 1054 1890 et
1083 1845 1331 1889 mutuam
1365 1834 1538 1889 vicem
1562 1832 1797 1887 reddere
1828 1830 2155 1901 parentibus
2179 1848 2191 1883 :
2214 1829 2319 1884 hoc

740 1930 889 1983 enim
948 1929 1153 1982 bonum
1208 1935 1264 1981 et
1303 1934 1591 1994 acceptum
1623 1941 1809 1979 coram
1873 1924 1983 1977 Deo
2006 1925 2105 1975 τ’.»
2134 1923 2321 1977 Paro:-

742 2022 968 2076 miastes
1014 2020 1145 2074 item
1182 2038 1195 2073 :
1233 2038 1251 2070 ι
1285 2017 1458 2072 Filius
1486 2025 1701 2071 astutus
1725 2015 1915 2070 obedit
1962 2014 2101 2084 patri
2131 2031 2143 2066 :
2172 2015 2319 2067 lilius

744 2113 1076 2168 inobediens
1097 2114 1152 2166 in
1178 2110 1495 2183 perditione
1522 2110 1631 2164 erit
1653 2109 1753 2163 ⁷³.»
1780 2107 2018 2162 lterum:
2045 2126 2063 2158 ε
2090 2106 2319 2161 Maledi-

740 2206 920 2260 centis
960 2204 1100 2274 patri
1154 2214 1250 2257 aut
1300 2203 1465 2257 matri
1513 2201 1899 2269 cxstinguetur
1941 2201 2166 2253 lucerna
2193 2199 2261 2252 ".
2294 2215 2313 2248 ι

740 2298 944 2352 lterum
970 2314 984 2351 :
1008 2315 1027 2348 ‹
1060 2294 1163 2361 Qui
1201 2294 1311 2348 vim
1348 2294 1479 2348 facit
1512 2293 1655 2363 patri
1694 2302 1792 2346 aut
1831 2292 2017 2355 matri,
2046 2302 2104 2346 et
2144 2290 2322 2346 credit

739 2403 799 2441 se
830 2404 939 2440 non
968 2401 1223 2456 peccare,
1243 2385 1427 2440 socius
1453 2394 1537 2440 est
1563 2385 1666 2439 viri
1692 2384 1844 2454 impii
1868 2385 1965 2438 ".i
1995 2382 2237 2453 ldipsum
2264 2392 2321 2438 et

738 2476 1006 2530 Dominus
1029 2474 1097 2529 ad
1134 2474 1464 2536 Pharisaeos.
1505 2494 1524 2525 ι
1562 2474 1743 2540 Quare
1765 2481 1822 2529 et
1858 2488 1958 2528 vos
1984 2472 2321 2543 transgredi-

740 2568 876 2622 mini
900 2568 1073 2637 legem
1107 2568 1204 2622 Dei
1239 2574 1465 2636 propter
1503 2565 1857 2619 traditionem
1882 2565 2170 2620 vestram?
2192 2580 2317 2618 nam

739 2661 886 2714 Deus
912 2660 1086 2714 dixit:
1116 2659 1336 2713 llonora
1372 2667 1583 2728 patrem
1610 2667 1763 2712 tmnn
1791 2668 1848 2712 et
1867 2669 2117 2723 matrem,
2145 2665 2201 2712 et
2222 2656 2318 2727 qui

741 2751 1091 2806 maledixerit
1113 2751 1253 2820 patri
1276 2751 1360 2803 vel
1381 2749 1565 2813 matri,
1582 2757 1761 2804 morte
1783 2750 2049 2803 moriatur
2070 2767 2085 2815 ;
2106 2764 2202 2802 vos
2222 2766 2321 2803 au-

740 2852 849 2898 tem
876 2841 1061 2896 dicitis
1095 2858 1108 2892 :
1136 2841 1483 2909 Quicumque
1509 2839 1713 2893 dixerit
1742 2840 1884 2909 patri
1909 2840 1992 2893 vel
2022 2842 2181 2894 matri
2206 2856 2319 2895 Sine

738 2934 953 2989 Corban
986 2933 1186 3004 :(quod
1222 2942 1307 2986 est
1325 2935 1570 2997 munus),
1609 2930 1999 2999 quodcumque
2022 2940 2106 2985 est
2135 2948 2201 2984 ex
2230 2948 2317 2986 me

741 3024 840 3079 tibi
872 3024 1155 3093 proderit;
1180 3030 1365 3075 etnon
1395 3021 2014 3090 honoriiieabitpatrem
2042 3037 2200 3075 suum
2222 3030 2318 3075 aut

738 3125 970 3168 matrem
988 3115 1055 3167 ⁷⁸.
1085 3133 1102 3164 ι
1130 3113 1234 3167 Sed
1260 3114 1374 3167 haec
1393 3114 1648 3166 sullieere
1669 3122 1878 3181 putem,
1904 3112 1970 3165 ad
1998 3113 2317 3181 explicatio-

738 3224 863 3262 nem
920 3207 1123 3275 sumpti
1159 3206 1493 3273 argunienti,
1549 3220 1748 3274 nempe
1798 3204 1945 3273 quod
1993 3205 2317 3274 parentibus

738 3307 914 3355 vicem
946 3299 1247 3353 debeamus
1280 3298 1582 3351 resolvere.
1617 3297 1782 3365 Atqui
1822 3312 1891 3349 ne
1924 3297 2059 3349 illud
2089 3298 2315 3365 quidem

741 3398 995 3464 ignorare
1015 3392 1329 3453 conveniat,
1354 3406 1385 3444 a
1412 3390 1575 3443 nobis
1598 3406 1706 3443 non
1734 3389 1785 3442 id
1814 3391 1987 3459 repeti
2021 3390 2222 3453 solum,
2257 3398 2317 3443 ut

739 3484 1065 3555 parentibus
1084 3484 1389 3537 secundum
1442 3496 1663 3535 carnem
1701 3482 1871 3535 vicem
1906 3481 2313 3545 redhibeamus,

739 3593 934 3631 verum
977 3585 1131 3629 tanto
1150 3574 1473 3643 ampliorem
1523 3574 1788 3625 honorem
1849 3574 2170 3641 cultumque
2214 3588 2317 3626 nos

736 3670 941 3722 debere
981 3667 1049 3721 iis
1080 3667 1176 3735 qui
1201 3665 1507 3719 secundum
1532 3664 1790 3733 spiritum
1838 3670 2026 3731 patres
2058 3670 2188 3717 sunt
2224 3679 2322 3717 no-

736 3760 863 3823 stri,
888 3768 949 3812 ut
982 3774 1081 3827 per
1101 3773 1202 3811 nos
1228 3756 1547 3810 hzercditate
1579 3770 1944 3824 assequamur
1979 3755 2324 3810 benedictio-

738 3866 863 3905 nem
885 3850 1004 3903 Dei.
1025 3848 1235 3917 1203
1253 3846 1441 3915 Neque
1473 3847 1620 3899 enim
1641 3845 1821 3898 minus
1846 3846 2017 3898 nostri
2041 3861 2202 3899 causa
2230 3847 2319 3902 isti

2430 558 2676 625 στηρίξει
2731 553 2879 610 οἷκον
2912 559 3146 610 τέκνων·
3201 562 3414 629 κατάρα
3469 560 3524 613 δὲ
3557 562 3764 630 μητρὸς
3806 564 4023 632 “FG”;

2426 647 2652 717 θεμέλια
2676 651 2849 703 οἴκου.
2880 671 2897 702 ι
2936 652 3045 704 Καὶ
3070 653 3097 704 ὁ
3148 652 3490 716 ’Λπόστο).ος,
3540 672 3559 705 ι
3594 655 3675 706 Τά
3703 656 3901 721 τέκνα,
3929 658 4021 708 ὑπο

2428 741 2653 793 ακοῦετε
2685 744 2797 805 τοῖς
2833 742 3079 809 γονεῦσιν
3112 744 3288 813 ὑμῶν,
3318 747 3376 798 ἐν
3421 746 3627 817 Κυρίῳ.
3667 749 3844 801 Τοῦτο
3886 751 4018 818 γὰρ,

2428 833 2611 900 φησὶν,
2646 833 2764 885 ἐστὶ
2791 833 3019 898 δίκαιον,
3056 837 3201 903 Τίμα
3246 838 3340 888 τὸν
3370 841 3582 909 πατέρα
3625 856 3719 891 σου
3766 841 3863 891 καὶ
3922 841 4020 909 τὴν

2430 928 2641 995 μητέρα
2675 942 2790 980 σου.
2817 928 2976 991 "Hm;
3016 930 3163 981 ἐστὶν
3199 930 3387 996 ἐντολὴ
3415 932 3602 1001 πρώτη
3659 932 3717 983 ἐν
3765 935 4016 998 ἐπαγγε-

2428 1015 2589 1079 λίαις.
2627 1035 2645 1068 ι
2682 1019 2790 1069 Καὶ
2824 1019 2999 1084 αὖθις,
3049 1040 3067 1072 ς
3099 1020 3180 1075 Ti
3204 1021 3371 1074 τέκνα
3400 1024 3826 1091 μανθανέτωσαν
3864 1026 4019 1091 πρῶ-

2428 1125 2518 1160 τον
2551 1110 2645 1161 τὸν
2676 1109 2806 1161 ἴδιον
2835 1107 2985 1164 οἷκον
3016 1114 3279 1178 εὐσεϐεῖν,
3308 1115 3401 1166 καὶ
3449 1117 3684 1185 ἀμοιϐάς
3716 1118 4018 1170 ἀποδοῦναι

2427 1202 2539 1262 τοῖς
2572 1201 2877 1271 προγόνοις.
2914 1203 3084 1257 Τοῦτο
3117 1208 3224 1273 γάρ
3269 1208 3418 1259 ἐστιν
3448 1207 3633 1271 καλὸν,
3665 1211 3759 1262 καὶ
3816 1212 4019 1262 εὖαπόο

2427 1290 2616 1343 δεκτον
2669 1290 2900 1345 ἐνώπιον
2942 1294 3037 1345 τοῦ
3080 1294 3237 1347 Θεοῦ.
3276 1314 3294 1346 ι
3359 1295 3466 1349 Καὶ
3500 1296 3528 1347 6
3574 1297 4016 1367 Παροιμιιςτὴς,

2436 1402 2454 1434 ι
2495 1384 2611 1447 Υἱὸς
2636 1384 2969 1454 πανοῦργος,
3002 1386 3245 1455 ὑπήκοος
3291 1387 3477 1458 πατρί.
3513 1388 3640 1450 Υἱὸς
3666 1389 3723 1441 δὲ
3756 1390 4016 1457 ἀνήκοος,

2430 1474 2488 1524 ὲν
2511 1474 2754 1545 ἀπωλείᾳ⁴
2780 1475 2952 1529 ἔσται.
2992 1494 3011 1527 ι
3045 1478 3153 1530 Καὶ
3176 1479 3361 1538 πάλιν,
3391 1498 3407 1526 ι
3433 1478 3879 1545 Κακολογοῦντος
3912 1498 4017 1531 πι-

2428 1562 2563 1632 τέρα
2595 1564 2627 1633 ἢ
2655 1568 2889 1635 μητέρα,
2912 1566 3273 1637 σϐεσθήσεται
3304 1569 3586 1639 λαμπτὴρ.
3623 1589 3640 1622 ι
3675 1572 3784 1621 Καὶ
3826 1571 4015 1632 πάλιν,

2437 1672 2455 1703 α
2500 1656 2595 1717 Ὃς
2626 1657 2981 1721 ἀποϐιάζεται
3012 1660 3223 1729 πατέρα
3277 1660 3310 1730 ἢ
3373 1663 3603 1731 μητέρα,
3632 1663 3727 1715 καὶ
3755 1662 3909 1714 δοκεῖ
3940 1664 4015 1731 μὴ

2431 1743 2789 1813 ἁμαρτάνειν,
2824 1738 2981 1810 οὗτος
3036 1748 3292 1811 κοινωνός
3317 1750 3468 1802 ἐστιν
3483 1751 3675 1821 ἀνδρὸς
3697 1750 3956 1814 ἀσεϐοῦς.
3994 1770 4012 1801 ι

2430 1834 2502 1887 Τὸ
2525 1836 2659 1889 αὐτὸ
2691 1837 2748 1889 δὲ
2775 1838 2870 1890 καὶ
2909 1841 2938 1892 6
2988 1840 3193 1911 Κύριος
3255 1842 3393 1915 πρὸς
3450 1844 3577 1906 τοὺς
3622 1844 4014 1913 Φαρισσαεους,

2434 1947 2453 1979 r
2487 1929 2588 1982 Διά
2640 1930 2692 1983 τί
2744 1932 2840 1985 καὶ
2885 1932 3046 2002 ὑμεῖς
3084 1936 3454 2005 παραῦαίνετε
3501 1936 3599 2006 τὴν
3648 1936 3875 2004 ἐντολὴν
3920 1935 4016 1986 τοῦ

2425 2017 2561 2073 Θεοῦ
2614 2020 2702 2073 διὰ
2750 2021 2852 2091 τὴν
2901 2024 3201 2093 παράδοσιν
3228 2025 3412 2095 ὑμῶν;
3466 2029 3494 2080 6
3523 2028 3633 2097 γάρ
3668 2027 3804 2090 Θεὸς
3835 2020 4015 2089 εἶπεν,

2425 2108 2575 2178 Τίμα
2607 2109 2699 2163 τὸν
2725 2112 2937 2183 πατέρα
2995 2130 3089 2166 σου
3139 2117 3232 2168 καὶ
3275 2115 3374 2188 τὴν
3408 2118 3618 2187 μητέρα
3649 2134 3776 2183 σου,
3838 2117 3957 2179 καὶ,
3990 2120 4018 2168 6

2425 2198 2743 2266 κακολογῶν
2796 2203 3009 2273 πατέρα
3046 2204 3079 2273 ἢ
3148 2206 3380 2274 μητέρα,
3410 2205 3625 2276 Θανάτῳ
3675 2205 4012 2259 τελευτάτω.

2438 2287 2626 2359 Ὑμεῖς
2649 2290 2707 2344 δὲ
2728 2290 2936 2358 λέγετε,
2980 2294 3077 2356 Ὃς
3106 2294 3171 2346 ἂν
3201 2295 3436 2364 εἶποιτῷ
3466 2296 3633 2367 πατρὶ
3663 2297 3696 2364 ἢ
3726 2299 3796 2366 τῇ
3846 2298 4015 2366 μητρὶ

2425 2380 2613 2444 αὑτοῦ.
2636 2382 2878 2452 Κορϐάν,
2916 2384 2944 2436 ὅ
2963 2384 3081 2436 ἐστι
3108 2385 3305 2455 δῶρον,
3332 2386 3361 2438 ὃ
3389 2387 3486 2439 ἐὰν
3510 2386 3569 2451 ἐξ
3598 2386 3733 2457 ἓμοῦ
3788 2387 4011 2455 ὠφελη-

2426 2470 2554 2541 Οῇςο
2580 2472 2643 2525 οὐ
2668 2475 2742 2543 μὴ
2760 2474 2982 2543 τιμήσει
3002 2474 3095 2527 τὸν
3122 2478 3331 2547 πατέρα
3352 2476 3517 2530 αὐτοῦ
3547 2479 3579 2548 ἢ
3611 2477 3710 2545 ’.ὴν
3736 2479 4007 2547 μητέρι..

2437 2562 2598 2616 Ἀλλά
2622 2564 2798 2617 ταῦτα
2834 2566 2934 2635 μὲν
2984 2567 3143 2619 ικανά
3191 2570 3541 2639 παραστῆσαι
3568 2610 3582 2635 ,
3616 2572 3699 2624 ὅτι
3728 2571 4011 2637 ὀφειλέται

2424 2655 2593 2725 ἐσμὲν
2625 2659 2810 2710 πᾶσαν
2835 2658 3073 2730 ἀμοιϐὴν
3104 2659 3396 2713 ἀποδοῦναι
3418 2664 3531 2724 τοῖς
3554 2661 3804 2729 γονεῦσιν
3825 2663 4007 2731 ἡμῶν.

2424 2749 2514 2799 Δεῖ
2541 2748 2596 2800 δὲ
2650 2749 2870 2801 κάκεῖνο
2902 2748 2976 2820 μὴ
3007 2752 3241 2819 ἀγνοεῖν,
3296 2750 3378 2802 ὅτι
3398 2751 3460 2804 οὒ
3516 2753 3675 2821 μόνον
3705 2755 3836 2816 τοὺς
3868 2757 4011 2806 κατά

2426 2842 2605 2911 σάρκα
2630 2844 2803 2909 γονεῖς
2821 2841 2980 2910 ἡμῶν
3003 2841 3177 2897 ταῦτα
3200 2844 3603 2914 ἀπαιτούμεοα,
3622 2844 3761 2898 ἀλλά
3782 2848 4009 2910 καὶτοῖς

2424 2933 2813 3000 πνευματικοῖς
2838 2934 2870 2999 ἡ
2880 2930 2994 2998 μῶν
3012 2933 3251 3003 πατράσι
3266 2934 3651 3005 χρεωστοῦμεν
3671 2935 3900 2989 πλείονα
3927 2955 4010 2989 τι-

2427 3022 2535 3091 μὴν
2608 3022 2705 3075 καὶ
2755 3022 2922 3084 σέϐας
2942 3025 3263 3094 ἀπονέμειν,
3296 3027 3383 3079 ἵνα
3426 3026 3493 3078 δι’
3528 3026 3707 3079 αὐτῶν
3744 3029 4009 3099 κληρονο-

2345 3149 2389 3209 c
2427 3115 2690 3182 μήσωμεν
2728 3115 2828 3174 τὴν
2863 3114 3113 3182 εὐλογίαν
3160 3115 3252 3168 τοῦ
3286 3116 3443 3169 Θεοῦ.
3479 3118 3592 3169 Οὐκ
3632 3117 3857 3170 ἔλαττον
3902 3123 4009 3189 γάρ

2423 3205 2517 3256 καὶ
2562 3205 2719 3258 αὐτοὶ
2764 3206 3029 3259 κοπιῶσιν
3092 3207 3183 3258 καὶ
3248 3207 3584 3278 μεριμνῶσιν
3638 3209 3779 3279 ὑπὲρ
3827 3211 4008 3278 ἡμῶν,

2425 3296 2625 3365 μᾶλλον
2661 3297 2719 3349 δὲ
2744 3298 2839 3350 καὶ
2872 3298 3008 3351 πολὺ
3036 3298 3199 3350 πλέον
3225 3315 3238 3329 ·
3288 3300 3447 3370 εἰπερ
3477 3303 3525 3351 οἱ
3566 3300 3665 3369 μὲν
3703 3303 4009 3369 σαρκικῶς,

2419 3390 2469 3439 οἱ
2492 3388 2547 3441 δὲ
2571 3388 2963 3457 πνευματικῶς
2999 3390 3148 3457 ἡμᾶς
3190 3390 3472 3455 γεννῶσιν.
3508 3391 3695 3444 Ταῦτα
3739 3392 3796 3444 δὲ
3834 3395 4012 3444 πάντα

2419 3483 2481 3536 οὐ
2512 3482 2673 3552 μόνον
2706 3479 2869 3549 λόγῳ,
2888 3480 3025 3533 ἀλλὰ
3055 3483 3145 3533 καὶ
3182 3481 3329 3551 ἔργῳ
3364 3484 3392 3534 6
3415 3483 3617 3551 Κύριος
3644 3485 3793 3551 ἡμᾶς
3818 3488 4011 3537 ἐκπαι-

2423 3572 2620 3625 δεύει.«
2675 3567 2783 3624 Ἦν
2807 3572 2935 3640 γὰρ,
2974 3573 3157 3642 φησὶν,
3214 3573 3653 3643 ὑποτασσόμενος
3690 3576 3770 3645 τῷ
3837 3580 4013 3646 πατρὶ

2428 3665 2524 3719 καὶ
2556 3665 2623 3734 τῆ
2657 3666 2825 3734 μητρὶ
2853 3663 3041 3717 αὐτοῦ.
3085 3682 3103 3714 ι
3136 3664 3245 3716 Καὶ
3270 3665 3328 3715 ἐν
3355 3665 3437 3734 τῷ
3464 3666 3686 3735 σταυρῷ
3738 3669 3881 3736 πρὸς
3922 3670 4012 3719 τὶν

2432 3756 2726 3825 μαθητήνο
2777 3774 2794 3806 ι
2847 3755 3002 3817 Ἰδοὺ,
3056 3756 3089 3824 ἡ
3125 3757 3307 3825 μήτηρ
3355 3771 3488 3808 σου·
3526 3775 3544 3808 ι
3600 3759 3691 3809 καὶ
3742 3758 3884 3827 πρὸς
3918 3760 4012 3829 τὴν

2428 3847 2683 3918 Μητέρα,
2713 3864 2731 3897 ι
2770 3846 2897 3900 Ἰδοὺ
2934 3848 2961 3899 6
2990 3846 3105 3907 υἱός
3128 3864 3243 3899 σου.
3277 3866 3295 3899 ι

735 3947 1088 4007 alllietantur,
1117 3952 1213 3997 aut
1246 3942 1480 3995 minore'
1510 3956 1640 3993 cura
1687 3950 2039 4009 premuntur,
2073 3944 2206 4008 quin
2259 3945 2463 4014 majore
2498 3945 2704 3997 multo:
2732 3942 3001 4012 siquidem
3035 3942 3111 3995 illi
3142 3957 3329 4005 carne,
3354 3929 3409 3995 hi
3448 3954 3630 3997 autem
3663 3944 3866 4013 Spiritu
3910 3960 4011 3997 nos

739 4045 1084 4107 regeneraut.
1120 4034 1243 4087 ll:cc
1269 4048 1435 4102 porro
1471 4032 1657 4086 omnia
1688 4049 1797 4086 non
1824 4048 2081 4087 sermone
2110 4036 2311 4099 solum,
2352 4037 2446 4091 sed
2510 4045 2568 4090 et
2604 4051 2769 4105 opere
2833 4049 2933 4088 nos
2962 4032 3159 4088 edocet
3203 4034 3494 4099 Dominus;
3538 4036 3611 4089 ait
3640 4036 3790 4089 enim
3858 4040 4009 4089 Seri-

738 4141 920 4201 ptura,
951 4133 1081 4199 quia
1108 4150 1125 4180 ‹
1159 4132 1426 4185 Subditus
1458 4140 1580 4185 erat
1617 4133 1761 4200 patri
1801 4142 1856 4185 et
1891 4134 2053 4185 matri
2092 4134 2287 4187 sum".
2316 4153 2334 4186 ›
2375 4134 2484 4188 Sed
2525 4143 2581 4188 et
2619 4135 2675 4188 in
2714 4148 2880 4187 cruce
2912 4131 2977 4185 ad
3004 4130 3336 4200 discipulum
3372 4148 3384 4182 :
3438 4152 3456 4182 ι
3500 4132 3640 4187 Ecce
3667 4143 4007 4195 matertuap

736 4237 793 4283 et
822 4229 887 4282 ad
928 4230 1156 4283 Matrem
1190 4246 1205 4283 :
1244 4249 1261 4280 ι
1284 4230 1421 4283 Ecce
1454 4230 1596 4283 ﬁlius
1632 4239 1759 4283 tuus
1782 4232 1849 4282 ⁷³.
1882 4250 1900 4281 ι
1931 4230 2034 4300 Ipsi
2060 4231 2231 4300 gloria
2270 4231 2322 4283 in

2429 4231 2572 4284 cula.
2606 4229 2801 4285 Amen.

1296 4320 1573 4373 "(lilan
1615 4320 1753 4374 CIX.

1102 4411 1472 4464 Reverentia»:
1513 4412 1688 4464 ιιι-ὑρνὶ
1726 4414 1953 4466 senibus.

3026 4320 3245 4372 ΛΟΓΟΣ
3275 4318 3398 4372 ΡΘ’.

2623 4412 2761 4479 Περὶ
2790 4410 2895 4465 τοῦ
2928 4412 3309 4464 εὐλαϐεῖσθαι
3340 4413 3807 4479 πρεσϐυτέρους.

812 4502 877 4557 Et
918 4502 1141 4572 quidem
1187 4518 1351 4556 senes
1396 4503 1638 4555 revereri
1688 4504 1867 4556 modis
1912 4505 2170 4560 omnibus
2214 4507 2322 4560 Deo

2498 4503 2612 4556 Καὶ
2651 4504 2711 4555 τὸ
2742 4502 3092 4555 εὐλαϐεῖσθαι
3128 4502 3462 4572 πρεσϐύτας,
3512 4503 3653 4555 πάνυ
3712 4505 4010 4574 εὐάρεστσν

736 4607 822 4651 est
852 4606 1168 4665 acceptum,
1195 4604 1251 4647 et
1283 4594 1608 4648 hominibus
1638 4595 2103 4649 conmiendabile.
2134 4596 2241 4650 Sed
2273 4606 2328 4650 ct

740 4690 1007 4742 honorem
1045 4686 1262 4741 deferre
1299 4702 1433 4740 sane
1470 4685 1720 4739 debitum
1758 4686 1958 4740 declivi
1990 4689 2101 4757 jam
2136 4705 2198 4743 ac
2233 4690 2328 4742 de,

738 4795 874 4833 vexa
902 4786 1064 4832 aetate
1089 4778 1247 4840 viris,
1275 4777 1643 4830 nihilominus
1669 4778 1781 4831 Deo
1808 4781 2137 4847 gratiosum,
2167 4782 2328 4836 nobis

740 4886 874 4924 vero
900 4871 1065 4923 nimis
1088 4884 1251 4938 quam
1281 4868 1698 4922 aecommodum
1721 4879 1776 4923 et
1800 4870 1951 4923 utile.
1982 4870 2089 4925 Nos
2119 4873 2325 4927 etenim

741 4964 787 5017 si
813 4962 1101 5029 continget
1131 4960 1197 5012 ad
1227 4974 1289 5013 ea
1321 4975 1497 5028 usque
1527 4968 1778 5028 tempora
1808 4976 2103 5029 prorogare
2129 4962 2319 5028 vitam,

740 5053 993 5108 eamdem
1035 5067 1291 5121 prorsum
1342 5051 1680 5120 recipiemus
1723 5052 2058 5107 mercedem.
2097 5053 2153 5107 Si
2191 5070 2324 5109 vero

742 5146 873 5200 hinc
906 5144 1222 5198 abeundum
1262 5145 1333 5198 sit
1369 5143 1698 5213 intempesta
1732 5153 1921 5208 aetate,
1961 5144 2324 5200 nihilominus

743 5252 936 5292 sumus
970 5237 1216 5290 habituri
1255 5237 1548 5289 Dominum
1585 5244 1835 5290 nostrum
1873 5238 2147 5291 mercedis
2182 5242 2327 5307 repi—

745 5336 1117 5398 gneratorem.
1148 5328 1206 5381 ln
1241 5328 1453 5382 utrovis
1487 5327 1602 5397 ipse
1636 5344 1868 5392 merces,
1904 5330 1999 5397 qui
2032 5339 2087 5382 ct
2121 5344 2330 5383 mercc-

751 5420 834 5475 dis
860 5420 1039 5489 digna:
1062 5426 1146 5473 est
1172 5418 1524 5483 distributor,
1554 5420 1669 5474 sive
1696 5421 1825 5475 hinc
1853 5437 2019 5475 senex
2047 5422 2327 5491 migrabis,

748 5511 862 5565 sive
893 5511 1072 5566 anatis
1108 5511 1263 5565 ﬂore.
1297 5511 1388 5565 Ait
1424 5512 1570 5565 enim
1611 5512 1701 5567 ille
1737 5531 1748 5566 :
1796 5532 1813 5564 σ
1855 5513 2329 5579 Quemadmodum

820 5643 865 5672 “
916 5643 1087 5699 Exod.
1116 5662 1205 5707 xx.
1248 5645 1329 5699 l2.

748 5712 789 5739 ⁷³
835 5713 1033 5779 Epltes.
1062 5733 1134 5773 vi,
1179 5719 1223 5773 Ι.
1248 5719 1309 5771 εἰ.

750 5780 921 5836 Marc.
946 5800 1044 5850 vn,
1069 5787 1217 5841 9-15.

1407 5649 1448 5676 ⁸⁷
1484 5647 1619 5701 ibid.
1662 5665 1771 5710 ut,
1807 5650 1886 5702 l7.

1388 5720 1431 5747 ⁷¹
1461 5718 1701 5778 l'l'ini.v,
1732 5720 1778 5769 6.
1820 5722 1862 5748 7"
1896 5721 2054 5773 Prov.
2086 5737 2171 5779 xv,
2212 5722 2300 5771 2".

1297 5788 1337 5817 ⁷⁷
1369 5787 1501 5842 Luc.
1538 5804 1595 5847 ll.
1628 5790 1716 5839 fil.

1967 5650 2012 5680 ⁸⁸
2056 5650 2158 5704 Isa.
2198 5666 2326 5711 XLV,
2370 5646 2469 5709 10;
2534 5664 2718 5707 xum,
2757 5649 2808 5700 4.

2380 5718 2422 5747 ⁷³
2444 5720 2604 5772 Prov.
2641 5735 2730 5786 xx,
2754 5724 2841 5772 ‘20.

1796 5791 1837 5817 7‘
1876 5790 2034 5843 .luan.
2069 5808 2178 5850 xm,
2215 5792 2305 5847 “lii.
2332 5788 2425 5841 Ἧ-

2426 4595 2505 4666 τῷ
2534 4594 2675 4664 Θεῷ,
2700 4594 2795 4646 καὶ
2828 4591 3141 4663 ἀνθρώποις
3162 4593 3470 4655 ἐπαινετὸν,
3500 4593 3678 4645 καὶτὸ
3715 4594 3817 4663 τὴν
3858 4595 4008 4661 ὀφει-

2426 4686 2661 4756 λομένην
2692 4684 2862 4752 τιμὴν
2898 4685 3200 4753 ἀπονέμειν
3247 4685 3358 4745 τοῖς
3395 4684 3671 4753 γέρουσιν,
3697 4685 3910 4752 ὁμοίως
3933 4686 4009 4754 τῷ

2426 4776 2547 4845 Θεῷ
2580 4775 2677 4845 μὲν
2725 4773 3272 4841 εὐαπὸδεκτον,ἡμῖν
3323 4774 3379 4825 δὲ
3426 4773 3548 4826 λίαν
3596 4775 3879 4844 χρήσιμον
3919 4778 4010 4828 καὶ

2426 4868 2722 4938 ὠφέλιμον.
2750 4867 2811 4918 Εἰ
2840 4867 2937 4935 μὲν
2960 4866 3070 4937 γάρ
3103 4866 3199 4919 καὶ
3218 4867 3383 4934 ἡμεῖς
3402 4866 3529 4927 τοὺς
3550 4866 3751 4927 αὐτοὺς
3780 4868 4011 4935 χρῦνους

2430 4956 2741 5027 βιώσωμεν,
2776 4957 2994 5020 πάντως
3026 4958 3123 5026 τὴν
3164 4957 3333 5027 αὐτὴν
3380 4958 3716 5029 ἀνταμοιϐὴν
3768 4958 4006 5028 ζξωμεν.

2430 5050 2493 5103 Εἰ
2526 5049 2581 5102 δὲ
2610 5049 2776 5119 ἀώρῳ
2811 5049 3000 5119 ἡλικίᾳ
3045 5048 3400 5117 ἀναλῦσωμεν
3457 5046 3733 5113 ἐντεῦθεν,
3792 5049 4008 5118 ἔχωμεν

2434 5142 2526 5195 τὸν
2560 5142 2764 5209 Κύριον
2793 5142 2952 5212 ἡμῶν
2989 5141 3414 5211 μισθαποδότην.
3450 5141 3560 5193 Καὶ
3580 5142 3637 5193 ἐν
3668 5141 4008 5211 ἀμφοτέροις

2433 5236 2530 5304 μὲν
2552 5237 2580 5287 6
2605 5234 2767 5297 αὐτὸς
2794 5234 2987 5304 μισθὸς
3004 5233 3410 5305 μισοοπάροχός
3426 5234 3598 5297 ἐστιν,
3620 5234 3734 5285 εἴτε
3757 5236 4010 5304 ὲνγήρει,

2429 5324 2540 5378 εἴτε
2573 5328 2631 5379 ὲν
2657 5326 2890 5395 νεότητι.
2922 5326 3092 5395 Φησὶν
3121 5326 3252 5397 γάρ,
3300 5344 3319 5377 ‹
3356 5327 3455 5378 ’ον
3484 5327 3686 5395 τρόπον
3716 5326 4012 5396 ἐποίησας,

2431 5419 2584 5472 ἔσται
2642 5436 2745 5474 σοι.
2783 5438 2802 5472 ι
2844 5420 3065 5490 Πρῶτος
3127 5420 3367 5489 Μωῡσῆς
3417 5418 3765 5481 ἐντέλλεται,
3814 5419 4010 5486 λέγων,

2437 5530 2457 5563 ι
2513 5511 2647 5565 ’Δπδ
2676 5512 2973 5584 προσώπου
3005 5504 3195 5565 πολιοῦ
3230 5510 3613 5582 ὲξαναστήσει,
3634 5511 3732 5562 καὶ
3756 5511 4013 5581 τιμήσας

2931 5648 3177 5701 “"Eccle.
3219 5664 3298 5707 ιιι,
3358 5646 3411 5699 6.
3519 5646 3562 5676 ⁷⁸
3606 5644 3886 5700 Eceli.|n.
3926 5646 4011 5696 ti.

2920 5720 2965 5750 ⁷⁵
2998 5720 3157 5771 I’rov.
3194 5735 3301 5780 xix,
3325 5717 3414 5769 ἐϋ.
3478 5716 3520 5743 ⁷⁸·
3545 5714 3739 5768 Matth.
3769 5718 4011 5781 nni-ir;
