4178 6424
245 422 382 486 1769

883 419 1209 481 HUMILIA
1249 418 1573 479 (JKx—DE
1618 412 2240 476 LONGANIMITATE
2279 415 2372 473 ΕΤ
2414 412 2856 472 ΙιῖΑΟΠΝΙΠΑ.

3366 410 3500 474 1770

238 536 537 606 πρόσωπον
569 530 958 601 πρεσϐυτέρου.
1006 548 1024 579 ι
1071 529 1131 580 ὐ
1165 528 1221 578 δὲ
1246 527 1368 579 Ἰὼϐ
1395 544 1408 557 ·
1442 547 1458 578 ι
1516 528 1607 579 Ἑν
1637 527 1816 596 πολλῷ

1923 525 2120 585 fmaisti,
2155 525 2239 578 ﬁet
2279 525 2462 579 tibi".
2498 543 2514 574 ι
2550 524 2771 577 Primus
2801 523 2977 575 Moses
3011 523 3235 576 mandat
3261 522 3454 576 dicens
3484 542 3497 576 :

237 625 439 693 χρόνῳ,
474 622 671 689 σοφία’
714 622 772 671 ἐν
826 619 882 671 δὲ
923 617 1106 686 πολὶῷ
1135 616 1256 685 βίῳ,
1296 617 1598 685 ἐπιστήμη.
1645 635 1661 665 ι
1709 618 1817 669 Καὶ

235 715 429 776 ἄλλος·
467 733 484 764 ι
548 713 820 779 Στέφανος
867 711 1141 780 γερόντων
1204 708 1550 779 πολυπειρία,
1611 710 1705 761 καὶ
1757 709 1819 761 τὸ

234 807 503 874 καύχημα.
556 801 756 864 αὐτῶν,
787 801 950 868 φόϐος
988 799 1212 869 Κυρίου.
1250 818 1266 850 ι
1308 800 1419 852 Καὶ
1453 800 1481 849 6
1558 798 1815 851 Ἀπόστο-

233 897 326 959 λος
359 895 610 965 Τιμοθέῳ
644 910 657 924 ⁸
700 913 717 943 ι
774 892 1135 961 Πρεσϐυτέρῳ
1192 890 1267 960 μὴ
1314 889 1646 962 ἐπιπλήξῃς,
1683 889 1820 943 ἀλλὰ

234 988 548 1055 παρακάλει
584 986 661 1046 ὡς
706 986 942 1052 πατέρα.
985 1003 1002 1034 ι
1054 983 1214 1034 Ἀλλὰ
1256 983 1474 1043 πάντως
1516 984 1663 1052 ἐρεῖς
1706 999 1815 1051 μοι,

239 1098 257 1126 ι
293 1078 412 1147 Χρὴ
462 1078 587 1138 τοὺς
645 1076 960 1144 πρεσϐύτας
1009 1075 1314 1143 νηφαλέους
1343 1069 1505 1137 εἷναι,
1560 1076 1815 1143 σεμνοὺς,

232 1169 578 1234 ὑγιαίνοντας
607 1172 672 1238 τῇ
716 1168 918 1229 πίστει,
946 1170 1012 1235 τῇ
1034 1166 1247 1236 ἀγάπῃ,
1286 1185 1304 1215 ι
1338 1166 1479 1218 κατὰ
1526 1166 1620 1217 τὸν
1661 1165 1819 1217 ’Λπό-

230 1260 447 1314 στολον.
482 1279 499 1310 ι
533 1260 714 1329 Γῆρας
736 1260 845 1326 γὰρ
867 1257 1055 1325 τίμιόν
1092 1259 1262 1316 ἐστιν,
1282 1258 1342 1309 οὐ
1363 1257 1423 1309 τὸ
1442 1255 1814 1325 πολυχρόνιον.

228 1351 368 1403 υῦὄὲ
405 1351 635 1420 ἀριθμὸς
672 1351 808 1403 ἐτῶν
848 1352 1127 1417 μετρεῖται
1149 1366 1163 1380 ·
1192 1349 1377 1401 πολιαὶ
1426 1349 1486 1400 δέ
1519 1349 1659 1399 εἰσιν
1687 1347 1818 1415 φρό-

229 1438 390 1507 νησις
422 1438 757 1509 ἀνθρώποις,
792 1441 886 1492 καί
908 1438 1096 1507 ἡλικία
1129 1440 1355 1508 γήρους,
1386 1436 1500 1505 βίος
1546 1434 1817 1505 ἀκηλίδω-

226 1547 345 1593 τος,
388 1550 405 1581 ι
435 1530 572 1583 κατὰ
594 1530 690 1599 τὴν
720 1530 966 1599 Γραφήν.
999 1530 1170 1582 Τοῦτο
1198 1531 1297 1597 οὑχ
1328 1529 1487 1598 ἡμῶν
1510 1530 1660 1580 ἐστιν
1699 1530 1818 1597 κρῖ-

228 1640 342 1685 ναι,
385 1623 519 1675 ἀλλὰ
537 1622 632 1674 τοῦ
669 1623 1063 1692 δοκιμάζοντος
1090 1623 1188 1682 τὰς
1212 1620 1449 1690 καρδίας
1466 1619 1627 1688 ἡμῶν
1654 1619 1813 1671 Θεοῦ.

240 1714 436 1782 ἠμῶν
479 1714 533 1766 δέ
562 1717 681 1767 ἐστι
712 1717 876 1767 πᾶσιν
920 1714 1212 1766 ἀποδοῦναι
1254 1713 1353 1775 τὰς
1383 1712 1624 1780 ὀφειλὰς,
1671 1730 1689 1763 ι
1726 1711 1817 1781 Τῷ

225 1808 322 1857 τὸν
365 1804 550 1873 φόϐον,
571 1804 648 1873 τῷ
674 1804 851 1873 φόϐῳ·
893 1804 972 1874 τῷ
994 1804 1093 1873 τὴν
1114 1803 1301 1871 τιμὴν,
1339 1804 1406 1871 τῇ
1435 1804 1567 1870 τιμῇ
1589 1819 1602 1830 .
1635 1801 1696 1853 οὐ
1729 1801 1817 1870 μό,

228 1912 322 1946 νον
352 1898 466 1957 τοῖς
505 1895 731 1961 ἀγαθοῖς
753 1895 846 1947 καὶ
885 1894 1209 1957 ἐπιεικέσιν,
1248 1894 1384 1947 ἀλλὰ
1416 1896 1508 1948 καὶ
1538 1898 1653 1955 τοῖς
1686 1911 1814 1945 axo-

227 1986 387 2048 λιοίς.
440 2004 456 2037 ι
496 1987 605 2037 Καὶ
653 1988 721 2055 τῇ
746 1986 1073 2056 φιλαδελφίᾳ
1110 1988 1189 2048 εἰς
1214 1984 1476 2055 ἀλλήλους
1536 1985 1815 2053 φιλόστορ-

229 2096 344 2145 γοι,
370 2097 387 2129 ι
426 2080 504 2147 Τῇ
528 2081 663 2148 τιμῇ
687 2077 953 2146 ἀλλήλους
982 2077 1411 2147 προηγούμενοι.
1454 2096 1470 2127 ι
1500 2077 1815 2146 Γέγραπται

226 2172 344 2241 γάρ
371 2187 384 2201 ο
424 2176 446 2220 ἰ
493 2172 611 2233 Υἱὲ,
658 2173 756 2224 ἐὰν
789 2171 953 2238 σοφὸς
988 2171 1088 2240 ἔσῃ
1109 2170 1346 2239 σεαυτῷ,
1381 2170 1544 2237 σοφὸς
1594 2168 1691 2239 ἔσῃ
1725 2170 1817 2221 καὶ

222 2267 344 2327 τοῖς
378 2264 608 2332 πλησίον
645 2279 740 2315 σου
762 2280 774 2292 ·
809 2265 904 2317 ἐὰν
933 2263 989 2315 δὲ
1019 2263 1190 2325 κακδς
1229 2262 1462 2332 amem.
1522 2261 1684 2330 μόνος
1722 2264 1815 2314 ἁν-

224 2358 453 2425 τλήσεις
492 2356 561 2409 τὰ
597 2355 762 2408 κακά.
825 2374 844 2406 ι
890 2354 1171 2415 Ὡσαύτως
1210 2355 1307 2407 καί
1362 2356 1391 2406 6
1421 2354 1659 2423 Πέτροςο
1696 2373 1714 2405 ι
1752 2355 1815 2407 Oi

224 2446 487 2517 νεώτεροι
515 2446 828 2516 ὑποτάγητε
857 2445 1256 2517 πρεσϐυτέροις
1276 2462 1290 2475 '
1327 2447 1530 2508 πάντες
1553 2447 1611 2499 δὲ
1638 2449 1695 2498 ἐν
1722 2446 1818 2502 ἀλ-

224 2540 416 2609 λήλοις
470 2538 568 2608 τὴν
609 2538 1114 2608 ταπεινοφροσύνην
1172 2536 1595 2605 ὲγκολπίσασθε,
1659 2537 1742 2589 ὅτι
1791 2539 1819 2590 6

225 2632 365 2694 Θεὸς
391 2631 767 2700 ὐπερηφάνοις
798 2631 1218 2693 ἀντιτάσσεται,
1252 2632 1534 2692 ταπεινοῖς
1567 2629 1623 2681 δὲ
1636 2628 1819 2681 δίδωσι

229 2723 416 2793 χάριν.
443 2721 830 2793 Ταπεινώθητε
854 2719 950 2775 οὖν
976 2722 1081 2774 ὑπὸ
1106 2722 1203 2791 τὴν
1228 2722 1499 2791 κραταιὰν
1530 2722 1689 2790 χεῖριι
1723 2719 1818 2771 τοῦ

229 2812 394 2877 Θεοῦ,
435 2814 517 2866 ἵνα
551 2815 695 2882 ὑμᾶς
733 2812 924 2882 ὑψώσῃ
952 2813 1011 2863 ὲν
1046 2811 1242 2881 καιρῷ.
1283 2830 1301 2861 ι
1330 2811 1541 2880 Πρέπει
1573 2810 1669 2864 οῦν
1707 2812 1819 2873 τοῖς

232 2906 583 2974 Χριστιανοίς
639 2905 828 2967 πᾶσιν,
884 2902 1179 2955 ἀποδοῦναι
1211 2902 1313 2964 τὰς
1348 2902 1594 2971 ὀφειλάς.
1649 2901 1822 2955 Τοῦτο

232 2996 348 3064 γὰρ
395 2995 455 3057 ἐξ
514 2994 681 3047 αὑτοῦ
735 2994 828 3048 τοῦ
859 2995 1068 3065 Κυρίου
1102 2994 1199 3046 καὶ
1244 2994 1382 3046 Θεοῦ
1438 2995 1532 3047 καὶ
1564 2994 1821 3063 Σωτῆρος

235 3084 399 3155 ἡμῶν
428 3085 603 3155 Ἰησοῦ
660 3084 902 3150 Χριστοῦ
963 3082 1357 3153 παιδευόμεθα.
1415 3084 1513 3135 Διὰ
1564 3082 1672 3152 γὰρ
1724 3081 1822 3152 τὴν

1929 635 1945 666 ι
1980 619 2022 670 Δ
2056 619 2191 672 l'acie
2222 620 2343 671 eam
2376 618 2574 687 capitis
2605 631 2928 685 consurges,
2961 624 3016 667 et
3046 615 3350 669 honorabis
3381 616 3501 668 vul-

1922 719 2037 761 tum
2073 709 2391 762 senioris”.
2437 730 2451 759 ι
2492 709 2597 763 Joh
2636 723 2767 761 vero
2808 724 2819 759 :
2862 726 2880 756 ι
2923 706 2982 759 ln
3018 706 3193 759 multo
3230 714 3499 776 tempore,

1919 800 2223 868 sapientia.
2254 810 2308 853 ct
2340 800 2391 852 in
2425 801 2535 852 vita
2569 790 2899 869 prolixiorc,
2934 796 3165 850 scicntia
3186 798 3254 850 ⁸⁸.
3292 816 3309 849 ι
3346 798 3504 852 Alius

1921 894 2050 946 item
2082 908 2096 944 :
2135 913 2151 942 ι
2188 893 2402 945 Corona
2436 908 2659 955 senum,
2693 892 2862 946 multa
2897 890 3130 959 peritia,
3162 897 3219 943 et
3247 891 3503 960 gloriatio

1919 999 2112 1037 eorum
2148 984 2312 1036 timor
2342 983 2558 1037 Domini
2583 985 2649 1035 ⁸⁸.
2687 1004 2704 1034 ι
2740 984 3039 1053 Apostolus
3064 983 3291 1050 insuper
3318 983 3503 1035 Timou

1923 1074 2049 1126 then
2085 1092 2096 1125 :
2139 1093 2155 1123 ι
2194 1073 2484 1127 Seniorem
2522 1088 2589 1126 ne
2626 1073 3021 1142 inerepaveris,
3054 1074 3149 1128 sed
3186 1073 3413 1127 obsecra
3444 1083 3505 1128 ut

1921 1173 2133 1231 patrem
2158 1164 2225 1215 ⁸³.
2260 1181 2277 1213 ι
2308 1163 2548 1217 Omnino
2572 1161 2708 1219 illud
2733 1163 2916 1216 lorsan
2937 1164 3213 1233 objeceris
3240 1182 3251 1216 :
3286 1183 3303 1215 ι
3331 1163 3505 1233 Opor-

1923 1264 1999 1307 tet
2042 1270 2203 1308 senes
2247 1256 2465 1309 sobrios
2506 1270 2651 1317 esse,
2692 1261 2895 1317 castos,
2931 1270 3094 1309 sanos
3134 1256 3239 1309 ﬁde
3275 1266 3333 1310 et
3366 1257 3507 1311 dile-

1919 1345 2101 1398 ctione
2128 1348 2207 1404 ⁸η.
2265 1366 2282 1396 ι
2332 1348 2487 1415 juxta
2541 1347 2791 1415 ejusdem
2843 1346 3093 1414 Apostoli
3144 1356 3500 1402 sententiam.

1926 1456 1943 1487 ι
1973 1440 2245 1491 Senectus
2272 1441 2420 1493 enim
2452 1439 2794 1493 honorabilis
2819 1449 2903 1493 est
2934 1456 3043 1492 non
3077 1440 3340 1493 diuturna
3360 1482 3374 1506 ,
3406 1457 3505 1495 ne-

1918 1545 2025 1598 que
2062 1546 2333 1583 annorum
2377 1546 2610 1584 numero
2644 1539 2994 1599 computata,
3031 1532 3154 1585 cani
3192 1532 3340 1585 enim
3378 1542 3508 1587 sunt

1918 1635 2117 1675 sensus
2162 1622 2431 1684 hominis,
2471 1630 2528 1675 et
2565 1630 2699 1676 mtas
2740 1623 3046 1676 senectutis
3086 1623 3196 1676 vita
3242 1624 3508 1677 immacu-

1918 1712 2047 1773 lata,
2086 1731 2102 1762 ι
2135 1714 2291 1782 juxta
2323 1714 2666 1782 Scripturam
2683 1714 2748 1767 ⁸⁸.
2784 1714 3000 1768 Nostra:
3027 1731 3135 1768 non
3164 1724 3248 1769 est
3275 1716 3507 1770 faculta-

1921 1803 2012 1866 tis,
2042 1804 2406 1871 pronuntiare
2431 1804 2501 1859 de
2529 1805 2828 1875 ejusmodi,
2856 1806 3031 1875 magis
3054 1819 3239 1860 autem
3269 1809 3386 1870 Dei,
3411 1808 3505 1876 qni

1918 1894 2113 1961 probat
2143 1894 2308 1948 corda
2339 1904 2531 1949 nostra
2561 1913 2576 1948 :
2606 1903 2808 1950 nostrae
2837 1905 3023 1951 autem
3051 1896 3357 1951 {unctionis
3389 1899 3509 1952 uni-

1918 1989 2147 2043 cuilibet
2181 1989 2413 2043 reddere
2446 2004 2543 2044 sua
2575 1990 2761 2045 debita
2795 2010 2806 2044 :
2843 2010 2861 2043 ι
2893 1991 2994 2045 Cui
3031 1992 3308 2056 timorem,
3340 1993 3507 2047 timo-

1920 2096 2033 2133 rem
2067 2099 2077 2132 :
2107 2081 2198 2134 cui
2232 2082 2522 2145 honorem,
2560 2082 2825 2136 honorem
2862 2100 2875 2131 τ
2910 2099 3022 2138 non
3052 2085 3231 2137 solum
3265 2085 3426 2140 bonis
3452 2094 3508 2140 et

1918 2171 2205 2237 modestis,
2238 2171 2333 2226 sed
2366 2179 2423 2226 et
2450 2172 2691 2242 dyscolis
2713 2171 2780 2226 ⁸⁸.
2819 2193 2837 2224 ι
2876 2174 2982 2227 Sed
3011 2185 3067 2229 et
3095 2175 3343 2229 fraterna
3378 2178 3502 2231 cha-

1921 2263 2083 2315 ritate
2118 2263 2353 2318 invicem
2384 2264 2638 2318 benevoli
2673 2282 2685 2317 :
2724 2282 2741 2315 ι
2780 2264 2999 2320 Honore
3031 2265 3268 2320 invicem
3302 2284 3510 2336 praeve-

1919 2356 2138 2408 nientes
2157 2356 2221 2409 ⁸⁷.
2258 2376 2276 2405 ›
2308 2354 2586 2425 Scriptum
2612 2357 2818 2426 quippe
2845 2366 2930 2411 est
2958 2376 2969 2410 :
3006 2377 3024 2409 ι
3056 2359 3181 2421 Fili,
3209 2361 3255 2414 si
3285 2362 3511 2429 sapiens

1920 2447 2119 2511 fueris,
2156 2447 2255 2500 tibi
2294 2447 2398 2515 ipsi
2435 2447 2549 2501 eris
2582 2456 2636 2501 et
2672 2448 2924 2516 proximo
2958 2466 2969 2501 :
3002 2449 3045 2501 si
3083 2458 3269 2504 autem
3305 2453 3507 2516 malus,

1921 2535 2197 2598 interibis,
2218 2543 2276 2588 et
2304 2538 2454 2589 solus
2483 2536 2783 2589 exhaurics
2814 2537 2952 2590 mala
2971 2538 3037 2590 ".
3070 2558 3086 2587 ι
3115 2539 3228 2592 Nec
3257 2540 3511 2594 diversus

1922 2627 2037 2679 abit
2062 2627 2257 2681 Petrus
2288 2644 2299 2678 :
2337 2646 2352 2677 ι
2380 2627 2661 2693 Juniores,
2691 2628 2926 2697 subjecti
2952 2636 3126 2683 estote
3154 2631 3470 2684 senioribus
3497 2650 3509 2683 :

1926 2732 2119 2769 omnes
2151 2703 2334 2770 autem
2367 2718 2607 2772 invicem
2637 2719 3008 2773 humilitatem
3045 2721 3353 2778 insinuate.
3385 2723 3512 2792 quia

1927 2806 2073 2861 Deus
2115 2809 2376 2877 superbis
2417 2810 2650 2874 resistit,
2691 2810 2997 2865 humilibus
3034 2823 3218 2866 autem
3259 2814 3353 2866 dat
3396 2830 3513 2884 gra-

1925 2901 2078 2955 tiam.
2122 2901 2336 2973 1204
2372 2902 2751 2957 llumiliamini
2787 2918 2920 2972 ergo
2956 2904 3061 2957 sub
3097 2906 3306 2972 potenti
3350 2921 3512 2959 manu

1923 2992 2041 3055 Dei,
2073 3004 2132 3047 ut
2163 2996 2369 3047 exaltct
2401 3011 2499 3048 vos
2533 2995 2586 3047 in
2626 3003 2875 3063 tempore
2903 2998 2968 3048 "’.
3012 3014 3030 3044 ι
3069 2996 3315 3051 Addccet
3351 2997 3515 3067 igitur

1924 3098 2026 3136 nos
2067 3084 2161 3152 qui
2202 3083 2502 3138 Christiani
2552 3100 2777 3149 sumus,
2822 3086 3058 3155 singulis
3102 3088 3413 3158 quibusque
3457 3098 3515 3143 ut

233 3178 447 3242 ἄφατον
475 3174 643 3227 αὐτοῦ
679 3175 815 3245 πρὶς
847 3174 1003 3244 ήμῶν
1076 3173 1520 3241 συγκατάὸασιν,
1563 3174 1664 3226 οὐκ
1716 3175 1821 3225 ἁπ-

1931 3174 2229 3229 rcddamus
2259 3176 2471 3230 debita.
2498 3176 2633 3231 Nam
2664 3187 2723 3231 et
2753 3178 2856 3233 hoc
2888 3179 2957 3232 ab
2993 3179 3113 3249 ipso
3141 3180 3376 3235 Domino
3406 3182 3516 3236 Deo

233 3267 472 3336 ηξίωσεν
504 3266 911 3335 παραγενέσθαι
938 3266 1071 3337 πρὸς
1110 3266 1389 3334 Ἰωάννην,
1406 3265 1501 3317 τοῦ
1524 3264 1822 3333 βαπτισθῆο

236 3378 329 3412 ναι
354 3360 446 3411 ὑπ’
476 3358 664 3411 αὐτοῦ.
686 3358 743 3411 '0
774 3358 830 3410 δὲ
853 3357 1148 3410 διεκώλυεν
1178 3357 1367 3420 αὑτὸν,
1396 3356 1598 3424 λέγων·
1637 3375 1654 3408 ι
1683 3356 1827 3423 Ἐγὼ

235 3451 433 3520 χρείαν
464 3450 572 3519 ἔχω
608 3450 712 3501 ὑπὸ
742 3448 837 3501 σοῦ
867 3449 1258 3518 βαπτισθῆναι,
1304 3450 1395 3502 καὶ
1429 3449 1494 3501 σὺ
1522 3448 1656 3518 ἔρχῃ
1691 3448 1828 3515 πρός

238 3560 310 3611 με
336 3560 349 3607 ;
391 3562 410 3592 ι
441 3545 468 3594 6
501 3542 556 3593 δὲ
584 3541 866 3609 Δεσπότης
897 3540 976 3611 τῷ
1006 3539 1199 3608 δούλῳο
1243 3559 1261 3590 ι
1299 3540 1470 3606 ’Ἄφες
1504 3538 1659 3606 ἄρτιο
1686 3536 1829 3590 οὕτω

234 3634 351 3703 γὰρ
383 3634 593 3704 πρέπον
635 3635 766 3703 ἡμῖν
806 3634 956 3685 ἐστιν
999 3632 1290 3702 πληρῶσαι
1326 3632 1505 3683 πᾶσαν
1553 3629 1827 3682 δικαιοσύ-

234 3740 360 3794 νην.
405 3743 421 3774 ι
458 3725 616 3793 Αὑτῷ
638 3724 818 3794 ήδόξα
850 3726 928 3786 εἰς
963 3725 1089 3786 τοὺς
1121 3723 1345 3784 αἰῶνας.
1389 3720 1583 3791 Ἀμήν.

856 4026 1076 4080 ΛΟΓΟΣ
1102 4026 1203 4078 Pl'.

490 4146 629 4212 Περὶ
656 4143 1077 4214 μακροθυμίας
1106 4141 1202 4194 καί
1236 4140 1587 4209 ὀξυχολιας.

318 4258 499 4310 Πᾶσαι
526 4257 624 4325 μὲν
649 4255 706 4308 αἱ
747 4255 945 4326 ἀρεταὶ
990 4253 1295 4316 ἐπαινετοὶ,
1325 4253 1421 4304 καὶ
1453 4251 1825 4304 εὐαπόδεκτοι.

250 4348 315 4402 Ὀ
331 4347 389 4400 δὲ
418 4346 775 4417 μακρόθυμος
794 4346 889 4397 καὶ
918 4346 1196 4414 ἁόργητος
1231 4344 1331 4414 μὲν
1364 4337 1519 4404 οὗτος
1551 4342 1715 4410 σοφὸς
1733 4343 1829 4396 καὶ

237 4440 489 4502 συνετὸς,
537 4438 850 4508 ἁπέρπερός
908 4454 969 4489 τε
1025 4436 1116 4489 καὶ
1157 4436 1429 4505 ἐπιεικής.
1474 4435 1532 4487 '0
1589 4433 1831 4496 τοιοῦτος

1931 3276 1989 3320 et
2025 3266 2312 3322 Salvatore
2350 3280 2543 3322 nostro
2576 3270 2705 3323 Jesu
2740 3269 2964 3325 Christo
3002 3272 3331 3326 instruimur
3371 3291 3382 3325 :
3422 3288 3513 3342 per

1930 3358 2266 3414 incﬂ'abilem
2307 3364 2453 3415 enim
2498 3377 2653 3415 suam
2688 3362 2755 3416 ad
2792 3360 2894 3416 hos
2928 3362 3303 3431 dignationem
3327 3406 3341 3428 ,
3381 3365 3515 3419 nihil

1931 3449 2217 3518 indignum
2253 3452 2414 3505 duxit
2444 3452 2711 3507 Joannem
2747 3463 2807 3508 ut
2840 3454 3038 3518 adiret,
3074 3456 3142 3509 ab
3179 3456 3298 3525 ipso
3335 3457 3517 3527 bapti-

1930 3542 2158 3596 zandus.
2189 3542 2285 3597 Ille
2319 3560 2486 3613 porro
2520 3544 2854 3613 prohibebat
2886 3562 3041 3610 eum,
3078 3547 3268 3601 dicens
3302 3566 3315 3601 :
3353 3567 3370 3599 ι
3406 3549 3516 3617 Ege

1930 3648 2070 3702 opus
2100 3635 2279 3689 habeo
2306 3652 2335 3689 a
2367 3643 2420 3689 te
2447 3636 2738 3705 baptizari,
2766 3650 2821 3691 et
2851 3647 2908 3690 tu
2941 3639 3095 3691 venis
3122 3638 3188 3692 ad
3223 3640 3339 3692 me?
3365 3624 3517 3693 »Βυ-

1843 3798 1846 3803 .
1932 3724 2118 3778 minus
2151 3733 2333 3777 autem
2370 3740 2529 3779 servo
2564 3742 2579 3778 :
2620 3744 2638 3775 ι
2674 3725 2805 3780 Sine
2840 3742 2988 3780 nunc
3020 3742 3033 3779 :
3063 3728 3142 3781 sic
3175 3729 3321 3782 enim
3358 3729 3514 3783 decet

1932 3832 2032 3869 nos
2058 3816 2286 3884 implere
2316 3831 2536 3872 omnem
2561 3818 2831 3887 justitiam
2850 3819 2915 3873 '°.
2952 3838 2969 3871 ι
3004 3821 3110 3890 Ipsi
3140 3821 3313 3890 gloria
3341 3822 3395 3875 in
3422 3838 3519 3876 sa:-

1931 3906 2074 3960 cula.
2105 3905 2300 3959 Amen.

2506 4023 2789 4077 llOMlLIA
2828 4023 2941 4077 CX.

1937 4135 2011 4189 De
2051 4136 2463 4204 longanimitate
2499 4138 2606 4191 sive
2645 4136 2862 4192 leuitate
2901 4140 3089 4204 animi,
3120 4149 3169 4194 et
3209 4140 3514 4196 iracundia.

2004 4247 2253 4301 Virtutes
2281 4247 2504 4315 quidem
2535 4263 2731 4302 omnes
2759 4249 2922 4304 laude
2954 4259 3011 4304 et
3039 4253 3517 4310 commendatione

1932 4353 2058 4392 cum
2088 4339 2281 4407 primis
2307 4339 2486 4408 digna:
2509 4350 2639 4393 sunt
2671 4358 2683 4394 :
2713 4343 2807 4410 qui
2837 4352 3023 4397 autem
3054 4344 3306 4412 placabili
3333 4347 3517 4401 animo

1932 4438 2039 4492 est,
2066 4444 2167 4482 nec
2197 4428 2263 4481 ad
2297 4430 2434 4482 iram
2465 4430 2595 4484 ullis
2623 4432 2916 4500 prolicitur
2941 4435 3304 4503 quantislibet
3331 4438 3515 4506 pulsa-

236 4532 515 4587 πάντοθεν
565 4531 930 4599 κεκόσμηται,
968 4526 1065 4581 καὶ
1105 4528 1170 4579 ἐκ
1206 4526 1309 4595 τῆς
1373 4525 1509 4587 ἰδίας
1548 4523 1821 4593 μακροθυ-

1937 4526 2025 4573 tus
2066 4519 2305 4589 injuriis,
2349 4521 2475 4574 talis
2521 4522 2711 4591 utique
2753 4525 2975 4594 sapiens
3016 4525 3371 4596 prudensquc
3411 4538 3515 4591 est.

240 4625 375 4695 μίας
400 4621 656 4692 οἰκοδομὴ
688 4623 801 4683 τοῖς
827 4620 1064 4688 πλησίον
1102 4618 1337 4686 γίνεται,
1382 4616 1481 4669 καὶ
1509 4615 1827 4685 εὑρίσκεται

236 4716 337 4770 τοῦ
373 4713 733 4785 μακροθύμου
770 4711 906 4764 Θεοῦ
944 4711 1157 4775 τέκνον,
1190 4708 1285 4762 τοῦ
1314 4709 1580 4778 φέροντος
1629 4706 1716 4759 ἀεὶ
1759 4704 1826 4757 τὰ

236 4804 605 4873 ἐλαττώματα
659 4801 839 4872 ἡμῶν.
882 4818 900 4850 t
938 4798 1158 4852 Γίνεσθε
1198 4797 1343 4866 γὰρ,
1389 4796 1576 4865 φησὶν,
1613 4794 1825 4858 τέλειοι,

235 4898 314 4959 ὼς
347 4898 377 4949 6
417 4895 604 4964 Πατὴρ
627 4894 783 4962 ὑμῶν
812 4894 840 4945 6
866 4892 1138 4962 οὐράνιος.
1173 4910 1191 4942 ι
1248 4891 1460 4958 Ὥσπερ
1505 4888 1614 4959 γὰρ
1678 4887 1828 4957 πηγὴ

241 4985 620 5057 ήσυχάζουσα,
660 4985 828 5036 πᾶσιν
859 4985 974 5045 τοῖς
1005 4980 1292 5051 περιοῦσιν
1339 4979 1614 5049 προσηνὲς
1668 4975 1830 5029 ποτὸν

236 5077 500 5149 παρέχει,
529 5074 704 5138 οὕτως
730 5076 759 5127 6
792 5072 1144 5144 μακρόθυμος
1167 5072 1305 5141 ἀνὴρ
1340 5072 1452 5133 τοῖς
1487 5072 1654 5122 πᾶσιν
1679 5068 1827 5136 ὠφέ-

234 5171 403 5237 λιμος
431 5167 690 5238 ὑπάρχει.
717 5165 825 5219 Τοῦ
859 5163 1108 5234 μακροθύ
1120 5181 1221 5234 μου
1246 5164 1306 5215 τὸ
1363 5164 1679 5232 πρόσωπον,
1732 5160 1830 5213 καὶ

233 5261 301 5313 τὸ
325 5254 462 5329 ἦθος
494 5258 583 5311 ἀεὶ
605 5256 1071 5326 κατεσταλμένον,
1117 5256 1211 5307 καὶ
1244 5256 1290 5306 oi
1327 5253 1598 5321 ὀφθαλμοὶ
1636 5251 1827 5315 αὐτοῦ,

236 5348 521 5418 προσηνὲς
546 5346 861 5415 βλέπουσιν.
896 5346 1268 5416 Μακρόθυμος
1298 5344 1409 5415 γὰρ
1442 5345 1603 5414 ἀνὴρ,
1638 5342 1825 5412 φησὶν,

242 5440 417 5501 πολὺς
438 5441 496 5491 ὲν
515 5439 812 5508 φρονήσει·
842 5440 869 5490 ὁ
896 5438 952 5490 δὲ
986 5438 1331 5505 ὀλιγόφυχος,
1366 5436 1585 5505 ἰσχυρὸς
1614 5433 1826 5503 ἄφρων.

252 5533 316 5587 '0
362 5530 739 5601 μακρόθυμος,
788 5528 1043 5599 γαληνὸς,
1082 5529 1379 5598 ἅτάραχος,
1440 5525 1711 5596 βασταγὺς
1743 5524 1830 5578 ἀεὶ

348 5688 395 5719 ⁷⁸
435 5688 576 5743 Tob.
603 5704 677 5751 tv,
713 5686 811 5751 16;
846 5686 1039 5741 Matth.
1069 5702 1162 5752 vn,
1192 5685 1290 5749 ης
1328 5683 1466 5739 Luc.
1500 5700 1571 5747 vt,
1606 5682 1695 5737 51.

238 5760 290 5795 ⁸³
332 5760 351 5814 l
381 5758 522 5812 Tim.
552 5775 605 5823 ν,
633 5759 683 5811 l.

1800 5681 1845 5711 ⁸ο
1904 5679 2085 5735 Levit.
2116 5696 2229 5744 XIX,
2257 5678 2348 5735 52.

1931 4607 2118 4661 minus
2146 4623 2389 4676 praeceps
2416 4608 2511 4662 sed
2545 4610 2885 4665 moderatus.
2914 4613 3063 4666 Talis
3089 4615 3239 4667 onmi
3271 4631 3335 4668 ex
3367 4627 3517 4684 parte

1924 4697 2233 4767 perpolitus
2259 4709 2346 4754 est
2375 4706 2432 4753 et
2462 4706 2721 4763 ornatus,
2750 4715 2815 4755 ac
2842 4701 3071 4770 prepria
3100 4702 3518 4772 longanimitate

1927 4806 2265 4861 magnopere
2298 4792 2536 4847 aedificat
2570 4794 2872 4863 proximos,
2906 4795 3139 4865 ejusque
3174 4798 3517 4866 comperitur
3550 4808 3553 4809 '

1925 4895 2048 4935 esse
2082 4879 2265 4945 ﬁlius,
2302 4881 2397 4950 qui
2432 4883 2588 4935 nullo
2622 4898 2730 4936 non
2772 4892 3020 4953 tempore
3056 4896 3275 4939 nostros
3310 4885 3519 4955 perfert

1934 4970 2328 5041 longanimiter
2355 4972 2605 5027 defectus
2640 4991 2650 5025 :
2682 4974 2778 5041 qui
2812 4984 2869 5027 et
2901 4974 2979 5028 ait
3012 4993 3023 5026 :
3060 4993 3078 5025 ι
3115 4976 3301 5030 Estote
3336 4977 3517 5045 perfe-

1934 5063 2031 5125 cti,
2060 5063 2206 5117 sicut
2234 5064 2397 5118 Pater
2423 5074 2608 5119 vester
2634 5066 2875 5119 caelestis
2895 5067 2961 5118 ⁹¹.
2997 5086 3015 5116 ι
3045 5065 3517 5131 Quemadmodum

1932 5155 2081 5209 enim
2120 5155 2244 5209 fons
2277 5155 2573 5210 silentibus
2607 5158 2880 5211 scatebris
2913 5158 3322 5227 praeterﬂuens,
3359 5170 3522 5228 quot-

1931 5258 2069 5315 quot
2095 5264 2155 5303 se
2183 5249 2420 5312 adeunt,
2457 5256 2748 5303 ultroneus
2776 5253 3000 5320 praefert
3026 5265 3248 5305 suavem
3282 5262 3469 5320 potum
3502 5269 3515 5305 :

1930 5343 2009 5394 ita
2042 5349 2098 5395 et
2122 5341 2207 5394 vir
2233 5340 2567 5410 longanimis
2595 5356 2659 5395 ac
2688 5342 2958 5411 placidus.
2988 5341 3108 5411 Ipse
3137 5342 3324 5396 vultus
3352 5351 3518 5411 atque

1933 5433 2151 5487 indoles
2180 5432 2282 5485 viri
2314 5431 2395 5485 sic
2422 5444 2623 5486 cuncta
2655 5433 3045 5501 longanimiter
3074 5432 3362 5487 tolerantis
3400 5448 3518 5485 mo-

1932 5525 2277 5580 derationem
2303 5524 2473 5578 animi
2500 5525 2835 5594 promittunt
2858 5541 2922 5579 ac
2947 5533 3365 5595 repraesentant.
3392 5525 3522 5595 Ipsi-

2456 5678 2495 5709 "
2542 5679 2645 5735 Job
2676 5695 2839 5745 xxx",
2872 5679 2924 5732 7.
3027 5680 3071 5710 υ
3112 5678 3285 5734 Eccli.
3313 5696 3437 5743 xxv,
3466 5681 3519 5735 8.

786 5749 835 5788 ‘3
876 5757 986 5810 Tit.
1016 5773 1073 5818 ll,
1100 5749 1157 5811 2.
1232 5757 1276 5787 ⁸⁸
1316 5754 1443 5824 Sap.
1475 5770 1547 5818 iv,
1582 5750 1758 5824 8:"
1790 5751 1819 5824 il

1928 5759 2086 5824 ιιρχιι,
2122 5750 2207 5804 18.
2285 5750 2331 5780 ⁸⁷
2374 5749 2535 5803 Rom.
2567 5766 2659 5815 xu,
2694 5750 2781 5804 l0.
2859 5750 2906 5780 ⁸⁸
2948 5750 3112 5805 Prov.
3142 5766 3300 5818 nm,
3334 5750 3401 5805 15
3432 5751 3517 5806 lG.

241 5830 290 5864 "
331 5830 353 5885 ι
391 5830 536 5885 Petr.
565 5821 618 5892 ν,
644 5829 698 5892 5,
727 5829 781 5883 6.
857 5829 902 5858 ”°
944 5827 1138 5882 Matth.
1169 5842 1244 5881 ιιι.
1278 5825 1366 5888 14,
1390 5821 1487 5879 Ἰξὶ.
1565 5824 1607 5855 θ’
1651 5822 1842 5877 Matth.
1876 5837 1929 5887 v,
1960 5821 2047 5875 48.

572 5924 840 5984 ΡΑτιιοι..
894 5924 1008 5985 Gn.
1049 5920 1379 5983 LXXXIX.

3123 5916 3198 5979 56
