4178 6424
748 387 873 449 1771

2010 386 2375 448 ANTIOCHI
2418 384 2757 447 MONACIII

3869 386 3992 449 177?.

741 514 849 567 que
874 495 1017 550 oculi
1048 493 1259 565 placide
1285 509 1349 548 ac
1374 494 1574 549 leuiter
1600 501 1936 562 respectant.
1966 492 2303 561 Longanimis

2422 492 2759 557 εὑρίσκεται,
2819 492 2889 545 τά
2918 492 3113 546 ἑαυτοῦ
3159 494 3393 548 πάντοτε
3431 497 3741 566 προσέχων,
3772 498 3897 566 οὐχὶ
3925 499 3990 549 τά

739 590 887 643 enim
913 588 999 641 vir
1023 589 1233 641 multus
1257 594 1340 640 cst
1369 586 1422 638 iu
1453 584 1768 654 prudentia,
1796 584 2159 654 pusillanimis
2186 598 2315 635 vero

740 680 897 734 fortis
926 680 1154 733 stultus.
1185 677 1540 746 Longauiniis
1577 676 1855 747 proximos
1883 674 2316 744 deprehenditur

738 772 971 825 sull'crre
1004 784 1242 837 semper,
1275 769 1411 821 citra
1442 782 1660 820 onmem
1696 766 2075 833 intemperiem
2108 779 2171 818 ae
2203 772 2315 815 tur-

740 863 937 915 betam.
984 860 1122 912 Suos
1170 873 1409 927 semper,
1458 872 1563 910 non
1614 857 1744 909 item
1793 853 2029 924 proximi
2080 851 2315 906 attendit

736 956 985 1005 delectus
1016 968 1031 1000 :
1068 950 1275 1019 cogitat
1306 964 1491 1003 secum
1527 947 1720 1011 anxie,
1752 948 1845 1016 qui
1886 946 2056 1015 possit
2088 960 2147 998 se
2183 958 2311 1012 pro-

739 1045 871 1097 bare
909 1045 1038 1097 lico.
1075 1041 1338 1109 Quisquis
1378 1039 1598 1093 tandem
1643 1039 1721 1092 sic
1758 1037 2026 1091 cliicietur
2064 1035 2311 1103 longani-

736 1139 870 1200 mis,
917 1136 1062 1187 bune
1100 1132 1342 1201 Spiritus
1385 1140 1610 1186 sanctus
1651 1146 1781 1184 sane
1820 1143 1994 1198 purus
2033 1126 2307 1191 sordium,

735 1229 947 1298 placide
984 1225 1277 1287 inhabitat,
1307 1239 1408 1277 nec
1439 1225 1678 1293 patietur
1701 1236 1770 1275 eo
1799 1220 1991 1274 inferri
2019 1237 2045 1271 ιι
2074 1218 2310 1285 maligno

731 1322 932 1391 spiritu
975 1318 1195 1389 quidvis
1226 1318 1607 1386 caliginosum,
1643 1316 1738 1369 sed
1779 1314 2017 1382 spatiosis
2059 1313 2311 1365 habitans

732 1430 856 1467 cum
895 1428 997 1465 suo
1031 1428 1156 1464 vase
1189 1409 1333 1479 quod
1374 1408 1685 1461 inhabitare
1720 1407 2001 1475 dignatur,
2031 1405 2308 1457 exhilare-

730 1504 849 1558 scit.
881 1504 1023 1569 Quin
1054 1511 1109 1555 et
1139 1502 1260 1554 talis
1288 1499 1521 1552 Domino
1549 1499 1825 1552 ministrat
1853 1497 2023 1549 multa
2056 1495 2310 1563 perfusus

732 1596 1033 1649 hilaritate.
1061 1593 1115 1647 Si
1146 1608 1254 1661 qua
1287 1591 1516 1661 proinde
1548 1588 1830 1643 iracundia
1864 1586 2152 1656 ingruerit,
2182 1601 2305 1638 mox

730 1686 973 1756 Spiritus
1002 1685 1092 1739 ille
1121 1693 1346 1737 sanctus
1380 1684 1434 1737 in
1467 1691 1756 1751 angustum
1786 1695 1846 1733 se
1870 1677 2172 1741 contrahit,
2198 1694 2304 1730 non

729 1781 835 1851 iam
876 1779 1057 1833 locum
1101 1778 1315 1832 habens
1354 1792 1467 1829 sua:
1506 1773 1812 1828 sinceritati
1850 1779 2244 1839 congruentem
2290 1788 2303 1821 :

729 1871 881 1925 illinc
904 1871 1204 1925 etiamnum
1233 1868 1428 1937 qurcrit
1456 1866 1786 1926 desciscere,
1808 1862 1955 1931 quod
1983 1863 2163 1915 locum
2194 1876 2301 1913 non

730 1963 929 2017 haheat
958 1961 1141 2029 (prout
1176 1958 1403 2027 expetit)
1436 1956 1501 2008 ad
1532 1955 1885 2008 serviendum
1916 1953 2149 2006 Domino
2183 1952 2301 2004 ido-

729 2070 916 2109 neum.
953 2054 1010 2107 In
1058 2051 1473 2120 longanimitate
1514 2048 1722 2101 habitat
1765 2045 2051 2108 Dominus,
2090 2044 2144 2097 in
2190 2044 2303 2097 ira-

729 2146 929 2199 uiridia
958 2161 1088 2197 vero
1117 2143 1391 2195 diabolus.
1422 2140 1661 2209 Spiritus
1692 2139 1857 2208 igitur
1883 2147 2115 2205 uterque
2145 2150 2302 2189 eum-

728 2239 853 2290 dem
896 2237 941 2291 si
987 2236 1258 2290 inhabitet
1303 2234 1505 2295 locum,
1552 2233 1735 2284 minus
1776 2228 2056 2289 conducit,
2099 2229 2208 2280 imo
2249 2227 2303 2280 in

728 2330 931 2383 tnalum
967 2327 1114 2382 cedit
1154 2324 1361 2378 homini
1400 2339 1565 2393 quem
1608 2331 1843 2391 uterque
1883 2320 2157 2374 inhabitat
2194 2319 2307 2387 spi-

728 2422 890 2473 ritus.
933 2417 988 2471 Si
1032 2415 1157 2485 quis
1196 2414 1342 2468 enim
1386 2422 1613 2483 accepto
1657 2412 1711 2466 in
1755 2426 1949 2465 manus
1990 2408 2301 2474 absinthio,

730 2508 942 2578 1205
971 2524 1036 2561 ex
1064 2522 1131 2560 eo
1162 2504 1411 2559 nonnihil
1446 2501 1697 2555 infundat
1727 2501 1875 2555 dolio
1924 2499 2130 2563 mellis,
2158 2515 2303 2552 nun-

725 2596 857 2665 quid
890 2610 999 2648 non
1032 2594 1203 2647 totius
1233 2591 1411 2646 mellis
1438 2588 1634 2642 duieor
1663 2588 1990 2659 deperditur
2017 2596 2073 2641 et
2100 2601 2299 2640 evane-

726 2686 869 2741 scit?
902 2686 968 2740 Et
999 2685 1221 2754 quidem
1257 2699 1356 2751 per
1388 2681 1799 2751 portiunculam
1834 2678 2102 2733 absinthii
2139 2686 2304 2732 tanta:

727 2778 1017 2832 suavitatis
1047 2775 1099 2828 li:
1134 2774 1415 2844 depulsio;
1450 2771 1632 2842 perdit
1660 2771 1810 2825 enim
1840 2770 2081 2824 nativam
2113 2768 2304 2822 dulce-

726 2868 935 2930 dinem,
961 2875 1017 2921 et
1043 2867 1355 2929 amareseit,
1384 2879 1486 2918 nec
1515 2862 1816 2933 quidquam
1845 2872 2031 2916 servat
2058 2860 2304 2931 pristina:

725 2960 917 3031 gratiae
950 2959 1095 3028 apud
1131 2957 1417 3011 dominum
1454 2971 1646 3019 suum,
1683 2953 1830 3024 quod
1864 2953 2212 3022 degenerarit
2248 2952 2302 3005 in

727 3051 1170 3105 amaritudinem.
1218 3049 1383 3103 Plane
1424 3046 1581 3101 vides
1620 3047 1781 3115 longe
1821 3060 1943 3099 esse
1986 3044 2151 3098 etiam
2192 3058 2304 3112 pra:

728 3140 925 3195 melleo
951 3138 1178 3191 dnlcore
1207 3135 1580 3189 dulcissimam
1613 3151 1625 3186 :
1655 3134 1789 3203 quin
1819 3140 1875 3186 et
1899 3146 1963 3185 ea
1996 3132 2169 3185 utitur
2194 3131 2301 3184 Do-

728 3233 913 3287 minus
941 3246 1102 3298 quatn
1129 3227 1601 3288 connuodissimc;
1629 3241 1754 3279 cuni
1781 3234 1975 3280 contra
2005 3223 2301 3278 iracundia:

727 3323 881 3378 furor
920 3331 977 3376 et
1018 3320 1397 3375 aniarulentus
1440 3328 1523 3373 est
1565 3326 1621 3371 et
1663 3331 1917 3387 prorsum
1965 3315 2196 3368 inutilis.
2243 3313 2301 3368 Si

727 3413 946 3484 quando
975 3413 1065 3466 illa
1094 3412 1352 3467 concitati
1385 3410 1552 3464 animi
1584 3406 2030 3462 incandesccntia
2058 3405 2221 3460 simul
2248 3413 2304 3459 et

728 3504 991 3574 patientia
1023 3501 1454 3572 permiscentur,
1481 3497 1570 3551 cui
1601 3495 1829 3550 dubium
1858 3495 1957 3558 sit,
1985 3493 2302 3563 patientiam

726 3590 870 3644 [teda
893 3588 1217 3657 contagione
1243 3586 1411 3656 pollui
1434 3594 1488 3640 et
1510 3582 1900 3653 conspurcari?
1923 3581 2019 3635 sed
2047 3598 2148 3636 nec
2168 3596 2303 3635 con-

727 3694 950 3748 gressus
989 3676 1261 3747 ejusmodi
1301 3676 1580 3747 patientiae
1620 3673 1744 3727 usui
1787 3688 1909 3727 esse
1949 3673 2060 3727 Deo
2103 3681 2299 3742 potest.

729 3768 1013 3825 Iracundia
1039 3770 1186 3823 enim
1208 3767 1444 3836 maligna
1466 3781 1592 3821 cum
1617 3765 1711 3830 sit,
1734 3780 1830 3819 sua
1856 3765 2029 3833 ipsius
2055 3763 2303 3833 improba

726 3862 1045 3931 operatione
1075 3859 1346 3915 subvertit
1375 3874 1564 3913 servos
1596 3858 1714 3912 Dei.
1745 3858 1919 3912 Simul
1950 3856 2096 3911 enim
2134 3866 2193 3910 ut
2223 3856 2301 3909 vi-

726 3952 871 4005 derit
908 3951 1156 4006 homines
1191 3949 1470 4020 requietus
1505 3964 1610 4003 nec
1646 3948 1754 4001 ulla
1786 3947 2062 4001 seditione
2096 3946 2303 4000 tumul-

730 4052 967 4108 tuantes,
992 4043 1229 4113 seipsam
1257 4041 1467 4112 colligit
1492 4057 1557 4095 ac
1585 4041 1783 4096 inserit
1805 4039 1960 4094 cordi
1988 4039 2154 4093 unius
2179 4038 2303 4093 illo-

729 4150 873 4199 rum,
892 4138 987 4204 qui
1013 4135 1163 4189 nulla
1185 4148 1252 4188 ex
1277 4148 1337 4187 re
1359 4133 1660 4187 amarescit
1684 4139 1853 4194 totus,
1870 4138 1928 4184 et
1947 4137 2305 4199 exasperatur

726 4227 799 4281 ob
831 4242 920 4281 res
955 4225 1354 4295 temporarias,
1386 4232 1484 4279 aut
1515 4233 1667 4278 certe
1700 4223 1773 4277 ob
1802 4222 2016 4287 edulia,
2047 4230 2143 4276 aut
2174 4221 2302 4290 quia

727 4317 1068 4387 colloquium
1106 4315 1303 4371 incidit
1337 4315 1606 4385 prolixius
1639 4325 1697 4368 et
1730 4313 1875 4368 idem
1907 4327 2140 4376 vanum;
2174 4320 2303 4381 puta

725 4410 793 4463 de
827 4407 957 4462 dato
988 4415 1049 4460 et
1078 4412 1344 4474 accepto;
1379 4403 1517 4457 devc
1554 4401 1839 4456 similibus
1869 4399 2106 4468 negotiis
2137 4416 2149 4452 :
2186 4399 2303 4452 [nec

2415 581 2511 633 τοῦ
2543 582 2771 650 πλησίον
2802 580 3168 653 ἐλαττώματα
3188 599 3201 613 ο
3243 585 3338 636 καὶ
3375 586 3618 655 μεριμνᾷ
3654 585 3774 649 πῶς
3805 586 3989 654 άρέσει

2413 673 2493 742 τῷ
2535 672 2674 742 θεῷ.
2745 673 2871 726 Ἐάν
2917 674 3025 744 γάρ
3076 691 3159 736 τις
3225 675 3581 745 μακρόθυμος
3627 676 3885 746 γένηται,
3934 678 3989 728 τὺ

2418 763 2643 833 Πνεῦμα
2672 764 2733 816 τὸ
2761 765 2917 833 ἆγιον
2935 767 3180 818 κατοικεῖ
3204 767 3262 817 ὲν
3287 767 3436 836 αὐτῷ
3457 767 3717 837 καθαρὸν,
3758 769 3838 838 μὴ
3870 770 3987 820 ὲπι-

2414 856 2778 926 σκοτούμενον
2836 857 2943 910 ὑπὸ
2976 860 3162 929 ἐτέρου
3199 859 3439 929 πονηροῦ
3475 860 3788 927 πνεύματος
3811 877 3825 890 ·
3878 859 3988 913 ἀλλ’

2412 948 2471 999 ὲν
2529 949 2827 1018 εὐρυχώρῳ
2889 950 3180 1002 κατοικούν
3245 951 3597 1019 εὐφραίνεται
3678 951 3821 1019 μετὰ
3894 948 3985 1003 τοῦ

2412 1040 2639 1103 σκεύους
2666 1036 2726 1095 οὗ
2759 1045 3026 1105 κατοικεῖ,
3061 1042 3155 1094 καὶ
3194 1041 3503 1111 λειτουργεῖ
3560 1043 3639 1111 τῷ
3686 1042 3881 1112 Κυρίῳ
3930 1044 3985 1094 ἐν

2412 1135 2690 1203 ἱλαρότητι
2719 1134 2907 1203 πολλῇ.
2954 1137 3081 1189 Ἐάν
3109 1135 3167 1187 δέ
3200 1152 3283 1198 τις
3314 1135 3567 1203 ὀξυχολία
3616 1136 3845 1207 ἐπέλθῃ,
3900 1135 3986 1186 εύ-

2412 1225 2552 1288 θέως
2580 1226 2643 1277 τὸ
2671 1226 2896 1294 Πνεῦμα
2924 1227 2983 1278 τὸ
3004 1228 3157 1291 ἅγιον
3184 1228 3598 1297 στενοχωρείται
3632 1227 3708 1296 μὴ
3749 1228 3877 1295 ἔχον
3903 1228 3987 1278 τό·

2409 1336 2511 1371 πον
2546 1319 2804 1389 καθαρὸν,
2838 1321 2932 1371 καὶ
2961 1318 3115 1389 ζητεῖ
3145 1322 3471 1389 ἀποστῆναι,
3512 1320 3600 1371 διὰ
3634 1322 3694 1372 το
3725 1320 3802 1388 μὴ
3848 1320 3987 1387 ἔχειν

2406 1409 2591 1471 τόπον,
2623 1408 3009 1477 λειτουργῆσαι
3040 1409 3118 1477 τῷ
3142 1410 3334 1478 Κυρίῳ
3367 1409 3549 1471 καθὼς
3583 1410 3857 1478 βούλεται.
3905 1410 3986 1459 Ἐν

2405 1495 2514 1565 γάρ
2566 1498 2631 1564 τῇ
2675 1496 3052 1566 μακροθυμίᾳ,
3105 1498 3135 1549 ὁ
3176 1498 3381 1568 Κύριος
3406 1502 3687 1551 κατοικεῖ·
3724 1501 3784 1551 ἐν
3831 1499 3891 1550 δὲ
3921 1501 3981 1568 τῇ

2404 1586 2678 1656 ὀξυχολία.
2708 1590 2736 1641 ὁ
2776 1588 3044 1651 διάϐολος.
3108 1590 3428 1659 ’Δμφότερα
3455 1588 3548 1645 οὖν
3578 1592 3647 1644 τά
3696 1592 3984 1660 πνεύματα

2405 1675 2497 1726 ἐπὶ
2522 1675 2582 1728 τὸ
2616 1677 2747 1730 αὐτὸ
2772 1679 3156 1744 κατοικοῦντα,
3219 1680 3537 1751 ἀσύμφορόν
3567 1684 3718 1734 ἐστιν
3753 1685 3853 1734 καὶ
3878 1699 3978 1733 πο-

2406 1766 2571 1836 νηρὸν
2598 1769 2678 1838 τῷ
2705 1770 3002 1841 ἀνθρώπῳ,
3033 1768 3095 1826 οὗ
3127 1774 3476 1826 κατοικοῦσιν
3509 1774 3820 1842 άμιξὸτερα.
3864 1775 3984 1826 Ἐὰν

2406 1861 2514 1929 γὰρ
2544 1858 2727 1912 λαϐὼν
2757 1861 3027 1927 ἁψίνθιον,
3069 1864 3290 1932 μικρὸν,
3327 1865 3406 1926 είς
3446 1864 3711 1932 κεράμιον
3770 1863 3984 1932 μέλιτος

2405 1951 2602 2023 ἐπιχέῃ
2616 1970 2654 2015 ε,
2688 1952 2811 2021 οὐχὶ
2841 1952 2961 2005 ὅλον
3005 1953 3066 2005 τὸ
3107 1954 3229 2024 μέλι
3262 1956 3621 2023 ἀφανίζεται,
3678 1958 3773 2009 καὶ
3802 1956 3986 2008 τοσοῦ-

2403 2057 2494 2092 τον
2525 2042 2671 2109 μέλι,
2695 2044 2798 2095 ὑπὸ
2827 2044 3114 2113 ἐλαχίστου
3148 2045 3400 2114 ἀψινθίου
3430 2047 3766 2112 (moliens;
3812 2047 3983 2100 άπσᾲλο

2403 2132 2525 2184 λυσι
2567 2134 2678 2205 γὰρ
2707 2135 2808 2205 τὴν
2842 2138 3179 2207 γλυκήτητα,
3239 2138 3336 2191 καί⁷
3381 2139 3581 2207 πικρὸν
3608 2140 3852 2207 γίνεται’
3892 2139 3984 2193 καὶ

2404 2224 2503 2276 οὐκ
2531 2222 2644 2293 ἔχει
2667 2224 2828 2295 χάριν
2864 2228 3016 2296 παρὰ
3062 2226 3158 2279 τοῦ
3197 2227 3459 2281 δεσπότου
3484 2228 3675 2293 αὐτοῦ,
3728 2231 3814 2282 δτι
3866 2231 3983 2283 ἐπι-

2403 2315 2637 2386 κράνθη.
2667 2318 2898 2380 Βλέπεις
2925 2319 3008 2371 ὃτι
3035 2320 3066 2389 ἡ
3097 2318 3453 2388 μακροθυμία
3490 2320 3811 2389 γλυκυτάτη
3838 2322 3983 2373 ἐστὶν

2406 2408 2547 2478 ὑπὲρ
2576 2410 2637 2461 τὸ
2670 2410 2815 2479 μέλι,
2846 2412 2940 2464 καὶ
2962 2412 3285 2481 εὐχάριστος
3318 2413 3399 2483 τῷ
3428 2413 3657 2483 Κυρίῳς
3717 2414 3751 2482 ἡ
3779 2413 3839 2465 δὲ
3861 2412 3983 2475 ὀξυ-

2405 2497 2584 2566 χολία,
2616 2499 2711 2550 καὶ
2732 2500 2907 2569 πικρά
2934 2500 3030 2553 καί⁵
3058 2501 3331 2570 ἄχρηστός
3355 2502 3523 2554 ἐστιν.
3565 2501 3694 2554 Ἐάν
3728 2500 3825 2554 οὖν
3849 2502 3982 2571 μιγῇ

2402 2590 2436 2658 ἠ
2469 2588 2741 2659 ὀξυχολία,
2772 2590 2865 2644 καὶ
2898 2590 3329 2660 ἠμακροθυμία,
3390 2593 3666 2661 μιαίνεται
3705 2593 3739 2661 ἡ
3775 2608 3985 2660 μακρο-

2406 2677 2602 2749 θυμία,
2634 2679 2727 2732 καὶ
2756 2679 2856 2732 οὐκ
2886 2680 3033 2732 ἔστιν
3063 2679 3364 2751 εὓχρηστος
3395 2680 3474 2748 τῷ
3500 2680 3622 2750 Θεῴ
3649 2684 3681 2748 ἡ
3738 2680 3985 2745 ἔντευξις

2403 2769 2594 2840 αὐτῆς.
2637 2771 2700 2822 ’11
2725 2772 2831 2840 γάρ
2851 2770 3122 2839 ὀξυχολία,
3168 2770 3384 2839 πονηρὰ
3404 2768 3561 2835 οὖσα,
3605 2770 3983 2840 καταστρέφει

2402 2861 2529 2923 τοὺς
2565 2861 2781 2923 δούλους
2833 2861 2927 2913 τοῦ
2979 2862 3115 2916 Θεοῦ
3145 2865 3211 2932 τῇ
3259 2862 3460 2931 ἑαυτῆς
3505 2861 3779 2931 ἐνεργείᾳ.
3814 2862 3985 2913 Ὅταν

2403 2951 2512 3021 γάρ
2540 2951 2626 3022 ἴδῃ
2645 2952 2770 3014 τοὺς
2801 2950 3120 3019 ἀνθρώπους
3160 2951 3567 3013 εὐσταθοῦντας
3588 2990 3603 3014 ,
3636 2950 3983 3021 παραϐάλλει

2406 3042 2601 3113 ἑαυτὴν
2654 3042 2732 3106 είς
2764 3043 2862 3112 τὴν
2888 3042 3116 3112 καρδίαν
3152 3041 3247 3095 τοῦ
3282 3040 3594 3113 ἀνθρώπου,
3625 3043 3721 3094 καὶ
3780 3044 3849 3095 ἐκ
3891 3040 3985 3095 τοῦ

2409 3133 2635 3203 μηδενὸς
2664 3134 3034 3204 πικραίνεται,
3076 3133 3262 3185 ἒιεκεν
3294 3132 3569 3202 βιωτικῶν
3612 3132 3983 3203 πραγμάτων,

2404 3225 2437 3294 ἦ
2472 3226 2601 3295 περ)⁵
2648 3225 2985 3293 ἐδεσμάτων,
3042 3225 3180 3293 eam
3214 3224 3545 3294 μικρολογία
3578 3240 3664 3287 τις
3723 3225 3987 3277 ἐνέπεσεν

2406 3316 2628 3386 ματαία,
2684 3315 2717 3387 ἢ
2778 3317 2909 3386 περὶ
2948 3316 3168 3377 δόσεως.
3210 3314 3398 3368 Ταῦτα
3456 3319 3569 3386 γάρ
3595 3315 3779 3369 πάντα
3825 3317 3986 3386 μωρά

2402 3410 2550 3462 ἐστιν
2572 3408 2666 3460 καὶ
2693 3408 2822 3461 κενὰ
2846 3410 2956 3471 τοῖς
2974 3407 3180 3470 δούλοις
3203 3407 3299 3460 τοῦ
3335 3408 3473 3461 Θεοῦ
3498 3424 3510 3436 ·
3540 3410 3575 3478 ὴ
3603 3408 3662 3461 δὲ
3703 3407 3985 3479 μακροουο

2406 3499 2526 3569 μία,
2554 3498 2767 3568 μεγάλη
2814 3500 2963 3551 ἐστὶν
2997 3499 3091 3553 καὶ
3112 3499 3332 3569 ἰσχυρὰ,
3366 3498 3562 3569 ἔχουσα
3609 3498 3846 3569 δύναμιν
3875 3515 3985 3551 στι-

2403 3590 2597 3661 ϐαρὰν,
2630 3590 2723 3644 καὶ
2740 3589 2975 3655 εὐθύνει,
2994 3593 3089 3645 καὶ
3110 3590 3497 3661 ἁγαλλιωμένη
3520 3590 3829 3662 ἁμέριμνος
3848 3589 3983 3643 οὖσα

2400 3682 2611 3747 δοξάζει
2649 3684 2740 3736 τὸν
2775 3682 3001 3754 Κύριον,
3034 3684 3201 3753 μηδὲν
3230 3687 3289 3738 ἐν
3340 3686 3478 3754 αὐτῇ
3508 3684 3708 3753 ἔχουσα
3759 3685 3979 3753 πικρὸν,

2400 3773 2534 3826 διότι
2568 3774 2748 3842 πραΰς
2776 3775 2925 3826 ἐστιν
2953 3777 3046 3828 καὶ
3068 3776 3315 3845 ἡσύχιος.
3336 3776 3485 3844 Αὕτη
3511 3773 3604 3829 οὖν
3633 3777 3667 3846 ἠ
3698 3777 3982 3846 μακροθυε

2405 3866 2502 3935 μία
2526 3870 2774 3920 κατοικεῖ
2803 3869 2940 3937 μετὰ
2972 3867 3080 3919 τῶν
3109 3868 3210 3939 τὴν
3262 3871 3447 3922 πίστιν
3467 3871 3699 3940 ἐχόντων
3753 3871 3985 3940 ὁλόκλη-

2406 3971 2518 4025 ρον.
2563 3955 2629 4006 ’11
2669 3956 2727 4007 δὲ
2767 3956 3043 4024 ὀξυχολία,
3085 3956 3277 4027 ἄφρων
3336 3958 3501 4011 ἐστίν.
3558 3956 3719 4022 Εἶτα,
3760 3961 3829 4013 ὲκ
3888 3964 3988 4031 τῆς

2400 4043 2717 4115 ἀφροσύνης
2750 4044 2961 4112 γίνεται
2990 4046 3205 4115 πικρία,
3230 4047 3294 4098 ὲκ
3323 4046 3379 4098 δὲ
3410 4047 3509 4115 τῆς
3532 4048 3759 4117 πικρίας
3791 4050 3986 4119 θυμὸς,

2401 4136 2539 4189 ἐκδὲ
2573 4138 2674 4205 τῆς
2698 4135 2868 4205 ὀργῆς
2899 4136 3079 4205 μῆνις.
3110 4136 3184 4188 Τὸ
3201 4132 3296 4190 οὖν
3322 4136 3476 4205 ἅγιον
3505 4138 3731 4208 Πνεῦμα
3754 4140 3835 4201 ὡς
3857 4158 3987 4209 τρυ⁶

2400 4226 2565 4297 φερδν
2593 4226 2673 4293 ὃν,
2705 4227 2799 4280 καὶ
2831 4228 2904 4298 μὴ
2930 4226 3052 4296 ἔχον
3094 4227 3386 4297 συνήθειαν
3425 4231 3565 4298 μετὰ
3596 4230 3695 4283 τοῦ
3736 4231 3986 4301 σκληροῦ

2402 4318 2495 4371 καὶ
2522 4317 2763 4389 πονηροῦ
2789 4319 3120 4387 πνεύματος,
3143 4322 3427 4390 ἀποχωρεῖ
3458 4320 3568 4374 ἀπὸ
3600 4319 3697 4374 τοῦ
3735 4322 3986 4375 τοιούτου

2401 4408 2714 4481 ἀνθρώπου,
2748 4411 2840 4463 καὶ
2866 4409 3022 4481 ζητεί
3039 4413 3368 4482 κατοικῆσαι
3391 4412 3533 4483 μετὰ
3562 4412 3657 4466 τοῦ
3702 4415 3988 4485 μακροθύ-

723 4497 875 4551 enim
906 4494 1091 4548 omnia
1119 4492 1266 4547 aliud
1294 4492 1432 4546 nihil
1461 4492 1636 4545 servis
1664 4490 1759 4543 Dei
1787 4496 1937 4553 sunt,
1962 4504 2128 4557 quam
2157 4487 2292 4541 stul-

2406 4517 2529 4570 μου,
2546 4501 2897 4569 καὶγίνεταιὸ
2921 4504 3209 4574 ἄνθρωπος
3223 4509 3431 4572 ἐκεῖνος
3457 4510 3615 4572 κενὸς
3629 4508 3725 4562 τοῦ
3744 4511 3991 4581 πνεύμα-

727 4588 845 4640 titia
871 4597 928 4641 et
952 4585 1187 4639 vanitas.
1217 4584 1257 4637 E
1286 4584 1529 4644 diverso,
1561 4581 1951 4651 longanimitas
1979 4580 2172 4634 iisdem
2202 4579 2297 4633 Dei

723 4681 902 4734 servis
926 4695 1119 4749 magna
1144 4694 1374 4748 prorsus
1399 4693 1464 4731 ae
1490 4676 1736 4739 robusta,
1761 4684 1817 4729 et
1839 4690 1963 4744 qua:
1987 4672 2296 4729 admirabili

724 4772 1009 4840 praepollet
1035 4770 1279 4840 potentia
1308 4787 1319 4822 :
1349 4768 1495 4838 quod
1524 4782 1753 4838 pravum
1781 4775 1887 4830 est,
1915 4765 1983 4820 ad
2012 4764 2300 4819 rectitudi-

724 4874 850 4913 netn
889 4868 1129 4924 revocat,
1166 4869 1224 4915 et
1258 4860 1563 4920 exsultans,
1600 4873 1796 4911 secura
1836 4872 1960 4910 eum
2003 4855 2075 4909 sit
2113 4869 2296 4907 rerum

723 4952 995 5015 omnium,
1034 4951 1325 5005 Dominum
1373 4949 1662 5019 gloriﬁcat,
1703 4949 1842 5001 nihil
1886 4948 1940 5002 in
1984 4963 2042 5002 se
2089 4947 2301 5002 habens

726 5041 1137 5105 amaritudinis,
1164 5042 1304 5095 lenis
1330 5050 1387 5095 et
1416 5040 1729 5110 tranquilla.
1760 5038 1884 5094 llaec
1912 5040 2081 5094 animi
2112 5038 2298 5093 mode-

727 5136 868 5189 ratio
902 5133 1246 5189 domicilium
1274 5133 1441 5187 habet
1465 5147 1758 5187 connnune
1786 5148 1911 5186 cum
1946 5132 2057 5186 illis
2084 5132 2177 5202 qui
2210 5132 2295 5186 in-

724 5227 996 5281 columem
1039 5224 1283 5279 retinent
1320 5234 1377 5279 et
1413 5224 1711 5293 perfectam
1755 5223 1917 5279 ﬁdem
1958 5242 1971 5278 :
2010 5223 2297 5279 iracundia

725 5335 858 5373 vero
901 5316 1195 5371 stultorum
1239 5326 1343 5371 est.
1388 5318 1467 5372 Ex
1510 5318 1747 5372 stultitia
1786 5319 2047 5387 deinceps
2090 5318 2300 5373 resistit

726 5408 1057 5473 amaritudo,
1081 5423 1149 5463 ex
1175 5408 1546 5463 amaritudine
1574 5408 1730 5463 furor
1760 5427 1772 5463 :
1798 5425 1864 5463 ex
1892 5410 1975 5463 ira
2003 5420 2187 5465 autem
2216 5412 2300 5465 in-

727 5501 1109 5556 candeseentia
1148 5517 1528 5572 perseverans.
1568 5503 1801 5558 Sanctus
1836 5505 2003 5575 igitur
2038 5505 2296 5574 Spiritus,

730 5602 790 5646 ut
814 5593 908 5662 qui
939 5593 1045 5647 loci
1073 5595 1339 5664 temperie
1368 5595 1504 5650 mire
1534 5612 1593 5650 se
1622 5596 1864 5651 oblectat
1894 5612 1957 5650 ac
1983 5597 2296 5661 deliciatur,

728 5687 888 5741 cuive
918 5687 1066 5741 nulla
1098 5687 1396 5743 intercedit
1431 5689 1777 5744 consuetudo
1806 5705 1934 5744 cum
1965 5691 2298 5761 implacabili

729 5777 1028 5833 acrimonia
1075 5780 1294 5849 reprobi
1346 5780 1598 5851 spiritus,
1644 5782 1713 5836 ab
1758 5782 2027 5853 ejusmodi
2078 5784 2299 5842 homine

2405 4609 2495 4655 τος
2512 4593 2603 4644 τοῦ
2637 4592 2869 4656 δικαίου,
2890 4595 2983 4646 καὶ
3003 4594 3139 4656 ὅλως
3165 4598 3571 4667 ἀποτυῖιλοῦται
3602 4602 3710 4653 ἀπὺ
3737 4602 3845 4670 τῆς
3872 4603 3989 4656 δια-

2405 4685 2554 4747 νοίας
2581 4684 2680 4754 τῆς
2715 4685 2950 4755 ἀγαθῆς.
2972 4688 3145 4756 Φησὶν
3172 4688 3229 4740 δὲ
3258 4692 3353 4742 καὶ
3378 4694 3406 4742 ὁ
3428 4691 3607 4758 λόγος,
3648 4712 3665 4742 ι
3694 4694 3988 4761 Κρείσσων

2405 4776 2546 4845 ἀνὴρ
2582 4778 2933 4846 μακρίθυμος
2971 4779 3216 4850 ἰσχυροῦ.
3259 4795 3280 4835 ο
3318 4781 3445 4839 Καὶ,
3478 4782 3723 4851 «Ὥσπερ
3753 4782 3987 4852 δοκιμά-

2405 4869 2561 4932 ζεται
2592 4870 2834 4941 ἄργυρος
2860 4872 2957 4923 καὶ
2979 4871 3179 4940 χρυσὸς
3215 4874 3275 4924 ἐν
3305 4872 3525 4943 καμίνῳ
3549 4913 3564 4935 ,
3596 4872 3774 4935 οὕτως
3828 4874 3989 4927 ἐκλε-

2406 4964 2540 5023 κτας
2568 4962 2789 5031 καρδίας
2811 4962 3098 5030 δοκιμάζει
3114 4964 3143 5015 ὁ
3160 4963 3387 5033 Κύριος,
3411 4983 3429 5013 ι
3457 4965 3600 5017 κατὰ
3611 4964 3710 5034 τὴν
3730 4965 3984 5035 Γραφήν.

2406 5052 2514 5104 Καὶ
2546 5052 2707 5105 πάλιν
2736 5071 2749 5084 ·
2788 5072 2806 5101 ι
2842 5053 3173 5124 Πραΰθυμος
3202 5055 3342 5124 ἀνὴρ
3393 5054 3621 5125 καρδίας
3646 5056 3861 5124 ίατρὶς,
3894 5058 3988 5111 καὶ

2406 5141 2759 5211 μακρόθυμος
2793 5143 2931 5212 ἀνὴρ
2984 5143 3376 5196 κατασϐεννύει
3425 5144 3625 5215 κρίσιν.
3666 5163 3686 5196 ι
3722 5146 3839 5199 Καὶ
3877 5147 3988 5197 πά-

2404 5232 2521 5285 λιν·
2556 5253 2575 5283 ι
2626 5236 2721 5297 Ὃς
2752 5230 2992 5302 φείδεται
3022 5236 3174 5305 ῥῆμα
3208 5235 3539 5306 προελέσθαι
3562 5236 3827 5304 σκληρὸν,
3865 5240 3989 5290 ἑπι-

2406 5325 2651 5394 στήμων.
2684 5325 2791 5379 Καὶ
2820 5322 2997 5391 αὖθις,
3023 5346 3039 5374 ι
3068 5326 3294 5390 Τέκνον,
3318 5328 3367 5378 εί
3398 5329 3679 5398 προσέρχῃ
3707 5329 3989 5381 δουλεύειν

2403 5417 2481 5483 τῷ
2516 5418 2723 5487 Κυρίῳ,
2747 5418 3038 5487 ὲτοίμασον
3062 5418 3158 5486 τὴν
3185 5420 3365 5488 ψυχήν
3390 5436 3483 5472 σου
3516 5420 3598 5481 εἰς
3645 5420 3986 5489 πειρασμόν.

2406 5507 2641 5561 Εὔθυνον
2670 5509 2771 5579 τὴν
2823 5508 3052 5577 καρδίαν
3082 5526 3175 5563 σου
3230 5513 3327 5563 καὶ
3384 5511 3750 5581 καρτέρησον.
3803 5511 3923 5564 Πᾶν
3960 5509 3990 5564 δ

2406 5602 2501 5654 ἐὰν
2532 5602 2742 5673 ὲπαχθῇ
2778 5619 2882 5667 σοι,
2913 5602 3060 5667 δέξαι
3094 5604 3367 5673 ἀσμένως.
3406 5604 3517 5657 Καὶ
3550 5606 3607 5656 ἐν
3638 5603 3988 5673 άλλάγμασιν

2403 5693 2793 5757 ταπεινιῦσειὶος
2826 5712 2923 5748 σου
2957 5694 3386 5767 μακροθύμησον
3409 5712 3422 5725 ·
3464 5696 3763 5748 πίστευσον
3810 5694 3983 5763 αὐτῷ,

2406 5788 2501 5839 καὶ
2539 5784 2891 5855 ἀντιλήψεται
2924 5803 3039 5841 σου.
3072 5806 3090 5839 ι
3130 5789 3239 5842 Καὶ
3271 5789 3430 5857 ἡμεῖς
3467 5780 3583 5852 οὖν,
3610 5785 3862 5855 ἀδελφοὶ,
3898 5784 3978 5838 διὰ
