4178 6424
279 390 417 455 1773

1151 391 1478 451 llOMlLIA
1516 392 1644 452 CXI
1705 417 1775 429 —
1812 393 1909 453 DE
1946 392 2079 453 HIS
2115 393 2249 465 QUI
2290 395 2672 461 PRAESUNT.

3392 400 3527 465 1774

276 501 662 573 μακροθυμίαν
684 502 944 573 ψάλωμεν
981 504 1077 556 σὺν
1106 502 1183 575 τῷ
1218 504 1403 568 Δαυῗδ,
1424 503 1487 555 τό
1506 520 1521 534 ·
1561 522 1580 555 ι
1612 505 1826 575 Δοκίμαη

1952 506 2169 576 longius
2209 522 2267 561 sc
2309 506 2621 571 submovet,
2663 507 2907 578 deligens
2941 507 3046 564 sibi
3086 511 3425 568 domicilium
3468 516 3525 569 in

272 595 367 647 σόν
403 611 492 663 με,
516 594 710 663 Κύριε,
739 594 836 647 καὶ
893 594 1062 661 γνῶθι
1090 596 1190 665 τὴν
1234 595 1464 664 καρδίαν
1498 614 1620 665 μου,
1657 595 1826 650 ετασόε

1948 596 2171 651 homine
2211 598 2425 666 patiens
2466 597 2561 664 qui
2604 597 2677 651 sit
2713 606 2771 651 et
2810 598 3156 669 longanimis.
3191 605 3261 658 At
3300 606 3523 660 interim

272 704 363 755 με,
397 687 492 738 καὶ
522 686 693 753 γνῶθι
726 685 826 747 τὰς
846 685 1067 755 τρίϐους
1097 704 1221 756 μου,
1252 687 1347 740 καὶ
1374 687 1470 749 ἴδε,
1504 689 1551 739 εἰ
1582 688 1699 750 ὁδὸς
1718 688 1846 740 dvo-

270 779 405 846 μίας
438 779 498 829 ἐν
526 776 651 847 ἐμοί
672 793 684 807 ·
732 778 825 829 καὶ
852 777 1122 846 ὀδήγησόν
1153 794 1220 847 με
1254 778 1313 829 ὲν
1371 777 1476 848 ὀδῷ
1513 780 1732 847 αἰωνία,
1764 779 1846 832 ὅτι

266 869 384 934 ἐγὼ
401 872 459 921 ὲν
486 868 691 939 ἀκακία
721 886 821 939 μου
850 869 1176 939 ἐπορεύθην.
1206 870 1493 939 Λύτρωσαί
1521 888 1610 940 με,
1650 871 1843 940 Κύριε,

266 963 363 1014 καὶ
390 961 612 1029 ἐλέησόν
654 979 742 1028 με.
780 980 797 1012 ι
834 962 945 1014 Καὶ
976 962 1035 1014 τό
1059 978 1073 992 ·
1114 979 1132 1012 ι
1178 962 1343 1032 Ἐμοῦ
1371 962 1427 1015 δὲ
1456 963 1547 1016 διὰ
1575 964 1672 1032 τὴν
1706 965 1845 1017 ἁκαο

265 1051 393 1105 κίαν
419 1052 739 1117 ἀντελάϐου,
773 1054 869 1105 καὶ¹
906 1051 1244 1115 ὲὸεὸαίωσάς
1274 1068 1341 1123 με
1362 1053 1593 1105 ἐνώπιόν
1641 1071 1736 1106 σου
1763 1055 1844 1117 εἰς

262 1145 358 1197 τὸν
389 1145 580 1197 αἰῶνα.
607 1165 624 1195 ι
664 1145 827 1214 Λέγει
860 1146 916 1198 δὲ
942 1145 1081 1197 καὶὸ
1109 1144 1386 1213 Σολομῶν*
1417 1164 1433 1196 ι
1467 1144 1843 1215 Μακρόθυμος

262 1234 429 1303 ἀνὴρ,
488 1235 772 1304 φρόνιμος.
819 1253 837 1285 ι
878 1234 1022 1288 Καί·
1070 1252 1087 1285 ι
1136 1233 1372 1303 Ἀνοήτῳ
1428 1236 1842 1305 ἐπερωτήσαντι

264 1327 482 1394 σοφίαν,
515 1326 677 1393 σοφία
717 1325 1102 1395 λογισθήσεται
1130 1324 1299 1395 αὐτῷ.
1336 1325 1570 1378 Σύννουν
1625 1326 1684 1379 δὲ
1749 1326 1841 1379 καὶ

258 1418 413 1469 ἐνεὸν
468 1418 659 1471 ἑαυτὸν
697 1419 954 1488 ποιήσας,
988 1418 1126 1483 δόξει
1158 1420 1423 1488 φρόνιμος
1450 1414 1613 1472 εἶναι.
1672 1437 1691 1470 ι
1730 1419 1839 1472 Καὶ

257 1510 449 1563 πάλιν·
498 1530 515 1561 ι
566 1511 848 1581 Ἐλεήμων
874 1510 1013 1581 ἀνὴρ
1069 1511 1439 1581 μακροθυμεῖ.
1482 1529 1499 1561 ι
1532 1511 1641 1563 Καὶ
1678 1512 1708 1563 ὀ
1740 1511 1839 1563 ἰα-

254 1602 460 1665 κωϐος·
479 1620 496 1651 ι
526 1602 1005 1673 Μακροθυμήσατε
1027 1600 1141 1668 οὖν,
1164 1603 1404 1671 ἀδελφοὶ,
1434 1603 1543 1665 ἓως
1558 1603 1659 1673 τῆς
1689 1620 1835 1668 παρ-

252 1692 449 1754 ουσίας
504 1690 597 1744 τοῦ
633 1692 864 1763 Κυρίου.
904 1693 1038 1746 Ἰδοὺ
1078 1692 1376 1762 όγεωργὸς
1401 1692 1682 1762 ἐκδέχεται
1740 1693 1834 1745 τὸν

250 1784 440 1851 τίμιον
473 1784 685 1853 καρπὸν
711 1785 802 1836 ἐπὶ
829 1785 926 1854 τῆς
968 1784 1095 1849 γῆς,
1128 1784 1499 1853 μακροθυμῶν
1530 1784 1614 1835 ἐπ’
1656 1782 1829 1853 αὐτῷ,

1947 686 2111 742 homo
2142 688 2231 743 ille
2259 688 2441 743 inanis
2470 688 2529 743 ﬁt
2559 689 2789 758 spiritus
2813 691 2983 760 justi;
3013 705 3319 750 excmcatnr
3345 706 3518 762 totus,

1945 778 2075 834 dum
2110 781 2332 834 exuitur
2368 782 2570 838 mentis
2605 782 2898 837 dulcedine
2933 800 2997 838 ac
3033 785 3394 856 benignitate.
3430 790 3523 845 Ait

1943 882 2128 925 autem
2173 871 2458 941 Scriptura
2498 891 2511 926 :
2555 891 2574 925 ι
2620 873 2811 929 Melior
2832 876 2917 928 vir
2959 877 3174 946 patiens
3216 878 3454 934 forti"'.
3494 900 3514 933 ι

1942 961 2011 1015 Ει
2044 980 2055 1013 :
2094 980 2113 1013 ι
2154 962 2311 1016 Sicut
2351 965 2620 1033 probatur
2653 981 2849 1020 aurum
2888 976 2947 1021 et
2982 978 3271 1037 argentum
3312 970 3368 1023 in
3408 970 3521 1025 for-

1942 1067 2098 1115 nace,
2126 1054 2203 1107 sic
2226 1056 2401 1109 electa
2425 1055 2595 1109 corda
2622 1057 2820 1124 probat
2842 1058 3007 1122 Deus,
3042 1078 3060 1110 ι
3086 1061 3239 1130 juxta
3266 1059 3518 1131 Scriptu-

1942 1146 2146 1198 ram”.
2190 1146 2395 1199 lterum
2438 1164 2449 1198 :
2490 1163 2509 1197 ι
2552 1146 2648 1200 Vir
2684 1158 3005 1203 mansuetus
3046 1151 3234 1204 cordis
3272 1153 3519 1207 medicus

1940 1244 2024 1288 est
2043 1236 2109 1287 9’.
2144 1255 2160 1285 ι
2193 1236 2447 1290 Rursus:
2483 1256 2499 1285 ι
2534 1236 2658 1300 Fili,
2684 1237 2725 1290 si
2756 1240 3062 1294 accesseris
3089 1241 3157 1295 ad
3189 1242 3514 1298 servitutem

1939 1326 2072 1391 Dei,
2101 1342 2345 1395 praepara
2373 1325 2612 1380 animam
2645 1337 2793 1382 tuam
2822 1329 2887 1382 ad
2922 1332 3311 1398 tentationcm,
3339 1334 3514 1405 dirige

1937 1431 2034 1470 cor
2068 1427 2221 1470 tuum
2250 1424 2307 1469 et
2335 1418 2547 1471 sustine
2579 1434 2592 1470 :
2623 1433 2785 1472 omne
2814 1420 2962 1487 quod
2994 1422 3316 1490 applicitum
3349 1424 3516 1479 fuerit

1938 1508 2061 1573 tibi,
2089 1508 2311 1577 suscipe
2348 1509 2609 1575 libenter,
2640 1520 2697 1564 et
2728 1510 2783 1566 in
2820 1514 3221 1567 mutationibus
3257 1515 3513 1569 humilia-

1936 1599 2108 1653 tionis
2134 1607 2241 1652 tuae
2266 1600 2585 1667 patientiam
2612 1600 2752 1655 habe
2779 1618 2793 1654 :
2818 1603 2981 1657 crede
3005 1603 3056 1656 ei
3082 1613 3138 1658 et
3166 1606 3513 1674 recuperabit

1936 1700 1990 1745 te
2007 1692 2074 1744 “.
2119 1708 2136 1741 ι
2178 1689 2289 1745 Nos
2328 1689 2514 1757 itaque
2555 1689 2801 1758 (fratres)
2840 1692 3274 1761 longanimitatis
3312 1710 3376 1749 ac
3413 1711 3510 1765 pa-

1937 1783 2144 1837 tientia:
2180 1783 2377 1837 merito
2412 1781 2668 1846 subnixi,
2707 1796 2816 1835 una
2850 1797 2975 1836 cum
3012 1784 3215 1839 Davlde
3249 1787 3510 1840 concina-

249 1874 361 1937 ἕως
388 1874 454 1926 ἂν
475 1872 616 1943 λάϐῃ
633 1872 847 1942 καρπὸν
896 1872 1145 1943 πρώἳμον
1175 1874 1269 1925 καὶ
1293 1872 1507 1941 δψιμον.
1538 1871 1826 1939 Μακροθυ-

1936 1887 2057 1926 mus
2087 1890 2099 1925 :
2126 1891 2144 1922 ι
2172 1872 2348 1927 Proba
2378 1887 2487 1935 me,
2520 1871 2770 1934 Domine.
2802 1880 2857 1926 et
2889 1874 3027 1928 scito
3054 1889 3151 1928 cor
3175 1890 3384 1941 meum;
3420 1877 3507 1931 in-

252 1968 470 2036 μήσατε
500 1964 594 2021 οὖν
620 1968 714 2019 καὶ
745 1968 905 2033 ὑμεῖς
927 1982 939 1995 ·
972 1966 1276 2034 ὑπόδειγμα
1306 1965 1499 2019 λάϐετε
1529 1966 1626 2033 τῆς
1663 1981 1829 2017 κακο-

248 2056 509 2119 παθείας,
555 2057 648 2109 κει)⁸
686 2056 785 2125 τῆς
826 2055 1238 2125 μακροθυμίας,
1280 2056 1410 2116 τοὺς
1454 2055 1758 2123 προφήτας.
1804 2070 1823 2102 ι

245 2147 365 2199 Καὶ
384 2148 445 2199 ὲν
468 2148 548 2217 τῷ
573 2147 891 2217 Εὑαγγελίῳ
909 2150 1240 2217 γέγραπται·
1278 2165 1296 2198 ι
1340 2147 1561 2208 ’ἰδόντες
1581 2145 1637 2198 δέ
1662 2161 1826 2214 φησιν

244 2241 294 2290 οἱ
328 2239 591 2307 μαθηταὶ,
623 2239 878 2300 Ἰἀκωῢος
912 2238 1007 2292 καὶ
1042 2238 1317 2307 Ἰωάννης,
1347 2237 1430 2290 ὃτι
1458 2238 1560 2289 οὑκ
1580 2235 1825 2302 ἐδέξαντο

244 2331 448 2392 αὖτοὺς
468 2331 517 2382 οἱ
537 2330 893 2402 Σαμαρεῖται,
925 2326 1096 2383 εῐποψ
1125 2348 1142 2380 ι
1169 2329 1361 2399 Κύριε,
1381 2328 1555 2391 θέλεις
1576 2328 1820 2397 εἴπωμεν

244 2418 360 2488 πῦρ
394 2420 701 2489 καταϐῆναι
732 2421 827 2473 ἀπ’
858 2419 1115 2489 οὐρανοῦ,
1148 2418 1241 2471 καὶ
1270 2417 1538 2471 ἀναλώσει
1596 2416 1816 2479 αὐτοὺς,

242 2512 320 2571 ὡς
362 2512 455 2563 καὶ
498 2512 688 2574 Ἠλίας
731 2511 1022 2581 ὲποίησεν;
1084 2510 1353 2580 Στραφεὶς
1403 2510 1458 2562 δὲ
1507 2512 1535 2563 ὀ
1591 2508 1820 2577 Ἰησοῦς,

245 2604 586 2674 ἐπετίμησεν
614 2604 818 2667 αὐτοῖς,
854 2603 949 2656 καὶ⁸
990 2598 1160 2656 εἶπεν·
1204 2621 1220 2653 ι
1260 2601 1376 2656 Οὑκ
1421 2601 1599 2653 οἴδατε
1669 2600 1823 2651 ποίου

242 2695 560 2764 πνεύματός
608 2697 751 2750 ἐστε.
790 2696 847 2748 '0
886 2695 1014 2757 Υἱὸς
1050 2694 1146 2747 τοῦ
1186 2691 1479 2763 ἀνθρώπου
1514 2692 1615 2744 οὑκ
1661 2685 1824 2759 ἦλθεν

242 2785 426 2855 ψυχὰς
457 2786 765 2847 ἀνθρώπων
797 2786 1084 2847 ἀπολέσαι,
1120 2784 1261 2838 ἀλλὰ
1292 2782 1483 2837 σῶσαι.
1529 2802 1548 2835 ι
1598 2781 1757 2850 Αὖτῷ
1789 2782 1821 2852 ἡ

240 2876 371 2942 δόξα
402 2881 481 2940 είς
500 2880 627 2940 τοὺς
659 2878 883 2939 αἰῶνας.
922 2878 1114 2946 Ἀμήν.

1930 1972 2143 2032 terroga
2172 1978 2277 2023 me.
2304 1972 2360 2017 et
2383 1978 2651 2033 cognosce
2676 1964 2901 2017 semitas
2924 1981 3093 2028 meas,
3118 1975 3175 2020 et
3201 1967 3322 2021 vide
3349 1969 3393 2022 si
3417 1969 3505 2023 via

1927 2053 2236 2121 iniquitatis
2259 2053 2314 2107 in
2340 2070 2425 2108 me
2449 2062 2556 2115 est,
2574 2062 2630 2108 et
2667 2054 2846 2109 deduc
2887 2071 2974 2109 me
3012 2056 3066 2109 in
3092 2057 3176 2110 via
3202 2066 3405 2113 aeterna
3422 2061 3502 2114 "z

1929 2144 2143 2214 1206
2171 2144 2299 2213 quia
2329 2159 2430 2213 ego
2463 2144 2517 2197 in
2551 2144 2867 2199 innocentia
2899 2160 3017 2199 mea
3049 2146 3332 2215 ingressus
3358 2164 3503 2212 sum,

1923 2236 2133 2289 redime
2159 2250 2245 2289 me
2272 2245 2329 2289 et
2357 2236 2620 2290 miserere
2651 2237 2757 2291 mei
2781 2237 2847 2291 ".
2884 2256 2900 2286 ι
2933 2238 2999 2291 Et
3026 2238 3158 2291 illud
3189 2256 3202 2291 :
3239 2257 3257 2289 ι
3290 2240 3373 2293 Me
3403 2255 3505 2294 au-

1928 2335 2035 2380 tem
2070 2334 2295 2395 propter
2324 2326 2694 2382 innocentiam
2724 2329 3047 2398 suscepisti.
3081 2339 3137 2383 et
3166 2329 3503 2385 conﬁrmasti

1930 2432 2015 2470 me
2057 2418 2107 2470 in
2153 2430 2452 2486 conspectu
2498 2426 2592 2471 tuo
2634 2418 2689 2472 in
2728 2429 2997 2473 aeternum
3017 2421 3085 2475 ".
3130 2440 3148 2473 ι
3189 2422 3329 2475 Dicit
3372 2424 3503 2478 item

1922 2508 2180 2563 Salomon
2220 2528 2234 2564 :
2279 2528 2298 2561 ι
2334 2510 2430 2564 Vir
2467 2510 2817 2580 longanimis,
2855 2513 3076 2582 sapiens
3113 2515 3284 2569 est".
3328 2534 3346 2565 ι
3385 2516 3451 2570 Et
3488 2534 3501 2571 :

1926 2619 1943 2650 ι
1985 2600 2170 2654 Stulto
2202 2601 2563 2669 interroganti
2596 2601 2953 2670 sapientiam,
2988 2604 3253 2673 sapientia
3288 2605 3365 2658 illi
3397 2606 3501 2658 im-

1920 2692 2207 2761 putabitur
2247 2711 2259 2744 :
2300 2700 2510 2745 mutum
2551 2702 2736 2747 autem
2780 2694 2825 2749 i3
2866 2695 2959 2763 qui
3000 2697 3242 2766 scipsum
3285 2696 3501 2759 fecerit,

1920 2780 2198 2836 videbitur
2227 2796 2348 2836 esse
2384 2782 2625 2851 prudens
2647 2786 2713 2837 ⁶⁹.
2752 2802 2770 2833 ι
2808 2784 3010 2839 lterum
3049 2804 3061 2838 :
3103 2805 3120 2836 ι
3158 2787 3251 2841 Vir
3280 2787 3502 2841 miseri-

1920 2889 2063 2937 cors,
2093 2874 2419 2942 longanimis
2444 2874 2583 2928 est‘.
2617 2893 2635 2923 ι
2665 2874 2904 2929 Jacobus
2933 2894 2944 2928 :
2979 2896 2995 2926 ι
3030 2878 3309 2932 Patientes
3336 2879 3506 2947 igitur

238 2977 419 3022 estote
457 2967 696 3037 (fratres)
734 2982 905 3036 usque
937 2966 1004 3020 ad
1042 2964 1338 3019 adventum
1376 2962 1590 3017 Domini
1631 2978 1643 3012 :
1684 2975 1813 3015 ecce
1852 2962 2089 3031 agricola
2119 2971 2401 3031 exspectat
2438 2964 2742 3032 pretiosum
2782 2964 3022 3020 fructum
3077 2975 3237 3022 teme
3290 2969 3505 3038 patien-

241 3074 329 3112 ter
356 3063 538 3116 ferens
569 3061 744 3114 donec
781 3060 1014 3128 accipiat
1052 3056 1290 3127 pluviam
1332 3064 1740 3123 temporancam
1796 3062 1852 3106 et
1889 3054 2188 3107 serotinam
2234 3072 2244 3106 :
2289 3055 2560 3122 patientes
2603 3056 2770 3124 igitur
2815 3066 2993 3112 estote
3035 3068 3091 3113 et
3130 3076 3256 3121 vos,
3313 3075 3504 3114 exem-

238 3156 393 3223 plum
425 3152 656 3220 accipite
686 3149 892 3204 laboris
915 3159 971 3203 et
996 3146 1293 3217 patientizc,
1319 3143 1673 3215 prophetas’.
1709 3161 1727 3195 ι
1769 3143 1829 3197 ιιι
1870 3144 2164 3212 Evangelio
2189 3159 2408 3213 quoque
2432 3145 2699 3211 scriptum
2728 3156 2813 3200 est
2840 3163 2853 3200 :
2882 3165 2900 3197 ι
2934 3148 3193 3202 Vidcntes
3214 3159 3397 3204 autem
3423 3149 3505 3204 di-

237 3246 435 3315 scipuli
462 3243 700 3298 lacobus
727 3253 782 3296 et
810 3241 1081 3304 Joannes,
1111 3236 1243 3307 quia
1274 3237 1581 3290 noluissent
1611 3251 1708 3291 eos
1739 3235 1983 3304 recipere
2032 3235 2357 3290 Samaritani
2378 3276 2391 3299 ,
2432 3235 2693 3290 dixerunt
2725 3255 2738 3291 :
2776 3256 2793 3288 ι
2828 3238 3090 3302 Domine,
3133 3240 3218 3293 vis
3255 3241 3504 3298 dicamus

237 3344 301 3388 ut
328 3333 472 3404 ignis
497 3332 795 3386 descendat
820 3329 889 3383 de
918 3329 1079 3392 caelo,
1106 3336 1163 3381 et
1186 3335 1477 3380 consumat
1520 3340 1615 3379 eos
1644 3326 2109 3394 quemadmodum
2176 3326 2322 3381 Elias
2364 3325 2494 3379 fecit
2537 3328 2594 3378 ’1'
2628 3327 2939 3381 Conversus
2985 3339 3169 3382 autem
3198 3330 3361 3387 Jesus
3423 3335 3507 3390 in-

235 3425 486 3494 crepavit
527 3438 654 3487 eos,
691 3431 747 3476 et
790 3420 929 3475 dixit
968 3439 978 3472 :
1025 3438 1043 3469 ι
1089 3417 1353 3478 Nescitis,
1391 3418 1549 3486 cujus
1589 3418 1819 3486 spiritus
1858 3417 2227 3471 estistilius
2286 3418 2528 3472 hominis
2560 3434 2667 3471 non
2694 3420 2845 3473 venit
2873 3421 3102 3488 perdere
3133 3421 3346 3480 animas
3401 3426 3505 3482 ho-

236 3518 478 3580 minum,
506 3516 600 3571 scd
632 3516 812 3571 salvas
840 3529 936 3568 eas
967 3513 1149 3566 facere
1167 3512 1207 3563 ⁸.
1246 3529 1263 3561 ι
1298 3509 1403 3578 Ipsi
1433 3510 1605 3579 gloria
1638 3510 1693 3564 in
1723 3510 1922 3565 saecula
1957 3509 2308 3563 saaculorum.
2344 3510 2542 3565 Amen.

830 3626 1048 3681 ΛΟΓΟΣ
1085 3628 1233 3679 ΡΙΑ⁹.

761 3720 901 3787 Περὶ
935 3718 1307 3787 ἡγουμένων.

307 3841 479 3910 ⁴Ινησὶν
506 3841 539 3909 ή
566 3838 687 3891 θεία
717 3835 929 3907 Γραφὴ,
955 3835 1030 3897 ὼς
1062 3853 1079 3884 ι
1106 3833 1390 3902 Ἥρξατοό
1415 3829 1621 3899 Ἰησοῦς
1641 3830 1817 3881 ποιεῖν

234 3951 299 3987 τε
328 3934 422 3987 καὶ
452 3932 743 3985 διδάσκειν.
781 3948 798 3980 ι
842 3928 1067 3997 Πρῶτον
1098 3926 1322 3994 ἐποίησε
1363 3923 1458 3977 καὶ
1505 3922 1680 3983 οὕτως
1712 3920 1818 3973 ἐδίο

234 4024 419 4090 δαξεν.
461 4023 693 4092 Ὁμοίως
733 4021 825 4073 καὶ
858 4019 1018 4080 αὐτὸς
1075 4016 1381 4069 ἐντέλλεται
1415 4014 1624 4082 λέγων’
1662 4031 1680 4062 ι
1721 4012 1818 4073 ’ος

234 4119 460 4189 ποιήσει
506 4115 598 4168 καὶ
626 4114 851 4179 διδάξει.
886 4104 1043 4172 οὗτος
1080 4110 1252 4179 μέγας
1302 4106 1634 4177 κληθήσεται
1658 4105 1715 4156 ὲν
1747 4106 1814 4171 τῇ

239 4207 491 4280 βασιλείᾳ
517 4206 627 4260 τῶν
652 4202 919 4273 οὐρανῶν.
958 4221 976 4252 ι
1021 4201 1081 4254 '0
1108 4198 1570 4270 ὲμπιστευόμενος
1591 4197 1694 4251 ὑπὸ
1721 4195 1817 4248 τοῦ

236 4300 379 4354 Θεοῦ
400 4298 601 4370 ψυχὰς,
640 4295 837 4349 πολλοῦ
858 4294 1071 4362 ἀγῶνος
1103 4292 1272 4345 δεῖται
1329 4291 1469 4361 ὑπὲρ
1515 4291 1625 4344 τῶν
1654 4290 1816 4359 ἀρχο-

240 4394 447 4464 μένων,
473 4391 548 4454 ὡς
574 4390 729 4451 εἰδὼς
750 4390 833 4440 ὅτι
856 4386 948 4438 τὸν
966 4385 1109 4455 ὑπὲρ
1135 4382 1317 4436 αὐτῶν
1352 4381 1542 4450 ὑφέξει
1570 4380 1817 4432 κίνδυνον

238 4486 336 4538 καὶ
358 4482 675 4549 ἀπολογίαν,
705 4480 805 4533 οὑκ
837 4478 1057 4531 ἔλαττον
1100 4474 1207 4528 τῶν
1237 4472 1367 4543 περὶ
1394 4470 1591 4526 ἑαυτοῦ
1609 4489 1624 4503 ο
1652 4471 1681 4524 ὃ
1708 4472 1817 4541 γὰρ

238 4575 546 4646 παρέθεντο
562 4571 721 4635 πολὺ,
750 4568 1143 4641 περισσότερον
1173 4566 1575 4633 ἀπαιτήσουσιν
1624 4562 1813 4614 αὑτοῦ.

251 4667 491 4736 Ὀφείλει
519 4662 613 4719 οὑν
642 4664 672 4716 ό
700 4662 905 4734 ποιμὴν
920 4662 1042 4724 ὅλος
1067 4657 1195 4723 νοῦς
1229 4659 1325 4712 καὶ
1348 4654 1630 4726 ὀφθαλμὸς
1653 4650 1813 4718 εἶναι,

239 4762 333 4814 ἵνα
387 4758 461 4828 μὴ
516 4756 574 4809 ἓν
629 4755 739 4809 τῶν
767 4750 1241 4824 ὲμπιστευθέντων
1288 4747 1438 4817 αὑτῷ
1484 4743 1818 4817 θρεμμάτων

236 4850 613 4920 ἀπρόσδεκτον
633 4848 863 4916 γένηται
884 4843 973 4896 διὰ
994 4840 1094 4912 τῆς
1121 4840 1406 4911 ἀμελείας,
1435 4840 1469 4911 ἢ
1514 4836 1817 4909 λειχήνιοῦν

2480 3623 2766 3679 llOMlLiA
2806 3625 2939 3677 CXI.

2426 3712 2499 3765 De
2528 3715 2608 3766 his
2633 3715 2722 3782 qui
2759 3722 3017 3782 prmum.

1995 3841 2085 3895 Ait
2119 3840 2431 3909 Scriptura,
2457 3842 2588 3910 quia
2632 3861 2650 3891 ι
2686 3842 2856 3911 οωιιὴ
2882 3843 3043 3898 Jcsus
3089 3844 3271 3899 facere
3304 3855 3362 3901 et
3398 3847 3503 3902 do-

1923 3934 2109 3986 cere'.
2152 3951 2171 3983 ι
2218 3933 2462 3986 Primum
2504 3932 2655 3993 fecit.
2702 3942 2757 3987 et
2802 3934 2883 3989 sic
2943 3934 3153 4000 docuit,
3198 3952 3300 3991 nec
3342 3953 3505 3994 secus

1923 4023 2103 4079 sancit
2127 4032 2403 4093 praecepto
2442 4022 2779 4085 faciendum.
2812 4026 3005 4080 dicens
3047 4044 3061 4079 :
3110 4045 3129 4078 ι
3173 4026 3278 4093 Qui
3309 4029 3505 4084 fecerit

1923 4123 1980 4168 et
2018 4114 2291 4177 docuerit,
2323 4114 2413 4168 hic
2460 4130 2692 4185 magnus
2723 4117 3013 4171 vocabitur
3051 4118 3104 4172 in
3137 4134 3306 4188 regno
3335 4122 3496 4176 cmloo

1924 4221 2045 4259 rum
2076 4206 2118 4259 ⁸.
2160 4224 2179 4256 ι
2233 4206 2284 4260 Is
2325 4205 2494 4276 igitur
2523 4207 2681 4275 cujus
2723 4206 2851 4261 ﬁdei
2903 4209 3073 4262 tutela
3114 4210 3424 4264 animarum
3471 4228 3501 4266 a

1923 4297 2036 4351 Deo
2065 4296 2385 4351 concredita
2418 4305 2526 4363 est,
2550 4313 2660 4351 non
2692 4298 2958 4353 mediocri
2990 4299 3175 4354 studio
3201 4300 3503 4370 advigilare

1923 4388 2089 4443 debet
2143 4403 2243 4457 pro
2289 4388 2465 4442 salute
2511 4388 2867 4443 subditorum
2906 4407 2920 4442 :
2956 4391 3163 4460 quippe
3211 4392 3305 4460 qui
3349 4402 3503 4447 certo

1923 4481 2063 4535 sciat
2104 4495 2163 4534 se
2212 4494 2315 4549 pro
2360 4479 2471 4534 illis
2507 4480 2791 4535 aditurum
2848 4496 2971 4535 esse
3014 4482 3211 4538 anima:
3267 4484 3504 4552 propriie

1925 4571 2252 4640 periculum,
2288 4578 2344 4624 at
2376 4570 2602 4640 quidem
2633 4586 2736 4639 pro
2770 4586 2829 4626 se
2858 4587 2927 4626 ne
2959 4572 3241 4626 minimam
3275 4573 3502 4628 habitu--

1924 4676 2046 4715 rum
2096 4676 2220 4715 esse
2269 4658 2708 4714 excusationem.
2748 4659 2830 4713 Ab
2883 4676 2951 4714 eo
2997 4661 3145 4714 enim
3191 4661 3280 4713 cui
3328 4662 3499 4716 multa

1924 4751 2173 4823 apposita
2206 4761 2356 4815 sunt,
2402 4750 2778 4805 abundantius
2810 4761 3084 4820 repetent.
3133 4752 3304 4807 Debet
3335 4752 3503 4822 igitur

1923 4849 2113 4910 pastor
2146 4850 2297 4895 totus
2339 4855 2462 4894 esse
2492 4855 2650 4895 mens
2682 4850 2739 4895 et
2774 4842 2991 4903 oculus,
3020 4852 3082 4896 ut
3121 4858 3192 4898 ne
3238 4858 3346 4897 una
3381 4844 3505 4914 qui-

238 4946 352 4999 ἀπδ
383 4940 677 5010 λογισμῶν,
696 4939 731 5009 ἢ
762 4934 1005 5007 ψωριοῦν
1022 4937 1091 5005 τῇ
1125 4931 1524 5000 συγκαταθέσει
1552 4928 1753 4993 αὑτῶν,
1782 4928 1815 4997 ἦ

1929 4933 2048 4986 dem
2091 4932 2536 4987 eonereditarum
2566 4933 2671 4986 sibi
2706 4934 2979 5002 pecudum
3020 4934 3250 5004 rejicula
3314 4935 3410 4989 lia!
3444 4944 3505 4992 ct

239 5034 417 5109 χωλὸν
432 5032 501 5085 δι’
522 5030 619 5086 ἀσέ
630 5047 762 5101 μνου
787 5025 1183 5098 βαδίσματος,ἦ
1202 5023 1519 5093 ὼτότμητον
1538 5021 1624 5075 διὰ
1644 5036 1819 5090 παρα-

239 5130 400 5197 κοῆς,
432 5127 466 5197 ἢ
498 5124 700 5193 τυφλὸν
729 5122 815 5175 διὰ
871 5120 1045 5183 κακῆς
1101 5118 1366 5187 ὁράσεως,
1408 5115 1442 5185 ἢ
1484 5114 1818 5184 θηριάλωτον

238 5222 340 5277 καὶ
374 5219 696 5288 θνησιμαῖον
722 5215 810 5267 διὰ
840 5213 1018 5280 κακῆς
1049 5208 1317 5278 πράξεως.
1359 5208 1447 5269 Ὠς
1482 5201 1577 5258 οὖν
1605 5204 1818 5274 εἴρηται

238 5315 532 5385 γινώσκων
561 5310 643 5363 ὅτι
686 5308 847 5375 λόγον
879 5306 1019 5374 ὑπὲρ
1044 5303 1223 5356 αὑτῶν
1266 5300 1474 5370 ὑφέξει,
1511 5298 1644 5350 πολὺ
1670 5294 1819 5363 ὀφεί-

238 5410 325 5461 λει
354 5406 719 5475 ὲναγρυπνεῖν
770 5402 836 5469 τῇ
862 5399 1070 5469 ποίμνῃ
1105 5394 1291 5449 αὑτοῦ.
1349 5394 1458 5445 Καὶ
1489 5391 1565 5453 ὼς
1597 5391 1818 5459 ἄριστος

244 5499 431 5571 ἰατρὸς
468 5499 569 5568 τὴν
622 5494 1009 5563 προσήκουσαν
1058 5489 1276 5556 ἑκάστῳ
1343 5484 1505 5538 πάθει
1566 5482 1818 5553 βοήθειαν

1926 5026 2150 5097 indigna
2182 5041 2305 5095 quae
2336 5026 2638 5095 recipiatur
2663 5042 2693 5080 a
2725 5027 2960 5080 Domino
3001 5042 3100 5097 per
3126 5028 3501 5094 oscitantiam,

1924 5128 2020 5173 aut
2065 5117 2291 5173 decolor
2317 5116 2390 5171 sit
2434 5116 2753 5187 impetigine
2785 5118 3182 5187 cogitationum
3206 5119 3250 5181 ⁷,
3276 5127 3372 5173 aut
3403 5135 3503 5189 per

1923 5225 2079 5264 suam
2122 5206 2363 5278 pastoris
2387 5206 2787 5276 indulgentiam
2831 5207 3044 5262 laboret
3076 5222 3141 5262 ac
3164 5209 3378 5277 pruriat
3405 5224 3505 5278 pe-

1925 5317 2024 5355 cus
2052 5300 2200 5356 {teda
2241 5300 2448 5362 scabie,
2490 5314 2560 5353 ne
2594 5299 2873 5354 claudicet
2910 5315 3010 5369 per
3044 5300 3413 5370 irreligiosum
3440 5315 3507 5354 ac

1925 5392 2108 5445 minus
2148 5405 2369 5459 gravem
2407 5388 2708 5453 incessum.
2748 5398 2844 5442 aut
2882 5388 3099 5444 defecta
3131 5389 3202 5443 sit
3242 5403 3373 5442 aure
3408 5403 3507 5457 per

1926 5480 2361 5535 inobedientiam
2454 5494 2523 5533 ne
2579 5495 2721 5533 cmca
2783 5494 2906 5534 esse
2976 5479 3351 5550 comperiatur
3409 5495 3508 5547 per

313 5684 381 5715 "‘
420 5682 583 5735 Prov.
614 5694 725 5737 xw.
752 5676 843 5730 32.
918 5674 963 5705 θ’
1005 5672 1134 5740 8³1³·
1161 5687 1239 5731 "lo
1266 5672 1321 5725 δ·
1400 5670 1445 5699 ’³
1486 5668 1646 5740 ΡΜΣ·
1677 5683 1730 5730 κν
1763 5665 1814 5719 8'

1929 5665 2148 5740 ‘Algec‘li.
2185 5663 2393 5740 ιι,-1;ϐ.
2470 5664 2515 5693 "
2549 5663 2692 5740 Psai.
2728 5678 2979 5740 ettxatvm.
3012 5661 3109 5740 ⁸25Δ
3130 5662 3221 5740 ἓξ.
3297 5660 3343 5740 ’f
3360 5660 3502 5740 [’sal.

244 5770 371 5813 nv,
399 5753 449 5805 1.
522 5752 568 5783 ’τ
611 5749 753 5803 Psal.
787 5763 869 5807 ιιι,
902 5745 988 5798 15.
1067 5743 1111 5774 ’⁸
1152 5742 1279 5809 Sap.
1314 5757 1352 5813 ι,
1385 5742 1437 5793 6.

244 5842 321 5887 ιιι,
354 5812 441 5876 54.
517 5820 537 5850 ⁸
576 5819 714 5872 ibid.
744 5818 840 5880 55,
869 5814 956 5868 56.
1038 5814 1056 5844 '
1093 5813 1211 5865 Act.
1252 5827 1288 5874 ι,
1318 5812 1366 5865 1.

1515 5740 1557 5768 ”
1598 5738 1760 5791 Prov.
1794 5752 1823 5788 κ

1955 5736 2044 5793 27.
2074 5735 2161 5787 28.
2242 5736 2256 5765 '
2303 5735 2460 5787 Prov.
2502 5749 2562 5796 ιι,
2613 5732 2699 5786 17.
2776 5735 2795 5763 ’
2843 5732 3040 5795 Jac.v,
3079 5733 3132 5796 7,
3175 5730 3229 5785 8.
3308 5730 3328 5761 ³
3365 5729 3497 5784 Luc.

1457 5808 1475 5840 ⁸
1506 5806 1696 5861 Matth.
1738 5822 1788 5867 γ,
1837 5806 1921 5859 19.
2000 5806 2016 5834 ⁷
2042 5804 2218 5859 Levit.
2246 5820 2353 5868 xxi,
2394 5803 2417 5856 1
2454 5818 2607 5864 seqq.
