4178 6424
253 425 385 487 i777

1124 434 1448 495 HOMILIA
1489 437 1640 497 CXI.
1675 460 1735 470 -
1762 436 1858 494 DE
1898 433 2030 493 IIIS
2069 433 2202 505 QUI
2244 433 2635 493 PII/ESUNT.

3372 426 3511 495 1778

245 541 443 606 θ-δμείν
490 539 581 592 καὶ
633 541 954 609 ἀνέχεσθαι,
1007 543 1091 595 ἵνα
1144 544 1219 612 μὴ
1270 545 1480 614 ἀκούσῃ
1536 544 1684 612 παρὰ
1732 542 1825 595 τοῦ

1950 551 2086 597 teste
2127 552 2183 598 et
2222 542 2527 597 secundum
2576 540 2850 601 ordinem,
2902 540 2966 593 ad
3003 554 3196 593 eorum
3243 539 3509 593 informa-

245 631 447 683 Δαυῒδ·
488 648 505 679 1
557 631 615 683 ὐ
646 630 905 683 πλάσσων
936 632 1103 685 κόπον
1148 634 1240 686 ἐπὶ
1272 635 1622 703 πρόσταγμα.
1666 653 1683 685 ι
1720 634 1831 686 Καὶ

245 720 402 789 παρὰ
432 720 525 773 τοῦ
560 721 925 791 Σολομῶντος,
961 741 979 773 1
1019 723 1101 776 Τὰ
1131 724 1417 793 σπλάγχνα
1467 725 1574 775 τῶν
1621 724 1833 775 ἀσεϐῶν

246 811 638 878 ἀνελεήμονα·
702 833 720 863 ι
764 815 899 866 ἀλλὰ
958 816 1160 884 μᾶλλον
1213 816 1441 889 ἀκούσῃ,
1501 835 1518 867 ι
1582 817 1833 879 Γνωστὶτς

248 904 530 976 ἐπιγνὼσῃ
556 907 660 969 τὰς
680 907 856 977 ψυχὰς
884 908 975 960 τοῦ
1003 908 1253 977 ποιμνίου
1286 926 1398 963 σου.
1435 930 1451 960 ι
1478 910 1606 969 Καὶ,
1635 927 1651 959 1
1692 910 1832 960 Ἰἰπι-

250 998 477 1064 στήσεις
509 999 731 1067 καρδίαν
764 1018 856 1053 σου
886 1005 1005 1063 ταῖς
1035 1002 1275 1069 ἀγέλαις.
1320 1021 1339 1054 ι
1372 1004 1502 1062 Καὶ,
1564 1021 1582 1052 ι
1624 1003 1832 1071 Ποιμα-

248 1088 335 1137 νεῖ
372 1086 588 1149 δικαίας
618 1088 798 1157 ψυχὰς
838 1090 1049 1158 κτηνῶν
1080 1089 1267 1144 αὑτοῦ.
1311 1111 1329 1141 ι
1360 1094 1451 1143 Δεῖ
1473 1092 1527 1144 δέ
1564 1091 1729 1142 πάλιν
1762 1089 1836 1161 μὴ

251 1180 623 1248 παρασιωπᾷν
676 1180 744 1233 τὰ
797 1181 1157 1248 ἐλαττώματα
1211 1182 1414 1235 αὐτῶν.
1482 1203 1499 1233 1
1560 1182 1656 1234 Υἱὲ
1703 1180 1834 1250 γὰρ,

252 1288 328 1337 φη
340 1270 445 1333 σἰν,
466 1272 780 1341 ἀνθρώπου,
806 1275 1002 1326 σκοπην
1022 1274 1227 1328 δέδωκά
1248 1292 1305 1327 σε
1339 1274 1414 1344 τῷ
1431 1277 1566 1344 οἴκῳ
1593 1275 1831 1345 Ἰσραήλ.

270 1361 398 1413 Ἐὰν
434 1358 527 1415 οὖν
554 1363 636 1435 ἴδη
680 1365 709 1416 6
734 1364 934 1427 σκοπὸς
958 1365 1055 1435 τὴν
1089 1367 1363 1435 ῥομφαίαν
1392 1366 1715 1436 ἐρχομένην,
1741 1368 1836 1419 καὶ

253 1454 519 1523 σαλπίςη,
554 1456 646 1508 καὶ
678 1456 706 1507 ὁ
730 1458 969 1518 ἀκούσας
999 1458 1073 1527 μὴ
1105 1457 1432 1528 φυλάξηται,
1466 1458 1530 1511 τὸ
1564 1454 1704 1528 αἷμα
1737 1460 1835 1511 αὖ-

250 1544 351 1596 τοῦ
386 1544 481 1596 ἐπὶ
506 1546 603 1613 τῆς
642 1547 886 1614 κεφαλῆς
935 1546 1122 1601 αὐτοῦ.
1160 1550 1265 1600 Καὶ
1305 1550 1333 1599 6
1378 1548 1579 1610 σκοπὸς
1625 1552 1720 1602 ἐὰν
1751 1550 1836 1620 ἴδῃ

251 1636 357 1705 τὴν
379 1636 675 1705 ῥομφαίαν,
700 1640 793 1690 καὶ
827 1639 898 1707 μὴ
923 1657 987 1708 ση
1000 1642 1163 1708 μανῇ,
1216 1640 1306 1693 καὶ
1335 1640 1473 1711 λάϐῃ
1493 1639 1615 1692 τινὰ
1647 1641 1678 1710 ἡ
1706 1642 1838 1709 ῥομ-

255 1728 418 1793 φαία,
438 1728 499 1779 τδ
528 1724 662 1796 αἷμα
692 1730 856 1782 αὑτοῦ
888 1732 952 1782 ἐκ
982 1732 1081 1798 τῆς
1112 1730 1297 1801 χειρὸς
1323 1730 1416 1784 τοῦ
1440 1731 1643 1784 σκοποῦ
1671 1731 1837 1801 ἐκζη-

252 1820 431 1887 τήτω.
472 1838 489 1868 ι
537 1819 815 1883 Μαθοντες
858 1817 1283 1891 οὗνΙήγούμενον
1321 1823 1411 1875 τον
1457 1824 1838 1893 ἐπηρτημένον

1935 636 2141 689 tionem
2186 651 2326 705 quos
2380 635 2545 689 habet
2578 632 2728 687 dicto
2762 632 3072 686 audientes.
3112 633 3376 702 Quisquis
3409 632 3513 703 igi-

1934 734 2026 778 tur
2076 727 2374 795 prmsidct,
2424 742 2492 780 co
2543 726 2778 779 sortitur
2834 725 3083 793 praesidis
3131 725 3513 778 nomenelatu-

1936 832 2101 877 ram,
2181 817 2324 885 quod
2394 826 2623 872 cretcros
2695 816 3110 884 antcgrcdiatur
3180 818 3513 871 strenuitatc

1934 908 2137 975 operis.
2188 907 2379 974 Neque
2419 907 2567 961 enim
2618 907 2670 960 id
2719 904 2965 959 nominis
3019 905 3263 973 (nudum
3311 908 3355 960 si
3398 906 3513 974 est)

1937 997 2149 1050 inducit
2203 996 2255 1048 in
2304 1012 2532 1064 regnum
2584 997 2851 1051 caelorum
2878 1036 2891 1057 ,
2926 997 3018 1049 sed
3060 1011 3163 1049 nec
3206 1012 3388 1051 sermo
3426 998 3511 1052 in-

1935 1087 2123 1141 efﬁcax
2175 1088 2341 1140 ullam
2409 1087 2571 1142 all'crt
2637 1087 2884 1141 audienti
2948 1086 3512 1142 utilitatemzverum

1936 1181 2187 1248 operatio
2226 1188 2426 1247 potens
2460 1180 2504 1232 si
2536 1186 2621 1232 est
2648 1216 2662 1239 ,
2710 1186 2986 1247 pastorem
3019 1180 3199 1247 ipsum
3231 1193 3331 1231 ceu
3363 1188 3517 1234 certo

1936 1272 2243 1341 specimine
2296 1272 2541 1325 declarat
2593 1285 2713 1324 esse.
2783 1270 3087 1322 veridicum
3176 1270 3513 1324 doctorem:

1942 1385 1961 1416 1
1994 1367 2097 1432 Qui
2145 1367 2292 1420 enim
2322 1367 2516 1420 fecerit
2545 1380 2717 1420 unum
2750 1366 2817 1419 de
2849 1365 3122 1419 mandatis
3144 1374 3200 1418 et
3238 1366 3512 1428 docuerit,

1940 1456 2028 1510 hic
2054 1470 2284 1525 magnus
2313 1455 2600 1510 vocabitur
2633 1456 2687 1508 in
2717 1471 2886 1525 regno
2916 1457 3220 1520 cmlorum;
3249 1475 3266 1506 ι
3301 1458 3517 1527 1208

1936 1547 2030 1617 qui
2082 1555 2267 1600 autem
2301 1562 2397 1614 per
2432 1546 2765 1601 inefﬁcacem
2800 1548 3180 1616 operationem
3224 1564 3242 1597 1
3286 1549 3518 1602 solverit

1938 1651 2109 1691 unum
2166 1637 2233 1690 de
2282 1637 2577 1698 mandatis,
2609 1646 2663 1690 et
2693 1637 2950 1692 docuerit
2993 1654 3246 1694 sermone
3291 1638 3515 1707 quidem

1941 1727 2165 1797 infrugi,
2188 1728 2449 1782 minimus
2477 1727 2768 1782 vocabitur
2792 1729 2854 1781 π.
2894 1747 2911 1779 ι
2935 1728 3078 1794 Quin
3102 1729 3283 1799 potius
3300 1745 3515 1785 merce-

1940 1822 2080 1875 narii
2126 1822 2276 1875 illius
2317 1829 2544 1891 cogetur
2592 1822 2783 1877 subire
2833 1824 3189 1887 sententiam,
3237 1824 3331 1893 qui
3387 1824 3519 1894 lupo

255 1912 390 1977 ὑμῖν
424 1912 561 1983 ὑπὲρ
595 1913 704 1965 τῶν
737 1914 1005 1984 φοιτητῶν
1038 1917 1279 1968 κίνδυνον
1313 1915 1577 1986 ἀγρύπνῳ
1605 1916 1836 1977 διανοίας

1947 1915 2195 1969 admorsu
2246 1915 2495 1969 dentium
2551 1931 2772 1986 gregem
2832 1916 2935 1969 sibi
2991 1914 3265 1970 creditum
3315 1916 3521 1971 dilace-

253 2005 469 2072 ὄμματι
503 2007 927 2071 ἐπισκοποῦντες
959 2009 1058 2080 τὴν
1084 2010 1319 2078 ποίμνην
1348 2010 1447 2081 τὴν
1473 2010 1696 2079 λογικὴν
1742 2010 1834 2061 τοῦ

253 2095 493 2164 Κυρίου,
538 2096 753 2165 γίνεσθε
790 2099 930 2151 κατὰ
972 2101 1063 2152 τὸν
1114 2100 1304 2153 Ἰακὼϐ
1345 2102 1732 2171 συγκαιόμενοι
1760 2101 1837 2171 τῷ

254 2187 503 2254 καύματι
535 2189 635 2249 τὰς
664 2191 877 2260 ἡμέρας
905 2192 999 2243 καὶ
1025 2191 1101 2260 τῷ
1125 2193 1348 2261 παγετῷ
1374 2194 1474 2261 τῆς
1497 2193 1709 2255 νυκτὸς,
1744 2194 1837 2245 καὶ

251 2279 552 2344 ἀφεστάθω
573 2280 602 2331 6
622 2279 787 2343 ῦπνος
813 2282 923 2334 ἀπὸ
942 2283 1051 2333 τῶν
1072 2283 1369 2353 ὀφθαλμῶν
1395 2284 1547 2353 ὑμῶν
1575 2285 1713 2354 ὑπὲρ
1742 2283 1835 2337 τοῦ

255 2370 335 2439 μὴ
368 2369 702 2441 Θηριάλωτον
739 2374 993 2441 γενέσθαι
1024 2375 1082 2427 ἓν
1112 2377 1218 2427 τῶν
1255 2377 1561 2447 προϐάτων.
1600 2378 1835 2430 Βλέπετε

257 2459 336 2530 μὴ
382 2461 688 2530 ἀκούσητε·
718 2482 736 2513 1
794 2463 926 2517 Ἰδοὺ
976 2464 1087 2532 ἐγὼ
1133 2466 1224 2519 ἐπὶ
1265 2468 1389 2529 τοὺς
1426 2467 1709 2536 ποιμένας,
1744 2468 1838 2520 καὶ

251 2552 544 2621 ἐκζητήσω
587 2556 655 2608 τὰ
692 2556 938 2624 πρόϐατά
970 2574 1073 2625 μου
1106 2560 1168 2610 ἐκ
1198 2560 1296 2629 τῆς
1324 2561 1503 2630 χειρὸς
1529 2561 1727 2612 αὐτῶν.
1761 2562 1834 2612 υύ

251 2644 368 2711 γὰρ
397 2643 729 2713 ἐξεζήτησαν
768 2649 815 2700 οἱ
859 2648 1113 2716 ποιμένες
1148 2650 1218 2703 τὰ
1260 2651 1511 2720 πρόϐατά
1551 2668 1687 2721 μουο
1744 2653 1839 2706 καὶ

255 2736 568 2802 ἑϐόσκησαν
600 2738 848 2802 ἑαυτοὺς,
883 2740 951 2792 τὰ
975 2740 1032 2793 δὲ
1068 2742 1313 2811 πρόϐατά
1342 2761 1443 2810 μου
1478 2745 1578 2797 οὐκ
1608 2744 1836 2815 ἐϐόσκηε

258 2843 415 2881 σαν.ι
451 2829 558 2880 Kal.
588 2828 675 2882 διὰ
692 2830 982 2900 Ἱερεμίουσ
1009 2852 1027 2883 1
1053 2835 1114 2884 Οί
1138 2834 1394 2902 ποιμένες
1426 2835 1476 2886 οι
1510 2836 1839 2899 ἀπολλύντες

258 2916 358 2968 καὶ
381 2917 856 2986 διασκορπίζοντες
882 2921 950 2973 τὰ
974 2922 1221 2990 πρόϐατα
1246 2923 1346 2992 τῆς
1370 2924 1542 2992 νομῆς
1579 2942 1700 2994 μου.
1742 2925 1841 2977 Διὰ

256 3006 424 3059 τοῦτο
459 3009 569 3061 ἰδοῦ
599 3009 709 3076 ἐγὼ
733 3010 935 3064 ἐκδικῶ
958 3013 1048 3079 ἐφ’
1074 3014 1220 3082 ὑμᾶς
1246 3015 1339 3067 ἐπὶ
1367 3017 1433 3068 τὰ
1464 3017 1675 3085 πονηρὰ
1721 3018 1841 3069 ἐπι-

258 3099 578 3168 τηδεύματα
611 3102 784 3171 ὑμῶν.
826 3122 845 3154 ι
895 3104 1109 3174 Ἀνδρος
1147 3101 1240 3158 οὖν
1280 3106 1507 3169 τελείου,
1539 3109 1634 3160 καὶ
1679 3110 1840 3161 εύλα-

1940 2020 2095 2063 rantc
2125 2025 2187 2062 ac
2212 2010 2587 2078 dispergcnte,
2623 2007 2678 2061 in
2709 2007 2889 2077 fugam
2928 2023 2986 2061 se
3012 2009 3310 2078 proripuit.
3344 2008 3521 2079 Opor-

1942 2107 2018 2154 tet
2047 2100 2215 2169 igitur
2261 2099 2327 2152 ad
2364 2099 2550 2151 omnia
2582 2114 2685 2152 usu
2736 2098 3108 2162 disert-tionis,
3148 2099 3324 2153 solcrs
3355 2108 3414 2152 ut
3449 2100 3521 2153 sit

1936 2203 1993 2247 et
2043 2190 2353 2246 industrius
2388 2208 2401 2243 :
2441 2188 2537 2243 sed
2572 2198 2629 2243 et
2666 2204 2790 2257 qua:
2828 2188 3058 2257 jusserit
3103 2204 3205 2258 pro
3250 2199 3521 2258 potestate

1937 2285 2210 2345 facienda,
2234 2300 2297 2337 cv
2330 2300 2487 2354 :equo
2517 2293 2573 2339 et
2612 2285 2760 2339 bono
2790 2284 3101 2346 coordinet,
3148 2300 3253 2340 nec
3280 2286 3521 2338 necessi-

1941 2385 2051 2431 tate
2081 2377 2295 2447 adigat,
2324 2378 2420 2432 sed
2470 2387 2808 2447 spontaneos
2840 2376 2943 2431 sibi
2968 2376 3321 2431 auctionetur
3352 2376 3521 2431 disci-

1939 2472 2097 2542 pulos
2150 2492 2163 2526 :
2219 2488 2346 2527 eum
2403 2474 2636 2542 proinde
2700 2473 2793 2543 qui
2852 2473 3036 2526 minus
3104 2480 3257 2540 paret
3320 2472 3469 2527 dicto
3504 2514 3519 2535 ,

1940 2560 2329 2631 longanimiter
2388 2561 2564 2625 ferat,
2598 2569 2659 2614 ut
2720 2576 2789 2615 ne
2843 2561 3066 2616 interim
3118 2562 3171 2615 in
3224 2578 3281 2617 se
3341 2561 3527 2616 detor-

1937 2656 2092 2724 queri
2145 2654 2278 2708 illud
2332 2652 2557 2707 Davidis
2605 2661 2992 2722 promereatur
3040 2654 3286 2709 audire:
3349 2675 3366 2706 1
3419 2654 3523 2721 Qui

1940 2746 2101 2816 fingis
2126 2745 2372 2799 laborem
2414 2746 2468 2799 in
2523 2754 2805 2815 praecepto
2830 2745 2892 2797 ¹¹.
2932 2764 2949 2795 ι
2988 2745 3126 2800 Illud
3162 2746 3291 2799 item
3331 2760 3397 2799 ex
3429 2746 3527 2801 Sa-

1942 2839 2159 2892 lomone
2195 2855 2212 2891 :
2246 2858 2264 2889 1
2315 2838 2538 2893 Viscera
2595 2837 2894 2906 impiorum
2955 2838 3204 2892 crudelia
3230 2838 3293 2891 ".
3332 2858 3350 2890 ι
3382 2837 3525 2903 Quin

1942 2931 2127 3000 potius
2191 2930 2477 2985 adnitatur
2519 2939 2578 2983 ut
2611 2930 2802 2983 audiat
2825 2930 2867 2961 ¹³
2906 2950 2918 2985 :
2960 2951 2978 2982 1
3031 2931 3406 3001 lntelligentes
3437 2946 3529 3001 ag-

1942 3038 2142 3076 nosces
2189 3023 2406 3075 auimas
2446 3023 2629 3091 gregis
2674 3023 2776 3084 tui,
2823 3032 2879 3077 et
2921 3038 3169 3093 appones
3230 3038 3326 3077 cor
3372 3032 3525 3076 tuum

1944 3114 2055 3167 tuis
2099 3113 2365 3167 armentis
2392 3114 2455 3166 ¹⁸.
2493 3133 2509 3163 ι
2548 3115 2656 3167 Et:
2695 3133 2712 3165 1
2742 3116 2939 3169 Pascet
2976 3115 3161 3185 justus
3188 3114 3399 3168 animas
3435 3115 3526 3185 ju-

258 3190 415 3253 ϐοῦς,
446 3192 537 3242 καὶ
566 3193 872 3256 ἀγωνιστοῦ
902 3198 1049 3247 ἐστιν
1074 3197 1107 3265 ἡ
1136 3197 1400 3251 διακονία.
1436 3198 1603 3250 ιὨστε
1643 3200 1842 3253 ειδέναι

1948 3213 2258 3259 mentorum
2287 3220 2516 3257 suorum
2547 3203 2612 3258 “.
2649 3224 2667 3257 ι
2706 3205 2939 3260 Necesse
2969 3221 3179 3269 rursus,
3221 3213 3281 3259 ut
3311 3220 3379 3258 ne
3400 3205 3531 3259 sub-

258 3286 386 3334 τινὰ
420 3284 801 3353 ἐπιστημόνως
844 3287 1098 3356 ἡγεῖσθαι
1138 3290 1525 3361 ἀδελφότητος,
1572 3294 1714 3344 κατὰ
1748 3293 1845 3361 τὴν

260 3374 531 3440 λέγουσαν
573 3376 817 3445 Γραφήψ
858 3396 875 3427 1
934 3378 1266 3449 Ἰῐγούμενόν
1304 3398 1365 3434 σε
1402 3383 1733 3450 κατέστησα,
1770 3384 1845 3454 μὴ

260 3464 533 3535 ἐπαίρου·
581 3468 867 3536 φρόντισον
899 3470 1099 3534 αὐτῶν,
1139 3472 1236 3524 καὶ
1282 3470 1424 3525 οὕτω
1470 3474 1716 3535 κάθισον,
1751 3476 1845 3527 καὶ

261 3558 452 3610 πᾶσαν
480 3561 580 3625 τὴν
624 3560 815 3629 χρείαν
852 3577 945 3612 σου
988 3564 1221 3631 ποιήσας
1249 3564 1506 3618 ἀνάπεσε.
1552 3584 1570 3614 ι
1617 3566 1754 3634 φησι
1789 3567 1845 3619 δέ

262 3650 362 3700 καὶ
391 3650 419 3700 6
442 3649 647 3701 Γεδεὼν
675 3653 785 3714 τοῖς
804 3653 1135 3721 τριακοσίοις
1164 3655 1638 3724 συνπολεμισταῖς,
1668 3677 1684 3709 ι
1726 3661 1846 3710 ’Λπ“

262 3740 401 3810 ἐμοῦ
432 3737 648 3807 (ᾤεσθε,
681 3744 772 3795 καὶ
804 3743 945 3796 οὕτω
972 3747 1255 3815 ποιήσατε.
1296 3767 1314 3800 ι
1357 3750 1593 3817 Ὁμοίως
1637 3753 1665 3803 6
1704 3752 1849 3804 Ἀϐι-

266 3834 440 3904 μελέχ
468 3834 650 3887 λαϐὼν
690 3837 910 3906 φορτίον
942 3837 1135 3900 ξύλων,
1166 3842 1261 3893 καὶ
1294 3842 1504 3905 ἐπιθεὶς
1539 3846 1651 3906 τοῖς
1679 3843 1847 3913 ὧμοις

264 3926 465 3987 aiio-3,
515 3923 636 3979 εἷπε
683 3928 760 3996 τῷ
812 3929 930 3997 μετ’
956 3931 1121 3983 ούτοῦ
1152 3933 1266 4001 λαῷ
1290 3949 1303 3962 ·
1356 3953 1373 3985 ι
1400 3935 1486 3998 Ὠς
1526 3935 1751 4004 βλέπετέ
1784 3955 1850 4007 με

268 4013 553 4076 ποιοῦντα,
587 4018 849 4085 ποιήσατε
899 4019 991 4072 καὶ
1022 4021 1200 4089 ὑμεῖς.
1246 4041 1264 4074 ι
1301 4025 1410 4077 Καὶ
1446 4026 1575 4094 περὶ
1604 4026 1699 4078 τοῦ
1738 4026 1851 4079 Ἰω-

268 4105 385 4174 σὴφ
412 4106 441 4157 6
471 4105 797 4175 Ψαλμῳδὸς,
853 4127 870 4158 1
925 4110 1277 4183 Κατέστησεν
1308 4115 1491 4173 αὑτὸν.
1526 4118 1712 4185 φησιν,
1755 4117 1851 4170 κύ-

271 4212 390 4266 ριον
434 4196 529 4248 τοῦ
559 4198 710 4249 οἴκου
739 4198 928 4263 αὑτοῦ,
962 4200 1052 4251 καὶ
1083 4202 1318 4271 ἄρχοντα
1358 4204 1538 4273 πάσης
1576 4205 1673 4275 τῆς
1716 4207 1852 4275 κτή-

271 4305 417 4351 σεως
447 4288 635 4351 αὑτοῦ,
662 4289 757 4343 τοῦ
787 4292 1077 4345 παιδεῦσαι
1111 4296 1236 4353 τοὺς
1269 4298 1535 4366 ἄρχοντας
1572 4297 1737 4351 αὑτοῦ
1778 4298 1853 4362 ὼς

270 4383 487 4447 ἑαυτὸν,
538 4385 635 4437 καὶ
689 4385 816 4447 τοὺς
862 4386 1268 4457 πρεσϐυτέρους
1312 4389 1476 4441 αὑτοῦ
1536 4390 1776 4459 σοφίσαι.
1830 4410 1846 4442 ι

270 4476 385 4529 Καὶ
432 4475 460 4527 6
503 4475 714 4541 Παῦλος
742 4491 757 4506 ·
800 4495 819 4527 1
855 4476 1254 4543 Νουθετοῦντες
1276 4481 1456 4533 πάντα
1480 4482 1767 4553 ἄνθρωπον
1798 4484 1856 4536 ἐν

1949 3295 2189 3349 ditorum
2247 3305 2425 3348 errata
2474 3296 2864 3365 praetermittas
2912 3296 3183 3360 silentio;
3252 3296 3330 3350 ait
3378 3295 3527 3350 enim

1949 3387 2235 3455 Scriptura
2292 3406 2302 3440 :
2367 3405 2384 3436 1
2420 3386 2545 3451 Fili,
2601 3388 3006 3456 speculatorem
3065 3386 3191 3439 dedi
3240 3394 3292 3441 te
3336 3384 3527 3440 domui

1951 3480 2209 3543 lsracl;si
2246 3480 2414 3549 igitur
2444 3479 2650 3534 viderit
2679 3480 2995 3548 speculator
3023 3477 3265 3549 gladium
3302 3478 3532 3533 venien-

1948 3582 2057 3627 tem
2090 3586 2146 3626 et
2187 3573 2318 3627 tuba
2357 3572 2664 3636 cecinerit,
2690 3580 2746 3625 et
2775 3571 2866 3641 qui
2896 3570 3154 3633 audierit,
3198 3586 3305 3623 non
3336 3570 3531 3624 obser-

1949 3665 2165 3719 vavcrit
2202 3682 2282 3728 sc,
2314 3666 2539 3735 sanguis
2569 3666 2745 3734 ipsius
2790 3679 2958 3733 super
2997 3670 3165 3732 caput
3206 3664 3328 3733 ejus
3379 3663 3526 3717 erit:

1950 3760 2007 3807 et
2040 3754 2355 3823 speculator
2397 3755 2440 3807 si
2474 3752 2678 3807 viderit
2711 3752 2952 3822 gladium
2976 3792 2989 3814 ,
3024 3760 3080 3805 et
3116 3767 3227 3805 non
3258 3750 3532 3820 signiﬁca-

1950 3846 2133 3909 verit,
2193 3854 2251 3900 et
2299 3862 2469 3899 unum
2524 3845 2763 3914 aliquem
2813 3843 3243 3913 apprchenderit
3287 3841 3530 3913 gladius,

1952 3937 2275 4005 sanguinem
2355 3937 2503 3991 illius
2574 3937 2642 3991 de
2703 3951 2867 3989 manu
2929 3935 3294 4004 speculatoris
3352 3933 3536 4002 requi-

1952 4046 2065 4084 ram
2091 4030 2155 4081 ¹¹⁵.
2202 4049 2218 4078 ι
2260 4029 2451 4083 Edocti
2485 4029 2669 4098 itaque
2715 4027 2976 4097 prmsides
3012 4036 3278 4095 quantum
3318 4027 3533 4094 impen-

1953 4122 2081 4176 deat
2126 4121 2357 4190 periculi
2390 4136 2455 4174 ex
2505 4120 2819 4189 discipulis,
2852 4119 3107 4189 pervigili
3140 4118 3304 4171 oculo
3331 4117 3536 4171 mentis

1953 4213 2305 4267 observatote
2362 4227 2427 4266 ac
2465 4212 2751 4282 providete
2798 4213 2945 4282 gregi
2999 4210 3290 4265 Dominico
3342 4210 3535 4277 utique

1957 4302 2188 4356 rationis
2238 4301 2518 4370 compoti;
2571 4301 2638 4354 ad
2702 4302 3013 4369 exemplum
3082 4299 3229 4355 beati
3276 4299 3467 4362 Jacob,
3505 4315 3535 4352 a

1954 4393 2156 4448 vestris
2207 4392 2382 4446 oculis
2430 4390 2654 4445 recedat
2702 4406 2959 4455 somnus,
3017 4390 3107 4445 die
3165 4389 3387 4458 quidem
3446 4405 3541 4442 ex-

1958 4483 2324 4539 :estuantibus
2352 4498 2617 4545 causonc,
2649 4492 2811 4537 nocte
2847 4483 2976 4536 item
3008 4482 3130 4552 gelu
3158 4480 3396 4534 afflictis.
3434 4479 3540 4533 Pro

271 4568 427 4638 πάσῃ
466 4568 626 4639 σοφίᾳ
652 4569 739 4621 ἵνα
768 4571 1209 4641 παραστήσωμεν
1242 4573 1416 4625 πάντα
1446 4573 1731 4642 ἄνθρωπον
1760 4575 1844 4627 τέ-

1960 4575 2041 4629 eis
2070 4591 2191 4643 qua:
2216 4590 2245 4627 a
2279 4574 2470 4629 bestiis
2500 4581 2670 4643 captae
2691 4575 2802 4644 jam
2834 4581 2966 4627 sunt
2999 4571 3330 4642 pecudibus,
3358 4569 3541 4624 videte

269 4661 421 4714 λειον
451 4663 508 4713 ἐν
527 4661 749 4730 Χριστῷ
774 4661 971 4730 Ἰησοῦ,
997 4664 1080 4726 είς
1104 4663 1131 4716 ὃ
1151 4665 1244 4716 καὶ
1275 4666 1452 4717 κοπιῶ
1481 4668 1574 4719 καὶ
1597 4666 1860 4734 ἀγωνιζό-

276 4769 461 4823 μενος.
496 4772 514 4803 ι
556 4754 665 4806 Καὶ
693 4754 943 4825 Τιμοθέῳ
971 4772 985 4786 ·
1024 4774 1043 4806 1
1075 4757 1314 4827 Προσεχε
1342 4762 1407 4828 τῇ
1439 4758 1763 4827 ἀναγνώσει,
1793 4764 1859 4830 τῇ

272 4844 649 4916 παρακλήσει,
682 4849 746 4916 τῇ
780 4846 1131 4918 διδασκαλίαι
1182 4850 1408 4919 ἐπίμενε
1460 4851 1665 4915 αὐτοῖς.
1700 4871 1718 4902 ι
1753 4853 1863 4904 Καὶ

286 4935 556 5004 Ἐφεσίοις
584 4953 598 4967 ·
636 4955 655 4988 1
681 4937 1086 5007 Μνημονεύετε,
1120 4941 1304 5009 φησὶν,
1351 4940 1433 4992 ὅτι
1482 4941 1724 5011 τριετίαν
1763 4944 1863 4994 ούκ

273 5029 608 5099 ἐπαυσάμην
636 5027 805 5081 νύκτα
832 5029 927 5081 καὶ
955 5031 1166 5100 ἡμέραν
1214 5032 1349 5098 μετὰ
1376 5031 1630 5103 δακρύων
1672 5032 1858 5086 νουθε-

272 5124 386 5176 τῶν
411 5124 507 5175 ἐνα
531 5123 763 5176 ἕκαστον
809 5123 983 5193 ὑμῶν.
1026 5125 1134 5176 Καὶ
1160 5120 1335 5187 αὖθις*
1376 5143 1393 5173 ι
1417 5127 1729 5197 Ἀργυρίου,
1765 5127 1860 5179 καὶ

273 5214 531 5285 χρυσίου,
585 5215 616 5284 ἢ
667 5214 967 5284 ἱματισμοῦ
1023 5216 1239 5279 οὐθενὸς
1288 5215 1634 5285 ἐπεθύμησα.
1696 5219 1860 5270 Αὐτοὶ

272 5300 580 5371 γινώσκετε
617 5304 699 5355 ὅτι
737 5306 859 5366 ταῖς
895 5304 1108 5374 χρείαις
1156 5321 1256 5374 μου
1291 5306 1384 5357 καὶ
1422 5308 1535 5368 τοῖς
1573 5305 1692 5359 οῦσι
1742 5309 1859 5376 μετ’

272 5395 416 5466 ἐμοῦ
460 5396 817 5466 ὑπηρέτησαν
865 5402 919 5451 at
980 5401 1161 5468 χεῖρες
1213 5392 1392 5453 αὗται.
1456 5417 1473 5450 ι
1527 5400 1709 5453 Πάντα
1759 5401 1861 5453 ὑπ-

274 5490 461 5554 έδειξα
489 5490 736 5559 ὑμῖν,ὃτι
758 5489 900 5544 οὕτω
920 5489 999 5542 δεῖ
1022 5490 1331 5554 κοπιῶντας
1361 5492 1861 5561 ἀντιλαμϐάνεσθαι

275 5583 392 5638 τῶν
420 5581 814 5638 ἀσθενούντων.
848 5580 1005 5633 Οῦτω
1035 5582 1214 5634 τοίνυν
1237 5583 1329 5635 καὶ
1359 5583 1663 5654 ἡγούμενος
1690 5585 1862 5648 τύπος

356 5722 400 5753 '°
432 5721 621 5776 Matth.
652 5739 701 5782 v.
743 5722 824 5775 l9.
904 5723 942 5752 ”
978 5722 1118 5776 Psal.
1150 5738 1293 5785 XCIII,
1322 5722 1409 5775 9.0.

283 5793 374 5855 i7,
418 5791 513 5856 l8;
552 5808 738 5852 χχχιιι,
772 5794 822 5851 7,
859 5791 909 5845 8.
992 5794 1032 5823 "‘
1074 5793 1273 5847 ΕΖΝ-11.
1318 5809 1495 5857 χχιιι,
1525 5797 1579 5857 ‘2,
1618 5798 1696 5849 t0.

1491 5727 1531 5756 "
1569 5726 1725 5778 Prov.
1769 5744 1860 5793 xu,
1900 5726 1981 5781 l0.

1782 5799 1820 5829 ’⁷
1861 5800 2065 5854 Jercnt.
2100 5811 2247 5857 xxi",
2282 5795 2327 5856 l,
2353 5794 2407 5846 ε.

1957 4666 2255 4736 nequando
2287 4666 2483 4720 audire
2512 4667 2798 4735 conlingat
2837 4681 2936 4720 vos
2968 4683 2981 4719 :
3013 4684 3031 4715 1
3071 4665 3209 4718 Ecce
3236 4678 3339 4731 ego
3373 4677 3542 4731 super

1960 4769 2210 4829 pastores
2231 4802 2243 4823 ,
2275 4769 2332 4814 ct
2355 4758 2637 4829 exquiram
2663 4774 2795 4812 oves
2819 4772 2970 4812 meas
2998 4756 3066 4812 de
3091 4772 3256 4810 manu
3286 4770 3478 4809 eorum
3522 4774 3535 4810 :

1960 4866 2069 4904 non
2087 4852 2234 4904 enim
2255 4850 2631 4919 requisicrunt
2649 4860 2899 4919 pastores
2912 4864 3045 4903 oves
3063 4863 3234 4911 meas,
3257 4848 3351 4901 sed
3377 4862 3542 4915 pave-

1963 4950 2089 4996 runt
2115 4943 2346 5010 seipsos,
2372 4955 2507 4995 oves
2536 4948 2719 4993 autem
2745 4954 2898 4994 meas
2920 4953 3029 4992 non
3056 4937 3406 5008 paverunt".
3431 4955 3449 4988 ι
3476 4936 3544 4990 Et

1963 5051 2062 5103 per
2088 5034 2382 5089 Jcremiam
2412 5050 2425 5085 :
2459 5051 2477 5083 1
2499 5030 2543 5087 Ο
2577 5040 2828 5101 pastores
2858 5030 2951 5099 qui
2979 5029 3214 5100 perditis
3242 5038 3299 5083 et
3330 5028 3546 5097 disper—

1963 5127 2091 5197 gitis
2118 5142 2250 5181 oves
2287 5140 2503 5195 pascuae
2545 5139 2679 5178 meae
2712 5141 2725 5176 :
2762 5132 2987 5193 propter
3015 5123 3120 5176 hoc
3157 5136 3285 5175 ecce
3319 5134 3422 5189 ego
3464 5119 3547 5172 ul-

1968 5216 2175 5270 tionem
2242 5222 2493 5283 expetam
2548 5211 2616 5265 de
2677 5211 2837 5265 vobis
2906 5225 3075 5279 super
3130 5208 3280 5262 omni
3336 5206 3545 5261 malitia

1966 5306 2278 5361 studiorum
2323 5311 2634 5357 vestrorum
2659 5302 2724 5356 ".
2771 5321 2788 5353 ι
2844 5302 2986 5356 Sane
3036 5298 3265 5370 perfecti
3318 5298 3422 5351 viri
3474 5299 3547 5353 sit

1964 5400 2181 5470 sibique
2217 5396 2627 5468 prospicientis,
2659 5406 2716 5451 et
2760 5396 2814 5449 in
2860 5392 3140 5464 spirituali
3179 5391 3430 5461 palzestra
3464 5393 3548 5445 le-

1961 5493 2152 5563 gitime
2177 5490 2534 5553 decertantis,
2563 5505 2672 5543 non
2719 5488 3074 5559 perfunctora
3117 5485 3545 5552 administratio,

1962 5584 2097 5639 scite
2126 5592 2185 5637 ut
2208 5581 2424 5636 noverit
2454 5580 2722 5635 fratribus
2746 5592 3006 5649 praeesse,
3024 5577 3177 5647 juxta
3204 5572 3547 5643 Scripturaln

2061 5726 2100 5757 ⁸³
2142 5724 2242 5777 lsa.
2280 5739 2367 5784 xc,
2411 5722 2490 5775 l2.
2571 5724 2614 5754 ”
2655 5720 2817 5775 Prov.
2846 5735 2938 5778 xu,
2981 5717 3062 5769 ill.
3145 5714 3185 5745 ¹⁸
3228 5713 3427 5769 Ezccb.
3465 5728 3542 5779 ιιι,

2488 5795 2531 5825 ’⁸
2582 5790 2941 5848 Eccli.\x.\u,
2989 5790 3034 5840 l.
