4178 6424
713 362 846 424 1779

704 475 978 530 dice:.tem
1018 495 1028 528 :

705 570 799 623 sed
821 585 1009 622 curam
1063 571 1201 624 habe
1257 572 1499 634 illorum,
1542 579 1597 623 et
1633 570 1711 623 sic
1768 570 1916 631 sede,
1963 579 2018 621 et
2061 587 2280 623 omnem

707 677 865 715 usum
895 663 971 715 tui
993 663 1158 716 facito
1186 673 1353 732 atque
1378 665 1644 716 accumbe
1679 663 1741 714 η.
1784 683 1801 712 ι
1837 662 1939 714 Sed
1963 674 2017 715 et
2058 663 2280 716 Gedeon

709 755 970 808 trecentis
996 770 1180 808 secum
1211 756 1611 809 militantibus:
1649 773 1666 805 ι
1695 757 1737 808 Α
1761 773 1846 808 me
1879 757 2081 819 videte,
2118 766 2176 810 et
2203 756 2283 809 sic

708 845 893 898 facile.
930 867 947 896 ι
997 846 1107 898 Nec
1157 862 1317 899 secus
1392 849 1674 900 Abimclec
1733 857 1961 916 accepto
2009 849 2282 917 lignorum

709 939 878 1000 fasce,
910 937 1074 1005 inque
1122 938 1385 991 humeros
1416 938 1656 1001 sublato,
1688 940 1939 1008 sequenti
1987 954 2044 992 se
2081 939 2283 1006 populo

707 1028 847 1081 dixit
881 1048 893 1082 :
931 1049 947 1079 ι
984 1029 1141 1094 Quod
1173 1031 1371 1084 videtis
1409 1047 1493 1086 me
1538 1031 1739 1097 facere,
1771 1034 1928 1086 facite
1953 1042 2128 1086 etvos
2156 1033 2217 1085 ".
2260 1051 2277 1081 ι

707 1121 775 1174 Ει
819 1122 887 1174 de
909 1123 1108 1191 .loseph
1130 1124 1358 1177 mclicus
1388 1125 1727 1178 Psalmorum
1748 1135 1940 1177 cantor
1971 1142 1982 1176 :
2014 1143 2032 1174 ι
2067 1123 2283 1177 Consti-

709 1214 813 1266 tuit
858 1229 984 1266 eum
1008 1214 1292 1268 dominum
1324 1215 1520 1268 domus
1547 1232 1656 1269 suae
1689 1224 1744 1268 et
1777 1215 2075 1284 principem
2101 1215 2284 1266 omnis

708 1305 1073 1373 possessionis
1109 1323 1242 1368 suae,
1283 1318 1341 1360 ut
1382 1307 1628 1360 erudiret
1677 1307 1956 1375 principes
1989 1307 2109 1376 ejus
2140 1307 2285 1358 sicut

707 1397 1156 1463 semetipsum,et
1175 1400 1424 1452 seniores
1446 1401 1566 1466 ejus
1593 1399 1919 1467 sapientiam
1944 1399 2243 1451 doceret”.
2260 1418 2277 1450 ι

712 1489 927 1557 1209
957 1490 1156 1542 Paulus
1182 1491 1310 1542 item
1346 1507 1356 1541 :
1400 1509 1416 1538 ι
1449 1490 1823 1544 Admonentcs
1856 1506 2073 1542 omnem
2108 1489 2285 1542 homi-

710 1591 835 1628 nem
887 1575 939 1627 in
994 1575 1144 1627 onmi
1198 1575 1492 1643 sapientia,
1546 1585 1605 1628 ut
1652 1575 2013 1628 exhibeamus
2063 1589 2281 1628 omnem

711 1667 990 1719 hominem
1027 1666 1334 1734 perfectum
1383 1670 1436 1720 in
1472 1669 1692 1722 Christo
1718 1668 1870 1729 Jesu,
1905 1669 1955 1720 in
1991 1677 2177 1736 quoet
2209 1670 2285 1720 la-

709 1757 846 1809 boro
877 1757 1171 1812 decertans
1197 1759 1260 1811 ²¹.
1302 1779 1319 1808 ι
1357 1758 1648 1812 Timotheo
1679 1773 1897 1827 quoque
1928 1776 1938 1809 :
1984 1776 2000 1805 ι
2049 1759 2283 1813 Attende

1967 367 2329 426 ANTIOCHI
2374 369 2712 428 MONACIH

1067 496 1081 523 ι
1125 477 1415 531 Rectorem
1449 485 1751 546 posuerunt
1784 485 1868 540 te;
1917 479 2026 530 noli
2073 479 2280 541 extolli,

2390 480 2622 545 γινέσθω
2653 479 2747 530 τοῦ
2783 479 3036 546 ποιμνίου
3067 478 3121 528 ἐν
3158 479 3306 549 πάσῃ
3338 478 3659 545 δικαιοσύνῃ
3697 478 3792 527 καὶ
3836 478 3968 527 ανα-

3838 363 3966 423 1780

2387 573 2592 640 crpoqu
2651 572 2817 637 ἀγια’
2877 569 3043 629 ὁσίως
3096 569 3193 620 καὶ
3246 569 3476 631 δικαίως
3517 569 3964 637 πολιτευομενος,

2385 659 2568 727 τηρῶν
2624 660 2724 711 ὅσα
2781 658 2932 710 ἐστὶν
2990 659 3150 724 ἁγνὰ,
3193 660 3292 710 ὅσα
3347 660 3542 728 σεμνὰ,
3585 661 3721 720 εἴτις
3769 662 3964 728 ἁρετὴ,

2387 751 2480 802 καὶ
2511 749 2642 809 εἴτις
2676 749 2917 810 ἔπαινος,
2955 749 3088 809 εῖτις
3123 747 3365 817 εὔφημος
3388 765 3399 777 ”
3435 749 3704 816 ἀφελείας
3743 750 3969 818 διάροω-

2389 858 2470 903 σις
2510 840 2743 909 γινέσθω
2790 842 2921 910 παρ’
2962 839 3150 903 αὑτοῦ,
3198 840 3436 892 ἐκδικεῖν
3467 841 3634 893 αὑτοῦ
3680 843 3774 893 τὸν
3805 843 3968 893 τόπον

2388 933 2445 983 ἐν
2501 933 2650 1001 πάσῃ
2709 931 2998 1002 ἐπιμελείᾳ
3060 935 3432 1001 πνευματικῇ,
3495 933 3809 1002 φροντίζειν
3869 935 3969 1000 τῆς

2388 1021 2635 1084 ὲνὼσεως
2689 1023 2798 1076 τῶν
2858 1022 3060 1092 μελῶν,
3103 1019 3168 1094 ἧς
3207 1023 3362 1076 οὐδὲν
3410 1025 3652 1093 ἄμεινον.
3716 1024 3968 1094 [Πάντων

2387 1114 2674 1182 ἀνέχεσθαι
2727 1117 2783 1166 ὲν
2835 1116 3023 1184 ἀγάπῃ
3153 1117 3365 1176 Πάντας
3403 1115 3718 1184 βαστάζειν,
3756 1117 3834 1179 ὡς
3875 1120 3967 1167 καί

2386 1206 2548 1257 αὑτὸν
2582 1207 2610 1257 ὁ
2650 1206 2873 1276 Κύριος.
2929 1208 3322 1277 ιιροσευχέώω
3366 1208 3506 1277 ὑπὲρ
3551 1209 3773 1259 πάντων
3819 1207 3969 1258 ἀδια-

2387 1299 2642 1360 λείπτως.
2695 1300 2875 1350 Αίτεῑν
2929 1297 3143 1350 σύνεσιν
3178 1297 3577 1367 πνευματικὴν,
3611 1300 3690 1358 εἰς
3735 1297 3798 1348 τὸ
3853 1297 3968 1347 6-2-

2387 1391 2594 1459 κρίνειν
2626 1390 2787 1442 αὑτὸν
2823 1392 2891 1444 τὰ
2927 1391 3295 1462 συμφέροντα*
3336 1391 3652 1459 γρηγορεῖν,
3694 1390 3970 1457 μεριμνᾷδ

2389 1485 2514 1551 περὶ
2551 1482 2798 1535 πάντων·
2836 1483 2905 1536 τὰ
2954 1484 3315 1549 ἐλαττώματα
3348 1482 3586 1541 πάντων,
3621 1480 3716 1530 καὶ
3744 1479 3846 1538 τὰς
3883 1479 3969 1528 νό-

2389 1591 2512 1634 σους
2561 1573 2851 1642 βαστάζειν
2906 1593 2980 1636 ως
3034 1574 3254 1634 τελείως
3312 1573 3570 1641 ἀθλητής.
3630 1571 3807 1622 Ὅπου
3863 1569 3972 1635 γὰρ

2389 1663 2589 1714 πλείων
2645 1664 2832 1726 κόπος.
2892 1665 3026 1716 πολὺ
3074 1666 3168 1716 καὶ
3215 1665 3274 1714 τι
3319 1663 3527 1731 κέρδος.
3577 1663 3716 1723 Τοὺς
3771 1662 3973 1720 καλοὺς

2391 1753 2640 1822 μαθητὰς
2692 1755 2786 1807 ἐὰν
2843 1756 2994 1824 φιλῇ,
3048 1756 3208 1824 χάρις
3263 1755 3411 1823 αὐτῷ
3460 1755 3559 1806 οὐκ
3615 1754 3788 1813 ἔστιν,
3838 1753 3972 1806 ἀλλὰ

709 1849 953 1908 lectioni,
979 1850 1373 1911 exhortationi,
1406 1850 1670 1903 doctrinm
1706 1869 1716 1901 :
1758 1851 1900 1903 lusta
1937 1850 1989 1902 in
2034 1851 2118 1903 bis
2148 1851 2213 1904 ’³.
2260 1869 2276 1900 ι

2391 1845 2587 1913 μᾶλλον
2619 1846 2746 1906 τοὺς
2774 1845 3197 1912 ἁπειθεστέρους
3229 1847 3284 1896 ἐν
3314 1845 3582 1914 πραότητι
3615 1845 3971 1896 ὑποτάσσεν.

710 1937 962 2005 Ephesiis
993 1938 1134 1990 idem
1169 1939 1246 1992 ait
1277 1957 1287 1989 :
1331 1959 1348 1988 ι
1400 1939 1667 1991 Memorcs
1690 1940 1845 2000 estis,
1881 1940 2010 2008 quia
2044 1957 2140 2008 per
2172 1951 2284 1993 tres

707 2044 883 2080 annos
909 2039 1069 2082 nocte
1112 2045 1175 2082 ac
1211 2030 1301 2084 die
1338 2046 1447 2084 non
1477 2031 1685 2084 cessavi
1728 2047 1853 2084 cum
1893 2031 2150 2101 lacrymis
2183 2033 2280 2086 ad-

709 2133 934 2173 monere
987 2137 1439 2191 unumquemque
1497 2132 1742 2176 vestrum
1795 2124 1863 2175 ’³.
1926 2142 1945 2174 ι
2013 2125 2282 2180 llursus:

713 2228 729 2256 ι
773 2208 1074 2277 Argentum
1120 2221 1213 2264 aut
1239 2227 1435 2264 aurum
1475 2223 1569 2266 aut
1603 2222 1811 2266 vestem
1847 2213 2054 2266 nullius
2081 2229 2283 2267 concu-

707 2300 848 2367 pivi;
888 2301 990 2369 ipsi
1031 2303 1177 2354 enim
1212 2303 1388 2365 scitis,
1436 2305 1563 2371 quia
1601 2305 2025 2359 necessitatibus
2058 2307 2194 2360 meis
2230 2315 2286 2359 et

706 2392 801 2460 qui
860 2409 1074 2446 mecum
1132 2403 1283 2454 sunt,
1347 2396 1799 2450 ministraverunt
1861 2413 2055 2450 manus
2111 2399 2280 2453 istae:

707 2481 890 2534 omnia
926 2485 1141 2537 ostendi
1169 2486 1343 2549 vobis,
1386 2488 1644 2555 quoniam
1676 2489 1756 2542 sic
1779 2488 2091 2542 laborantes
2116 2506 2284 2558 opor-

710 2581 784 2625 tet
824 2575 1106 2642 suscipere
1150 2576 1400 2630 infirmos
1444 2579 1509 2629 "’.
1563 2597 1581 2629 ι
1615 2579 1695 2630 Ad
1721 2579 1868 2632 hunc
1899 2595 2028 2632 sane
2060 2580 2283 2633 modum

706 2668 1006 2720 contendat
1039 2684 1241 2736 prasses
1273 2670 1476 2737 quivis,
1522 2679 1582 2723 ut
1609 2671 1779 2722 forma
1814 2671 1884 2724 sit
1913 2679 2077 2739 atque
2101 2688 2285 2726 exem-

708 2757 827 2825 plar
878 2773 976 2811 suo
1016 2760 1164 2828 gregi
1219 2760 1273 2813 in
1324 2762 1471 2814 omni
1510 2762 1725 2831 justitia
1769 2772 1824 2814 et
1862 2762 2282 2816 conversatione

705 2860 1120 2914 sancta,sancte
1152 2854 1372 2921 etjustc
1404 2853 2106 2917 conversatus,observans
2135 2870 2283 2921 qua:-

705 2957 923 3010 eunque
968 2953 1096 2996 sunt
1140 2944 1362 3006 munda,
1414 2960 1756 3012 qucecunque
1800 2944 2034 3012 pudica;
2084 2943 2126 2995 si
2175 2958 2282 3012 qua

705 3034 881 3086 virtus
928 3045 1033 3098 est,
1066 3035 1107 3087 si
1144 3051 1250 3104 qua
1300 3035 1443 3098 laus,
1491 3035 1536 3089 si
1572 3035 1698 3104 quis
1731 3035 1886 3089 bona:
1935 3034 2091 3087 fama:
2122 3035 2166 3064 "
2204 3052 2215 3086 :
2253 3050 2282 3087 a

705 3123 931 3190 prtelato
965 3124 1140 3192 frugis
1201 3125 1358 3178 bona:
1390 3134 1554 3193 atque
1589 3124 1844 3178 utilitatis
1880 3125 2054 3194 gratia
2095 3139 2282 3177 corre-

2392 1936 2466 1987 Οὑ
2506 1937 2612 1987 πᾶν
2655 1934 2877 2005 τραῦμα
2908 1939 2972 2005 τῇ
3020 1936 3157 2004 αὐτῇ
3193 1935 3530 2003 ὲμπλὰστρῳ
3571 1934 3970 2002 θεραπεύεται·

2390 2029 2513 2088 τοὺς
2577 2027 2956 2096 παροξυσμοὺς
3006 2027 3064 2078 ὲν
3114 2026 3336 2095 βροχαῖς
3387 2027 3466 2078 δεῖ
3515 2026 3729 2079 παύειν.
3792 2024 3977 2076 Ὶ-ῖστω

2393 2119 2655 2187 φρόνιμος
2707 2121 2765 2170 ὲν
2817 2121 2984 2170 πᾶσιν
3029 2119 3103 2180 ὡς
3154 2120 3202 2170 οἱ
3237 2119 3425 2185 ὄφεις,
3472 2117 3566 2169 καὶ
3600 2117 3867 2185 ἀκέραιος
3903 2117 3974 2177 ὡς

2392 2215 2447 2264 αἱ
2501 2211 2854 2281 περιστεραί’
2907 2213 2993 2264 ἵνα
3054 2211 3125 2264 τὰ
3178 2211 3277 2279 μὲν
3326 2211 3629 2278 φαινόμενα
3672 2210 3859 2261 αὐτῶν
3899 2211 3976 2268 εἰς

2393 2306 2684 2376 πρόσωπον
2714 2305 3005 2375 κολακεύῃ,
3036 2306 3104 2357 τὰ
3133 2305 3191 2357 δὲ
3229 2306 3435 2375 ἀόρατα
3480 2307 3603 2372 αἰτῇ
3651 2304 3976 2372 φανερωθῆ-

2393 2420 2477 2453 ναι
2507 2400 2674 2470 αὐτῷ·
2723 2402 2808 2453 ἵνα
2846 2399 3076 2468 μηδενὸς
3110 2399 3391 2469 λείπηται,
3425 2397 3542 2451 ἀλλ’
3585 2399 3640 2448 ἐν
3674 2395 3846 2448 παντὶ
3881 2414 3976 2464 χα-

2397 2495 2618 2564 ρίσματι
2653 2493 2973 2561 περισσεύῃ.
3028 2493 3086 2544 Ὀ
3136 2491 3322 2561 καιρὸς
3353 2490 3464 2558 γὰρ
3513 2490 3737 2541 ἀπαιτεῖ
3788 2488 3973 2540 αὑτὸν.

2391 2585 2465 2645 ὡς
2519 2583 2860 2652 κυϐερνήτην
2895 2582 3030 2648 πρὸς
3071 2583 3196 2643 τοὺς
3241 2581 3473 2648 ἀνέμους
3514 2580 3605 2629 καὶ
3635 2579 3735 2636 τὰς
3781 2595 3975 2643 τρικυ-

2396 2676 2524 2742 μίας
2570 2675 2666 2727 καὶ
2714 2674 2879 2736 ζάλας
2909 2673 3018 2724 τῶν
3047 2673 3372 2740 πνευμάτων
3412 2671 3512 2738 τῆς
3544 2669 3804 2738 πορνείας
3846 2667 3975 2734 στῆ-

2392 2785 2478 2818 ναι
2506 2766 2894 2833 γενναίως,κα“ι
2921 2764 3136 2833 ὁδηγεῖν
3161 2765 3286 2825 τοὺς
3312 2760 3745 2830 χειμαζομένους
3768 2759 3865 2810 ἐπὶ
3888 2760 3977 2808 τὸν

2391 2857 2585 2924 λιμένα
2624 2857 2718 2908 τοῦ
2776 2855 3081 2923 θελήματος
3134 2853 3228 2905 τοῦ
3280 2853 3438 2905 Θεοῦ.
3488 2851 3650 2916 Λέγει
3687 2850 3743 2900 δὲ
3804 2850 3902 2900 καὶ
3951 2851 3977 2898 ι

2390 2949 2593 3018 Κύριος
2620 2965 2634 2978 °
2669 2968 2688 2999 ι
2745 2948 2890 3008 Εῖτις
2925 2947 3068 2999 θέλει
3105 2947 3164 2998 ὲν
3211 2945 3338 3013 ὑμῖν
3387 2942 3587 3012 μείζων
3635 2938 3802 3001 εἶναι,
3838 2943 3977 2991 ἔστω

2393 3042 2607 3094 πάντων
2640 3039 2824 3101 δοῦλος
2853 3039 2947 3092 καὶ
2981 3039 3201 3091 πάντων
3229 3036 3499 3097 διάκονος.
3563 3034 3674 3086 Καὶ
3707 3034 3734 3084 ὁ
3768 3030 3975 3100 μείζων

2390 3135 2448 3184 ἐν
2482 3133 2632 3200 bid",
2670 3129 2908 3198 Υενέσθω
2951 3130 3026 3192 ὡς
3068 3129 3097 3181 δ
3132 3126 3431 3196 νεώτερος·
3469 3125 3562 3177 καὶ
3599 3125 3626 3175 ὁ
3659 3121 3967 3191 ἡγούμενος

704 3213 815 3266 ctio
845 3216 1128 3282 procedat,
1163 3216 1345 3269 locum
1377 3231 1538 3268 suum
1574 3224 1633 3268 ut
1678 3224 1898 3270 tueatur
1928 3217 1980 3270 in
2014 3217 2164 3270 omni
2193 3216 2280 3270 di—

2390 3224 2461 3283 ὡς
2492 3225 2520 3274 ὁ
2546 3220 2827 3274 διακονῶν.
2865 3239 2884 3271 ι
2906 3218 3087 3276 Τόπος
3129 3213 3222 3270 οὖν
3249 3213 3503 3284 γινέσθω,
3532 3213 3604 3274 ὡς
3633 3213 3880 3281 εἴρηται,
3920 3213 3975 3259 ἐν

704 3306 926 3374 ligentia
953 3306 1250 3373 spirituali,
1277 3306 1495 3359 laudem
1523 3315 1579 3359 ut
1600 3317 1861 3375 procuret
1885 3307 2280 3370 membrorum,

704 3412 810 3465 qua
868 3397 1066 3449 melius
1095 3397 1231 3449 nihil
1266 3406 1368 3450 cst.
1405 3396 1628 3459 Omnes,
1670 3407 1728 3450 ut
1771 3407 1989 3465 Oportet
2037 3398 2202 3463 (sicut
2229 3407 2287 3451 et

707 3490 884 3557 ipsum
913 3489 1224 3557 Dominus),
1250 3504 1464 3550 omnes,
1486 3490 1730 3558 inquam,
1757 3490 1895 3543 ferat
1915 3491 1967 3543 in
1987 3491 2283 3552 eharitate,

707 3594 806 3648 pro
854 3580 1114 3634 omnibus
1161 3581 1368 3649 jugiter
1411 3591 1552 3642 oret,
1588 3581 1828 3649 postulet
1864 3581 2282 3651 intelligentiam

704 3674 1047 3740 spiritualem
1091 3675 1192 3728 sibi
1238 3675 1500 3738 conferri,
1531 3684 1737 3742 utqua:
1777 3689 2112 3743 magnOperc
2154 3691 2285 3728 con-

703 3765 933 3827 ducunt,
962 3766 1181 3818 noverit
1218 3765 1559 3828 discernere,
1594 3763 1903 3834 pervigilet,
1951 3764 2018 3817 de
2055 3764 2286 3834 singulis

703 3858 864 3909 anxie
895 3857 1187 3918 sollicitus,
1217 3858 1464 3911 omnium
1513 3855 1764 3909 defectus
1795 3871 1859 3909 ac
1907 3856 2132 3911 morbos
2182 3874 2285 3927 pro

2390 3315 2561 3366 ἆπασι
2596 3315 2706 3373 τοῖς
2753 3311 2841 3362 ὑπ’
2877 3310 3038 3362 αὑτὸν
3073 3306 3596 3375 ταπεινοφροσύνης.
3662 3302 3750 3362 Ὠς
3809 3301 3904 3351 καὶ
3950 3301 3977 3346 ὁ

2389 3403 2589 3474 Κύριος
2639 3402 2814 3468 λέγων
2844 3416 2856 3428 ·
2896 3419 2913 3450 ι
2965 3400 3024 3450 '0
3071 3397 3196 3457 Υἱὸς
3244 3395 3332 3447 τοῦ
3359 3393 3646 3461 ἀνθρώπου
3692 3391 3798 3442 οὐκ
3843 3385 3972 3455 ἦλθε

2387 3494 2796 3562 διακονηθῆναι,
2818 3492 2953 3544 ἀλλὰ
2980 3489 3324 3558 διακονῆσαι,
3346 3486 3441 3540 καὶ
3465 3484 3646 3537 δοῦναι
3671 3483 3774 3550 τὴν
3797 3482 3975 3548 ψυχὴν

2392 3585 2558 3638 αὐτοῦ
2604 3584 2796 3654 λύτρον
2838 3585 2959 3636 ’ὶντὶ
2994 3581 3224 3635 πολλῶν.
3267 3600 3284 3631 ι
3326 3579 3434 3632 Καὶ
3468 3576 3663 3629 πάλιν·
3713 3594 3730 3623 ι
3783 3574 3975 3641 Ὑμεῖς

2391 3679 2448 3730 δὲ
2492 3680 2567 3748 μὴ
2614 3677 2852 3746 κληθῆτε
2887 3673 3219 3744 καθηγηταί.
3269 3665 3362 3731 Εἷς
3395 3668 3502 3735 γάρ
3549 3669 3696 3717 ὲστιν
3765 3666 3796 3716 ὁ
3843 3664 3975 3715 καθ-

2397 3769 2606 3840 ηγητὴς
2638 3768 2794 3838 ἡμῶν
2821 3768 2850 3820 ὁ
2875 3765 3129 3837 Χριστός.
3156 3781 3175 3814 ι
3199 3760 3355 3829 Αὑτῷ
3375 3761 3408 3829 ἡ
3431 3757 3557 3823 δόξα
3583 3758 3660 3818 εἰς
3684 3755 3816 3816 τοὺς
3847 3755 3973 3806 αἰῶ-

2395 3878 2508 3922 νας.
2557 3861 2610 3911 Ἀ
2623 3861 2748 3930 μήν.

704 3950 930 4003 ιιιοιιιιεο
952 3949 1181 4001 rationis
1200 3949 1375 4001 discat
1397 3949 1539 4003 ferre
1558 3950 1713 4018 quasi
1739 3949 2018 4017 perfectus
2041 3949 2294 4004 athletas.
2316 3951 2418 4005 Ubi
2436 3951 2583 4005 enim
2605 3950 2943 4020 fatigationis
2967 3947 3140 4002 moles
3157 3948 3351 4015 major,
3371 3944 3448 3998 ibi
3471 3942 3643 4010 major
3663 3939 3973 3993 etiamnum

703 4053 963 4111 quaestus.
992 4042 1145 4107 Quod
1177 4042 1222 4095 si
1249 4042 1657 4096 multitudinem
1687 4042 2082 4110 discipulorum
2112 4043 2244 4097 velit
2279 4059 2573 4114 aggregare
2603 4045 2882 4113 copiosam
2911 4063 2925 4096 :
2960 4057 3069 4095 non
3106 4039 3292 4093 statim
3332 4038 3408 4092 illi
3444 4035 3618 4105 gratia
3642 4043 3760 4096 est;
3800 4031 3896 4087 sed
3931 4031 3972 4083 si

707 4133 886 4186 minus
909 4133 1057 4186 dicto
1091 4131 1380 4185 audientes
1409 4141 1573 4201 atque
1602 4133 2064 4187 intractabiliorcs
2092 4133 2161 4187 ad
2189 4134 2429 4189 cilicium
2473 4145 2531 4190 et
2570 4136 2967 4197 obedientiam,
2995 4133 3219 4187 amabili
3247 4131 3472 4185 lenitate
3498 4143 3629 4198 erga
3661 4127 3787 4180 illos
3819 4143 3971 4187 usus,

707 4227 978 4280 revocarit
1004 4245 1016 4278 ι
1045 4241 1155 4279 ιιοιι
1192 4226 1338 4279 enim
1369 4226 1570 4278 vulnus
1599 4240 1762 4278 onmc
1795 4242 1907 4278 uno
1930 4233 1986 4278 et
2013 4226 2208 4279 eodem
2245 4237 2474 4280 curatur
2508 4228 2830 4298 emplastro.
2869 4225 3111 4281 Curandi
3149 4224 3380 4278 veniunt
3415 4219 3728 4289 paroxvsmi
3776 4219 3973 4287 prolu-

706 4324 866 4374 vione
894 4332 950 4375 et
979 4321 1173 4372 crebra
1201 4318 1473 4371 inlusione
1509 4318 1880 4372 humidorum.
1912 4319 1970 4372 In
2002 4320 2260 4373 onmibus
2292 4321 2509 4375 imitare
2543 4321 2890 4390 prudentiam
2923 4319 3232 4388 serpentis,
3270 4314 3644 4372 columbinam
3683 4313 3972 4367 aemulator

707 4409 1112 4478 simplicitatem
1147 4426 1160 4460 :
1195 4416 1254 4460 ut
1290 4423 1412 4476 qua:
1457 4407 1562 4460 sibi
1611 4406 1834 4476 quidem
1864 4417 2055 4477 patent
2087 4411 2141 4464 in
2170 4409 2388 4474 faciem,
2427 4411 2688 4466 observet
2724 4429 2737 4464 :
2771 4426 2893 4480 qua:
2920 4421 3108 4466 autem
3146 4409 3332 4463 minus
3383 4406 3438 4460 in
3483 4405 3786 4473 conspicuo
3823 4411 3971 4464 sunt,

709 4504 949 4570 postulet
985 4501 1089 4554 sibi
1132 4499 1494 4562 manifestari,
1531 4501 1604 4553 ita
1649 4511 1708 4553 ut
1739 4501 1890 4554 nulla
1924 4517 1982 4555 re
2015 4503 2372 4567 destituatur,
2400 4505 2497 4558 sed
2538 4504 2690 4559 omni
2724 4504 2973 4558 abundet
3032 4503 3229 4572 gratia.
3259 4500 3649 4571 Opportunum
3704 4511 3842 4549 sane
3882 4495 3971 4552 sit.

706 4605 795 4659 ut,
822 4611 921 4649 ceu
954 4594 1249 4648 nauclerus
1280 4593 1593 4662 quispiam,
1628 4609 1893 4662 generose
1925 4595 2214 4649 continuet
2251 4612 2309 4649 se
2348 4596 2620 4651 adversus
2672 4605 2961 4650 ventorum
3018 4596 3295 4656 turbines,
3353 4593 3610 4661 ingentes
3655 4587 3864 4641 ﬂuctus
3917 4596 3972 4639 et

705 4685 994 4753 uaufragas
1020 4684 1290 4752 procellas
1318 4682 1685 4751 undecunque
1724 4684 2017 4751 aspirantis
2046 4687 2268 4740 malitiae
2293 4705 2304 4740 :
2329 4689 2430 4743 vite
2461 4688 2686 4756 przedux
2717 4698 2778 4740 ut
2806 4688 2878 4740 sit
2908 4687 2975 4740 ad
3009 4695 3226 4755 portum
3264 4700 3439 4753 usque
3479 4683 3682 4737 divinae
3713 4680 3975 4733 volunta-

706 4775 796 4837 tis,
830 4777 896 4829 iis
930 4778 1023 4844 qui
1069 4775 1353 4829 undisonae
1391 4774 1734 4842 tempestatis
1769 4775 2046 4843 agitantur
2085 4775 2365 4831 ﬂuctibus.
2414 4778 2557 4832 Dicit
2585 4787 2770 4832 autem
2801 4788 2857 4832 et
2887 4777 3156 4831 Dominus
3187 4793 3200 4828 :
3234 4795 3250 4825 ι
3287 4775 3342 4829 Si
3373 4774 3498 4843 quis
3525 4774 3643 4826 vult
3682 4771 3832 4824 inter
3881 4784 3972 4821 τετε

704 4870 880 4938 major
908 4885 1051 4929 esse,
1078 4869 1148 4922 sit
1179 4868 1381 4930 minor,
1409 4878 1464 4922 et
1493 4867 1588 4936 qui
1615 4878 1830 4936 prmest,
1854 4867 2211 4922 ministret".
2237 4888 2253 4918 ι
2288 4869 2477 4939 Itaque
2511 4886 2614 4924 ceu
2650 4871 2860 4925 dictum
2896 4868 3029 4922 mihi
3059 4875 3163 4931 est,
3201 4867 3268 4921 iis
3293 4866 3384 4936 qui
3424 4875 3529 4920 tua:
3556 4875 3687 4919 sunt
3719 4865 3970 4931 ditionis,

706 4958 968 5012 modeste
1021 4959 1348 5012 humilitatis
1397 4967 1518 5011 esto
1555 4959 1788 5012 formula
1856 4958 1909 5010 in
1960 4958 2219 5012 omnibus
2255 4978 2267 5012 :
2303 4959 2378 5012 Ita
2426 4961 2575 5013 enim
2631 4968 2688 5013 et
2736 4959 3000 5014 Dominus
3042 4976 3052 5010 :
3095 4977 3112 5008 ι
3147 4957 3317 5011 Filius
3370 4956 3611 5011 hominis
3659 4974 3770 5011 non
3823 4960 3970 5012 venit

707 5052 1034 5115 ministrari,
1063 5052 1158 5105 sed
1195 5051 1533 5112 ministrare,
1574 5059 1629 5104 et
1667 5050 1799 5103 dare
1842 5051 2078 5103 animam
2111 5066 2266 5104 suam
2317 5051 2754 5121 redemptionem
2799 5067 2897 5120 pro
2937 5050 3200 5104 multis".
3230 5069 3246 5100 ι
3291 5049 3494 5103 lterum
3531 5066 3544 5101 :
3585 5069 3604 5100 ι
3643 5050 3754 5105 Vos
3787 5063 3967 5106 autem

704 5161 791 5199 me
814 5144 1044 5207 vocatis,
1079 5144 1339 5212 magister
1364 5161 1376 5195 :
1405 5143 1559 5198 Unus
1583 5142 1732 5196 enim
1763 5153 1847 5196 est
1876 5143 2134 5212 magister
2161 5145 2427 5207 vester",
2457 5162 2474 5194 ι
2502 5142 2596 5213 qui
2622 5151 2708 5197 est
2729 5143 3003 5197 Christus.
3025 5140 3130 5210 Ipsi
3160 5140 3331 5210 gloria
3368 5140 3423 5194 in
3447 5141 3665 5195 saecula.
3699 5140 3899 5198 Amen.

1116 5258 1332 5326 1210
1367 5256 1649 5310 IIOMILIA
1698 5255 1856 5310 CXII.

2972 5256 3189 5309 ΛΟΓΟΣ
3237 5253 3384 5306 ΡΙΒ’.

1231 5369 1308 5423 Dc
1340 5371 1748 5423 rcmmtiationc.

2919 5367 3056 5432 Περὶ
3107 5361 3434 5430 ἁποταγῆς.

773 5480 874 5544 Qui
918 5480 1086 5533 semel
1131 5481 1334 5533 mundo
1378 5496 1695 5549 supremmn
1741 5481 1876 5535 dicit
1915 5483 2054 5546 vale,
2091 5483 2160 5536 ab
2195 5484 2281 5537 bis

2469 5482 2525 5534 '0
2567 5482 3027 5550 ἁποτασσόμενος,
3089 5477 3295 5546 ὀφείλει
3347 5476 3492 5529 κατὰ
3537 5476 3782 5529 διάνοιαν
3841 5478 3962 5547 μεθ-

704 5570 866 5622 debet
902 5585 1134 5623 avocare
1181 5579 1443 5634 utentem,
1473 5587 1815 5642 qmecunque
1860 5575 2037 5627 oculis
2064 5584 2274 5644 patent,

2390 5575 2637 5629 ἵστασθαι
2669 5576 2775 5628 τῶν
2800 5574 3115 5644 ὁρωμένων,
3144 5571 3238 5624 καὶ
3259 5571 3325 5624 τὰ
3355 5568 3564 5638 ἀόρατα
3597 5569 3856 5639 καθορᾷν.
3889 5571 3963 5622 Τὰ

775 5689 816 5717 "
855 5687 1033 5741 .ludlc.
1066 5704 1161 5751 vn,
1203 5689 1282 5742 l7.
1363 5691 1406 5719 ²⁰
1447 5691 1586 5743 Psal.
1625 5708 1728 5752 CIV,
1762 5692 1850 5753 2|,
1890 5692 1980 5745 22.
2058 5695 2100 5724 ³³
2140 5693 2282 5747 Celes

2390 5711 2423 5756 ι,
2457 5695 2543 5748 28.
2627 5697 2669 5726 ”
2711 5694 2893 5747 I'l‘im.
2919 5709 2989 5754 Iv,
3038 5692 3117 5745 l6.
3199 5691 3243 5721 ’³
3283 5691 3480 5758 Ephrs.
3509 5705 3566 5744 ιι.
3599 5687 3678 5738 ll.
3763 5688 3808 5718 ’δ
3848 5687 3961 5742 Act.

706 5775 790 5820 λι,
826 5758 1007 5811 53-35.
1088 5761 1129 5790 ³⁸⁵
1173 5761 1406 5829 Philipp.
1438 5763 1587 5819 1".8.
1669 5764 1710 5793 ""
1755 5763 1939 5816 .‘lalth.
1983 5766 2178 5827 miti.
2260 5766 2277 5793 ²

2398 5781 2508 5818 are.
2542 5782 2591 5826 κ,
2636 5765 2720 5818 43.
2804 5766 2843 5791 ’⁸
2885 5764 3037 5816 Jnau.
3077 5779 3188 5824 \lll,
3221 5761 3301 5814 l5.
