4178 6424
204 376 331 442 1781

1096 381 1421 442 llOMILIA
1461 379 1617 440 CXII
1677 402 1741 412 —
1781 377 1874 436 DE
1914 372 2570 436 llENUNTlATIONE.

3325 364 3461 430 17%

196 492 307 557 γὰρ
354 490 625 558 ὁρώμενα,
667 490 997 560 πρόσκαιρα,
1036 491 1101 543 τὰ
1145 492 1201 543 δὲ
1244 492 1317 561 μὴ
1352 490 1605 561 ὁρώμενα
1654 487 1780 540 αἰώ-

1896 498 1940 541 :t
1971 502 2090 540 eam
2124 486 2188 539 ad
2219 483 2584 539 invisibilium
2614 478 3137 542 contenmlationem
3165 476 3415 531 attollere
3441 493 3457 541 ;

189 599 300 635 νια.
342 582 438 633 ..ὶιά
472 583 626 634 τοῦτο
662 585 769 652 γὰρ
831 584 1156 652 ὀνομάζεται
1190 586 1223 654 ή
1252 583 1525 652 ἀποταγὴ,
1558 584 1638 634 ὅτι
1672 582 1777 633 τῶν

189 674 396 739 γηΐνων
430 672 887 740 ἁποτασσὸμενοι,
935 673 1040 724 τῶν
1085 674 1429 740 ἐπουρανίων
1480 672 1777 724 συντασσό-

193 766 360 832 μεθα.
398 767 505 816 Καὶ
544 766 639 834 τὴν
672 765 905 818 ἐνταῦθα
951 765 1186 834 πατρίδα
1246 766 1774 833 καταλιμπάνοντες,

192 857 292 925 τὴν
336 858 449 910 ἄνω
476 856 848 928 ἐπιζητοῦμεν
892 858 1272 927 Ἰερουσαλὴμ,
1304 857 1429 919 τοὺς
1470 856 1779 924 κοσμοιρροο

193 967 294 1010 νας
320 949 851 1019 ἁπαυτομολοῦντες,
880 954 991 1013 τοῖς
1025 953 1413 1020 πνευματικοῖς
1444 946 1779 1017 συναμιλλώ-

198 1042 364 1109 μεθα.
411 1042 534 1092 Ἰεξὰν
564 1038 664 1092 οὖν
712 1042 959 1110 θέλωμεν
998 1041 1301 1111 κτήσασθαι
1345 1040 1566 1109 ἀρετὰς,
1615 1039 1781 1107 ἀσκή-

196 1150 386 1201 σωμεν
444 1135 810 1202 ἐγκράτειαν,
870 1135 1183 1202 ὑπομονὴν,
1255 1131 1776 1201 ταπεινοτροσὺνην·

194 1225 291 1275 ἐπὶ
323 1227 487 1277 πᾶσιν
531 1225 584 1277 δὲ
617 1225 854 1287 τούτοις,
913 1225 1011 1292 τὴν
1058 1223 1257 1292 συνεχῆ
1305 1224 1610 1292 προσευχήν
1642 1239 1655 1252 θ
1685 1221 1779 1273 καὶ

197 1318 335 1385 ῥᾷον
388 1315 660 1385 ἁνύσομεν
704 1317 764 1367 τὸ
816 1316 1270 1383 σπουδαζόμενον.
1326 1315 1537 1382 Ὠσπερ
1590 1312 1697 1381 γὰρ
1756 1314 1782 1363 δ

196 1409 373 1458 θέλων
417 1407 769 1476 οἰκοδομῆσαι
805 1402 973 1470 οἷκον,
1013 1409 1191 1458 πᾶσαν
1229 1407 1327 1474 τὴν
1360 1405 1493 1472 ὓλην
1546 1421 1784 1473 προετοι-

200 1494 391 1564 μάζει,
425 1498 559 1564 πρὸς
600 1498 976 1566 καταρτισμὸν
1007 1496 1106 1565 τῆς
1133 1497 1333 1558 οἰκίας,
1365 1495 1535 1558 οὕτως
1575 1496 1667 1547 καὶ
1693 1496 1782 1545 τὸν

199 1589 398 1640 ἑαυτοῦ
446 1584 627 1649 οἷκον,
681 1590 985 1648 τουτέστιν,
1034 1591 1129 1657 τὴν
1178 1588 1345 1658 μονὴν
1383 1587 1482 1656 τῆς
1532 1588 1780 1657 Τριὰδος.

205 1699 222 1729 ι
279 1678 423 1747 Ἐγὼ
454 1681 581 1748 γὰρ,
627 1681 810 1748 φησὶν,
848 1682 940 1731 καὶ
976 1682 1001 1731 δ
1042 1681 1229 1747 Πατήρ
1261 1695 1386 1747 μου,
1427 1677 1781 1747 ἐλευσόμεθα,

200 1770 297 1821 καὶ
370 1771 536 1838 μονὴν
594 1770 723 1837 παρ’
792 1770 940 1838 αὐτῷ
1008 1769 1369 1837 ποιησόμεθα.
1435 1787 1453 1817 ι
1523 1769 1631 1820 Καὶ
1688 1769 1781 1831 τὸ,

1329 1860 1362 1871 ιι

204 1880 223 1910 ι
288 1860 513 1929 Πνεῦμα
545 1862 685 1912 οἰκεῖ
720 1862 776 1911 ἐν
817 1862 966 1927 ὑμῖν.
1028 1880 1044 1910 ι
1096 1862 1237 1929 Πρὸς
1264 1860 1472 1922 ’τέλους
1526 1859 1617 1911 τοῦ
1665 1862 1785 1911 κατ’
1819 1845 1863 1900 Β

198 1954 406 2022 ἀρετὴν
459 1947 598 2004 εἶναι
648 1953 787 2021 βίου,
838 1952 1105 2006 ἀκόλουθα
1162 1954 1417 2023 ὑπάρχει,
1467 1956 1785 2023 ἐγκράτεια,

200 2044 299 2093 καὶ
332 2044 600 2110 ὑπομονὴ,
629 2042 781 2111 καὶὴ
813 2043 1307 2112 ταπεινοφροσύνῃ,
1340 2044 1434 2096 καὶ
1479 2045 1511 2111 ὴ
1552 2060 1785 2113 προσευ-

199 2136 270 2203 χὴ
342 2135 452 2203 Τὴν
479 2139 583 2204 γὰρ
614 2136 921 2204 ἄθραυστον
954 2138 1045 2188 καὶ
1074 2135 1302 2189 ἄλεκτον
1347 2135 1695 2204 δικαιοσύνην
1740 2137 1786 2188 οἱ

201 2231 359 2281 πονοι
410 2231 504 2280 καὶ
550 2232 599 2280 οἱ
648 2230 857 2298 ἀγῶνες
904 2230 1152 2299 φύουσιν.
1207 2230 1312 2282 Καὶ
1341 2230 1493 2282 οὐδὲν
1520 2232 1568 2281 οἱ
1601 2230 1787 2299 μόχθοι

202 2322 342 2386 τέρος
389 2321 450 2371 τὸ
496 2322 722 2389 μέγεθος
770 2322 866 2389 τῆς
916 2320 1171 2381 εὐκλείας
1210 2321 1307 2388 τῆς
1342 2321 1641 2389 ὑπομονῆς,
1690 2322 1789 2389 τῆς

199 2414 312 2463 ὑπὸ
349 2414 444 2475 τῆς
485 2414 683 2483 ἀρετῆς
730 2416 1092 2482 τικτομένης·
1153 2413 1339 2473 καθὼς
1387 2415 1478 2466 καὶ
1526 2416 1553 2466 ὁ
1587 2412 1788 2481 Κύριος

196 2505 513 2575 διαγορεύει
541 2521 552 2533 ⁸
603 2523 620 2554 ι
674 2507 793 2557 ’Ὁτι
831 2505 1010 2574 θλίψιν
1040 2506 1193 2569 Ξξετε
1232 2508 1289 2558 ὲν
1333 2507 1411 2575 τῷ
1452 2507 1641 2575 κόσμῳ
1666 2505 1787 2557 τοὺ-

200 2613 301 2662 τῳ.
348 2615 363 2645 ι
400 2596 567 2663 Δῆλον
592 2596 700 2666 γὰρ
729 2599 807 2649 ὅτι
832 2596 939 2647 τῶν
967 2598 1067 2666 μὲν
1098 2597 1324 2664 ἀγώνων
1352 2599 1445 2650 καὶ
1475 2598 1582 2648 τῶν
1614 2597 1788 2649 ἄθλων

204 2687 422 2739 στάδιόν
473 2689 620 2739 ἐστιν
671 2691 699 2741 ὁ
748 2688 941 2759 παρὼν
993 2690 1141 2757 βίος
1196 2691 1304 2742 τῶν
1356 2690 1411 2741 δὲ
1457 2690 1710 2742 ἐπάθλων
1766 2692 1792 2741 δ

206 2777 445 2845 μέλλων.
491 2780 893 2850 ’Λγαπήσωμεν
938 2777 1029 2833 οὖν
1080 2782 1171 2833 τὸν
1208 2781 1410 2852 Κύριον
1458 2782 1788 2852 εἰλικρινῶς,

204 2871 297 2923 ἵνα
326 2872 581 2942 παράσχῃ
612 2874 743 2940 ἡμῖν
775 2872 809 2924 ἃ.
832 2873 1201 2942 ἐπηγγείλατο
1239 2876 1350 2936 τοῖς
1381 2874 1670 2941 ἀγαπῶσιν
1700 2875 1792 2927 αὖ-

201 2962 335 3014 τον·
376 2982 395 3013 ι
435 2964 499 3014 ’Ἀ
536 2962 814 3031 ὀφθαλμὸς
854 2965 954 3016 οὑκ
997 2963 1126 3028 ἴδεν,
1176 2967 1268 3017 καὶ
1300 2963 1392 3027 οὖς
1420 2967 1517 3018 οὐκ
1563 2968 1788 3037 ἤκουσε.

205 3056 304 3106 καί
334 3056 426 3105 ἐπὶ
468 3055 696 3123 καρδίαν
738 3054 1025 3123 ἀνθρώπου
1054 3057 1154 3107 οῦκ
1182 3057 1372 3126 ἀνέϐη.
1416 3076 1434 3108 ι
1484 3056 1790 3125 ’Λγωνισώ-

1881 594 2003 649 qua:
2034 578 2182 631 enim
2215 577 2495 637 videntur,
2534 572 2864 642 temporaria
2909 580 3038 625 sunt
3067 587 3080 623 :
3114 584 3237 638 qua:
3277 577 3460 621 autem

1881 687 1991 725 non
2043 669 2323 731 videntur,
2371 676 2596 721 :elerna.
2658 665 2734 718 E0
2780 662 3078 733 siquidem,
3122 659 3461 714 renuntiatio

1880 762 2107 822 dicitur,
2143 761 2290 829 quod
2330 759 2567 812 terrenis
2612 756 2708 826 qui
2745 755 3087 815 renuntiant,
3119 754 3169 806 in
3205 751 3457 805 ordinem

1881 864 2214 924 conpl-antur
2256 852 2564 906 cwlcstium
2597 869 2608 903 :
2644 850 2776 902 dum
2824 847 2971 902 enim
3025 845 3258 914 patriam
3314 845 3457 897 hanc

1882 962 1992 999 non
2045 944 2201 997 inviti
2256 942 2588 1005 deserimus,
2625 939 2918 993 sublimem
2953 937 3101 991 illam
3149 936 3458 1003 expetimus

1881 1039 2207 1100 Jerusalem,
2243 1036 2372 1089 dum
2420 1035 2609 1087 mundi
2649 1032 2808 1087 istius
2846 1030 3124 1099 sapientes
3169 1040 3238 1079 ne
3282 1026 3458 1079 salute

1882 1133 2108 1202 quidem
2138 1131 2457 1201 dignamur,
2487 1127 2661 1194 magis
2690 1140 2820 1177 vero
2844 1135 3165 1176 aversantur
3197 1133 3261 1171 ac
3292 1131 3459 1184 repuo

1884 1226 2131 1282 diamus,
2203 1238 2326 1275 cum
2387 1217 2773 1288 spiritualihus
2832 1217 2964 1268 viris
3032 1221 3183 1268 tanto
3234 1208 3463 1278 propius

1884 1316 2293 1383 congredimur.
2328 1313 2571 1367 Virtutes
2598 1309 2766 1378 igitur
2799 1306 3029 1375 adipisci
3059 1314 3388 1372 magnopere
3418 1298 3461 1349 si

1885 1411 2161 1479 cupimus,
2210 1408 2263 1460 in
2299 1406 2494 1475 primis
2536 1404 2651 1473 jugi
2689 1399 2953 1455 exercitio
2989 1396 3300 1452 excolendae
3335 1401 3465 1447 sunt

1888 1505 1990 1565 Ine,
2023 1502 2386 1562 continentia,
2422 1496 2708 1568 patientia,
2741 1493 2990 1547 modesta
3021 1490 3324 1543 humilitas.
3370 1486 3465 1539 llis

1886 1596 2145 1648 omnibus
2192 1592 2485 1647 continens
2523 1588 2854 1656 suil'ragetur
2889 1600 2954 1636 ac.
3009 1596 3208 1651 perpes
3264 1576 3464 1637 oratio,

1886 1698 1941 1742 et
1986 1686 2133 1755 quod
2169 1684 2416 1739 studiose
2461 1681 2679 1734 ellieere
2734 1678 3012 1736 molimur,
3050 1673 3262 1725 minore
3297 1671 3466 1740 perli-

1889 1781 2101 1834 ciemus
2150 1778 2393 1847 negotio.
2440 1775 2507 1829 Ut
2543 1775 2690 1827 enim
2740 1773 2961 1824 domum
3004 1766 3343 1821 exaediﬁcare
3372 1763 3465 1832 qui

1893 1873 2029 1933 vult,
2066 1872 2351 1926 materiam
2386 1878 2613 1940 apparat
2639 1869 2792 1937 prius
2812 1867 3031 1919 fabricae
3063 1864 3323 1916 omnibus
3354 1860 3469 1913 suis

1892 1966 2140 2035 partibus
2202 1962 2554 2017 absolvenda:
2607 1961 2887 2017 idoneam,
2938 1959 3010 2011 ita
3058 1967 3111 2010 et
3162 1955 3253 2024 qui
3314 1968 3468 2007 suam

1891 2054 2064 2123 ipsius
2094 2053 2343 2116 domum,
2372 2052 2712 2105 domicilium
2744 2064 2938 2116 m-Inpe
2962 2053 3325 2101 sacrosancta:
3347 2043 3471 2097 Tri-

1891 2148 2080 2201 uitatis
2113 2147 2337 2198 molitur
2365 2154 2669 2198 exstruere.
2707 2162 2724 2191 ι
2761 2144 2870 2211 ligo
2894 2142 3069 2198 enim.
3096 2138 3195 2199 ait,
3225 2147 3275 2190 et
3313 2139 3473 2190 Pater

1892 2255 2047 2292 meus
2102 2237 2389 2291 veniemus
2438 2244 2493 2287 et
2540 2235 2880 2287 mansionem
2932 2230 3075 2300 apud
3125 2246 3249 2282 eum
3302 2228 3469 2281 facie-

1893 2348 2015 2385 mus
2046 2333 2109 2382 '9.
2158 2349 2174 2380 ι
2214 2330 2281 2383 Et
2318 2328 2451 2382 illud
2484 2346 2495 2380 :
2550 2348 2566 2376 ι
2607 2326 2845 2395 Spiritus
2874 2333 3098 2376 sanctus
3134 2323 3227 2390 qui
3261 2320 3473 2373 habitat

1894 2420 1947 2473 in
1980 2419 2138 2472 vobis
2176 2420 2239 2471 ³ο.
2286 2436 2302 2467 ι
2348 2417 2425 2471 Ad
2476 2418 2637 2469 linem
2684 2416 2808 2467 vine
2859 2413 3020 2466 istius
3051 2412 3116 2479 (si
3166 2409 3472 2463 secundum

1894 2513 2151 2566 virtutem
2188 2510 2531 2577 transigitur)
2564 2510 2646 2561 Ine.
2674 2508 2856 2560 adsint
2891 2504 3190 2558 individme
3219 2503 3471 2564 comites,

1892 2603 2255 2664 continentia,
2299 2600 2586 2670 patientia,
2622 2598 2869 2651 modesta
2916 2596 3225 2657 humilitas,
3254 2604 3310 2647 et
3350 2608 3475 2646 ora-

1895 2692 1992 2745 tio.
2030 2690 2369 2745 lnell‘abilem
2405 2690 2553 2741 enim
2579 2689 2846 2757 justitiam
2878 2702 2981 2740 nec
3017 2685 3309 2755 aliquando
3335 2685 3476 2737 otio.

1894 2800 2009 2837 sam
2041 2793 2137 2836 aut
2172 2780 2515 2834 desinentem
2551 2778 2769 2831 labores
2806 2784 3177 2845 progenerant
3213 2790 3276 2829 ac
3314 2773 3479 2843 spiri-

1898 2876 2072 2930 tuales
2101 2874 2414 2928 conﬂictus.
2466 2872 2542 2925 Ne
2586 2870 2723 2924 tanti
2751 2869 2977 2937 quidem
3024 2867 3337 2921 aestimandi
3380 2882 3477 2918 ve.-

1896 2970 2057 3022 niunt
2092 2968 2308 3021 labores
2350 2966 2536 3019 collati
2572 2965 2637 3016 ad
2672 2960 3111 3030 pinguitudinem
3146 2959 3477 3013 felicissima:

1897 3061 2043 3115 illius
2088 3058 2295 3128 gloriaz,
2343 3072 2508 3125 quam
2558 3054 2703 3123 parit
2746 3051 2972 3105 virtutis
3009 3050 3278 3111 studium,
3323 3050 3477 3117 juxta

209 3147 353 3215 μεθα
397 3148 617 3215 νικῆσαι
663 3148 760 3217 τὴν
802 3149 998 3219 σάρκα,
1054 3151 1144 3202 καὶ
1190 3150 1251 3202 τὸ
1284 3151 1486 3219 ταύτης
1518 3151 1788 3219 φρόνημα,

1897 3154 2113 3209 Domini
2157 3150 2465 3205 doctrinam
2504 3146 2780 3200 dicentis:
2821 3164 2838 3195 ι
2880 3144 3019 3211 Quia
3059 3143 3478 3197 tribulationem

208 3240 268 3289 ἐν
297 3238 566 3307 πνεύματι
600 3240 734 3292 Θεοῦ
756 3257 769 3272 ·
811 3244 1122 3309 νικήσωμεν
1160 3243 1251 3295 τὸν
1278 3244 1520 3295 Σατανᾶν
1551 3243 1642 3294 τὸν
1661 3243 1790 3311 δρά-

209 3347 401 3391 κοντα,
431 3332 490 3381 ἐν
520 3330 595 3399 τῷ
639 3331 1024 3399 ὲνδυναμοῦντι
1073 3335 1216 3401 ἡμᾶς
1243 3334 1283 3385 Χ
1295 3333 1486 3403 ριστῷ.
1539 3335 1795 3403 ’Λρωμεν

208 3420 304 3472 τὸν
336 3422 590 3489 σταυρδν,
642 3424 737 3473 καὶ
787 3423 1244 3493 ἀκολουθήσωμεν
1279 3424 1356 3492 τῷ
1386 3425 1646 3494 νικοποιῴ
1696 3426 1797 3494 Ἰη-

210 3510 334 3565 σοῦ.
396 3510 818 3578 ’Λγωνισὼμεθα
848 3508 942 3564 οὖν
967 3512 1196 3581 δραμεῖν
1237 3514 1437 3577 εὐθέως
1476 3517 1571 3567 καὶ
1603 3532 1794 3566 πεποι-

212 3602 411 3663 θότως,
440 3602 527 3652 ἵνα
569 3603 967 3671 καταλάϐωμεν
1013 3604 1072 3656 τὸ
1104 3604 1353 3673 βραϐεῖον
1385 3606 1484 3674 τῆς
1511 3606 1621 3658 ἄνω
1668 3607 1797 3677 κλή-

211 3711 356 3756 σεως
389 3694 445 3745 ἐν
475 3695 713 3764 Χριστῷ.
761 3698 871 3758 Πᾶς
902 3698 1010 3766 γὰρ
1053 3699 1080 3749 ὁ
1113 3698 1321 3767 τρέχων
1370 3697 1796 3769 πεπληροφορη-

212 3785 402 3853 μένος,
435 3789 524 3837 καί
549 3788 649 3837 οὐκ
679 3785 908 3855 ἀδήλως,
940 3788 1352 3855 καταλαμϐάνει
1396 3788 1485 3839 τὸν
1534 3790 1800 3856 στέφανον

208 3877 312 3943 τῆς
355 3877 670 3944 ἀποταγῆς,
725 3877 819 3929 κπὶ
874 3877 973 3940 τῆς
1029 3878 1251 3942 ἁγνείας
1314 3879 1403 3928 τὸν
1455 3878 1801 3947 πολύμοχθον

211 3968 310 4020 καὶ
334 3967 666 4037 πολύμισθον
697 3967 944 4021 πλοῦτον.
976 3968 1181 4036 Γράφει
1231 3964 1321 4020 οὖν
1344 3971 1370 4020 δ
1400 3969 1601 4039 Πέτρος
1624 3987 1636 3999 ’
1660 3990 1677 4019 ι
1716 3969 1801 4033 Ὠς

211 4060 583 4128 ἀρτιγέννητα
626 4059 822 4128 βρέφη,
860 4059 1053 4125 λέγων,
1110 4061 1170 4111 τὺ
1214 4059 1434 4126 λογικὸν
1475 4061 1568 4113 καὶ
1616 4060 1802 4114 ἄδολον

213 4153 361 4219 γάλα
412 4152 824 4221 ἐπιποθήσατε,
905 4152 991 4204 ἵνα
1050 4153 1107 4206 ἐν
1175 4151 1325 4221 αὑτῴ
1375 4152 1715 4223 αὑξηνθῆτε·
1776 4173 1794 4205 ι

212 4244 498 4297 τουτέστιν
518 4286 531 4307 ,
555 4244 652 4312 τὴν
686 4244 963 4312 ἀκήρατον
1022 4244 1206 4295 πίστιν
1228 4283 1242 4307 ,
1308 4245 1429 4313 ἥτις
1457 4245 1681 4308 αὐξάνει
1711 4247 1804 4297 καὶ

215 4337 450 4404 φωτίζει
495 4336 589 4388 τὸν
621 4336 908 4405 ἄνθρωπον
953 4338 1010 4388 ἐν
1043 4338 1154 4397 τοῖς
1185 4338 1371 4399 καλοῖς
1398 4338 1599 4407 ἔργοις.
1642 4340 1751 4391 Καὶ
1778 4341 1806 4391 ὁ

221 4428 459 4489 Παῦλος·
482 4446 501 4479 ι
532 4427 860 4480 Ἐνδύσασθε
889 4428 987 4498 τὴν
1015 4428 1322 4480 πανοπλίαν
1353 4428 1448 4481 τοῦ
1483 4430 1640 4493 Θεοῦ,
1669 4433 1805 4502 πρὸς

1900 3244 2115 3300 habetis
2142 3245 2194 3297 in
2226 3242 2431 3296 mundo
2470 3241 2573 3293 hoc
2602 3241 2667 3293 3'.
2705 3257 2723 3289 ι
2762 3238 2940 3291 Vitam
2971 3237 3120 3291 enim
3150 3244 3479 3305 prazsentem

1898 3339 2071 3407 liquet
2119 3352 2239 3391 esse
2275 3334 2640 3388 certaminum
2676 3342 2839 3399 atque
2874 3330 3155 3383 luctarmn
3187 3326 3429 3381 stadium
3463 3343 3478 3379 :

1899 3430 2247 3500 praemiorum
2274 3436 2459 3481 autem
2506 3442 2628 3494 quae
2667 3435 2822 3477 certo
2865 3430 3091 3475 manent
3122 3422 3363 3474 victores
3394 3420 3482 3472 fu-

1902 3534 2023 3579 tura
2062 3524 2151 3576 illa
2189 3530 2275 3576 est
2323 3521 2455 3574 vita.
2491 3519 2785 3572 Dominum
2829 3517 2994 3586 igitur
3023 3515 3245 3568 sincero
3288 3512 3485 3583 diliga-

1901 3632 2025 3669 mus
2052 3615 2276 3678 aﬂ‘eetu,
2315 3622 2377 3667 ut
2406 3612 2569 3665 nobis
2597 3626 2659 3665 ea
2687 3610 2991 3664 clementer
3026 3606 3329 3675 impartiat.
3362 3618 3487 3674 qua}

1902 3705 2260 3775 diligentibus
2296 3721 2420 3758 eum
2465 3702 2727 3757 daturqu
2774 3717 2831 3755 se
2865 3715 2987 3753 csse
3033 3698 3316 3768 pollicitus
3356 3705 3481 3750 est:

1909 3820 1926 3848 ι
1967 3799 2096 3863 Qum
2123 3797 2348 3867 quidem
2380 3812 2488 3849 non
2512 3795 2708 3849 oculus
2734 3792 2896 3854 vidit,
2922 3807 3033 3845 non
3067 3790 3281 3844 audivit
3309 3789 3484 3852 auris,

1904 3905 2005 3943 nec
2053 3890 2105 3942 in
2148 3904 2244 3942 eor
2296 3888 2540 3941 hominis
2570 3886 2945 3940 ascenderunt
2976 3884 3041 3937 “.
3083 3902 3100 3933 ι
3152 3883 3347 3951 Magno
3387 3896 3485 3936 co-

1902 3989 2034 4034 natu
2085 3980 2402 4033 adnitamur
2447 3978 2881 4044 studeamusquc
2916 3989 3141 4029 carnem
3193 3973 3335 4026 hanc
3367 3972 3487 4025 vin-

1903 4087 2050 4136 cere,
2097 4081 2153 4125 et
2182 4072 2303 4139 ejus
2350 4070 2722 4138 prudentiam,
2766 4067 3061 4137 adjuvante
3111 4081 3210 4119 nos
3244 4065 3337 4117 Dei
3376 4065 3489 4133 spi-

1906 4164 2051 4225 ritu;
2105 4162 2329 4216 Christo
2380 4162 2544 4214 nohis
2592 4161 2741 4215 vires
2791 4167 3127 4228 suggerente
3168 4175 3181 4211 :
3228 4156 3485 4210 Satanam

1905 4255 2202 4309 draconem
2232 4253 2633 4323 implacabilem
2677 4264 3037 4321 superemus;
3072 4249 3328 4303 tollamus
3363 4264 3491 4302 cru-

1907 4361 2047 4409 cem,
2091 4360 2499 4415 sequamurque
2530 4345 2716 4397 .lesuln
2776 4345 2869 4411 qui
2922 4349 3144 4411 prarstat
3176 4342 3484 4394 victoriam.

1906 4436 2083 4491 Cursu
2126 4435 2326 4490 festino
2370 4451 2473 4489 nec
2508 4435 2724 4487 minore
2763 4434 2960 4487 liducia
3014 4433 3385 4494 deccrtcmus,
3432 4441 3491 4486 ut

214 4524 281 4575 τὺ
338 4521 601 4574 δύνασθαι
664 4522 807 4590 ὑμᾶς
838 4521 1030 4589 στῆναι
1071 4520 1207 4590 πρὸς
1249 4523 1347 4584 τὰς
1382 4522 1667 4591 μεθοδείας
1706 4524 1793 4577 τοῦ

1908 4529 2160 4582 bravium
2183 4527 2519 4597 attingamus
2550 4542 2802 4595 superine
2818 4525 3127 4578 vocationis
3156 4524 3209 4576 in
3241 4522 3485 4576 Christo.

218 4613 470 4667 διαϐόλου
503 4630 516 4643 ’
547 4614 629 4665 ὅτι
658 4612 757 4664 οὐκ
802 4612 947 4664 ἐστιν
984 4613 1117 4681 ἡμῖν
1165 4613 1197 4681 ή
1248 4612 1395 4681 πάλη
1447 4614 1581 4683 πρὸς
1632 4610 1800 4683 αἷμα,

220 4706 318 4759 καὶ
350 4706 530 4774 σάρκα
565 4719 578 4732 ’
615 4704 750 4756 ἀλλὰ
786 4702 922 4770 πρὸς
974 4704 1072 4765 τὰς
1120 4704 1317 4773 ἀρχὰς,
1357 4705 1491 4775 πρὸς
1528 4705 1623 4770 τὰς
1663 4706 1803 4771 ἐξου-

222 4798 371 4859 σίας,
408 4797 545 4866 πρὸς
588 4796 715 4857 τοὺς
761 4795 1213 4865 κοσμοκράτορας
1254 4794 1349 4848 τοῦ
1384 4797 1634 4859 σκότους,
1667 4798 1803 4868 πρὸς

222 4890 293 4941 τα
338 4886 688 4955 πνευματικὰ
716 4887 812 4954 τῆς
847 4887 1131 4954 πονηρίας.
1174 4905 1192 4937 ι
1232 4888 1339 4938 Καὶ
1370 4884 1527 4949 αὖθις
1551 4905 1564 4918 ·
1601 4908 1618 4939 ι
1680 4890 1802 4941 Ἐπὶ

222 4982 394 5034 πᾶσιν
448 4979 813 5039 ἀναλαϐόντες
850 4977 940 5029 τὸν
986 4976 1178 5046 θυρεὸν
1226 4979 1327 5048 τῆς
1360 4979 1597 5041 πίστεως
1623 5021 1637 5043 ,
1673 4982 1729 5032 ἐν
1759 4975 1804 5048 ᾧ

217 5071 517 5141 δυνήσεσθε
550 5070 729 5123 πάντα
766 5070 835 5121 τα
864 5068 992 5138 βέλη
1022 5068 1116 5121 τοῦ
1159 5071 1407 5139 Πονηροῦ
1437 5075 1504 5123 τὰ
1547 5090 1806 5142 πεπυρω-

224 5165 367 5234 μένα
431 5162 644 5215 σϐέσαι.
678 5162 778 5215 Διὰ
826 5162 1010 5230 πάσης
1043 5163 1357 5233 Προσευχῆς
1410 5164 1503 5215 καὶ
1544 5164 1804 5234 δεήσεως,

220 5256 661 5327 προσευχόμενοι
714 5255 773 5307 ὲν
807 5254 971 5306 παντὶ
1019 5255 1215 5326 καιρῷ,
1251 5257 1345 5309 καὶ
1374 5258 1453 5319 εἰς
1482 5258 1613 5310 αὐτο
1647 5260 1805 5312 τοῦτο

217 5347 631 5419 ἀγρυπνοῦντες
660 5347 718 5399 ἐν
748 5346 898 5416 πάσῃ
925 5349 1399 5417 προσκαρτερήσει
1446 5350 1540 5403 καὶ
1562 5350 1760 5419 δεήσει.
1778 5370 1796 5402 ι

218 5438 416 5500 Οὕτως
478 5440 586 5506 γὰρ
644 5437 1064 5506 ἀγωνιζόμενοι,
1100 5438 1397 5507 δυνήσεσθε
1462 5441 1520 5494 ἐν
1572 5443 1802 5515 ἀληθείᾳ

218 5532 437 5590 ἑαυτοῖς
508 5528 978 5599 ὲμμορφώσασθαι
1038 5531 1138 5598 τὴν
1192 5531 1375 5585 εἰκόνα
1418 5533 1512 5586 τοῦ
1563 5536 1800 5605 Χριστοῦ

222 5623 286 5675 ὲν
371 5624 575 5686 πᾶσιν,
629 5623 688 5675 ἐν
740 5620 872 5691 βίῳ,
926 5624 984 5674 ἐν
1064 5624 1412 5695 ἀναστροφῇ,
1476 5628 1530 5677 ἐν
1598 5628 1800 5699 προθέο

295 5736 340 5765 ν’
379 5734 535 5789 Joan.
570 5752 679 5797 xlv,
708 5734 795 5787 9.3.
910 5736 953 5765 δ”
996 5735 1167 5789 Hlor.
1208 5754 1285 5801 ιιι,
1360 5740 1435 5794 lli.

230 5821 269 5867 ι.
302 5807 359 5858 :2.

1550 5745 1586 5773 "'
1632 5744 1785 5799 Joan.
1848 5762 1951 5805 .wr,
1986 5745 2071 5795 33.

1905 4622 2094 4675 Omnis
2132 4620 2281 4673 enim
2313 4620 2406 4688 qui
2447 4620 2642 4682 currit,
2686 4634 2780 4686 spe
2821 4618 2957 4671 nihil
2990 4618 3160 4671 dubia
3194 4619 3487 4677 subnixus.

1906 4728 2013 4764 non
2048 4712 2176 4765 item
2225 4711 2279 4763 in
2327 4710 2617 4769 incertum,
2671 4708 2872 4777 accipit
2925 4709 3180 4763 bravium
3233 4708 3490 4776 perlecta:

1906 4800 2351 4854 renuntiationis.
2397 4800 2476 4852 Ad
2514 4799 2616 4852 hoc
2643 4814 2776 4867 Opes
2826 4799 3145 4866 assequitur
3189 4797 3489 4850 sanctimo-

1906 4896 2012 4947 nia:
2044 4909 2306 4963 operosas
2347 4907 2500 4957 sane,
2533 4890 2629 4945 sed
2666 4907 2767 4945 nec
2796 4890 3060 4945 mediocri
3102 4890 3360 4944 mercede
3390 4904 3491 4942 cu-

1905 4987 2160 5041 mulatas.
2194 4987 2260 5039 Et
2289 4985 2509 5054 quidem
2540 4984 2736 5037 Petrus
2777 4982 2971 5036 scribit
3001 5000 3015 5035 :
3058 5001 3076 5032 ι
3113 4981 3281 5047 Quasi
3326 4980 3491 5034 modo

1903 5077 2074 5147 geniti
2109 5076 2367 5133 infantes.
2417 5075 2685 5127 rationale
2726 5080 2783 5127 et
2830 5072 2948 5125 sine
2995 5073 3122 5126 dolo
3154 5072 3237 5125 lae
3284 5088 3493 5124 concu-

1906 5170 2125 5239 piscite,
2167 5178 2228 5223 ut
2264 5168 2317 5221 in
2362 5168 2481 5236 ipso
2514 5166 2776 5220 crescatis
2802 5166 2869 5229 ³³,
2911 5187 2926 5213 ι
2970 5165 3177 5233 1211
3229 5165 3335 5218 hoc
3384 5173 3490 5224 est.

1911 5262 2307 5330 impcrmistam
2338 5269 2393 5313 et
2426 5260 2802 5327 incorruptam
2850 5258 3033 5317 (idem,
3074 5265 3135 5309 ut
3182 5257 3234 5309 in
3264 5271 3327 5309 ea
3373 5270 3493 5310 cre-

1911 5355 2097 5411 scatis.
2142 5353 2352 5407 Crescit
2393 5352 2543 5404 enim
2592 5352 2649 5404 in
2698 5351 2923 5403 homine
2981 5349 3116 5402 fides
3166 5347 3492 5417 quotidiana

1911 5447 2248 5510 accessione,
2299 5445 2429 5496 dum
2488 5452 2730 5497 mentem
2783 5427 3026 5494 hominis
3083 5455 3184 5494 suo
3256 5439 3496 5492 illustrat

1910 5541 2203 5611 splendore
2247 5539 2299 5591 in
2334 5537 2496 5591 bonis
2521 5536 2785 5606 operibus
2818 5532 3214 5589 eonversantis.
3249 5530 3492 5584 Paulus:

1918 5651 1935 5681 ι
1974 5630 2187 5685 induite
2222 5644 2315 5682 vos
2345 5637 2679 5682 armaturam
2715 5626 2810 5681 Dei
2848 5632 2907 5678 ut
2947 5624 3169 5694 possitis
3211 5630 3359 5677 stare.
3400 5619 3495 5674 ad-

2189 5742 2229 5772 ”
2274 5740 2372 5795 Isa.
2433 5757 2572 5801 mv,
2622 5739 2724 5801 i;l
2785 5738 2911 5789 Cor.
2954 5753 3010 5801 Il,
3040 5739 3091 5789 ιι.
3204 5735 3246 5767 ⁵³
3285 5734 3302 5787 1
3345 5735 3491 5789 Petr.
