4178 6424
735 333 867 395 178Ὶ

1995 345 2356 405 ANTIOCHI
2396 349 2733 411 MONACIII

3849 358 3983 419 1784

729 465 918 503 versus
948 450 1176 505 insidias
1205 451 1447 517 diaboli;
1495 457 1621 524 quia
1670 471 1776 509 non
1812 465 1895 510 cst
1938 458 2098 510 nobis
2128 459 2289 512 collu-

2406 478 2509 521 σει,
2557 466 2613 516 ὲν
2658 467 2818 533 λόγῳ,
2856 467 2912 517 ἐν
2952 464 3117 533 ἔργῳ,
3152 466 3204 515 ἐν
3255 464 3522 531 ὑπομονῇ,
3562 464 3616 513 ἐν
3658 463 3903 532 ἀνδρεία,
3936 468 3989 517 ἐν

726 539 893 591 elatio
931 540 1198 595 adversus
1242 547 1565 612 sanguinem
1600 555 1656 599 et
1688 561 1932 611 carnem,
1969 547 2062 600 sed
2108 558 2165 602 et
2198 549 2295 602 ad-

729 645 915 680 versus
948 630 1306 700 principatus.
1354 636 1621 689 adversus
1656 646 1978 706 potestates,
2029 639 2298 693 adversus

725 720 912 772 mundi
944 733 1186 776 rectores
1218 725 1570 779 tenebrarum
1602 726 1818 790 harum,
1843 727 2109 783 adversus
2137 731 2296 798 Spiri-

726 811 893 863 tualia
954 816 1211 882 nequitia:
1248 816 1310 868 ³⁵.
1367 835 1385 867 ι
1434 818 1687 871 llursns:
1725 836 1742 868 ι
1791 818 1848 871 In
1903 820 2163 873 onmibus
2208 836 2296 873 su-

723 914 937 957 mentes
959 915 1172 959 scutum
1204 908 1352 971 lidci,
1378 910 1430 961 in
1454 925 1565 978 quo
1587 910 1812 980 possitis
1837 912 1940 966 tela
1973 912 2294 980 nequissimi

725 991 889 1060 ignita
916 995 1266 1064 exstinguere
1295 1013 1392 1065 per
1420 1013 1641 1052 omnem
1673 1000 1981 1054 orationem
2014 1011 2070 1055 et
2097 1002 2295 1071 deprc-

720 1084 1017 1147 eationem,
1062 1099 1286 1142 orantes
1330 1088 1568 1144 inomni
1614 1102 1884 1161 tempore,
1924 1094 1976 1146 in
2028 1093 2130 1146 hoc
2176 1095 2294 1162 ipse

722 1175 991 1230 instantes
1017 1194 1141 1231 eum
1170 1181 1319 1234 onmi
1355 1182 1618 1237 instantia
1647 1193 1705 1238 et
1742 1185 2129 1238 obsecratione
2155 1188 2219 1238 ³⁸.
2272 1206 2288 1237 ι

720 1264 877 1319 llunc
908 1269 961 1319 in
1002 1269 1248 1334 modum,
1278 1288 1378 1342 pro
1405 1275 1549 1327 virili
1585 1275 1628 1327 si
1669 1284 1949 1328 strenuam
1978 1276 2295 1330 cmnmoda-

718 1359 912 1412 veritis
956 1375 1206 1429 operam,
1250 1366 1590 1418 verissimam
1641 1366 1694 1418 in
1740 1368 2149 1437 vobisnwtipsis
2199 1385 2295 1438 per

715 1451 899 1504 otnnia
952 1452 1162 1508 Christi
1224 1456 1515 1526 imaginem
1571 1458 1895 1526 exprimetis
1946 1460 1998 1512 in
2050 1460 2181 1523 vita,
2240 1462 2291 1513 in

716 1547 1158 1609 conversatione,
1205 1549 1259 1601 in
1305 1551 1613 1618 proposito,
1655 1567 1929 1616 sermone,
1976 1567 2165 1621 opere,
2202 1568 2290 1621 pa-

719 1633 932 1695 tientia,
980 1636 1123 1689 virili
1173 1637 1525 1702 fortitudine,
1580 1641 1633 1693 in
1686 1641 1998 1708 prudentia,
2053 1642 2288 1710 justitia,

716 1722 1153 1789 longanimitate,
1202 1727 1255 1780 in
1304 1729 1567 1782 memoria
1613 1738 1853 1797 accepta:
1896 1730 2131 1799 injuriae.
2178 1732 2291 1799 pie—

718 1821 847 1875 tate,
878 1816 1191 1879 sanctitatc,
1214 1819 1576 1882 continentia,
1607 1820 1660 1872 in
1683 1819 1810 1885 lide,
1831 1798 2214 1890 spc,denique
2235 1821 2287 1875 in
2322 1798 2363 1853 η

716 1906 1112 1973 perfectissima
1166 1910 1234 1963 ad
1286 1911 1456 1964 Deum
1506 1912 1796 1965 charitate.
1862 1913 2137 1981 Agonista:
2200 1914 2288 1969 isti

715 2011 945 2063 prorsus
969 1999 1171 2053 sinceri
1199 1998 1244 2054 si
1281 2013 1431 2066 sunt,
1458 2002 1527 2055 ab
1551 2004 1809 2057 omnibus
1836 2003 2117 2058 abstinent
2137 2007 2286 2061 onmi

715 2087 916 2141 virtute
942 2106 1000 2141 se
1026 2090 1382 2159 adornantes,
1424 2093 1589 2162 inque
1624 2095 1913 2164 prreccptis
1952 2110 2286 2151 conversan-

715 2188 797 2232 tes
826 2180 944 2244 Dei,
971 2183 1125 2250 juxta
1158 2184 1405 2253 Apostoli
1446 2187 1775 2241 sententiam
1803 2187 2043 2242 dicentis
2072 2207 2084 2242 :
2122 2208 2141 2240 ι
2175 2190 2287 2244 Nos

712 2276 805 2343 qui
838 2278 1097 2341 vivimus,
1131 2280 1185 2333 in
1220 2294 1455 2337 mortem
1502 2284 1771 2337 tradimur
1800 2293 2028 2353 propter
2074 2285 2282 2353 Jesum,

715 2376 773 2418 ut
802 2377 858 2421 et
891 2370 998 2424 vita
1028 2371 1155 2424 Jesn
1199 2372 1583 2427 manifestetur
1630 2374 1686 2428 in
1727 2376 1943 2428 mortali
1975 2392 2141 2430 carne
2188 2392 2287 2431 no-

712 2468 824 2513 stra
854 2460 917 2513 ³⁶.
956 2482 974 2511 ι
1011 2491 1081 2501 -—
1112 2481 1129 2512 ι
1158 2462 1379 2517 Scimus
1422 2465 1569 2517 enim
1597 2466 1856 2535 quoniam
1885 2467 2167 2521 terrestris
2188 2468 2286 2521 do-

712 2566 834 2603 mus
887 2562 1072 2607 nostra
1118 2553 1281 2623 hnjns
1329 2554 1686 2609 habitationis
1716 2557 2094 2611 dissolvatur:
2134 2559 2283 2627 quod

708 2643 1126 2699 :edilicationem
1165 2662 1231 2699 ex
1270 2647 1382 2700 Deo
1416 2647 1685 2702 habemus
1709 2648 1933 2703 domum
1964 2664 2073 2704 non
2115 2667 2280 2706 manu

710 2736 927 2801 laetanti,
963 2747 1225 2792 :eternam
1255 2739 1308 2792 in
1342 2740 1495 2793 cmlis
1517 2758 1527 2790 :
1553 2741 1687 2793 etin
1716 2740 1821 2794 hoc
1849 2740 2281 2813 ingemiscimus,

711 2833 1107 2887 habitationem
1137 2843 1379 2888 nostram
1405 2848 1528 2902 qua:
1556 2834 1625 2887 de
1654 2835 1795 2888 cmlo
1820 2844 1925 2901 est,
1956 2836 2281 2905 superindui

708 2926 1036 2993 cupientes:
1073 2924 1120 2980 si
1166 2935 1348 2980 tamen
1385 2925 1567 2980 vestiti
1604 2936 1661 2981 et
1699 2942 1809 2981 non
1853 2927 1986 2982 nudi
2032 2928 2283 2984 invenie-

711 3033 834 3071 mur
883 3019 945 3071 ³⁷.
1002 3037 1022 3069 ι
1082 3018 1139 3072 In
1172 3017 1326 3072 nullo
1356 3035 1606 3088 prorsum
1638 3019 1723 3073 vel
1771 3021 1856 3074 sui
1901 3021 2076 3089 ipsius
2117 3022 2284 3078 habet

2402 559 2664 625 φρονήσει
2691 599 2704 619 ,
2736 559 2796 608 ἐν
2835 557 3185 628 σωφροσύνῃ,
3210 556 3268 608 ἐν
3289 556 3631 623 δικαιοσύνη,
3676 557 3735 607 ὲν
3780 573 3981 625 μακροο

2400 644 2592 717 θυμία,
2627 649 2720 699 καὶ
2745 647 3068 717 ἀνεξικακίᾳ
3088 648 3181 698 καὶ
3212 646 3485 716 εὐσεϐείᾳ,
3522 647 3582 696 ὲν
3627 650 3873 714 ὁσιότητι
3895 689 3908 709 ,
3936 650 3990 699 ἐν

2399 737 2721 805 ἐγκρατείᾳ,
2753 738 2810 789 ὲν
2840 737 3022 788 πίστει
3085 736 3175 786 καὶ
3228 734 3422 794 ἐλπίδι,
3482 734 3539 783 ἐν
3574 735 3768 801 ἀγάπῃ
3790 733 3989 784 τελειο-

2397 828 2534 898 τὰτῃ
2620 827 2757 897 πρὸς
2811 826 2903 879 τὸν
2964 827 3116 878 Θεόν.
3171 826 3233 876 Ol
3284 825 3390 894 γὰρ
3440 824 3611 885 ῦντιος
3672 823 3989 892 εἰλικρινεῖς

2397 922 2718 989 ἀγωνισταὶ,
2756 921 2934 975 πάντα
2966 919 3418 988 ἐγκρατεύονται,
3451 916 3542 969 διὰ
3567 919 3754 984 πάσης
3777 916 3989 984 ἀρετῆς

2400 1013 2491 1065 καὶ
2541 1013 2759 1081 ἐντολῆς
2813 1012 2949 1064 θεοῦ
2996 1010 3410 1062 πολιτεύονταιο
3452 1009 3528 1068 ὥς
3559 1011 3781 1075 φησινό
3828 1008 3986 1059 ’Λπό-

2400 1104 2584 1163 στολος
2610 1118 2623 1131 ·
2663 1122 2680 1153 ι
2731 1104 2924 1172 Ἡμεῖς
2955 1102 3005 1154 οἱ
3055 1102 3258 1165 ζῶντες
3296 1103 3375 1162 εἰς
3406 1100 3636 1152 θάνατον
3693 1099 3989 1168 παραδιδο-

2400 1195 2560 1264 μεθα,
2591 1194 2676 1245 διὰ
2725 1193 2932 1262 Ἰησοῦν
2958 1210 2971 1223 ·
3009 1196 3091 1245 ἵνα
3123 1193 3217 1245 καὶ
3247 1195 3281 1261 ἡ
3306 1193 3419 1260 ζωὴ
3454 1191 3548 1243 τοῦ
3598 1190 3781 1258 Ἰησοῦ
3819 1206 3987 1254 φανε-

2399 1286 2545 1356 ρωθῇ
2562 1287 2618 1337 ὲν
2632 1288 2697 1355 τῇ
2718 1285 2885 1354 θνητῇ
2908 1285 3074 1354 σαρκὶ
3087 1282 3265 1353 ἡμῶν.
3280 1301 3397 1332 ι--ι
3411 1282 3650 1349 Οἴδαμεν
3667 1280 3782 1348 γὰρ
3794 1280 3877 1330 δτι
3896 1279 3989 1330 ἐὰν

2397 1380 2636 1447 ἐπίγειος
2670 1377 2829 1447 ἡμῶν
2859 1377 3010 1428 οἰκία
3036 1374 3130 1427 τοῦ
3161 1374 3397 1443 σκήνους
3428 1370 3736 1438 καταλυθῇ,
3773 1368 3984 1420 οἰκοδο-

2400 1472 2506 1540 μὴν
2536 1473 2599 1523 ὲκ
2634 1470 2768 1522 Θεοῦ
2799 1470 3020 1538 ἔχομεν,
3049 1466 3226 1519 οἰκίαν
3273 1462 3698 1532 ἀχειροποίητον
3719 1498 3734 1519 ,
3766 1459 3986 1513 αἰώνιον

2396 1565 2453 1616 ὲν
2482 1566 2595 1625 τοῖς
2622 1564 2893 1632 οὐρανοῖς.
2924 1560 3033 1613 Καὶ
3063 1558 3173 1626 γὰρ
3199 1559 3257 1610 ἐν
3291 1555 3503 1611 τούτοις
3530 1553 3888 1620 στενάζομεν,
3929 1551 3986 1601 τὸ

2394 1658 2709 1724 οἰκητήριον
2751 1654 2909 1723 ἡμῶν
2957 1652 3019 1705 τὸ
3061 1651 3119 1715 ὲξ
3146 1649 3395 1719 οὐρανῶν
3426 1645 3832 1697 ἐπενδύσασθαι
3864 1645 3982 1693 ἐπι-

2396 1746 2722 1807 ποθοῦντες·
2761 1746 2876 1811 εἴγε
2924 1745 3018 1797 καὶ
3068 1742 3447 1810 ἐνδυσάμενοι,
3477 1739 3538 1790 οὐ
3586 1736 3792 1805 γυμνοὶ
3830 1736 3984 1801 εὐρε-

2394 1836 2694 1908 θησὸμεθα.
2749 1857 2767 1888 ι
2816 1835 2876 1889 '0
2919 1834 3152 1904 μοναχδς
3212 1833 3313 1885 οὐκ
3342 1830 3457 1899 ἔχει
3502 1826 3701 1881 ἑαυτοῦ
3728 1825 3983 1889 ἐξουσίαν

2392 1932 2448 1984 ἐν
2476 1948 2604 1992 τινι,
2636 1928 2758 1982 οὐδὲ
2794 1928 3007 1996 θέλημα
3042 1926 3194 1978 ἴδιον.
3234 1943 3252 1974 ι
3284 1922 3373 1977 Ζῶ
3399 1921 3529 1991 γὰρ,
3565 1918 3757 1988 φησιν,
3791 1916 3980 1969 οὐκέτι

2389 2022 2522 2092 ἐγὼ,
2562 2022 2629 2092 ζῇ
2678 2021 2736 2073 δὲ
2780 2020 2839 2071 ὲν
2888 2019 3014 2088 ἐμοὶ
3077 2015 3334 2087 Χριστός.
3378 2032 3396 2063 ι
3433 2013 3543 2065 Καὶ
3590 2008 3797 2063 πάλιν·
3847 2023 3868 2056 ι
3920 2008 3979 2057 ’0

2387 2117 2601 2184 ἄγαμος
2653 2112 2898 2182 μεριμνᾷ
2954 2109 3025 2162 τὰ
3077 2108 3173 2162 τοῦ
3228 2106 3462 2177 Κυρίου,
3495 2102 3614 2162 πῶς
3664 2101 3861 2171 ἀρέσει
3902 2098 3979 2167 τῷ

2387 2206 2596 2275 Κυρίῳ,
2628 2204 2725 2258 καὶ
2752 2200 3035 2255 τελειώσει
3063 2200 3124 2252 τὸ
3174 2199 3338 2269 ἔργον
3378 2194 3569 2257 αὐτοῦ,
3610 2195 3766 2253 ὅπως
3817 2192 3974 2255 δοξα-

2389 2298 2488 2368 σθῇ
2542 2296 2795 2354 αἱωνίως.
2839 2312 2858 2344 ι
2895 2294 2957 2344 Οἱ
3021 2291 3133 2359 γὰρ
3174 2288 3432 2359 σαρκικοὶ
3485 2287 3553 2339 τὰ
3620 2285 3976 2352 πνευματικᾶ

2384 2388 2650 2457 πράσσειν
2665 2383 2727 2436 οὐ
2743 2382 3017 2444 δύνανται,
3032 2379 3153 2433 οὐδὲ
3172 2380 3219 2431 οἱ
3242 2376 3604 2446 πνευματικοὶ
3616 2375 3685 2427 τὰ
3708 2392 3778 2426 σα
3786 2372 3974 2443 ρκικᾶ.

2385 2480 2504 2551 Χρὴ
2523 2474 2614 2531 οῦν
2638 2476 2731 2528 τὸν
2750 2475 3072 2545 βουλόμενον
3090 2471 3188 2541 τὴν
3215 2469 3510 2538 ἀγγελικὴν
3532 2467 3736 2537 ταύτην
3756 2466 3853 2519 τοῦ
3885 2482 3976 2533 μο-

2384 2573 2446 2640 νή
2457 2587 2580 2639 ρους
2608 2567 2721 2637 βίου
2742 2566 2981 2635 ἀσκῆσαι
3003 2562 3301 2623 πολιτείαν,
3316 2558 3621 2628 κτήσασθαι
3649 2555 3749 2625 τὴν
3768 2556 3945 2625 φρόνη

2385 2677 2471 2712 σιν
2485 2659 2789 2728 τοῦζίκρεως,
2803 2655 2897 2709 καὶ
2915 2653 2977 2706 τὸ
2992 2653 3249 2724 ἀκέραιον
3259 2651 3357 2719 τῆς
3376 2665 3442 2700 πε
3449 2663 3596 2717 ριστε
3607 2648 3727 2715 ρᾶς,
3748 2646 3839 2697 ἵνα
3854 2661 3975 2695 συν-

2387 2755 2439 2822 ιῇ
2473 2754 2529 2804 ὲν
2561 2750 2747 2812 παντὶ,
2789 2747 2843 2800 τί
2876 2745 2938 2798 τὺ
2968 2744 3179 2812 θέλημα
3216 2740 3311 2794 τοῦ
3336 2738 3576 2801 Θεοῦ,τὸ
3622 2735 3860 2803 ἀγαθὸν,
3885 2736 3975 2788 καὶ

2384 2844 2697 2913 εὐάρεστον,
2723 2842 2817 2893 καὶ
2849 2839 3058 2891 τέλειον
3079 2852 3092 2865 ·
3117 2835 3206 2888 ἴνα
3229 2832 3461 2903 δοξασθῇ
3483 2831 3512 2882 ὁ
3536 2830 3672 2891 Θεὸς
3702 2830 3762 2881 ὲν
3786 2828 3973 2884 πᾶσιν,

2382 2936 2470 2988 διὰ
2514 2936 2615 3003 τῆς
2670 2931 2956 2992 θεοσεϐοῦς
2997 2929 3157 3000 ἡμῶν
3203 2926 3443 2992 τάξεως,
3493 2925 3591 2976 καὶ
3640 2918 3974 2991 εἰλικρινοῦς

2386 3024 2687 3088 πολιτείας.
2717 3023 2835 3075 Ἵνα
2885 3022 2935 3073 οἱ
2980 3020 3219 3089 ὁρῶντες
3274 3018 3447 3086 ἡμᾶς,
3505 3011 3837 3080 ὲπιγνῶσιν,
3895 3010 3974 3061 δτι

712 3110 1015 3163 monachus
1059 3118 1410 3179 potestatem,
1455 3119 1512 3165 at
1563 3127 1631 3165 ne
1682 3112 2020 3167 voluntatem
2059 3114 2282 3183 quidem

2391 3117 2612 3187 σπέρμα
2642 3114 3007 3183 εῦλογημένον
3030 3108 3182 3179 ἅγιόν
3213 3111 3402 3177 ὲσμεν,
3433 3106 3543 3159 υἱοὶ
3575 3102 3713 3157 Θεοῦ
3743 3101 3972 3165 ζῶντος.

711 3201 913 3255 retinet
964 3202 1247 3271 propriam
1290 3221 1303 3253 τ

711 3308 818 3345 non
849 3308 969 3362 ego,
1006 3293 1141 3347 vivit
1184 3310 1315 3347 vero
1350 3293 1403 3347 in
1436 3309 1521 3348 me
1564 3292 1821 3349 Christus
1849 3295 1917 3348 ³⁸.
1965 3314 1984 3346 ι
2036 3296 2240 3350 lterum
2271 3317 2285 3351 :

717 3406 734 3433 ι
784 3383 888 3448 Qui
944 3384 1065 3438 sine
1105 3400 1274 3439 uxore
1312 3395 1419 3449 est,
1466 3386 1739 3440 sollicitus
1775 3396 1863 3440 est
1905 3402 2029 3455 qua:
2070 3387 2287 3442 Domini

712 3483 859 3537 sunt,
889 3474 1168 3542 quomodo
1199 3476 1412 3544 placeat
1457 3477 1591 3539 Deo,
1628 3486 1686 3532 et
1713 3479 1929 3547 expleat
1978 3496 2117 3549 opus
2147 3483 2287 3551 ejus,

713 3574 774 3617 ut
811 3565 1153 3634 glorilicetur
1184 3568 1238 3624 in
1267 3576 1534 3622 :eternnm
1566 3568 1630 3623 ³⁹.
1682 3589 1701 3621 ι
1738 3570 1807 3624 At
1838 3572 2091 3625 carnales
2121 3573 2288 3641 spiri-

713 3658 879 3711 tualia
903 3657 1017 3712 hzec
1038 3660 1263 3729 exsequi
1289 3675 1396 3713 non
1423 3671 1656 3730 queunt,
1686 3674 1747 3716 ut
1768 3680 1947 3733 neque
1973 3666 2292 3734 spiritualcs

710 3748 969 3801 carnalia.
1029 3747 1132 3813 Qui
1182 3749 1351 3818 igitur
1394 3751 1583 3820 cupiet
1635 3753 1897 3807 solitaria:
1949 3755 2113 3809 istius
2164 3756 2291 3810 vita:

710 3843 1185 3896 conuersationem
1230 3844 1534 3912 angelicam
1584 3845 1830 3915 legitimo
1872 3848 2140 3902 exercitio
2190 3865 2289 3903 cx-

710 3948 962 3995 eurrere,
985 3950 1171 4003 opera!
1203 3934 1275 3989 sit
1323 3936 1455 3991 huic
1489 3938 1754 4005 pretium,
1792 3939 1899 3993 sibi
1943 3949 2004 3993 ut
2031 3940 2291 3995 conciliet

710 4025 984 4092 serpentis
1015 4027 1364 4095 prudentiam
1393 4037 1451 4082 et
1484 4028 1896 4097 simplicitatem
1929 4031 2200 4086 columba:
2222 4033 2287 4094 “,

710 4118 940 4172 utnulla
969 4133 1078 4172 non
1104 4119 1159 4174 in
1184 4136 1242 4174 re
1268 4120 1605 4174 voluntatem
1634 4122 1731 4175 Dei
1760 4122 2030 4192 intelligat
2064 4122 2288 4185 bonam.

709 4207 1161 4277 hcneplacentem
1188 4219 1245 4264 et
1283 4211 1605 4279 perfectam,
1639 4220 1806 4281 atque
1841 4213 1916 4266 ita
1946 4214 2289 4283 glorilieetnr

710 4296 856 4352 Deus
890 4297 943 4351 in
981 4299 1239 4353 omnibus
1265 4316 1364 4369 per
1390 4308 1633 4354 nostram
1665 4300 2045 4370 operationem
2088 4301 2291 4356 divime

710 4388 900 4457 pietati
935 4390 1299 4453 conlormem,
1339 4406 1543 4460 perque
1577 4391 1849 4445 sinceram
1891 4391 2016 4445 vita:
2046 4392 2288 4446 sanctio-

1347 3203 1499 3257 lllius
1534 3211 1620 3257 est
1663 3203 1890 3259 dicere:
1930 3223 1949 3256 ι
1993 3206 2130 3260 Vivo
2175 3208 2311 3277 jam'

2392 3210 2450 3260 ὲν
2504 3207 2666 3262 παντὶ
2700 3205 2868 3273 λόγῳ,
2908 3203 3067 3262 αἰδοῖ,
3094 3200 3389 3270 πραότητι,
3415 3197 3649 3264 ἀγωγῇ,
3679 3194 3929 3261 προσοχῇ
3959 3208 3971 3220 ·

2390 3302 2469 3355 διὸ
2489 3303 2546 3354 ὲν
2569 3299 2762 3370 μηδενὶ
2792 3296 2939 3365 λόγῳ
2968 3292 3330 3364 ὁμοιωθιῦμεν
3353 3292 3467 3352 τοῖς
3494 3287 3809 3357 ῖιοσμικοῖς,
3837 3284 3976 3337 κατά

2395 3392 2601 3463 μηδένα
2632 3390 2835 3461 τρόπον
2860 3404 2872 3418 ⁸
2904 3386 3042 3440 ἀλλά
3074 3385 3204 3446 τοὺς
3233 3381 3508 3442 θεοσεϐεῖς
3536 3380 3634 3448 τῆς
3662 3375 3975 3433 θεοσεϐείας

2393 3484 2550 3556 ἡμῶν
2594 3479 2971 3540 διδασκάλους,
3004 3478 3062 3530 έν
3092 3477 3243 3545 πάσῃ
3275 3475 3589 3543 ἐπιστήμῃ,
3617 3471 3889 3538 φρονήσει
3919 3483 3974 3519 τε

2393 3577 2487 3629 καὶ
2521 3571 2858 3641 δικαιοσύνῃ.
2895 3568 2984 3622 Ἐν
3012 3568 3163 3639 πάσῃ
3190 3563 3286 3619 οῦν
3315 3563 3586 3633 ἀσφαλείᾳ
3611 3560 3854 3629 φύλαττέ
3882 3577 3974 3611 σου

2391 3668 2489 3736 τὴν
2515 3665 2775 3736 λαμπάδα
2807 3665 2906 3732 τῆς
2935 3659 3178 3730 ἁγνείας,
3210 3658 3285 3721 ὡς
3322 3657 3372 3709 οἱ
3395 3654 3489 3709 τοῦ
3514 3652 3754 3726 Χριστοῦ
3794 3652 3939 3720 φίλοι
3959 3667 3972 3680 ·

2394 3761 2640 3831 ζήλωσον
2668 3758 2848 3813 αὐτῶν
2868 3757 2968 3825 τὴν
2991 3753 3291 3812 πολιτείαν,
3324 3751 3478 3818 γίνου
3502 3751 3578 3811 ὡς
3616 3747 3646 3800 ὁ
3691 3747 3971 3813 Ἰωάννης,

2390 3856 2419 3906 ὁ
2442 3851 2538 3904 τοῦ
2560 3848 2799 3920 Χριστοῦ
2828 3845 3199 3917 πρόδρομος,ὁ
3217 3842 3380 3910 ἁγνὸς
3408 3840 3503 3893 τοῦ
3530 3837 3740 3907 Κυρίου
3803 3836 3972 3903 ἀγγε-

2392 3944 2502 4005 λος,
2534 3942 2629 3995 καὶ
2657 3942 2731 4003 ὡς
2757 3944 2785 3993 ὁ
2822 3941 3077 4007 Ίωαννης
3107 3938 3136 3989 ὁ
3169 3932 3485 4003 ὲπιστήθιος
3514 3929 3611 3983 τοῦ
3644 3930 3881 3996 Κυρίου,
3916 3928 3972 3979 ὃν

2391 4035 2487 4089 καὶ
2521 4032 2697 4102 ἐφίλει
2723 4034 2753 4084 ὁ
2783 4030 2984 4100 Κύριος
3008 4028 3084 4090 ὡς
3122 4025 3304 4093 ἀγνὸν.
3342 4022 3582 4083 Παῦλος,
3621 4022 3721 4074 καὶ
3756 4020 3970 4087 Βαρνά-

2391 4125 2516 4186 ϐας,
2544 4123 2638 4175 καὶ
2659 4119 2946 4189 Τιμόθεος,
2978 4116 3070 4169 τὸν
3100 4115 3301 4185 δρόμον
3330 4112 3429 4181 τῆς
3462 4109 3688 4178 ἁγνείας
3708 4148 3722 4171 ,
3752 4110 3852 4161 καὶ
3882 4108 3971 4159 τὸν

2391 4217 2602 4285 ἀγῶνα,
2649 4212 2879 4270 ἄσπιλον
2913 4210 3190 4273 ἐτέλεσαν,
3225 4207 3303 4270 ὡς
3334 4205 3552 4276 ἀληθῶς
3600 4203 3847 4274 μιμηταὶ
3881 4200 3971 4255 τοῦ

2392 4306 2651 4375 Χριστοῦ.
2726 4303 2889 4357 Ἀλλά
2946 4301 3041 4355 καὶ
3085 4300 3294 4360 Ἠλιοῦ,
3355 4298 3451 4350 καὶ
3491 4294 3830 4358 Ἐλισσαίου,
3881 4295 3972 4347 καὶ

2391 4399 2568 4452 ἄλλων
2623 4395 2834 4449 πολλῶν
2867 4393 2960 4447 τὸν
3012 4392 3127 4461 βίον
3173 4389 3414 4443 τοιοῦτον
3452 4389 3747 4457 εὑρήσεις,
3780 4386 3971 4452 ἁγνὸν,

713 4480 787 4534 ris
815 4483 1291 4537 conversationem
1323 4500 1337 4535 :
1369 4492 1429 4536 ut
1456 4484 1552 4551 qui
1590 4498 1691 4536 nos
1728 4484 1970 4551 pressius
2010 4493 2283 4537 contuen-

2395 4491 2488 4543 καὶ
2522 4489 2774 4558 ἄμωμον.
2812 4484 2874 4538 Εἰ
2912 4458 3263 4545 οῦν-τούτους
3290 4480 3453 4551 θέλῃς
3484 4476 3838 4549 μιμήσασθαι
3882 4478 3971 4530 δυο

711 4580 803 4624 ιιιι·
839 4580 896 4625 et
932 4574 1239 4641 explorant,
1286 4585 1492 4643 queant
1545 4574 1875 4637 internosse,
1923 4575 2052 4643 quia
2098 4590 2288 4629 semen

713 4661 1063 4714 bcnedictmn
1113 4677 1177 4715 ac
1233 4673 1484 4717 sanctum
1533 4679 1726 4717 sumus
1774 4663 1893 4731 (lilii
1946 4679 2143 4733 nelnpe
2191 4664 2289 4717 Dei

711 4751 967 4821 viventis)
1001 4751 1055 4804 in
1087 4753 1238 4805 omni
1276 4768 1555 4816 sermone,
1606 4753 1844 4822 ingenuo
1887 4770 1952 4809 ac
1997 4756 2286 4824 spectabili

708 4842 939 4911 pudore,
966 4844 1411 4909 mansuetudine,
1445 4845 1570 4899 vita:
1601 4844 1877 4909 instituto,
1908 4855 1964 4900 et
1993 4847 2283 4901 oratione:

708 4952 944 5005 quarmu
982 4935 1251 4988 virtutum
1280 4936 1457 5005 gratia
1486 4936 1636 4990 nulla
1670 4936 1725 4990 in
1770 4952 1827 4990 re
1865 4938 2086 4992 nullove
2130 4949 2290 5007 pacto

710 5027 897 5080 niumli
926 5026 1085 5081 istius
1109 5027 1429 5081 hominibus
1459 5028 1930 5098 deprehenduntur
1951 5030 2285 5096 eonformes,

707 5118 839 5189 quin
885 5118 1074 5188 potius
1102 5127 1163 5173 ut
1211 5120 1472 5174 noverint
1505 5122 1626 5190 pios
1656 5137 1757 5176 nos
1786 5137 1906 5176 esse
1937 5122 2195 5177 doctores
2222 5141 2287 5178 ex

708 5218 894 5263 nostra
922 5208 991 5262 ad
1026 5224 1154 5263 eum
1191 5209 1413 5263 modum
1464 5212 1722 5281 religiose
1761 5212 2012 5268 instituta
2056 5228 2289 5268 conver-

705 5301 940 5361 satione,
980 5311 1037 5354 ct
1082 5301 1230 5355 omni
1281 5301 1535 5362 scientia,
1578 5303 1728 5356 omni
1783 5302 2074 5372 prudentia
2120 5312 2285 5373 atque

703 5392 915 5459 justitia
944 5402 1256 5447 exornatos.
1295 5393 1508 5462 1212
1544 5393 1876 5464 Lampadem
1915 5395 2082 5464 igitur
2107 5396 2285 5450 since—

710 5480 873 5534 rioris
901 5484 1280 5537 sanctimonize
1312 5483 1436 5537 vita:
1468 5499 1627 5537 serva
1668 5500 1793 5538 cum
1821 5486 1968 5539 omni
2002 5488 2280 5548 cautione,

709 5568 851 5626 sicut
878 5574 1084 5628 amicos
1112 5573 1342 5629 addecet
1377 5574 1603 5629 Christi.
1639 5576 1858 5629 Illorum
1889 5577 1974 5631 fac
2006 5577 2283 5631 aemuler-is

2387 4581 2585 4643 νατῶς,
2616 4577 2785 4648 μιμοῦ
2841 4574 3267 4647 πρεσϐυτέρους,
3303 4591 3321 4624 ι
3359 4564 3459 4624 Ὧν
3504 4568 3971 4637 ἀναθεωροῦντες,

2389 4673 2572 4740 φησιν,
2598 4670 2697 4740 τὴν
2720 4666 2946 4721 ἑκϐασιν
2984 4666 3087 4734 τῆς
3116 4660 3489 4732 ἀναστροφῆς,
3526 4659 3849 4729 μιμήσασθε
3880 4660 3975 4710 καὶ

2384 4763 2486 4830 τὴν
2520 4761 2731 4813 πίστιν.
2794 4776 2812 4809 ι
2852 4755 2963 4809 Καὶ
2992 4756 3072 4818 τὸ,
3108 4772 3126 4803 ι
3161 4752 3418 4821 Μιμηταί
3460 4767 3562 4818 μου
3594 4748 3853 4815 γίνεσθε,
3880 4749 3973 4799 κά-

2386 4854 2468 4920 γὼ
2515 4848 2777 4921 Χριστοῦ.
2814 4867 2832 4900 ι
2886 4849 2950 4900 Ol
2987 4846 3084 4900 τοῦ
3138 4843 3377 4914 Χριστοῦ
3438 4842 3699 4912 μιμηταὶ,
3727 4840 3972 4902 δυνατῶς

2391 4945 2683 5013 μιμοῦνται
2731 4940 2925 4994 αὐτόν’
2959 4940 3009 4991 οἱ
3062 4936 3301 4990 τοιοῦτοι
3332 4937 3428 4988 καὶ
3485 4932 3754 5003 μακάριοί
3809 4933 3970 4984 εἰσιν.

2389 5030 2555 5087 Εἶπεν
2588 5032 2645 5086 δὲ
2692 5034 2721 5084 ὁ
2770 5030 2976 5100 Κύριος
3004 5028 3139 5099 πρός
3171 5045 3313 5091 τινα,
3360 5045 3378 5078 ι
3432 5023 3750 5080 Ἀκολούθει
3795 5040 3907 5093 μοι.
3948 5042 3965 5073 ι

2397 5127 2459 5179 'U
2490 5125 2548 5178 δὲ
2576 5126 2725 5191 λέγει
2755 5121 2926 5193 αὐτῷ,
2961 5141 2979 5173 ι
3018 5120 3212 5190 Κύριε,
3247 5118 3543 5189 ἐπίτρεψόν
3579 5134 3670 5185 μοι
3697 5155 3712 5177 ,
3752 5114 3971 5184 πρῶτον

2387 5215 2643 5270 ἀπελθεῖν
2667 5214 2836 5283 θάψαι
2864 5214 2957 5267 τὸν
2988 5214 3199 5281 πατέρα
3238 5227 3361 5279 μου.
3401 5228 3420 5261 ι
3466 5205 3631 5261 Εἶπεν
3671 5207 3731 5261 δὲ
3763 5206 3915 5276 αὐτῷ
3945 5207 3972 5257 ὁ

2393 5307 2619 5375 Κύριος,
2658 5325 2675 5356 ι
2724 5307 2895 5370 Ἀορες
2943 5305 3066 5365 τοὺς
3108 5304 3358 5371 νεκροὺς,
3389 5300 3559 5369 θάψαι
3607 5300 3735 5360 τοὺς
3766 5296 3969 5351 ἑαυτῶν

2391 5393 2639 5463 νεκρούς.
2678 5411 2695 5442 ι
2737 5389 2905 5445 Εἶπεν
2949 5392 3004 5444 δὲ
3042 5393 3134 5443 καὶ
3173 5391 3308 5460 πρὸς
3346 5391 3554 5460 ἕτερον,
3591 5408 3609 5440 ι
3662 5386 3966 5440 Ἀκολούθει

2394 5502 2506 5552 μοι.
2533 5503 2550 5533 ι
2600 5482 2657 5536 '0
2691 5483 2749 5536 δὲ
2769 5483 2942 5551 λέγει,
2983 5503 3001 5533 ι
3036 5481 3205 5552 Κύριε
3234 5480 3532 5551 ἐπίτρεψόν
3569 5497 3662 5551 μοι
3688 5479 3962 5540 ἀπελθεῖν,

2390 5574 2484 5629 καὶ
2511 5572 2880 5638 συντάξασθαι
2913 5577 3024 5634 τοῖς
3057 5576 3114 5625 ἐν
3152 5572 3228 5644 τῷ
3260 5573 3394 5645 οἴκῳ
3434 5590 3562 5643 μου.
3627 5590 3645 5623 ι
3700 5573 3762 5623 '0
3802 5571 3860 5625 δὲ
3891 5565 3963 5622 εἶ-

778 5685 821 5717 ”
864 5686 1162 5754 Ephes.vt.
1198 5690 1278 5749 ll,
1309 5689 1387 5741 l2.
1464 5691 1506 5720 ³⁵
1549 5688 1682 5743 ibid.
1718 5688 1892 5743 lli—l8.
1972 5691 2015 5721 "
2058 5691 2286 5746 IICorJ

2393 5690 2469 5742 ll.
2549 5689 2591 5717 '"
2631 5688 2672 5741 11
2707 5688 2838 5743 Cur.
2877 5706 2928 5751 \’,
2967 5688 3069 5740 Ι-τῑ.
3151 5690 3191 5715 ³⁸
3232 5688 3405 5741 Calat.
3435 5703 3493 5744 II.
3531 5687 3618 5739 ‘20.
3706 5688 3747 5713 ³³
3796 5686 3958 5738 H70"-

716 5767 806 5819 τιι,
841 5756 908 5805 3‘3
1005 5760 1045 5787 ‘"
1085 5760 1250 5812 Matth
1304 5777 1352 5821 κ,
1385 5761 1443 5813 lli
