4178 6424
239 393 378 454 I785

1177 409 1500 471 IIOMILIA
1541 415 1754 474 CXIII.
1796 442 1864 451 --
1905 418 2001 478 DE
2041 421 2572 486 SUBJECTIONE.

3357 430 3491 494 1786

234 523 336 556 πεν
367 507 516 575 aut?»
545 525 557 539 ·
601 530 616 561 ι
655 513 844 576 Οὐδεὶς
873 516 1150 572 ἐπιϐαλὼν
1183 524 1283 592 τὴν
1322 527 1480 595 χεῖρα
1517 528 1683 580 αὑτοῦ
1718 531 1771 581 ὲτ

1878 582 1879 589 η
1912 533 2036 588 vita:
2068 536 2339 589 rationem
2371 545 2425 590 et
2458 536 2794 590 institutum.
2817 536 2922 589 Fac
2946 548 3305 606 reprmsentes
3327 540 3491 594 Joan-

232 596 489 663 ἄροτρον,
522 602 614 651 καὶ
658 607 919 672 στραφεὶς
948 609 1026 671 εἰς
1061 610 1126 662 τὰ
1171 613 1363 672 ὀπίσω,
1399 615 1621 679 εὔθετός
1664 619 1812 669 ἐστιν

230 689 313 746 εἰς
331 686 429 757 τὴν
451 689 734 756 βασιλείαν
762 696 870 746 τῶν
894 699 1158 766 οὐρανῶν.
1191 704 1327 754 »Καὶ
1353 706 1569 774 ἐπάγει·
1599 728 1615 758 ι
1653 710 1810 772 Εῖτις

229 775 451 844 ἔρχεται
487 781 621 847 πρό;
654 801 742 850 με,
771 787 865 838 καὶ
888 790 947 840 οὑ
973 795 1122 858 μισεῖ
1148 794 1238 844 τὸν
1264 799 1478 868 πατέρα
1505 799 1690 861 αὑτοῦ,
1717 802 1808 853 καὶ

226 866 329 932 τὴν
352 871 586 938 μητέρα,
610 874 703 924 καὶ
726 875 822 940 τὴν
851 884 1106 946 γυναῖκα,
1128 885 1222 936 καὶ
1257 886 1325 938 τὰ
1348 888 1536 953 τέκνα,
1559 891 1654 943 καὶ
1683 892 1810 953 τοὺς

226 956 518 1023 ἁδελςοὺς,
553 965 644 1014 καὶ
703 967 802 1028 τάς
852 969 1106 1038 ἀδελφάς,
1135 975 1216 1026 ἔτι
1266 978 1321 1030 δὲ
1356 981 1450 1031 καὶ
1478 982 1576 1050 τὴν
1607 982 1804 1034 ἑαυτοῦ

223 1048 427 1119 ψυχὴν,
454 1054 515 1104 οὑ
564 1056 788 1111 δύναταί
833 1079 934 1128 μου
966 1060 1104 1118 εἶναι
1148 1069 1418 1139 μαθητής.
1468 1093 1484 1123 ι
1521 1076 1647 1139 Καὶ,
1687 1094 1704 1124 ι
1741 1076 1807 1127 Εἰ

220 1155 308 1201 τις
350 1143 479 1213 θέλῃ
537 1146 714 1200 ὀπίσω
767 1169 869 1219 μου
917 1155 1110 1223 ἐλθεῖν,
1145 1161 1555 1230 ἀπαρνησάσθω
1589 1166 1800 1230 ἑαντόν,

223 1235 317 1284 καὶ
341 1236 530 1305 ἀράτω
545 1239 636 1290 τὸν
655 1245 885 1313 σταυρὸν
907 1247 1093 1312 αὑτοῦ,
1121 1251 1217 1303 καὶ
1247 1254 1607 1308 ἀκολουθείτω
1629 1276 1737 1326 μοι.
1779 1279 1797 1310 ι

221 1324 386 1393 Αὐτῷ
491 1329 618 1393 δὸξα
649 1333 727 1393 εἰς
765 1336 891 1399 τοὺς
919 1339 1141 1401 αίῶνας.
1185 1343 1374 1414 Ἀμήν.

1913 639 2037 676 nem
2070 626 2219 677 illum
2251 627 2453 680 Christi
2484 641 2908 696 prmenrsorem,
2939 642 3070 680 vere
3094 631 3346 699 angelum
3383 633 3488 684 Do-

1911 716 2066 779 mini,
2108 717 2346 784 pnritatc
2375 718 2499 771 vita:
2531 718 2857 786 przcsignem
2894 734 2906 769 :
2941 726 3034 769 aut
3061 729 3210 772 certe
3253 722 3488 777 altertnn

1910 805 2062 856 illum
2096 805 2362 858 Joannem
2415 806 2681 867 imitator,
2733 806 2964 858 Domino
2995 813 3099 858 tam
3145 806 3487 864 familiariter

1906 911 1969 948 ac
2001 896 2300 949 domestice
2331 908 2541 959 notum.
2572 915 2736 966 quem
2773 898 2972 950 merito
3004 899 3482 955 castimoniaavir-

1912 985 2107 1053 ginalis
2136 987 2423 1039 deamabat
2449 987 2626 1041 Jesus.
2657 989 2885 1041 Paulum
2923 989 3053 1041 item
3091 999 3324 1052 sectare,
3353 991 3484 1044 Bar—

1912 1077 2106 1130 nabam
2171 1088 2226 1132 et
2271 1079 2664 1143 Timotheum,
2709 1082 2803 1148 qui
2863 1081 2988 1134 vita:
3034 1097 3259 1135 cursum
3321 1093 3484 1151 atque

1910 1184 2138 1238 agonem
2169 1171 2222 1223 in
2254 1171 2508 1224 castitate
2529 1171 2908 1238 expleverunt,
2945 1173 3092 1226 nulla
3124 1175 3332 1242 aspersi
3363 1175 3483 1229 labe

1910 1261 2164 1313 obseeme
2201 1262 2539 1330 pollutionis.
2591 1262 2734 1328 Quin
2765 1263 2897 1316 Elia:
2928 1263 3226 1317 ctiammnn
3270 1276 3325 1319 ct
3366 1267 3481 1320 Eli-

1910 1351 2022 1416 sa-i,
2049 1361 2213 1421 atque
2240 1354 2470 1406 aliorum
2493 1369 2595 1407 nec
2629 1369 2932 1421 paucorum
2957 1355 3120 1406 vitam
3154 1357 3288 1408 nihil
3316 1356 3480 1411 dissi-

219 1419 410 1472 milem
441 1427 749 1492 comperies
777 1428 969 1495 fuisse,
993 1435 1256 1491 nimirum
1311 1441 1694 1497 intemeratam
1722 1459 1825 1498 nec
1865 1448 1958 1500 ulli
1989 1450 2233 1517 perviam
2309 1451 2744 1519 reprehensioni.
2792 1451 2901 1503 llos
2941 1451 3109 1520 igitur
3150 1453 3194 1504 si
3241 1453 3482 1520 cupieris

213 1511 519 1567 eﬂicaciter
547 1519 815 1583 atinulari,
881 1524 1169 1582 imitamini
1225 1533 1472 1588 seniores
1504 1552 1517 1588 :
1555 1554 1573 1585 ι
1620 1535 1862 1602 Quorum
1905 1541 2182 1595 intuentes
2255 1543 2462 1595 exitnin
2541 1545 3010 1607 conversationis,
3063 1544 3350 1598 imitamini
3413 1546 3478 1598 li-

213 1605 341 1658 dem
377 1606 441 1657 “.
486 1626 502 1656 ι
546 1607 612 1661 Ει
679 1609 854 1666 illud:
891 1635 908 1664 ι
951 1616 1260 1675 Imitatores
1301 1624 1404 1677 mei
1480 1633 1678 1689 estote,
1722 1628 1865 1682 sicut
1901 1640 1957 1683 et
1991 1648 2092 1700 ego
2123 1632 2331 1686 Christi
2361 1634 2427 1684 δ’.
2461 1651 2478 1682 ι
2519 1632 2724 1686 Christi
2765 1634 2910 1686 enim
2951 1634 3277 1698 imitatores,
3308 1633 3481 1704 ipsius

212 1698 386 1750 vitam
412 1707 634 1754 strenue
660 1704 1035 1763 etcfhcaeiter
1065 1711 1480 1779 iinitantur:at,
1511 1721 1602 1787 qui
1634 1722 1790 1787 tales,
1834 1725 1976 1778 beati
2032 1698 2187 1778 sunt.
2230 1726 2376 1780 Dixit
2435 1727 2668 1795 proinde
2716 1727 2934 1780 cuidam
2979 1727 3281 1782 Dominus:
3318 1747 3337 1780 ι
3384 1728 3481 1782 Sc-

208 1807 385 1860 qncre
417 1809 502 1846 me
528 1794 602 1857 l*3;
633 1814 651 1844 ι
689 1795 778 1850 hic
804 1802 1090 1868 respondit
1119 1804 1350 1860 Domino
1380 1826 1394 1861 :
1432 1827 1449 1859 ‹
1490 1810 1751 1868 Permitte
1790 1815 1948 1879 mihi,
1975 1817 2227 1879 Domine,
2256 1827 2317 1870 ut
2346 1794 2536 1871 abeam
2579 1817 2733 1886 prius
2761 1819 2826 1871 ad
2861 1818 3234 1887 sepeliendum
3266 1829 3476 1887 patrem

209 1883 476 1936 meum“.
516 1903 533 1934 ι
582 1886 682 1940 Cui
729 1897 784 1941 et
813 1889 951 1944 dixit
1002 1893 1263 1951 Dominus
1295 1916 1307 1952 :
1355 1919 1373 1950 ι
1409 1900 1538 1954 Sine
1577 1916 1824 1959 mortuos
1867 1909 2103 1976 sepelire
2152 1920 2400 1964 mortuos
2435 1927 2567 1966 suos
2587 1915 2654 1966 ⁸⁵.
2688 1933 2705 1964 ι
2743 1914 2850 1968 Sed
2877 1923 2933 1969 et
2988 1914 3148 1968 alteri
3176 1913 3416 1982 cuipiam
3458 1929 3474 1972 :

212 1997 228 2021 ι
268 1977 516 2045 Sequere
547 1995 632 2033 me
663 1981 726 2034 “.
771 2002 787 2031 ι
829 1984 922 2038 Ille
959 1991 1240 2057 respondit
1278 2009 1292 2048 :
1336 2015 1352 2044 ι
1403 1996 1665 2051 Permitte
1700 1999 1834 2053 mihi
1878 2004 2116 2070 primum
2159 2008 2476 2059 renuntiare
2509 2007 2577 2060 iis
2609 2008 2702 2076 qni
2737 2007 2790 2061 in
2822 2008 2988 2062 domo
3021 2022 3142 2060 mea
3174 2006 3362 2058 sunt“
3395 2021 3408 2058 :
3454 2024 3472 2053 ι

208 2067 370 2130 llnic,
410 2069 534 2122 talia
578 2071 840 2126 Dominus
872 2093 884 2129 :
926 2096 944 2128 ι
970 2078 1142 2136 Nemo
1179 2085 1404 2141 mittens
1435 2104 1657 2144 manum
1684 2093 1752 2146 ad
1781 2105 2045 2160 aratrum,
2092 2106 2148 2151 et
2173 2108 2503 2154 convertens
2532 2116 2591 2154 se
2621 2102 2686 2154 ad
2717 2117 2779 2156 ea
2807 2117 2928 2168 qnze
2957 2110 3087 2154 sunt
3119 2109 3288 2157 retro.
3316 2107 3480 2166 aptus

202 2170 291 2213 est
317 2178 483 2232 regno
513 2166 776 2219 eadornm
798 2169 862 2223 ⁸⁸.

893 2191 910 2221 ι
949 2173 1165 2230 lnducit
1196 2195 1210 2232 :
1251 2196 1267 2228 ι
1293 2178 1349 2232 Si
1384 2182 1510 2249 quis
1534 2183 1685 2237 venit
1722 2185 1790 2238 ad
1824 2203 1930 2250 me,
1955 2201 2011 2244 et
2033 2205 2142 2244 non
2183 2191 2300 2245 odit
2331 2201 2540 2260 patrem
2567 2208 2753 2256 suum,
2780 2204 2836 2247 et
2866 2203 3121 2255 matrem,
3141 2200 3198 2245 et
3224 2205 3471 2251 uxorem,

203 2261 262 2303 ιιι
302 2255 464 2313 filios.
495 2265 551 2308 et
598 2257 794 2312 fratres
821 2301 837 2325 ,
872 2271 928 2316 et
961 2280 1220 2332 sorores,
1272 2271 1453 2327 adhuc
1499 2287 1683 2330 autem
1721 2287 1776 2332 et
1811 2282 2047 2335 animam
2086 2299 2240 2336 suam
2267 2326 2282 2348 ,
2307 2299 2416 2338 non
2463 2294 2643 2354 potest
2680 2301 2836 2339 meus
2878 2300 2998 2339 esse
3020 2283 3324 2352 discipulus
3356 2282 3420 2333 θ’.
3451 2302 3468 2329 ι

205 2345 276 2444 fit
308 2362 324 2399 :
363 2365 395 2444 «-
421 2346 474 2400 Si
522 2349 648 2414 quis
679 2352 797 2402 vult
831 2363 955 2421 post
995 2373 1081 2413 me
1124 2360 1332 2428 venire,
1364 2365 1595 2436 abneget
1640 2372 2019 2440 semetipsum,
2059 2384 2118 2428 et
2157 2375 2310 2428 tollat
2337 2345 2554 2431 crucem
2622 2391 2798 2439 suam,
2826 2385 2882 2429 et
2911 2385 3173 2444 sequatur
3240 2388 3327 2428 me
3349 2371 3414 2424 ⁵⁸.
3449 2390 3469 2421 ι

205 2437 313 2505 Ipsi
348 2438 517 2509 gloria
555 2445 609 2499 in
643 2448 860 2502 smcnla.
899 2448 1094 2504 Amen.

785 2563 1003 2616 ΛΟΓΟΣ
1063 2565 1206 2620 ΡΙΓ.

729 2673 870 2740 Περὶ
924 2676 1254 2745 ὑποταγῆς.

286 2777 347 2831 '0
409 2778 581 2833 θέλων
627 2783 686 2835 ὲν
730 2785 977 2857 ὑποταγῇ
1043 2789 1336 2855 γενέσθαι,
1386 2795 1786 2851 ἀποτασσέσθω

197 2867 270 2920 τά
306 2867 413 2921 ἴδια
445 2869 749 2941 θελήματα,
778 2877 871 2927 καὶ
898 2877 1207 2932 ὲνδνσάσθω
1239 2881 1308 2934 τά
1334 2883 1656 2954 σωτηριῶδη
1688 2887 1782 2939 τοῦ

197 2961 454 3031 Σωτῆρος
485 2965 664 3034 ήμῶν,
703 2969 798 3019 καὶ
826 2969 1016 3040 ἀράτω
1048 2971 1140 3022 τὸν
1170 2976 1405 3044 σταυρὸν
1438 2978 1606 3030 αὑτοῦ
1639 2981 1782 3033 κατά

193 3052 290 3103 τὸν
350 3052 508 3122 λόγον
569 3056 757 3122 αὑτοῦ,
790 3061 883 3112 καὶ
943 3060 1218 3130 βαδισάτω
1262 3065 1438 3119 ὀπίσω
1489 3069 1675 3123 αὑτοῦ.
1723 3071 1781 3123 Ὀ

194 3144 370 3196 θέλων
410 3144 504 3199 οὖν
555 3149 613 3201 ὲν
643 3150 892 3222 ὑποταγῇ
949 3150 1110 3219 εἶναι,
1141 3158 1444 3231 καταλείψῃ
1495 3162 1564 3214 τά
1610 3165 1778 3232 νεκρά

191 3237 364 3289 αὑτοῦ
393 3237 673 3309 θέληματα
705 3247 817 3306 τοῖς
843 3250 1081 3313 νεκροῖς,
1105 3250 1198 3302 καὶ
1227 3254 1477 3325 κατάσχῃ
1505 3255 1573 3306 τά
1600 3253 1780 3317 ζῶντα

195 3327 340 3392 μετὰ
360 3328 470 3381 τῶν
501 3330 741 3392 ζώντων.
796 3336 853 3388 '0
882 3336 1204 3407 βουλόμενος
1235 3343 1295 3394 ἐν
1340 3343 1587 3414 ὑποταγῇ
1622 3346 1777 3400 πολι·

189 3416 471 3482 τεύεσθαι,
499 3423 830 3491 νεκρωσάτω
878 3427 1071 3479 ἑαυτὸν
1113 3430 1222 3482 ἀπὸ
1278 3431 1379 3501 τῆς
1437 3438 1775 3507 προσκαίρου

189 3507 342 3577 ζωῆς
367 3526 378 3538 ·
413 3513 507 3563 καὶ
583 3517 833 3587 κρατήσῃ
869 3519 929 3570 τὸ
986 3520 1312 3590 ἀψήφιστον,
1357 3525 1442 3580 ἵνα
1470 3527 1568 3595 τῆς
1597 3529 1771 3592 ὅντως

188 3599 415 3652 αἰωνίου
445 3601 590 3672 ζωῆς
625 3606 773 3668 ἐντὸς
803 3609 1052 3678 γένηται.
1087 3612 1145 3662 'U
1175 3614 1501 3683 αἱρούμενος
1527 3619 1624 3688 τὴν
1652 3621 1773 3672 ὁόὸν

185 3688 300 3740 τῶν
333 3691 564 3745 ἐντολῶν
589 3695 682 3746 τοῦ
714 3697 917 3767 Κυρίου
949 3700 1197 3770 δραμεῖν,
1225 3706 1319 3756 καὶ
1347 3707 1425 3769 εἰς
1455 3708 1772 3780 πλατυσμόν

185 3782 550 3851 καταντῆσαι,
589 3788 686 3840 καὶ
719 3787 1139 3862 λαμπρυνθῆναι
1161 3835 1176 3856 ,
1207 3798 1447 3862 γενέσθω
1482 3800 1558 3861 ὡς
1596 3804 1652 3855 έν
1690 3802 1770 3873 τῷ

2425 2571 2710 2626 IIOMILIA
2752 2570 2937 2625 CXIII.

2451 2680 2527 2735 De
2560 2681 2902 2751 subjectione.

1956 2786 2217 2856 Quisquis
2262 2788 2603 2858 prepositum
2636 2788 2832 2856 arripit
2870 2789 3138 2859 religiosae
3172 2791 3468 2862 subjectio—

1885 2879 1992 2942 nis,
2027 2880 2267 2948 primum
2298 2881 2545 2934 omnium
2600 2880 2822 2948 propria
2874 2894 2933 2933 se
2976 2887 3143 2934 exuat
3171 2896 3234 2934 ac
3267 2883 3466 2950 spoliet

1883 2973 2188 3032 voluntate,
2214 2981 2270 3025 et
2299 2972 2637 3024 salutaribus
2665 2970 3014 3024 documentis
3045 2970 3341 3025 Salvatoris
3370 2990 3465 3026 no-

1881 3064 1981 3117 stri
2021 3064 2302 3127 induatur,
2341 3080 2677 3133 crucemque
2729 3065 2886 3118 tollat
2932 3079 3110 3126 suam,
3140 3063 3292 3133 juxta
3336 3081 3464 3118 ver--

1880 3153 2012 3206 bum
2050 3154 2420 3218 Dominicum,
2454 3165 2688 3223 postque
2716 3170 2844 3208 eum
2897 3154 3117 3209 incedat
3156 3171 3220 3209 ae
3267 3172 3464 3226 sequa-

1881 3251 1987 3295 tur.
2030 3243 2131 3308 Qui
2177 3244 2231 3297 in
2271 3245 2614 3314 subjectione
2651 3245 2818 3299 vitam
2865 3245 3104 3299 instituit
3143 3263 3320 3311 suam,
3349 3248 3460 3317 jam

1877 3343 2159 3388 emortuas
2194 3351 2321 3388 snas
2372 3335 2681 3389 voluntates
2737 3336 3092 3406 derelinquat
3143 3353 3269 3391 cum
3319 3356 3459 3410 prm—

1875 3426 2133 3488 mortuis,
2163 3436 2214 3479 et
2253 3435 2564 3480 antevertat
2601 3427 2715 3480 sive
2754 3436 2988 3497 occupet
3018 3427 3292 3482 viventem
3333 3446 3456 3484 cum

1875 3516 2209 3570 viventibus.
2263 3517 2365 3582 Qui
2417 3519 2895 3572 conversationem
2954 3535 3109 3572 suam
3161 3520 3348 3574 stndct
3401 3521 3456 3575 in

1872 3616 2016 3660 statu
2064 3608 2426 3677 subjectionis
2470 3626 2842 3678 componere,
2879 3611 2949 3664 ab
2987 3611 3146 3666 istius
3182 3622 3456 3682 tempora-

1874 3699 1966 3752 riie
2013 3700 2137 3753 vita:
2187 3699 2275 3752 vix
2319 3701 2735 3755 extricabilibus
2772 3703 2921 3756 curis
2959 3719 3017 3757 se
3059 3703 3352 3758 mortificet
3401 3715 3456 3760 et

1873 3791 2025 3844 velut
2071 3801 2326 3846 mortuus
2376 3793 2632 3861 expediat
2671 3815 2682 3847 :
2720 3795 2774 3848 in
2818 3810 3011 3848 eorum
3046 3810 3104 3850 se
3145 3798 3343 3850 referat
3379 3798 3456 3850 al-

183 3870 430 3941 κναφείῳ
463 3873 697 3942 ἱμάτιον.
735 3878 948 3952 Ὥσπερ
990 3883 1100 3954 γὰρ
1128 3886 1309 3940 ἐκεῖνο
1342 3889 1448 3941 ὑπὸ
1497 3892 1590 3943 τοῦ
1636 3870 1765 3945 κναλ

1878 3880 2003 3934 bum
2034 3882 2127 3948 qui
2169 3882 2320 3934 nullo
2351 3882 2503 3953 digni
2546 3893 2676 3937 sunt
2725 3884 2953 3939 ferendo
2998 3886 3065 3939 de
3099 3886 3223 3940 aliis
3256 3888 3456 3942 suffra-

181 3964 331 4028 φέως
364 3967 720 4035 τυπτόμενον,
755 3972 1116 4042 πατούμενον,
1156 3976 1412 4047 ξεόμενον
1439 4021 1453 4044 ,
1487 3982 1766 4037 λευκαίνει

178 4073 295 4119 ται,
333 4059 428 4108 καὶ
459 4058 712 4126 χιονῶδες
755 4062 1100 4118 ἀποτελεῖται
1136 4084 1149 4096 ο
1182 4069 1327 4122 οὕτω
1360 4073 1452 4125 καὶ
1481 4073 1510 4123 ὀ
1536 4074 1595 4126 ὲν
1630 4076 1762 4129 ὑπο-

177 4148 324 4214 ταγῇ
357 4146 434 4198 ῶν
472 4149 622 4218 παρὰ
672 4152 883 4206 πολλῶν
913 4155 1290 4226 ὑϐριζόμενος,
1340 4161 1759 4231 ὀνειδιζόμενος,

177 4238 609 4308 εὑτελιζὸμενος,
667 4243 1011 4314 καθαίρεται,
1052 4250 1147 4302 καὶ
1199 4250 1413 4318 γίνεται
1459 4254 1534 4317 ὡς
1564 4257 1626 4307 τὸ
1656 4274 1760 4307 πυ-

176 4326 449 4397 ρούμενον
474 4329 736 4401 ἀργύριον
778 4334 1188 4391 ὲναποστίλόον.
1230 4339 1289 4392 '0
1321 4341 1651 4412 ὀρεγόμενος
1677 4347 1758 4409 εἰς

174 4416 393 4468 τελείαν
441 4418 721 4491 ὑποταγὴν
772 4424 1068 4493 προκόψαι,
1112 4427 1289 4481 πάντα
1354 4432 1632 4504 καταλίπῃ
1687 4433 1756 4487 τά

172 4508 414 4579 ἀνόνητα
443 4548 457 4571 ,
505 4511 599 4563 καὶ
647 4513 973 4586 ἐπιλάϐηται
1027 4517 1096 4570 τά
1142 4521 1222 4582 εἰς
1263 4520 1450 4591 ὄνησιν
1493 4524 1752 4594 φέροντα,

171 4599 269 4650 καὶ
323 4600 549 4669 γένηται
612 4602 868 4672 ἀληθινὸς
922 4608 1166 4677 Χριστοῦ
1206 4611 1478 4683 μαθητὴς,
1501 4614 1589 4666 ἵνα
1621 4616 1757 4688 εἴπῃ

173 4689 316 4758 μετά
350 4690 443 4742 τοῦ
477 4691 681 4761 Πέτρου
707 4709 719 4721 ⁸
757 4711 775 4743 ι
823 4695 952 4748 Ἰδοὺ
1008 4698 1166 4768 ἡμεῖς
1197 4700 1492 4771 ἀφήκαμεν
1554 4703 1753 4769 πάντα,

171 4781 267 4832 καὶ
327 4781 778 4852 ἠκολουθήσαμέν
807 4801 912 4838 σοι.
937 4787 1001 4838 Τί
1027 4787 1136 4858 ἄρα
1183 4789 1335 4843 ἔσται
1373 4796 1543 4862 ήμῖν;
1578 4813 1596 4844 ι
1635 4797 1756 4849 Κα-

167 4873 520 4943 ταλείψωμεν
548 4870 642 4928 οὖν
693 4877 913 4945 ἀδελφοὶ
951 4880 1019 4933 τά
1048 4881 1328 4951 θελήματα
1358 4885 1515 4954 ἡμῶν
1555 4887 1624 4939 τὰ
1654 4905 1752 4956 χα-

170 4965 380 5033 μερπῆ.
418 4967 509 5017 καὶ
532 4967 629 5031 τὴν
653 4969 873 5039 ἐντολὴν
900 4971 993 5024 τοῦ
1029 4974 1280 5043 Σωτῆρος
1307 4975 1465 5046 ήμῶν
1493 4978 1747 5045 φυλάξωο

168 5070 270 5122 μεν
305 5056 404 5122 τὴν
444 5056 706 5127 ύψιπετῆ,
737 5061 859 5130 ἥτις
901 5062 1091 5130 ἀνάγει
1149 5066 1299 5132 ἡμᾶς
1361 5069 1442 5130 εἰς
1484 5069 1582 5137 τὴν
1632 5069 1746 5123 ἄνω

179 5144 566 5216 Ἰερουσαλήμ.
626 5150 792 5217 Λέγει
842 5151 1001 5222 γάρὸ
1055 5153 1257 5224 Κύριος
1287 5173 1300 5186 ⁸
1342 5175 1361 5208 ι
1414 5145 1473 5210 Ὀ
1523 5160 1746 5213 ἀκούων

1875 3973 1987 4042 gio,
2019 3974 2206 4041 sicque
2243 3973 2316 4042 illi
2351 3974 2418 4027 ad
2461 3975 2627 4028 vitam
2669 3985 2928 4030 mtcrnam
2970 3979 3200 4032 interior
3231 3979 3456 4034 dabitur

1872 4076 2150 4115 accessus.
2195 4060 2298 4127 Qui
2343 4063 2514 4117 libera
2555 4065 2827 4118 electione
2862 4065 3104 4121 destinat
3137 4078 3285 4122 recta
3329 4084 3457 4137 per-

1871 4165 2096 4204 currere
2136 4152 2278 4204 viam
2314 4153 2698 4207 mandatorum
2735 4155 2974 4218 Domini,
3011 4164 3066 4209 et
3104 4157 3169 4208 ad
3200 4157 3448 4211 latitudi-

1869 4255 1996 4295 nem
2024 4257 2197 4311 usque
2229 4242 2414 4297 cordis
2431 4259 2724 4299 occurrere
2750 4256 2916 4314 atque
2938 4247 3222 4311 illustrari,
3240 4249 3284 4302 is
3301 4249 3372 4302 sit
3390 4260 3453 4306 ut

1869 4333 2037 4388 vestis
2069 4334 2123 4388 in
2150 4335 2442 4389 fullonaria
2465 4337 2702 4390 oIIicina.
2728 4339 2939 4407 1213
2973 4340 3453 4405 Quemadmodum

1865 4426 2014 4480 enim
2046 4427 2213 4482 vestis
2246 4428 2504 4496 qumlibct
2539 4447 2567 4482 a
2599 4429 2806 4484 fullone
2842 4432 3214 4499 pertunditur,
3265 4444 3451 4501 prote-

1866 4519 2011 4572 ritur
2045 4519 2313 4584 calcibus,
2357 4520 2614 4574 eraditur
2647 4531 2702 4576 et
2731 4521 3096 4587 confricatur,
3121 4524 3324 4578 deinde
3358 4525 3448 4578 in-

1865 4611 2095 4665 albescit
2144 4621 2200 4664 et
2251 4612 2512 4667 candicat
2564 4612 2710 4667 nivis
2742 4613 2963 4666 instar:
3012 4616 3086 4668 ita
3128 4625 3185 4670 et
3241 4616 3338 4685 qui
3389 4618 3449 4673 in

1863 4702 2206 4772 subjectione
2239 4718 2362 4756 enm
2401 4702 2490 4766 sit,
2528 4702 2571 4756 si
2607 4719 2874 4773 perquam
2924 4705 3116 4760 multis
3146 4715 3447 4774 appetatur

1863 4792 2080 4861 injuriis
2119 4810 2132 4844 :
2169 4802 2440 4861 purgatur
2492 4792 2640 4846 enim
2714 4803 2771 4847 et
2839 4793 2898 4846 fit
2954 4795 3106 4848 velut
3152 4807 3445 4865 argenturm

1860 4883 2006 4952 quod
2040 4883 2163 4950 igne
2197 4885 2537 4952 exploratur,
2572 4884 2758 4938 nativo
2789 4900 2892 4938 suo
2929 4886 3225 4954 praanitens
3255 4887 3445 4956 splen-

1858 4975 2013 5028 dore.
2057 4975 2159 5040 Qui
2195 4974 2349 5042 cupit
2380 4975 2446 5028 ad
2505 4975 2809 5044 perfectam
2864 4977 3267 5045 subjectionem
3315 4993 3443 5047 pro-

1858 5069 2087 5130 moveri,
2116 5067 2163 5120 is
2195 5068 2384 5136 utique
2408 5067 2629 5122 deserat
2660 5077 2862 5122 cuneta
2903 5083 3028 5136 qure
3059 5069 3126 5122 ad
3157 5071 3282 5138 ejus
3310 5086 3443 5124 con-

1856 5167 2202 5214 secutionem
2250 5171 2406 5216 certo
2450 5162 2603 5214 novit
2652 5160 2793 5213 nihil
2842 5161 3180 5224 conducere,
3216 5179 3327 5230 quo
3374 5179 3439 5217 ea

163 5235 345 5302 ὑμῶν,
381 5237 516 5307 ἐμοῦ
563 5240 752 5293 ἀκούει
787 5256 802 5270 ⁸
828 5245 856 5295 ὁ
881 5244 938 5296 δὲ
983 5245 1118 5314 ἐμοῦ
1158 5246 1394 5310 ἀκούων,
1435 5250 1622 5303 ἀκούει
1649 5253 1744 5304 τοῦ

1878 5252 2272 5319 ιιιῃτοιιεηάοτο
2327 5261 2607 5306 mereatur
2636 5269 2760 5321 qua:
2804 5253 2873 5307 ad
2922 5253 3072 5306 illam
3119 5254 3437 5317 conferunt,

163 5325 486 5393 πέμψαντός
518 5347 606 5398 με’
653 5353 669 5383 ι
710 5332 826 5403 [καὶ
856 5338 883 5388 ὁ
927 5337 1135 5390 ἀθετῶν
1175 5339 1321 5407 ὑμᾶς
1345 5382 1359 5404 ,
1388 5341 1487 5410 ἐμὲ
1519 5343 1748 5415 ἀθετεῖ]

162 5419 286 5488 Χρὴ
333 5419 425 5473 οὖν
476 5424 602 5485 τοὺς
647 5426 1143 5497 μαθητευομένους,
1172 5432 1248 5493 ὡς
1278 5435 1523 5504 πατέρας
1573 5436 1746 5502 φιλεῖν

162 5507 288 5568 τοὺς
316 5506 475 5572 ὄντας
501 5511 877 5579 διδασκάλους,
903 5518 997 5569 καὶ
1016 5517 1090 5580 ὡς
1119 5520 1386 5588 ἄρχοντας
1413 5523 1741 5576 δεδοικέναι·

159 5597 260 5651 καὶ⁵
299 5598 377 5670 μὴ
410 5600 498 5654 διὰ
546 5604 644 5673 τὴν
690 5606 914 5678 ἀγάπην
945 5613 1325 5679 καταφρονεῖν,
1359 5611 1390 5682 ἢ
1453 5613 1742 5667 ἐκλύεσθαι

308 5733 692 5808 _lIebr.xnI,7.
772 5743 815 5772 δ’
846 5744 1010 5798 lCor.
1058 5763 1128 5808 xi,
1166 5748 1208 5800 Ι.

157 5803 202 5833 ·ι
242 5803 382 5859 ibid.
409 5806 495 5861 62.
577 5809 618 5842 δ·
659 5811 794 5867 Luc.
839 5830 947 5878 xw,
979 5815 1066 5870 eo.
1119 5803 1190 5848 ἰθ
1232 5803 1437 5873 Matth.
1476 5839 1581 5887 va,
1617 5803 1705 5877 aii

1291 5750 1334 5779 ⁸⁵³
1376 5751 1562 5804 Matth.
1593 5770 1708 5814 vui.
1732 5754 1816 5806 ‘22.

1785 5826 1824 5855 “
1873 5825 2060 5880 Matth.
2112 5845 2217 5888 xIx,
2249 5830 2336 5881 27.

1854 5351 1911 5394 et
1945 5342 2038 5395 fiat
2072 5343 2351 5397 veridicus
2388 5343 2594 5397 Christi
2638 5344 2969 5414 discipulus,
3005 5353 3066 5399 ut
3112 5361 3239 5400 cum
3273 5347 3436 5401 I’etro

1853 5434 2000 5488 ausit
2028 5434 2210 5488 dicere
2240 5453 2253 5489 :
2293 5455 2310 5485 ι
2356 5437 2496 5488 Ecce
2548 5451 2651 5489 nos
2698 5437 3012 5491 dimisimus
3039 5438 3223 5490 omnia
3255 5444 3312 5490 et
3341 5454 3430 5490 se-

1852 5525 1962 5577 cuti
1993 5540 2185 5579 sumus
2221 5536 2311 5580 te:
2349 5527 2482 5595 quid
2516 5543 2649 5596 ergo
2693 5529 2800 5582 erit
2838 5530 3001 5584 nobis
3029 5531 3111 5582 5‘?
3149 5550 3166 5580 ι
3202 5532 3243 5585 Α
3272 5532 3434 5585 nobis

1850 5616 2040 5685 igitur,
2108 5618 2338 5684 fratres,
2410 5621 2728 5674 voluntates
2779 5628 2999 5676 nostras
3058 5622 3429 5683 excutiamus,

1900 5755 1940 5786 δ’*
1977 5757 2220 5811 ἰὺῐι1.2ι.
2262 5760 2303 5789 ³⁵
2348 5760 2587 5815 ibid.:!:!.
2640 5759 2680 5790 "‘
2705 5759 2837 5817 Luc.
2870 5779 2942 5825 ιχ,
2969 5760 3055 5815 59.
3104 5760 3144 5792 ⁸⁷
3176 5760 3308 5815 ibid.
3342 5759 3430 5814 61.
