4178 6424
189 433 328 494 I789

1040 435 1363 494 ΠΟΜΙῌΛ
1407 436 1580 495 CXIV
1638 461 1705 486 τ-
1737 437 1831 495 DE
1870 438 2187 500 OBSERV.
2232 441 2601 501 MANDATl.

3317 433 3453 497 1790

185 544 275 593 ἵνα
301 540 355 591 τί
376 540 746 609 ἀποθνήσκετε
767 534 915 601 οἶκος
933 541 1147 610 Ἰσραήλ
1164 558 1177 605 ;
1196 540 1327 609 ΙΚαὶ
1348 543 1376 593 6
1402 540 1585 610 νόμος,
1615 557 1633 590 ι
1658 542 1760 592 Οὐκ

1876 544 2081 613 popqu
2127 546 2380 600 meritam
2432 542 2742 598 mercedem
2792 542 3107 596 retulerunt
3144 541 3451 595 miserrima

180 633 542 702 ἐκπειράσεις
594 632 797 700 Κύριον
823 632 915 684 τὸν
943 633 1074 684 Θεὸν
1106 649 1222 685 σου.
1281 632 1574 684 Φυλάσσων
1600 632 1767 700 φυλά-

182 723 295 785 ξεις
328 724 428 783 τὰς
453 722 669 785 ἐντολὰς
706 723 910 792 Κυρῖου
938 722 1033 774 τοῦ
1065 722 1202 774 Θεοῦ
1238 739 1351 777 σου.
1396 741 1414 772 ι
1452 724 1560 775 Καὶ
1587 722 1767 785 αῦοιςο

186 832 204 863 ι
222 814 455 884 ’Λνδρες
474 814 619 881 ἅγιοι
642 813 832 866 ἔσεσθὲ
867 832 978 885 μοι,
1008 814 1102 867 ἐὰν
1124 819 1240 877 τοῖς
1256 816 1644 884 προστάγμασί
1668 832 1767 884 μου

182 904 511 973 πορεύεσθε,
543 905 639 957 καὶ
689 905 786 968 τὰς
827 904 1049 968 ἐντολάς
1099 923 1201 975 μου
1238 905 1563 973 φυλάξεσθε,
1596 907 1765 975 ἐμπε·

181 999 475 1065 ριπατήσω
513 999 571 1049 ὲν
608 998 757 1067 ὑμῖν,
794 998 891 1050 καὶ
916 998 1110 1067 ἔσομαι
1142 1000 1269 1067 ὑμῖν
1297 999 1452 1061 Θεὸς,
1486 1000 1580 1049 καὶ
1610 1000 1768 1067 ὑμεῖς

177 1086 372 1139 ἔσεσθὲ
413 1105 504 1157 μοι
533 1088 682 1151 λαὸς,
711 1088 858 1156 λέγει
894 1088 1118 1161 Κύριος.
1155 1110 1173 1141 ι
1211 1091 1321 1143 Καὶ
1358 1091 1523 1160 ἡμεῖς
1543 1087 1639 1143 οὖν
1674 1092 1768 1143 ἐὰν

177 1176 445 1245 ποιοῦμεν
484 1177 651 1230 αὐτοῦ
698 1179 757 1229 τὸ
804 1178 1053 1248 θέλημα,
1088 1180 1181 1231 καὶ
1229 1179 1576 1249 πορευόμεθα
1628 1178 1768 1230 κατὰ

175 1268 278 1329 τὶς
326 1269 547 1328 ἐντολὰς
581 1269 769 1333 αὐτοῦ,
807 1270 901 1322 καὶ
951 1269 1256 1339 ἀγαπῶμεν
1288 1269 1322 1323 ἃ
1345 1270 1507 1332 αὐτὸς
1551 1272 1765 1340 ἀγαπᾷ,

177 1358 307 1420 νιος
372 1358 536 1411 αὑτοῦ
594 1359 879 1428 γινόμεθα.
917 1361 975 1411 ὐ
1002 1362 1111 1428 γὰρ
1141 1359 1280 1428 ἔχων
1330 1360 1430 1429 τὴν
1472 1364 1552 1423 εἰς
1602 1362 1767 1414 αὑτὸν

176 1449 425 1516 ἀγάπην,
458 1450 553 1502 καὶ
582 1452 662 1512 εἰς
700 1450 792 1503 τὸν
835 1450 1085 1520 πλησίον,
1120 1451 1337 1520 μακρὰν
1382 1451 1535 1503 ἔσται
1584 1452 1767 1520 πάσης

174 1546 498 1615 ἁμαρτίας,
562 1546 658 1599 καὶ
712 1546 1237 1618 ἀνταγαπηθήσεται
1290 1547 1396 1599 ὑπὸ
1454 1546 1545 1600 τοῦ
1606 1546 1762 1600 Θεοῦ.

188 1632 346 1683 Ἐπεὶ
366 1634 461 1685 ἐὰν
476 1634 950 1705 καταφρονοῦμεν,
972 1632 1111 1687 οἶδεν
1137 1636 1407 1700 κολάζειν,
1422 1635 1765 1705 παρακουόν-

175 1739 285 1775 των
330 1724 490 1793 ήμῶν
551 1724 661 1776 τῶν
720 1725 891 1794 ἁγίων
925 1725 1090 1778 αὑτοῦ
1115 1726 1364 1780 ἐντολῶν.
1403 1729 1493 1796 Μὴ
1537 1723 1629 1780 οῦν
1673 1727 1763 1778 λυο

174 1817 390 1871 πείσθω
422 1818 544 1870 καθ’
565 1817 726 1887 ήμῶν
755 1818 782 1869 6
815 1816 1016 1883 ἀγαθὸς
1060 1818 1219 1888 ἡμῶν
1242 1818 1396 1882 Θεὸς,
1428 1819 1456 1870 ὁ
1487 1817 1762 1886 εὔσπλαγ-

174 1928 328 1979 χνος,
365 1912 393 1963 6
420 1910 691 1981 ἐλεήμων,
718 1911 746 1961 6
786 1910 960 1977 άγιος,
994 1911 1023 1963 6
1055 1910 1316 1980 καθαρὸς,
1347 1913 1374 1962 6
1406 1910 1669 1979 ἀμίαντος
1689 1956 1702 1977 ,
1736 1914 1762 1963 ὀ

175 2006 369 2067 ἆῦ).ος,
400 2006 429 2056 6
456 2006 639 2072 μόνος,
669 2004 698 2055 6
724 1997 828 2066 εἷς,
860 2003 888 2053 6
926 2002 1294 2072 ’ἀμετάϐολοῇ
1331 2004 1360 2054 6
1385 2002 1703 2073 εἰλικρινὴς,
1736 2007 1763 2056 6

177 2095 391 2159 ἄδολος,
425 2093 455 2145 6
480 2095 768 2164 ἀόργητος,
808 2092 838 2143 6
875 2093 1057 2163 πάσης
1084 2093 1390 2163 λεγομένης
1417 2095 1510 2145 καὶ
1532 2094 1761 2163 νοουμέ-

176 2204 277 2257 νης
338 2188 473 2256 ήμῖν
523 2184 899 2257 προσηγορίας
947 2184 1221 2252 ἀνώτερος
1275 2185 1369 2237 κα)⁵
1431 2184 1761 2255 ὑψηλότερος

174 2279 333 2342 θεὸς,
378 2278 587 2349 Ἰησοῦς
620 2278 856 2348 Χριστός
880 2293 894 2308 ⁸
929 2276 1307 2346 εὐφραινέσθω
1339 2277 1437 2330 σὺν
1465 2278 1599 2345 ήμῖν
1621 2316 1635 2337 ,
1665 2293 1763 2329 κα-

176 2373 287 2434 λῶς
357 2370 515 2441 ⁴ἡμῶν
607 2368 1047 2439 πολιτευομένων
1081 2386 1094 2400 ο
1162 2368 1445 2439 χαιρέτω,
1504 2366 1762 2436 καθαρῶς

176 2462 445 2530 βιούντων
506 2460 660 2530 ἡμῶν
694 2477 709 2490 ’
748 2457 1119 2514 ἀναπαυέσθω
1142 2499 1156 2521 ,
1189 2457 1401 2526 σεμνῶς
1434 2457 1592 2526 ήμῶν
1629 2459 1759 2509 ἁνα-

177 2553 587 2623 στρεφομένων·
622 2552 956 2621 εὐωχείσθω,
985 2551 1285 2618 φιλούντων
1347 2549 1510 2601 αὑτὸν
1563 2550 1721 2619 ήμῶν
1742 2588 1758 2613 ,

177 2649 274 2700 καὶ
295 2646 476 2709 καλῶς
495 2647 1002 2715 ὲγκρατευομένων,
1025 2648 1120 2699 καὶ
1136 2645 1560 2713 σωφρονούντων
1577 2646 1609 2713 ή
1621 2643 1757 2713 μῶν.

190 2738 321 2790 Ἐάν
363 2732 458 2790 οὖν
508 2735 806 2807 ἀρξώμεθα
845 2734 1063 2804 θερμῶς
1104 2734 1203 2796 τὰς
1238 2733 1461 2794 ἐντολάς
1494 2733 1589 2784 τοῦ
1620 2731 1759 2785 Θεοῦ

174 2828 626 2899 διαπράττεσθαι,
660 2828 879 2881 ἅπαντα
906 2825 1093 2878 λοιπὸν
1123 2824 1193 2877 τὰ
1218 2824 1556 2894 αἰσθητήρια
1577 2823 1759 2893 ήμῶν,

175 2929 237 2978 ἐν
280 2924 536 2995 αἰσθήσει
582 2922 900 2989 φωτίζουσα
936 2924 970 2991 ή
1007 2920 1202 2990 χάρις,
1257 2919 1325 2971 τὰ
1371 2918 1471 2987 μὲν
1518 2917 1762 2988 ἡμέτερα

174 3016 568 3085 ἐνθυμήματα.
591 3013 669 3074 ὡς
696 3012 808 3082 πῦρ
830 3012 1188 3081 καταφλέγει,
1224 3008 1494 3079 ἡδύνουσα
1517 3009 1575 3061 δὲ
1602 3009 1761 3079 ήμῶν

172 3108 278 3178 τὴν
300 3107 528 3177 καρδίαν
550 3107 608 3159 ὲν
633 3105 826 3175 είρήνῃ
854 3104 964 3156 τινὶ
993 3102 1178 3172 φιλίας
1195 3101 1501 3164 ἀνενδότου,
1521 3118 1761 3170 πνευμα-

1874 646 2049 690 morte
2088 639 2387 706 perfuncti.
2425 636 2663 707 llujusce
2692 634 2842 688 enim
2876 634 3087 687 vitandi
3118 633 3245 686 mali
3275 632 3449 701 gratia

1869 731 2071 784 clamat
2102 731 2367 784 Dominus
2397 745 2494 799 per
2522 727 2873 783 Ezechielem
2914 745 2926 779 :
2974 745 2991 776 ι
3023 725 3260 794 Ahjicite
3290 741 3320 777 a
3352 740 3452 777 vo—

1870 821 1957 874 bis
1999 834 2195 873 omnes
2246 819 2573 887 iniquitates
2615 825 2848 877 vestras,
2894 822 2949 868 et
2993 813 3159 867 facite
3193 812 3451 865 mandata

1870 928 2012 976 mea,
2046 912 2185 965 dicit
2218 910 2504 972 Dominus,
2543 920 2601 963 ct
2629 908 3025 963 convertimini
3076 921 3107 958 a
3137 906 3227 959 via
3266 913 3450 957 vestra

1868 1022 1989 1075 quae
2022 1006 2163 1058 mala
2184 1014 2271 1057 est
2300 1004 2363 1057 “.
2402 1023 2418 1053 ι
2464 1003 2529 1056 Et
2563 1020 2577 1055 :
2608 1022 2625 1052 ‹
2660 1003 2728 1057 Ut
2757 1000 2888 1070 quid
2920 998 3223 1061 morimini,
3250 997 3451 1049 domus

1868 1097 2031 1150 lsrael
2065 1096 2131 1149 ".
2193 1115 2211 1147 ι
2258 1094 2370 1147 Lex
2411 1109 2633 1162 quoque
2677 1110 2688 1143 :
2733 1111 2749 1141 ι
2793 1089 3129 1144 Custodiens
3170 1085 3451 1148 custodies

1870 1189 2123 1242 mandata
2161 1186 2378 1241 Domini
2428 1185 2524 1238 Dei
2564 1183 2643 1237 tui
2683 1184 2747 1235 "‘.
2780 1203 2797 1230 ι
2834 1183 3089 1237 Rursus:
3127 1198 3144 1228 ι
3182 1178 3295 1231 Viri
3320 1192 3448 1230 san-

1866 1281 1938 1335 cti
1971 1282 2127 1333 eritis
2150 1278 2284 1332 mihi
2315 1295 2327 1329 :
2361 1277 2406 1331 si
2434 1278 2486 1329 in
2516 1273 2809 1345 praeceptis
2831 1272 2973 1325 meis
3002 1266 3444 1329 ambulaveritis,

1866 1383 1922 1427 et
1955 1374 2204 1426 mandata
2236 1388 2354 1425 mea
2399 1366 2788 1425 enstodieritis
2816 1365 2880 1417 “.
2916 1384 2931 1413 ι
2954 1391 3025 1403 ι·-
3046 1382 3064 1413 ι
3085 1358 3448 1414 lnambulabo

1867 1465 2011 1519 inter
2037 1480 2154 1526 vos,
2187 1475 2242 1518 et
2268 1480 2365 1517 ero
2396 1462 2555 1515 vobis
2584 1462 2749 1522 Deus,
2785 1466 2840 1512 et
2876 1472 2975 1509 vos
2998 1455 3157 1507 eritis
3180 1452 3313 1505 mihi
3351 1467 3447 1521 ιιου

1866 1559 2050 1627 pulus,
2083 1555 2217 1610 dicit
2249 1554 2513 1607 Dominus
2538 1554 2604 1606 ⁷⁸³.
2648 1571 2665 1602 ι
2707 1551 2819 1605 Nos
2858 1548 3025 1617 igitur
3065 1545 3109 1599 si
3140 1542 3447 1611 expleveri-

1866 1666 1991 1704 mus
2015 1649 2135 1719 ejus
2162 1648 2527 1708 voluntatem,
2562 1645 2607 1699 si
2650 1643 2717 1697 ad
2760 1652 3011 1695 tenorem
3058 1636 3443 1692 mandatorum

1867 1743 2044 1811 ipsius
2069 1739 2511 1809 progredicmur,
2535 1738 2577 1790 si
2605 1751 2726 1805 qua:
2756 1734 2835 1786 illi
2881 1732 3138 1785 novimus
3160 1743 3287 1782 esse
3317 1742 3445 1796 gra-

1869 1835 2005 1889 tiosa
2033 1842 2089 1886 et
2128 1831 2404 1891 amabilia,
2435 1829 2538 1897 ipsi
2566 1828 2734 1880 etiam
2757 1823 3143 1884 dilexerimus,
3178 1819 3445 1888 templum

1868 1928 1945 1980 illi
1972 1925 2296 1979 ellieiemur.
2327 1920 2431 1986 Qui
2468 1920 2617 1974 enim
2656 1933 2785 1987 erga
2836 1917 3009 1969 Deum
3041 1923 3095 1968 et
3133 1912 3445 1981 proximum

1864 2018 2057 2087 ﬂagrat
2085 2016 2375 2074 charitate,
2413 2014 2571 2080 longe
2615 2026 2675 2063 se
2716 2010 2785 2063 ab
2816 2006 2969 2061 omni
3015 2002 3287 2075 proripiet
3315 2016 3445 2071 pec-

1863 2119 2007 2173 cato,
2045 2110 2202 2177 isque
2247 2124 2277 2161 a
2319 2108 2433 2161 Deo
2462 2104 2746 2172 diligetur.
2777 2098 2935 2165 Quod
2975 2099 3020 2151 si
3052 2092 3445 2165 deprehende-

1863 2219 1986 2257 mur
2032 2199 2456 2267 contempsisse,
2494 2196 2684 2262 utique
2732 2191 2891 2244 novit
2943 2188 3169 2241 meritas
3221 2184 3445 2253 exigere

1862 2308 2054 2363 pmuas
2082 2292 2151 2345 de
2180 2291 2265 2343 his
2298 2287 2508 2341 sanctis
2549 2285 2665 2338 suis
2702 2282 2795 2352 qui
2830 2281 3016 2333 minus
3054 2279 3447 2345 obtemperant

1862 2382 2157 2437 mandatis.
2184 2379 2436 2432 Nolimus
2461 2372 2689 2443 (qumso)
2720 2372 3015 2425 adversum
3044 2385 3143 2422 nos
3169 2382 3295 2420 eum
3319 2381 3448 2420 exa-

1861 2488 2109 2542 sperare,
2139 2481 2247 2524 tam
2305 2467 2579 2536 benignus
2609 2479 2735 2517 eum
2782 2462 2855 2515 sit
2898 2461 3045 2514 Deus
3097 2466 3310 2517 noster,
3348 2455 3445 2525 qui

1861 2563 2011 2618 aliud
2070 2561 2210 2615 nihil
2256 2573 2424 2628 quam
2469 2557 2681 2609 viscera
2730 2550 3131 2607 misericordia:
3184 2548 3443 2618 gestitat,

1861 2655 2180 2710 misericors
2219 2649 2502 2720 siquidem
2540 2655 2646 2710 est,
2684 2654 2931 2707 sanctus,
2968 2657 3163 2712 purus,
3190 2639 3446 2708 impollu-

1864 2755 1974 2807 tus,
2024 2742 2095 2797 ab
2140 2739 2294 2794 omni
2344 2736 2702 2793 concretione
2757 2732 3001 2787 materia:
3044 2728 3442 2789 alienissimus,

1862 2837 2036 2899 solus,
2085 2847 2234 2887 unus
2258 2871 2273 2896 ,
2322 2827 2643 2889 exorabilis,
2691 2826 2985 2886 sincerus,
3032 2822 3101 2875 ab
3134 2819 3287 2874 onmi
3316 2818 3447 2874 dolo

1862 2923 2327 2997 sejunctissimus,
2356 2916 2742 2978 inirascibilis,
2770 2912 2922 2967 omni
2946 2910 3189 2977 denique
3214 2924 3445 2961 nomen-

1861 3019 2109 3080 claturze,
2137 3029 2260 3083 qua:
2296 3027 2327 3066 a
2362 3010 2525 3065 nobis
2570 3008 2659 3061 vel
2703 3003 2935 3075 cogitari
2978 3002 3064 3055 vel
3102 3000 3213 3054 dici
3263 3007 3445 3068 potest

1862 3109 2038 3164 multo
2079 3104 2337 3174 superior
2385 3117 2449 3156 ac
2501 3097 2794 3154 sublimior
2853 3096 3001 3149 Deus
3050 3102 3241 3145 noster
3284 3089 3446 3143 Jesus

172 3197 308 3252 τικά
345 3215 467 3251 τινα
513 3197 609 3251 καὶ
645 3197 748 3248 οὐκ
778 3194 857 3247 ἔτι
890 3195 1032 3247 κατὰ
1061 3194 1240 3264 σάρκα
1266 3189 1579 3259 λογίζεσθαι
1608 3193 1754 3262 ἡμᾶς

1862 3198 2142 3254 Christus.
2176 3193 2420 3247 Lzetctur
2463 3188 2650 3258 potius
2692 3183 2982 3238 nobiscum
3032 3186 3089 3233 et
3126 3178 3442 3237 bilarcseat,

178 3289 616 3361 παρασκευάζει.
640 3289 959 3357 Γέγραπται
982 3287 1039 3339 δὲ
1066 3286 1158 3339 καὶ
1176 3286 1235 3337 ὲν
1254 3288 1375 3347 ταῖς
1397 3284 1752 3353 Παροιμίαις·

180 3402 198 3434 ι
228 3383 345 3443 Υἱὲ,
372 3379 447 3450 μὴ
471 3380 823 3449 παραῤῥυῇς,
841 3378 1085 3447 τήρησον
1104 3374 1162 3427 δὲ
1181 3374 1322 3445 ἐμὴν
1350 3372 1548 3444 βουλὴν
1570 3374 1665 3427 καὶ
1682 3372 1758 3426 ἓν·

173 3490 349 3537 νοιαν,
384 3472 473 3525 ἵνα
502 3470 643 3540 ζήσῃ
673 3471 706 3541 ή
736 3469 885 3539 ψυχή
915 3484 1034 3520 σου.
1073 3466 1184 3521 Καὶ
1214 3465 1453 3535 πορεύου
1480 3462 1758 3526 πεποιθὼς

172 3569 233 3618 ὲν
263 3564 460 3634 εἰρήνῃ
491 3563 672 3624 πάσας
702 3560 801 3623 τὰς
828 3559 979 3622 ὁδούς
1006 3575 1101 3611 σου
1123 3574 1137 3588 ·
1190 3558 1219 3611 6
1246 3557 1353 3627 γὰρ
1381 3556 1581 3627 Κύριος
1603 3555 1757 3607 ἔσται

176 3676 262 3710 σοι
314 3659 411 3710 ἐπὶ
457 3655 650 3707 πασῶν
697 3653 830 3705 ὁδῶν
880 3668 997 3703 σου.
1026 3671 1043 3701 ι
1106 3649 1215 3702 Καὶ¹
1251 3649 1445 3701 πάλιν·
1501 3648 1757 3701 «Φυλάσ-

175 3768 272 3803 σου
305 3747 547 3811 ἐντολὰς,
587 3745 664 3815 μὴ
693 3743 959 3814 ὲπιλάθῃ,
997 3741 1132 3813 μηδὲ
1165 3740 1399 3814 παρίδῃς
1431 3740 1592 3811 ῥῆσιν
1620 3737 1757 3809 ἐμοῦ

174 3843 471 3911 στόματος,
497 3837 631 3909 μηδὲ
651 3835 903 3906 ἐκκλίνῃς
925 3834 1034 3888 άπδ
1053 3833 1317 3904 ῥημάτων
1340 3831 1612 3901 στόματός
1631 3848 1756 3902 μου,

177 3934 317 4003 μηδὲ
350 3930 725 4000 ἐγκαταλίπῃς
751 3928 922 3997 αὐτὴν
943 3966 959 3989 ,
1004 3927 1099 3981 καὶ
1127 3923 1414 3988 ἀνθέξεταί
1446 3940 1561 3976 σου.
1591 3941 1608 3972 ι
1652 3922 1760 3974 Καὶ

174 4024 343 4079 πάλιν
369 4039 380 4052 ·
441 4040 461 4075 ι
501 4021 635 4083 Yth,
685 4018 826 4089 πρὸς
872 4016 975 4081 τὰς
1019 4015 1160 4087 ἐμάς
1202 4016 1393 4085 ῥήσεις
1440 4012 1757 4082 παράϐαλλε

176 4121 271 4172 σὸν
296 4113 422 4182 οῦς,
458 4117 553 4169 καὶ
582 4114 827 4184 φύλασσε
855 4113 1026 4175 αὐτὰς
1055 4112 1110 4163 ὲν
1137 4110 1340 4180 καρδίᾳ
1371 4112 1468 4179 σῇ·
1504 4108 1620 4179 ζωὴ
1650 4108 1759 4177 γάρ

173 4212 325 4262 ἐστιν
349 4211 463 4268 τοῖς
483 4206 831 4277 εὑρίσκουσιν
852 4203 1044 4267 αὑτὰς,
1072 4203 1165 4256 καὶ
1192 4201 1344 4273 πάσῃ
1366 4202 1531 4271 σαρκὶ
1557 4201 1718 4263 ίασις.
1734 4218 1753 4252 ι

177 4300 290 4352 Καὶ
339 4299 398 4350 ἐν
443 4296 521 4366 τῷ
549 4295 956 4365 Ἐκκλησιαστῇ
978 4309 992 4323 ο
1052 4311 1070 4343 ι
1107 4292 1165 4345 '0
1194 4291 1486 4361 φυλάσσων
1514 4290 1758 4362 ἐντολὴν,

175 4390 239 4443 ού
279 4389 553 4456 γνώσεται
603 4386 755 4458 ῥῆμα
796 4383 1066 4453 πονηρόν
1124 4384 1153 4433 6
1194 4382 1486 4450 φυλάσσων
1513 4382 1757 4453 ἐντολὴν,

175 4481 340 4551 τηρεῖ
363 4479 465 4549 τὴν
494 4477 660 4533 αὑτοῦ
685 4476 865 4546 ψυχήν
887 4491 900 4503 ·
949 4476 978 4526 6
1004 4472 1296 4544 φυλάσσων
1322 4472 1569 4543 ἐντολὴν,
1601 4465 1759 4536 οὗτος

1860 3291 1994 3346 dum
2023 3288 2126 3358 ipsi
2155 3285 2355 3339 decore
2388 3281 2555 3335 vitam
2593 3277 2971 3337 instituimus,
3007 3269 3208 3342 gaudio
3235 3266 3443 3321 diffun-

1859 3384 2045 3446 datur,
2095 3377 2258 3432 nohis
2303 3373 2598 3429 sinceriter
2640 3367 2996 3426 viventibus;
3034 3363 3103 3417 ab
3137 3358 3287 3414 omni
3327 3368 3444 3411 tur-

1861 3475 1983 3528 bela
2015 3466 2438 3537 interquiescat,
2472 3462 2647 3531 probe
2675 3459 2838 3514 nobis
2873 3472 2939 3512 ac
2968 3455 3169 3527 pudice
3192 3450 3447 3522 degenti-

1860 3566 1987 3628 bus,
2011 3559 2208 3631 dapsili
2230 3557 2395 3627 epulo
2424 3553 2633 3609 anobis
2654 3551 2983 3620 excipiatur,
3010 3546 3104 3616 qui
3138 3545 3319 3614 ipsum
3347 3542 3443 3595 de-

1859 3669 2129 3717 amamus,
2154 3651 2284 3705 dum
2307 3646 2467 3701 nobis
2495 3645 2723 3714 pulchre
2750 3652 3120 3711 temperamus
3149 3637 3217 3690 ab
3244 3636 3442 3687 immo-

1860 3748 2072 3807 deratis
2117 3742 2324 3799 eduliis
2371 3755 2435 3793 ac
2462 3735 2636 3793 sobrii
2677 3748 2889 3789 sumus.
2922 3729 3136 3800 1215
3169 3728 3223 3781 Si
3275 3725 3444 3795 igitur

1860 3838 2114 3898 aestuanti
2143 3851 2269 3891 cum
2307 3832 2532 3886 fervore
2579 3829 2647 3882 ad
2697 3827 2793 3882 Dei
2832 3824 3215 3879 mandatorum
3256 3817 3444 3886 imple-

1862 3935 2065 3988 tionem
2130 3926 2483 3994 accingemur
2517 3961 2532 3983 ,
2588 3933 2793 3989 organa
2844 3928 3108 3970 sensuum
3193 3909 3441 3963 omnium

1860 4024 2121 4090 deinceps
2136 4017 2310 4089 gratia
2330 4016 2424 4069 Dei
2440 4012 2760 4068 illuminans
2782 4010 2835 4061 in
2851 4009 2971 4076 ipso
2992 4013 3116 4058 actu
3140 3999 3440 4061 sentiendi,

1860 4125 2077 4173 nostras
2098 4110 2320 4181 quidem
2337 4106 2510 4161 veluti
2528 4103 2819 4161 comburet
2846 4096 3228 4168 cogitationes,
3256 4099 3442 4146 nostra

1860 4219 2047 4265 autem
2070 4204 2270 4267 virtus,
2303 4215 2401 4255 cor
2425 4199 2603 4268 ipsum
2630 4195 2706 4248 ita
2736 4190 2937 4247 adiciet
2966 4197 3027 4242 ut
3056 4199 3245 4240 secum
3278 4182 3444 4235 ratio-

1861 4301 2080 4357 cinetur
2114 4303 2168 4351 et
2188 4290 2463 4363 expendat
2492 4286 2812 4357 spirituales
2834 4279 3001 4335 animi
3025 4275 3440 4343 concept7ones,

1862 4406 1975 4445 non
2028 4388 2140 4457 jam
2192 4380 2495 4439 secundum
2554 4388 2801 4436 carnem,
2840 4370 2895 4423 in
2949 4363 3174 4436 paciﬁca
3205 4358 3441 4429 quadam

1867 4477 2109 4536 amicitia
2135 4482 2192 4528 et
2217 4473 2287 4526 ab
2309 4468 2461 4525 omni
2494 4466 2623 4520 l'uco
2644 4464 2850 4517 aliena.
2883 4457 3163 4525 Scriptura
3185 4450 3332 4506 enim
3358 4456 3442 4502 est

177 4540 472 4645 ὑγίαίνειῖι
506 4573 619 4627 Καὶ
648 4540 866 4640 ἐπάγει·
900 4590 917 4620 ι
950 4540 1236 4638 Μακάριος
1263 4568 1404 4639 ἀνὴρ
1430 4568 1488 4631 6;
1503 4540 1760 4621 *εἰσακού-

1870 4578 1926 4633 in
1955 4568 2308 4629 Proverbiis:
2340 4584 2358 4616 ι
2380 4563 2507 4627 Fili,
2534 4575 2603 4614 ne
2626 4554 3019 4628 praaterellluas
3048 4567 3061 4603 :
3096 4544 3311 4603 custodi
3339 4559 3439 4597 au-

177 4667 337 4722 σεταί
368 4684 495 4738 μου,
526 4667 623 4719 καὶ
650 4663 939 4734 ἄνθρωπος
969 4661 1029 4726 6;
1056 4662 1154 4725 τὰς
1182 4662 1323 4731 ὲμὰς
1348 4660 1569 4723 ἐντολάς
1591 4659 1759 4728 φυλά-

177 4761 281 4825 ξει.
308 4778 328 4810 ι
386 4758 495 4812 Καὶ
543 4758 571 4810 6
615 4754 830 4819 Παῦλος
879 4752 1165 4823 Τιμοθέῳ·
1217 4770 1236 4803 ι
1271 4752 1645 4822 Παραγγέλλω
1678 4769 1761 4805 σοι

176 4848 417 4901 ἐνώπιον
460 4846 671 4915 Κυρίου
691 4886 707 4909 ,
761 4844 1003 4915 τηρῆσαί
1036 4861 1095 4897 σε
1130 4842 1229 4914 τήν
1258 4842 1482 4912 ἐντολὴν
1508 4843 1761 4906 ἄσπιλον,

176 4939 571 5009 ἀνεπίληπτον.
601 4957 618 4989 ι
662 4939 774 4991 Καλ⁸
802 4935 1113 5007 Κορινθίοις
1134 4952 1149 4965 ο
1206 4954 1224 4986 ι
1262 4934 1503 4987 Ἐπαινῶ
1527 4934 1583 4986 δὲ
1617 4934 1763 5003 ὑμᾶς

176 5032 261 5084 ὅτι
312 5026 549 5081 πάντοτέ
601 5044 703 5096 μου
750 5025 1033 5097 μέμνησθε
1059 5065 1074 5087 ,
1121 5026 1217 5079 καὶ
1250 5022 1432 5087 καθὼς
1469 5024 1765 5095 παρέδωκα

178 5122 333 5191 ὑμῖν.
365 5119 466 5181 τὰς
497 5116 832 5187 παραδόσεις
860 5116 1178 5185 κατέχετε.)
1214 5113 1385 5168 Τοῦτο
1409 5113 1469 5166 δὲ
1501 5113 1760 5167 παιδευό-

180 5212 325 5279 μεθα
375 5208 462 5262 διὰ
504 5209 682 5279 πάσης
728 5208 826 5277 τῆς
867 5206 1020 5270 θείας
1047 5207 1309 5278 Γραφῆς,
1365 5207 1448 5259 ὅτι
1491 5207 1552 5258 οὐ
1598 5206 1760 5276 μόνον

174 5300 455 5370 ὀφειλέται
487 5299 686 5369 ἐσμὲν,
720 5299 822 5363 τὰς
856 5298 1075 5361 ἐντολάς
1104 5297 1200 5352 τοῦ
1227 5298 1364 5352 Θεοῦ
1397 5301 1586 5369 τηρεῖν
1614 5301 1759 5353 ἀπα-

178 5394 459 5463 ραῦάτως,
494 5392 632 5446 ἀλλὰ
660 5393 757 5445 καὶ
790 5392 889 5455 τὰς
917 5391 1025 5446 τῶν
1056 5392 1310 5462 πατέρων
1339 5392 1519 5461 ἡμῶν,
1552 5392 1645 5443 καὶ
1675 5390 1756 5443 δι-

174 5487 466 5541 δασκάλων
514 5487 609 5538 καὶ
650 5484 1004 5555 ήγουμένων,
1056 5483 1198 5555 μετὰ
1247 5483 1429 5553 πάσης
1472 5481 1757 5544 εὐλαϐείας

174 5575 460 5645 ἀτρώτους
512 5574 919 5645 διαφυλάττειν.
969 5575 1141 5646 Φησὶ-δ
1189 5574 1247 5628 δὲ
1302 5575 1396 5627 καὶ
1445 5575 1489 5626 ὁη
1517 5572 1752 5643 Κύριος·

179 5685 201 5718 ι
228 5665 419 5735 ’Υμείς
450 5664 592 5735 φίλοι
622 5683 721 5735 μου
749 5666 1018 5732 ὲστὲ,ὲὰν,
1054 5665 1089 5719 ἃ
1116 5664 1226 5732 ἐγὼ
1254 5664 1570 5734 ἐντέλλομαι
1599 5665 1748 5733 ύμῖν,

253 5780 301 5811 ⁸⁸
334 5777 533 5832 Ezeeh.
583 5795 691 5840 xw,
720 5780 769 5832 6.

184 5850 231 5886 ⁷⁸
267 5849 429 5905 Prov.
467 5864 577 5914 nx,
612 5848 701 5914 20,
746 5848 832 5903 21.

896 5779 939 5807 ⁸⁷
973 5779 1167 5833 Ειοιβιι.
1208 5795 1354 5834 sun.
1389 5778 1477 5831 5|.

914 5851 957 5881 7’
992 5851 1151 5905 l‘rov.
1185 5865 1253 5911 tv,
1286 5848 1475 5902 “ﬁl-9'3.

1585 5776 1628 5804 τ’
1673 5777 1848 5831 Levit.
1894 5793 2020 5837 χχιι,
2077 5775 2165 5828 3i.

1553 5849 1596 5877 ⁷⁵
1632 5847 1811 5903 Εςίσιο.
1847 5863 1959 5909 Vm,
1989 5847 2038 5901 ἲὶ.

1859 4677 1971 4722 tem
2014 4660 2307 4719 consilium
2338 4669 2524 4711 meum
2554 4662 2611 4707 et
2635 4648 2805 4706 animi
2839 4646 2949 4700 mei
2983 4640 3339 4701 sententiam,
3379 4642 3442 4689 ut

1858 4760 2009 4814 vivat
2032 4755 2213 4809 anima
2263 4761 2357 4804 tua
2390 4755 2446 4802 et
2478 4743 2730 4800 ambules
2769 4736 3055 4794 conﬁdens
3093 4734 3148 4786 in
3183 4745 3317 4801 pace
3340 4743 3441 4797 per

1857 4862 2051 4905 omnes
2072 4846 2194 4899 vias
2220 4851 2345 4895 tuas
2371 4856 2385 4891 :
2420 4837 2689 4892 Dominus
2716 4830 2864 4886 enim
2892 4825 3073 4881 aderit
3103 4822 3200 4877 tibi
3234 4822 3286 4875 in
3316 4834 3437 4874 om-

1857 4942 2023 4996 nibus
2055 4937 2161 4991 viis
2190 4932 2386 4988 tuis".
2417 4929 2676 4982 alterum
2708 4942 2721 4977 :
2762 4942 2780 4973 ι
2807 4917 3037 4977 Custodi
3067 4913 3345 4972 mandata,
3370 4926 3440 4964 ne

1858 5023 2228 5087 obliviscaris,
2266 5018 2384 5074 noli
2418 5013 2709 5083 despicere
2738 5025 2801 5063 os
2834 5020 3044 5068 meum,
3078 5013 3136 5056 ct
3172 5016 3242 5053 ne
3267 4997 3441 5051 decli-

1861 5131 1963 5171 nes
1996 5132 2026 5169 a
2060 5113 2250 5169 verbis
2296 5110 2411 5164 oris
2438 5105 2569 5169 mei,
2591 5116 2773 5170 neque
2817 5096 3178 5163 derelinquas
3207 5088 3441 5143 manda-

1861 5217 1979 5261 tum
2013 5204 2139 5268 hoc,
2165 5210 2223 5257 et
2251 5196 2536 5269 adiuvabit
2560 5203 2633 5248 te.
2666 5190 2791 5254 Fili,
2827 5186 3015 5243 verbis
3048 5183 3185 5238 meis
3218 5194 3440 5234 accomc

1862 5296 2024 5352 moda
2062 5308 2274 5356 aurem,
2324 5299 2379 5345 ct
2415 5285 2630 5342 custodi
2664 5284 2720 5337 in
2768 5280 2934 5337 corde
2984 5289 3101 5333 tuo.
3140 5275 3262 5328 Vita
3289 5272 3440 5328 enim

1856 5399 1945 5445 est
1980 5384 2393 5442 invenientibus
2431 5395 2494 5433 ea
2520 5419 2534 5443 ,
2569 5385 2627 5431 et
2675 5374 2825 5431 omni
2873 5369 3024 5426 cordi
3065 5366 3276 5422 sanitas
3306 5365 3375 5417 τ’.
3416 5381 3434 5412 ι

1861 5481 1931 5536 Ει
1962 5480 2015 5532 in
2042 5476 2370 5533 Ecclesiaste
2406 5490 2418 5525 :
2462 5490 2479 5522 ι
2526 5469 2630 5536 Qui
2679 5465 2919 5522 custodit
2951 5459 3295 5521 mandatum,
3328 5470 3441 5508 non

1861 5576 2155 5643 cognoscet
2178 5565 2406 5621 verbum
2432 5562 2635 5617 malum
2671 5578 2681 5612 :
2710 5559 2804 5629 qui
2830 5553 3072 5611 custodit
3099 5547 3440 5609 mandatum,

1863 5663 1954 5717 hie
1994 5675 2159 5715 sanus
2186 5667 2271 5713 est
2304 5657 2371 5711 ⁷³.
2410 5675 2428 5706 ι
2465 5652 2685 5708 lnducit
2722 5668 2736 5703 :
2781 5669 2797 5699 ι
2839 5649 3037 5702 Beatus
3067 5644 3150 5697 vir
3177 5639 3438 5696 exaudiet

2277 5773 2317 5799 ”
2351 5769 2583 5826 lac-har.
2618 5783 2694 5834 ιιι,
2728 5768 2775 5820 7.
2884 5764 2929 5793 7“
2953 5759 3131 5813 Levit.
3169 5774 3312 5816 χλιι.
3353 5758 3434 5811 12.
