4178 6424
769 349 864 415 79]
2007 352 2369 412 ANTIOCHI
2413 354 2755 414 MONACIII

733 479 845 525 me,
869 471 924 516 et
953 464 1118 516 homo
1160 460 1253 531 qui
1286 462 1404 516 vias
1450 478 1600 516 meas
1630 461 1908 515 custodiet
1947 462 2015 513 “.
2053 481 2068 512 ι
2111 463 2314 514 l’aulus

2417 464 2703 532 ποιήσητε.
2721 483 2736 511 ι
2773 465 2878 516 Καὶ
2905 460 3088 528 αὖθις·
3128 483 3144 514 ι
3172 467 3298 518 Ἐὰν
3325 466 3420 530 τὰς
3451 467 3674 529 ἐντολάς
3699 485 3809 536 μου
3834 471 4004 537 τηρή-

733 553 1026 606 Timotheo
1058 574 1071 606 :
1098 553 1396 623 il’rmcipio
1423 553 1519 606 tibi
1543 570 1728 606 coram
1758 553 2010 614 Domino,
2037 563 2095 606 ut
2124 569 2309 606 serves

2419 568 2548 620 σητε
2571 594 2584 615 ,
2645 558 2858 622 μενεῖτε
2902 558 2958 608 ἐν
2988 559 3053 626 τῇ
3083 557 3274 628 ἀγάπῃ
3305 575 3406 627 μου
3433 575 3446 588 ·
3503 558 3690 622 καθὼς
3719 558 3884 627 κάγὼ
3913 560 4007 622 τὰς

733 641 1050 696 mandatum
1085 643 1204 697 sine
1248 645 1455 697 macula
1483 643 1972 712 irreprebensibile
2003 645 2067 696 ⁷⁸.
2105 663 2121 692 ι
2161 643 2308 696 Idem

2418 646 2640 708 ἐντολὰς
2673 650 2767 699 τοῦ
2802 649 3013 717 ΙΙατρζς
3043 668 3144 718 μου
3174 653 3459 721 τετήρηκα
3480 693 3493 713 ,
3543 654 3636 704 καὶ
3674 654 3829 723 μένω
3861 655 3920 704 ἐν
3941 657 4006 722 τῇ

731 733 1036 789 Corinthiis
1068 752 1081 788 :
1121 753 1138 785 ι
1178 735 1366 791 Laudo
1392 744 1576 789 autem
1609 736 1756 805 quod
1791 751 2008 806 semper
2043 736 2176 790 estis
2200 750 2312 787 mc-

2421 737 2613 808 ἀγάπη
2641 740 2859 792 αὑτοῦ.»
2898 741 3056 810 Αὐτῷ
3084 745 3114 812 ἡ
3144 742 3271 806 δόξα
3301 745 3381 806 εἰς
3403 745 3530 804 τοὺς
3556 745 3788 805 αἰῶνας,
3808 745 3865 794 Ἀ
3880 746 4004 812 μὴν,

733 843 956 890 mores,
992 838 1047 881 et
1099 830 1242 883 sicut
1291 830 1488 883 tradidi
1547 830 1728 893 vobis,
1790 830 2118 883 traditiones
2191 828 2394 881 tenetis
2423 830 2490 884 ⁷⁸.
2532 851 2547 882 ι
2582 833 2723 896 Quin
2786 843 2842 886 et
2899 835 3004 888 hoc
3041 853 3140 890 nos
3172 837 3407 889 edocent
3441 836 3643 890 divin:e
3703 836 4008 904 Scriptura:

734 915 948 984 omnes,
994 939 1101 975 non
1160 921 1414 976 mandata
1463 922 1558 976 Dei
1608 923 1786 976 solum
1835 921 1996 974 nobis
2047 927 2311 989 perpetuo
2348 919 2634 974 observari
2673 923 2898 984 debere,
2967 926 3065 979 sed
3118 936 3174 979 et
3216 927 3439 979 Patrum
3492 936 3845 986 nostrorum,
3909 926 4008 978 do-

733 1021 953 1067 ctorum
993 1033 1056 1070 ac
1087 1016 1504 1083 praepositorum
1540 1025 1811 1087 praecepta
1845 1031 1970 1069 cum
1992 1014 2139 1066 omni
2169 1012 2424 1067 cautione
2452 1015 2846 1070 inviolabiliter
2913 1027 3168 1073 teneinur
3235 1021 3537 1075 custodire.
3604 1022 3695 1075 Ait
3763 1021 4009 1090 denique

735 1107 1003 1160 Dominus
1043 1127 1056 1160 :
1095 1129 1112 1159 ε
1155 1111 1264 1163 ’γωδ
1293 1111 1456 1164 amici
1491 1112 1596 1164 mei
1641 1111 1794 1173 estis,
1832 1111 1876 1163 si
1913 1107 2158 1161 feceritis
2183 1123 2304 1177 qua:
2341 1124 2442 1178 ego
2514 1111 2775 1179 prazeipio
2813 1113 2972 1166 vobis
3019 1114 3089 1166 ⁷⁷.
3144 1133 3160 1160 ι
3215 1116 3429 1169 Ilursus
3474 1133 3486 1167 :
3561 1135 3576 1165 ι
3631 1115 3689 1168 Si
3727 1126 4007 1185 pra-cepta

735 1217 853 1256 mea
909 1206 1285 1270 servaveritis,
1339 1207 1636 1260 manebitis
1689 1205 1743 1259 in
1792 1205 2091 1259 dilectione
2153 1218 2308 1258 mea:
2349 1205 2494 1256 sicut
2525 1214 2581 1256 et
2609 1219 2711 1272 ego
2741 1217 3014 1276 praecepta
3075 1208 3254 1261 Patris
3315 1208 3421 1262 mei
3452 1208 3692 1271 servavi,
3720 1218 3778 1262 et
3812 1224 4009 1260 maneo

3880 357 4003 418 Πῦὲ

736 1295 791 1348 in
825 1295 943 1364 ejus
975 1294 1274 1348 dilectione
1310 1296 1374 1346 7“.
1419 1313 1436 1344 ι
1476 1292 1581 1363 Ipsi
1621 1295 1797 1363 gloria
1831 1295 1884 1349 in
1924 1295 2120 1348 saecula
2149 1292 2504 1346 sal-culorum.
2531 1294 2725 1346 Amen.

1297 1402 1579 1456 II().\I|I.lA
1606 1403 1764 1458 CXV.

1254 1514 1332 1567 De
1371 1517 1799 1568 mansuetudine.

807 1631 1170 1686 Mansuetudo
1207 1632 1535 1698 obsequenti
1582 1631 1846 1684 famulatu
1884 1629 2114 1700 gratiam
2161 1642 2314 1683 eme-

740 1732 895 1776 retur
933 1724 1176 1778 divinam
1223 1724 1324 1795 (l).
1355 1724 1532 1779 Moses
1575 1725 1784 1778 etenim
1829 1723 2045 1777 Domini
2078 1721 2316 1776 famulus

740 1815 1047 1880 promeruit
1086 1813 1217 1879 dici,
1253 1815 1401 1883 quod
1439 1823 1668 1869 cancros
1696 1830 1890 1867 onines
1933 1814 2132 1867 eximia
2163 1829 2316 1866 man-

737 1907 1032 1962 suetudine
1061 1908 1517 1978 antegredcretur
1549 1926 1562 1960 :
1592 1917 1755 1975 atque
1789 1907 1918 1960 hinc
1953 1907 2047 1960 Dei
2079 1907 2312 1970 visione,

739 2017 904 2068 supra
952 2010 1184 2054 ctmctos
1231 2000 1532 2069 prOphetas
1571 1999 1770 2066 dignus
1815 1998 2040 2052 habitus
2076 2008 2187 2062 est;
2238 1999 2316 2052 ait

736 2091 884 2142 cuitu
922 2106 936 2142 :
967 2109 985 2140 ι
1029 2092 1099 2144 At
1143 2107 1251 2145 non
1291 2092 1413 2146 talis
1442 2093 1585 2146 sicut
1615 2093 1857 2146 famulus
1897 2108 2054 2147 meus
2080 2093 2313 2163 Moyses,

737 2200 834 2238 ore
865 2184 931 2237 :nl
956 2200 1018 2238 os
1052 2186 1248 2254 loquor
1277 2185 1326 2239 ei
1361 2185 1422 2238 7°.
1465 2206 1482 2236 ι
1513 2185 1655 2251 Quin
1692 2194 1748 2238 et
1780 2185 2003 2253 quidam
2036 2184 2314 2239 temerarii

736 2273 1098 2328 Vehementer
1125 2290 1189 2329 ac
1231 2275 1487 2342 improbi,
1525 2291 1650 2329 cum
1691 2275 1960 2330 adversus
1994 2291 2119 2330 cum
2150 2287 2316 2344 atque

736 2363 1010 2417 Aaronem
1042 2365 1445 2419 contentiosius
1469 2367 1822 2419 coorirentur
1850 2382 1949 2436 pro
1982 2383 2197 2421 summo
2226 2383 2316 2420 sa-

737 2456 990 2510 cerdotio
1007 2466 1062 2510 et
1083 2457 1303 2526 gentisJ
1317 2457 1524 2512 udaiczc
1550 2459 1861 2528 principatu
1875 2500 1886 2521 ,
1915 2459 2064 2510 omni
2085 2475 2316 2526 prorsus

739 2549 1038 2602 ambitione
1077 2558 1173 2602 aut
1202 2549 1401 2604 etfectu
1449 2549 1667 2617 imperii
1697 2551 1750 2602 iu
1775 2558 1994 2617 gentem
2039 2547 2314 2602 retinendi

739 2652 798 2692 se
823 2637 1122 2693 declaravit
1150 2640 1518 2709 superiorem,
1546 2639 1796 2706 nihilque
1820 2649 2112 2694 cunctatus
2129 2638 2315 2708 populi

741 2727 1145 2796 prml'ecturam,
1189 2731 1286 2784 Dei
1331 2730 1564 2785 cedebat
1595 2729 1832 2800 judicio.
1869 2730 2085 2801 1216
2105 2730 2318 2784 Rursus

740 2821 964 2887 quando
1002 2823 1268 2877 adversus
1318 2838 1444 2877 eum
1494 2823 1812 2892 congregati
1845 2830 2006 2885 sunt,
2054 2821 2315 2890 quodque

745 2912 950 2980 primas
979 2923 1324 2982 occupasset,
1370 2929 1494 2966 cum
1527 2914 1733 2982 probro
1767 2921 1823 2966 et
1854 2912 2187 2966 contumelia
2218 2913 2317 2966 ob-

737 3005 1018 3074 jicientes,
1059 3005 1582 3066 interminabantur,
1618 3014 1673 3058 et
1712 3006 1824 3074 jam
1876 3004 1929 3057 in
1975 3019 2102 3057 eum
2144 3019 2314 3074 prope

745 3094 1053 3147 iusilieraut
1079 3112 1092 3159 ;
1125 3103 1409 3148 tantaeum
1436 3104 1732 3163 urgeretur
1772 3095 2123 3158 necessitate,
2154 3112 2313 3148 exer-

745 3193 796 3237 ta
827 3200 960 3239 voce
995 3186 1252 3239 clamavit
1281 3185 1756 3239 mansuetissimus
1779 3185 1844 3239 ad
1881 3186 2180 3254 benignqu
2205 3186 2312 3239 Do-

743 3278 972 3341 minum,
1018 3279 1119 3332 sibi
1153 3287 1212 3332 ut
1264 3286 1413 3332 esset
1462 3278 1528 3330 ad
1575 3279 1812 3331 salutem
1850 3295 1863 3330 :
1895 3279 1992 3332 sed
2045 3289 2102 3333 et
2140 3279 2312 3332 Deum

741 3371 1043 3440 propitium
1095 3372 1204 3424 illis
1251 3371 1537 3433 reddebat,
1571 3371 1762 3425 dicens
1803 3389 1815 3423 :
1861 3391 1879 3422 ι
1915 3372 2198 3440 Siquidem
2227 3371 2314 3425 di-

742 3463 916 3517 mittis
965 3463 1073 3516 illis
1102 3470 1418 3532 pcccatum,
1453 3463 1708 3520 dimitte;
1747 3463 1828 3516 sin
1868 3471 2075 3526 autem,
2126 3472 2183 3517 et
2229 3480 2314 3517 me

739 3559 922 3613 deleto
952 3557 1020 3612 de
1043 3558 1185 3611 libro
1207 3572 1369 3626 quem
1398 3557 1666 3626 scripsisti
1692 3557 1756 3608 ⁸ο.
1791 3576 1808 3606 ι
1842 3557 2314 3610 lllansuctissimus

738 3665 957 3722 quoque
981 3648 1150 3704 David
1189 3649 1466 3718 appetitus
1492 3664 1558 3702 ex
1589 3648 1803 3703 insidiis
1827 3665 1857 3700 a
1883 3647 1993 3700 lilio
2015 3647 2311 3707 Absalouc,

733 3741 832 3810 qui
875 3749 929 3794 et
953 3740 1234 3810 propalam
1277 3741 1330 3792 in
1368 3740 1542 3808 patris
1584 3738 1846 3792 mulieres
1883 3739 2154 3792 nefarium
2211 3739 2312 3792 :nl-

736 3832 886 3886 misit
921 3832 1124 3894 scelus,
1152 3831 1281 3884 dum
1308 3830 1485 3884 modis
1524 3830 1783 3883 omnibus
1827 3839 2038 3898 patrem
2069 3830 2135 3884 ad
2169 3846 2314 3884 mor-

737 3936 848 3978 tem
883 3932 1136 3982 venatur.
1174 3935 1322 3982 vere,
1375 3921 1622 3990 inquam,
1661 3931 1984 3976 mansuetus
2029 3922 2198 3976 David
2225 3925 2314 3990 ju-

737 4025 880 4078 stus,
911 4029 1012 4068 nec
1059 4013 1226 4066 ullius
1264 4027 1475 4065 memor
1503 4022 1744 4080 acceptae
1777 4012 2012 4082 injuri:e,
2051 4028 2150 4080 pro
2185 4029 2313 4081 par-

738 4105 912 4160 ricida
959 4106 1242 4158 luctuosas
1294 4102 1613 4156 ellundchat
1648 4103 1933 4172 lacrymas.
1983 4101 2094 4156 Nec
2129 4119 2312 4166 secus,

737 4213 865 4250 cum
900 4195 1081 4251 Semei
1116 4193 1496 4248 maledicentia
1527 4203 1583 4246 et
1607 4193 1990 4246 exsecratione
2022 4194 2200 4262 ipsum
2233 4194 2316 4247 in-

737 4297 980 4345 cesseret
1011 4297 1067 4342 et
1095 4294 1379 4356 appeteret
1403 4285 1602 4340 crebro
1635 4287 1786 4356 jactu
1837 4285 2081 4353 lapidum
2110 4327 2124 4348 ,
2173 4286 2313 4340 adeo

738 4383 878 4438 nihil
914 4379 1179 4433 adversus
1207 4378 1358 4431 illum
1391 4377 1646 4447 concepit
1682 4377 1778 4430 ir:e
1799 4418 1812 4439 ,
1846 4385 1905 4430 ut
1933 4379 2096 4431 etiam
2138 4377 2313 4432 servis

735 4473 853 4527 suis
893 4472 946 4525 in
991 4471 1140 4524 illius
1177 4469 1414 4539 improbi
1455 4483 1647 4522 necem
1679 4467 1917 4522 stridore
1951 4468 2190 4536 quodam
2220 4483 2312 4537 ge-
2340 4451 2388 4509 ί)

735 4563 1055 4625 stientibus,
1102 4561 1304 4615 dixerit
1341 4579 1356 4615 :
1397 4580 1414 4611 ι
1457 4559 1636 4614 Sinite
1674 4575 1801 4614 eum
1849 4559 2185 4614 maledicere
2212 4560 2317 4614 Da-

734 4655 826 4709 vid
858 4654 923 4707 ⁸¹.
980 4673 998 4706 ι
1046 4654 1253 4708 Decore
1300 4652 1468 4722 igitur
1508 4661 1564 4706 et
1610 4651 1899 4706 commode
1949 4651 1996 4706 is
2040 4651 2310 4707 dicebat:

742 4769 760 4800 ι
791 4748 1085 4809 Memento,
1118 4747 1345 4800 Domine
1371 4744 1563 4809 David,
1588 4753 1640 4798 et
1663 4745 1843 4799 omnis
1873 4745 2315 4801 mansuetudinis

734 4841 856 4908 ejus
879 4842 946 4892 ν’.
986 4859 1002 4890 ι
1036 4837 1269 4892 Abunde
1303 4837 1528 4907 quidem
1571 4837 1952 4905 exemplorum
1982 4836 2116 4890 mihi
2153 4837 2313 4892 indu-

735 4940 886 4982 ctum
935 4927 1006 4982 sit
1037 4927 1090 4982 in
1125 4943 1316 4982 eorum
1357 4927 1611 4997 gratiam,
1647 4926 1742 4994 qui
1787 4925 2036 4978 virorqu
2076 4925 2308 4980 istorum

735 5021 894 5089 plane
941 5020 1352 5074 admirabilium
1401 5018 1676 5072 constanti
1712 5017 2009 5087 prudentia
2051 5021 2309 5087 permoti,

736 5113 938 5167 imitari
969 5113 1204 5183 cupiunt
1234 5112 1710 5167 mansuettnlinem
1737 5122 1902 5181 atque
1933 5111 2311 5174 clementiam,

737 5216 796 5260 ut
833 5222 956 5260 cum
978 5209 1085 5262 Illis
1122 5208 1251 5261 olim
1283 5206 1510 5260 audiant
1544 5223 1556 5258 :
1591 5226 1609 5254 ι
1642 5205 1792 5259 Beati
1834 5206 2015 5268 mites,
2048 5205 2308 5274 quoniam

737 5297 840 5365 ipsi
879 5298 1202 5354 litercditate
1250 5297 1618 5368 possidebunt
1651 5306 1852 5350 terram
1885 5295 2187 5349 mansuetis
2221 5311 2310 5348 re-

735 5390 970 5457 positam
1000 5391 1066 5444 ⁷³.
1103 5409 1120 5441 ι
1155 5391 1321 5457 Sane,
1351 5406 1474 5460 qua:
1503 5387 1812 5444 secundmn
1837 5387 2008 5442 Deum
2041 5396 2124 5440 est
2156 5402 2311 5440 man-

1395 5527 1440 5556 "
1469 5527 1488 5579 I
1517 5527 1660 5580 Tim.
1716 5543 1790 5587 vr,
1843 5525 1925 5578 Η.

1359 5595 1399 5628 ⁸¹
1433 5597 1472 5650 ll
1505 5597 1638 5667 lleg.
1690 5613 1798 5658 xw,
1843 5596 1923 5649 l0.

805 5525 854 5555 ⁷⁸
881 5524 1043 5578 Prov.
1087 5541 1199 5588 vm,
1231 5525 1320 5579 δι.

739 5594 784 5623 λ’
811 5593 980 5648 Exod.
1007 5611 1172 5659 vxxu,
1195 5595 1283 5649 5‘2.

2002 5524 2092 5577 ’⁸1
2134 5523 2260 5578 Cor.
2317 5539 2388 5585 x1,
2444 5522 2499 5574 ‘2.

1997 5595 2042 5625 "
2069 5595 2210 5648 I‘sal.
2246 5610 2422 5655 cum,
2464 5593 2512 5645 I.

3017 1408 3235 1462 ΛΟΓΟΣ
3264 1410 3409 1463 PIE'.

2943 1521 3079 1585 Περὶ
3115 1523 3474 1587 πραότητος.

2500 1627 2564 1678 Ἢ
2597 1629 2838 1698 πραότης
2875 1629 3168 1699 (θεραπεύει
3199 1631 3261 1684 τὸ
3290 1633 3465 1686 Θείον.
3503 1633 3614 1686 Καὶ
3642 1633 3754 1704 γὰρ
3783 1633 3814 1685 6
3842 1635 4007 1687 Μωῦ-

2421 1716 2519 1787 σῆς
2544 1718 2634 1772 διὰ
2660 1719 2719 1770 τὸ
2746 1717 2883 1774 εἶναι
2901 1723 3063 1776 αὑτὸν
3091 1723 3397 1793 πραότατον
3423 1725 3575 1794 παρὰ
3596 1727 3834 1790 πάντας,
3855 1726 4008 1795 θερά-

2418 1826 2536 1861 πων
2555 1810 2692 1862 θεοῦ
2725 1813 2952 1882 ἐκλήθη,
2987 1816 3082 1868 καὶ
3108 1816 3362 1879 οεοπτίας
3388 1817 3528 1886 ὑπὲρ
3556 1818 3771 1880 πάντας
3795 1820 3997 1886 προφή-

2415 1918 2513 1964 τας
2548 1903 2800 1970 ἠξίωται.
2856 1924 2873 1956 ι
2909 1906 3019 1975 Οὐχ
3057 1906 3231 1971 οὕτως
3270 1909 3399 1979 γὰρ,
3434 1911 3620 1977 φησὶν,
3663 1909 3739 1972 ὡς
3780 1912 3811 1961 6
3845 1910 4006 1979 Οερά-

2417 2009 2536 2046 πων
2568 1995 2809 2064 Μιι.-ί“ισῆς
2835 2034 2849 2055 ,
2903 1997 3079 2067 στόμα
3127 1999 3273 2050 κατὰ
3319 2001 3496 2065 στόμα
3530 2000 3755 2069 λαλήσω
3780 2000 3954 2069 αὐτῷ.
3986 2020 4002 2052 ι

2430 2086 2590 2141 Ἀλλὰ
2639 2089 2734 2141 καὶ
2784 2090 2874 2142 ὅτε
2924 2090 3061 2161 πρὸς
3107 2093 3272 2144 αὐτὸν
3320 2093 3416 2145 καὶ
3441 2093 3534 2145 τὸν
3572 2093 3790 2163 Ἀαρὼν
3827 2095 4006 2162 ἰταμοί

2416 2194 2564 2241 τινες
2618 2179 2758 2250 ὑπὲρ
2832 2181 3250 2252 ἀρχιερωσύνης
3318 2183 3412 2236 καὶ
3469 2184 3766 2253 ἐθναρχίας
3841 2186 4004 2238 ἐπαν-

2416 2268 2654 2338 ἔστησαν
2669 2271 3122 2340 φιλονεικοῦντες,
3156 2275 3414 2344 ὑπερεῖχε
3452 2276 3572 2344 μεθ’
3599 2275 3826 2345 ἁπάσης
3856 2275 4003 2344 (pilc-

2416 2363 2628 2431 τιμίας,
2656 2364 2750 2416 καὶ
2774 2363 3090 2434 φιλαρχίας,
3117 2367 3210 2417 καὶ
3237 2367 3557 2437 παρεχώρει
3581 2367 3659 2436 τῷ
3680 2367 3804 2437 θεῷ
3832 2369 4005 2438 κρείτο

2416 2467 2493 2502 τω
2545 2452 2644 2521 τὴν
2685 2451 2780 2503 τοῦ
2815 2452 2946 2505 λαοῦ
2981 2455 3340 2522 προστασίαν.
3388 2457 3610 2526 Ἐπειδὴ
3639 2457 3695 2510 δὲ
3727 2459 3825 2510 καὶ
3850 2454 4006 2520 αὖθις

2417 2540 2872 2612 ὲπεσυνὴχοησαν
2900 2544 3070 2615 αὐτῷ,
3099 2548 3193 2598 καὶ
3218 2563 3282 2597 πε
3292 2546 3346 2617 ρί
3372 2547 3482 2599 τῶν
3507 2550 3801 2618 προτέρων
3823 2550 4007 2602 ὀνειδί-

2417 2629 2637 2692 ζοντες,
2687 2630 2984 2698 ἠπείλουν,
3037 2635 3132 2686 καὶ
3181 2635 3281 2704 ἤδη
3328 2636 3514 2703 σχεδον
3549 2636 3785 2690 ἔπαισαν
3824 2639 4004 2701 αὑτὸν,

2417 2719 2703 2773 ἐπεὸοὰτω
2736 2722 2835 2790 μὲν
2865 2725 2893 2774 6
2927 2727 3135 2795 πρᾶος,
3186 2728 3295 2778 τῶν
3329 2729 3552 2794 ἀγαυῶν
3587 2729 3668 2789 είς
3701 2730 4004 2799 σωτηρίαν,

2417 2810 2580 2874 αὐτὸς
2607 2811 2664 2864 δὲ
2692 2813 2781 2866 τὸν
2807 2815 2941 2866 Θεὸν
3000 2816 3141 2885 ὑπὲρ
3213 2817 3393 2870 αὐτῶν
3437 2819 3783 2882 ἱλεοποιεῖτο,
3809 2820 4004 2889 λέγων·

2423 2922 2440 2954 ι
2474 2901 2534 2956 Εἰ
2565 2905 2664 2974 μὲν
2694 2907 2840 2974 ἀφῇς
2873 2908 3058 2970 αὐτοῖς
3088 2910 3187 2978 τὴν
3216 2911 3516 2981 ἁμαρτίαν,
3550 2912 3716 2980 ἄφες·
3749 2915 3801 2965 εἰ
3822 2913 3882 2966 δὲ
3909 2914 4004 2983 μὴ,

2417 2993 2564 3060 κάμὲ
2613 2993 2901 3064 ἐξάλειψον
2951 2998 3016 3048 ἐκ
3059 2997 3160 3066 τῆς
3206 2998 3391 3066 βίϐλου
3441 2998 3509 3071 ἦς
3549 3003 3856 3074 ἔγραψας.»
3902 3005 4007 3058 Καὶ

2417 3084 2444 3135 6
2492 3087 2798 3154 πραότατος
2851 3086 3052 3151 Δαυῖδ,
3110 3091 3524 3152 ἐπιϐουλευθεὶς
3570 3096 3722 3164 παρᾶ
3755 3096 3856 3148 τοῦ
3892 3096 4004 3149 υἱοῦ

2415 3176 2582 3230 αὑτοῦ
2633 3180 3015 3248 ἐργασαμένου
3079 3185 3385 3252 ἀναφανδὸν
3439 3185 3500 3236 τὸ
3553 3188 3710 3255 μῖσος
3781 3191 3866 3250 είς
3914 3190 4006 3252 τὰς

2414 3267 2582 3321 αὑτοῦ
2634 3274 2924 3338 γυναῖκας,
2967 3275 3062 3326 καὶ
3110 3274 3405 3344 ζητοῦντος
3450 3277 3613 3329 αὑτὸν
3655 3281 4002 3344 ἀποκτεῖναι,

2413 3361 2442 3412 6
2474 3360 2691 3430 ἀληθῶς
2722 3365 2898 3434 πρᾶος
2945 3367 3039 3418 καὶ
3071 3366 3303 3432 δίκαιος,
3342 3370 3435 3422 καὶ
3466 3369 3822 3434 ἀνεξίκακος,
3865 3373 4004 3443 ὑπὲρ

2414 3451 2581 3503 αὑτοῦ
2610 3453 2852 3524 ἐθρήνει.
2887 3456 3120 3526 Ὁμοίως
3153 3459 3368 3512 καὶτοῦ
3400 3461 3571 3529 Σεμεῒ
3602 3464 4004 3534 καταρωμένου

2413 3545 2616 3606 αὐτον,
2669 3549 2765 3599 καὶ
2812 3547 3160 3614 λιθάζοντος,
3209 3552 3309 3605 οὐκ
3352 3553 3600 3623 ὠργίσθη
3655 3557 3781 3609 κατ’
3810 3559 3999 3622 αὑτοῦ,

2413 3639 2529 3691 ἀλλ’
2566 3635 2719 3692 εἶπεν
2765 3645 2876 3706 τοῖς
2923 3647 3109 3698 παισὶν
3151 3646 3320 3699 αὑτοῦ
3367 3647 3790 3719 διαπριομένοις
3839 3653 4003 3706 αὑτὸν

2414 3731 2657 3784 ἀνελεῖν·
2721 3753 2740 3784 ‹
2773 3735 2973 3804 ’Ἅφετε
3029 3738 3192 3790 αὐτὸν
3240 3742 3590 3811 καταρᾶσθαι
3624 3742 3717 3794 τὸν
3753 3745 3946 3796 Δαυῖδ.
3979 3765 3995 3796 ι

2415 3823 2654 3887 Εἰκότως
2680 3820 2773 3879 οὖν
2799 3827 3013 3895 ἔλεγενο
3059 3847 3077 3879 α
3105 3830 3416 3900 Μνήσοητι.
3451 3832 3651 3903 Κύριε,
3685 3833 3785 3887 τοῦ
3819 3837 4002 3899 Δαυῖδ,

2414 3917 2507 3968 καὶ
2563 3918 2742 3989 πάσης
2788 3920 2888 3990 τῆς
2929 3921 3244 3991 πραότητος
3281 3923 3472 3978 αὐτοῦ.
3504 3944 3521 3976 ι
3565 3926 3751 3978 Ἱκανὰ
3785 3927 3890 3996 μὲν
3914 3925 4005 3981 οὖν

2416 4009 2794 4079 ὑποδείγματα
2862 4012 2972 4064 τῶν
3033 4014 3341 4068 θεσπεσίων
3397 4015 3602 4068 τούτων
3657 4019 3876 4088 ἀνδρῶν
3941 4020 4004 4073 τὰ

2414 4101 2771 4170 φρονήματα,
2821 4107 2933 4165 τοῖς
2969 4104 3318 4175 βουλομένοις
3351 4109 3699 4178 μιμήσασοαι
3732 4111 3797 4162 τὸ
3828 4115 4004 4180 πρᾶον

2413 4191 2595 4244 αὐτῶν
2631 4193 2722 4245 καὶ
2751 4194 3073 4260 ἀνεξίκακον
3094 4238 3108 4258 ,
3161 4199 3309 4260 ὅπως
3341 4201 3440 4252 σὺν
3468 4200 3656 4264 αὐτοῖς
3687 4203 4003 4256 ἀκούσωσιν

2414 4284 2564 4354 παρὰ
2594 4285 2688 4338 τοῦ
2720 4287 2926 4356 Κυρίου
2953 4307 2964 4318 ·
3030 4307 3047 4339 σ
3079 4290 3360 4362 Μακάριοι
3393 4293 3443 4345 οί
3473 4296 3696 4364 πραεῖς,
3727 4295 3816 4347 ὅτι
3845 4297 4003 4349 αὐτοὶ

2413 4375 2920 4448 κληρονομήσουσιν
2973 4379 3074 4451 τὴν
3123 4381 3234 4435 τῶν
3281 4384 3507 4454 πραέων
3552 4385 3680 4453 γῆν,
3718 4406 3739 4439 ο
3798 4386 3862 4440 'II
3898 4391 4003 4458 γᾶρ

2416 4468 2561 4520 κατᾶ
2603 4469 2735 4523 Θεὸν
2781 4472 3048 4542 πραότης,
3088 4473 3252 4544 ἔργον
3287 4475 3406 4527 ἐστὶ
3452 4475 3769 4546 θεὰρεστον,
3813 4480 4004 4534 ἐνυπά-

2415 4577 2617 4613 τακτον
2640 4576 2655 4588 ·
2717 4579 2736 4612 ι
2781 4563 2906 4616 Ἐπὶ
2932 4563 3052 4617 τίνα
3079 4565 3209 4634 γὰρ,
3239 4567 3425 4637 φησιν,
3458 4568 3772 4638 ἐπιϐλέψαι,
3822 4571 3944 4624 ἀλλ’
3973 4571 4002 4642 ἢ

2416 4653 2511 4705 ἐπὶ
2557 4652 2649 4706 τὸν
2691 4654 2950 4708 ταπεινὸν
2991 4656 3083 4709 καὶ
3121 4659 3297 4727 πρᾶον
3331 4660 3426 4710 καὶ
3458 4659 3703 4728 ἡσύχιον,
3747 4662 3848 4714 καὶ
3881 4664 4002 4730 τρέ-

2419 4746 2590 4814 μοντά
2622 4763 2725 4814 μου
2749 4748 2874 4808 τοὺς
2898 4746 3126 4815 λόγους;
3153 4766 3172 4798 ι
3202 4749 3425 4819 Τερπνὴ
3455 4749 3556 4820 μὲν
3581 4751 3811 4819 θεωρία,
3835 4753 4003 4824 γαλη-

2414 4836 2586 4889 νιῶσα
2638 4835 2886 4891 θάλασσα
2910 4877 2924 4902 ,
2981 4837 3109 4891 ἀλλ’
3151 4840 3250 4892 οὐκ
3287 4839 3435 4893 ἔστιν
3470 4843 3816 4914 τερπνοτὲρα
3851 4847 4000 4914 εἰρη-

2416 4930 2574 4995 νικῆς
2601 4929 3011 4992 καταστάσεως⁸
3050 4929 3402 5001 γαληνιὼσης
3432 4933 3530 5000 μὲν
3557 4933 3668 5003 γὰρ
3695 4933 3998 5004 Galateam.

2417 5018 2789 5085 ἐγκυὸιστῶσι
2819 5018 3086 5087 δελφῖνοι’
3143 5022 3396 5091 εἰρηνικῇ
3429 5023 3485 5076 δὲ
3518 5025 3884 5089 καταστάσει,
3921 5029 3999 5078 ὲν-

2412 5109 2630 5177 ηχεῖται
2663 5109 2884 5177 ῥήματα
2916 5108 3187 5178 εὐπρεπῆ.
3243 5111 3413 5178 Φησὶν
3439 5111 3496 5163 δὲ
3525 5113 3618 5163 καὶ
3645 5114 3674 5164 ὁ
3702 5114 3963 5177 Ἰάκωϐος
3982 5131 3996 5144 '

2417 5218 2436 5248 ι
2462 5199 2810 5269 Ἀποθέμενοι
2843 5201 3025 5254 πᾶσαν
3050 5201 3250 5254 κακίαν
3285 5203 3378 5255 καὶ
3404 5204 3707 5274 ῥυπαρίαν,
3737 5208 3799 5258 ὲν
3823 5209 3998 5278 πραΰ·

2411 5309 2534 5362 τητι
2569 5292 2702 5362 [τῆς
2733 5293 2999 5366 καρδίας]
3031 5294 3257 5362 δέξασθε
3288 5296 3380 5349 τὸν
3413 5296 3655 5366 ἔμφυτον
3685 5297 3872 5366 λόγον,
3908 5299 3997 5350 τὸν

2409 5384 2707 5452 δυνάμενον
2743 5385 2913 5436 σῶσαι
2948 5384 3048 5448 τὰς
3079 5384 3257 5455 ψυχὰς
3291 5385 3466 5456 ὑμῶν.
3491 5405 3509 5436 ι
3529 5388 3589 5440 ’0
3620 5387 3678 5439 δὲ
3717 5387 3994 5457 ’Υμνῳδὸς

3137 5520 3185 5552 ⁷⁸
3221 5520 3354 5576 ibid.
3390 5521 3478 5577 I0.

2577 5519 2622 5551 ⁷⁷
2653 5519 2810 5573 Joan.
2857 5535 2944 5582 xv,
2979 5520 3060 5574 Μ.

3553 5523 3598 5556 τ’
3624 5522 3794 5578 Num.
3821 5539 3915 5587 xu,
3938 5522 3991 5577 8.

2599 5589 2645 5620 "
2672 5588 2861 5642 Matth.
2896 5605 2944 5653 v,
2976 5591 3030 5643 εί.

2273 5704 2503 5759 ΝΟΤᾸΞ.

814 5797 890 5862 (l)
919 5797 1040 5852 llicc
1068 5799 1257 5853 eadem
1296 5799 1459 5854 habet
1487 5802 1542 5853 S.
1575 5800 1796 5871 [ηυιιγς.
1834 5801 2032 5868 Areop.
2067 5800 2228 5868 epist.
2255 5799 2306 5855 8.
2351 5799 2414 5852 ad
2444 5795 2825 5864 Dcmophilum
2862 5797 3211 5868 monachum,
3241 5799 3314 5854 De
3344 5799 3704 5871 benignitate.
