4178 6424
199 379 338 444 1793
1214 373 1537 433 ilOMlLl/l
1578 372 1774 433 CXVI.

1901 373 1997 434 DE
2035 372 2465 433 ΡΑΤΙΕΝΤΙΛ.
3326 373 3464 443 ΠΜ

199 487 403 541 Δαυτδ·
450 508 468 536 ε
489 481 922 552 ’Λναλαμοάνων
957 482 1155 551 πραεῖς
1186 481 1215 534 6
1243 481 1478 550 Κύριος·
1513 480 1774 533 ταπεινῶν

1889 482 2146 544 suetudo,
2178 482 2291 536 Deo
2331 481 2435 550 ipsi
2475 481 2718 550 gratiosa
2759 492 2846 538 est
2875 493 2932 538 ct
2961 498 3229 554 perquam
3257 487 3472 543 amabi-

195 580 256 633 δὲ
285 577 647 648 ἁμαρτωλοὺς
680 575 781 636 ἕως
811 573 933 640 γῆς.
962 591 979 622 ι
1018 573 1122 625 Καί
1149 589 1162 602 ’
1204 592 1221 624 ι
1264 573 1553 642 Ὀδηγήσει
1586 575 1774 641 πραεῖς

1885 573 1971 625 lis.
2005 573 2096 625 Ait
2122 572 2272 625 enim
2301 591 2314 625 :
2349 591 2367 624 ι
2398 574 2479 627 Ad
2502 588 2667 643 quem
2719 573 3010 642 respiciam
3040 576 3147 630 nisi
3183 578 3250 631 ad
3281 578 3469 634 humi-

195 674 258 725 ἐν
287 670 493 740 κρίσει,
527 666 729 731 διδάξει
758 664 913 725 ὁδοὺς
944 664 1166 716 αὐτοῦ.»
1210 665 1321 716 Καὶ
1350 662 1542 722 ἄλλος’
1588 680 1606 712 ι
1637 662 1774 716 Λαὸν

1882 662 1993 716 lem
2024 669 2083 716 et
2108 671 2459 717 mansuetum
2486 673 2542 718 et
2578 664 2858 734 quietum,
2887 678 2953 718 ac
2985 674 3310 721 trementem
3341 685 3467 724 ser-

197 764 386 833 πραῦν
411 760 576 814 σώσει
597 758 826 827 Κύριος,
847 756 1160 826 ὀφθαλμοὺς
1183 754 1239 806 δὲ
1260 753 1538 807 ταπεινῶν
1557 753 1774 806 σώτει.»

206 855 269 908 Ὀ
297 855 356 907 δὲ
388 853 592 922 ἀγαθὸς
620 850 780 921 ἡμῶν
805 849 1010 920 Κύριος
1031 866 1045 880 ο
1089 848 1330 916 ι’Δρατε
1360 847 1451 899 τὸν
1479 845 1644 912 ζυγόν
1673 862 1780 915 μου

194 945 283 1012 ἐφ’
313 946 495 1014 ὑμᾶς,
543 941 641 996 καὶ
693 939 897 1011 μάθετε
949 940 1045 993 ἀπ’
1075 936 1248 1007 ἐμοῦ,
1307 939 1390 991 ὃτι
1441 937 1615 1006 πρᾶός
1663 937 1781 1005 εἰμι

196 1037 296 1090 καὶ
333 1036 592 1097 ταπεινὸς
638 1036 705 1104 τῇ
741 1033 941 1103 καρδία
965 1072 979 1093 ,
1033 1031 1127 1083 καὶ
1173 1031 1436 1100 εὑρήσετε
1471 1031 1780 1082 ἀνάπαυσιν

191 1131 317 1191 ταῖς
367 1128 570 1197 ψυχαῖς
613 1125 788 1194 ὑμῶν.
847 1124 906 1176 Ὀ
930 1123 1038 1192 γὰρ
1070 1119 1234 1189 ζυγός
1264 1139 1365 1191 μου
1392 1122 1650 1191 χρηστὸς,
1684 1122 1780 1174 καὶ

1885 769 2082 809 mones
2112 768 2267 809 meos
2294 755 2380 809 “?
2416 774 2434 807 ι
2470 756 2722 812 iucunda
2763 773 2897 813 sane
2943 774 3108 827 quam
3138 769 3224 814 est
3253 761 3466 830 paciﬁci

1885 854 2063 901 status
2101 847 2498 916 contemplatio
2550 848 2649 919 (l).
2697 848 3010 905 Constratis
3059 852 3266 905 etenim
3298 855 3466 909 maris

1885 938 2168 1001 fluctibus,
2221 938 2515 1009 delphines
2562 955 2737 1009 prono
2795 943 2849 996 in
2882 958 3073 1012 aequor
3102 944 3282 1011 capite
3321 943 3468 999 desi-

1888 1032 2089 1086 lientes
2113 1031 2410 1085 urinantur
2428 1041 2484 1085 et
2507 1030 2740 1086 adnant.
2765 1032 2914 1087 Ordo
2935 1035 3231 1102 tranquilla
3255 1034 3311 1088 in
3333 1050 3466 1104 pace

1884 1120 1932 1173 si
1953 1131 2061 1185 est,
2085 1137 2370 1175 sermones
2401 1120 2622 1176 abunde
2651 1121 3032 1186 effunduntur,
3061 1124 3250 1178 decori
3277 1125 3467 1180 admo-

192 1220 259 1272 τὸ
307 1220 530 1291 φορτίον
578 1235 685 1288 μου
734 1216 970 1285 ἐλαφρόν
1015 1217 1182 1269 ἐστιν.
1217 1234 1234 1267 ι
1290 1214 1449 1284 Λύτῷ
1481 1216 1514 1284 ἡ
1541 1213 1666 1279 δόξα
1698 1214 1774 1276 εἰς

1884 1212 2016 1267 (Ιιιιιι
2065 1223 2117 1268 et
2160 1213 2422 1268 modesti.
2461 1214 2550 1269 Ait
2597 1223 2783 1268 autem
2832 1223 2889 1268 ct
2926 1215 3164 1270 Jacobus
3202 1235 3216 1269 :
3262 1236 3280 1268 ι
3310 1217 3466 1288 Abji-

191 1311 324 1372 τοὺς
358 1311 579 1373 αἰῶνας.
631 1311 824 1378 Ἀμήν.

1884 1305 2098 1359 cientes
2150 1320 2371 1359 omnem
2424 1307 2870 1370 immunditiam,
2921 1308 2976 1360 in
3041 1311 3466 1366 mansuetudine

184 1404 466 1473 suscipite
499 1403 723 1456 insitum
756 1401 989 1455 verbum
1055 1400 1206 1468 quod
1273 1409 1458 1470 potest
1521 1400 1735 1454 salvare
1797 1398 2010 1453 animas
2052 1408 2269 1452 vestras
2313 1396 2382 1450 ".
2443 1418 2462 1449 ι
2529 1399 2872 1469 llymnorum
2927 1403 3113 1472 regius
3163 1419 3464 1459 eonecntor

192 1497 417 1551 David:
466 1513 485 1544 ε
530 1493 849 1562 Suscipicns
899 1501 1221 1548 mansuetos
1259 1493 1546 1552 Dominus,
1598 1491 1898 1546 humilians
1960 1500 2145 1546 autem
2187 1501 2508 1559 peccatores
2573 1507 2747 1560 usque
2815 1492 2884 1546 ad
2934 1501 3140 1548 terram
3171 1495 3238 1548 ⁸⁸.
3280 1513 3298 1546 ι
3352 1497 3462 1552 Et:

199 1607 217 1638 ι
261 1586 496 1641 Doccbit
534 1587 696 1640 mites
725 1587 843 1638 vias
881 1600 1010 1638 suas
1037 1586 1105 1638 ⁸⁷.
1154 1603 1170 1633 ι
1208 1585 1363 1637 Alius
1401 1598 1414 1633 :
1450 1603 1468 1633 ι
1506 1582 1775 1651 Populum
1817 1584 2080 1637 humilem
2144 1583 2358 1638 salvum
2386 1582 2549 1637 faciet
2605 1584 2891 1648 Dominus,
2924 1587 3117 1640 oculos
3149 1596 3334 1642 autent
3364 1605 3462 1643 su-

191 1679 500 1748 perborum
546 1676 863 1730 humiliabit
926 1677 996 1729 "'.
1049 1693 1066 1726 ι
1122 1673 1229 1728 Sed
1283 1683 1341 1728 et
1389 1673 1663 1743 benignus
1732 1673 1849 1742 ipse
1888 1674 2157 1727 Dominus
2209 1683 2398 1728 noster
2439 1689 2454 1727 :
2508 1691 2526 1724 ι
2578 1673 2779 1729 Tollite
2828 1677 3020 1746 jugum
3071 1693 3253 1733 meum
3295 1696 3465 1750 super

196 1788 324 1835 vos,
369 1781 426 1826 et
471 1758 668 1825 discite
715 1786 745 1824 a
781 1786 867 1823 me
917 1769 1045 1838 quia
1095 1769 1248 1824 mitis
1294 1785 1415 1823 sum
1463 1777 1518 1823 et
1559 1768 1784 1822 humilis
1821 1768 1989 1822 corde
2016 1807 2030 1830 ,
2069 1778 2126 1822 et
2180 1767 2477 1822 invenietis
2519 1767 2769 1835 requiem
2852 1767 3144 1822 animabus
3221 1771 3460 1840 vestris;

187 1865 385 1934 jugum
413 1864 560 1918 enim
591 1877 775 1916 meum
801 1877 968 1916 suave
995 1871 1099 1923 est,
1134 1871 1191 1916 et
1225 1878 1368 1916 onus
1401 1864 1518 1916 Ievc
1543 1871 1628 1916 est
1645 1861 1711 1912 ⁸⁹.
1746 1882 1763 1909 ι
1806 1859 1913 1929 Ipsi
1944 1859 2117 1928 gloria
2148 1861 2200 1914 in
2235 1861 2452 1914 smcula.
2482 1861 2678 1914 Amen.

791 1975 1010 2028 ΛΟΓΟΣ
1047 1974 1210 2042 ῐιιςῑν.

378 2089 520 2158 Περὶ
552 2089 659 2144 τοῦ
688 2089 1025 2145 ἀδικεῖσθαι
1051 2128 1067 2152 ,
1109 2088 1208 2144 καί
1233 2089 1321 2158 μὴ
1349 2089 1601 2144 ἀδικεῖν.

270 2260 412 2330 Περὶ⁸
439 2260 536 2314 τοῦ
571 2260 646 2331 μὴ
675 2260 882 2312 ἀδικεῖν
915 2261 943 2313 6
975 2259 1206 2324 παλαιὸς
1235 2260 1398 2330 νόμος
1428 2260 1776 2329 προστάττει.

196 2358 333 2426 Περὶ
380 2356 436 2409 δὲ
475 2355 571 2409 τοῦ
613 2355 925 2409 ἀδικεῖσθαι
988 2357 1082 2409 καὶ
1162 2357 1536 2425 εὐχαριστεῖν,
1586 2358 1614 2409 6
1661 2356 1780 2420 νέος

198 2446 644 2515 παρακελεύεται
672 2485 688 2511 ,
754 2446 958 2516 μᾶλλον
986 2446 1043 2498 δὲ
1084 2447 1112 2498 6
1144 2445 1236 2498 τοῦ
1267 2445 1432 2515 νόμου
1464 2445 1777 2517 πληρωτὴς,

193 2537 278 2600 είς
327 2537 641 2606 τελειότητα
693 2537 789 2590 καὶ
838 2536 1115 2589 υἱοθεσίαν
1163 2537 1315 2604 ἀγων
1346 2537 1436 2589 τὸν
1466 2537 1775 2607 ἄνθρωπον.

199 2648 219 2676 ι
253 2627 475 2680 Γίνεσθε
499 2628 630 2699 γάρ,
655 2630 845 2698 φησιν,
871 2627 1332 2698 οἱκτίρμονες,ὠς
1359 2629 1388 2680 6
1412 2628 1599 2699 Πατὴρ
1626 2628 1780 2697 ὑμῶν

190 2721 224 2772 6
244 2719 499 2790 οὐράνιος
529 2719 830 2790 οἰκτίρμων
863 2720 1032 2773 ἐστίν.
1062 2737 1081 2770 ι
1117 2720 1239 2788 Χρὴ
1263 2720 1444 2771 τοίνυν
1472 2720 1564 2770 τὸν
1592 2719 1777 2788 βουλό-

195 2829 364 2882 μενον
387 2811 650 2881 λαμπρὰν
672 2810 1045 2865 ἀναδύσασθαι
1069 2811 1252 2882 νίκην,
1276 2810 1352 2882 μὴ
1376 2811 1537 2880 μόνον
1562 2811 1778 2882 ὑϐριζόο

195 2921 365 2974 μενον
414 2904 508 2956 καὶ
552 2903 913 2974 ἀδικούμενον
958 2903 1148 2974 φέρειν
1189 2904 1484 2970 γενναίως,
1520 2902 1656 2958 ἀλλά
1683 2905 1777 2956 καὶ

193 2995 422 3048 πλείονα
453 2995 720 3065 παρέχειν
746 2995 826 3066 τῷ
853 2994 1153 3054 ἀδικοῦντι.
1183 2988 1260 3046 ὦν
1292 2993 1540 3063 βούλεται
1566 2993 1774 3046 λαϐεῖν’

192 3087 296 3141 καὶ
344 3087 469 3150 τοὺς
518 3087 682 3157 ὅρους
726 3086 828 3154 τῆς
867 3087 1109 3156 πονηρᾶς
1141 3084 1437 3153 ἐπιθυμίας
1464 3085 1678 3137 ἐκείνου
1707 3086 1775 3155 τῇ

189 3177 446 3247 δαψιλείᾳ
477 3177 576 3245 τῆς
607 3176 820 3238 οἰκείας
851 3175 1159 3248 ὑπερϐῆναι
1190 3175 1555 3243 φιλοτιμίας.»
1612 3175 1654 3226 0
1681 3173 1775 3226 θέ-

2292 1975 2503 2044 1217
2542 1973 2828 2029 IIOMILIA
2866 1973 3049 2029 CXVI.

1883 2091 2148 2162 Injuriam
2182 2092 2318 2160 ferto
2361 2093 2650 2172 patienter,
2674 2108 2747 2172 Iac
2780 2091 2978 2144 nunini
3028 2093 3246 2146 interim
3277 2095 3349 2149 sis
3372 2095 3459 2148 in-

2565 2177 2769 2230 Jurms.

1950 2270 2031 2324 Ne
2077 2269 2213 2339 quid
2265 2269 2482 2339 injuria:
2528 2268 2772 2338 cuipiam
2827 2270 3058 2336 inferas,
3095 2271 3181 2325 lex
3218 2273 3464 2341 praescri-

1879 2361 1963 2415 bit
1994 2371 2158 2415 vetus
2185 2379 2197 2415 :
2228 2369 2284 2414 et
2319 2377 2457 2414 nova
2492 2361 2767 2425 hortatur,
2801 2361 2950 2416 illata
2994 2371 3054 2416 ut
3091 2363 3240 2417 feras
3273 2380 3463 2434 aequa-

1881 2451 2131 2515 nimiter,
2176 2466 2276 2504 nec
2320 2451 2521 2514 solum,
2559 2451 2654 2504 scd
2696 2462 2752 2505 et
2785 2467 2905 2504 eam
2952 2461 3011 2505 ut
3053 2453 3299 2519 excipias
3335 2469 3462 2509 cum

1882 2545 2194 2614 gratiarum
2249 2545 2492 2597 actione.
2543 2543 2657 2597 lmo
2712 2545 2921 2608 verius,
2971 2545 3018 2599 is
3067 2545 3160 2614 qui
3207 2547 3342 2615 legis
3377 2556 3464 2601 est

1878 2637 2317 2697 consummat'or,
2357 2634 2425 2686 ad
2459 2635 2861 2703 perfectionem
2893 2645 3060 2705 atque
3105 2637 3461 2706 adoptionem

1881 2728 1935 2781 in
1971 2726 2137 2790 filios,
2164 2728 2421 2796 provehit
2469 2727 2772 2796 hominem,
2822 2729 3055 2784 dicens:
3095 2750 3112 2780 ι
3143 2729 3333 2784 Estote
3362 2729 3465 2783 Ini-

1878 2817 2209 2884 sericordes,
2259 2819 2406 2872 sicut
2443 2819 2607 2873 Pater
2650 2829 2834 2874 vester
2861 2820 3103 2875 cmlcstis
3145 2820 3464 2876 misericors

1876 2909 2046 2962 est".
2078 2930 2096 2959 ι
2136 2910 2382 2964 Necesse
2434 2909 2604 2978 igitur
2645 2911 2738 2974 sit,
2781 2918 2842 2964 ut
2872 2912 2966 2979 qui
3003 2911 3331 2966 ardentibus
3364 2928 3463 2967 vo—

1878 3001 1950 3054 tis
1991 3001 2172 3068 cupis,
2224 3001 2455 3055 obtenta
2507 3001 2755 3056 victoria:
2813 3003 3022 3065 laurea,
3063 3004 3363 3073 palmarem
3393 3020 3462 3059 ex

1878 3091 2039 3144 hoste
2068 3091 2281 3145 referre
2319 3108 2609 3160 coronam,
2635 3109 2748 3147 non
2782 3094 2960 3148 solum
3004 3104 3064 3148 ut
3093 3097 3461 3152 contumelias

1881 3180 2226 3249 injuriasque
2279 3197 2551 3250 generose
2604 3182 2873 3252 perferas,
2928 3184 3024 3238 sed
3078 3192 3137 3238 et
3190 3194 3252 3240 ut
3303 3196 3461 3256 optes

192 3272 303 3322 λων
335 3265 426 3321 οὖν
457 3269 712 3338 γενέσθαι
744 3267 991 3338 μαθητὴς
1019 3267 1116 3319 τοῦ
1143 3265 1386 3337 Χριστοῦ
1411 3306 1426 3329 ,
1483 3266 1551 3319 τά
1595 3265 1774 3335 μαθή-

1880 3275 2047 3328 etiam
2081 3275 2359 3329 atrociora
2405 3275 2684 3344 accipere,
2725 3291 2892 3344 quam
2931 3275 2980 3330 is
3019 3276 3263 3346 irrogare
3293 3278 3453 3345 velit,

194 3379 348 3431 ματα
406 3361 502 3413 τοῦ
559 3360 885 3414 διδασκάλου
953 3358 1292 3430 ἐμπράκτως
1348 3357 1771 3424 ἐναποδείξεται.

198 3467 215 3495 ι
255 3448 362 3510 Ὃς
411 3444 845 3515 λοιδορούμενος,
884 3446 1071 3514 φητὶν,
1105 3446 1206 3498 οὐκ
1238 3444 1632 3514 ἀντελοιδόρει,
1673 3444 1777 3497 πά-

192 3556 345 3608 σχων
382 3539 482 3590 οὐκ
511 3538 782 3606 ἡπείλει.»
835 3537 988 3588 Ἐπεὶ
1021 3535 1255 3589 ἀκοῦσαι
1283 3536 1415 3605 ἔχει·
1459 3554 1476 3586 ι
1508 3536 1573 3587 Τί
1602 3553 1668 3604 με
1692 3536 1777 3588 λέ-

188 3647 348 3696 γε.τε,
373 3629 568 3700 Κύριε,
601 3628 794 3698 Κύριε,
832 3628 927 3681 καὶ
954 3628 1015 3678 οὐ
1047 3629 1247 3680 ποιεῖτε
1275 3627 1311 3680 ἃ
1340 3626 1520 3694 λέγως
1551 3647 1569 3676 ο
1613 3625 1670 3678 ὐ
1693 3625 1777 3678 ὅν-

184 3738 304 3782 τως
338 3720 612 3790 μαθητὴς,
650 3720 797 3772 θέλει
826 3719 1156 3782 ἀδικεῖσθαι,
1192 3720 1286 3771 καὶ
1321 3719 1395 3788 μὴ
1421 3719 1648 3783 ἀδικεῖν,
1682 3720 1776 3770 καὶ

189 3811 284 3864 διὰ
310 3811 694 3874 ταπεινώσεως
721 3811 943 3881 νικῆσαι
973 3812 1100 3872 τοὺς
1122 3809 1442 3872 ἀδικοῦντας
1464 3811 1646 3874 αὑτὸν,
1683 3811 1776 3862 καὶ

193 3904 336 3972 πρὸς
386 3905 482 3966 τὰς
526 3904 696 3972 ὀργὰς
729 3903 906 3956 αὐτῶν
939 3902 1120 3972 πραῢς
1148 3897 1309 3958 εἶναι.
1350 3903 1494 3972 Πρὸς
1519 3901 1579 3954 τὸ
1606 3919 1773 3972 μεγα-

191 3993 478 4064 λορῤἧμον
524 3995 742 4060 αὐτῶν,
797 3993 1217 4061 ταπεινόφρων,
1276 3992 1413 4063 πρὸς
1457 3994 1517 4044 τὸ
1560 3992 1772 4062 ἄγριον,

189 4086 403 4156 ἥμερος
432 4101 446 4115 ο
504 4084 597 4138 καὶ
630 4084 705 4154 μὴ
736 4083 1058 4154 ὁμοιοῦσθαι
1090 4084 1278 4145 αὐτοῖς
1308 4084 1365 4134 ἐν
1395 4082 1605 4152 μηδενὶ,
1639 4083 1772 4136 ἀλλὰ

188 4181 258 4248 τῇ
307 4179 602 4247 ἐπιεικείᾳ,
647 4177 724 4241 ὡς
775 4175 1019 4247 μιμητὴς
1062 4174 1156 4229 τοῦ
1192 4175 1419 4246 Κυρίου,
1458 4174 1773 4238 σπουδάζων

193 4269 398 4339 μᾶλλον
429 4268 780 4337 ἀδικηθῆναι,
817 4269 961 4337 ἢπερ
989 4266 1248 4335 ἀδικῆσαί
1276 4283 1419 4319 τινα.
1475 4265 1651 4317 Καλὸν
1679 4261 1774 4318 οὖν

190 4363 349 4413 ἐστιν
399 4359 501 4430 τὴν
548 4358 670 4428 βίαν
703 4358 891 4429 φέρειν
923 4357 1034 4409 τῶν
1063 4356 1330 4408 θελόντων
1364 4357 1514 4424 ἡμᾶς
1543 4356 1770 4418 ἀδικεῖν,

189 4451 289 4504 καὶ
318 4448 580 4518 εὔχεσθαι
615 4447 757 4516 ὑπὲρ
783 4446 995 4511 αὐτῶν,
1050 4445 1138 4497 ἵνα
1183 4444 1272 4496 διά
1301 4443 1589 4512 μετανοίας
1614 4443 1774 4512 ⁴ἡμῶν

189 4541 290 4595 καὶ
340 4541 429 4594 διὰ
464 4543 564 4611 τῆς
599 4538 1032 4602 ἀνταποδόσεως,
1066 4529 1144 4588 ὧν
1173 4536 1268 4603 ἀφ’
1296 4534 1455 4604 ἡμῶν
1485 4533 1767 4603 ἥρπασαν,

1876 3381 1941 3418 ac
1972 3365 2322 3418 liberalitatis
2357 3364 2721 3418 exuberantia
2766 3366 3091 3434 supergredi
3123 3367 3330 3421 limites
3352 3367 3460 3420 im-

1876 3453 2178 3523 prohanda:
2206 3453 2682 3520 concupiscentia
2713 3455 2954 3523 raptoris
2988 3454 3462 3521 illius.QuiChri-

1875 3543 1946 3596 sti
1986 3544 2105 3595 vult
2151 3558 2274 3595 esse
2319 3542 2648 3611 discipulus,
2686 3543 2771 3596 sui
2806 3542 3139 3597 documenta
3187 3545 3456 3609 doctoris,

1875 3649 2042 3702 opere
2082 3633 2290 3687 eliicaei
2330 3635 2629 3700 esprimct,
2661 3634 2757 3702 qui
2796 3633 2973 3688 iCum
3031 3635 3458 3692 malediceretur

1877 3725 2042 3795 (teste
2092 3725 2451 3793 Pctro),‘non
2496 3726 2949 3789 remaledicebat,
2978 3742 3103 3781 cum
3147 3737 3454 3796 pateretur,

1876 3827 1987 3865 non
2028 3813 2561 3866 comminabatur".
2595 3833 2612 3864 ι
2647 3815 2863 3883 Alioqui
2899 3816 3024 3885 jure
3074 3816 3119 3870 is
3168 3832 3456 3886 promere-

1878 3902 2030 3955 hitur
2070 3903 2266 3957 audire
2296 3922 2307 3955 :
2340 3923 2356 3953 ι
2381 3904 2526 3969 Quid
2572 3921 2658 3958 me
2705 3905 2914 3970 dicitis,
2971 3907 3228 3974 Domine,
3253 3921 3310 3962 et
3341 3925 3454 3963 non

1875 3990 2056 4045 facitis
2110 4009 2232 4062 qua:
2286 3994 2414 4047 dico
2442 3995 2487 4025 θ’
2531 4014 2542 4048 :
2597 4015 2614 4046 ι
2678 3995 2780 4061 Qui
2845 4012 2955 4049 non
3003 3996 3187 4052 fucate
3237 3998 3457 4053 Domini

1872 4090 1957 4135 est
2013 4081 2344 4152 discipulus,
2409 4087 2659 4140 exerceri
2711 4088 2829 4140 vult
2876 4088 3168 4142 tolerantia
3224 4090 3460 4158 injuria-

1876 4189 2021 4237 rum,
2051 4191 2162 4229 non
2205 4175 2334 4230 item
2376 4177 2432 4231 in
2475 4179 2615 4233 alios
2642 4194 2763 4233 esse
2808 4180 3046 4249 injurius
3073 4199 3085 4234 :
3114 4197 3321 4251 perque
3353 4182 3458 4237 hu-

1874 4267 2170 4320 militatem
2202 4269 2429 4323 vincere
2461 4271 2516 4325 in
2557 4286 2616 4326 se
2658 4271 2894 4342 injurios
2927 4291 2946 4345 ;¹
2972 4273 3239 4327 adversus
3278 4274 3457 4343 impo~

1875 4365 2084 4412 tentem
2126 4359 2350 4413 illorum
2394 4361 2556 4421 iram.
2604 4364 3033 4420 mansuetudine
3085 4373 3296 4419 utetur.
3343 4365 3456 4420 Ad-

1875 4465 2068 4503 versus
2113 4451 2308 4504 talium
2369 4453 2780 4522 magniloquam
2830 4455 3279 4521 ostentationem,
3329 4473 3454 4511 mo-

1873 4540 2068 4594 destus
2100 4542 2232 4607 erit,
2268 4543 2410 4596 nihil
2453 4545 2560 4597 sibi
2595 4546 2876 4614 magnifice
2922 4563 3209 4617 arrogans.
3242 4548 3452 4605 Contra

187 4631 536 4686 ἀπολυθῶσιν
565 4629 660 4682 τοῦ
690 4629 1038 4697 ἐγκλήματος
1065 4628 1166 4698 τῆς
1193 4626 1510 4692 πλεονεξίας
1538 4643 1553 4657 ⁸
1610 4625 1770 4680 τοῦτο

1877 4630 2162 4685 cchratam
2194 4641 2251 4686 et
2278 4644 2551 4704 agrestem
2597 4636 2880 4700 ferociam,
2909 4639 3158 4707 placidus
3185 4655 3250 4694 ac
3288 4640 3449 4707 lenis,

188 4725 303 4791 γὰρ
332 4721 395 4773 τὸ
419 4720 633 4790 θέλημα
659 4717 794 4771 Θεοῦ
822 4719 991 4779 ἐστιν,
1019 4716 1108 4769 ἵνα
1133 4716 1224 4769 τὸν
1249 4714 1583 4783 πλεονέκτην
1606 4713 1769 4765 αὐτὸν

188 4809 573 4879 κερδήσωμεν,
609 4808 731 4877 οὐχὶ
758 4807 818 4859 τὸ
851 4803 1267 4874 πλεονεκτηθὲν.
1305 4804 1414 4856 Καὶ
1440 4804 1548 4873 γὰρ
1573 4801 1771 4869 ἐκφεύ-

187 4919 277 4969 γει
310 4901 592 4971 ἁμαρτίας
626 4903 654 4952 6
688 4899 840 4969 π]ρά
864 4895 1172 4967 ἀνθρώπων
1201 4894 1557 4964 ἀδικούμενος
1577 4934 1592 4955 ,
1633 4893 1770 4947 ἀλλὰ

1872 4720 2013 4774 adeo
2055 4731 2116 4776 ut
2160 4724 2313 4777 nulla
2361 4725 2416 4778 in
2460 4742 2516 4778 re
2563 4726 2683 4781 istis
2721 4727 2983 4783 assimilis
3033 4731 3211 4798 possit
3244 4731 3447 4787 videri.

1872 4811 2021 4866 Talis
2048 4828 2151 4882 pro
2182 4814 2331 4869 virili
2366 4818 2668 4871 contendet
2705 4819 2975 4888 irrogatas
3001 4822 3254 4890 injurias.
3289 4839 3451 4892 τεῳιο

1870 4901 2058 4955 animo
2088 4910 2149 4955 ut
2179 4902 2322 4958 ferat
2348 4906 2534 4974 potius
2557 4922 2721 4975 quam
2748 4916 2809 4960 ut
2832 4907 2886 4961 in
2919 4910 3236 4978 quempiam
3261 4911 3330 4965 sit
3361 4912 3449 4966 in-

188 4993 286 5046 xci.
334 4992 528 5060 ὁμοίαν
574 4993 675 5059 τῆς
709 4990 944 5058 θλίψεως
974 4988 1200 5058 εὑρήσει
1230 4985 1540 5054 ἀντίληψιν.
1577 4984 1636 5038 '0
1669 5002 1768 5054 με-

1877 4991 2068 5060 iurius.
2118 4993 2332 5063 itaque,
2359 4996 2513 5066 juxta
2541 4997 2875 5051 sententiam
2901 5001 3268 5068 superiorem,
3304 5017 3449 5071 prte-

188 5082 412 5155 τασχὼν
441 5083 697 5151 γνώσεως
730 5081 892 5148 ἀγίας
922 5081 1018 5132 καὶ
1041 5077 1378 5149 γλυκύτητος
1405 5076 1541 5130 Θεοῦ
1565 5079 1766 5145 γευσά-

191 5191 377 5245 μενος,
417 5172 539 5226 οὔτε
571 5171 813 5235 δικάζειν
843 5170 1050 5238 ὀφείλει
1077 5170 1231 5231 πότε,
1264 5167 1386 5221 οὕτε
1415 5169 1572 5238 δίκην
1597 5171 1766 5220 κινεῖν

186 5267 330 5329 ὅλως
361 5265 497 5334 πρός
524 5281 668 5326 τινα,
703 5264 807 5315 κᾶν
841 5262 980 5314 αύτά
1013 5260 1286 5332 ἀφερῆταί
1310 5276 1395 5321 τις
1424 5257 1568 5327 ἅπερ
1596 5259 1766 5328 ἠμφί-

187 5370 375 5410 ασται.
417 5352 573 5406 Ἐπεὶ
625 5354 752 5405 ποία
784 5349 1018 5421 διαφορά
1042 5348 1150 5402 τῶν
1175 5348 1458 5417 τροφίμων
1487 5347 1579 5400 τοῦ
1605 5347 1764 5411 Θεοῦ,

1870 5082 2102 5146 stiterit,
2139 5084 2333 5138 talium
2379 5087 2679 5140 violentam
2725 5087 3150 5158 impressionem
3190 5093 3448 5161 excipere

1871 5171 2163 5240 patientia,
2207 5190 2416 5243 proque
2464 5175 2670 5231 talibus
2702 5177 2993 5234 eﬂ‘undere
3017 5195 3230 5248 preces,
3258 5189 3318 5234 ut
3348 5197 3446 5251 per

1873 5263 2260 5330 pmnitentiam
2303 5264 2370 5318 ad
2417 5266 2714 5321 Dominum
2754 5285 2812 5324 se
2849 5271 3138 5340 recipiant,
3172 5289 3283 5328 non
3316 5276 3445 5334 item

1873 5360 1935 5406 ut
1966 5363 2199 5422 pereant
2241 5356 2591 5412 rctaliatione
2629 5371 2869 5430 acceptae
2890 5362 3126 5433 injuriae,
3151 5364 3284 5420 dum
3317 5382 3443 5421 cum

257 5485 309 5560 '_‘
337 5483 441 5538 lsa.
469 5498 610 5560 1.1!],
638 5482 748 5560 2.__
768 5482 813 5560 '_‘
827 5482 950 5560 liae.
978 5498 1016 5543 ι,
1046 5481 1177 5560 21.-
1211 5482 1257 5510 ⁸⁸
1278 5479 1432 5560 _f_‘s_al.
1463 5477 1721 5560 exuunt}.
1766 5479 1809 5510 "
1847 5482 1989 5536 Psal.
2023 5501 2167 5551 xxiv,
2197 5488 2250 5542 9.
2291 5488 2338 5521 ⁸⁸
2355 5488 2502 5545 Psal.
2532 5507 2662 5558 xvn,
2691 5490 2783 5547 28.
2822 5492 2869 5525 ³³
2900 5493 3089 5550 Matth.
3128 5512 3198 5560 xl,
3230 5496 3320 5560 29,
3351 5495 3443 5553 30.

186 5553 237 5586 ὀ
271 5552 406 5608 Luc.
437 5568 514 5619 vt,
541 5553 630 5607 36.
707 5552 750 5584 "
784 5552 976 5607 lPetr.
1011 5567 1072 5616 ιι,
1111 5550 1199 5604 25.
1278 5552 1322 5580 ”
1352 5549 1483 5603 Luc.
1510 5564 1581 5609 vr,
1613 5548 1701 5602 46.

1714 5660 1947 5717 NOTAE.

259 5761 341 5823 (ll
368 5758 502 5817 Vide
539 5757 707 5815 Arist.
754 5772 802 5811 ιι
851 5757 923 5812 De
950 5758 1070 5813 hist.
1111 5757 1456 5820 animalium;
1486 5754 1763 5810 .IElianum
1805 5756 1958 5823 item,
1983 5769 2037 5814 et
2065 5761 2327 5832 Plinium,
2357 5765 2457 5820 lib.
2489 5781 2562 5835 Ix,
2604 5784 2654 5822 c.
2688 5770 2741 5822 8.
