4178 6424
772 393 908 459 1795

2040 394 2395 453 ΛΝΤΙΜΣΠΙ
2446 393 2781 451 .‘dUNAtIlH

3897 399 4030 463 1796

768 507 851 559 eis
893 502 1311 572 expostulamus
1370 502 1441 554 ob
1508 516 1570 555 ea
1617 517 1738 570 quae
1790 515 1885 570 per
1927 501 2341 553 immoderatam

2453 502 2543 550 καὶ
2587 501 2696 551 τῶν
2728 499 2821 551 τοῦ
2854 502 3049 563 allium;
3076 504 3270 556 τούτου
3303 504 3651 575 ἀνθρώπων;
3697 511 3757 558 ’1)
3791 512 3894 578 μὲν
3923 515 4031 583 γὰρ

768 594 1130 662 cupiditatem
1174 601 1528 645 extorserunt
1551 607 1579 643 a
1611 590 1791 644 nobis.
1831 592 1997 645 Plane
2028 607 2091 643 ea
2135 601 2218 643 est
2252 592 2341 643 Dei

768 686 1025 738 voluntas
1071 694 1132 736 ut
1171 684 1452 737 lucremur
1486 683 1665 750 ipsum
1700 683 1776 735 rei
1821 693 2025 735 nostra:
2052 691 2347 749 occupato-

770 794 908 837 rem,
942 791 1050 828 non
1098 790 1211 827 rem
1258 772 1452 826 fraude
1497 781 1840 840 occupatam.
1886 774 2101 826 Etenim
2136 772 2229 841 qui
2267 772 2347 824 sic

770 868 1055 921 hominum
1095 867 1435 933 malignitate
1481 866 1737 928 aﬂieitur,
1780 866 1919 918 vitat
1967 876 2213 934 peccata.
2248 864 2344 917 sed

769 971 825 1013 et
875 962 929 1014 in
977 961 1335 1015 trilmlatioue
1368 958 1506 1011 nihil
1554 957 1833 1028 disparem
1872 959 2207 1011 naueiseitur
2237 958 2343 1010 llo-

773 1053 925 1105 mino
968 1059 1326 1105 succurrente
1355 1049 1758 1103 defensionem.
1793 1048 1894 1113 Qui
1926 1049 2202 1117 panicvps
2225 1049 2344 1101 elli-

772 1141 918 1192 eitur
957 1148 1160 1192 saneta:
1190 1138 1549 1207 cognitionis,
1603 1140 1835 1205 plusque
1886 1138 2136 1190 melleam
2177 1138 2347 1207 degu-

772 1232 935 1284 starit
962 1230 1337 1291 dulcedinem,
1366 1244 1471 1281 non
1515 1228 1681 1279 debet
1718 1228 1765 1280 is
1791 1228 2089 1296 aliquando
2113 1229 2179 1281 de
2210 1245 2348 1298 quo-

770 1341 933 1393 quam
986 1324 1315 1377 sententiam
1361 1322 1528 1381 ferre,
1569 1330 1664 1373 aut
1714 1321 1987 1373 actionem
2056 1321 2346 1374 irtendere

774 1420 868 1471 ulli
916 1419 1222 1471 hominum.
1261 1415 1475 1467 tametsi
1520 1424 1644 1480 toga
1700 1424 1793 1466 aut
1840 1414 2006 1483 pallio
2054 1416 2343 1482 spolietur.

772 1512 943 1574 Quam
976 1509 1123 1561 enim
1166 1509 1404 1560 immane
1444 1515 1528 1559 est.
1562 1507 1883 1565 discrimen,
1915 1523 2024 1574 quo
2056 1507 2199 1559 inter
2225 1522 2346 1562 sese

772 1602 1044 1653 dissident
1082 1610 1138 1652 ct
1178 1599 1269 1652 Dei
1307 1607 1359 1650 et
1408 1598 1591 1651 smculi
1636 1597 1798 1649 istius
1841 1596 2092 1649 alumni?
2122 1596 2345 1650 Maudat

772 1696 855 1747 lex
894 1710 906 1744 :
942 1693 1097 1745 «Non
1146 1691 1311 1743 facies
1349 1690 1605 1756 injuriam
1629 1688 1879 1756 proximo
1907 1688 2151 1741 tuo”'”.
2178 1708 2195 1739 ι
2235 1689 2340 1743 Et:

779 1800 795 1831 ι
822 1782 937 1834 Non
986 1780 1222 1833 dormiet
1278 1794 1487 1831 merces
1534 1776 1856 1830 mercenarii
1896 1776 2039 1845 apud
2080 1778 2182 1831 te‘.
2222 1776 2340 1830 Non

774 1873 1075 1927 maledicos
1112 1871 1301 1933 surdo,
1336 1880 1393 1923 et
1422 1885 1606 1922 coram
1642 1884 1788 1922 emco
1821 1883 1929 1920 non
1968 1882 2140 1936 pones
2163 1867 2340 1921 oll‘en-

772 1966 1077 2018 diculum’.
1111 1982 1127 2013 ι
1168 1963 1551 2016 Parouuiastes
1582 1976 1595 2012 :
1631 1980 1648 2010 ι
1670 1962 1787 2014 Non
1818 1960 1986 2013 facias
2024 1960 2341 2012 violentiam

774 2054 1021 2123 pauperi,
1054 2068 1263 2121 pauper
1290 2052 1437 2105 enim
1478 2059 1583 2110 est,
1620 2066 1800 2117 neque
1843 2050 2143 2102 inbonores
2191 2050 2347 2102 iulir-

773 2159 919 2195 unum
966 2143 1019 2195 iu
1074 2140 1597 2205 portiszDominus
1666 2141 1813 2192 enim
1867 2139 2138 2209 judicabit
2192 2138 2343 2207 judi-

770 2232 988 2285 cium."
1016 2251 1033 2283 ι
1080 2232 1294 2301 1218
1312 2233 1377 2284 Et
1406 2232 1519 2284 lure
1562 2231 1784 2299 quidem
1819 2241 1979 2283 vetus
2026 2230 2116 2282 illa
2145 2230 2252 2293 lex,
2282 2237 2343 2282 ut

771 2340 891 2392 quae
927 2323 1248 2391 imperfecta
1285 2331 1426 2383 erat,
1462 2338 1585 2376 eum
1640 2321 1884 2375 nondum
1919 2321 2123 2375 adultis
2153 2330 2209 2375 et
2238 2337 2343 2389 pu-

769 2415 1021 2469 siouibus
1052 2413 1118 2466 ad
1148 2429 1273 2467 eum
1310 2413 1531 2466 modum
1575 2413 1795 2467 texebat
1827 2427 2152 2477 sermones;
2182 2411 2343 2466 Chri-

770 2507 840 2561 sti
891 2518 1073 2560 autem
1126 2506 1209 2559 lex
1261 2506 1503 2575 perlecta
1551 2520 1675 2557 cum
1732 2505 1824 2567 sit,
1862 2502 2121 2573 perleetis
2146 2504 2257 2573 jam
2288 2514 2345 2557 et

770 2596 864 2665 qui
902 2596 1197 2665 participes
1245 2595 1371 2649 facti
1426 2603 1554 2648 sunt
1603 2594 1763 2648 solidi
1794 2594 1925 2656 cibi,
1959 2610 2055 2647 sua
2087 2594 2343 2663 prmscri-

771 2688 854 2741 bit
886 2688 1159 2741 mandata.
1206 2687 1297 2741 Ait
1334 2687 1482 2740 enim
1529 2687 1835 2739 Dominus:
1874 2685 2077 2739 «Orate
2123 2701 2222 2754 pro
2253 2702 2343 2739 ea-

771 2778 1173 2831 lumuiautibus
1199 2792 1295 2830 vos
1330 2785 1387 2830 et
1423 2776 1883 2843 persequentibus
1907 2776 1945 2828 ³.
1976 2795 1991 2825 ι
2026 2776 2138 2829 lloe
2159 2776 2345 2845 exple-

772 2877 974 2923 verunt
1010 2877 1343 2937 praeceptum
1388 2866 1548 2918 initio
1580 2865 1705 2919 tidci
1745 2867 2090 2920 coruscantis
2115 2867 2191 2920 illi
2221 2882 2343 2935 ger-

773 2973 932 3011 mane
982 2956 1186 3010 Cbristi
1245 2956 1524 3025 discipuli,
1580 2955 1894 3024 Stephanus
1945 2967 1999 3011 et
2041 2958 2337 3011 Jacobus".

773 3048 865 3101 Ille
898 3048 1120 3116 quidem
1157 3049 1495 3101 creberrimo
1531 3050 1777 3117 lapidum
1820 3052 1967 3119 jactu
2014 3048 2338 3112 adobrulus,

2450 588 2612 654 νόμος
2640 588 2971 641 ἐντέλλεται·
3011 608 3026 638 ι
3059 591 3171 642 υῦκ
3197 592 3482 660 ἀδικήσεις
3505 596 3596 645 τὸν
3621 596 3852 663 πλησίον
3876 614 3991 650 σου.
4010 620 4027 650 ι

2451 677 2576 727 Καί·
2614 697 2630 725 ι
2660 679 2735 729 υὺ
2762 677 3155 747 κοιμηθήσεται
3183 682 3211 730 6
3239 681 3428 748 μισθὸς
3455 681 3549 733 τοῦ
3574 685 3853 751 μισθωτοῦ
3881 690 4033 754 παρα

2450 768 2550 820 σοί.
2610 769 2684 819 Οὔ
2738 771 2922 831 κακῶς
2974 772 3118 839 ὲρείς
3166 772 3364 840 κωφῷ,
3402 774 3497 825 καὶ⁵
3530 775 3792 828 ἀπέναντι
3826 778 4031 843 τυφλοῦ

2447 860 2509 911 οὑ
2547 858 2734 928 θήσεις
2771 861 3124 913 σκάνδαλον.»
3182 862 3290 912 Καὶ
3323 864 3351 914 6
3379 864 3805 934 ΙΙαροιμιαστης
3829 883 3843 894 ·
3892 888 3910 915 ι
3942 868 4031 934 Μὴ

2448 950 2746 1014 ἀποδιάζον
2775 953 3014 1020 πένητα,
3053 953 3266 1021 πτωχὸς
3293 954 3404 1023 γάρ
3435 956 3582 1006 ἐστιν
3602 972 3614 985 ·
3662 957 3801 1024 μηδὲ
3831 958 4032 1026 ἀτιμα-

2450 1057 2547 1113 σῃς
2577 1043 2778 1110 ἀσθενῆ
2810 1044 2867 1095 ὲν
2900 1043 3097 1106 πύλαις
3129 1061 3143 1073 ·
3192 1048 3220 1097 6
3259 1046 3368 1115 γαρ
3400 1047 3605 1113 Κύριος
3638 1051 3821 1117 κρινεῖ
3850 1048 4031 1100 αὐτῶν

2448 1137 2547 1201 τὴν
2580 1135 2780 1204 κρίσιν.
2823 1137 2931 1188 Kal.
2970 1135 3144 1189 ταῦτα
3180 1137 3280 1206 μὲν
3312 1141 3340 1190 6
3372 1138 3643 1203 παλαιὸς,
3696 1142 3795 1192 ἅτε
3837 1141 3904 1209 δὴ
3953 1142 4029 1201 ὡς

2449 1229 2608 1295 ἀτελῆ
2661 1228 2875 1296 νηπίοις
2920 1227 3210 1294 διελέγετο.
3262 1229 3319 1279 ὐ
3350 1229 3407 1280 δὲ
3440 1230 3535 1281 τοῦ
3567 1230 3808 1300 Χριστοῦ
3840 1233 4029 1301 νόμος,

2448 1319 2649 1380 τέλειος
2680 1318 2754 1368 ὢν
2780 1359 2792 1377 ,
2844 1322 2957 1380 τοῖς
3001 1317 3230 1381 τελείοις
3258 1321 3358 1389 τῆς
3383 1321 3593 1383 τελείας
3644 1324 3857 1391 τροφῆς
3896 1342 4027 1392 μετ·

2456 1410 2676 1476 ἔχουσιν
2704 1408 3076 1461 διατάσσεται.
3108 1410 3277 1477 Φησὶν
3300 1415 3410 1480 γὰρ
3426 1412 3453 1461 6
3476 1412 3680 1480 Κύριος
3699 1428 3715 1441 ·
3738 1431 3755 1462 ι
3787 1412 4029 1482 Εῦχεσθε

2447 1499 2587 1567 ὑπὲρ
2638 1500 2747 1551 τῶν
2792 1501 3099 1553 διωκόντων
3144 1502 3290 1569 ὑμᾶς
3358 1503 3450 1552 καὶ
3499 1503 3947 1571 ἐπηρεαζόντων.
4007 1525 4024 1555 ι

2446 1591 2663 1659 Ταύτην
2696 1591 2793 1661 τὴν
2819 1591 3038 1661 ἐντολὴν
3073 1591 3275 1654 εὐθέως
3299 1593 3667 1661 ἐκπληροῦσιν
3696 1597 3748 1646 οἱ
3778 1595 4030 1665 ἀληθινοὶ

2449 1680 2691 1749 μαθηταὶ
2719 1681 2813 1734 τοῦ
2843 1680 3104 1753 Χριστοῦ,
3142 1682 3415 1751 Στέφανος
3451 1684 3547 1735 καὶ
3584 1685 3849 1747 Ίάκωόος
3871 1704 3886 1716 ·
3936 1689 4031 1738 καὶ

2445 1776 2471 1825 6
2498 1774 2598 1841 μὲν
2622 1774 3000 1844 λιθαζόμενος,
3024 1778 3051 1828 6
3077 1778 3132 1828 δὲ
3159 1778 3623 1849 κρημνιζόμενος,
3648 1778 4031 1848 προσηύχοντο

2447 1866 2586 1936 ὑπὲρ
2631 1866 2743 1918 τῶν
2784 1868 3158 1935 ἀναιρούντων
3197 1869 3418 1932 αὑτούς.
3472 1871 3645 1938 ψησὶν
3674 1870 3731 1922 δὲ
3765 1871 3862 1923 καὶ
3899 1870 4029 1936 περὶ

2458 1958 2713 2009 Ἰακώϐου
2737 1959 2828 2010 τοῦ
2851 1958 3083 2026 ἀδελφοῦ
3102 1960 3471 2023 ’1ωάννου,ὄτι
3490 1960 3614 2013 ἰδὼν
3638 1962 3804 2014 αὑτὸν
3828 1964 4029 2028 ἀπαγό-

2448 2066 2607 2116 μενον
2660 2048 2754 2119 τὴν
2799 2052 2890 2102 ἐπὶ
2930 2050 3185 2114 θάνατον,
3236 2052 3264 2103 6
3307 2054 3699 2120 κατηγορήσας
3726 2051 3897 2103 αὑτὸν
3930 2070 4029 2119 με-

2444 2141 2793 2211 ταμεληθεὶς,
2829 2142 3173 2211 προσέπεσεν
3205 2142 3376 2210 αὐτῷ,
3409 2142 3619 2208 λέγων·
3658 2142 4030 2210 Συγχώρησδν

2447 2247 2558 2297 μοι.
2601 2231 2659 2279 ’(1
2689 2230 2743 2281 δὲ
2802 2227 3044 2298 ἐπισχὼν
3075 2231 3291 2298 μικρδν,
3324 2226 3510 2282 εἶπεν·
3549 2231 3752 2301 Εἰρήνη
3791 2248 3896 2282 σοι·
3936 2233 4029 2283 καὶ

2444 2321 2811 2389 κατεφίλησεν
2864 2320 3051 2373 αὑτόν.
3114 2321 3173 2369 ὐ
3224 2320 3281 2372 δὲ
3333 2322 3536 2384 εὐθέως
3598 2325 3751 2391 φωνῇ
3812 2324 4029 2392 μεγάλῃ

2445 2411 2769 2479 Χριστιανὸν
2796 2410 2986 2462 ἑαυτὸν
3008 2411 3399 2479 ἀνηγόρευσεν.
3425 2412 3534 2463 Kal.
3556 2414 4028 2482 συγκατακριθεὶς

2442 2497 2521 2568 τῷ
2563 2497 2759 2549 ἑαυτοῦ
2808 2498 3271 2567 κατηγορηθέντι,
3327 2498 3424 2551 σὺν
3451 2498 3602 2569 αὑτῷ
3634 2501 3729 2552 τοῦ
3760 2500 4024 2570 βραδείου

2444 2589 2541 2657 τῆς
2590 2589 2701 2641 ἄνω
2747 2588 2999 2657 κλήσεως
3042 2589 3253 2657 ἔτυχεν.
3310 2590 3480 2659 Φησὶν
3510 2589 3565 2641 δὲ
3603 2592 3694 2643 καὶ
3724 2594 3752 2642 6
3785 2591 4022 2660 Πέτρος·

2450 2700 2467 2727 ι
2512 2682 2668 2733 Ποῖον
2706 2680 2859 2743 κλέος
2909 2682 2959 2732 οἱ
3005 2682 3415 2752 ἁμαρτάνοντες
3466 2684 3559 2735 καὶ
3600 2684 4026 2752 κολαφιζόμενοι

2447 2772 2803 2841 ὑπομενεῖτε;
2860 2772 2976 2824 ἀλλ’
3012 2774 3060 2824 εἰ
3094 2772 3555 2838 ἀγαθοποιοῦντες
3592 2776 3687 2826 καὶ
3717 2776 4027 2843 πάσχοντες

2445 2863 2765 2931 ὑπομενεῖτε
2788 2904 2800 2927 ,
2858 2863 2945 2915 ἴνα
2990 2863 3047 2915 ἐν
3075 2856 3119 2930 ᾧ
3157 2863 3541 2917 γαταλαλῶσιν
3567 2866 3723 2934 ὑμῶν
3750 2866 3833 2929 ὡς
3859 2886 4023 2920 κακοο

2445 2954 2613 3004 ποιῶν
2634 2952 3106 3022 καταισχυνθῶσιν
3125 2954 3175 3006 οἱ
3192 2955 3595 3024 έπηρεάζοιτες
3612 2957 3712 3026 τὴν
3731 2958 3791 3008 ἐν
3805 2959 3846 3009 Χ
3859 2959 4027 3028 ριστῷ

2445 3043 2615 3112 ἁγνὴν
2647 3043 2997 3112 ἀναστροφὴν
3025 3042 3237 3111 ὑμῶν.»
3277 3044 3387 3095 Καὶ
3419 3046 3644 3111 ἐπάγει·
3686 3064 3703 3093 ι
3732 3043 3888 3097 Οἶδεν
3918 3047 4024 3097 Κύ-

774 3140 859 3193 bic
899 3155 1047 3201 vero,
1076 3140 1381 3209 prmcipitio
1409 3140 1645 3193 traditus
1672 3141 1817 3202 neci,
1844 3150 2073 3210 uterque
2100 3156 2199 3209 pro
2225 3141 2341 3194 suis

2448 3152 2561 3205 ριος
2610 3135 2853 3199 εὐσεϐεῖς
2904 3137 2969 3187 ὲκ
3012 3136 3335 3205 πειρασμῶν
3367 3137 3668 3207 ῥύσασθαι,
3712 3139 3935 3202 ἀδίκους
3968 3141 4022 3191 δὲ

774 3229 1225 3283 interfectoribus
1302 3247 1495 3301 preces
1554 3232 1750 3285 fudit'.
1804 3234 1876 3286 De
1928 3234 2135 3287 Jacobo
2190 3234 2337 3286 enim

769 3319 1001 3371 Joannis
1052 3318 1221 3373 fratre
1278 3320 1555 3373 memoria:
1611 3321 1890 3389 proditum
1948 3331 2054 3383 est,
2106 3323 2249 3390 quod
2295 3323 2341 3375 is

770 3411 928 3480 cujus
964 3410 1229 3463 dilatione
1284 3410 1464 3464 funerat
1506 3412 1892 3475 deunutiatus,
1942 3429 2066 3466 eum
2113 3413 2341 3467 vidisset

768 3500 1036 3553 Jacobum
1078 3500 1192 3569 rapi
1234 3501 1300 3555 ad
1340 3509 1598 3566 mortem,
1632 3502 1837 3556 ductus
1871 3504 2217 3573 poenitentia,
2248 3519 2341 3573 pe-

769 3592 934 3644 dibus
964 3592 1201 3660 procidit
1228 3592 1398 3656 beali,
1428 3593 1621 3647 dicens
1648 3612 1659 3646 :
1689 3594 1915 3664 lndulge
1948 3595 2103 3647 mihi.
2141 3595 2340 3648 Beatus

770 3694 901 3731 vero
932 3679 1275 3748 aliquautmu
1313 3681 1543 3735 morula:
1573 3682 1848 3746 restitans,
1875 3682 2161 3751 respondit.
2190 3702 2202 3734 :
2230 3684 2338 3737 Pax

770 3771 907 3834 tibi;
950 3771 1056 3823 hoc
1090 3769 1261 3832 dicto,
1292 3771 1347 3823 in
1402 3769 1553 3824 illius
1586 3772 1871 3841 amplexus
1904 3774 2015 3825 ruit
2046 3782 2100 3827 et
2129 3773 2335 3826 oscula.

767 3862 838 3915 Λι
870 3861 961 3914 ille
1006 3878 1138 3916 voce
1184 3872 1368 3915 exerta
1414 3862 1789 3917 Christianum
1824 3880 1880 3917 se
1912 3881 2032 3919 esse
2058 3866 2339 3934 professus

765 3957 875 4012 cst,
932 3951 1095 4018 eique
1160 3962 1559 4007 auumucratus
1596 3962 1702 4015 est,
1735 3969 1897 4022 quem
1944 3954 2242 4017 incusarat,
2282 3966 2338 4008 et

768 4039 1016 4092 bravium
1073 4055 1198 4092 cum
1251 4040 1343 4093 illo
1388 4052 1674 4096 assecutus
1713 4058 1964 4112 superna:
2012 4044 2333 4099 vocationis.

767 4128 857 4181 Ait
885 4137 1067 4181 autem
1103 4139 1158 4182 et
1186 4128 1387 4184 Petrus
1416 4147 1429 4183 :
1464 4149 1481 4181 ι
1510 4130 1642 4197 Qua:
1671 4133 1817 4185 enim
1846 4134 2015 4203 gloria
2060 4135 2103 4187 si
2146 4150 2337 4203 pecca-

768 4218 857 4279 tis,
886 4227 937 4271 et
988 4217 1321 4287 eolapbizati
1372 4219 1654 4274 sutl‘crtis?
1701 4220 1807 4276 Sed
1855 4224 1899 4277 si
1934 4224 2337 4280 benefacientes

764 4312 1037 4377 patienter
1078 4312 1388 4376 sustinetis,
1440 4312 1557 4367 lucc
1600 4322 1684 4367 est
1729 4316 1900 4384 gratia
1948 4316 2091 4384 apud
2127 4317 2331 4379 Deum;

765 4410 825 4455 ut
872 4402 924 4454 iu
974 4417 1040 4455 eo
1084 4403 1231 4470 quod
1294 4403 1611 4457 detractant
1640 4404 1707 4459 de
1753 4407 1912 4461 vobis
1960 4418 2217 4477 tanquam
2266 4409 2333 4461 de

2440 3229 2519 3288 είς
2569 3226 2784 3296 ἡμέραν
2835 3227 3071 3295 κρίσεως
3130 3226 3533 3296 κολαζομένους
3579 3231 3793 3297 τηρεῖν.
3837 3249 3855 3280 ι
3917 3230 4024 3281 Kal.

2439 3320 2466 3370 6
2498 3319 2665 3369 Δαυῖδ
2687 3333 2700 3345 ·
2743 3334 2761 3367 ι
2794 3316 3059 3369 Ποιοῦντα
3086 3321 3259 3387 κρῖμα
3286 3321 3399 3381 τοῖς
3424 3319 3831 3387 ἀδικουμένοις,
3857 3320 4024 3373 διδόν-

2438 3424 2506 3460 τα
2545 3406 2741 3477 τροφὴν
2772 3409 2884 3469 τοῖς
2916 3407 3193 3460 πεινῶσιν.
3221 3426 3239 3458 ι
3279 3408 3377 3461 Διά
3404 3408 3563 3461 τοῦτο
3592 3410 3746 3476 κάγώ
3770 3426 3783 3439 ·
3842 3430 3862 3460 ι
3889 3411 4025 3462 Ἀδι-

2441 3498 2562 3551 κίαν
2611 3498 2851 3566 ἐμίσησα
2903 3499 2999 3549 καὶ
3043 3498 3451 3568 ἐϐδελυξάμην,
3507 3499 3599 3551 τὸν
3631 3500 3687 3551 δὲ
3723 3502 3898 3569 νόμον
3933 3519 4025 3553 σου

2436 3594 2720 3662 ἠγάπησα.
2758 3613 2776 3644 ι
2835 3593 2944 3644 Kal.
2994 3593 3203 3661 ἐπειδὴ,
3243 3593 3510 3657 Δέσποτα,
3550 3594 3616 3663 σὴ
3646 3595 3840 3663 ἐντολή
3876 3598 4024 3648 ἐστιν

2439 3681 2762 3745 ἀδικεῖσθαι,
2796 3682 2892 3734 καὶ
2928 3682 3003 3750 μὴ
3031 3682 3264 3734 ἀδικεῖν·
3298 3683 3724 3738 ἁνταπεδίδοσάν
3751 3703 3846 3753 μοι
3876 3688 4025 3738 κακὴ

2438 3776 2559 3828 ἀντὶ
2602 3774 2845 3840 ἀγαθῶν.
2906 3772 3050 3840 Ἱείγὼ
3079 3772 3135 3825 δὲ
3170 3774 3601 3844 προσηυχόμην,
3649 3776 3678 3826 6
3710 3774 3848 3837 Θεός
3895 3794 4021 3843 μου,

2442 3865 2602 3936 ῥῦσαί
2636 3882 2701 3933 με
2734 3867 2795 3916 ὲκ
2821 3865 3002 3933 χειρὸς
3027 3864 3476 3933 παρανομοῦντος
3508 3866 3597 3917 καὶ
3629 3866 3969 3929 ἀδικοῦντος.
3998 3886 4015 3916 ι

2451 3959 2506 4009 Ὀ
2534 3958 2589 4009 δὲ
2619 3956 2862 4017 Παῦλος·
2908 3974 2925 4005 ι
2956 3954 3053 4007 Διὰ
3088 3955 3141 4007 τί
3176 3956 3299 4023 οὑχλ.
3330 3956 3543 4023 μᾶλλον
3559 3956 3877 4023 ἀδικεῖσθες
3906 3957 4021 4010 ἀλλ’

2439 4048 2597 4115 ὑμεῖς
2620 4047 2876 4108 ἀδικεῖτε,
2902 4046 2996 4097 καὶ
3018 4046 3400 4115 ἀποστερεῖτε·
3425 4047 3520 4099 καὶ
3536 4046 3712 4101 ταῦτα
3725 4048 4017 4118 ἀδελφούς.

2438 4139 2509 4190 ’ΊΙ
2559 4138 2658 4190 οὑκ
2708 4138 2887 4191 οἴδατε
2944 4140 3027 4191 ὅτι
3078 4140 3256 4192 ἄδικοι
3309 4139 3589 4208 βασιλείαν
3620 4142 3760 4195 Θεοῦ
3798 4145 3863 4195 οὑ
3892 4144 4015 4213 adq.

2440 4231 2898 4300 ρονομὴσουσιν;›
2932 4230 3040 4282 Καὶ
3067 4232 3122 4283 ὲν
3144 4231 3345 4294 ἄλλοις·
3378 4252 3395 4282 ι
3422 4232 4017 4304 Ἀδελφοὶ,ἀναμιμνήο

2435 4322 2597 4374 κεσθε
2654 4322 2753 4384 τὰς
2798 4322 3067 4391 πρότερον
3106 4324 3326 4392 ἡμέρας
3378 4327 3436 4375 ἐν
3480 4318 3570 4387 αἷς
3616 4325 4013 4392 φωτισθέντες,

2436 4412 2638 4482 πολλὴν
2675 4412 2904 4484 ἄθλησιν
2950 4414 3280 4483 ὑπεμείνατε
3311 4414 3673 4483 παθημάτων.
3711 4416 3891 4469 Τοῦτο
3918 4417 4015 4486 μὲν

762 4491 1232 4554 maleiactoribus.
1256 4495 1667 4563 suppudescant
1691 4497 1782 4565 qui
1807 4499 2212 4553 calumniantur
2234 4515 2329 4552 ve.-

2442 4480 2757 4571 ὀνειδισμοῖς
2789 4480 2849 4556 τε
2885 4505 2978 4557 καὶ
3008 4480 3252 4573 θλίψεσιν
3286 4480 3734 4576 θεατριζόμενοι,
3772 4480 4012 4560 τοῦτοδὲ

762 4591 934 4635 stram
980 4585 1034 4637 iu
1081 4580 1303 4638 Christo
1342 4595 1587 4640 sanctam
1628 4590 2103 4644 conversationem
2125 4590 2165 4643 ‘.
2191 4610 2208 4641 ι
2243 4591 2329 4646 lu-

764 4673 962 4727 ducit:
1000 4674 1197 4728 «Novit
1244 4677 1393 4729 enim
1436 4678 1701 4732 Dominus
1750 4680 1870 4748 pios
1917 4680 1983 4733 de
2028 4683 2326 4736 tentatioue

762 4764 1001 4833 eripere,
1028 4766 1246 4834 iniquos
1284 4776 1466 4819 autem
1516 4768 1571 4820 in
1612 4768 1756 4820 diem
1786 4768 1976 4837 judicii
2000 4770 2327 4827 crueiandos

763 4867 980 4907 servare
1003 4855 1043 4906 ⁷.
1066 4873 1083 4903 ι
1114 4854 1284 4906 David
1312 4871 1324 4905 :
1348 4872 1365 4904 ι
1388 4853 1490 4918 Qui
1516 4854 1923 4924 facitjudieium
1946 4857 2200 4926 injuriam
2227 4874 2322 4927 pa-

765 4944 1049 5005 ticutilms,
1080 4945 1173 5013 qui
1217 4944 1310 4999 dat
1342 4961 1523 4999 eseam
1566 4947 1943 5001 esurientibus
1962 4949 2003 5000 ⁸.
2024 4968 2041 4999 ι
2098 4949 2328 5018 Propter

762 5034 866 5089 hoc
898 5044 955 5089 et
991 5050 1091 5103 ego
1121 5052 1131 5085 :
1170 5035 1550 5105 «Iniquitatem
1572 5036 1700 5091 odio
1724 5038 1911 5101 habui,
1943 5040 2113 5109 legem
2144 5050 2327 5095 autem

762 5125 993 5179 dilexi’.
1024 5145 1041 5175 ι
1085 5125 1203 5180 Jam
1255 5126 1478 5195 quando
1536 5127 1852 5181 mandatum
1906 5138 2061 5183 tuum
2116 5141 2221 5193 est,
2268 5140 2331 5184 ut

763 5216 965 5269 illatam
1003 5217 1260 5287 injuriam
1299 5218 1519 5272 fortiter
1542 5219 1748 5281 ferens,
1784 5221 1986 5275 nemini
2030 5222 2133 5276 sim
2182 5223 2329 5292 inju-

764 5314 914 5377 rius,
969 5313 1058 5367 isti
1129 5313 1496 5367 reddiderunt
1553 5316 1691 5367 mala
1743 5331 1844 5383 pro
1876 5313 2099 5366 bonis"
2128 5332 2140 5367 :
2173 5333 2189 5365 ι
2218 5315 2329 5384 Ego

760 5418 940 5459 autem
974 5406 1216 5465 orabam,
1249 5407 1392 5459 Deus
1418 5421 1591 5469 meus,
1616 5407 1766 5476 eripe
1805 5424 1887 5459 me
1912 5406 1979 5459 de
2009 5423 2168 5459 manu
2200 5423 2331 5461 eou-

2436 4596 2683 4648 κοινωνοὶ
2734 4595 2843 4647 τῶν
2886 4594 3061 4659 οὕτως
3091 4597 3582 4665 ἀναστρεφομένων
3607 4598 3954 4666 γενηθέντες.
3989 4616 4006 4647 ι

2433 4687 2599 4752 Λέγει
2625 4685 2681 4737 δὲ
2713 4686 2739 4738 6
2766 4683 3006 4754 Κύριος·
3062 4705 3080 4736 ι
3117 4685 3243 4738 Ἐάν
3272 4686 3354 4748 τίς
3391 4703 3449 4738 σε
3476 4688 3803 4758 ἀγγαρεύσῃ
3839 4689 4011 4757 μίλιον

2432 4776 2514 4839 ἓν,
2551 4776 2727 4843 ὕπαγε
2764 4776 2880 4844 μετ’
2903 4776 3069 4829 αὑτοῦ
3099 4776 3211 4839 δύο,
3244 4778 3340 4829 καὶ
3368 4776 3446 4847 τῷ
3472 4777 3679 4831 θέλοντί
3706 4796 3793 4831 σοι
3818 4778 4010 4850 κριθῆς

2431 4883 2552 4930 ναι,
2590 4866 2685 4919 καὶ
2715 4867 2805 4918 τὸν
2832 4867 3039 4935 χιτῶνά
3068 4885 3162 4920 σου
3194 4868 3383 4920 λαϐεῖν
3403 4908 3418 4930 ,
3476 4868 3613 4935 ἄφες
3643 4870 3799 4938 αὑτῷ
3831 4872 3924 4923 καὶ
3950 4870 4008 4923 τὸ

2436 4958 2652 5027 ἱμάτιόν
2700 4974 2825 5011 σου·
2882 4958 2978 5011 καὶ
3028 4960 3107 5031 τῷ
3147 4938 3407 5012 τὺπτοντί
3452 4978 3509 5012 σε
3566 4962 3661 5013 ἐπὶ
3699 4960 3804 5029 τὴν
3832 4960 4009 5025 δεξιὰν

2436 5050 2691 5116 σιαγόνα,
2731 5051 2940 5119 πάρεχε
2970 5051 3066 5103 καὶ
3092 5050 3190 5120 τὴν
3218 5050 3405 5121 ἀλλην.
3446 5051 3725 5120 Μακάριοι
3752 5053 3865 5122 γάρ
3888 5056 4006 5104 ἐστε

2433 5140 2562 5193 ὅταν
2591 5141 2899 5210 μισήσωσιν
2929 5141 3074 5210 ὑμᾶς
3108 5143 3157 5193 οἱ
3191 5140 3472 5210 ἄνθρωποι
3496 5181 3511 5201 ,
3547 5143 3643 5194 καὶ
3671 5144 4008 5211 ἀφορίσωσιν

2434 5230 2619 5283 ἕνεκεν
2648 5230 2742 5284 τοῦ
2772 5230 2905 5283 Υἱοῦ
2934 5229 3027 5283 τοῦ
3055 5230 3347 5299 ἀνθρώπου
3368 5247 3381 5262 ·
3434 5232 3679 5301 χαίρετε,
3715 5234 3814 5285 καὶ
3842 5233 4008 5301 ἀγαλ-

2433 5320 2643 5381 λιᾶσθε,
2681 5321 2764 5373 ὅτι
2796 5323 2824 5374 6
2856 5322 3047 5391 μισθὸς
3077 5321 3232 5390 ὑμῶν
3261 5321 3428 5384 πολὺς
3458 5324 3513 5374 ὲν
3542 5326 3655 5383 τοῖς
3682 5324 3958 5393 οὐρανοῖς.
3984 5342 4001 5373 ι

2434 5411 2592 5480 Αὐτῷ
2623 5413 2656 5479 ἠ
2684 5410 2808 5476 δόξα
2840 5413 2918 5474 εἰς
2944 5413 3069 5472 τοὺς
3097 5411 3319 5474 αἰῶνας.
3358 5412 3549 5483 Ἀμήν.

763 5508 843 5553 tra
876 5501 1049 5570 legem
1086 5501 1299 5570 agentis
1330 5511 1386 5554 et
1418 5500 1591 5569 iniqui
1617 5502 1679 5553 ¹¹.
1711 5519 1728 5551 ι
1775 5500 1977 5555 Paulus
2020 5500 2148 5554 item
2180 5517 2194 5554 :
2222 5522 2238 5551 ι
2264 5502 2331 5557 Ut
2368 5504 2498 5572 quid
2534 5520 2644 5557 non
2683 5503 2856 5573 magis
2916 5504 3174 5574 injuriam
3237 5506 3526 5576 patimini?
3556 5506 3663 5561 Sed
3697 5524 3801 5563 vos
3832 5509 4005 5563 facitis

858 5638 978 5669 ”'”
1009 5640 1178 5694 Exod.
1216 5657 1302 5699 xx.
1340 5635 1425 5693 16.

768 5724 860 5767 ιἰι,
900 5708 916 5760 1
959 5725 1072 5778 seq.

765 5793 914 5841 cur,
951 5780 1002 5833 7.

1554 5642 1567 5671 ¹
1603 5640 1775 5694 1.οι’ἰι.
1804 5659 1912 5702 xu.
1952 5643 2036 5696 l5.

1075 5783 1095 5811 ⁹
1125 5781 1263 5834 Psal.
1296 5797 1474 5843 cum,
1524 5780 1641 5833 115.
1751 5782 1793 5814 ¹⁶
1824 5782 1961 5836 Psal.
1997 5785 2267 5845 “suum.

2138 5645 2157 5675 ²
2184 5644 2316 5698 ibid.
2366 5646 2450 5701 11.

1150 5713 1169 5741 ⁸
1199 5712 1333 5763 Vide
1396 5710 1714 5774 Eusebium,
1772 5727 1817 5764 c.
1850 5714 1903 5773 ‘J,
1949 5714 2045 5766 lib.
2079 5730 2113 5767 ιι
2139 5714 2424 5768 ErcLllist.

2526 5648 2567 5677 ¹⁶
2606 5647 2765 5700 Prov.
2801 5663 2928 5706 χχιι,
2970 5648 3059 5711 22,
3090 5648 3177 5703 23.

2542 5718 2561 5747 ⁶
2588 5717 2603 5769 1
2631 5717 2777 5769 Petr.
2816 5733 2873 5782 ll,
2904 5718 3003 5781 ‘20;
3037 5735 3111 5781 ιιι,
3152 5720 3235 5775 Hi.

3285 5650 3305 5681 ³
3332 5650 3518 5703 Matth.
3553 5668 3603 5711 ι’,
3652 5651 3740 5703 Η.

3314 5718 3397 5774 ⁷11
3426 5720 3570 5774 Petr.
3599 5737 3632 5774 ιι
3678 5721 3711 5773 9

3847 5653 3865 5683 ⁸
3889 5653 4000 5706 Aet.

3812 5723 3832 5753 ⁸
3865 5722 4001 5779 ιιδαι.

2345 5788 2381 5817 ¹¹
2417 5786 2555 5840 Psal.
2590 5802 2711 5851 Lxx,
2737 5787 2788 5840 4.
