4178 6424
173 407 302 468 1797
893 411 1217 470 IIOMILIA
1256 412 1487 473 CXV”.
1523 438 1568 446 —
1617 415 1710 471 DE
1749 413 2207 474 GRATIARUM
2251 413 2595 475 ACTIONE.
3300 414 3432 479 I793

167 515 424 586 injuriam
480 527 536 572 et
580 517 876 582 fraudatis;
912 527 968 572 et
1011 519 1115 573 hoc
1169 519 1454 574 fratribus.
1506 523 1585 574 An
1635 536 1744 573 non
1786 522 1941 575 scitis
1963 523 2092 590 quia
2121 523 2294 590 iniqui
2335 538 2561 590 regnum
2603 521 2696 576 Dei
2739 537 2845 576 non
2888 524 3426 593 consequentur"?i

164 612 289 666 Alio
324 613 455 665 item
483 613 644 666 loco:
685 633 702 663 ι
736 614 1206 669 Reincmoramini
1249 618 1517 686 pristinos
1551 617 1670 670 dies
1736 618 1789 670 in
1826 617 2032 686 quibus
2073 618 2363 672 illuminati
2422 636 2678 689 magnum
2759 629 3038 675 certamen
3094 623 3438 677 sustinuistis

162 706 520 771 passionum;
567 707 620 760 in
668 707 844 760 altero
873 708 1096 776 quidem
1134 711 1449 779 opprobriis
1505 720 1561 764 et
1592 712 2044 766 tribulationibus
2071 713 2446 779 spectaculum
2503 714 2654 777 l'aeti,
2730 713 2783 766 in
2852 715 3032 768 altero
3066 727 3250 770 autem
3299 716 3434 773 socii

167 799 350 850 taliter
399 798 847 853 conversantium
905 800 1212 855 οίῐοοιίη.»
1276 803 1416 855 Dicit
1462 812 1646 857 autem
1683 813 1739 858 et
1814 805 2129 858 Dominus:
2172 803 2265 858 «Si
2300 807 2425 873 quis
2463 807 2834 874 angariavcrit
2867 815 2916 861 te
2954 809 3190 863 milliare
3237 828 3432 871 unum.

162 887 303 939 vade
334 904 457 940 eum
488 903 556 940 eo
580 897 635 941 et
669 888 819 952 duo;
853 891 982 944 etei
1013 892 1108 960 qui
1142 892 1259 944 vult
1299 901 1480 945 tecum
1517 892 1570 945 in
1608 893 1821 962 judicio
1861 893 2230 956 contendere,
2258 903 2314 946 et
2339 893 2578 947 tunicam
2616 906 2765 948 tuam
2797 896 3016 957 tollere.
3049 898 3267 954 dimitte
3299 901 3348 955 ei
3381 913 3436 956 et

164 981 394 1047 pallium
433 990 627 1042 tuum;
669 979 712 1031 si
751 980 878 1048 quis
925 990 977 1035 te
1017 984 1358 1050 percusserit
1395 983 1448 1036 in
1478 983 1756 1037 dexteram
1797 986 2098 1047 maxillam,
2128 984 2311 1053 praebe
2344 984 2395 1036 ei
2454 993 2509 1038 ct
2530 986 2729 1050 aliam;
2763 988 2906 1042 beati
2937 989 3084 1042 enim
3118 992 3277 1045 eritis
3310 1009 3434 1047 cum

163 1071 392 1125 oderint
445 1086 544 1123 vos
602 1070 874 1132 homines,
907 1083 962 1126 et
1001 1075 1379 1141 separaverint
1411 1083 1640 1144 propter
1668 1073 1867 1127 Filium
1912 1075 2180 1139 hominis;
2258 1072 2531 1142 gaudete,
2565 1074 2694 1141 quia
2739 1090 2951 1132 merces
3013 1089 3194 1134 vestra
3264 1082 3436 1136 multa

161 1171 249 1215 est
279 1163 337 1215 in
364 1163 540 1217 cwlis.
575 1183 592 1213 ι
626 1163 731 1232 Ipsi
763 1163 937 1232 gloria
971 1162 1023 1214 in
1049 1163 1269 1216 strcula.
1299 1163 1493 1218 Amen.

767 1277 987 1328 ΛυΓΟΣ
1015 1277 1159 1329 PIZ'.
1780 1253 1826 1306 Α
2262 1273 2415 1342 121

1780 1253 1826 1306 Α
2262 1273 2479 1344 1219
2519 1274 2803 1330 llOMllJA
2842 1278 3045 1334 cxvu.

671 1387 808 1453 Περὶ
838 1387 1247 1452 εὐχαριστίας.
2313 1399 2321 1437 Δ

2313 1386 2384 1437 De
2411 1389 2712 1455 gratiarum
2747 1393 2969 1443 actione.

237 1502 349 1554 Τοῦ
381 1504 439 1554 ἐν
474 1503 638 1552 παντὶ
664 1500 1014 1569 εὐχαριστεῖν
1062 1500 1342 1568 ὀφειλέται
1379 1498 1568 1566 ἐσμὲν,
1609 1499 1753 1550 κατὰ

1926 1493 2052 1548 Sive
2094 1494 2197 1564 ipsi
2233 1497 2608 1561 consolamur,
2635 1499 2750 1554 sive
2783 1502 3007 1556 atllictat
3031 1519 3132 1559 nos
3163 1508 3431 1577 quaepiam

162 1597 259 1648 τὸν
297 1592 642 1653 ’Λπὸστολον,
672 1592 782 1643 εἴτε
800 1590 1286 1662 παρακαλούμεθα,
1307 1591 1417 1642 εἴτε
1432 1587 1750 1657 θλιϐόμεθα.

1854 1585 2164 1650 tribulatio,
2223 1597 2279 1642 et
2328 1604 2663 1658 quocunque
2733 1593 2786 1645 in
2849 1602 2991 1647 statu
3055 1599 3430 1667 consistimus,

175 1686 238 1738 ὐ
271 1687 381 1755 γὰρ
412 1685 718 1752 προνοητὴς
749 1682 857 1735 τῶν
873 1682 1063 1752 ψυχῶν
1093 1682 1250 1751 ἡμῶν
1280 1680 1616 1749 Κύριος,τὰς
1637 1680 1752 1732 θλί-

1847 1677 2002 1746 juxta
2031 1681 2386 1748 apostolicam
2421 1683 2776 1747 sententiam,
2811 1688 3113 1754 gratiarum
3157 1692 3430 1748 actionem

161 1779 295 1846 ψεις
334 1777 475 1845 ὑπὲρ
513 1777 609 1827 τοῦ
647 1775 1024 1844 συμφέροντος
1055 1773 1275 1838 ἐπάγει,
1305 1772 1380 1834 ὡς
1410 1773 1633 1842 ἄριστος
1668 1775 1750 1824 ἰα-

1852 1768 2121 1822 dcbemus
2159 1771 2466 1824 exsolvere.
2501 1773 2767 1825 Dominus
2800 1775 2946 1829 enim
2992 1778 3296 1834 animarum
3331 1798 3430 1836 no-

162 1869 298 1936 τρὸς
319 1885 334 1899 ο
365 1869 460 1921 καὶ
486 1869 611 1929 τούς
635 1867 853 1934 δριμεῖς
883 1864 1205 1934 καυστῆρας
1255 1865 1390 1934 πρὸς
1427 1864 1488 1916 τὸ
1536 1864 1751 1932 νόσημα

1853 1871 2093 1914 strarum
2150 1871 2376 1915 curator
2413 1864 2952 1930 providentissimus.
2999 1870 3228 1936 perinde
3268 1883 3431 1942 atque

164 1963 499 2030 προσφέρει,
540 1957 625 2010 ἵνα
664 1957 852 2026 ἄρτιος
891 1955 1117 2026 γένηται
1147 1958 1175 2008 ὁ
1207 1955 1520 2025 ἄνθρωπος·
1558 1957 1651 2007 καὶ
1677 1955 1752 2015 ὡς

1856 1967 2000 2005 unus
2034 1952 2237 2021 aliquis
2286 1952 2515 2007 medicae
2563 1954 2640 2008 rei
2683 1957 3218 2025 expcrientissimus,
3242 1973 3433 2017 nostro

165 2037 525 2121 φιλόστοργος
561 2049 766 2120 πατὴρ,
822 2049 950 2100 ὅταν
976 2049 1075 2118 μὲν
1110 2050 1212 2118 δρᾷ
1263 2048 1357 2100 τὸν
1391 2045 1588 2099 ἑαυτοῦ
1636 2047 1753 2097 υἱὸν

1852 2043 2099 2096 omnium
2157 2044 2278 2098 usui
2343 2046 2639 2100 consulens
2701 2048 3086 2104 tribulationes
3117 2051 3332 2122 inﬂigit,
3375 2061 3432 2107 et

164 2141 530 2203 ἀτακτοῦντα,
575 2140 820 2194 παιδεύει
844 2156 857 2168 ’
894 2140 1022 2192 ὅταν
1045 2140 1102 2191 δὲ
1150 2139 1236 2208 ἴδῃ
1269 2137 1659 2207 ὀλιγωροῦντα,
1715 2138 1748 2208 ἢ

1852 2137 2213 2190 acrimoniam
2280 2138 2750 2208 asperitatemque
2798 2143 3011 2196 urentis
3063 2147 3294 2199 eauterii
3335 2148 3433 2200 ad-

164 2232 565 2303 δυσφοροῦντα,
595 2231 902 2302 παρακαλεῖ
928 2247 941 2260 ·
986 2230 1158 2293 οὕτως
1207 2233 1353 2282 ποιεῖ
1381 2231 1514 2298 ἡμῖν
1547 2230 1610 2294 ἀγ
1623 2229 1751 2293 αθὸς

1851 2242 2047 2281 versus
2079 2228 2482 2282 eoaleseentcm
2517 2229 2772 2282 morbum
2804 2230 3080 2293 admovet,
3130 2233 3341 2302 integer
3371 2244 3432 2288 ut

163 2326 328 2394 ἡμῶν
363 2324 637 2393 Δεσπότης
662 2324 755 2376 καὶ
789 2323 1002 2392 Πατὴρ.
1065 2321 1246 2374 πάντα
1282 2321 1418 2387 πρὸς
1450 2321 1512 2373 τὸ
1540 2322 1746 2390 συμφέ-

1851 2317 1924 2370 sit
1949 2317 2115 2370 homo
2141 2325 2197 2369 ct
2227 2317 2540 2370 incolumis.
2569 2319 2635 2372 Et
2669 2328 2922 2388 tanquam
2951 2321 3110 2374 Pater
3143 2321 3195 2374 in
3223 2323 3427 2377 liberos

169 2434 264 2485 ρον
299 2416 429 2484 ἡμῖν
458 2415 709 2484 ἐπιφέρει
731 2427 745 2441 ⁸
778 2413 890 2466 εἴτε
931 2411 1304 2482 παράκλησιν,
1337 2412 1448 2463 εἴτε
1476 2410 1745 2474 παιδείαν,

1850 2408 2248 2477 pientissiuius,
2297 2408 2342 2462 si
2388 2411 2613 2478 quando
2657 2411 3017 2479 perpendcrit
3064 2428 3224 2467 suum
3258 2415 3429 2483 ipsius

165 2506 243 2568 ὡς
275 2505 608 2574 φιλότεκνος.
643 2505 834 2574 ἸΙμεῖς
892 2499 985 2556 οὖν
1027 2504 1086 2555 ὲν
1116 2505 1235 2565 ταῖς
1272 2502 1517 2571 θλίψεσιν
1563 2502 1747 2555 πλεῖον

1852 2501 2030 2554 lilium
2055 2501 2340 2570 quipdiam
2372 2501 2665 2570 designare
2689 2502 2960 2564 indecori,
2985 2505 3214 2573 castigat
3239 2506 3424 2560 illum:

164 2596 460 2664 δᾳείλομεν
488 2597 854 2666 εὐχαριστεῖν,
881 2593 958 2655 ὡς
990 2594 1227 2663 γνήσιοι,
1260 2595 1351 2644 καὶ
1371 2594 1468 2662 οὐχ
1504 2591 1578 2654 ὡς
1598 2593 1742 2644 νόθοι
1779 2601 1814 2652 Β

1779 2601 1816 2652 η
1847 2592 1994 2660 quod
2032 2592 2078 2646 si
2102 2592 2448 2661 perspexerit
2471 2593 2764 2662 neglectim
2797 2593 3089 2650 admittere
3115 2597 3427 2666 correptio-

167 2689 298 2741 υίοί.
342 2689 406 2741 Εἰ
434 2687 666 2758 Χριστὸς
695 2686 970 2754 Δεσπότης
1007 2685 1128 2737 κατ’
1178 2684 1388 2750 οὐσίαν,
1423 2685 1518 2737 καὶ
1540 2686 1746 2736 Δεσπὸο

1851 2699 1997 2747 ncm,
2032 2693 2126 2736 aut
2155 2684 2448 2753 implacido
2475 2686 2639 2748 ferre,
2670 2687 2998 2741 obsecratet
3033 2688 3316 2756 hortatur;
3354 2690 3428 2745 ita

165 2796 268 2848 της
302 2780 421 2830 κατ’
453 2776 783 2847 οἰκονομίαν.
823 2777 969 2845 (Ὅτι
1007 2776 1100 2828 καὶ
1131 2776 1207 2844 μὴ
1264 2777 1425 2838 ὄντας
1469 2775 1747 2845 ἐποίησεν,

1850 2776 2136 2830 nobiscum
2163 2777 2276 2846 agit
2311 2777 2584 2847 benignus
2621 2788 2808 2831 noster
2839 2779 3104 2834 Dominus
3131 2798 3195 2835 ac
3225 2782 3384 2836 Pater
3411 2800 3425 2847 ;

166 2872 264 2920 καὶ
293 2868 550 2930 θανόντας
581 2871 643 2936 τῇ
664 2867 936 2936 ἁμαρτία,
967 2866 1055 2918 διὰ
1079 2865 1175 2918 τοῦ
1206 2866 1337 2918 ίδίου
1366 2866 1600 2935 αἵματος
1661 2867 1748 2930 ἐξ-

1849 2883 1971 2936 qua:
2005 2868 2158 2921 novit
2189 2878 2392 2922 nostra:
2442 2870 2730 2937 profutura
2757 2871 2944 2934 saluti,
2977 2872 3188 2927 invehit
3216 2873 3425 2937 omnia.

166 2956 490 3027 ηγὸρασεν.)
525 2957 714 3025 Ἡμεῖς
749 2956 806 3009 δὲ
838 2957 888 3008 oi
920 2957 1134 3026 ἀχρεῖοι
1161 2955 1359 3022 δοῦλοι,
1387 2957 1548 3009 ποίαν
1580 2958 1746 3027 εὐχα-

1851 2958 1968 3011 sive
2017 2958 2399 3011 consolatione
2454 2974 2596 3028 opus
2633 2967 2719 3012 est
2771 2970 2867 3012 aut
2917 2970 3066 3015 certe
3126 2963 3427 3031 asperitate

167 3049 388 3116 ριστίαν
440 3048 718 3116 δυνάμεθα
769 3047 920 3116 αὐτῷ
970 3047 1283 3111 ἀποδοῦναι,
1330 3048 1453 3101 ἐπεὶ
1499 3049 1594 3101 ἐὰν
1626 3052 1746 3110 ταῖς

1847 3049 2237 3118 correptionis,
2294 3050 2478 3117 utqui
2542 3059 2649 3102 tam
2710 3061 2959 3106 amanter
3011 3053 3197 3107 erudit
3261 3053 3406 3108 ﬁlios

166 3139 493 3209 εὐημερίαις
513 3141 671 3208 μόνον
691 3137 1146 3208 εὐχαριστοῦμεν,
1177 3139 1352 3208 ὅμοιοι
1375 3141 1747 3209 εὑρισκόμεθα

1849 3140 2334 3193 Tribnlationibus
2369 3139 2537 3208 igitur
2581 3141 2755 3194 attriti
2802 3151 3060 3211 tanquam
3095 3145 3323 3212 genuini
3364 3161 3427 3201 ac

165 3235 280 3294 τοῖς
309 3232 627 3301 ἀχαρίστοις
661 3230 938 3293 Ἰουδαίοις
959 3246 973 3260 ·
1013 3231 1234 3293 οἵτινες,
1271 3232 1401 3283 ὅταν
1441 3231 1540 3298 μὲν
1572 3230 1745 3299 ἐτρω-

1848 3232 2102 3301 legitimi,
2131 3248 2238 3285 non
2289 3233 2418 3285 item
2465 3243 2524 3286 ut
2566 3233 2760 3301 spurii,
2797 3242 2948 3287 tanto
2976 3236 3299 3304 ampliorem
3326 3237 3425 3292 de-

165 3338 265 3388 γον
298 3323 356 3372 ὲν
407 3322 472 3388 τῇ
507 3320 702 3387 ἐρήμῳ
753 3317 1304 3386 θαυματουργοῦντος
1357 3317 1450 3370 τοῦ
1515 3318 1742 3385 Κυρίου,

1848 3323 2045 3376 bemus
2081 3323 2382 3391 rependere
2413 3325 2714 3393 gratiarum
2755 3326 3054 3378 actionem.
3085 3327 3138 3381 Si
3171 3327 3425 3384 Christus

167 3411 360 3478 ελεγον
392 3425 404 3436 ·
451 3429 468 3457 ι
507 3404 675 3469 Οὗτός
725 3410 872 3460 ἔστιν
900 3405 1116 3474 ἀληθῶς
1170 3411 1199 3460 ὁ
1237 3411 1541 3476 προφήτης,
1596 3426 1615 3458 ι
1651 3408 1746 3459 καὶ

1847 3424 2042 3482 suapte
2077 3415 2386 3468 substantia
2433 3415 2700 3469 Dominus
2744 3425 2827 3469 est
2881 3428 3089 3480 noster,
3124 3419 3169 3472 si
3199 3419 3342 3473 idem
3371 3430 3427 3475 et

165 3501 360 3572 ἦθελον
397 3499 556 3551 αὐτὸν
587 3499 855 3568 ἁρπάσαι,
917 3499 1011 3550 καὶ
1044 3497 1270 3566 ποιῆσαι
1292 3497 1536 3566 βασιλέα.
1573 3497 1744 3550 Ὅταν

1846 3503 2112 3556 Dominus
2149 3511 2234 3556 est
2276 3503 2690 3572 dispensatione
2734 3516 3031 3574 assumpta:
3067 3509 3250 3561 carnis
3285 3510 3426 3578 (ipse

165 3593 222 3645 δὲ
255 3591 442 3658 ἔλεγεν
464 3591 670 3654 αὐτοῖς,
705 3607 722 3639 ι
765 3587 1118 3658 Ἑργὰζεσθε,
1147 3589 1222 3658 μὴ
1254 3589 1355 3656 τὴν
1416 3587 1619 3657 βρῶσιν
1645 3589 1743 3658 τὴν

1844 3595 2014 3654 cnim,
2050 3609 2171 3655 nos,
2201 3608 2326 3646 cum
2360 3609 2470 3646 non
2516 3609 2790 3656 essemus,
2820 3596 3092 3658 condidit,
3127 3599 3422 3654 conditos:

164 3681 575 3749 ἀπολλυμένην,
604 3679 740 3732 ἀλλὰ
763 3679 860 3748 τὴν
881 3680 1149 3748 μένουσαν
1182 3682 1262 3742 εἰς
1281 3679 1424 3749 ζωὴν
1441 3679 1683 3743 αἰώνιον,
1717 3700 1735 3730 ι

1846 3683 1939 3736 sed
1986 3686 2196 3751 peccati
2250 3684 2537 3753 tyrannide
2589 3694 2858 3748 mortuos,
2928 3689 3151 3757 proprio
3191 3690 3426 3745 redemit

166 3773 377 3838 ἔλεγον,
433 3791 450 3820 ι
490 3771 554 3822 Τί
592 3773 819 3840 σημεῖον
867 3769 1134 3832 δεικνύεις
1171 3772 1343 3839 ήμῖν;
1391 3772 1455 3822 Οἱ
1509 3772 1744 3840 πατέρες

1846 3775 2158 3844 sanguine),
2209 3790 2312 3827 nos
2345 3774 2570 3828 inutiles
2612 3778 2779 3839 servi,
2814 3794 2976 3845 quam
3022 3779 3101 3833 illi
3150 3781 3425 3839 resolvere

164 3865 327 3934 ἡμῶν
356 3863 417 3915 τὸ
459 3864 635 3931 μάννα
667 3863 869 3930 ἔφαγον
895 3862 952 3914 ἐν
979 3865 1045 3932 τῇ
1073 3862 1286 3932 ἐρήμῳ.
1336 3880 1354 3912 ι
1384 3861 1622 3925 Εἰκότως
1650 3858 1743 3916 οὖν
1774 3923 1811 3940 Α

1774 3923 1811 3940 η
1846 3867 2064 3936 dignam
2125 3882 2420 3934 possumus
2475 3868 2773 3937 gratiarum
2821 3870 3128 3926 actionem?
3178 3873 3332 3940 Quod
3377 3876 3422 3930 si

166 3955 403 4024 ἁρμόζει
424 3956 558 4022 ἡμῖν
585 3954 644 4006 τό
673 3969 685 3982 ·
720 3975 736 4000 σ
780 3953 1294 4023 Ἐξομολογὴσονταί
1329 3970 1430 4016 σοι,
1452 3955 1578 4007 ὅταν
1605 3957 1742 4023 ἀγα-
1772 3923 1813 3980 c

1772 3923 1813 3980 ϐ
1849 3923 1960 4012 tuin
1995 3957 2198 4026 gratias
2227 3958 2609 4026 rependimus,
2655 3961 2925 4028 tantisper
2957 3962 3090 4015 dum
3126 3965 3421 4020 commode

166 4047 350 4108 θύνεις
386 4045 605 4107 αὐτούς.
647 4064 663 4095 ι
704 4046 862 4098 Καὶό
892 4044 1158 4106 τοιοῦτος,
1196 4065 1214 4094 ι
1257 4045 1402 4107 Ἕως
1431 4044 1624 4108 αἰῶνος
1643 4045 1742 4098 οὐκ

1845 4049 2131 4114 habemus,
2166 4049 2313 4103 felici
2367 4065 2554 4102 rerum
2609 4050 2891 4105 laetissime
2941 4053 3260 4108 cadentium
3292 4070 3421 4111 suc-

164 4138 359 4207 ὗψεται
389 4138 527 4205 φῶς.
573 4157 591 4187 ι
620 4138 711 4206 Μὴ
740 4136 834 4189 οὐν
862 4136 1222 4206 ὅμοιωθῶμεν
1258 4139 1372 4197 τοῖς
1406 4137 1739 4207 ἀχαρίστοις,

1841 4155 2023 4204 eessu,
2081 4140 2256 4193 nihilo
2287 4140 2764 4208 deprehendimur
2800 4141 3028 4211 ingratis
3063 4144 3173 4200 illis
3215 4145 3423 4201 ludatis

163 4229 281 4283 ἀλλ’
312 4228 386 4289 ὡς
423 4227 663 4296 μαθηταὶ
693 4227 790 4296 τῆς
823 4228 1046 4296 χάριτος
1087 4226 1392 4296 ὑπόδειγμα
1436 4227 1604 4295 αὐτῆς
1655 4226 1741 4280 διὰ

1840 4230 2140 4286 dissimiles
2167 4248 2180 4283 :
2209 4231 2326 4300 qui,
2358 4246 2484 4284 cum
2511 4231 2742 4284 Domino
2764 4233 3116 4301 suspicienda
3154 4237 3418 4292 miracula

161 4321 262 4390 τῆς
322 4318 677 4390 εὐχαριστίας
715 4317 1025 4388 γενώμεθα,
1062 4318 1150 4371 ἵνα
1197 4319 1289 4370 καὶ
1322 4317 1476 4370 αὐτοὶ
1502 4317 1742 4386 δυνηθῶ·

1840 4321 2062 4385 edente,
2100 4323 2156 4376 in
2189 4337 2376 4376 eremo
2413 4333 2775 4376 vescerentur
2810 4326 3070 4393 panibus,
3105 4327 3370 4384 dicebant
3405 4347 3418 4383 :

163 4426 272 4471 σιν,
303 4409 540 4478 ὁρῶντες
564 4406 625 4458 τὸ
657 4406 770 4474 φῶς
797 4406 895 4475 τῆς
927 4406 1280 4475 ειχαριστίας
1302 4405 1480 4475 ημῶν,
1502 4407 1740 4476 ἀποστῆ-

1849 4432 1867 4464 ι
1904 4413 2004 4467 Hic
2031 4422 2118 4468 est
2147 4428 2275 4466 vere
2331 4413 2594 4482 propheta
2625 4416 2687 4479 ",
2721 4434 2738 4466 ι
2777 4431 3014 4485 eumque
3067 4434 3237 4488 prope
3267 4435 3418 4476 aure-

161 4515 250 4549 ναι
283 4496 377 4548 τοῦ
416 4497 741 4564 κατέχοντος
780 4496 978 4557 αὐτοὺς
1017 4497 1237 4557 σκότους
1274 4496 1369 4564 τῆς
1392 4496 1737 4564 ἀχαριστίας.

1842 4514 1999 4574 ptum
2043 4519 2228 4573 regem
2279 4513 2439 4557 erant
2487 4505 2710 4559 facturi.
2747 4507 2814 4560 At
2854 4508 2947 4560 ubi
2982 4509 3101 4563 istis
3134 4518 3240 4562 tam
3277 4512 3417 4567 male

159 4587 236 4640 Τὸ
266 4584 411 4655 γάρ·
452 4603 468 4634 ι
493 4585 580 4635 Ἐν
615 4585 777 4636 παντὶ
811 4585 1209 4655 εὐχαριστεῖτε,
1241 4604 1261 4635 ›
1303 4588 1624 4656 περιεκτικὴ
1655 4589 1742 4638 ἐν·

1839 4596 2010 4666 gratis
2039 4594 2258 4648 dicebat
2288 4611 2300 4647 :
2343 4615 2358 4644 ι
2389 4595 2710 4665 Operamiui
2747 4614 2854 4651 non
2888 4599 3074 4653 cibum
3122 4601 3215 4669 qui
3251 4603 3415 4671 perit,

158 4676 291 4745 τολή
327 4677 510 4727 ἐστιν’
543 4674 656 4726 εἴτε
695 4674 924 4743 εὐθυμεῖ
952 4691 1056 4739 τις,
1088 4675 1197 4726 εἴτε
1233 4675 1451 4743 ἀθυμεῖ,
1481 4676 1589 4728 εῐτε
1631 4676 1741 4728 θλί-

1839 4687 1936 4740 sed
1965 4685 2061 4754 qui
2094 4695 2280 4739 manet
2310 4687 2364 4740 in
2395 4686 2563 4740 vitam
2586 4698 2850 4741 αξιοι-ηοω
2876 4690 2938 4753 ¹⁶,
2972 4709 2990 4738 ι
3040 4691 3373 4761 subjunxere
3400 4715 3414 4747 :

160 4768 341 4830 σεται,
377 4765 488 4817 εἴτε
517 4765 724 4834 χαίρει,
758 4763 1045 4834 ὀφειλέτης
1071 4763 1219 4815 ἐστὶν
1242 4764 1334 4816 τοῦ
1357 4765 1703 4834 εὐχαριστεῖν
1723 4783 1737 4796 θ

1847 4799 1864 4830 ι
1885 4778 2040 4844 Quod
2069 4778 2288 4847 signum
2316 4779 2566 4831 ostendis
2591 4778 2784 4832 nobis?
2809 4779 3000 4834 Patres
3029 4783 3202 4836 nostri
3232 4799 3417 4838 come-

157 4852 270 4919 οἷος
295 4853 364 4928 ἦν
392 4860 419 4909 ὁ
449 4857 624 4926 μέγας
664 4855 802 4908 Ἰὼϐ.
839 4856 1134 4916 ’Λπολὲσας
1171 4855 1279 4924 γὰρ
1304 4857 1481 4908 πάντα
1508 4858 1575 4909 τὰ
1607 4859 1739 4909 ἐαυ-

1840 4870 2044 4924 derunt
2088 4884 2291 4921 manna
2328 4869 2380 4921 in
2431 4868 2729 4921 deserto".
2754 4889 2771 4919 ι
2803 4869 2895 4923 Sic
2927 4872 3074 4924 enim
3121 4873 3321 4927 merito
3359 4875 3415 4928 in

155 4949 279 5014 τοῦ,
317 4949 397 5001 ἔτι
436 4949 490 5000 δὲ
515 4953 612 4999 καὶ
637 4947 734 5017 τὴν
756 4944 1134 5018 δεκ[έιστεγον]
1165 4947 1358 4999 καλιὰν
1376 4948 1485 5000 τῶν
1509 4950 1735 5014 τέκνων,

1839 4974 1940 5012 nos
1989 4957 2240 5027 apposite
2301 4958 2729 5024 dctorquebitur
2790 4960 2965 5013 illud:
3003 4981 3019 5010 ι
3046 4962 3415 5016 Conﬁtebitur

158 5039 588 5109 συγχωσθέντων
610 5038 790 5092 αὐτῶν
822 5039 927 5090 ὐπὸ
959 5037 1391 5108 συμπτώματος,
1413 5042 1470 5092 ὲν
1493 5041 1570 5110 τῷ
1603 5058 1739 5110 συμ-

1841 5046 1938 5100 tibi
1971 5060 2098 5100 cum
2150 5046 2494 5100 benefeceris
2526 5046 2659 5100 ei".
2694 5067 2712 5097 ι
2758 5048 2861 5113 Qui
2907 5051 3068 5119 plane
3109 5052 3234 5104 talis
3264 5069 3417 5106 eom-

157 5132 360 5200 ποσίῳ,
396 5131 797 5200 εὐχαριστήσας
843 5131 1028 5194 ἔλεγεν
1052 5145 1066 5158 ·
1105 5146 1124 5178 ι
1168 5128 1228 5182 Ὀ
1279 5129 1482 5200 Κύριος
1511 5132 1734 5194 ἔδωκεν,

1837 5134 2087 5204 perietur
2121 5151 2134 5188 :
2169 5135 2400 5204 «Usque
2468 5136 2522 5188 in
2586 5137 2847 5190 smculum
2905 5155 3013 5192 non
3073 5140 3285 5194 videbit
3331 5142 3415 5194 lu-

154 5224 185 5276 δ
217 5219 423 5292 Κύριος
452 5221 730 5289 ἀφείλατο.
771 5223 860 5284 Ὡς
891 5222 969 5291 τῷ
1003 5221 1192 5292 Κυρίῳ
1220 5222 1419 5287 ἔδοξεν,
1447 5223 1620 5286 οὕτως
1637 5226 1728 5276 καὶ
1761 5254 1804 5308 D

1763 5254 1804 5308 υ
1840 5242 1964 5280 men
1993 5228 2058 5279 ".
2085 5244 2102 5275 ›
2145 5227 2222 5281 Νο
2255 5228 2484 5298 (αὐαιεο)
2515 5237 2623 5282 tam
2653 5245 2850 5285 averse
2888 5242 3070 5300 gratos
3108 5248 3413 5302 reprimen-

155 5318 404 5385 ἐγένετοο
424 5316 509 5386 εἴη
538 5317 598 5369 τὺ
622 5317 793 5386 ὄνομα
815 5317 1016 5386 Κυρίου
1048 5315 1435 5384 εὐλογημένον.
1473 5335 1490 5364 ι
1528 5317 1635 5368 Καὶ
1667 5315 1728 5367 οὐ

1841 5325 2022 5371 tcmus
2061 5334 2275 5372 morum
2314 5319 2705 5385 similitudine,
2739 5323 2911 5390 magis
2937 5332 3123 5378 autem
3155 5325 3410 5394 discipuli

156 5406 324 5476 μόνον
349 5405 529 5470 τοῦτο,
558 5405 693 5459 ἀλλὰ
734 5408 826 5458 καὶ
880 5408 940 5458 ὲν
972 5409 1036 5476 τῇ
1069 5408 1273 5477 κοπρίᾳ
1301 5407 1633 5476 καθήμενος,
1675 5408 1732 5459 ὲν

1837 5408 2030 5476 gratia:
2075 5409 2171 5477 qui
2213 5424 2425 5472 sumus,
2468 5409 2642 5464 simus
2690 5427 2789 5482 per
2819 5413 3195 5468 continentem
3237 5418 3413 5471 actio-

153 5497 368 5565 σαπρίςέι⁵
395 5496 713 5564 σκωλήκων,
765 5497 861 5548 καὶ
891 5497 1133 5558 ἀκούσας
1177 5498 1329 5566 παρὰ
1370 5497 1465 5566 τῆς
1502 5496 1731 5564 συμὸίου

1838 5514 1965 5552 nem
1995 5500 2296 5569 gratiarqu
2335 5500 2446 5554 illis
2474 5505 2747 5571 exemplo.
2784 5513 2844 5557 ut
2876 5505 2930 5558 in
2979 5505 3139 5560 nobis
3169 5517 3415 5561 contem-

151 5588 325 5642 αὐτοῦ
372 5590 464 5642 τό·
506 5607 524 5640 ι
556 5589 691 5641 Eine
722 5588 876 5659 ῥῆμα
905 5589 1039 5656 πρὸς
1069 5588 1294 5660 Κύριον,
1322 5592 1414 5642 καὶ
1442 5589 1721 5654 celatim,»

1841 5590 1976 5658 plati
2017 5591 2203 5644 lumen
2244 5593 2634 5662 splendescere
2671 5597 2773 5665 pia:
2809 5597 3181 5666 gratitudinis,
3208 5613 3414 5668 queant

227 5730 272 5760 “
301 5728 345 5782 ll
375 5727 500 5783 Cor.
527 5743 580 5791 ν,
612 5726 733 5798 7έ9.
812 5725 1051 5798 ¹³ξ711εὺικ
1082 5745 1132 5794 x,
1159 5727 1334 5785 52-55
1433 5728 1476 5760 ”
1503 5729 1692 5783 Matth.
1725 5745 1777 5794 v,
1801 5729 1868 5784 39

1763 5729 1991 5794 ,ὅθ-41.
2093 5731 2426 5798 "Joan.vi,
2487 5735 2574 5788 Η.
2655 5734 2980 5790 ¹⁶ἱὺίι1.27.
3062 5737 3266 5793 ¹⁷ἰι›ἰ.1.
3318 5740 3406 5795 5i.

151 5799 198 5830 “
226 5799 373 5854 Psal.
403 5813 587 5863 xLVItI,
616 5797 704 5852 l9.
782 5798 824 5829 ¹⁹
848 5796 982 5853 ibid.
1022 5799 1108 5852 ll.
