4178 6424
773 386 911 449 1799

2040 382 2399 442 ANTIOCHI
2446 381 2785 441 MUNACIII

3898 385 4030 448 1800

768 511 798 547 a
823 493 1148 547 densissima
1190 492 1425 562 caligine
1467 480 1888 561 ingratitudinis
1921 509 2030 561 qua
2065 494 2343 547 obvallan-

2450 492 2813 559 ἐπιστομίσας
2831 490 3002 561 αὐτὴν
3033 491 3199 559 λέγει·
3246 511 3262 542 ε
3292 493 3407 547 ’Ίνα
3430 493 3575 555 τίὼς
3607 494 3703 562 μία
3725 493 3835 545 τῶν
3866 496 4032 562 6996-

776 591 885 645 tur,
922 598 1222 651 emergere.
1270 583 1406 637 Illud
1478 585 1624 637 enim
1688 584 1838 635 l’anli
1881 600 1941 634 :a
1973 583 2030 635 In
2086 582 2346 636 onmibus

768 675 904 741 grati
946 677 1230 738 estote";
1259 696 1275 725 ι
1312 676 1366 727 in
1410 689 1616 743 genere
1652 674 1762 726 vim
1804 675 2019 727 obtinet
2060 674 2342 743 prmcepti,

768 768 885 820 sive
918 768 1044 834 quis
1077 766 1245 819 animi
1272 765 1622 835 jucunditate
1655 765 1978 834 perfruitur,
2017 768 2133 817 sive
2171 766 2345 817 tribu-

768 858 995 921 latione,
1031 859 1144 911 sive
1190 859 1381 911 nubilo
1425 857 1627 926 tegitur
1666 856 1928 918 tristitizc,
1963 865 2018 908 ct
2050 857 2344 909 atllictatur

768 951 986 1011 anxius,
1012 959 1273 1003 auteerte
1311 949 1646 1002 diffunditur
1682 948 1906 1017 gamlio,
1940 948 2107 999 debet
2140 948 2344 1001 nihilo-

770 1042 956 1093 minus
979 1057 1139 1109 agere
1169 1042 1470 1110 gratiarum
1511 1042 1788 1094 actionem
1817 1058 1830 1092 :
1863 1041 2042 1109 qualis
2076 1041 2211 1093 nihil
2244 1041 2345 1094 ob-

769 1148 929 1183 scure
967 1133 1072 1184 l‘uit
1099 1133 1338 1186 eximuis
1370 1133 1457 1185 ille
1497 1132 1621 1185 101).
1650 1133 1702 1186 ls
1724 1135 1871 1185 enim
1906 1132 2140 1200 perditis
2174 1135 2345 1187 semel

769 1225 1050 1287 otnmbus,
1099 1226 1314 1293 1220
1363 1225 1529 1279 domo
1575 1224 1802 1292 insuper
1836 1224 2027 1278 decem
2064 1226 2349 1293 contigna-

772 1316 1016 1368 tionibus
1053 1316 1333 1384 fastigiosa
1374 1317 1662 1383 adaequata
1704 1316 1845 1379 solo,
1873 1316 1967 1368 sed
2007 1327 2063 1369 et
2093 1316 2219 1368 filiis
2244 1317 2348 1368 liv.-

772 1409 930 1461 terim
963 1409 1094 1461 dum
1124 1409 1323 1477 geniali
1371 1409 1537 1476 epulo
1572 1409 1811 1462 invitant
1855 1424 1912 1463 se
1946 1420 2000 1461 et
2032 1408 2344 1477 indulgent)

770 1501 927 1554 ruina
958 1503 1273 1569 Oppressis:
1307 1517 1471 1570 quam
1512 1502 1745 1555 Domine.
1799 1508 1899 1570 pro
1953 1502 2040 1554 his
2092 1502 2348 1570 rependit

769 1593 1066 1655 gratiarum
1120 1592 1431 1646 actionem?
1462 1594 1758 1656 Nimirum,
1797 1604 2026 1661 accepto
2069 1593 2172 1645 hoc
2205 1609 2348 1646 nun-

770 1685 867 1746 tio,
911 1684 1172 1738 dicebat:
1222 1686 1529 1739 «Dominus
1574 1685 1750 1747 dedit,
1779 1684 2044 1738 Dominus
2094 1684 2342 1748 abstulit,

769 1777 912 1829 sicut
946 1778 1177 1831 Domino
1212 1778 1442 1845 placuit,
1468 1778 1539 1831 ita
1565 1787 1616 1830 ct
1663 1776 1865 1831 factum
1890 1788 2008 1830 est:
2040 1776 2113 1831 sit
2146 1792 2343 1830 nomen

2450 601 2556 636 νων
2590 586 2866 651 γυναικῶν
2911 585 3210 654 ὲλὰλησαςς
3251 588 3391 639 εἰτά
3423 588 3606 653 ἀγαθά
3623 588 3928 656 ὲδεξάμεύα
3973 590 4035 641 ὲκ

2452 675 2635 744 χειρὸς
2666 676 2893 744 Κυρίου,
2951 677 3017 728 τά
3058 678 3202 728 κακὰ
3247 679 3346 747 οὐχ
3382 680 3714 746 ὐποίσομενς
3776 698 3795 729 ι
3843 679 4036 741 Οὕτως

2451 766 2776 835 γνωρίζεται
2830 768 2857 819 6
2910 767 3162 834 ἀληθινὸς
3191 768 3531 837 εὐχάριστος,
3556 773 3585 822 6
3616 772 3675 822 ἐν
3723 773 3846 831 ταῖς
3883 772 4037 838 μεγί-

2454 871 2605 915 σταις
2642 859 2952 924 συμφοραῖς
2976 857 3513 928 ἀνθομολογούμενος
3534 860 3611 929 τῷ
3644 862 3857 930 Κυρίῳ.
3892 861 4037 912 Γνώ-

2455 962 2629 1014 ρισμα
2690 946 2747 998 δὲ
2782 946 2876 1000 τοῦ
2911 949 3233 1017 ἀχαρίστου,
3292 951 3354 1001 τὸ
3391 952 3768 1022 μεμψίμοιρον
3795 955 3854 1005 ἐν
3919 954 4038 1014 ταῖς

2450 1037 2720 1105 (θλίψεσιν,
2764 1039 2825 1090 τὸ
2859 1043 3247 1107 γογγυστικὺν,
3300 1042 3360 1094 τὸ
3392 1044 3676 1110 ἄχθεσίλαι,
3712 1044 3775 1096 τὸ
3837 1046 4038 1096 ἀπολο-

2449 1130 2688 1196 γεῖσθαι,
2721 1132 2815 1182 καὶ
2843 1131 2909 1183 τὰ
2950 1133 3160 1195 τούτοις
3190 1135 3374 1203 ὃμοια.
3406 1135 3464 1186 '0
3494 1134 3550 1186 δὲ
3572 1137 3911 1205 καρτερικὸς
3949 1140 4039 1187 καὶ

2451 1221 2655 1282 πλατὺς
2686 1223 2742 1273 ἐν
2766 1222 3012 1289 Ολίψεσιν
3040 1225 3227 1289 Δαυῖδ,
3265 1226 3388 1279 ίδὼν
3413 1228 3494 1279 ὅτι
3523 1227 3789 1296 τέθνηκεν
3818 1229 3880 1279 τὸ
3915 1246 4041 1279 παι-

2450 1313 2654 1381 δάριον,
2703 1315 2905 1385 ἀνέστη
2953 1318 3018 1397 ὲκ
3052 1318 3151 1387 τῆς
3206 1318 3333 1387 γῆς,
3373 1321 3465 1371 καὶ
3511 1320 3929 1387 προσεκύνησεν
3964 1321 4041 1388 τῷ

2452 1406 2673 1475 Κυρίῳ·
2702 1407 2801 1458 καὶ
2831 1408 3019 1460 ἄλλοτε
3070 1410 3287 1477 ἔλεγεν·
3327 1432 3343 1461 ι
3385 1412 3481 1473 Τίς
3535 1414 3654 1480 είμι
3692 1412 3825 1479 ἐγὼ,
3866 1412 4039 1480 Κύριὲ

2452 1513 2575 1563 μου,
2610 1497 2807 1568 Κύριε,
2826 1500 2909 1551 ὅτι
2940 1500 3233 1571 ἠγάπησάς
3260 1520 3326 1571 με
3362 1503 3465 1565 ἕως
3494 1503 3733 1568 τούτω-ις
3761 1524 3778 1553 ι
3822 1501 4041 1556 Ralla-3—

2451 1587 2533 1649 Οις
2564 1590 2827 1659 ὐμνῳὸῶν
2859 1591 3065 1658 ἔλεγεν·
3108 1613 3124 1642 ι
3166 1594 3351 1645 Πάντα
3374 1595 3442 1645 τὰ
3468 1595 3602 1647 ὀστᾶ
3652 1612 3756 1664 μου
3790 1595 4037 1663 ἐροῦσιν.

2450 1682 2643 1749 Κύριε,
2683 1683 2876 1752 Κύριε,
2905 1684 2989 1746 τίς
3020 1685 3204 1753 ὅμοιός
3240 1703 3354 1749 σοι;
3390 1686 3651 1755 ῥυόμενος
3701 1686 3925 1753 πτωχὸν
3978 1688 4040 1737 ἐκ

2449 1772 2632 1841 χειρὸς
2710 1775 3095 1845 στερεωτέρων
3158 1775 3359 1827 αὐτῶν.
3424 1795 3440 1826 ι
3482 1777 3590 1827 Kal.
3641 1776 3848 1829 πάλιν
3892 1796 3909 1825 σ
3975 1780 4039 1828 ’Δ

772 1866 986 1920 Domini
1022 1868 1452 1921 benedictum".
1478 1888 1496 1918 ι
1534 1868 1643 1921 Nec
1671 1876 1899 1921 eatenus
1935 1868 2108 1920 solum
2140 1865 2346 1934 perspi-

2454 1861 2716 1928 ἐποίησάς
2755 1879 2845 1929 μοι
2880 1862 3164 1931 μεγαλεῖα,
3199 1866 3226 1915 6
3257 1864 3388 1926 Θεός
3410 1882 3423 1894 ·
3467 1866 3546 1925 τίς
3578 1867 3766 1934 ὅμοιός
3806 1883 3931 1929 σοι;
3960 1868 4041 1917 ὅτι

768 1974 934 2010 equn
963 1960 1241 2027 specimen
1282 1960 1458 2012 edidit
1506 1976 1618 2013 sua:
1658 1960 1711 2013 in
1755 1960 1925 2013 Deum
1968 1959 2342 2028 gratitmlinis,

768 2048 864 2101 sed
911 2060 966 2101 et
1006 2050 1060 2101 in
1102 2050 1455 2118 sterquilinio
1501 2051 1721 2113 sedens,
1763 2052 1816 2103 in
1868 2051 2135 2104 vermium
2156 2066 2343 2103 erum-

770 2140 1017 2209 pentium
1049 2141 1269 2194 saniosa
1307 2140 1620 2194 consistens
1652 2141 1964 2210 putredine,
1995 2143 2155 2196 simul
2184 2151 2345 2211 atque

766 2231 1052 2283 convivam
1087 2247 1314 2285 uxorem
1340 2232 1553 2285 audivit
1585 2233 1937 2302 objicientem
1970 2234 2104 2287 illud
2146 2251 2158 2286 :
2193 2253 2210 2285 ι
2250 2235 2346 2290 Dic

768 2323 997 2374 verbum
1021 2322 1285 2375 adversus
1320 2324 1613 2376 Dominmn
1645 2335 1703 2378 et
1732 2342 1947 2379 merere
1972 2328 2015 2356 ²²
2042 2344 2055 2389 ;
2089 2347 2106 2377 )
2145 2342 2206 2381 os
2243 2328 2345 2381 im-

768 2411 997 2478 pudenti
1034 2412 1337 2475 obturavit,
1374 2413 1568 2467 dicens
1603 2431 1616 2466 :
1662 2433 1679 2464 ι
1707 2414 1873 2479 Quasi
1911 2432 2018 2469 una
2060 2417 2127 2470 de
2163 2418 2348 2471 stultis

769 2502 1099 2556 mulieribus
1124 2504 1305 2557 locuta
1332 2520 1392 2557 cs
1422 2523 1433 2556 :
1459 2506 1501 2558 si
1541 2506 1684 2558 bona
1715 2507 2060 2574 suscepimus
2088 2507 2155 2561 de
2183 2526 2346 2563 manu

772 2593 1009 2656 honuni,
1046 2594 1186 2646 mala
1210 2592 1403 2661 quidni
1445 2594 1955 2648 sustineamus”?»
1997 2596 2108 2650 lloc
2147 2597 2345 2665 insigni

768 2696 1097 2755 argumento
1146 2685 1546 2739 internoscitur
1580 2688 1673 2754 qui
1733 2686 1871 2740 nihil
1922 2687 2102 2742 fucate
2161 2698 2349 2757 gratus

768 2787 873 2839 est,
923 2777 1054 2830 dum
1112 2778 1258 2831 inter
1292 2777 1504 2830 medias
1562 2777 1943 2846 deprehensus
1986 2780 2345 2845 calamitates,

773 2878 888 2921 toto
927 2878 1152 2936 pectore
1191 2869 1395 2936 gratias
1431 2869 1543 2937 agit
1579 2868 1829 2922 Domino.
1878 2869 2101 2935 Contra,
2140 2886 2347 2939 cogno-

770 2958 964 3010 seibile
1006 2958 1274 3010 indicimn
1331 2957 1433 3010 viri
1490 2958 1630 3011 male
1660 2960 1801 3027 grati
1836 2978 1848 3011 ε
1887 2960 1932 3013 is
1964 2960 2093 3013 dum
2130 2962 2349 3029 angitur

769 3047 1029 3115 quapiam
1058 3048 1436 3111 tribulatione,
1470 3048 1514 3102 si
1548 3059 1633 3101 est
1659 3049 1948 3116 querulus,
1985 3051 2030 3104 si
2068 3068 2349 3105 murmure

779 3136 1151 3204 interstrepit,
1186 3139 1231 3189 si
1266 3137 1636 3190 diserueiatur
1664 3138 1736 3191 ob
1768 3139 1870 3193 hoc
1895 3142 2114 3201 Iniserc,
2152 3141 2196 3195 si
2225 3150 2347 3194 tue-

774 3241 865 3282 ιιιτ
894 3243 1118 3282 causam
1169 3244 1323 3282 suam
1376 3238 1433 3283 οι
1486 3238 1716 3283 excusat
1756 3231 2129 3286 innocentiam
2169 3241 2267 3285 τοι
2301 3232 2347 3285 Si

770 3334 879 3386 qua
915 3319 1001 3371 bis
1035 3319 1257 3371 similia.
1293 3318 1459 3371 David
1496 3318 1628 3372 item
1667 3335 1799 3374 sane
1848 3337 2010 3389 quam
2045 3318 2348 3375 adversita-

772 3413 843 3463 tis
898 3411 1157 3472 tolerans,
1212 3410 1455 3479 dumque
1521 3411 1879 3465 alllictarctur
1935 3414 1990 3465 in
2056 3413 2349 3468 latitudine

770 3499 958 3551 eurdis
1008 3514 1360 3567 permanens,
1416 3508 1475 3551 ut
1525 3501 1763 3568 primum
1798 3512 2029 3553 mortem
2080 3502 2350 3555 intellexit

771 3592 1012 3658 pueruli,
1047 3607 1077 3644 e
1107 3600 1252 3644 terra
1287 3590 1465 3643 erexit
1512 3605 1570 3644 se
1604 3597 1661 3644 et
1701 3592 1929 3659 supplex
1963 3592 2215 3646 adoravit
2246 3593 2349 3645 Do-

773 3682 1002 3734 minmn.
1041 3682 1092 3734 ls
1121 3696 1517 3749 nonnunquam
1552 3681 1773 3736 dicebat
1804 3698 1818 3735 :
1852 3701 1868 3731 ι
1892 3682 2028 3747 Quis
2064 3698 2186 3736 sum
2222 3699 2344 3753 ego,

772 3774 1000 3827 Domine
1025 3774 1117 3836 Ini,
1172 3773 1245 3826 mi
1300 3774 1551 3837 Domine,
1583 3774 1755 3843 quiin
1792 3783 2001 3827 tantum
2037 3791 2123 3829 me
2156 3775 2347 3829 dilexi-

768 3864 985 3917 sti“?i
1030 3862 1245 3917 Rursus
1293 3863 1528 3933 hymnos
1572 3871 1734 3915 cantu
1762 3862 1977 3915 mellico
2016 3878 2343 3931 personatus,

769 3956 991 4010 dicebat
1021 3972 1034 4007 :
1078 3974 1095 4005 ι
1119 3955 1315 4009 Omnia
1350 3970 1475 4008 ossa
1523 3969 1644 4007 mea
1685 3954 1871 4007 dicent
1898 3973 1911 4008 :
1936 3954 2186 4018 Domine,
2223 3955 2347 4023 quis

769 4050 971 4103 similis
1013 4048 1134 4109 tibi,
1189 4048 1436 4117 eripiens
1487 4047 1708 4115 inopem
1746 4046 1814 4100 de
1846 4061 2010 4099 manu
2054 4045 2344 4100 fortiorum

767 4147 888 4214 ejus
905 4146 1029 4198 ’5?»
1067 4145 1272 4199 lterum
1305 4162 1318 4197 :
1360 4144 1531 4209 «Qua:
1587 4143 1766 4197 fecisti
1829 4143 1985 4203 mihi,
2020 4144 2183 4200 Deus.
2230 4158 2346 4196 ma-

771 4236 971 4304 gnalia,
1008 4235 1134 4303 quis
1169 4235 1370 4288 similis
1413 4234 1515 4287 tibi
1540 4234 1630 4286 “?
1672 4233 1810 4299 Quia
1844 4234 2067 4287 tenuisti
2119 4248 2344 4287 manum

770 4329 1051 4380 dexteram
1094 4341 1298 4387 meam,
1334 4333 1386 4377 et
1426 4324 1479 4377 in
1509 4324 1791 4378 voluntate
1834 4323 2108 4379 deduxisti
2148 4339 2256 4386 me,
2291 4332 2347 4377 et

769 4433 894 4469 eum
930 4416 1104 4485 gloria
1128 4416 1419 4484 suscepisti
1454 4432 1540 4469 me
1557 4417 1622 4467 ’⁷.
1654 4434 1672 4467 ι
1708 4416 2061 4485 Propterhoc
2091 4434 2104 4469 :
2142 4434 2159 4467 ι
2186 4415 2346 4470 Exal—

2447 1953 2761 2021 ἐκράτησας
2811 1955 2912 2023 τῆς
2944 1956 3125 2025 χειρὸς
3180 1956 3278 2025 τῆς
3324 1956 3504 2021 δεξιᾶς
3559 1975 3683 2026 μου,
3742 1958 3841 2010 καὶ
3863 1960 3927 2010 ἐν
3974 1961 4040 2027 τῇ

2450 2043 2612 2113 βουλῇ
2649 2062 2740 2097 σου
2763 2046 3041 2115 ὁδήγησάς
3069 2064 3159 2115 με,
3188 2053 3285 2100 καὶ
3323 2049 3462 2116 μετά
3494 2047 3657 2118 δόξης
3689 2048 4043 2119 προσελάϐου

2450 2151 2537 2202 με.
2579 2154 2596 2185 )
2631 2136 2729 2189 Διά
2760 2135 2937 2190 τοῦτο·
2974 2157 2992 2188 ι
3014 2138 3247 2206 Ύψὼσω
3266 2140 3543 2205 σε,ὀθεός
3572 2157 3698 2209 μου,
3730 2142 3759 2193 6
3782 2141 4042 2210 βασιλεύς

2450 2241 2576 2293 μου,
2618 2228 2714 2278 καὶ
2744 2226 3027 2297 εὐλογήσω
3056 2229 3116 2280 τὸ
3144 2229 3316 2299 ὄνομά
3344 2248 3438 2282 σου
3463 2232 3543 2293 είς
3571 2232 3666 2285 τὸν
3709 2232 3912 2297 αίῶνα,
3946 2235 4042 2287 καὶ

2446 2316 2916 2388 ὲξομολογήσομαί
2946 2336 3051 2384 σοι,
3078 2321 3159 2373 ὅτι
3208 2323 3523 2390 ὲπήκουσάς
3554 2340 3679 2392 μου,
3718 2326 3818 2376 καὶ
3848 2326 4040 2392 ὲγένου

2450 2396 2633 2475 μοιέίς
2659 2410 2953 2479 σωτηρίαν,
2972 2411 3067 2463 Ἐκ
3086 2411 3193 2479 γὰρ
3214 2413 3395 2481 πάσης
3416 2413 3672 2482 θλίψεως,
3692 2416 3923 2486 ἑρῤύσω
3941 2430 4040 2485 με·

2448 2497 2726 2567 ἐμνήσοήν
2784 2516 2901 2564 σου,
2962 2501 3231 2564 Δέσποτα,
3285 2505 3381 2555 καὶ
3430 2505 3779 2574 ηὐφράνθην.
3824 2528 3843 2557 )
3904 2509 4039 2569 Kal,

2456 2589 2791 2659 «Εὐλογητὸς
2821 2586 2890 2655 εἴ,
2921 2594 2948 2643 6
2969 2592 3123 2656 Θεὸς,
3142 2594 3318 2663 ὃςξούκ
3331 2596 3649 2667 ἀπέστησας
3679 2600 3782 2668 τὴν
3805 2617 4042 2668 προσευ-

2448 2683 2550 2749 χήν
2588 2698 2710 2749 μου,
2745 2683 2841 2734 κα1⁵
2860 2683 2920 2734 τὺ
2945 2683 3094 2746 ἔλεός
3128 2702 3224 2737 σου
3259 2686 3355 2739 ἀπ’
3380 2687 3537 2755 ἐμοῦ.
3583 2707 3599 2738 ι
3635 2690 3813 2759 Φησὶν
3846 2691 3906 2743 δὲ
3947 2693 4043 2744 καὶ

2446 2772 2475 2822 6
2518 2770 2779 2834 Ἡσαΐας·
2828 2793 2845 2822 ι
2907 2774 3197 2844 Εὐλογήσω
3228 2794 3311 2840 σε,
3372 2778 3565 2850 Κύριε,
3589 2780 3726 2833 διότι
3754 2781 4043 2851 ὠργίσθης

2452 2877 2563 2928 μοι,
2593 2862 2690 2913 καὶ
2723 2863 2963 2932 ἠλέησάς
2999 2881 3086 2933 με.
3128 2886 3145 2916 ι
3189 2867 3295 2920 Kal.
3322 2870 3349 2921 6
3375 2870 3672 2939 Ζαχαρίας·
3711 2891 3727 2919 ι
3757 2872 3882 2923 lii-.1
3907 2875 4043 2939 ἀγα-

2451 2951 2561 3013 Οὸν,
2594 2953 2762 3006 αὐτοῦ
2784 2972 2799 2986 ο
2826 2956 2921 3007 καὶ
2959 2956 3064 3008 εἴτι
3095 2958 3432 3027 καλὸν,παρ“
3451 2961 3636 3013 αὐτοῦ.
3672 2982 3689 3011 ι
3721 2964 3784 3014 '0
3814 2963 3872 3015 δὲ
3894 2964 4043 3017 Παῦ-

2452 3043 2563 3107 λος,
2593 3065 2608 3095 ι
2642 3047 2757 3097 Πᾶν
2783 3047 2810 3098 ὅ
2834 3064 2885 3099 τι
2906 3048 2971 3101 ἂν
2995 3049 3210 3118 ποιῆτε,
3244 3052 3431 3119 φησὶν,
3456 3054 3514 3104 ὲν
3541 3052 3708 3123 λόγῳ.
3742 3055 3775 3123 ἦ
3797 3055 4040 3125 ἐνὲργῳ,

2454 3136 2632 3186 πάντα
2684 3137 2741 3186 ὲν
2786 3136 3012 3207 ὀνόματι
3042 3139 3219 3201 Ἰησοῦ
3262 3140 3520 3209 Χριστοῦ,
3576 3142 4041 3213 εὐχαριστοῦντες

2450 3224 2528 3293 τῷ
2544 3226 2662 3295 Θεῷ
2682 3228 2773 3278 καὶ
2793 3228 2986 3298 Harp},
3018 3231 3085 3282 δι’
3111 3231 3331 3285 αὐτοῦ.)
3366 3234 3475 3285 Καὶ
3504 3233 3669 3286 πάλιν
3691 3256 3702 3265 ο
3727 3254 3745 3285 ι
3772 3236 3915 3289 Τίνα
3935 3238 4041 3305 γὰρ

2450 3317 2801 3385 εὐχαριστίαν
2839 3320 3119 3389 δυνάμεθα
3160 3323 3450 3377 ἀποδοῦναι
3502 3325 3643 3396 ὑπὲρ
3683 3328 3847 3395 ἡμῶν
3882 3349 3897 3395 ;
3937 3332 4041 3383 Καὶ

2450 3409 2610 3477 ἡμεῖς
2644 3405 2736 3463 οὖν
2776 3410 3142 3476 ἀδιαλείπτως
3176 3414 3669 3488 εὐχαριστήσωμεν
3688 3419 3768 3488 τῷ
3792 3421 3918 3490 Θεῴ
3948 3424 4041 3475 καὶ

2451 3499 2645 3567 Πατρὶ,
2701 3499 2783 3554 ὅτι
2841 3501 2942 3553 οὐκ
3000 3505 3256 3571 ἐφείσατο
3286 3505 3381 3558 τοῦ
3428 3510 3751 3577 μονογενοῦς
3782 3511 3922 3565 Υίοῦ
3956 3515 4037 3567 αὐ-

2448 3591 2564 3655 τοῦ,
2605 3591 2721 3644 ἀλλ’
2780 3592 2922 3663 ὐπὲρ
2957 3595 3113 3664 ἡμῶν
3169 3597 3391 3650 πάντων
3441 3600 3764 3669 παρέδωκεν
3797 3604 3993 3658 αὐτόν.
4018 3624 4034 3656 )

2449 3683 2951 3754 Εὐχαριστήσωμεν
2995 3686 3072 3756 τῷ
3113 3688 3253 3757 Υίῷ,
3282 3690 3363 3742 ὅτι
3399 3690 3489 3744 διὰ
3516 3692 3608 3745 τοῦ
3643 3693 3777 3746 ἰδίου
3802 3697 4041 3766 αἵματος

2446 3772 2782 3844 ἐξηγόρασεν
2816 3778 2963 3845 ἡμᾶς
2995 3778 3056 3829 ὲκ
3093 3781 3190 3847 τῆς
3223 3780 3467 3850 κατάρας
3497 3782 3590 3834 τοῦ
3637 3785 3832 3853 νόμου,
3885 3790 4041 3855 γενὸο

2451 3881 2608 3933 μενος
2642 3866 2780 3934 ὑπὲρ
2814 3866 2972 3934 ἡμῶν
3037 3870 3275 3937 κατάρα.
3304 3870 3412 3922 Καὶ
3461 3872 3584 3923 τίνα
3631 3870 3784 3925 αἶνον
3818 3876 3853 3945 ῆ
3917 3879 4039 3929 τίνι

2447 3957 2798 4025 εὐχαριστίαν
2830 3957 3110 4027 δυνάμεθα
3136 3960 3433 4014 ἀποδοῦναι
3466 3963 3615 4034 αὐτῷ
3645 3966 3777 4034 περὶ
3816 3968 4039 4022 πάντων

2446 4049 2555 4101 τῶν
2584 4048 2806 4115 ἀγαθῶν
2832 4045 2906 4102 ὧν
2926 4049 3198 4113 πλουσίως
3234 4054 3510 4123 παρέσχεν
3533 4058 3667 4125 ἡμῖν
3696 4063 3811 4121 τοῖς
3842 4078 4038 4114 ταπει-

2447 4144 2590 4204 νοῖς;
2624 4142 3122 4211 Εὐχαριστήσωμεν
3138 4142 3217 4213 τῷ
3243 4145 3384 4215 ἁγίῳ
3422 4146 3721 4216 Πνεύματι,
3755 4152 3834 4219 τῷ
3873 4153 4038 4222 λαλή-

2448 4248 2601 4283 σαντι
2632 4232 2689 4283 ἐν
2711 4232 2860 4301 νόμῳ
2889 4234 2982 4284 καὶ
3013 4236 3321 4301 προφήταις
3379 4236 3475 4288 καὶ
3507 4240 3574 4305 τῇ
3624 4239 3803 4311 Καινῇ
3828 4245 4035 4316 Διαθῆ-

2447 4336 2538 4390 κῃ,
2573 4321 2651 4391 τῷ
2681 4321 2966 4388 φωτίζοντι
2995 4323 3093 4381 τὰς
3121 4323 3362 4387 διανοίας
3391 4326 3551 4395 ἡμῶν
3575 4328 3682 4381 τῶν
3706 4333 4037 4404 ὲσκοτισμέ-

2446 4428 2574 4471 νων,
2594 4412 2672 4475 εἰς
2692 4414 3023 4481 κατανόησιν
3062 4414 3433 4483 καὶὲργασίαν
3456 4418 3563 4470 τῶν
3585 4419 3749 4472 αὐτοῦ
3777 4424 4031 4477 ἐντολῶν·

770 4507 899 4559 tabo
951 4515 1024 4567 te,
1062 4507 1205 4558 Dens
1258 4521 1414 4558 meus
1438 4520 1553 4569 rex,
1586 4514 1641 4558 et
1666 4505 2206 4559 contitebornomini
2247 4512 2341 4557 tuo

2450 4505 2537 4557 καὶ
2580 4504 2847 4570 ἀνοίγοντι
2890 4505 2954 4556 τὸ
2985 4508 3160 4574 στᾶμα
3190 4506 3349 4575 ἡμῶν
3370 4509 3451 4571 είς
3484 4508 3892 4580 ἐξομολόγησιν
3944 4518 4035 4568 καὶ

773 4598 825 4648 in
856 4597 1117 4650 szectdum
1138 4597 1205 4659 ";
1237 4595 1365 4663 quia
1392 4596 1665 4649 exaudisti
1700 4609 1786 4647 me
1818 4604 1873 4648 ct
1908 4595 2085 4649 factus
2118 4611 2180 4650 es
2209 4596 2343 4649 mihi

772 4687 824 4738 in
855 4687 1087 4740 salutem
1108 4688 1174 4737 ".
1201 4687 1279 4739 Ex
1310 4686 1458 4739 omni
1504 4686 1653 4739 enim
1708 4686 2063 4740 tribulatione
2098 4685 2347 4755 eripuisti

774 4794 859 4831 me
884 4778 948 4829 ³⁸.
1014 4777 1222 4830 Memor
1283 4777 1361 4830 fui
1421 4778 1536 4839 tui,
1596 4777 1862 4838 Domine,
1930 4785 1986 4829 et
2045 4777 2348 4829 delectatus

772 4882 895 4919 sum
924 4866 988 4918 ³³.
1017 4886 1034 4915 ι
1067 4866 1135 4919 Ει
1168 4883 1181 4918 ;
1219 4886 1235 4915 ι
1267 4866 1601 4919 Benedictus
1633 4873 1719 4917 est
1749 4864 1893 4918 Deus
1937 4864 2031 4931 qui
2063 4880 2170 4917 non
2199 4881 2350 4918 amo-

777 4956 853 5007 vit
897 4956 1205 5007 orationem
1261 4969 1438 5007 meam
1493 4963 1549 5007 et
1600 4954 2042 5007 misericordiam
2106 4969 2259 5007 suam
2316 4970 2347 5007 a

774 5046 950 5097 me".
979 5063 997 5094 ι
1058 5043 1164 5097 Sed
1210 5054 1266 5097 et
1315 5044 1522 5097 Isaias:
1566 5062 1583 5094 ι
1610 5043 1938 5097 Benedicam
1987 5051 2061 5107 te,
2097 5043 2346 5106 Domine,

773 5136 1036 5203 quoniam
1087 5135 1260 5187 iratus
1307 5150 1368 5188 cs
1422 5134 1579 5196 mihi,
1612 5144 1669 5187 et
1700 5135 1961 5187 misertus
1997 5148 2057 5187 es
2108 5134 2297 5188 mei”.
2325 5152 2343 5184 )

2447 4595 2800 4664 εὐχαριστίαν
2853 4596 2949 4666 τῆς
2994 4597 3159 4649 αὐτοῦ
3197 4598 3555 4669 ἀγαθότητος.
3582 4604 3757 4669 Φησὶν
3788 4605 3846 4658 δὲ
3882 4609 3981 4659 καὶ
4008 4611 4034 4661 6

2446 4686 2835 4754 εὐαγγελιστής
2852 4703 2867 4719 ⁸
2908 4706 2926 4738 ι
2968 4688 3058 4740 Ἑν
3083 4689 3277 4759 ἐκείνῳ
3323 4690 3402 4760 τῷ
3425 4691 3623 4761 καιρῷ,
3648 4695 3980 4764 ἀποκριθεὶς
4006 4701 4035 4750 6

2460 4774 2666 4841 Ἰησοῦς
2689 4770 2864 4840 εἶπεν,
2882 4776 3340 4846 Ἐξομολογοῦμαί
3364 4796 3468 4845 σοι,
3492 4783 3695 4852 Πάτερ,
3734 4786 3914 4856 Κύριε
3940 4789 4033 4840 τοῦ

2448 4866 2682 4934 οὐρανοῦ
2751 4866 2845 4918 καὶ
2878 4867 2980 4936 τῆς
3010 4869 3132 4937 γῆς,
3162 4870 3242 4921 ὅτι
3277 4871 3603 4941 ἀπέκρυψας
3623 4874 3798 4928 ταῦτα
3822 4878 3938 4930 ἀπὸ
3960 4896 4035 4931 σο-

2453 4958 2569 5024 φῶν
2622 4959 2716 5010 καὶ
2748 4960 3007 5023 συνετῶν,
3034 4960 3129 5013 καὶ
3162 4962 3523 5032 ἀπεκάλυψας
3554 4966 3693 5019 αὐτά
3724 4970 3977 5039 νηπίοις·
4008 4991 4026 5022 ι

2454 5050 2565 5110 ναὶ,
2599 5049 2626 5099 6
2650 5049 2871 5118 Πατὴρ,
2902 5051 2985 5103 ὅτι
3010 5050 3184 5113 οὕτως
3214 5053 3431 5119 ἐγένετο
3461 5056 3678 5110 εὐδοκία
3716 5058 4032 5130 ἔμπροσθέν

2457 5154 2575 5191 σου.
2600 5139 2759 5209 Αὐτῷ
2794 5141 2826 5209 ἡ
2852 5141 2980 5207 δόξα
3001 5147 3081 5206 είς
3114 5146 3239 5206 τοὺς
3268 5146 3491 5209 αἰῶνας.
3530 5150 3725 5219 Ἀμήν.

775 5226 1108 5278 Zacharias:
1144 5225 1237 5278 «Si
1271 5224 1403 5292 quid
1476 5224 1704 5289 bonum,
1736 5225 1899 5292 ejus:
1967 5231 2024 5277 et
2063 5223 2107 5276 si
2155 5223 2294 5292 ‘qnid
2358 5226 2648 5292 pulchrum
2678 5268 2692 5291 ,
2744 5228 2813 5281 ab
2862 5230 3006 5284 eo“.
3032 5251 3049 5282 )
3101 5233 3301 5286 Paulus
3364 5251 3585 5306 quoque
3641 5242 3718 5294 ait
3756 5262 3769 5295 :
3812 5264 3830 5295 ι
3860 5246 4031 5301 Omne

773 5316 1142 5384 quodcunque
1187 5315 1369 5369 facitis
1404 5315 1459 5367 in
1527 5315 1700 5369 verbo
1734 5324 1829 5369 aut
1874 5315 1930 5368 in
1976 5331 2163 5383 opere,
2205 5314 2390 5369 omnia
2430 5317 2487 5370 in
2531 5319 2756 5373 nomine
2809 5320 2937 5375 Jesu
2988 5322 3194 5379 Christi
3244 5327 3406 5383 facile
3457 5332 3522 5391 ³⁵.
3555 5335 3763 5401 gratias
3810 5352 4033 5407 agentes

778 5409 888 5463 beo
926 5417 983 5462 et
1011 5408 1160 5461 Patri
1204 5423 1301 5477 per
1350 5407 1527 5477 ipsum
1552 5408 1614 5461 ³⁸.
1658 5428 1675 5458 ι
1714 5408 1916 5463 lterum

842 5630 888 5659 ’θ
916 5628 1125 5681 Cotoss.
1162 5646 1236 5687 vi.
1292 5630 1377 5682 15.
1475 5632 1515 5661 ²¹
1542 5630 1643 5684 101)
1698 5646 1733 5685 t.
1770 5630 1860 5682 21.

776 5698 821 5728 ’θ
855 5696 993 5750 Psai.
1042 5715 1161 5759 nx,
1206 5702 1287 5752 l9.
1370 5700 1414 5729 ’⁷
1450 5701 1589 5752 Psal.
1625 5715 1786 5762 1.xxu,
1816 5698 1906 5752 26.

776 5767 864 5821 M.
942 5766 1145 5822 “l’sal.
1181 5786 1298 5825 ιλιι.
1342 5769 1429 5823 ‘30.
1508 5770 1551 5800 ³³
1582 5770 1681 5823 lsa.
1711 5774 1864 5829 MM.

1939 5630 1984 5659 “
2022 5627 2125 5682 101)
2185 5644 2242 5691 ll,
2272 5629 2324 5683 9.

2407 5632 2454 5663 ²³
2487 5631 2619 5687 ibid.
2660 5635 2746 5689 10.

1981 5698 2036 5769 "_
2052 5698 2192 5769 Psal.
2221 5714 2397 5761 cxuv,
2423 5701 2445 5753 1
2529 5705 2571 5734 ”
2600 5705 2739 5759 Psal.
2763 5722 2906 5769 συν,
2942 5706 3029 5759 14.

1942 5766 1983 5799 ³⁸³
2004 5766 2231 5821 Zachar.
2259 5785 2331 5833 Ix,
2374 5770 2459 5825 17.

1962 5424 1975 5459 :
2015 5426 2031 5457 ι
2060 5408 2232 5473 Quam
2287 5408 2435 5462 enim
2477 5410 2777 5475 gratiarum
2818 5414 3091 5469 actionem
3156 5433 3448 5487 possumus
3499 5424 3734 5483 reddere
3801 5446 3907 5499 pro
3946 5447 4032 5487 vo-

2861 5635 2903 5665 “
2939 5635 3146 5714 ΙίῐίεεςΖ
3175 5638 3383 5714 12.35.
3481 5642 3526 5714 ξ’
3549 5642 3692 5697 Psal.
3734 5662 3918 5714 xxxrv,
3945 5650 4026 5706 10.

3174 5707 3313 5785 Bsal.
3346 5724 3453 5773 Lm,
3478 5710 3539 5785 9:
3612 5713 3655 5745 ³⁸
3684 5716 3832 5771 Psal.
3856 5706 4024 5785 Liva,

2538 5774 2581 5806 ³⁵
2608 5774 2813 5844 Ephes.
2848 5793 2900 5838 v,
2930 5774 3020 5828 20.
3098 5776 3143 5809 ³⁸
3174 5776 3335 5831 Rom.
3365 5794 3483 5839 γη).
3512 5782 3604 5836 5!.
