4178 6424
146 419 274 482 lSOI
885 417 1208 478 IIOM‘iLlA
1253 417 1607 478 CXVIII.—
1637 416 1735 476 DE
1777 415 2350 479 DELECTATIONE
2391 418 2470 478 IN
2515 417 2681 478 DEO.
3269 421 3406 485 I802

142 524 364 575 his’”?
398 524 506 577 Nos
548 527 731 590 itaque
784 524 893 576 Ilen
952 534 1003 578 et
1075 524 1225 578 Patri
1294 532 1574 593 perpetem
1616 531 1670 576 et
1716 522 2044 576 indivulsam
2091 524 2392 593 gratiarum
2427 524 2700 578 actionem
2754 524 3144 593 rependamns,
3208 532 3302 598 qui
3348 546 3418 585 ne

140 615 430 684 nuigeuito
465 616 686 683 quidem
727 616 862 668 Filio
892 631 991 668 sun
1019 615 1286 684 pepercit,
1316 614 1408 666 sed
1455 628 1552 682 pro
1579 613 1738 666 nobis
1776 614 2034 666 omnibus
2077 614 2243 668 tradit
2290 615 2442 667 illttm
2467 614 2597 668 ³⁸⁸⁸.
2642 614 2859 670 Gratias
2922 617 3149 687 insuper
3195 635 3420 690 agamus

141 708 369 759 Christo
399 707 531 772 Deo,
569 707 696 775 quia
725 722 825 759 nos
859 708 992 759 lauti
1035 706 1326 758 aestimavit
1363 719 1502 772 quos
1531 704 1754 772 proprio
1792 704 2058 772 sanguine
2101 704 2391 758 redimeret
2421 704 2490 758 de
2561 705 2854 759 maledicto
2894 708 3051 777 legis,
3087 708 3268 765 factus
3301 710 3417 781 ipse.

143 799 323 852 nostri
350 815 516 853 causa
542 797 896 852 maledictum
957 797 1021 848 ³⁷.
1059 797 1299 863 Ecquam
1363 793 1602 852 laudem,
1664 806 1897 862 quamve
1955 793 2256 861 gratiarum
2320 794 2596 848 actionem
2647 795 2749 864 ipsi
2804 798 3080 864 posshnus
3129 802 3417 856 exsolvere

142 907 246 960 pro
279 891 542 943 onmibns
569 888 731 942 bonis
760 903 882 957 qua:
911 887 1071 940 nobis
1107 887 1411 940 humilibus
1453 886 1742 954 opulenter
1780 885 2053 938 contulit?
2119 885 2337 940 Gratias
2396 886 2636 956 denique
2681 901 2910 956 agamus
2937 901 3127 944 sancto
3160 891 3417 962 Spiritui,

142 979 238 1046 qui
290 979 343 1030 in
397 978 536 1045 lege,
574 976 630 1028 in
683 976 994 1046 prophetis,
1038 977 1245 1044 1221
1301 975 1354 1028 in
1406 974 1559 1028 Novo
1611 974 1739 1027 item
1780 976 2000 1028 locutus
2067 984 2151 1028 est
2218 976 2593 1039 Testamento,
2625 977 2722 1046 qui
2772 987 2989 1034 mentes
3017 993 3234 1038 nostras
3263 985 3420 1054 prius

142 1069 372 1137 quidem
402 1070 569 1121 densa
601 1069 836 1138 caligine
870 1068 1233 1136 iguoratinnis
1255 1077 1428 1120 tectas
1455 1066 1730 1120 illustrare
1770 1067 2030 1135 dignatus
2064 1076 2148 1119 est
2185 1065 2252 1119 ad
2320 1069 2688 1138 cognitionem
2759 1072 3249 1142 operationemque
3289 1090 3419 1128 suo-

151 1177 270 1214 rum
310 1161 482 1228 ipsius
533 1163 938 1221 mandatorum,
982 1161 1077 1228 qui
1130 1176 1193 1212 os
1257 1169 1506 1213 nostrum
1568 1160 1860 1227 adaperuit
1908 1160 1973 1213 ad
2018 1158 2422 1212 confessionem
2456 1171 2513 1214 et
2574 1162 2877 1230 gratiarum
2933 1164 3208 1218 actionem
3260 1166 3423 1219 boni-

147 1253 280 1304 tatis
316 1251 510 1319 ipsius.
544 1253 628 1304 Ait
664 1252 892 1318 insuper
936 1249 1270 1316 evangelista
1303 1266 1314 1300 :
1355 1269 1371 1299 ι
1408 1251 1466 1301 ln
1506 1248 1598 1300 illo
1632 1259 1878 1317 tempore
1929 1249 2272 1318 respondens
2331 1250 2491 1303 Jesus
2543 1251 2718 1304 dixit:
2746 1252 3028 1308 Confiteor
3097 1254 3219 1318 tibi,
3259 1255 3420 1310 Pater

151 1345 388 1396 Domine
427 1345 553 1396 ειπειί
600 1353 654 1396 et
702 1342 1036 1410 terrm,quia
1073 1341 1411 1394 abscondisti
1464 1341 1633 1393 lueea
1665 1341 2007 1408 sapientibus
2050 1351 2106 1395 et
2155 1342 2548 1411 prudentibus,
2588 1352 2645 1396 et
2708 1347 2962 1400 revelasti
3023 1361 3090 1400 ea
3155 1349 3420 1417 parvulis.

147 1437 247 1500 Ita,
282 1437 468 1497 l’ater,
498 1435 625 1504 quia
659 1434 737 1487 sic
769 1434 870 1486 fuit
899 1434 1160 1502 placitum
1195 1441 1323 1487 ante
1360 1442 1409 1486 le
1433 1432 1528 1483 ³⁸.»
1572 1431 1675 1500 Ipsi
1703 1432 1874 1500 gloria
1905 1432 1957 1485 iu
1985 1434 2201 1487 saecula.
2234 1434 2429 1486 Amen.

749 1548 968 1600 ΛΟΓΟΣ
999 1546 1148 1600 PIII'.

461 1661 600 1728 Περὶ
631 1661 742 1727 τῆς
768 1663 839 1714 ἐν
871 1661 992 1724 Θεῷ
1020 1658 1429 1728 εὐφροσύνης.

231 1778 296 1829 'll
317 1776 562 1844 ἀοίδιμος
581 1775 914 1846 εὐφροσύνη,
939 1774 1046 1825 τῶν
1064 1774 1166 1840 τὴν
1193 1773 1330 1842 πρὸς
1357 1772 1488 1823 Θεὸν
1519 1770 1736 1822 τελείαν

148 1869 376 1936 ἀγάπην
406 1869 765 1937 κεκτημένων
792 1867 964 1918 ἐστίν.
1005 1865 1161 1916 Ὅσοι
1196 1863 1603 1932 ὲμφορηθέντες
1636 1861 1732 1913 τοῦ

147 1961 310 2028 ἀγίου
342 1961 658 2030 Πνεύματος
683 1960 742 2010 ὲν
772 1957 922 2028 αὐτῷ
945 1956 1354 2027 εὐφραίνονται,
1373 1957 1421 2007 οἱ
1451 1955 1578 2023 περὶ
1606 1954 1732 2016 τοὺς

146 2054 515 2116 ἀποστόλους,
549 2051 645 2104 καὶ
661 2051 970 2120 προφήτας,
998 2050 1092 2101 καὶ
1121 2048 1425 2118 μάρτυρας,
1446 2048 1539 2099 καὶ
1565 2048 1612 2097 οἱ
1640 2046 1732 2096 τέ-

148 2146 286 2196 λειοι
317 2144 580 2211 ἀσκηταὶ,
613 2142 812 2203 οἵτινες
839 2144 966 2203 τοὺς
997 2141 1297 2209 διωγμοὺς,
1341 2143 1439 2190 καὶ
1483 2138 1584 2200 τὰς
1620 2137 1728 2186 Ολῐς

146 2237 298 2305 ψεις,
332 2238 429 2288 καὶ
463 2235 562 2298 τὰς
605 2236 897 2303 βασάνους,
949 2231 1295 2302 εὐφροσύνην
1347 2230 1612 2298 ἡγοῦντο·
1643 2231 1739 2280 καὶ

150 2332 336 2382 πάντα
373 2328 442 2382 τὰ
479 2328 574 2380 τοῦ
613 2328 846 2396 κόσμου.
875 2326 952 2386 ὡς
986 2325 1236 2377 σκύϐαλα
1286 2323 1624 2388 ὲλογίσαντο,
1653 2321 1738 2372 ἵνα

149 2418 392 2487 Χριστὸν
422 2415 784 2484 κερδήσωσιν.
812 2414 884 2465 Τὸ
921 2412 1051 2482 πῦρ,
1086 2413 1154 2464 «ca
1192 2411 1380 2480 θηρία,
1416 2411 1484 2462 τά
1522 2409 1670 2479 ξίφη,
1705 2410 1737 2478 ἠ

151 2509 336 2577 λιμὸς,
364 2510 392 2560 ὁ
420 2507 654 2576 κρυμὸς,
690 2507 785 2557 καὶ
815 2505 882 2557 τά
917 2505 1080 2557 λοιπά
1114 2505 1294 2556 πάντα
1326 2502 1610 2572 ηὐφρανεν
1641 2501 1738 2553 αὐ-

151 2601 305 2661 τοὺς,
337 2598 426 2650 διὰ
452 2597 552 2668 τὴν
590 2600 669 2659 εἰς
696 2595 827 2648 Θεὸν
861 2596 1086 2665 ἀγάπην
1107 2613 1120 2625 ·
1155 2594 1335 2656 καθὼς
1374 2596 1472 2646 καὶ
1508 2593 1738 2654 Ἡσαΐας

151 2691 485 2760 διαγορεύει.
516 2707 534 2739 ι
565 2689 841 2751 Ἔσονται,
872 2690 1058 2756 φησὶν,
1085 2685 1488 2755 λελυτρωμένοι
1509 2683 1739 2736 καὶσυν-

153 2783 388 2852 ηγμένοι
422 2782 511 2833 διὰ
569 2782 774 2850 Κύριον
795 2797 809 2811 ·
842 2779 1155 2849 εὐφροσύνη
1204 2779 1420 2839 αἰώνιος
1473 2775 1611 2846 ὑπὲρ
1641 2792 1737 2826 κε-

2355 1545 2638 1601 IIOZIIILIA
2676 1547 2910 1604 CXVIII.

2118 1656 2195 1710 De
2238 1658 2422 1711 (milia
2455 1668 2504 1710 ct
2533 1659 2880 1714 delectatione
2918 1665 2972 1716 in
3019 1664 3144 1720 Deo.

1911 1772 2114 1825 Eorum
2148 1783 2230 1827 est
2258 1773 2563 1827 oblectatio
2582 1774 2885 1844 laetitiaque
2925 1778 3013 1832 illa
3036 1780 3297 1847 celebris,
3324 1784 3421 1852 qui

1837 1879 1966 1932 erga
2000 1864 2171 1916 Deum
2202 1863 2532 1918 charitatcm
2559 1865 2863 1934 perfectam
2899 1869 3110 1939 indepti
3130 1872 3242 1942 jam
3269 1882 3422 1931 sunt.

1838 1957 1972 2009 Nam
2032 1965 2309 2025 quotquot
2383 1958 2678 2025 praesentia
2745 1960 3112 2027 perfruuntur
3182 1963 3426 2034 Spiritus

1839 2048 2040 2110 sancti,
2069 2049 2124 2100 in
2160 2049 2281 2116 ipso
2311 2048 2699 2118 jucundantur
2741 2060 2798 2104 et
2831 2054 3276 2120 eahilarescunt,
3327 2059 3424 2128 qui

1841 2140 2108 2192 nimirum
2149 2140 2544 2208 Apostolorum
2573 2151 2706 2195 sunt
2738 2155 3133 2212 assectatorcs,
3172 2148 3428 2218 Prophe-

1841 2241 2021 2284 tarum
2055 2242 2112 2286 et
2154 2232 2477 2303 Martyrum,
2523 2235 2618 2302 qui
2673 2235 2728 2290 in
2766 2239 3070 2292 mouastica
3130 2238 3428 2310 disciplina

1839 2333 2106 2377 exercent
2143 2340 2224 2388 se,
2267 2325 2362 2393 qui
2412 2329 2856 2394 persecutiones,
2893 2328 3249 2394 alllictiones,
3315 2341 3430 2384 tor-

1843 2425 2034 2468 menta
2072 2415 2291 2468 ducunt
2325 2415 2641 2470 animiesse
2670 2416 2940 2486 integram
2992 2419 3427 2488 jucunditatetu,

1839 2515 2040 2574 etqu:e
2092 2505 2283 2559 mundi
2340 2515 2471 2559 sunt
2519 2511 2706 2561 omnia
2759 2509 2827 2562 ad
2886 2524 3088 2563 suaves
3131 2509 3431 2568 illecebras

1841 2597 2218 2665 prolicientia,
2252 2597 2374 2649 loco
2405 2597 2727 2651 habuerunt
2752 2599 2945 2652 vilium
2983 2608 3320 2664 stercorum,
3368 2611 3430 2654 ut

1839 2689 2123 2743 Christum
2146 2688 2560 2742 lucrifacerent.
2579 2689 2746 2758 Ignis,
2774 2691 2988 2755 bestiae,
3013 2693 3206 2762 gladii,
3230 2691 3425 2754 fames.

1843 2780 2177 2848 praecipitia,
2218 2789 2273 2833 et
2307 2795 2429 2848 qua:
2463 2792 2771 2850 supersunt
2797 2791 3018 2846 caetera,
3058 2783 3198 2840 tales
3232 2785 3428 2841 oblec-

155 2875 334 2942 φαλῆς
355 2872 564 2925 αὐτῶν
600 2874 696 2925 καὶ
743 2871 1062 2939 ἀγαλλίαμα
1097 2871 1190 2922 καὶ
1221 2871 1532 2938 εὐφροσύνη
1569 2882 1737 2918 κατα-

1849 2880 1981 2933 tant,
2006 2871 2136 2925 dmn
2175 2871 2273 2924 toti
2301 2871 2355 2924 in
2386 2872 2558 2926 Deum
2607 2871 2846 2940 ﬂagrant
2897 2873 3194 2938 cbaritate,
3229 2887 3430 2931 conte-

154 2967 392 3034 λήψεται
418 2963 637 3026 αὐτούς.
667 2981 684 3014 ι
723 2965 829 3015 Kal
853 2963 1036 3014 πάλινο
1073 2979 1091 3010 ι
1123 2959 1443 3029 Εὐφροσύνη
1470 2957 1612 3026 ὑπὲρ
1639 2974 1731 3008 κε-

156 3057 335 3124 φαλῆς
357 3056 558 3108 αὐτῶν.
575 3057 685 3116 lli;
699 3053 878 3112 ὁὸρῶν
896 3052 1114 3117 αὐτοὺς,
1133 3051 1495 3118 ἐπιγνώσεται
1517 3047 1736 3108 αὐτοὺς,

162 3169 182 3198 ι
205 3150 332 3200 Ὀτι
358 3142 506 3200 οὗτοί
527 3149 664 3199 εἰσιν
691 3146 914 3212 σπέρμα
942 3143 1308 3212 ευλογημένον
1325 3141 1430 3193 ὐπὸ
1451 3137 1611 3203 Θεοῦ,
1643 3136 1740 3190 καὶ

156 3239 623 3309 εὐφρανθήσονται
659 3237 751 3288 ἐπὶ
785 3235 1008 3302 Κύριον.
1079 3253 1098 3286 ι
1155 3235 1263 3286 Kal.
1289 3228 1481 3292 αὖθις-ο
1533 3250 1551 3282 ι
1602 3230 1737 3282 Ἰδοῦ

156 3331 210 3380 ol.
256 3327 601 3388 δουλεύοντες
644 3342 755 3394 μοι,
789 3326 1074 3392 φάγονται,
1110 3321 1204 3374 καὶ
1238 3322 1474 3379 πίονται,
1522 3318 1620 3369 καὶ
1651 3317 1742 3367 εὐ-

159 3418 571 3488 φρανθήσονται
618 3415 715 3469 καὶ
764 3414 1188 3481 ἀγαλλιάσονται
1250 3413 1308 3460 tv
1338 3406 1668 3477 εὐφροσύνῃ.
1717 3423 1736 3454 ι

163 3509 278 3562 Καὶ
309 3510 337 3559 ὁ
369 3507 628 3576 Σοφονῖας
650 3522 663 3536 ο
705 3523 722 3553 ι
781 3504 1003 3567 Ἐπάξει
1060 3504 1153 3553 ἐπὶ
1177 3505 1236 3552 σὲ
1273 3498 1615 3568 εὐφροσύνην
1647 3497 1742 3547 xal.

160 3602 372 3652 αἷνεσιν
388 3603 445 3652 ἐν
469 3602 536 3668 τῇ
557 3598 834 3666 ἀγαπήσει
859 3593 1045 3646 αὐτοῦ.
1085 3611 1103 3642 ›
1147 3592 1254 3642 Kal.
1281 3590 1496 3655 Ναούμ,
1531 3605 1548 3637 ι
1590 3585 1742 3654 Ἐόρ-

162 3676 318 3756 uta,
347 3691 542 3758 λέγων,
586 3689 759 3741 Ἰούδα
796 3687 893 3749 τὰς
923 3684 1114 3754 ἑορτάς
1148 3700 1266 3746 σου,
1313 3681 1511 3741 ἀπόδος
1552 3679 1742 3747 Κυρίῳ

159 3785 263 3847 τὰς
279 3783 448 3852 εὐχάς
478 3798 572 3834 σου
592 3798 605 3810 ·
638 3781 722 3832 ὃτι
749 3777 918 3848 ἀνέϐη
947 3779 976 3828 ὁ
1018 3773 1282 3845 ἐμφυσῶν
1313 3773 1392 3832 εἰς
1448 3768 1743 3838 πρόσωπόν

164 3893 282 3927 σου.
312 3893 330 3923 ι
374 3874 480 3926 Kal.
506 3876 533 3925 ὁ
557 3871 792 3941 Χριστὸς
824 3873 938 3931 τοῖς
960 3866 1306 3928 ἀποστόλοις,
1335 3863 1510 3931 λέγων
1531 3879 1542 3890 ’
1579 3881 1596 3912 ι
1635 3859 1745 3912 Λά-

163 3968 293 4019 ϐετε
322 3963 547 4032 Πνεῦμα
575 3964 751 4030 ἀγιον.
782 3980 800 4013 ι
839 3963 987 4013 Καὶὸ
1012 3958 1198 4021 Δαυῖδ,
1228 3976 1246 4008 ι
1278 3954 1746 4025 Εὐφρανοήσομαι

167 4056 266 4108 καὶ
300 4054 698 4122 ἀγαλλιάσομαι
723 4053 780 4105 ὲν
806 4051 908 4104 σοί.
949 4069 1042 4100 r—
1066 4068 1083 4099 ι
1121 4048 1269 4115 Αῦτη
1337 4046 1448 4114 γὰρ
1482 4047 1514 4114 ὴ
1542 4044 1743 4112 ἡμέρα,

163 4151 234 4218 ἢν
260 4146 518 4216 ἐποίησεν
536 4144 780 4214 ὁΚύριος
795 4159 809 4173 ·
831 4137 1290 4209 ἀγαλλιασὼμεθα
1321 4140 1414 4190 καὶ
1438 4133 1747 4203 εὐφρανθῶ·

169 4257 276 4311 μεν
307 4243 366 4292 tv
392 4240 584 4308 αὐτῇ’›
608 4234 810 4304 δηλαδὴ
839 4235 872 4302 ἠ
902 4233 1000 4285 τοῦ
1037 4229 1274 4301 Χριστοῦ
1308 4229 1701 4295 ἀναστάσιμος.
1726 4244 1743 4276 ι

168 4332 305 4386 Kai'
332 4349 350 4380 ι
394 4329 672 4397 Εὐφρανον
705 4324 800 4394 τὴν
819 4324 998 4392 ψυχὴν
1024 4323 1116 4374 τοῦ
1132 4321 1318 4372 δούλου
1342 4318 1586 4370 σου.”οτι
1618 4316 1754 4384 πρὸς

171 4424 253 4484 at,
287 4421 482 4490 Κύριε,
517 4415 625 4487 ἦρα
651 4417 750 4486 τὴν
771 4415 947 4484 ψυχήν
968 4432 1092 4478 μου.
1116 4432 1133 4463 ι
1172 4415 1300 4473 Καὶ,
1325 4431 1343 4460 ι
1379 4411 1442 4463 'II
1475 4408 1620 4478 ψυχή
1651 4425 1752 4476 μου

179 4512 562 4581 ὶγαλλιάσεται
593 4508 685 4560 ἐπὶ
716 4505 1401 4576 τῷΚυρίῳηερφυήσεται
1423 4501 1513 4552 ἐπὶ
1538 4499 1616 4569 τῷ
1652 4515 1757 4549 σω-

170 4581 348 4674 τηρίῳ
366 4598 553 4653 αὐτοῦ.
596 4617 718 4650 ›-ι
760 4599 870 4650 Kal.
901 4598 1009 4666 γὰρ
1038 4594 1323 4664 ηὐφράνθη
1344 4591 1591 4662 ήκαρδῑα
1626 4606 1754 4661 μου,

170 4695 271 4745 καὶ
295 4691 671 4760 ἠγαλλιάσατο
689 4692 721 4759 ἡ
743 4689 968 4756 γλῶσσά
984 4705 1107 4758 μου,
1126 4689 1208 4739 ὅτι
1235 4683 1544 4753 πληρώσεις
1573 4699 1640 4752 με
1659 4682 1751 4734 εὐ-

174 4779 470 4851 φροσύνης,
508 4777 646 4848 μετά
683 4777 779 4829 τοῦ
804 4776 1100 4847 προσώπου
1134 4791 1248 4827 σου.
1276 4792 1294 4822 ι
1324 4774 1432 4825 Kal.
1463 4770 1753 4842 ἐμπλησοῇ

175 4892 263 4938 τις
306 4871 560 4945 τοιαύτης
591 4870 933 4939 εὐφροσύνης
977 4869 1064 4921 διά
1094 4869 1195 4935 τῆς
1227 4868 1305 4928 εἰς
1338 4865 1471 4917 Θεὸν
1511 4864 1751 4932 ἀγάπης.

182 4972 248 5023 Ἡ
277 4971 388 5041 γάρ
413 4971 724 5038 εὐφροσύνη
765 4965 875 5018 τῶν
902 4963 1148 5024 δικαίων,
1181 4963 1214 5029 ἡ
1264 4962 1344 5022 εἰς
1400 4959 1534 5011 Θεὸν
1564 4958 1755 5024 ἀγάπη

171 5061 346 5116 ἐστίν.
369 5060 570 5114 Λοιπὸν
604 5060 700 5112 καὶ
738 5055 930 5117 ἄλλους
967 5053 1360 5123 προτρέπεται,
1401 5068 1419 5100 ι
1456 5049 1644 5110 Δεῦτε,
1669 5046 1758 5099 λέ-

171 5167 328 5218 γων,
393 5145 881 5216 ’Δγαλλιασώμεοα
955 5144 1033 5215 τῷ
1088 5141 1298 5210 Κυρίῳ.
1340 5157 1358 5188 ι
1390 5139 1522 5202 Καὶ,
1567 5156 1585 5189 ι
1622 5139 1752 5188 Δου-

171 5241 405 5294 λεύσατε
433 5240 510 5309 τῷ
539 5239 727 5308 Κυρίῳ
755 5242 812 5290 tv
830 5239 981 5305 φόὸῳ
1001 5236 1096 5288 καὶ
1113 5237 1169 5286 tv
1195 5231 1524 5302 εὐφροσύνῃ.
1567 5249 1585 5282 ι
1621 5230 1753 5289 Kal,

181 5355 200 5384 ε
236 5331 677 5400 Κατατρύφησον
705 5329 800 5380 τοῦ
823 5328 1082 5395 Κυρίου,ι
1107 5323 1406 5384 τουτέστιν,
1424 5320 1758 5374 Ἀπόλαυσον

172 5427 277 5495 τῆς
336 5423 671 5490 γλυκύτητος
735 5419 934 5473 αὐτοῦ.
993 5437 1011 5467 ι
1076 5418 1224 5481 Φάγε
1281 5415 1412 5483 γάρ,
1461 5414 1566 5475 υἱὲ,
1613 5413 1755 5482 μέλι,

1845 2970 2029 3015 stante
2057 2962 2218 3025 Isaia,
2255 2981 2273 3013 ι
2324 2961 2504 3016 Erunt
2546 2961 2824 3030 redempti
2868 2972 2926 3016 et
2954 2967 3272 3034 congregati
3329 2983 3429 3035 per

1842 3052 2162 3113 Dominum,
2219 3052 2412 3105 laetitia
2483 3052 2826 3122 sempiterna
2880 3069 3051 3122 super
3106 3063 3278 3124 caput
3333 3072 3431 3111 eo-

1843 3143 2047 3196 rum".
2089 3161 2108 3193 ι
2144 3140 2336 3197 Omnis
2369 3141 2567 3198 videns
2587 3157 2708 3208 eos,
2740 3151 3040 3212 cognoscet
3067 3144 3211 3209 illos,
3245 3163 3264 3197 ‹
3297 3149 3428 3215 quia

1845 3233 1932 3287 isti
1969 3242 2101 3287 sunt
2123 3249 2312 3287 semen
2345 3232 2706 3288 benedictum
2754 3248 2785 3287 a
2814 3234 2948 3296 Deo,
2999 3243 3059 3289 et
3093 3234 3424 3290 la:tabuntur

1845 3340 2012 3393 super
2042 3325 2336 3378 Dominum
2359 3324 2425 3377 ⁸ο.
2468 3342 2486 3374 ι
2530 3325 2783 3377 Rursus:
2816 3343 2834 3374 ‹
2870 3324 3010 3378 Ecce
3034 3324 3130 3393 qui
3175 3325 3430 3381 serviunt

1847 3413 2005 3474 mihi,
2033 3413 2349 3472 comedent.
2388 3413 2609 3476 bibent,
2638 3421 2696 3467 et
2717 3414 3081 3480 laetabuntur,
3111 3416 3428 3471 etexsulta-

1845 3505 1984 3558 lnmt
2019 3505 2071 3556 in
2100 3504 2377 3557 laetitia".
2423 3522 2440 3553 ι
2477 3503 2826 3573 Sophonias:
2861 3523 2880 3554 ι
2910 3505 3141 3560 Inducet
3177 3521 3348 3576 super
3374 3517 3428 3560 te.

1845 3594 2090 3646 lzetitiam
2123 3594 2177 3647 in
2228 3595 2527 3649 dilectione
2573 3598 2756 3649 sua“.
2795 3615 2812 3646 ι
2848 3597 3045 3659 Naum,
3112 3615 3131 3648 ι
3167 3597 3427 3657 Celebra.

1844 3686 2410 3748 .luda:a,festivitates
2454 3697 2596 3749 tuas,
2646 3688 2817 3742 redde
2861 3689 3097 3742 Domino
3143 3700 3273 3745 vota
3313 3699 3428 3747 tua.

1846 3776 1977 3844 quia
2008 3775 2261 3830 ascendit
2287 3775 2576 3830 insquIans
2609 3775 2662 3829 in
2690 3776 2886 3829 facient
2918 3777 3152 3830 tuam".
3187 3796 3204 3829 ι
3241 3777 3429 3832 Domi-

1849 3883 1953 3919 nus
1976 3867 2107 3919 item
2135 3867 2214 3919 ait
2238 3865 2563 3934 diseipulis:
2616 3885 2634 3916 ι
2668 3867 2915 3934 Accipite
2946 3866 3218 3935 Spiritum
3269 3881 3402 3921 sane

1851 3963 1966 4008 tum
1989 3956 2058 4008 “.
2102 3974 2120 4006 ι
2165 3954 2362 4017 David,
2402 3972 2420 4004 ι
2452 3953 2706 4007 Laetabor
2730 3964 2787 4008 et
2820 3954 3114 4009 cxsultabo
3156 3955 3213 4009 in
3239 3954 3369 4009 te“.
3406 3973 3425 4005 ο

1847 4077 1919 4087 -
1955 4067 1973 4098 ‹
2006 4048 2134 4101 Ητιξο
2156 4048 2304 4100 enim
2349 4046 2468 4100 dies
2492 4061 2656 4113 quam
2693 4045 2826 4099 fecit
2869 4047 3158 4107 Dominus,
3190 4046 3435 4100 exsulte-

1853 4153 1977 4192 mus
2035 4148 2092 4192 et
2136 4138 2387 4191 hetemnr
2431 4137 2483 4189 in
2535 4136 2696 4189 ea“:
2738 4154 2756 4186 ι
2827 4151 3026 4206 nempe
3095 4134 3436 4191 resurrectio

1853 4228 2088 4282 Christi.
2125 4228 2218 4280 Et:
2254 4246 2271 4276 ι
2307 4226 2548 4280 [ιτειηίριι
2574 4227 2841 4288 animam,
2867 4227 3119 4289 Domine,
3153 4227 3300 4281 servi
3331 4227 3433 4286 tui,

1853 4320 1983 4388 quia
2007 4320 2075 4372 ad
2096 4326 2148 4370 te
2177 4317 2356 4371 levavi
2398 4317 2638 4371 animant
2685 4333 2862 4370 meam
2886 4318 2950 4370 δ’.
2987 4336 3004 4367 ι
3036 4318 3104 4371 Et
3135 4337 3149 4372 :
3189 4335 3207 4368 ι
3238 4317 3435 4370 Anima

1855 4426 1977 4464 mea
2031 4408 2331 4462 exsultabit
2397 4408 2452 4461 in
2510 4407 2784 4470 Domino,
2834 4407 3210 4462 delectabitur
3270 4423 3440 4477 super

1854 4503 2083 4557 salutari
2143 4516 2246 4555 suo
2271 4499 2337 4554 δ’.
2400 4517 2418 4548 ι
2470 4529 2540 4540 --
2577 4518 2594 4550 ι
2631 4499 2851 4553 Etenim
2901 4499 3145 4553 laetatum
3200 4507 3288 4553 est
3343 4514 3441 4553 cor

1856 4609 2062 4655 meum,
2097 4600 2155 4645 et
2179 4591 2478 4645 exsultavit
2510 4591 2699 4660 lingua
2734 4607 2878 4654 mea,
2911 4591 3043 4660 quia
3081 4592 3324 4661 replebis
3352 4608 3440 4646 me

1853 4683 2202 4754 jncunditate
2236 4697 2362 4736 cum
2394 4682 2552 4735 vultu
2585 4690 2680 4734 tuo
2696 4684 2775 4735 δ’.
2814 4701 2831 4732 ι
2881 4681 3240 4738 Jueunditate
3289 4684 3440 4738 enim

1860 4775 2320 4844 taliadimpletur
2342 4774 2471 4843 quis
2530 4789 2629 4842 per
2665 4775 2994 4830 charitatcm
3045 4791 3176 4846 erga
3232 4778 3441 4843 Deum;

1860 4866 2055 4920 laetitia
2109 4865 2259 4919 enim
2289 4866 2568 4934 justorum
2606 4865 2724 4933 ipsa
2761 4875 2849 4920 est
2881 4881 3009 4938 erga
3043 4868 3216 4922 Deum
3255 4869 3445 4923 chari—

1864 4964 1966 5008 tas.
1990 4955 2144 5008 Talis
2165 4954 2406 5023 denique
2430 4954 2570 5008 alios
2589 4955 2758 5007 etiam
2775 4970 2843 5009 eo
2855 4956 3205 5022 adhortatur,
3231 4957 3443 5014 dicens'

1869 5045 2082 5112 1222
2145 5062 2165 5094 ι
2199 5044 2426 5105 Venite,
2489 5044 2832 5098 exsultemus
2883 5045 3117 5102 Domino
3138 5049 3206 5102 ”.
3273 5066 3293 5099 ι
3343 5049 3405 5102 Ε·

1870 5154 1888 5186 ι
1928 5136 2141 5189 Servite
2196 5134 2427 5188 Domino
2462 5133 2518 5186 in
2564 5134 2844 5188 laetitia".
2911 5154 2929 5186 ι
2962 5137 3063 5190 Et:
3105 5157 3124 5188 ι
3164 5138 3449 5193 Delectaro

1867 5227 1920 5280 in
1951 5227 2281 5287 Domino";
2317 5246 2334 5276 ι
2383 5225 2489 5278 hoc
2545 5234 2655 5290 est,
2716 5226 2902 5299 fruere
2952 5228 3247 5284 dulcedine
3304 5232 3447 5299 ejus.

1867 5319 2013 5373 Dicit
2067 5319 2216 5372 enim
2270 5317 2597 5386 Scriptura:
2640 5337 2656 5366 ι
2688 5298 2952 5381 comede,
2987 5319 3088 5384 fili,
3123 5298 3346 5385 favum,
3390 5335 3452 5377 ut

1865 5411 2160 5464 edulcetur
2210 5419 2400 5478 guttur
2453 5418 2637 5475 tuum,
2677 5419 2734 5463 et
2788 5409 2944 5464 dabit
2995 5413 3092 5467 tibi
3151 5415 3448 5483 petitiones

253 5568 332 5602 W‘
357 5566 557 5636 Ephes.
584 5580 638 5636 vr,
789 5560 950 5636 __'°”
973 5559 1129 5636 Ilum.
1172 5575 1287 5636 _vnt,
1313 5558 1444 5636 32._
1482 5556 1524 5584 ”
1558 5554 1730 5636 (Palat.
1773 5571 1851 5615 Ill,
1885 5555 2012 5636 1'5."
2047 5555 2090 5584 ³⁸
2114 5552 2302 5636 hiat-th.
2331 5568 2406 5615 XI,
2443 5550 2545 5636 2Ξῇζ
2564 5552 2656 5636 ξϐ.
2706 5553 2926 5636 λθλΙεη.
2959 5552 3194 5636 xxv,_I0.
3228 5555 3450 5636 ““_lsa_.

175 5657 304 5700 LXV,
347 5629 439 5690 ‘35.
536 5638 575 5664 “
610 5633 746 5685 ibid.
783 5631 866 5683 I5.
970 5631 1012 5659 δ’
1053 5630 1225 5700 Soph.
1258 5645 1338 5684 tu.
1385 5629 1466 5700 Π.

174 5697 350 5769 cxvii,
381 5709 470 5760 ει.
569 5705 612 5734 ⁸⁷
649 5702 792 5756 l’sal.
831 5715 1029 5761 Lxxxv,
1073 5697 1143 5752 5.7
1216 5699 1261 5727 ⁸⁸
1287 5699 1431 5752 Psal.
1469 5711 1648 5753 xxxrv.
1672 5697 1757 5748 77.

175 5785 223 5814 "
263 5780 407 5834 Psal.
437 5791 620 5832 um,
656 5774 706 5826 4.

515 5873 783 5925 Parnm“
821 5867 938 5924 Gn.
970 5863 1314 5924 LXXXIX.

1570 5625 1614 5655 ⁸³
1640 5626 1834 5678 Naum.
1864 5641 1900 5686 ι,
1945 5625 2033 5678 15.

2137 5625 2182 5652 ⁵⁸
2207 5623 2364 5675 Joan.
2396 5638 2489 5683 xx,
2513 5625 2604 5676 22.

1859 5696 1902 5727 δ’
1942 5696 2082 5748 Psal.
2109 5711 2196 5753 xv,
2240 5695 2293 5745 9.

2705 5621 2750 5654 δ’
2787 5623 2930 5677 Psal.
2960 5640 3033 5685 ﬂ,
3067 5627 3118 5679 3.

2402 5693 2446 5722 ⁸⁰
2475 5693 2614 5745 Psal.
2644 5706 2787 5758 xcrv,
2831 5694 2880 5746 l.

3227 5624 3270 5655 ⁸⁸
3306 5625 3452 5680 Psttl.

2986 5695 3024 5724 "
3057 5695 3198 5748 Psal.
3230 5711 3370 5758 και,
3400 5698 3446 5749 l.

3037 5855 3114 5911 57
