  <div class='ocr_page' id='page_1' title='image "/cluster/home/n/w/nwhite01/storage/ocr_20150623/89/nnc1.0046980172/927.png"; bbox 0 0 4178 6424; ppageno 0'>
   <div class='ocr_carea' id='block_1_1' title="bbox 734 427 866 490">
    <p class='ocr_par' dir='ltr' id='par_1_1' title="bbox 734 427 866 490">
     <span class='ocr_line' id='line_1_1' title="bbox 734 427 866 490; baseline -0.023 0"><span class='ocrx_word' id='word_1_1' title='bbox 734 427 866 490; x_wconf 80' lang='lat'><strong>1803</strong></span> 
     </span>
    </p>
   </div>
   <div class='ocr_carea' id='block_1_2' title="bbox 1997 419 2741 478">
    <p class='ocr_par' dir='ltr' id='par_1_2' title="bbox 1997 419 2741 478">
     <span class='ocr_line' id='line_1_2' title="bbox 1997 419 2741 478; baseline -0.001 0"><span class='ocrx_word' id='word_1_2' title='bbox 1997 420 2356 478; x_wconf 66' lang='lat' dir='ltr'><strong>ANTIOCHI</strong></span> <span class='ocrx_word' id='word_1_3' title='bbox 2400 419 2741 478; x_wconf 74' lang='lat' dir='ltr'><strong>MONACIII</strong></span> 
     </span>
    </p>
   </div>
   <div class='ocr_carea' id='block_1_3' title="bbox 3850 419 3980 483">
    <p class='ocr_par' dir='ltr' id='par_1_3' title="bbox 3850 419 3980 483">
     <span class='ocr_line' id='line_1_3' title="bbox 3850 419 3980 483; baseline 0.031 -3"><span class='ocrx_word' id='word_1_4' title='bbox 3850 419 3980 483; x_wconf 72' lang='grc'><strong>1804</strong></span> 
     </span>
    </p>
   </div>
   <div class='ocr_carea' id='block_1_4' title="bbox 729 528 2310 602">
    <p class='ocr_par' dir='ltr' id='par_1_4' title="bbox 729 529 2300 602">
     <span class='ocr_line' id='line_1_4' title="bbox 729 529 2300 602; baseline -0.006 -12"><span class='ocrx_word' id='word_1_5' title='bbox 729 536 916 590; x_wconf 80' lang='lat' dir='ltr'><strong>cordis</strong></span> <span class='ocrx_word' id='word_1_6' title='bbox 945 535 1107 588; x_wconf 80' lang='lat' dir='ltr'><strong>tui&quot;.</strong></span> <span class='ocrx_word' id='word_1_7' title='bbox 1143 550 1162 584; x_wconf 73' lang='grc' dir='ltr'><strong>ι</strong></span> <span class='ocrx_word' id='word_1_8' title='bbox 1184 531 1483 602; x_wconf 87' lang='lat' dir='ltr'><strong>Discipulis</strong></span> <span class='ocrx_word' id='word_1_9' title='bbox 1511 531 1658 589; x_wconf 84' lang='lat' dir='ltr'><strong>enim</strong></span> <span class='ocrx_word' id='word_1_10' title='bbox 1688 530 1826 584; x_wconf 76' lang='lat' dir='ltr'><strong>dixit</strong></span> <span class='ocrx_word' id='word_1_11' title='bbox 1850 530 2150 583; x_wconf 84' lang='lat' dir='ltr'><strong>Dominus:</strong></span> <span class='ocrx_word' id='word_1_12' title='bbox 2195 550 2210 579; x_wconf 74' lang='grc' dir='ltr'><strong>ι</strong></span> <span class='ocrx_word' id='word_1_13' title='bbox 2245 529 2300 582; x_wconf 89' lang='lat' dir='ltr'><strong>Si</strong></span> 
     </span>
    </p>
   </div>
   <div class='ocr_carea' id='block_1_5' title="bbox 2411 528 3977 602">
    <p class='ocr_par' dir='ltr' id='par_1_5' title="bbox 2411 528 3977 600">
     <span class='ocr_line' id='line_1_5' title="bbox 2411 528 3977 600; baseline 0.001 -20"><span class='ocrx_word' id='word_1_14' title='bbox 2411 529 2589 598; x_wconf 70' lang='grc' dir='ltr'>φησίν·</span> <span class='ocrx_word' id='word_1_15' title='bbox 2615 529 2818 596; x_wconf 78' lang='grc' dir='ltr'>ἀγαθὸν</span> <span class='ocrx_word' id='word_1_16' title='bbox 2840 528 2967 597; x_wconf 74' lang='grc' dir='ltr'>γὰρ,</span> <span class='ocrx_word' id='word_1_17' title='bbox 3005 530 3086 580; x_wconf 78' lang='grc' dir='ltr'>ἵνα</span> <span class='ocrx_word' id='word_1_18' title='bbox 3113 528 3387 599; x_wconf 70' lang='grc' dir='ltr'>γλυκανθῇ</span> <span class='ocrx_word' id='word_1_19' title='bbox 3451 546 3540 581; x_wconf 77' lang='grc' dir='ltr'><strong>σου</strong></span> <span class='ocrx_word' id='word_1_20' title='bbox 3570 531 3597 582; x_wconf 81' lang='grc' dir='ltr'><strong>δ</strong></span> <span class='ocrx_word' id='word_1_21' title='bbox 3624 529 3850 600; x_wconf 63' lang='grc' dir='ltr'>λάρυγξ,</span> <span class='ocrx_word' id='word_1_22' title='bbox 3884 537 3977 583; x_wconf 77' lang='grc' dir='ltr'><strong>καὶ</strong></span> 
     </span>
    </p>
   </div>
   <div class='ocr_carea' id='block_1_6' title="bbox 727 623 2298 698">
    <p class='ocr_par' dir='ltr' id='par_1_6' title="bbox 727 623 2298 698">
     <span class='ocr_line' id='line_1_6' title="bbox 727 623 2298 698; baseline -0.006 -14"><span class='ocrx_word' id='word_1_23' title='bbox 727 630 958 698; x_wconf 77' lang='lat' dir='ltr'><strong>diligitis</strong></span> <span class='ocrx_word' id='word_1_24' title='bbox 977 644 1086 693; x_wconf 91' lang='lat' dir='ltr'><strong>me,</strong></span> <span class='ocrx_word' id='word_1_25' title='bbox 1110 637 1167 681; x_wconf 94' lang='lat' dir='ltr'><strong>et</strong></span> <span class='ocrx_word' id='word_1_26' title='bbox 1188 627 1443 680; x_wconf 89' lang='lat' dir='ltr'><strong>mamlata</strong></span> <span class='ocrx_word' id='word_1_27' title='bbox 1468 641 1587 678; x_wconf 87' lang='lat' dir='ltr'><strong>mea</strong></span> <span class='ocrx_word' id='word_1_28' title='bbox 1609 624 1986 687; x_wconf 84' lang='lat' dir='ltr'><strong>servaveritis,</strong></span> <span class='ocrx_word' id='word_1_29' title='bbox 2011 623 2298 691; x_wconf 87' lang='lat' dir='ltr'><strong>quodcun-</strong></span> 
     </span>
    </p>
   </div>
   <div class='ocr_carea' id='block_1_7' title="bbox 727 715 2302 791">
    <p class='ocr_par' dir='ltr' id='par_1_7' title="bbox 727 715 2302 791">
     <span class='ocr_line' id='line_1_7' title="bbox 727 715 2302 791; baseline -0.005 -15"><span class='ocrx_word' id='word_1_30' title='bbox 727 739 834 791; x_wconf 86' lang='lat' dir='ltr'><strong>que</strong></span> <span class='ocrx_word' id='word_1_31' title='bbox 859 720 1172 784; x_wconf 88' lang='lat' dir='ltr'><strong>volueritis,</strong></span> <span class='ocrx_word' id='word_1_32' title='bbox 1201 719 1402 788; x_wconf 91' lang='lat' dir='ltr'><strong>petetis</strong></span> <span class='ocrx_word' id='word_1_33' title='bbox 1437 732 1466 771; x_wconf 87' lang='lat' dir='ltr'><strong>a</strong></span> <span class='ocrx_word' id='word_1_34' title='bbox 1490 717 1651 770; x_wconf 80' lang='lat' dir='ltr'><strong>Patre</strong></span> <span class='ocrx_word' id='word_1_35' title='bbox 1703 732 1848 781; x_wconf 91' lang='lat' dir='ltr'><strong>meo,</strong></span> <span class='ocrx_word' id='word_1_36' title='bbox 1873 726 1928 769; x_wconf 91' lang='lat' dir='ltr'><strong>et</strong></span> <span class='ocrx_word' id='word_1_37' title='bbox 1951 715 2106 770; x_wconf 91' lang='lat' dir='ltr'><strong>dabit</strong></span> <span class='ocrx_word' id='word_1_38' title='bbox 2142 716 2302 768; x_wconf 87' lang='lat' dir='ltr'><strong>vobis</strong></span> 
     </span>
    </p>
   </div>
   <div class='ocr_carea' id='block_1_8' title="bbox 729 809 2302 874">
    <p class='ocr_par' dir='ltr' id='par_1_8' title="bbox 729 809 2302 874">
     <span class='ocr_line' id='line_1_8' title="bbox 729 809 2302 874; baseline -0.009 -6"><span class='ocrx_word' id='word_1_39' title='bbox 729 815 783 868; x_wconf 91' lang='lat' dir='ltr'><strong>iu</strong></span> <span class='ocrx_word' id='word_1_40' title='bbox 812 814 1038 868; x_wconf 90' lang='lat' dir='ltr'><strong>nomine</strong></span> <span class='ocrx_word' id='word_1_41' title='bbox 1071 815 1278 865; x_wconf 81' lang='lat' dir='ltr'><strong>meo&quot;.</strong></span> <span class='ocrx_word' id='word_1_42' title='bbox 1322 831 1339 860; x_wconf 72' lang='grc' dir='ltr'><strong><em>ι</em></strong></span> <span class='ocrx_word' id='word_1_43' title='bbox 1377 811 1583 864; x_wconf 90' lang='lat' dir='ltr'><strong>lterum</strong></span> <span class='ocrx_word' id='word_1_44' title='bbox 1609 825 1626 862; x_wconf 88' lang='lat'><strong><em>:</em></strong></span> <span class='ocrx_word' id='word_1_45' title='bbox 1683 829 1700 861; x_wconf 74' lang='grc' dir='ltr'><strong>ι</strong></span> <span class='ocrx_word' id='word_1_46' title='bbox 1739 809 1981 862; x_wconf 81' lang='lat' dir='ltr'><strong>1.:etetur</strong></span> <span class='ocrx_word' id='word_1_47' title='bbox 2024 822 2121 860; x_wconf 89' lang='lat' dir='ltr'><strong>cor</strong></span> <span class='ocrx_word' id='word_1_48' title='bbox 2151 822 2302 874; x_wconf 62' lang='lat' dir='ltr'><strong>qum-.-</strong></span> 
     </span>
    </p>
   </div>
   <div class='ocr_carea' id='block_1_9' title="bbox 729 895 2301 967">
    <p class='ocr_par' dir='ltr' id='par_1_9' title="bbox 729 895 2301 967">
     <span class='ocr_line' id='line_1_9' title="bbox 729 895 2301 967; baseline -0.007 -9"><span class='ocrx_word' id='word_1_49' title='bbox 729 905 972 958; x_wconf 89' lang='lat' dir='ltr'><strong>rentium</strong></span> <span class='ocrx_word' id='word_1_50' title='bbox 1022 901 1317 956; x_wconf 85' lang='lat' dir='ltr'><strong>Dominum</strong></span> <span class='ocrx_word' id='word_1_51' title='bbox 1355 901 1422 952; x_wconf 85' lang='grc'><strong>⁸⁸.</strong></span> <span class='ocrx_word' id='word_1_52' title='bbox 1467 919 1485 949; x_wconf 76' lang='grc' dir='ltr'><strong><em>ο</em></strong></span> <span class='ocrx_word' id='word_1_53' title='bbox 1541 900 1636 953; x_wconf 83' lang='lat' dir='ltr'><strong>Et:</strong></span> <span class='ocrx_word' id='word_1_54' title='bbox 1678 917 1696 948; x_wconf 84' lang='grc'><em>‹</em></span> <span class='ocrx_word' id='word_1_55' title='bbox 1739 897 2022 951; x_wconf 68' lang='lat' dir='ltr'><strong>Lmtamini</strong></span> <span class='ocrx_word' id='word_1_56' title='bbox 2062 896 2195 967; x_wconf 86' lang='lat' dir='ltr'><strong>justi</strong></span> <span class='ocrx_word' id='word_1_57' title='bbox 2249 895 2301 948; x_wconf 93' lang='lat' dir='ltr'><strong>iu</strong></span> 
     </span>
    </p>
   </div>
   <div class='ocr_carea' id='block_1_10' title="bbox 730 988 2297 1056">
    <p class='ocr_par' dir='ltr' id='par_1_10' title="bbox 730 988 2297 1056">
     <span class='ocr_line' id='line_1_10' title="bbox 730 988 2297 1056; baseline -0.007 -9"><span class='ocrx_word' id='word_1_58' title='bbox 730 993 962 1047; x_wconf 82' lang='lat' dir='ltr'><strong>Domino</strong></span> <span class='ocrx_word' id='word_1_59' title='bbox 979 992 1045 1045; x_wconf 83' lang='lat'><strong>&quot;.</strong></span> <span class='ocrx_word' id='word_1_60' title='bbox 1078 1010 1096 1042; x_wconf 74' lang='grc' dir='ltr'><strong>ι</strong></span> <span class='ocrx_word' id='word_1_61' title='bbox 1123 989 1222 1044; x_wconf 85' lang='lat' dir='ltr'><strong>Et:</strong></span> <span class='ocrx_word' id='word_1_62' title='bbox 1255 1007 1272 1040; x_wconf 76' lang='grc' dir='ltr'><strong>ι</strong></span> <span class='ocrx_word' id='word_1_63' title='bbox 1314 989 1620 1042; x_wconf 59' lang='lat' dir='ltr'><strong>laetabitur</strong></span> <span class='ocrx_word' id='word_1_64' title='bbox 1640 989 1823 1056; x_wconf 85' lang='lat' dir='ltr'><strong>justus</strong></span> <span class='ocrx_word' id='word_1_65' title='bbox 1850 989 1901 1040; x_wconf 91' lang='lat' dir='ltr'><strong>in</strong></span> <span class='ocrx_word' id='word_1_66' title='bbox 1931 988 2246 1041; x_wconf 79' lang='lat' dir='ltr'><strong>Domino&quot;.</strong></span> <span class='ocrx_word' id='word_1_67' title='bbox 2279 1006 2297 1036; x_wconf 75' lang='grc' dir='ltr'><strong>ι</strong></span> 
     </span>
    </p>
   </div>
   <div class='ocr_carea' id='block_1_11' title="bbox 729 1079 2300 1148">
    <p class='ocr_par' dir='ltr' id='par_1_11' title="bbox 729 1079 2300 1148">
     <span class='ocr_line' id='line_1_11' title="bbox 729 1079 2300 1148; baseline -0.006 -9"><span class='ocrx_word' id='word_1_68' title='bbox 729 1086 829 1139; x_wconf 78' lang='lat' dir='ltr'><strong>Et:</strong></span> <span class='ocrx_word' id='word_1_69' title='bbox 871 1104 888 1134; x_wconf 75' lang='grc' dir='ltr'><strong>ι</strong></span> <span class='ocrx_word' id='word_1_70' title='bbox 923 1083 1168 1138; x_wconf 71' lang='grc' dir='ltr'>ιωιριυτ</span> <span class='ocrx_word' id='word_1_71' title='bbox 1213 1081 1380 1135; x_wconf 92' lang='lat' dir='ltr'><strong>lsrael</strong></span> <span class='ocrx_word' id='word_1_72' title='bbox 1421 1082 1473 1134; x_wconf 92' lang='lat' dir='ltr'><strong>in</strong></span> <span class='ocrx_word' id='word_1_73' title='bbox 1500 1096 1567 1133; x_wconf 91' lang='lat' dir='ltr'><strong>eo</strong></span> <span class='ocrx_word' id='word_1_74' title='bbox 1614 1080 1865 1148; x_wconf 82' lang='lat' dir='ltr'><strong>quifeeit</strong></span> <span class='ocrx_word' id='word_1_75' title='bbox 1903 1096 2051 1142; x_wconf 81' lang='lat' dir='ltr'><strong>cum,</strong></span> <span class='ocrx_word' id='word_1_76' title='bbox 2113 1089 2166 1131; x_wconf 74' lang='lat' dir='ltr'><strong>et</strong></span> <span class='ocrx_word' id='word_1_77' title='bbox 2207 1079 2300 1130; x_wconf 84' lang='lat' dir='ltr'><strong>lilii</strong></span> 
     </span>
    </p>
   </div>
   <div class='ocr_carea' id='block_1_12' title="bbox 730 1171 2303 1241">
    <p class='ocr_par' dir='ltr' id='par_1_12' title="bbox 730 1171 2303 1241">
     <span class='ocr_line' id='line_1_12' title="bbox 730 1171 2303 1241; baseline -0.004 -11"><span class='ocrx_word' id='word_1_78' title='bbox 730 1178 860 1230; x_wconf 82' lang='lat' dir='ltr'><strong>Sion</strong></span> <span class='ocrx_word' id='word_1_79' title='bbox 920 1177 1201 1230; x_wconf 80' lang='lat' dir='ltr'><strong>exsultent</strong></span> <span class='ocrx_word' id='word_1_80' title='bbox 1261 1175 1314 1228; x_wconf 93' lang='lat' dir='ltr'><strong>in</strong></span> <span class='ocrx_word' id='word_1_81' title='bbox 1379 1187 1504 1241; x_wconf 76' lang='lat' dir='ltr'><strong>rege</strong></span> <span class='ocrx_word' id='word_1_82' title='bbox 1571 1188 1672 1224; x_wconf 88' lang='lat' dir='ltr'><strong>suo</strong></span> <span class='ocrx_word' id='word_1_83' title='bbox 1710 1172 1774 1224; x_wconf 83' lang='lat'><strong>&quot;.</strong></span> <span class='ocrx_word' id='word_1_84' title='bbox 1811 1192 1828 1221; x_wconf 82' lang='grc'><strong>›</strong></span> <span class='ocrx_word' id='word_1_85' title='bbox 1867 1203 1931 1212; x_wconf 89' lang='grc'><strong><em>--</em></strong></span> <span class='ocrx_word' id='word_1_86' title='bbox 1973 1191 1989 1220; x_wconf 75' lang='grc' dir='ltr'><strong>ι</strong></span> <span class='ocrx_word' id='word_1_87' title='bbox 2028 1171 2303 1224; x_wconf 82' lang='lat' dir='ltr'><strong>Ilabitatio</strong></span> 
     </span>
    </p>
   </div>
   <div class='ocr_carea' id='block_1_13' title="bbox 726 1262 2305 1333">
    <p class='ocr_par' dir='ltr' id='par_1_13' title="bbox 726 1262 2305 1333">
     <span class='ocr_line' id='line_1_13' title="bbox 726 1262 2305 1333; baseline -0.004 -13"><span class='ocrx_word' id='word_1_88' title='bbox 726 1268 876 1321; x_wconf 85' lang='lat' dir='ltr'><strong>enim</strong></span> <span class='ocrx_word' id='word_1_89' title='bbox 935 1266 989 1318; x_wconf 91' lang='lat' dir='ltr'><strong>iu</strong></span> <span class='ocrx_word' id='word_1_90' title='bbox 1039 1274 1090 1318; x_wconf 88' lang='lat' dir='ltr'><strong>te</strong></span> <span class='ocrx_word' id='word_1_91' title='bbox 1131 1264 1288 1333; x_wconf 85' lang='lat' dir='ltr'><strong>quasi</strong></span> <span class='ocrx_word' id='word_1_92' title='bbox 1342 1263 1651 1317; x_wconf 71' lang='lat' dir='ltr'><strong>laetantium</strong></span> <span class='ocrx_word' id='word_1_93' title='bbox 1702 1263 2034 1315; x_wconf 73' lang='lat' dir='ltr'><strong>omnium“.</strong></span> <span class='ocrx_word' id='word_1_94' title='bbox 2083 1280 2101 1312; x_wconf 73' lang='grc' dir='ltr'><strong>ι</strong></span> <span class='ocrx_word' id='word_1_95' title='bbox 2150 1262 2305 1314; x_wconf 80' lang='lat' dir='ltr'><strong>Alius</strong></span> 
     </span>
    </p>
   </div>
   <div class='ocr_carea' id='block_1_14' title="bbox 725 1354 2305 1425">
    <p class='ocr_par' dir='ltr' id='par_1_14' title="bbox 725 1354 2305 1425">
     <span class='ocr_line' id='line_1_14' title="bbox 725 1354 2305 1425; baseline -0.004 -13"><span class='ocrx_word' id='word_1_96' title='bbox 725 1369 898 1414; x_wconf 74' lang='lat' dir='ltr'><strong>item:</strong></span> <span class='ocrx_word' id='word_1_97' title='bbox 939 1376 956 1407; x_wconf 74' lang='grc' dir='ltr'><strong>ι</strong></span> <span class='ocrx_word' id='word_1_98' title='bbox 996 1357 1092 1410; x_wconf 90' lang='lat' dir='ltr'><strong>llis</strong></span> <span class='ocrx_word' id='word_1_99' title='bbox 1121 1357 1214 1425; x_wconf 88' lang='lat' dir='ltr'><strong>qui</strong></span> <span class='ocrx_word' id='word_1_100' title='bbox 1247 1356 1503 1408; x_wconf 83' lang='lat' dir='ltr'><strong>serviunt</strong></span> <span class='ocrx_word' id='word_1_101' title='bbox 1557 1355 1718 1417; x_wconf 90' lang='lat' dir='ltr'><strong>mihi,</strong></span> <span class='ocrx_word' id='word_1_102' title='bbox 1757 1354 2046 1406; x_wconf 78' lang='lat' dir='ltr'><strong>vocabitur</strong></span> <span class='ocrx_word' id='word_1_103' title='bbox 2105 1370 2305 1406; x_wconf 79' lang='lat' dir='ltr'><strong>nomen</strong></span> 
     </span>
    </p>
   </div>
   <div class='ocr_carea' id='block_1_15' title="bbox 726 1445 2299 1518">
    <p class='ocr_par' dir='ltr' id='par_1_15' title="bbox 726 1445 2299 1518">
     <span class='ocr_line' id='line_1_15' title="bbox 726 1445 2299 1518; baseline -0.006 -14"><span class='ocrx_word' id='word_1_104' title='bbox 726 1465 955 1512; x_wconf 87' lang='lat' dir='ltr'><strong>novum,</strong></span> <span class='ocrx_word' id='word_1_105' title='bbox 988 1448 1136 1518; x_wconf 89' lang='lat' dir='ltr'><strong>quod</strong></span> <span class='ocrx_word' id='word_1_106' title='bbox 1168 1447 1526 1500; x_wconf 85' lang='lat' dir='ltr'><strong>benedictum</strong></span> <span class='ocrx_word' id='word_1_107' title='bbox 1574 1446 1680 1498; x_wconf 89' lang='lat' dir='ltr'><strong>erit</strong></span> <span class='ocrx_word' id='word_1_108' title='bbox 1725 1461 1890 1513; x_wconf 87' lang='lat' dir='ltr'><strong>super</strong></span> <span class='ocrx_word' id='word_1_109' title='bbox 1948 1453 2149 1496; x_wconf 62' lang='lat' dir='ltr'><strong>lci-ram</strong></span> <span class='ocrx_word' id='word_1_110' title='bbox 2177 1445 2244 1496; x_wconf 75' lang='grc' dir='ltr'><strong>σθ.</strong></span> <span class='ocrx_word' id='word_1_111' title='bbox 2281 1461 2299 1493; x_wconf 73' lang='grc' dir='ltr'><strong>ι</strong></span> 
     </span>
    </p>
   </div>
   <div class='ocr_carea' id='block_1_16' title="bbox 727 1537 2307 1610">
    <p class='ocr_par' dir='ltr' id='par_1_16' title="bbox 727 1537 2307 1610">
     <span class='ocr_line' id='line_1_16' title="bbox 727 1537 2307 1610; baseline -0.005 -16"><span class='ocrx_word' id='word_1_112' title='bbox 727 1545 1015 1610; x_wconf 76' lang='lat' dir='ltr'><strong>Quotquot</strong></span> <span class='ocrx_word' id='word_1_113' title='bbox 1055 1541 1202 1594; x_wconf 92' lang='lat' dir='ltr'><strong>enim</strong></span> <span class='ocrx_word' id='word_1_114' title='bbox 1235 1538 1488 1592; x_wconf 89' lang='lat' dir='ltr'><strong>serviunt</strong></span> <span class='ocrx_word' id='word_1_115' title='bbox 1510 1538 1561 1592; x_wconf 92' lang='lat' dir='ltr'><strong>ci</strong></span> <span class='ocrx_word' id='word_1_116' title='bbox 1592 1539 1646 1591; x_wconf 93' lang='lat' dir='ltr'><strong>in</strong></span> <span class='ocrx_word' id='word_1_117' title='bbox 1677 1539 1899 1596; x_wconf 81' lang='lat' dir='ltr'><strong>timore,</strong></span> <span class='ocrx_word' id='word_1_118' title='bbox 1950 1546 2005 1589; x_wconf 93' lang='lat' dir='ltr'><strong>ct</strong></span> <span class='ocrx_word' id='word_1_119' title='bbox 2032 1537 2307 1588; x_wconf 76' lang='lat' dir='ltr'><strong>exsultant</strong></span> 
     </span>
    </p>
   </div>
   <div class='ocr_carea' id='block_1_17' title="bbox 730 1626 2304 1687">
    <p class='ocr_par' dir='ltr' id='par_1_17' title="bbox 730 1626 2304 1687">
     <span class='ocr_line' id='line_1_17' title="bbox 730 1626 2304 1687; baseline -0.005 -3"><span class='ocrx_word' id='word_1_120' title='bbox 730 1633 785 1684; x_wconf 92' lang='lat' dir='ltr'><strong>in</strong></span> <span class='ocrx_word' id='word_1_121' title='bbox 815 1631 1140 1687; x_wconf 71' lang='lat' dir='ltr'><strong>tremore“.</strong></span> <span class='ocrx_word' id='word_1_122' title='bbox 1171 1627 1226 1680; x_wconf 94' lang='lat' dir='ltr'><strong>hi</strong></span> <span class='ocrx_word' id='word_1_123' title='bbox 1261 1636 1391 1681; x_wconf 91' lang='lat' dir='ltr'><strong>sunt</strong></span> <span class='ocrx_word' id='word_1_124' title='bbox 1433 1629 1530 1681; x_wconf 90' lang='lat' dir='ltr'><strong>lilii</strong></span> <span class='ocrx_word' id='word_1_125' title='bbox 1573 1628 1668 1680; x_wconf 88' lang='lat' dir='ltr'><strong>Dei</strong></span> <span class='ocrx_word' id='word_1_126' title='bbox 1701 1627 1956 1679; x_wconf 81' lang='lat' dir='ltr'><strong>viventis.</strong></span> <span class='ocrx_word' id='word_1_127' title='bbox 2004 1626 2304 1678; x_wconf 76' lang='lat' dir='ltr'><strong>Parteznia-</strong></span> 
     </span>
    </p>
   </div>
   <div class='ocr_carea' id='block_1_18' title="bbox 731 1714 2304 1789">
    <p class='ocr_par' dir='ltr' id='par_1_18' title="bbox 731 1714 2304 1789">
     <span class='ocr_line' id='line_1_18' title="bbox 731 1714 2304 1789; baseline -0.005 -14"><span class='ocrx_word' id='word_1_128' title='bbox 731 1734 843 1775; x_wconf 88' lang='lat' dir='ltr'><strong>stes</strong></span> <span class='ocrx_word' id='word_1_129' title='bbox 888 1719 1122 1789; x_wconf 83' lang='lat' dir='ltr'><strong>proinde</strong></span> <span class='ocrx_word' id='word_1_130' title='bbox 1153 1717 1260 1770; x_wconf 86' lang='lat' dir='ltr'><strong>ait:</strong></span> <span class='ocrx_word' id='word_1_131' title='bbox 1297 1737 1314 1768; x_wconf 78' lang='lat' dir='ltr'><strong>t</strong></span> <span class='ocrx_word' id='word_1_132' title='bbox 1346 1717 1400 1769; x_wconf 91' lang='lat' dir='ltr'><strong>In</strong></span> <span class='ocrx_word' id='word_1_133' title='bbox 1431 1717 1641 1770; x_wconf 79' lang='lat' dir='ltr'><strong>laetitiis</strong></span> <span class='ocrx_word' id='word_1_134' title='bbox 1669 1732 1776 1767; x_wconf 87' lang='lat' dir='ltr'><strong>non</strong></span> <span class='ocrx_word' id='word_1_135' title='bbox 1825 1716 2168 1767; x_wconf 73' lang='lat' dir='ltr'><strong>admiscetur</strong></span> <span class='ocrx_word' id='word_1_136' title='bbox 2206 1714 2304 1767; x_wconf 90' lang='lat' dir='ltr'><strong>tri-</strong></span> 
     </span>
    </p>
   </div>
   <div class='ocr_carea' id='block_1_19' title="bbox 731 1805 2305 1877">
    <p class='ocr_par' dir='ltr' id='par_1_19' title="bbox 731 1805 2305 1877">
     <span class='ocr_line' id='line_1_19' title="bbox 731 1805 2305 1877; baseline -0.004 -12"><span class='ocrx_word' id='word_1_137' title='bbox 731 1812 878 1866; x_wconf 77' lang='lat' dir='ltr'><strong>stitia</strong></span> <span class='ocrx_word' id='word_1_138' title='bbox 905 1813 971 1864; x_wconf 85' lang='lat'><strong>&quot;.</strong></span> <span class='ocrx_word' id='word_1_139' title='bbox 1015 1831 1031 1862; x_wconf 74' lang='grc' dir='ltr'><strong>ι</strong></span> <span class='ocrx_word' id='word_1_140' title='bbox 1076 1811 1116 1863; x_wconf 85' lang='grc' dir='ltr'><strong>Λ</strong></span> <span class='ocrx_word' id='word_1_141' title='bbox 1143 1811 1316 1862; x_wconf 84' lang='lat' dir='ltr'><strong>choro</strong></span> <span class='ocrx_word' id='word_1_142' title='bbox 1342 1809 1489 1860; x_wconf 90' lang='lat' dir='ltr'><strong>enim</strong></span> <span class='ocrx_word' id='word_1_143' title='bbox 1537 1809 1814 1877; x_wconf 85' lang='lat' dir='ltr'><strong>justorum</strong></span> <span class='ocrx_word' id='word_1_144' title='bbox 1861 1805 1998 1874; x_wconf 74' lang='lat' dir='ltr'><strong>fugit</strong></span> <span class='ocrx_word' id='word_1_145' title='bbox 2061 1806 2220 1859; x_wconf 86' lang='lat' dir='ltr'><strong>dolor</strong></span> <span class='ocrx_word' id='word_1_146' title='bbox 2251 1815 2305 1858; x_wconf 82' lang='lat' dir='ltr'><strong>ct</strong></span> 
     </span>
    </p>
   </div>
   <div class='ocr_carea' id='block_1_20' title="bbox 735 1897 2304 1971">
    <p class='ocr_par' dir='ltr' id='par_1_20' title="bbox 735 1897 2304 1971">
     <span class='ocr_line' id='line_1_20' title="bbox 735 1897 2304 1971; baseline -0.004 -15"><span class='ocrx_word' id='word_1_147' title='bbox 735 1904 958 1956; x_wconf 82' lang='lat' dir='ltr'><strong>tristitia</strong></span> <span class='ocrx_word' id='word_1_148' title='bbox 989 1911 1042 1956; x_wconf 93' lang='lat' dir='ltr'><strong>et</strong></span> <span class='ocrx_word' id='word_1_149' title='bbox 1074 1903 1333 1971; x_wconf 81' lang='lat' dir='ltr'><strong>gemitus.</strong></span> <span class='ocrx_word' id='word_1_150' title='bbox 1367 1900 1467 1952; x_wconf 82' lang='lat' dir='ltr'><strong>Et:</strong></span> <span class='ocrx_word' id='word_1_151' title='bbox 1499 1919 1517 1950; x_wconf 73' lang='grc' dir='ltr'><strong>ι</strong></span> <span class='ocrx_word' id='word_1_152' title='bbox 1556 1899 1615 1952; x_wconf 90' lang='lat' dir='ltr'><strong>In</strong></span> <span class='ocrx_word' id='word_1_153' title='bbox 1647 1897 1736 1951; x_wconf 91' lang='lat' dir='ltr'><strong>die</strong></span> <span class='ocrx_word' id='word_1_154' title='bbox 1782 1898 2048 1951; x_wconf 87' lang='lat' dir='ltr'><strong>bonitatis</strong></span> <span class='ocrx_word' id='word_1_155' title='bbox 2079 1899 2201 1952; x_wconf 87' lang='lat' dir='ltr'><strong>vive</strong></span> <span class='ocrx_word' id='word_1_156' title='bbox 2251 1898 2304 1951; x_wconf 92' lang='lat' dir='ltr'><strong>iu</strong></span> 
     </span>
    </p>
   </div>
   <div class='ocr_carea' id='block_1_21' title="bbox 734 1990 2306 2048">
    <p class='ocr_par' dir='ltr' id='par_1_21' title="bbox 734 1990 2306 2048">
     <span class='ocr_line' id='line_1_21' title="bbox 734 1990 2306 2048; baseline -0.003 -2"><span class='ocrx_word' id='word_1_157' title='bbox 734 1995 958 2048; x_wconf 84' lang='lat' dir='ltr'><strong>bono“.</strong></span> <span class='ocrx_word' id='word_1_158' title='bbox 1001 2013 1018 2044; x_wconf 76' lang='grc' dir='ltr'><strong>ι</strong></span> <span class='ocrx_word' id='word_1_159' title='bbox 1069 1994 1310 2046; x_wconf 86' lang='lat' dir='ltr'><strong>lterum:</strong></span> <span class='ocrx_word' id='word_1_160' title='bbox 1357 2010 1373 2042; x_wconf 72' lang='grc' dir='ltr'><strong>ι</strong></span> <span class='ocrx_word' id='word_1_161' title='bbox 1410 1990 1615 2044; x_wconf 88' lang='lat' dir='ltr'><strong>Oculus</strong></span> <span class='ocrx_word' id='word_1_162' title='bbox 1649 1991 1842 2044; x_wconf 89' lang='lat' dir='ltr'><strong>videns</strong></span> <span class='ocrx_word' id='word_1_163' title='bbox 1894 1991 2034 2042; x_wconf 90' lang='lat' dir='ltr'><strong>bona</strong></span> <span class='ocrx_word' id='word_1_164' title='bbox 2069 1990 2306 2042; x_wconf 74' lang='lat' dir='ltr'><strong>delectat</strong></span> 
     </span>
    </p>
   </div>
   <div class='ocr_carea' id='block_1_22' title="bbox 731 2081 2305 2139">
    <p class='ocr_par' dir='ltr' id='par_1_22' title="bbox 731 2081 2305 2139">
     <span class='ocr_line' id='line_1_22' title="bbox 731 2081 2305 2139; baseline -0.003 0"><span class='ocrx_word' id='word_1_165' title='bbox 731 2101 830 2139; x_wconf 90' lang='lat' dir='ltr'><strong>cor</strong></span> <span class='ocrx_word' id='word_1_166' title='bbox 882 2085 948 2137; x_wconf 72' lang='lat'><strong>&quot;.</strong></span> <span class='ocrx_word' id='word_1_167' title='bbox 1039 2084 1220 2138; x_wconf 84' lang='lat' dir='ltr'><strong>Corde</strong></span> <span class='ocrx_word' id='word_1_168' title='bbox 1280 2093 1462 2136; x_wconf 88' lang='lat' dir='ltr'><strong>autem</strong></span> <span class='ocrx_word' id='word_1_169' title='bbox 1516 2083 1828 2136; x_wconf 74' lang='lat' dir='ltr'><strong>exhilarato</strong></span> <span class='ocrx_word' id='word_1_170' title='bbox 1877 2081 2046 2134; x_wconf 79' lang='lat' dir='ltr'><strong>facies</strong></span> <span class='ocrx_word' id='word_1_171' title='bbox 2093 2081 2305 2134; x_wconf 86' lang='lat' dir='ltr'><strong>revire-</strong></span> 
     </span>
    </p>
   </div>
   <div class='ocr_carea' id='block_1_23' title="bbox 733 2172 2271 2231">
    <p class='ocr_par' dir='ltr' id='par_1_23' title="bbox 733 2172 2271 2231">
     <span class='ocr_line' id='line_1_23' title="bbox 733 2172 2271 2231; baseline -0.005 -1"><span class='ocrx_word' id='word_1_172' title='bbox 733 2177 915 2231; x_wconf 79' lang='lat' dir='ltr'><strong>scit“.</strong></span> <span class='ocrx_word' id='word_1_173' title='bbox 950 2195 969 2226; x_wconf 72' lang='grc' dir='ltr'><strong>ι</strong></span> <span class='ocrx_word' id='word_1_174' title='bbox 1003 2177 1263 2231; x_wconf 83' lang='lat' dir='ltr'><strong>Aitenim</strong></span> <span class='ocrx_word' id='word_1_175' title='bbox 1305 2175 1605 2229; x_wconf 74' lang='lat' dir='ltr'><strong>Dominus:</strong></span> <span class='ocrx_word' id='word_1_176' title='bbox 1647 2194 1664 2226; x_wconf 77' lang='grc' dir='ltr'><strong>ι</strong></span> <span class='ocrx_word' id='word_1_177' title='bbox 1694 2175 1748 2229; x_wconf 81' lang='lat' dir='ltr'><strong>Si</strong></span> <span class='ocrx_word' id='word_1_178' title='bbox 1775 2174 1970 2228; x_wconf 84' lang='lat' dir='ltr'><strong>oculus</strong></span> <span class='ocrx_word' id='word_1_179' title='bbox 2021 2186 2146 2227; x_wconf 88' lang='lat' dir='ltr'><strong>tuus</strong></span> <span class='ocrx_word' id='word_1_180' title='bbox 2171 2172 2271 2226; x_wconf 90' lang='lat' dir='ltr'><strong>sim</strong></span> 
     </span>
    </p>
   </div>
   <div class='ocr_carea' id='block_1_24' title="bbox 733 2266 2306 2338">
    <p class='ocr_par' dir='ltr' id='par_1_24' title="bbox 733 2266 2306 2338">
     <span class='ocr_line' id='line_1_24' title="bbox 733 2266 2306 2338; baseline -0.003 -17"><span class='ocrx_word' id='word_1_181' title='bbox 733 2269 857 2338; x_wconf 78' lang='lat' dir='ltr'><strong>plcx</strong></span> <span class='ocrx_word' id='word_1_182' title='bbox 887 2269 1078 2329; x_wconf 79' lang='lat' dir='ltr'><strong>fuerit,</strong></span> <span class='ocrx_word' id='word_1_183' title='bbox 1119 2276 1292 2320; x_wconf 88' lang='lat' dir='ltr'><strong>totum</strong></span> <span class='ocrx_word' id='word_1_184' title='bbox 1322 2281 1528 2336; x_wconf 88' lang='lat' dir='ltr'><strong>corpus</strong></span> <span class='ocrx_word' id='word_1_185' title='bbox 1561 2276 1716 2318; x_wconf 91' lang='lat' dir='ltr'><strong>tuum</strong></span> <span class='ocrx_word' id='word_1_186' title='bbox 1769 2266 2014 2318; x_wconf 91' lang='lat' dir='ltr'><strong>lucidum</strong></span> <span class='ocrx_word' id='word_1_187' title='bbox 2050 2266 2240 2320; x_wconf 74' lang='lat' dir='ltr'><strong>erit“.</strong></span> <span class='ocrx_word' id='word_1_188' title='bbox 2290 2286 2306 2316; x_wconf 72' lang='grc' dir='ltr'><strong>ι</strong></span> 
     </span>
    </p>
   </div>
   <div class='ocr_carea' id='block_1_25' title="bbox 732 2358 2310 2426">
    <p class='ocr_par' dir='ltr' id='par_1_25' title="bbox 732 2358 2310 2426">
     <span class='ocr_line' id='line_1_25' title="bbox 732 2358 2310 2426; baseline -0.002 -15"><span class='ocrx_word' id='word_1_189' title='bbox 732 2392 801 2404; x_wconf 89' lang='grc'><strong><em>--</em></strong></span> <span class='ocrx_word' id='word_1_190' title='bbox 839 2379 856 2411; x_wconf 78' lang='grc' dir='ltr'><strong>ι</strong></span> <span class='ocrx_word' id='word_1_191' title='bbox 889 2361 1048 2415; x_wconf 85' lang='lat' dir='ltr'><strong>Fama</strong></span> <span class='ocrx_word' id='word_1_192' title='bbox 1071 2367 1253 2412; x_wconf 88' lang='lat' dir='ltr'><strong>autem</strong></span> <span class='ocrx_word' id='word_1_193' title='bbox 1283 2360 1426 2410; x_wconf 90' lang='lat' dir='ltr'><strong>bona</strong></span> <span class='ocrx_word' id='word_1_194' title='bbox 1471 2358 1775 2426; x_wconf 81' lang='lat' dir='ltr'><strong>impinguat</strong></span> <span class='ocrx_word' id='word_1_195' title='bbox 1816 2371 1938 2408; x_wconf 82' lang='lat' dir='ltr'><strong>ossa</strong></span> <span class='ocrx_word' id='word_1_196' title='bbox 1958 2358 2026 2417; x_wconf 73' lang='lat'><strong>‘7,</strong></span> <span class='ocrx_word' id='word_1_197' title='bbox 2066 2376 2083 2406; x_wconf 75' lang='grc' dir='ltr'><strong>ι</strong></span> <span class='ocrx_word' id='word_1_198' title='bbox 2113 2373 2310 2425; x_wconf 87' lang='lat' dir='ltr'><strong>quem-</strong></span> 
     </span>
    </p>
   </div>
   <div class='ocr_carea' id='block_1_26' title="bbox 733 2445 2313 2508">
    <p class='ocr_par' dir='ltr' id='par_1_26' title="bbox 733 2445 2313 2508">
     <span class='ocr_line' id='line_1_26' title="bbox 733 2445 2313 2508; baseline -0.004 -4"><span class='ocrx_word' id='word_1_199' title='bbox 733 2450 1032 2504; x_wconf 86' lang='lat' dir='ltr'><strong>admodum</strong></span> <span class='ocrx_word' id='word_1_200' title='bbox 1094 2458 1150 2502; x_wconf 90' lang='lat' dir='ltr'><strong>et</strong></span> <span class='ocrx_word' id='word_1_201' title='bbox 1201 2449 1382 2501; x_wconf 90' lang='lat' dir='ltr'><strong>anima</strong></span> <span class='ocrx_word' id='word_1_202' title='bbox 1411 2447 1586 2508; x_wconf 80' lang='lat' dir='ltr'><strong>Pauli,</strong></span> <span class='ocrx_word' id='word_1_203' title='bbox 1615 2446 2006 2498; x_wconf 88' lang='lat' dir='ltr'><strong>cumdieebat:</strong></span> <span class='ocrx_word' id='word_1_204' title='bbox 2041 2464 2058 2496; x_wconf 78' lang='grc' dir='ltr'><strong>ι</strong></span> <span class='ocrx_word' id='word_1_205' title='bbox 2088 2445 2313 2498; x_wconf 83' lang='lat' dir='ltr'><strong>Gaudeo</strong></span> 
     </span>
    </p>
   </div>
   <div class='ocr_carea' id='block_1_27' title="bbox 732 2535 2306 2611">
    <p class='ocr_par' dir='ltr' id='par_1_27' title="bbox 732 2535 2306 2611">
     <span class='ocr_line' id='line_1_27' title="bbox 732 2535 2306 2611; baseline -0.006 -14"><span class='ocrx_word' id='word_1_206' title='bbox 732 2554 788 2598; x_wconf 90' lang='lat' dir='ltr'><strong>et</strong></span> <span class='ocrx_word' id='word_1_207' title='bbox 809 2542 1128 2611; x_wconf 76' lang='lat' dir='ltr'><strong>congaudt-o</strong></span> <span class='ocrx_word' id='word_1_208' title='bbox 1147 2539 1407 2593; x_wconf 87' lang='lat' dir='ltr'><strong>omnibus</strong></span> <span class='ocrx_word' id='word_1_209' title='bbox 1433 2535 1669 2590; x_wconf 73' lang='lat' dir='ltr'><strong>vobis“.</strong></span> <span class='ocrx_word' id='word_1_210' title='bbox 1704 2556 1721 2585; x_wconf 85' lang='grc'><strong>›</strong></span> <span class='ocrx_word' id='word_1_211' title='bbox 1755 2537 1854 2589; x_wconf 76' lang='lat' dir='ltr'><strong>Et:</strong></span> <span class='ocrx_word' id='word_1_212' title='bbox 1887 2555 1903 2586; x_wconf 72' lang='grc' dir='ltr'><strong>ε</strong></span> <span class='ocrx_word' id='word_1_213' title='bbox 1934 2538 2040 2589; x_wconf 71' lang='lat' dir='ltr'><strong>(lor</strong></span> <span class='ocrx_word' id='word_1_214' title='bbox 2064 2537 2306 2604; x_wconf 78' lang='lat' dir='ltr'><strong>gaudens</strong></span> 
     </span>
    </p>
   </div>
   <div class='ocr_carea' id='block_1_28' title="bbox 736 2627 2304 2697">
    <p class='ocr_par' dir='ltr' id='par_1_28' title="bbox 736 2627 2304 2697">
     <span class='ocr_line' id='line_1_28' title="bbox 736 2627 2304 2697; baseline -0.006 -6"><span class='ocrx_word' id='word_1_215' title='bbox 736 2639 876 2691; x_wconf 86' lang='lat' dir='ltr'><strong>bene</strong></span> <span class='ocrx_word' id='word_1_216' title='bbox 932 2637 1116 2688; x_wconf 79' lang='lat' dir='ltr'><strong>valere</strong></span> <span class='ocrx_word' id='word_1_217' title='bbox 1167 2632 1376 2685; x_wconf 71' lang='lat' dir='ltr'><strong>facit”.</strong></span> <span class='ocrx_word' id='word_1_218' title='bbox 1419 2649 1436 2681; x_wconf 70' lang='grc' dir='ltr'><strong>ι</strong></span> <span class='ocrx_word' id='word_1_219' title='bbox 1504 2629 1828 2697; x_wconf 82' lang='lat' dir='ltr'><strong>Apostolus:</strong></span> <span class='ocrx_word' id='word_1_220' title='bbox 1890 2648 1906 2678; x_wconf 73' lang='grc' dir='ltr'>ε</span> <span class='ocrx_word' id='word_1_221' title='bbox 1945 2627 2193 2681; x_wconf 86' lang='lat' dir='ltr'><strong>Gaudete</strong></span> <span class='ocrx_word' id='word_1_222' title='bbox 2248 2629 2304 2681; x_wconf 94' lang='lat' dir='ltr'><strong>in</strong></span> 
     </span>
    </p>
   </div>
   <div class='ocr_carea' id='block_1_29' title="bbox 732 2716 2307 2788">
    <p class='ocr_par' dir='ltr' id='par_1_29' title="bbox 732 2716 2307 2788">
     <span class='ocr_line' id='line_1_29' title="bbox 732 2716 2307 2788; baseline -0.006 -9"><span class='ocrx_word' id='word_1_223' title='bbox 732 2727 986 2785; x_wconf 86' lang='lat' dir='ltr'><strong>Dom&#39;ino,</strong></span> <span class='ocrx_word' id='word_1_224' title='bbox 1015 2724 1216 2775; x_wconf 85' lang='lat' dir='ltr'><strong>iterum</strong></span> <span class='ocrx_word' id='word_1_225' title='bbox 1253 2721 1400 2782; x_wconf 89' lang='lat' dir='ltr'><strong>dico,</strong></span> <span class='ocrx_word' id='word_1_226' title='bbox 1427 2719 1662 2788; x_wconf 81' lang='lat' dir='ltr'><strong>gaudete</strong></span> <span class='ocrx_word' id='word_1_227' title='bbox 1680 2718 1778 2771; x_wconf 75' lang='grc' dir='ltr'><strong>⁷ο.»</strong></span> <span class='ocrx_word' id='word_1_228' title='bbox 1819 2716 1925 2771; x_wconf 86' lang='lat' dir='ltr'><strong>Sed</strong></span> <span class='ocrx_word' id='word_1_229' title='bbox 1955 2726 2011 2772; x_wconf 92' lang='lat' dir='ltr'><strong>et</strong></span> <span class='ocrx_word' id='word_1_230' title='bbox 2035 2720 2089 2770; x_wconf 94' lang='lat' dir='ltr'><strong>iu</strong></span> <span class='ocrx_word' id='word_1_231' title='bbox 2126 2718 2307 2770; x_wconf 83' lang='lat' dir='ltr'><strong>Evan-</strong></span> 
     </span>
    </p>
   </div>
   <div class='ocr_carea' id='block_1_30' title="bbox 731 2809 2305 2888">
    <p class='ocr_par' dir='ltr' id='par_1_30' title="bbox 731 2809 2305 2888">
     <span class='ocr_line' id='line_1_30' title="bbox 731 2809 2305 2888; baseline -0.004 -19"><span class='ocrx_word' id='word_1_232' title='bbox 731 2817 875 2888; x_wconf 77' lang='lat' dir='ltr'><strong>ge.io</strong></span> <span class='ocrx_word' id='word_1_233' title='bbox 905 2817 983 2869; x_wconf 92' lang='lat' dir='ltr'><strong>ait</strong></span> <span class='ocrx_word' id='word_1_234' title='bbox 1014 2815 1127 2866; x_wconf 86' lang='lat' dir='ltr'><strong>ﬁlio</strong></span> <span class='ocrx_word' id='word_1_235' title='bbox 1171 2819 1360 2881; x_wconf 89' lang='lat' dir='ltr'><strong>pater:</strong></span> <span class='ocrx_word' id='word_1_236' title='bbox 1403 2830 1418 2859; x_wconf 84' lang='lat' dir='ltr'><strong>I</strong></span> <span class='ocrx_word' id='word_1_237' title='bbox 1460 2810 1660 2862; x_wconf 74' lang='lat' dir='ltr'><strong>Lmtari</strong></span> <span class='ocrx_word' id='word_1_238' title='bbox 1718 2819 1900 2863; x_wconf 87' lang='lat' dir='ltr'><strong>autem</strong></span> <span class='ocrx_word' id='word_1_239' title='bbox 1955 2819 2011 2862; x_wconf 91' lang='lat' dir='ltr'><strong>et</strong></span> <span class='ocrx_word' id='word_1_240' title='bbox 2064 2809 2305 2877; x_wconf 81' lang='lat' dir='ltr'><strong>gaudere</strong></span> 
     </span>
    </p>
   </div>
   <div class='ocr_carea' id='block_1_31' title="bbox 730 2900 2306 2975">
    <p class='ocr_par' dir='ltr' id='par_1_31' title="bbox 730 2900 2306 2975">
     <span class='ocr_line' id='line_1_31' title="bbox 730 2900 2306 2975; baseline -0.004 -14"><span class='ocrx_word' id='word_1_241' title='bbox 730 2907 1044 2975; x_wconf 82' lang='lat' dir='ltr'><strong>Oportebat,</strong></span> <span class='ocrx_word' id='word_1_242' title='bbox 1096 2903 1224 2972; x_wconf 84' lang='lat' dir='ltr'><strong>quia</strong></span> <span class='ocrx_word' id='word_1_243' title='bbox 1258 2902 1402 2954; x_wconf 87' lang='lat' dir='ltr'><strong>Illius</strong></span> <span class='ocrx_word' id='word_1_244' title='bbox 1448 2916 1605 2954; x_wconf 89' lang='lat' dir='ltr'><strong>meus</strong></span> <span class='ocrx_word' id='word_1_245' title='bbox 1636 2900 1728 2954; x_wconf 93' lang='lat' dir='ltr'><strong>hic</strong></span> <span class='ocrx_word' id='word_1_246' title='bbox 1759 2909 2010 2953; x_wconf 91' lang='lat' dir='ltr'><strong>mortuus</strong></span> <span class='ocrx_word' id='word_1_247' title='bbox 2063 2910 2200 2965; x_wconf 88' lang='lat' dir='ltr'><strong>erat,</strong></span> <span class='ocrx_word' id='word_1_248' title='bbox 2252 2911 2306 2955; x_wconf 92' lang='lat' dir='ltr'><strong>ct</strong></span> 
     </span>
    </p>
   </div>
   <div class='ocr_carea' id='block_1_32' title="bbox 733 2993 2303 3064">
    <p class='ocr_par' dir='ltr' id='par_1_32' title="bbox 733 2993 2303 3064">
     <span class='ocr_line' id='line_1_32' title="bbox 733 2993 2303 3064; baseline -0.001 -15"><span class='ocrx_word' id='word_1_249' title='bbox 733 2998 966 3050; x_wconf 81' lang='lat' dir='ltr'><strong>revixit:</strong></span> <span class='ocrx_word' id='word_1_250' title='bbox 997 2995 1258 3064; x_wconf 91' lang='lat' dir='ltr'><strong>perierat,</strong></span> <span class='ocrx_word' id='word_1_251' title='bbox 1293 3000 1348 3046; x_wconf 93' lang='lat' dir='ltr'><strong>et</strong></span> <span class='ocrx_word' id='word_1_252' title='bbox 1376 2993 1635 3047; x_wconf 88' lang='lat' dir='ltr'><strong>inventus</strong></span> <span class='ocrx_word' id='word_1_253' title='bbox 1664 2994 1827 3048; x_wconf 82' lang='lat' dir='ltr'><strong>est&quot;.</strong></span> <span class='ocrx_word' id='word_1_254' title='bbox 1869 3012 1887 3044; x_wconf 72' lang='grc' dir='ltr'><strong>ι</strong></span> <span class='ocrx_word' id='word_1_255' title='bbox 1925 2993 2031 3062; x_wconf 87' lang='lat' dir='ltr'><strong>Ipsi</strong></span> <span class='ocrx_word' id='word_1_256' title='bbox 2058 2993 2229 3062; x_wconf 82' lang='lat' dir='ltr'><strong>gloria</strong></span> <span class='ocrx_word' id='word_1_257' title='bbox 2250 2995 2303 3048; x_wconf 91' lang='lat' dir='ltr'><strong>in</strong></span> 
     </span>
    </p>
   </div>
   <div class='ocr_carea' id='block_1_33' title="bbox 731 3085 1179 3138">
    <p class='ocr_par' dir='ltr' id='par_1_33' title="bbox 731 3085 1179 3138">
     <span class='ocr_line' id='line_1_33' title="bbox 731 3085 1179 3138; baseline -0.009 0"><span class='ocrx_word' id='word_1_258' title='bbox 731 3087 950 3138; x_wconf 80' lang='lat' dir='ltr'><strong>saecula.</strong></span> <span class='ocrx_word' id='word_1_259' title='bbox 985 3085 1179 3138; x_wconf 81' lang='lat' dir='ltr'><strong>Amen.</strong></span> 
     </span>
    </p>
   </div>
   <div class='ocr_carea' id='block_1_34' title="bbox 2406 621 3980 691">
    <p class='ocr_par' dir='ltr' id='par_1_34' title="bbox 2406 621 3980 691">
     <span class='ocr_line' id='line_1_34' title="bbox 2406 621 3980 691; baseline -0.001 -18"><span class='ocrx_word' id='word_1_260' title='bbox 2406 621 2516 691; x_wconf 70' lang='grc' dir='ltr'><strong>δῴη</strong></span> <span class='ocrx_word' id='word_1_261' title='bbox 2549 639 2630 673; x_wconf 83' lang='grc' dir='ltr'><strong>σοι</strong></span> <span class='ocrx_word' id='word_1_262' title='bbox 2661 621 2730 672; x_wconf 76' lang='grc' dir='ltr'>τὰ</span> <span class='ocrx_word' id='word_1_263' title='bbox 2762 621 3041 690; x_wconf 74' lang='grc' dir='ltr'>αἰτήματα</span> <span class='ocrx_word' id='word_1_264' title='bbox 3069 621 3170 688; x_wconf 83' lang='grc' dir='ltr'>τῆς</span> <span class='ocrx_word' id='word_1_265' title='bbox 3204 623 3431 691; x_wconf 75' lang='grc' dir='ltr'>καρδίας</span> <span class='ocrx_word' id='word_1_266' title='bbox 3456 639 3570 676; x_wconf 84' lang='grc' dir='ltr'>σου.</span> <span class='ocrx_word' id='word_1_267' title='bbox 3615 642 3631 672; x_wconf 70' lang='grc' dir='ltr'><strong>ι</strong></span> <span class='ocrx_word' id='word_1_268' title='bbox 3675 625 3839 690; x_wconf 78' lang='grc' dir='ltr'>Λέγει</span> <span class='ocrx_word' id='word_1_269' title='bbox 3875 625 3980 691; x_wconf 72' lang='grc' dir='ltr'><strong>γὰρ</strong></span> 
     </span>
    </p>
   </div>
   <div class='ocr_carea' id='block_1_35' title="bbox 2405 711 3981 782">
    <p class='ocr_par' dir='ltr' id='par_1_35' title="bbox 2405 711 3981 782">
     <span class='ocr_line' id='line_1_35' title="bbox 2405 711 3981 782; baseline 0 -18"><span class='ocrx_word' id='word_1_270' title='bbox 2405 716 2432 764; x_wconf 99' lang='lat'><strong>6</strong></span> <span class='ocrx_word' id='word_1_271' title='bbox 2482 713 2682 781; x_wconf 69' lang='grc' dir='ltr'>Κύριος</span> <span class='ocrx_word' id='word_1_272' title='bbox 2709 713 2820 773; x_wconf 84' lang='grc' dir='ltr'>τοῖς</span> <span class='ocrx_word' id='word_1_273' title='bbox 2867 711 3168 782; x_wconf 70' lang='grc' dir='ltr'>μαθηταῖς·</span> <span class='ocrx_word' id='word_1_274' title='bbox 3201 732 3218 762; x_wconf 71' lang='grc' dir='ltr'><strong>ι</strong></span> <span class='ocrx_word' id='word_1_275' title='bbox 3273 713 3397 765; x_wconf 72' lang='lat' dir='ltr'><strong>&#39;an</strong></span> <span class='ocrx_word' id='word_1_276' title='bbox 3454 714 3706 779; x_wconf 73' lang='grc' dir='ltr'>ἀγαπᾶτὲ</span> <span class='ocrx_word' id='word_1_277' title='bbox 3743 731 3835 781; x_wconf 83' lang='grc' dir='ltr'><strong>με,</strong></span> <span class='ocrx_word' id='word_1_278' title='bbox 3888 721 3981 766; x_wconf 74' lang='grc' dir='ltr'><strong>καὶ</strong></span> 
     </span>
    </p>
   </div>
   <div class='ocr_carea' id='block_1_36' title="bbox 2405 805 3983 874">
    <p class='ocr_par' dir='ltr' id='par_1_36' title="bbox 2405 805 3983 874">
     <span class='ocr_line' id='line_1_36' title="bbox 2405 805 3983 874; baseline 0 -18"><span class='ocrx_word' id='word_1_279' title='bbox 2405 805 2500 867; x_wconf 74' lang='grc' dir='ltr'><strong>τὰς</strong></span> <span class='ocrx_word' id='word_1_280' title='bbox 2520 805 2736 865; x_wconf 76' lang='grc' dir='ltr'>ἐντολάς</span> <span class='ocrx_word' id='word_1_281' title='bbox 2769 822 2870 873; x_wconf 83' lang='grc' dir='ltr'><strong>μου</strong></span> <span class='ocrx_word' id='word_1_282' title='bbox 2900 807 3196 874; x_wconf 71' lang='grc' dir='ltr'>τηρήῖητε,</span> <span class='ocrx_word' id='word_1_283' title='bbox 3237 806 3352 866; x_wconf 70' lang='grc' dir='ltr'>καὶ,</span> <span class='ocrx_word' id='word_1_284' title='bbox 3401 807 3544 856; x_wconf 61' lang='lat' dir='ltr'><strong>iiii-1</strong></span> <span class='ocrx_word' id='word_1_285' title='bbox 3571 806 3788 873; x_wconf 62' lang='grc' dir='ltr'>θέλητε,</span> <span class='ocrx_word' id='word_1_286' title='bbox 3820 808 3983 874; x_wconf 71' lang='grc' dir='ltr'>αἰτή-</span> 
     </span>
    </p>
   </div>
   <div class='ocr_carea' id='block_1_37' title="bbox 2408 897 3983 968">
    <p class='ocr_par' dir='ltr' id='par_1_37' title="bbox 2408 897 3983 968">
     <span class='ocr_line' id='line_1_37' title="bbox 2408 897 3983 968; baseline 0 -20"><span class='ocrx_word' id='word_1_287' title='bbox 2408 914 2536 949; x_wconf 85' lang='grc' dir='ltr'>σατε</span> <span class='ocrx_word' id='word_1_288' title='bbox 2566 898 2654 948; x_wconf 71' lang='grc' dir='ltr'><strong>τὸν</strong></span> <span class='ocrx_word' id='word_1_289' title='bbox 2676 897 2896 968; x_wconf 79' lang='grc' dir='ltr'><strong>Πατέρα</strong></span> <span class='ocrx_word' id='word_1_290' title='bbox 2925 915 3051 966; x_wconf 88' lang='grc' dir='ltr'>μου.</span> <span class='ocrx_word' id='word_1_291' title='bbox 3087 898 3179 949; x_wconf 76' lang='grc' dir='ltr'><strong>καὶ</strong></span> <span class='ocrx_word' id='word_1_292' title='bbox 3202 898 3361 949; x_wconf 76' lang='grc' dir='ltr'>δώσει</span> <span class='ocrx_word' id='word_1_293' title='bbox 3401 900 3528 966; x_wconf 80' lang='grc' dir='ltr'>ὑμῖν</span> <span class='ocrx_word' id='word_1_294' title='bbox 3575 900 3631 948; x_wconf 76' lang='grc' dir='ltr'>ἐν</span> <span class='ocrx_word' id='word_1_295' title='bbox 3658 899 3734 967; x_wconf 70' lang='grc' dir='ltr'><strong>τῷ</strong></span> <span class='ocrx_word' id='word_1_296' title='bbox 3758 899 3983 966; x_wconf 67' lang='grc' dir='ltr'>ὀνόματί</span> 
     </span>
    </p>
   </div>
   <div class='ocr_carea' id='block_1_38' title="bbox 2411 990 3987 1061">
    <p class='ocr_par' dir='ltr' id='par_1_38' title="bbox 2411 990 3987 1061">
     <span class='ocr_line' id='line_1_38' title="bbox 2411 990 3987 1061; baseline -0.003 -17"><span class='ocrx_word' id='word_1_297' title='bbox 2411 1010 2532 1061; x_wconf 79' lang='grc' dir='ltr'>μου.</span> <span class='ocrx_word' id='word_1_298' title='bbox 2576 1011 2592 1042; x_wconf 75' lang='grc' dir='ltr'><strong>ι</strong></span> <span class='ocrx_word' id='word_1_299' title='bbox 2623 990 2731 1042; x_wconf 75' lang='grc' dir='ltr'><strong>Καὶ</strong></span> <span class='ocrx_word' id='word_1_300' title='bbox 2767 991 2958 1043; x_wconf 55' lang='grc' dir='ltr'>πάλιν</span> <span class='ocrx_word' id='word_1_301' title='bbox 2993 1011 3008 1041; x_wconf 72' lang='grc' dir='ltr'><strong>ι</strong></span> <span class='ocrx_word' id='word_1_302' title='bbox 3040 991 3412 1060; x_wconf 66' lang='grc' dir='ltr'>Εὖφρανθήτω</span> <span class='ocrx_word' id='word_1_303' title='bbox 3441 992 3640 1058; x_wconf 58' lang='grc' dir='ltr'>καρδία</span> <span class='ocrx_word' id='word_1_304' title='bbox 3672 990 3987 1058; x_wconf 69' lang='grc' dir='ltr'>ζητούντιιλν</span> 
     </span>
    </p>
   </div>
   <div class='ocr_carea' id='block_1_39' title="bbox 2407 1089 3988 1160">
    <p class='ocr_par' dir='ltr' id='par_1_39' title="bbox 2407 1089 3988 1160">
     <span class='ocr_line' id='line_1_39' title="bbox 2407 1089 3988 1160; baseline -0.003 -18"><span class='ocrx_word' id='word_1_305' title='bbox 2407 1095 2496 1143; x_wconf 68' lang='grc' dir='ltr'>τὸν</span> <span class='ocrx_word' id='word_1_306' title='bbox 2525 1091 2796 1160; x_wconf 68' lang='grc' dir='ltr'>Κύριον.ξ»</span> <span class='ocrx_word' id='word_1_307' title='bbox 2815 1091 2943 1150; x_wconf 78' lang='grc' dir='ltr'>Κα“ο,</span> <span class='ocrx_word' id='word_1_308' title='bbox 2983 1109 3000 1139; x_wconf 76' lang='lat' dir='ltr'><strong>t</strong></span> <span class='ocrx_word' id='word_1_309' title='bbox 3037 1090 3412 1158; x_wconf 59' lang='grc' dir='ltr'>Εὒξράνθητε,</span> <span class='ocrx_word' id='word_1_310' title='bbox 3437 1089 3657 1150; x_wconf 82' lang='grc' dir='ltr'>δίκαιοι,</span> <span class='ocrx_word' id='word_1_311' title='bbox 3694 1091 3748 1140; x_wconf 76' lang='grc' dir='ltr'>ἐν</span> <span class='ocrx_word' id='word_1_312' title='bbox 3775 1089 3857 1157; x_wconf 70' lang='grc' dir='ltr'>τῷ</span> <span class='ocrx_word' id='word_1_313' title='bbox 3881 1089 3988 1138; x_wconf 78' lang='lat' dir='ltr'><strong>Ku-</strong></span> 
     </span>
    </p>
   </div>
   <div class='ocr_carea' id='block_1_40' title="bbox 2412 1184 3981 1258">
    <p class='ocr_par' dir='ltr' id='par_1_40' title="bbox 2412 1184 3981 1258">
     <span class='ocr_line' id='line_1_40' title="bbox 2412 1184 3981 1258; baseline -0.006 -19"><span class='ocrx_word' id='word_1_314' title='bbox 2412 1189 2532 1258; x_wconf 74' lang='grc' dir='ltr'>ρίῳ.</span> <span class='ocrx_word' id='word_1_315' title='bbox 2571 1207 2589 1238; x_wconf 71' lang='grc' dir='ltr'><strong>ι</strong></span> <span class='ocrx_word' id='word_1_316' title='bbox 2625 1187 2752 1248; x_wconf 77' lang='grc' dir='ltr'>Καὶ,</span> <span class='ocrx_word' id='word_1_317' title='bbox 2778 1205 2795 1235; x_wconf 69' lang='grc' dir='ltr'><strong>ι</strong></span> <span class='ocrx_word' id='word_1_318' title='bbox 2829 1186 3280 1255; x_wconf 73' lang='grc' dir='ltr'>Εὑφρανθήσεται</span> <span class='ocrx_word' id='word_1_319' title='bbox 3307 1184 3519 1245; x_wconf 81' lang='grc' dir='ltr'>δίκαιος</span> <span class='ocrx_word' id='word_1_320' title='bbox 3546 1188 3602 1236; x_wconf 74' lang='grc' dir='ltr'>ἐν</span> <span class='ocrx_word' id='word_1_321' title='bbox 3629 1184 3706 1251; x_wconf 75' lang='grc' dir='ltr'>τῷ</span> <span class='ocrx_word' id='word_1_322' title='bbox 3728 1184 3946 1252; x_wconf 79' lang='grc' dir='ltr'>Κυρίῳ.</span> <span class='ocrx_word' id='word_1_323' title='bbox 3965 1201 3981 1230; x_wconf 74' lang='grc' dir='ltr'><strong>ι</strong></span> 
     </span>
    </p>
   </div>
   <div class='ocr_carea' id='block_1_41' title="bbox 2410 1273 3987 1346">
    <p class='ocr_par' dir='ltr' id='par_1_41' title="bbox 2410 1273 3987 1346">
     <span class='ocr_line' id='line_1_41' title="bbox 2410 1273 3987 1346; baseline -0.006 -15"><span class='ocrx_word' id='word_1_324' title='bbox 2410 1281 2536 1339; x_wconf 67' lang='grc' dir='ltr'>Καὶ,</span> <span class='ocrx_word' id='word_1_325' title='bbox 2585 1298 2600 1325; x_wconf 75' lang='grc' dir='ltr'><strong>ι</strong></span> <span class='ocrx_word' id='word_1_326' title='bbox 2654 1275 3253 1346; x_wconf 60' lang='grc' dir='ltr'>ΙέὑφρακιθήτωΊαραὴ).</span> <span class='ocrx_word' id='word_1_327' title='bbox 3272 1275 3363 1326; x_wconf 71' lang='grc' dir='ltr'><strong>ἐπὶ</strong></span> <span class='ocrx_word' id='word_1_328' title='bbox 3387 1274 3463 1343; x_wconf 72' lang='grc' dir='ltr'>τῷ</span> <span class='ocrx_word' id='word_1_329' title='bbox 3487 1276 3770 1342; x_wconf 67' lang='grc' dir='ltr'>ποιήσαντι</span> <span class='ocrx_word' id='word_1_330' title='bbox 3802 1273 3987 1342; x_wconf 47' lang='lat' dir='ltr'><strong>aii-JH,</strong></span> 
     </span>
    </p>
   </div>
   <div class='ocr_carea' id='block_1_42' title="bbox 2410 1364 3988 1435">
    <p class='ocr_par' dir='ltr' id='par_1_42' title="bbox 2410 1364 3988 1435">
     <span class='ocr_line' id='line_1_42' title="bbox 2410 1364 3988 1435; baseline -0.004 -13"><span class='ocrx_word' id='word_1_331' title='bbox 2410 1371 2502 1422; x_wconf 71' lang='grc' dir='ltr'><strong>καὶ</strong></span> <span class='ocrx_word' id='word_1_332' title='bbox 2529 1370 2632 1422; x_wconf 79' lang='grc' dir='ltr'>υἱοὶ</span> <span class='ocrx_word' id='word_1_333' title='bbox 2663 1368 2799 1420; x_wconf 75' lang='grc' dir='ltr'>Σιὼν</span> <span class='ocrx_word' id='word_1_334' title='bbox 2831 1367 3285 1434; x_wconf 64' lang='grc' dir='ltr'><strong>ἀγαλλιάςθυηαν</strong></span> <span class='ocrx_word' id='word_1_335' title='bbox 3315 1369 3402 1418; x_wconf 64' lang='grc' dir='ltr'><strong>ἐπὶ</strong></span> <span class='ocrx_word' id='word_1_336' title='bbox 3431 1366 3508 1435; x_wconf 76' lang='grc' dir='ltr'>τῷ</span> <span class='ocrx_word' id='word_1_337' title='bbox 3539 1365 3747 1435; x_wconf 73' lang='grc' dir='ltr'>βασιλεί</span> <span class='ocrx_word' id='word_1_338' title='bbox 3785 1364 3988 1416; x_wconf 69' lang='grc' dir='ltr'>αὐτῶν.</span> 
     </span>
    </p>
   </div>
   <div class='ocr_carea' id='block_1_43' title="bbox 2425 1457 3984 1528">
    <p class='ocr_par' dir='ltr' id='par_1_43' title="bbox 2425 1457 3984 1528">
     <span class='ocr_line' id='line_1_43' title="bbox 2425 1457 3984 1528; baseline -0.006 -16"><span class='ocrx_word' id='word_1_339' title='bbox 2425 1462 2486 1512; x_wconf 87' lang='lat' dir='ltr'><strong>&#39;ll</strong></span> <span class='ocrx_word' id='word_1_340' title='bbox 2516 1461 2624 1528; x_wconf 74' lang='grc' dir='ltr'><strong>γὰρ</strong></span> <span class='ocrx_word' id='word_1_341' title='bbox 2655 1462 2711 1512; x_wconf 85' lang='grc' dir='ltr'>ὲν</span> <span class='ocrx_word' id='word_1_342' title='bbox 2741 1459 2824 1511; x_wconf 76' lang='grc' dir='ltr'>σοὶ</span> <span class='ocrx_word' id='word_1_343' title='bbox 2854 1458 3106 1511; x_wconf 71' lang='grc' dir='ltr'>κατοικία</span> <span class='ocrx_word' id='word_1_344' title='bbox 3128 1460 3200 1520; x_wconf 78' lang='grc' dir='ltr'>ὡς</span> <span class='ocrx_word' id='word_1_345' title='bbox 3226 1457 3671 1526; x_wconf 67' lang='grc' dir='ltr'><strong>εὐφραινομένων</strong></span> <span class='ocrx_word' id='word_1_346' title='bbox 3692 1457 3933 1507; x_wconf 73' lang='grc' dir='ltr'>πάντων.</span> <span class='ocrx_word' id='word_1_347' title='bbox 3969 1475 3984 1504; x_wconf 74' lang='grc' dir='ltr'><strong>ι</strong></span> 
     </span>
    </p>
   </div>
   <div class='ocr_carea' id='block_1_44' title="bbox 2411 1548 3992 1620">
    <p class='ocr_par' dir='ltr' id='par_1_44' title="bbox 2411 1548 3992 1620">
     <span class='ocr_line' id='line_1_44' title="bbox 2411 1548 3992 1620; baseline -0.006 -12"><span class='ocrx_word' id='word_1_348' title='bbox 2411 1557 2518 1607; x_wconf 71' lang='grc' dir='ltr'><strong>Καὶ</strong></span> <span class='ocrx_word' id='word_1_349' title='bbox 2548 1554 2705 1614; x_wconf 75' lang='grc' dir='ltr'>ἄλλος</span> <span class='ocrx_word' id='word_1_350' title='bbox 2728 1570 2742 1583; x_wconf 77' lang='grc' dir='ltr'><strong><em>ο</em></strong></span> <span class='ocrx_word' id='word_1_351' title='bbox 2785 1574 2802 1602; x_wconf 70' lang='lat' dir='ltr'><strong>t</strong></span> <span class='ocrx_word' id='word_1_352' title='bbox 2840 1552 2964 1612; x_wconf 80' lang='grc' dir='ltr'>Τοῖς</span> <span class='ocrx_word' id='word_1_353' title='bbox 2994 1551 3102 1620; x_wconf 77' lang='grc' dir='ltr'><strong>γὰρ</strong></span> <span class='ocrx_word' id='word_1_354' title='bbox 3131 1550 3474 1602; x_wconf 73' lang='grc' dir='ltr'>δουλεύουσί-ι</span> <span class='ocrx_word' id='word_1_355' title='bbox 3513 1566 3602 1618; x_wconf 79' lang='grc' dir='ltr'><strong>μοι</strong></span> <span class='ocrx_word' id='word_1_356' title='bbox 3648 1548 3992 1616; x_wconf 71' lang='grc' dir='ltr'>κληθήσεται</span> 
     </span>
    </p>
   </div>
   <div class='ocr_carea' id='block_1_45' title="bbox 2409 1639 3991 1714">
    <p class='ocr_par' dir='ltr' id='par_1_45' title="bbox 2409 1639 3991 1714">
     <span class='ocr_line' id='line_1_45' title="bbox 2409 1639 3991 1714; baseline -0.005 -18"><span class='ocrx_word' id='word_1_357' title='bbox 2409 1646 2575 1714; x_wconf 75' lang='grc' dir='ltr'>ὄνομα</span> <span class='ocrx_word' id='word_1_358' title='bbox 2606 1644 2809 1705; x_wconf 73' lang='grc' dir='ltr'>καινὸν,</span> <span class='ocrx_word' id='word_1_359' title='bbox 2841 1642 2870 1693; x_wconf 86' lang='grc' dir='ltr'><strong>ὃ</strong></span> <span class='ocrx_word' id='word_1_360' title='bbox 2896 1639 3320 1709; x_wconf 74' lang='grc' dir='ltr'>εὐλογηθήσεται</span> <span class='ocrx_word' id='word_1_361' title='bbox 3352 1642 3443 1692; x_wconf 71' lang='grc' dir='ltr'>ἐπὶ</span> <span class='ocrx_word' id='word_1_362' title='bbox 3471 1641 3572 1708; x_wconf 74' lang='grc' dir='ltr'>τῆς</span> <span class='ocrx_word' id='word_1_363' title='bbox 3603 1641 3735 1709; x_wconf 77' lang='grc' dir='ltr'>γῆς’</span> <span class='ocrx_word' id='word_1_364' title='bbox 3771 1641 3868 1690; x_wconf 75' lang='grc' dir='ltr'><strong>καὶ</strong></span> <span class='ocrx_word' id='word_1_365' title='bbox 3901 1639 3991 1689; x_wconf 69' lang='grc' dir='ltr'>ευ-</span> 
     </span>
    </p>
   </div>
   <div class='ocr_carea' id='block_1_46' title="bbox 2410 1731 3990 1806">
    <p class='ocr_par' dir='ltr' id='par_1_46' title="bbox 2410 1731 3990 1806">
     <span class='ocr_line' id='line_1_46' title="bbox 2410 1731 3990 1806; baseline -0.003 -18"><span class='ocrx_word' id='word_1_366' title='bbox 2410 1736 2688 1806; x_wconf 69' lang='grc' dir='ltr'>φροςύνην</span> <span class='ocrx_word' id='word_1_367' title='bbox 2743 1736 2837 1787; x_wconf 75' lang='grc' dir='ltr'><strong>καὶ</strong></span> <span class='ocrx_word' id='word_1_368' title='bbox 2896 1734 3212 1801; x_wconf 75' lang='grc' dir='ltr'>ἀγαλλίαμα</span> <span class='ocrx_word' id='word_1_369' title='bbox 3266 1733 3593 1802; x_wconf 84' lang='grc' dir='ltr'>εὑρήσουσιν</span> <span class='ocrx_word' id='word_1_370' title='bbox 3644 1731 3732 1782; x_wconf 82' lang='grc' dir='ltr'><strong>ἐπ’</strong></span> <span class='ocrx_word' id='word_1_371' title='bbox 3796 1731 3990 1797; x_wconf 75' lang='grc' dir='ltr'>αὐτῆς.</span> 
     </span>
    </p>
   </div>
   <div class='ocr_carea' id='block_1_47' title="bbox 2339 1822 3994 1915">
    <p class='ocr_par' dir='ltr' id='par_1_47' title="bbox 2339 1822 3994 1915">
     <span class='ocr_line' id='line_1_47' title="bbox 2339 1822 3994 1915; baseline -0.004 -37"><span class='ocrx_word' id='word_1_372' title='bbox 2339 1856 2382 1915; x_wconf 70' lang='grc' dir='ltr'><strong><em>Β</em></strong></span> <span class='ocrx_word' id='word_1_373' title='bbox 2415 1829 2567 1879; x_wconf 82' lang='grc' dir='ltr'>Ὅσοι</span> <span class='ocrx_word' id='word_1_374' title='bbox 2601 1828 2710 1894; x_wconf 69' lang='grc' dir='ltr'><strong>γὰρ</strong></span> <span class='ocrx_word' id='word_1_375' title='bbox 2732 1826 3074 1879; x_wconf 67' lang='grc' dir='ltr'><strong>δουλεύουσιν</strong></span> <span class='ocrx_word' id='word_1_376' title='bbox 3099 1825 3247 1894; x_wconf 73' lang='grc' dir='ltr'><strong>αὑτῷ</strong></span> <span class='ocrx_word' id='word_1_377' title='bbox 3275 1827 3333 1876; x_wconf 78' lang='grc' dir='ltr'>ἐν</span> <span class='ocrx_word' id='word_1_378' title='bbox 3363 1823 3534 1891; x_wconf 66' lang='grc' dir='ltr'>φόϐῳ,</span> <span class='ocrx_word' id='word_1_379' title='bbox 3556 1823 3649 1874; x_wconf 73' lang='grc' dir='ltr'><strong>καὶ</strong></span> <span class='ocrx_word' id='word_1_380' title='bbox 3684 1822 3994 1888; x_wconf 72' lang='grc' dir='ltr'>ἀγαλλιῶν-</span> 
     </span>
    </p>
   </div>
   <div class='ocr_carea' id='block_1_48' title="bbox 2413 1907 3989 1987">
    <p class='ocr_par' dir='ltr' id='par_1_48' title="bbox 2413 1907 3989 1987">
     <span class='ocr_line' id='line_1_48' title="bbox 2413 1907 3989 1987; baseline -0.008 -15"><span class='ocrx_word' id='word_1_381' title='bbox 2413 1939 2504 1973; x_wconf 87' lang='grc' dir='ltr'><strong>ται</strong></span> <span class='ocrx_word' id='word_1_382' title='bbox 2544 1917 2693 1987; x_wconf 78' lang='grc' dir='ltr'>αὐτῷ</span> <span class='ocrx_word' id='word_1_383' title='bbox 2727 1918 2784 1968; x_wconf 80' lang='grc' dir='ltr'>ἐν</span> <span class='ocrx_word' id='word_1_384' title='bbox 2805 1916 3026 1985; x_wconf 82' lang='grc' dir='ltr'>τρόμῳ’</span> <span class='ocrx_word' id='word_1_385' title='bbox 3051 1907 3199 1967; x_wconf 74' lang='grc' dir='ltr'>οὗτοί</span> <span class='ocrx_word' id='word_1_386' title='bbox 3233 1917 3370 1966; x_wconf 87' lang='grc' dir='ltr'>εἰσιν</span> <span class='ocrx_word' id='word_1_387' title='bbox 3393 1913 3511 1985; x_wconf 45' lang='grc' dir='ltr'>,υἱοὶ</span> <span class='ocrx_word' id='word_1_388' title='bbox 3541 1911 3675 1962; x_wconf 76' lang='grc' dir='ltr'>Θεοῦ</span> <span class='ocrx_word' id='word_1_389' title='bbox 3707 1911 3941 1973; x_wconf 76' lang='grc' dir='ltr'>ζῶντος.</span> <span class='ocrx_word' id='word_1_390' title='bbox 3971 1929 3989 1960; x_wconf 72' lang='grc' dir='ltr'><strong>ι</strong></span> 
     </span>
    </p>
   </div>
   <div class='ocr_carea' id='block_1_49' title="bbox 2413 1999 3996 2079">
    <p class='ocr_par' dir='ltr' id='par_1_49' title="bbox 2413 1999 3996 2079">
     <span class='ocr_line' id='line_1_49' title="bbox 2413 1999 3996 2079; baseline -0.008 -18"><span class='ocrx_word' id='word_1_391' title='bbox 2413 2011 2578 2079; x_wconf 71' lang='grc' dir='ltr'><strong>(ιἠσὶν</strong></span> <span class='ocrx_word' id='word_1_392' title='bbox 2603 2008 2659 2059; x_wconf 75' lang='grc' dir='ltr'>δὲ</span> <span class='ocrx_word' id='word_1_393' title='bbox 2695 2007 2790 2060; x_wconf 72' lang='grc' dir='ltr'>καὶ</span> <span class='ocrx_word' id='word_1_394' title='bbox 2818 2008 2845 2058; x_wconf 91' lang='lat'><strong>6</strong></span> <span class='ocrx_word' id='word_1_395' title='bbox 2885 2003 3315 2075; x_wconf 81' lang='grc' dir='ltr'>Παροιμιαστὴς,</span> <span class='ocrx_word' id='word_1_396' title='bbox 3362 2021 3380 2053; x_wconf 81' lang='grc' dir='ltr'><strong>ι</strong></span> <span class='ocrx_word' id='word_1_397' title='bbox 3433 2003 3521 2054; x_wconf 84' lang='grc' dir='ltr'>Ἐν</span> <span class='ocrx_word' id='word_1_398' title='bbox 3544 1999 3909 2068; x_wconf 70' lang='grc' dir='ltr'><strong>εὐφροσύναις</strong></span> <span class='ocrx_word' id='word_1_399' title='bbox 3934 1999 3996 2049; x_wconf 80' lang='grc' dir='ltr'>οὐ</span> 
     </span>
    </p>
   </div>
   <div class='ocr_carea' id='block_1_50' title="bbox 2416 2089 3994 2169">
    <p class='ocr_par' dir='ltr' id='par_1_50' title="bbox 2416 2089 3994 2169">
     <span class='ocr_line' id='line_1_50' title="bbox 2416 2089 3994 2169; baseline -0.008 -19"><span class='ocrx_word' id='word_1_400' title='bbox 2416 2096 2981 2169; x_wconf 63' lang='grc' dir='ltr'>προσμίινυταιλύπη</span> <span class='ocrx_word' id='word_1_401' title='bbox 3009 2110 3022 2122; x_wconf 76' lang='grc'><strong><em>⁸</em></strong></span> <span class='ocrx_word' id='word_1_402' title='bbox 3054 2093 3163 2147; x_wconf 73' lang='grc' dir='ltr'><strong>ἀπὸ</strong></span> <span class='ocrx_word' id='word_1_403' title='bbox 3182 2095 3287 2162; x_wconf 77' lang='grc' dir='ltr'><strong>γὰρ</strong></span> <span class='ocrx_word' id='word_1_404' title='bbox 3332 2091 3426 2144; x_wconf 74' lang='grc' dir='ltr'>τοῦ</span> <span class='ocrx_word' id='word_1_405' title='bbox 3457 2091 3621 2161; x_wconf 83' lang='grc' dir='ltr'>χοροῦ</span> <span class='ocrx_word' id='word_1_406' title='bbox 3635 2091 3744 2142; x_wconf 80' lang='grc' dir='ltr'><strong>τῶν</strong></span> <span class='ocrx_word' id='word_1_407' title='bbox 3760 2089 3994 2140; x_wconf 80' lang='grc' dir='ltr'>δικαίων</span> 
     </span>
    </p>
   </div>
   <div class='ocr_carea' id='block_1_51' title="bbox 2416 2179 3994 2256">
    <p class='ocr_par' dir='ltr' id='par_1_51' title="bbox 2416 2179 3994 2256">
     <span class='ocr_line' id='line_1_51' title="bbox 2416 2179 3994 2256; baseline -0.009 -14"><span class='ocrx_word' id='word_1_408' title='bbox 2416 2190 2625 2256; x_wconf 73' lang='grc' dir='ltr'>ἀπέδρα</span> <span class='ocrx_word' id='word_1_409' title='bbox 2653 2190 2744 2240; x_wconf 72' lang='grc' dir='ltr'><strong>καὶ</strong></span> <span class='ocrx_word' id='word_1_410' title='bbox 2774 2187 2954 2255; x_wconf 75' lang='grc' dir='ltr'>ὀδύνη,</span> <span class='ocrx_word' id='word_1_411' title='bbox 2992 2187 3085 2238; x_wconf 74' lang='grc' dir='ltr'><strong>καὶ</strong></span> <span class='ocrx_word' id='word_1_412' title='bbox 3123 2184 3287 2252; x_wconf 76' lang='grc' dir='ltr'>λύπη,</span> <span class='ocrx_word' id='word_1_413' title='bbox 3324 2185 3419 2236; x_wconf 68' lang='grc' dir='ltr'><strong>καὶ</strong></span> <span class='ocrx_word' id='word_1_414' title='bbox 3445 2182 3768 2250; x_wconf 81' lang='grc' dir='ltr'>στεναγμός.</span> <span class='ocrx_word' id='word_1_415' title='bbox 3813 2198 3832 2228; x_wconf 70' lang='grc' dir='ltr'><strong>ι</strong></span> <span class='ocrx_word' id='word_1_416' title='bbox 3867 2179 3994 2238; x_wconf 77' lang='grc' dir='ltr'>Καὶ,</span> 
     </span>
    </p>
   </div>
   <div class='ocr_carea' id='block_1_52' title="bbox 2421 2268 4001 2350">
    <p class='ocr_par' dir='ltr' id='par_1_52' title="bbox 2421 2268 4001 2350">
     <span class='ocr_line' id='line_1_52' title="bbox 2421 2268 4001 2350; baseline -0.009 -16"><span class='ocrx_word' id='word_1_417' title='bbox 2421 2301 2439 2334; x_wconf 76' lang='grc' dir='ltr'><strong>ι</strong></span> <span class='ocrx_word' id='word_1_418' title='bbox 2495 2283 2582 2334; x_wconf 86' lang='grc' dir='ltr'>Ἐν</span> <span class='ocrx_word' id='word_1_419' title='bbox 2629 2280 2813 2350; x_wconf 71' lang='grc' dir='ltr'>ἡμέρα</span> <span class='ocrx_word' id='word_1_420' title='bbox 2877 2277 3224 2346; x_wconf 76' lang='grc' dir='ltr'>ἀγαοοσύνης</span> <span class='ocrx_word' id='word_1_421' title='bbox 3294 2274 3418 2340; x_wconf 77' lang='grc' dir='ltr'>ζῆθι</span> <span class='ocrx_word' id='word_1_422' title='bbox 3475 2276 3531 2324; x_wconf 75' lang='grc' dir='ltr'>ὲν</span> <span class='ocrx_word' id='word_1_423' title='bbox 3560 2271 3775 2339; x_wconf 77' lang='grc' dir='ltr'><strong>ἀγαθῷ.</strong></span> <span class='ocrx_word' id='word_1_424' title='bbox 3819 2289 3839 2319; x_wconf 74' lang='grc' dir='ltr'><strong><em>ι</em></strong></span> <span class='ocrx_word' id='word_1_425' title='bbox 3892 2268 4001 2320; x_wconf 74' lang='grc' dir='ltr'><strong>Καὶ</strong></span> 
     </span>
    </p>
   </div>
   <div class='ocr_carea' id='block_1_53' title="bbox 2414 2361 4000 2440">
    <p class='ocr_par' dir='ltr' id='par_1_53' title="bbox 2414 2361 4000 2440">
     <span class='ocr_line' id='line_1_53' title="bbox 2414 2361 4000 2440; baseline -0.01 -14"><span class='ocrx_word' id='word_1_426' title='bbox 2414 2374 2596 2436; x_wconf 71' lang='grc' dir='ltr'>πάλιν,</span> <span class='ocrx_word' id='word_1_427' title='bbox 2642 2391 2656 2418; x_wconf 79' lang='grc' dir='ltr'><strong>ι</strong></span> <span class='ocrx_word' id='word_1_428' title='bbox 2692 2369 2924 2440; x_wconf 74' lang='grc' dir='ltr'>Θεωρῶν</span> <span class='ocrx_word' id='word_1_429' title='bbox 2963 2368 3243 2436; x_wconf 61' lang='grc' dir='ltr'>ὀφθαλμὸς</span> <span class='ocrx_word' id='word_1_430' title='bbox 3294 2365 3458 2425; x_wconf 68' lang='grc' dir='ltr'>καλὰ,</span> <span class='ocrx_word' id='word_1_431' title='bbox 3505 2361 3792 2429; x_wconf 76' lang='grc' dir='ltr'><strong>εὐφραίνει</strong></span> <span class='ocrx_word' id='word_1_432' title='bbox 3859 2376 4000 2426; x_wconf 84' lang='grc' dir='ltr'>καρ-</span> 
     </span>
    </p>
   </div>
   <div class='ocr_carea' id='block_1_54' title="bbox 2413 2450 4000 2531">
    <p class='ocr_par' dir='ltr' id='par_1_54' title="bbox 2413 2450 4000 2531">
     <span class='ocr_line' id='line_1_54' title="bbox 2413 2450 4000 2531; baseline -0.011 -14"><span class='ocrx_word' id='word_1_433' title='bbox 2413 2467 2550 2518; x_wconf 85' lang='grc' dir='ltr'>δίαν.</span> <span class='ocrx_word' id='word_1_434' title='bbox 2591 2483 2607 2513; x_wconf 74' lang='grc' dir='ltr'><strong>ι</strong></span> <span class='ocrx_word' id='word_1_435' title='bbox 2656 2461 2897 2531; x_wconf 77' lang='grc' dir='ltr'>Καρδίας</span> <span class='ocrx_word' id='word_1_436' title='bbox 2933 2459 2989 2510; x_wconf 80' lang='grc' dir='ltr'>δὲ</span> <span class='ocrx_word' id='word_1_437' title='bbox 3022 2456 3477 2525; x_wconf 76' lang='grc' dir='ltr'>εὐφραινομένης,</span> <span class='ocrx_word' id='word_1_438' title='bbox 3516 2454 3813 2522; x_wconf 75' lang='grc' dir='ltr'>πρόσωπον</span> <span class='ocrx_word' id='word_1_439' title='bbox 3865 2450 4000 2501; x_wconf 81' lang='grc' dir='ltr'>θάλ-</span> 
     </span>
    </p>
   </div>
   <div class='ocr_carea' id='block_1_55' title="bbox 2413 2539 4003 2621">
    <p class='ocr_par' dir='ltr' id='par_1_55' title="bbox 2413 2539 4003 2621">
     <span class='ocr_line' id='line_1_55' title="bbox 2413 2539 4003 2621; baseline -0.012 -13"><span class='ocrx_word' id='word_1_440' title='bbox 2413 2556 2528 2607; x_wconf 82' lang='grc' dir='ltr'>λει⁶</span> <span class='ocrx_word' id='word_1_441' title='bbox 2569 2575 2586 2606; x_wconf 78' lang='lat' dir='ltr'><strong>t</strong></span> <span class='ocrx_word' id='word_1_442' title='bbox 2638 2555 2764 2607; x_wconf 81' lang='grc' dir='ltr'><strong>Ἐὰν</strong></span> <span class='ocrx_word' id='word_1_443' title='bbox 2831 2551 2938 2621; x_wconf 74' lang='grc' dir='ltr'><strong>γὰρ</strong></span> <span class='ocrx_word' id='word_1_444' title='bbox 2968 2550 2996 2600; x_wconf 92' lang='lat'><strong>6</strong></span> <span class='ocrx_word' id='word_1_445' title='bbox 3060 2546 3333 2615; x_wconf 59' lang='grc' dir='ltr'>ὀφθαλμός</span> <span class='ocrx_word' id='word_1_446' title='bbox 3387 2561 3504 2604; x_wconf 88' lang='grc' dir='ltr'>σου,</span> <span class='ocrx_word' id='word_1_447' title='bbox 3537 2544 3723 2611; x_wconf 74' lang='grc' dir='ltr'>φησὶν,</span> <span class='ocrx_word' id='word_1_448' title='bbox 3792 2539 4003 2600; x_wconf 73' lang='grc' dir='ltr'>ἁπλοῦς</span> 
     </span>
    </p>
   </div>
   <div class='ocr_carea' id='block_1_56' title="bbox 2411 2629 4003 2713">
    <p class='ocr_par' dir='ltr' id='par_1_56' title="bbox 2411 2629 4003 2713">
     <span class='ocr_line' id='line_1_56' title="bbox 2411 2629 4003 2713; baseline -0.011 -18"><span class='ocrx_word' id='word_1_449' title='bbox 2411 2639 2467 2713; x_wconf 82' lang='grc' dir='ltr'>ᾗ,</span> <span class='ocrx_word' id='word_1_450' title='bbox 2508 2643 2628 2695; x_wconf 81' lang='grc' dir='ltr'>ὅλον</span> <span class='ocrx_word' id='word_1_451' title='bbox 2660 2641 2720 2692; x_wconf 83' lang='grc' dir='ltr'><strong>τὺ</strong></span> <span class='ocrx_word' id='word_1_452' title='bbox 2749 2639 2908 2708; x_wconf 78' lang='grc' dir='ltr'>σῶμα</span> <span class='ocrx_word' id='word_1_453' title='bbox 2926 2655 3019 2689; x_wconf 83' lang='grc' dir='ltr'><strong>σου</strong></span> <span class='ocrx_word' id='word_1_454' title='bbox 3055 2636 3312 2704; x_wconf 72' lang='grc' dir='ltr'>φωτεινὸν</span> <span class='ocrx_word' id='word_1_455' title='bbox 3347 2635 3521 2688; x_wconf 76' lang='grc' dir='ltr'>ἔσται.</span> <span class='ocrx_word' id='word_1_456' title='bbox 3548 2633 3708 2701; x_wconf 77' lang='grc' dir='ltr'><strong>Φήμη</strong></span> <span class='ocrx_word' id='word_1_457' title='bbox 3731 2630 3790 2681; x_wconf 84' lang='grc' dir='ltr'>δὲ</span> <span class='ocrx_word' id='word_1_458' title='bbox 3819 2629 4003 2696; x_wconf 79' lang='grc' dir='ltr'>ἀγαθὴ</span> 
     </span>
    </p>
   </div>
   <div class='ocr_carea' id='block_1_57' title="bbox 2407 2722 4000 2797">
    <p class='ocr_par' dir='ltr' id='par_1_57' title="bbox 2407 2722 4000 2797">
     <span class='ocr_line' id='line_1_57' title="bbox 2407 2722 4000 2797; baseline -0.008 -11"><span class='ocrx_word' id='word_1_459' title='bbox 2407 2731 2808 2786; x_wconf 70' lang='grc' dir='ltr'>λιπαίνειόστᾶσ</span> <span class='ocrx_word' id='word_1_460' title='bbox 2834 2749 2852 2780; x_wconf 76' lang='lat' dir='ltr'><strong>t</strong></span> <span class='ocrx_word' id='word_1_461' title='bbox 2874 2732 2947 2792; x_wconf 78' lang='grc' dir='ltr'><strong>ὡς</strong></span> <span class='ocrx_word' id='word_1_462' title='bbox 2965 2729 3060 2779; x_wconf 74' lang='grc' dir='ltr'><strong>καὶ</strong></span> <span class='ocrx_word' id='word_1_463' title='bbox 3080 2729 3113 2797; x_wconf 78' lang='grc' dir='ltr'>ἡ</span> <span class='ocrx_word' id='word_1_464' title='bbox 3137 2726 3230 2778; x_wconf 75' lang='grc' dir='ltr'>τοῦ</span> <span class='ocrx_word' id='word_1_465' title='bbox 3262 2727 3476 2779; x_wconf 72' lang='grc' dir='ltr'>Παύλου</span> <span class='ocrx_word' id='word_1_466' title='bbox 3519 2723 3666 2793; x_wconf 71' lang='grc' dir='ltr'>ψυχὴ</span> <span class='ocrx_word' id='word_1_467' title='bbox 3690 2722 4000 2792; x_wconf 75' lang='grc' dir='ltr'>ἡλέγουσα.</span> 
     </span>
    </p>
   </div>
   <div class='ocr_carea' id='block_1_58' title="bbox 2406 2813 4005 2894">
    <p class='ocr_par' dir='ltr' id='par_1_58' title="bbox 2406 2813 4005 2894">
     <span class='ocr_line' id='line_1_58' title="bbox 2406 2813 4005 2894; baseline -0.01 -16"><span class='ocrx_word' id='word_1_468' title='bbox 2406 2827 2594 2894; x_wconf 75' lang='grc' dir='ltr'>Χαίρω</span> <span class='ocrx_word' id='word_1_469' title='bbox 2631 2825 2726 2876; x_wconf 75' lang='grc' dir='ltr'><strong>καὶ</strong></span> <span class='ocrx_word' id='word_1_470' title='bbox 2759 2822 3041 2893; x_wconf 79' lang='grc' dir='ltr'><strong>συγχαίρω</strong></span> <span class='ocrx_word' id='word_1_471' title='bbox 3090 2821 3259 2872; x_wconf 75' lang='grc' dir='ltr'>πᾶσιν</span> <span class='ocrx_word' id='word_1_472' title='bbox 3311 2818 3460 2886; x_wconf 85' lang='grc' dir='ltr'>ὑμῖν.</span> <span class='ocrx_word' id='word_1_473' title='bbox 3501 2836 3517 2866; x_wconf 76' lang='grc' dir='ltr'><strong>ι</strong></span> <span class='ocrx_word' id='word_1_474' title='bbox 3547 2816 3678 2880; x_wconf 76' lang='grc' dir='ltr'>Καὶ,</span> <span class='ocrx_word' id='word_1_475' title='bbox 3715 2831 3734 2863; x_wconf 79' lang='lat' dir='ltr'><strong>t</strong></span> <span class='ocrx_word' id='word_1_476' title='bbox 3787 2813 4005 2880; x_wconf 74' lang='grc' dir='ltr'>Καρὸία</span> 
     </span>
    </p>
   </div>
   <div class='ocr_carea' id='block_1_59' title="bbox 2406 2903 4003 2986">
    <p class='ocr_par' dir='ltr' id='par_1_59' title="bbox 2406 2903 4003 2986">
     <span class='ocr_line' id='line_1_59' title="bbox 2406 2903 4003 2986; baseline -0.013 -16"><span class='ocrx_word' id='word_1_477' title='bbox 2406 2915 2810 2986; x_wconf 81' lang='grc' dir='ltr'>εὐφραινομένη</span> <span class='ocrx_word' id='word_1_478' title='bbox 2855 2915 3094 2966; x_wconf 83' lang='grc' dir='ltr'>εὐεκτείν</span> <span class='ocrx_word' id='word_1_479' title='bbox 3154 2913 3320 2962; x_wconf 81' lang='grc' dir='ltr'>ποιεῖ.</span> <span class='ocrx_word' id='word_1_480' title='bbox 3364 2928 3383 2960; x_wconf 71' lang='grc' dir='ltr'><strong>ι</strong></span> <span class='ocrx_word' id='word_1_481' title='bbox 3421 2907 3529 2960; x_wconf 76' lang='grc' dir='ltr'><strong>Καὶ</strong></span> <span class='ocrx_word' id='word_1_482' title='bbox 3578 2908 3606 2958; x_wconf 91' lang='lat'><strong>6</strong></span> <span class='ocrx_word' id='word_1_483' title='bbox 3647 2903 4003 2961; x_wconf 75' lang='grc' dir='ltr'>’Λπόστολοςο</span> 
     </span>
    </p>
   </div>
   <div class='ocr_carea' id='block_1_60' title="bbox 2413 2993 4003 3080">
    <p class='ocr_par' dir='ltr' id='par_1_60' title="bbox 2413 2993 4003 3080">
     <span class='ocr_line' id='line_1_60' title="bbox 2413 2993 4003 3080; baseline -0.011 -20"><span class='ocrx_word' id='word_1_484' title='bbox 2413 3029 2430 3060; x_wconf 74' lang='grc' dir='ltr'><strong>ι</strong></span> <span class='ocrx_word' id='word_1_485' title='bbox 2471 3010 2705 3080; x_wconf 83' lang='grc' dir='ltr'><strong>Χαίρετε</strong></span> <span class='ocrx_word' id='word_1_486' title='bbox 2772 3009 2830 3059; x_wconf 86' lang='grc' dir='ltr'>ὲν</span> <span class='ocrx_word' id='word_1_487' title='bbox 2889 3004 3077 3074; x_wconf 84' lang='grc' dir='ltr'>Κυρίῳ</span> <span class='ocrx_word' id='word_1_488' title='bbox 3133 3004 3404 3062; x_wconf 76' lang='grc' dir='ltr'>πάντοτε,</span> <span class='ocrx_word' id='word_1_489' title='bbox 3475 3001 3568 3050; x_wconf 69' lang='grc' dir='ltr'><strong>καὶ</strong></span> <span class='ocrx_word' id='word_1_490' title='bbox 3619 2997 3785 3049; x_wconf 69' lang='grc' dir='ltr'>πάλιν</span> <span class='ocrx_word' id='word_1_491' title='bbox 3871 2993 4003 3062; x_wconf 64' lang='grc' dir='ltr'>ἐρῶ,</span> 
     </span>
    </p>
   </div>
   <div class='ocr_carea' id='block_1_61' title="bbox 2339 3083 4003 3168">
    <p class='ocr_par' dir='ltr' id='par_1_61' title="bbox 2339 3083 4003 3168">
     <span class='ocr_line' id='line_1_61' title="bbox 2339 3083 4003 3168; baseline -0.015 -12"><span class='ocrx_word' id='word_1_492' title='bbox 2339 3095 2386 3156; x_wconf 86' lang='lat' dir='ltr'><strong><em>C</em></strong></span> <span class='ocrx_word' id='word_1_493' title='bbox 2416 3099 2652 3168; x_wconf 84' lang='grc' dir='ltr'>χαίρετε,</span> <span class='ocrx_word' id='word_1_494' title='bbox 2681 3115 2699 3146; x_wconf 73' lang='grc' dir='ltr'><strong>ι</strong></span> <span class='ocrx_word' id='word_1_495' title='bbox 2737 3095 2890 3164; x_wconf 83' lang='grc' dir='ltr'>Ἔχει</span> <span class='ocrx_word' id='word_1_496' title='bbox 2909 3094 2964 3145; x_wconf 73' lang='grc' dir='ltr'>δὲ</span> <span class='ocrx_word' id='word_1_497' title='bbox 2999 3093 3094 3146; x_wconf 72' lang='grc' dir='ltr'><strong>καὶ</strong></span> <span class='ocrx_word' id='word_1_498' title='bbox 3115 3094 3172 3144; x_wconf 83' lang='grc' dir='ltr'>ὲν</span> <span class='ocrx_word' id='word_1_499' title='bbox 3193 3091 3271 3161; x_wconf 81' lang='grc' dir='ltr'><strong>τῷ</strong></span> <span class='ocrx_word' id='word_1_500' title='bbox 3301 3088 3621 3156; x_wconf 74' lang='grc' dir='ltr'>Εὑαγγελίῳ</span> <span class='ocrx_word' id='word_1_501' title='bbox 3648 3101 3662 3114; x_wconf 81' lang='lat'><strong><em>°</em></strong></span> <span class='ocrx_word' id='word_1_502' title='bbox 3698 3105 3716 3135; x_wconf 74' lang='grc' dir='ltr'><strong>ι</strong></span> <span class='ocrx_word' id='word_1_503' title='bbox 3747 3083 4003 3150; x_wconf 68' lang='grc' dir='ltr'>Εὐφραν-</span> 
     </span>
    </p>
   </div>
   <div class='ocr_carea' id='block_1_62' title="bbox 731 3173 4002 3260">
    <p class='ocr_par' dir='ltr' id='par_1_62' title="bbox 731 3173 4002 3260">
     <span class='ocr_line' id='line_1_62' title="bbox 731 3173 4002 3260; baseline -0.005 -15"><span class='ocrx_word' id='word_1_504' title='bbox 731 3177 892 3245; x_wconf 75' lang='grc' dir='ltr'>οῆναι</span> <span class='ocrx_word' id='word_1_505' title='bbox 917 3176 973 3228; x_wconf 77' lang='grc' dir='ltr'>δὲ</span> <span class='ocrx_word' id='word_1_506' title='bbox 1006 3175 1099 3226; x_wconf 71' lang='grc' dir='ltr'>καὶ</span> <span class='ocrx_word' id='word_1_507' title='bbox 1130 3173 1488 3244; x_wconf 76' lang='grc' dir='ltr'>χαρῆναιδετν</span> <span class='ocrx_word' id='word_1_508' title='bbox 1530 3173 1695 3242; x_wconf 65' lang='grc' dir='ltr'><strong>φησιν</strong></span> <span class='ocrx_word' id='word_1_509' title='bbox 1722 3173 1751 3224; x_wconf 75' lang='grc' dir='ltr'><strong>ὁ</strong></span> <span class='ocrx_word' id='word_1_510' title='bbox 1784 3173 1994 3244; x_wconf 74' lang='grc' dir='ltr'><strong>Πατὴρ.</strong></span> <span class='ocrx_word' id='word_1_511' title='bbox 2019 3176 2099 3229; x_wconf 83' lang='grc' dir='ltr'>ὅτι</span> <span class='ocrx_word' id='word_1_512' title='bbox 2133 3181 2161 3231; x_wconf 65' lang='grc' dir='ltr'><strong>σε</strong></span> <span class='ocrx_word' id='word_1_513' title='bbox 2187 3185 2300 3250; x_wconf 65' lang='grc' dir='ltr'>υἱός</span> <span class='ocrx_word' id='word_1_514' title='bbox 2344 3191 2649 3260; x_wconf 80' lang='grc' dir='ltr'>μουνεκρὸς</span> <span class='ocrx_word' id='word_1_515' title='bbox 2675 3184 2766 3259; x_wconf 78' lang='grc' dir='ltr'>ἦν,</span> <span class='ocrx_word' id='word_1_516' title='bbox 2799 3187 2894 3239; x_wconf 77' lang='grc' dir='ltr'><strong>καὶ</strong></span> <span class='ocrx_word' id='word_1_517' title='bbox 2923 3184 3215 3254; x_wconf 74' lang='grc' dir='ltr'>ἀνέζησεν·</span> <span class='ocrx_word' id='word_1_518' title='bbox 3243 3179 3537 3242; x_wconf 81' lang='grc' dir='ltr'>ἀπολωλὼς</span> <span class='ocrx_word' id='word_1_519' title='bbox 3573 3177 3642 3251; x_wconf 81' lang='grc' dir='ltr'>ἦν</span> <span class='ocrx_word' id='word_1_520' title='bbox 3682 3177 3781 3230; x_wconf 74' lang='grc' dir='ltr'><strong>καὶ</strong></span> <span class='ocrx_word' id='word_1_521' title='bbox 3835 3176 4002 3246; x_wconf 70' lang='grc' dir='ltr'>εὐρέι</span> 
     </span>
    </p>
   </div>
   <div class='ocr_carea' id='block_1_63' title="bbox 732 3268 2053 3345">
    <p class='ocr_par' dir='ltr' id='par_1_63' title="bbox 732 3268 2053 3345">
     <span class='ocr_line' id='line_1_63' title="bbox 732 3268 2053 3345; baseline -0.003 -17"><span class='ocrx_word' id='word_1_522' title='bbox 732 3277 822 3345; x_wconf 79' lang='grc' dir='ltr'><strong>οη.</strong></span> <span class='ocrx_word' id='word_1_523' title='bbox 870 3293 888 3326; x_wconf 69' lang='grc' dir='ltr'><strong>ι</strong></span> <span class='ocrx_word' id='word_1_524' title='bbox 923 3271 1082 3342; x_wconf 77' lang='grc' dir='ltr'><strong>Αὐτῷ</strong></span> <span class='ocrx_word' id='word_1_525' title='bbox 1108 3273 1142 3340; x_wconf 82' lang='grc' dir='ltr'>ὴ</span> <span class='ocrx_word' id='word_1_526' title='bbox 1168 3271 1294 3334; x_wconf 76' lang='grc' dir='ltr'>δόξα</span> <span class='ocrx_word' id='word_1_527' title='bbox 1324 3273 1404 3332; x_wconf 81' lang='grc' dir='ltr'>εἰς</span> <span class='ocrx_word' id='word_1_528' title='bbox 1432 3270 1558 3331; x_wconf 78' lang='grc' dir='ltr'>τοὺς</span> <span class='ocrx_word' id='word_1_529' title='bbox 1589 3268 1812 3333; x_wconf 66' lang='grc' dir='ltr'>αἰῶνας.</span> <span class='ocrx_word' id='word_1_530' title='bbox 1864 3272 2053 3341; x_wconf 81' lang='grc' dir='ltr'>Ἀμήν.</span> 
     </span>
    </p>
   </div>
   <div class='ocr_carea' id='block_1_64' title="bbox 1263 3383 1786 3440">
    <p class='ocr_par' dir='ltr' id='par_1_64' title="bbox 1263 3383 1786 3440">
     <span class='ocr_line' id='line_1_64' title="bbox 1263 3383 1786 3440; baseline -0.002 -2"><span class='ocrx_word' id='word_1_531' title='bbox 1263 3385 1548 3440; x_wconf 79' lang='lat' dir='ltr'><strong>llOMlLIA</strong></span> <span class='ocrx_word' id='word_1_532' title='bbox 1596 3383 1786 3438; x_wconf 80' lang='lat' dir='ltr'><strong>CXIX.</strong></span> 
     </span>
    </p>
   </div>
   <div class='ocr_carea' id='block_1_65' title="bbox 841 3495 2231 3564">
    <p class='ocr_par' dir='ltr' id='par_1_65' title="bbox 841 3495 2231 3564">
     <span class='ocr_line' id='line_1_65' title="bbox 841 3495 2231 3564; baseline 0.001 -13"><span class='ocrx_word' id='word_1_533' title='bbox 841 3500 1070 3553; x_wconf 70' lang='lat' dir='ltr'><strong>Anxium</strong></span> <span class='ocrx_word' id='word_1_534' title='bbox 1107 3506 1156 3550; x_wconf 77' lang='lat' dir='ltr'><strong>et</strong></span> <span class='ocrx_word' id='word_1_535' title='bbox 1218 3497 1642 3564; x_wconf 78' lang='lat' dir='ltr'><strong>intempestivam</strong></span> <span class='ocrx_word' id='word_1_536' title='bbox 1677 3495 2087 3550; x_wconf 74' lang='lat' dir='ltr'><strong>sollicitudinem</strong></span> <span class='ocrx_word' id='word_1_537' title='bbox 2122 3516 2231 3552; x_wconf 72' lang='lat' dir='ltr'><strong>esse</strong></span> 
     </span>
    </p>
   </div>
   <div class='ocr_carea' id='block_1_66' title="bbox 1375 3565 1671 3618">
    <p class='ocr_par' dir='ltr' id='par_1_66' title="bbox 1375 3565 1671 3618">
     <span class='ocr_line' id='line_1_66' title="bbox 1375 3565 1671 3618; baseline 0.003 -1"><span class='ocrx_word' id='word_1_538' title='bbox 1375 3565 1671 3618; x_wconf 84' lang='lat' dir='ltr'><strong>vitandum.</strong></span> 
     </span>
    </p>
   </div>
   <div class='ocr_carea' id='block_1_67' title="bbox 802 3676 2312 3749">
    <p class='ocr_par' dir='ltr' id='par_1_67' title="bbox 802 3676 2312 3749">
     <span class='ocr_line' id='line_1_67' title="bbox 802 3676 2312 3749; baseline 0 -15"><span class='ocrx_word' id='word_1_539' title='bbox 802 3678 952 3734; x_wconf 88' lang='lat' dir='ltr'><strong>Cura</strong></span> <span class='ocrx_word' id='word_1_540' title='bbox 984 3679 1072 3731; x_wconf 92' lang='lat' dir='ltr'><strong>illa</strong></span> <span class='ocrx_word' id='word_1_541' title='bbox 1103 3677 1440 3746; x_wconf 89' lang='lat' dir='ltr'><strong>nimisquam</strong></span> <span class='ocrx_word' id='word_1_542' title='bbox 1466 3677 1626 3730; x_wconf 79' lang='lat' dir='ltr'><strong>anxia</strong></span> <span class='ocrx_word' id='word_1_543' title='bbox 1660 3676 1730 3730; x_wconf 89' lang='lat' dir='ltr'><strong>de</strong></span> <span class='ocrx_word' id='word_1_544' title='bbox 1764 3677 1852 3730; x_wconf 92' lang='lat' dir='ltr'><strong>his</strong></span> <span class='ocrx_word' id='word_1_545' title='bbox 1882 3693 2006 3746; x_wconf 71' lang='lat' dir='ltr'><strong>quae</strong></span> <span class='ocrx_word' id='word_1_546' title='bbox 2038 3688 2312 3749; x_wconf 84' lang='lat' dir='ltr'><strong>tempora-</strong></span> 
     </span>
    </p>
   </div>
   <div class='ocr_carea' id='block_1_68' title="bbox 737 3767 2313 3838">
    <p class='ocr_par' dir='ltr' id='par_1_68' title="bbox 737 3767 2313 3838">
     <span class='ocr_line' id='line_1_68' title="bbox 737 3767 2313 3838; baseline 0.001 -15"><span class='ocrx_word' id='word_1_547' title='bbox 737 3771 831 3824; x_wconf 69' lang='lat' dir='ltr'><strong>rite</strong></span> <span class='ocrx_word' id='word_1_548' title='bbox 857 3770 1017 3823; x_wconf 90' lang='lat' dir='ltr'><strong>istius</strong></span> <span class='ocrx_word' id='word_1_549' title='bbox 1039 3769 1161 3822; x_wconf 77' lang='lat' dir='ltr'><strong>vita:</strong></span> <span class='ocrx_word' id='word_1_550' title='bbox 1199 3775 1437 3822; x_wconf 87' lang='lat' dir='ltr'><strong>cernunt</strong></span> <span class='ocrx_word' id='word_1_551' title='bbox 1485 3783 1666 3829; x_wconf 91' lang='lat' dir='ltr'><strong>usum,</strong></span> <span class='ocrx_word' id='word_1_552' title='bbox 1723 3767 1964 3820; x_wconf 79' lang='lat' dir='ltr'><strong>hominis</strong></span> <span class='ocrx_word' id='word_1_553' title='bbox 2015 3779 2101 3823; x_wconf 92' lang='lat' dir='ltr'><strong>est</strong></span> <span class='ocrx_word' id='word_1_554' title='bbox 2152 3772 2313 3838; x_wconf 84' lang='lat' dir='ltr'><strong>plane</strong></span> 
     </span>
    </p>
   </div>
   <div class='ocr_carea' id='block_1_69' title="bbox 736 3859 2313 3929">
    <p class='ocr_par' dir='ltr' id='par_1_69' title="bbox 736 3859 2313 3929">
     <span class='ocr_line' id='line_1_69' title="bbox 736 3859 2313 3929; baseline 0.001 -16"><span class='ocrx_word' id='word_1_555' title='bbox 736 3861 892 3914; x_wconf 82' lang='lat' dir='ltr'><strong>inﬁdi</strong></span> <span class='ocrx_word' id='word_1_556' title='bbox 925 3859 1393 3929; x_wconf 85' lang='lat' dir='ltr'><strong>etpusillanimis.</strong></span> <span class='ocrx_word' id='word_1_557' title='bbox 1432 3859 1622 3926; x_wconf 74' lang='lat' dir='ltr'><strong>Neque</strong></span> <span class='ocrx_word' id='word_1_558' title='bbox 1675 3860 1825 3911; x_wconf 91' lang='lat' dir='ltr'><strong>enim</strong></span> <span class='ocrx_word' id='word_1_559' title='bbox 1859 3859 1942 3912; x_wconf 88' lang='lat' dir='ltr'><strong>sic</strong></span> <span class='ocrx_word' id='word_1_560' title='bbox 1989 3861 2210 3913; x_wconf 90' lang='lat' dir='ltr'><strong>solliciti</strong></span> <span class='ocrx_word' id='word_1_561' title='bbox 2259 3862 2313 3914; x_wconf 93' lang='lat' dir='ltr'><strong>in</strong></span> 
     </span>
    </p>
   </div>
   <div class='ocr_carea' id='block_1_70' title="bbox 733 3948 2318 4021">
    <p class='ocr_par' dir='ltr' id='par_1_70' title="bbox 733 3948 2318 4021">
     <span class='ocr_line' id='line_1_70' title="bbox 733 3948 2318 4021; baseline 0.001 -16"><span class='ocrx_word' id='word_1_562' title='bbox 733 3969 862 4006; x_wconf 89' lang='lat' dir='ltr'><strong>eum</strong></span> <span class='ocrx_word' id='word_1_563' title='bbox 890 3953 1002 4021; x_wconf 84' lang='lat' dir='ltr'><strong>jam</strong></span> <span class='ocrx_word' id='word_1_564' title='bbox 1055 3951 1387 4003; x_wconf 90' lang='lat' dir='ltr'><strong>inclinamus</strong></span> <span class='ocrx_word' id='word_1_565' title='bbox 1418 3950 1472 4002; x_wconf 93' lang='lat' dir='ltr'><strong>in</strong></span> <span class='ocrx_word' id='word_1_566' title='bbox 1521 3948 1691 4002; x_wconf 89' lang='lat' dir='ltr'><strong>dubia</strong></span> <span class='ocrx_word' id='word_1_567' title='bbox 1735 3964 1853 4017; x_wconf 90' lang='lat' dir='ltr'><strong>spe,</strong></span> <span class='ocrx_word' id='word_1_568' title='bbox 1898 3950 1984 4002; x_wconf 93' lang='lat' dir='ltr'><strong>cui</strong></span> <span class='ocrx_word' id='word_1_569' title='bbox 2031 3949 2098 4003; x_wconf 93' lang='lat' dir='ltr'><strong>de</strong></span> <span class='ocrx_word' id='word_1_570' title='bbox 2156 3951 2318 4006; x_wconf 89' lang='lat' dir='ltr'><strong>nobis</strong></span> 
     </span>
    </p>
   </div>
   <div class='ocr_carea' id='block_1_71' title="bbox 738 4041 2315 4114">
    <p class='ocr_par' dir='ltr' id='par_1_71' title="bbox 738 4041 2315 4114">
     <span class='ocr_line' id='line_1_71' title="bbox 738 4041 2315 4114; baseline -0.001 -17"><span class='ocrx_word' id='word_1_571' title='bbox 738 4044 966 4114; x_wconf 87' lang='lat' dir='ltr'><strong>provida</strong></span> <span class='ocrx_word' id='word_1_572' title='bbox 992 4051 1076 4096; x_wconf 91' lang='lat' dir='ltr'><strong>est</strong></span> <span class='ocrx_word' id='word_1_573' title='bbox 1104 4056 1260 4101; x_wconf 89' lang='lat' dir='ltr'><strong>cura,</strong></span> <span class='ocrx_word' id='word_1_574' title='bbox 1315 4041 1488 4093; x_wconf 90' lang='lat' dir='ltr'><strong>Deum</strong></span> <span class='ocrx_word' id='word_1_575' title='bbox 1539 4055 1737 4108; x_wconf 89' lang='lat' dir='ltr'><strong>netnpe</strong></span> <span class='ocrx_word' id='word_1_576' title='bbox 1794 4050 2070 4104; x_wconf 89' lang='lat' dir='ltr'><strong>nostrum,</strong></span> <span class='ocrx_word' id='word_1_577' title='bbox 2116 4043 2211 4094; x_wconf 87' lang='lat' dir='ltr'><strong>sed</strong></span> <span class='ocrx_word' id='word_1_578' title='bbox 2263 4044 2315 4096; x_wconf 92' lang='lat' dir='ltr'><strong>in</strong></span> 
     </span>
    </p>
   </div>
   <div class='ocr_carea' id='block_1_72' title="bbox 739 4129 2317 4201">
    <p class='ocr_par' dir='ltr' id='par_1_72' title="bbox 739 4129 2317 4201">
     <span class='ocr_line' id='line_1_72' title="bbox 739 4129 2317 4201; baseline 0 -15"><span class='ocrx_word' id='word_1_579' title='bbox 739 4133 993 4201; x_wconf 91' lang='lat' dir='ltr'><strong>nosipsos</strong></span> <span class='ocrx_word' id='word_1_580' title='bbox 1026 4131 1358 4184; x_wconf 88' lang='lat' dir='ltr'><strong>reclinamus</strong></span> <span class='ocrx_word' id='word_1_581' title='bbox 1389 4144 1564 4197; x_wconf 84' lang='lat' dir='ltr'><strong>spem,</strong></span> <span class='ocrx_word' id='word_1_582' title='bbox 1591 4129 1658 4182; x_wconf 93' lang='lat' dir='ltr'><strong>de</strong></span> <span class='ocrx_word' id='word_1_583' title='bbox 1681 4129 1979 4197; x_wconf 89' lang='lat' dir='ltr'><strong>nobisipsis</strong></span> <span class='ocrx_word' id='word_1_584' title='bbox 2032 4139 2317 4200; x_wconf 87' lang='lat' dir='ltr'><strong>tantopere</strong></span> 
     </span>
    </p>
   </div>
   <div class='ocr_carea' id='block_1_73' title="bbox 740 4217 2316 4288">
    <p class='ocr_par' dir='ltr' id='par_1_73' title="bbox 740 4217 2316 4288">
     <span class='ocr_line' id='line_1_73' title="bbox 740 4217 2316 4288; baseline -0.001 -14"><span class='ocrx_word' id='word_1_585' title='bbox 740 4219 982 4274; x_wconf 85' lang='lat' dir='ltr'><strong>solliciti.</strong></span> <span class='ocrx_word' id='word_1_586' title='bbox 1017 4219 1074 4272; x_wconf 88' lang='lat' dir='ltr'><strong>Si</strong></span> <span class='ocrx_word' id='word_1_587' title='bbox 1118 4219 1266 4272; x_wconf 88' lang='lat' dir='ltr'><strong>enim</strong></span> <span class='ocrx_word' id='word_1_588' title='bbox 1298 4217 1603 4270; x_wconf 90' lang='lat' dir='ltr'><strong>visibilium</strong></span> <span class='ocrx_word' id='word_1_589' title='bbox 1656 4233 1846 4270; x_wconf 86' lang='lat' dir='ltr'><strong>curam</strong></span> <span class='ocrx_word' id='word_1_590' title='bbox 1899 4217 2169 4271; x_wconf 87' lang='lat' dir='ltr'><strong>bonorqu</strong></span> <span class='ocrx_word' id='word_1_591' title='bbox 2196 4237 2316 4288; x_wconf 73' lang='lat' dir='ltr'><strong>qua:</strong></span> 
     </span>
    </p>
   </div>
   <div class='ocr_carea' id='block_1_74' title="bbox 3014 3383 3397 3443">
    <p class='ocr_par' dir='ltr' id='par_1_74' title="bbox 3014 3383 3397 3443">
     <span class='ocr_line' id='line_1_74' title="bbox 3014 3383 3397 3443; baseline -0.008 0"><span class='ocrx_word' id='word_1_592' title='bbox 3014 3383 3229 3443; x_wconf 83' lang='grc' dir='ltr'><strong>ΛΟΓΟΣ</strong></span> <span class='ocrx_word' id='word_1_593' title='bbox 3251 3387 3397 3441; x_wconf 85' lang='grc' dir='ltr'><strong>ΡΙΘ’.</strong></span> 
     </span>
    </p>
   </div>
   <div class='ocr_carea' id='block_1_75' title="bbox 2844 3498 3566 3571">
    <p class='ocr_par' dir='ltr' id='par_1_75' title="bbox 2844 3498 3566 3571">
     <span class='ocr_line' id='line_1_75' title="bbox 2844 3498 3566 3571; baseline -0.003 -15"><span class='ocrx_word' id='word_1_594' title='bbox 2844 3502 2979 3571; x_wconf 72' lang='grc' dir='ltr'>Περὶ</span> <span class='ocrx_word' id='word_1_595' title='bbox 3009 3503 3114 3556; x_wconf 83' lang='grc' dir='ltr'>τοῦ</span> <span class='ocrx_word' id='word_1_596' title='bbox 3134 3502 3220 3570; x_wconf 78' lang='grc' dir='ltr'>μὴ</span> <span class='ocrx_word' id='word_1_597' title='bbox 3248 3498 3566 3570; x_wconf 80' lang='grc' dir='ltr'>μεριμνᾷν.</span> 
     </span>
    </p>
   </div>
   <div class='ocr_carea' id='block_1_76' title="bbox 2502 3679 4000 3751">
    <p class='ocr_par' dir='ltr' id='par_1_76' title="bbox 2502 3679 4000 3751">
     <span class='ocr_line' id='line_1_76' title="bbox 2502 3679 4000 3751; baseline -0.004 -15"><span class='ocrx_word' id='word_1_598' title='bbox 2502 3684 2566 3736; x_wconf 80' lang='grc' dir='ltr'><strong>Ἦ</strong></span> <span class='ocrx_word' id='word_1_599' title='bbox 2600 3683 2708 3735; x_wconf 91' lang='grc' dir='ltr'><strong>τῶν</strong></span> <span class='ocrx_word' id='word_1_600' title='bbox 2743 3681 3011 3751; x_wconf 81' lang='grc' dir='ltr'><strong>βιωτικῶν</strong></span> <span class='ocrx_word' id='word_1_601' title='bbox 3061 3679 3410 3749; x_wconf 81' lang='grc' dir='ltr'>πραγμάτων</span> <span class='ocrx_word' id='word_1_602' title='bbox 3453 3679 3717 3749; x_wconf 80' lang='grc' dir='ltr'>μέριμνα,</span> <span class='ocrx_word' id='word_1_603' title='bbox 3761 3679 4000 3731; x_wconf 80' lang='grc' dir='ltr'>ἀπίστου</span> 
     </span>
    </p>
   </div>
   <div class='ocr_carea' id='block_1_77' title="bbox 2421 3769 4005 3842">
    <p class='ocr_par' dir='ltr' id='par_1_77' title="bbox 2421 3769 4005 3842">
     <span class='ocr_line' id='line_1_77' title="bbox 2421 3769 4005 3842; baseline -0.004 -16"><span class='ocrx_word' id='word_1_604' title='bbox 2421 3774 2514 3827; x_wconf 73' lang='grc' dir='ltr'><strong>καὶ</strong></span> <span class='ocrx_word' id='word_1_605' title='bbox 2534 3773 2859 3842; x_wconf 73' lang='grc' dir='ltr'>ὀλιγοψύχου</span> <span class='ocrx_word' id='word_1_606' title='bbox 2885 3772 3172 3839; x_wconf 83' lang='grc' dir='ltr'>ἀνθρώπου</span> <span class='ocrx_word' id='word_1_607' title='bbox 3202 3770 3373 3824; x_wconf 80' lang='grc' dir='ltr'>ἐστίν.</span> <span class='ocrx_word' id='word_1_608' title='bbox 3399 3771 3511 3821; x_wconf 71' lang='grc' dir='ltr'><strong>Οὐκ</strong></span> <span class='ocrx_word' id='word_1_609' title='bbox 3551 3769 3632 3821; x_wconf 75' lang='grc' dir='ltr'>ἔτι</span> <span class='ocrx_word' id='word_1_610' title='bbox 3673 3771 3786 3839; x_wconf 73' lang='grc' dir='ltr'>γὰρ</span> <span class='ocrx_word' id='word_1_611' title='bbox 3811 3772 3892 3832; x_wconf 83' lang='grc' dir='ltr'><strong>είς</strong></span> <span class='ocrx_word' id='word_1_612' title='bbox 3913 3771 4005 3821; x_wconf 83' lang='grc' dir='ltr'><strong>τδν</strong></span> 
     </span>
    </p>
   </div>
   <div class='ocr_carea' id='block_1_78' title="bbox 2422 3859 4005 3936">
    <p class='ocr_par' dir='ltr' id='par_1_78' title="bbox 2422 3859 4005 3936">
     <span class='ocr_line' id='line_1_78' title="bbox 2422 3859 4005 3936; baseline -0.003 -19"><span class='ocrx_word' id='word_1_613' title='bbox 2422 3865 2770 3936; x_wconf 80' lang='grc' dir='ltr'>μεριμνῶντα</span> <span class='ocrx_word' id='word_1_614' title='bbox 2803 3863 2935 3915; x_wconf 83' lang='grc' dir='ltr'><strong>Θεὸν</strong></span> <span class='ocrx_word' id='word_1_615' title='bbox 2989 3861 3306 3930; x_wconf 78' lang='grc' dir='ltr'>ἐλπίζομεν,</span> <span class='ocrx_word' id='word_1_616' title='bbox 3347 3859 3462 3912; x_wconf 77' lang='grc' dir='ltr'><strong>ἀλλ’</strong></span> <span class='ocrx_word' id='word_1_617' title='bbox 3493 3861 3570 3920; x_wconf 81' lang='grc' dir='ltr'><strong>είς</strong></span> <span class='ocrx_word' id='word_1_618' title='bbox 3603 3860 3863 3922; x_wconf 73' lang='grc' dir='ltr'>ἑαυτοὺς,</span> <span class='ocrx_word' id='word_1_619' title='bbox 3913 3862 4005 3912; x_wconf 79' lang='grc' dir='ltr'><strong>καὶ</strong></span> 
     </span>
    </p>
   </div>
   <div class='ocr_carea' id='block_1_79' title="bbox 2416 3948 4004 4024">
    <p class='ocr_par' dir='ltr' id='par_1_79' title="bbox 2416 3948 4004 4024">
     <span class='ocr_line' id='line_1_79' title="bbox 2416 3948 4004 4024; baseline -0.003 -18"><span class='ocrx_word' id='word_1_620' title='bbox 2416 3955 2544 4024; x_wconf 76' lang='grc' dir='ltr'>περὶ</span> <span class='ocrx_word' id='word_1_621' title='bbox 2572 3953 2729 4023; x_wconf 82' lang='grc' dir='ltr'>ἡμῶν</span> <span class='ocrx_word' id='word_1_622' title='bbox 2759 3950 3133 4021; x_wconf 79' lang='grc' dir='ltr'>μεριμνῶμεν.</span> <span class='ocrx_word' id='word_1_623' title='bbox 3159 3949 3220 4001; x_wconf 81' lang='lat' dir='ltr'><strong>Et</strong></span> <span class='ocrx_word' id='word_1_624' title='bbox 3259 3948 3368 4015; x_wconf 84' lang='grc' dir='ltr'><strong>γὰρ</strong></span> <span class='ocrx_word' id='word_1_625' title='bbox 3393 3949 3461 4000; x_wconf 75' lang='grc' dir='ltr'><strong>τὰ</strong></span> <span class='ocrx_word' id='word_1_626' title='bbox 3479 3948 3754 4017; x_wconf 81' lang='grc' dir='ltr'>δρώμενα,</span> <span class='ocrx_word' id='word_1_627' title='bbox 3786 3951 3822 4002; x_wconf 77' lang='grc' dir='ltr'><strong>ἃ</strong></span> <span class='ocrx_word' id='word_1_628' title='bbox 3861 3967 4004 4020; x_wconf 81' lang='grc' dir='ltr'>παρο</span> 
     </span>
    </p>
   </div>
   <div class='ocr_carea' id='block_1_80' title="bbox 2422 4037 4004 4112">
    <p class='ocr_par' dir='ltr' id='par_1_80' title="bbox 2422 4037 4004 4112">
     <span class='ocr_line' id='line_1_80' title="bbox 2422 4037 4004 4112; baseline -0.003 -17"><span class='ocrx_word' id='word_1_629' title='bbox 2422 4045 2534 4112; x_wconf 82' lang='grc' dir='ltr'>έχει</span> <span class='ocrx_word' id='word_1_630' title='bbox 2589 4044 2720 4111; x_wconf 79' lang='grc' dir='ltr'>ἡμῖν</span> <span class='ocrx_word' id='word_1_631' title='bbox 2761 4044 2790 4094; x_wconf 83' lang='grc' dir='ltr'>ὁ</span> <span class='ocrx_word' id='word_1_632' title='bbox 2817 4041 3020 4107; x_wconf 82' lang='grc' dir='ltr'>ἀγαθὸς</span> <span class='ocrx_word' id='word_1_633' title='bbox 3062 4040 3194 4102; x_wconf 79' lang='grc' dir='ltr'>Θεὸς</span> <span class='ocrx_word' id='word_1_634' title='bbox 3231 4037 3438 4106; x_wconf 78' lang='grc' dir='ltr'>ἀγαθὰ,</span> <span class='ocrx_word' id='word_1_635' title='bbox 3464 4039 3564 4090; x_wconf 84' lang='grc' dir='ltr'><strong>οὐκ</strong></span> <span class='ocrx_word' id='word_1_636' title='bbox 3587 4039 4004 4108; x_wconf 70' lang='grc' dir='ltr'>εμπ-πιστεύομεν</span> 
     </span>
    </p>
   </div>
   <div class='ocr_carea' id='block_1_81' title="bbox 2419 4121 4002 4200">
    <p class='ocr_par' dir='ltr' id='par_1_81' title="bbox 2419 4121 4002 4200">
     <span class='ocr_line' id='line_1_81' title="bbox 2419 4121 4002 4200; baseline -0.001 -18"><span class='ocrx_word' id='word_1_637' title='bbox 2419 4131 2588 4200; x_wconf 83' lang='grc' dir='ltr'>αὐτῷ,</span> <span class='ocrx_word' id='word_1_638' title='bbox 2642 4130 2774 4198; x_wconf 73' lang='grc' dir='ltr'>περὶ</span> <span class='ocrx_word' id='word_1_639' title='bbox 2825 4129 2934 4180; x_wconf 89' lang='grc' dir='ltr'><strong>τῶν</strong></span> <span class='ocrx_word' id='word_1_640' title='bbox 2975 4128 3052 4197; x_wconf 84' lang='grc' dir='ltr'><strong>μὴ</strong></span> <span class='ocrx_word' id='word_1_641' title='bbox 3111 4127 3427 4196; x_wconf 84' lang='grc' dir='ltr'>ὁρωμένων,</span> <span class='ocrx_word' id='word_1_642' title='bbox 3469 4121 3544 4178; x_wconf 84' lang='grc' dir='ltr'><strong>ῶν</strong></span> <span class='ocrx_word' id='word_1_643' title='bbox 3603 4129 4002 4196; x_wconf 78' lang='grc' dir='ltr'>ἐπηγγείλατο.</span> 
     </span>
    </p>
   </div>
   <div class='ocr_carea' id='block_1_82' title="bbox 2421 4200 4005 4288">
    <p class='ocr_par' dir='ltr' id='par_1_82' title="bbox 2421 4200 4005 4288">
     <span class='ocr_line' id='line_1_82' title="bbox 2421 4200 4005 4288; baseline -0.001 -18"><span class='ocrx_word' id='word_1_644' title='bbox 2421 4220 2536 4280; x_wconf 88' lang='grc' dir='ltr'><strong>πῶς</strong></span> <span class='ocrx_word' id='word_1_645' title='bbox 2566 4218 3022 4288; x_wconf 84' lang='grc' dir='ltr'>ὲμπιστεύσωμεν</span> <span class='ocrx_word' id='word_1_646' title='bbox 3067 4216 3252 4286; x_wconf 81' lang='grc' dir='ltr'><strong>αὐτῷ;</strong></span> <span class='ocrx_word' id='word_1_647' title='bbox 3293 4216 3368 4268; x_wconf 86' lang='grc' dir='ltr'><strong>Οὑ</strong></span> <span class='ocrx_word' id='word_1_648' title='bbox 3409 4217 3516 4286; x_wconf 82' lang='grc' dir='ltr'>χρὴ</span> <span class='ocrx_word' id='word_1_649' title='bbox 3542 4216 3600 4268; x_wconf 82' lang='grc' dir='ltr'>δὲ</span> <span class='ocrx_word' id='word_1_650' title='bbox 3633 4216 3810 4279; x_wconf 80' lang='grc' dir='ltr'>οὕτως</span> <span class='ocrx_word' id='word_1_651' title='bbox 3853 4200 4005 4286; x_wconf 67' lang='grc' dir='ltr'>ἡμᾶς</span> 
     </span>
    </p>
   </div>
   <div class='ocr_carea' id='block_1_83' title="bbox 741 4306 2310 4379">
    <p class='ocr_par' dir='ltr' id='par_1_83' title="bbox 741 4309 2310 4378">
     <span class='ocr_line' id='line_1_83' title="bbox 741 4309 2310 4378; baseline 0.001 -16"><span class='ocrx_word' id='word_1_652' title='bbox 741 4310 902 4363; x_wconf 87' lang='lat' dir='ltr'><strong>nobis</strong></span> <span class='ocrx_word' id='word_1_653' title='bbox 936 4309 1174 4378; x_wconf 79' lang='lat' dir='ltr'><strong>benigne</strong></span> <span class='ocrx_word' id='word_1_654' title='bbox 1205 4309 1478 4378; x_wconf 76' lang='lat' dir='ltr'><strong>benignus</strong></span> <span class='ocrx_word' id='word_1_655' title='bbox 1508 4309 1774 4377; x_wconf 89' lang='lat' dir='ltr'><strong>impartit,</strong></span> <span class='ocrx_word' id='word_1_656' title='bbox 1800 4325 1908 4362; x_wconf 91' lang='lat' dir='ltr'><strong>non</strong></span> <span class='ocrx_word' id='word_1_657' title='bbox 1944 4311 2310 4376; x_wconf 77' lang='lat' dir='ltr'><strong>permittimus</strong></span> 
     </span>
    </p>
   </div>
   <div class='ocr_carea' id='block_1_84' title="bbox 2411 4306 4004 4379">
    <p class='ocr_par' dir='ltr' id='par_1_84' title="bbox 2415 4306 4004 4379">
     <span class='ocr_line' id='line_1_84' title="bbox 2415 4306 4004 4379; baseline -0.001 -17"><span class='ocrx_word' id='word_1_658' title='bbox 2415 4313 2659 4379; x_wconf 83' lang='grc' dir='ltr'>κρατεῖν,</span> <span class='ocrx_word' id='word_1_659' title='bbox 2690 4309 2826 4361; x_wconf 79' lang='grc' dir='ltr'>ἀλλὰ</span> <span class='ocrx_word' id='word_1_660' title='bbox 2858 4308 3057 4378; x_wconf 80' lang='grc' dir='ltr'>μᾶλλον</span> <span class='ocrx_word' id='word_1_661' title='bbox 3100 4307 3197 4376; x_wconf 82' lang='grc' dir='ltr'>τὴν</span> <span class='ocrx_word' id='word_1_662' title='bbox 3233 4307 3399 4360; x_wconf 76' lang='grc' dir='ltr'>αὑτοῦ</span> <span class='ocrx_word' id='word_1_663' title='bbox 3434 4306 3710 4376; x_wconf 86' lang='grc' dir='ltr'>βασιλείαν</span> <span class='ocrx_word' id='word_1_664' title='bbox 3744 4309 4004 4378; x_wconf 76' lang='grc' dir='ltr'>ζητήσω-</span> 
     </span>
    </p>
   </div>
   <div class='ocr_carea' id='block_1_85' title="bbox 738 4398 2316 4470">
    <p class='ocr_par' dir='ltr' id='par_1_85' title="bbox 738 4398 2316 4470">
     <span class='ocr_line' id='line_1_85' title="bbox 738 4398 2316 4470; baseline 0.002 -18"><span class='ocrx_word' id='word_1_665' title='bbox 738 4402 860 4470; x_wconf 80' lang='lat' dir='ltr'><strong>ejus</strong></span> <span class='ocrx_word' id='word_1_666' title='bbox 889 4398 1038 4465; x_wconf 85' lang='lat' dir='ltr'><strong>lidei,</strong></span> <span class='ocrx_word' id='word_1_667' title='bbox 1071 4415 1182 4468; x_wconf 91' lang='lat' dir='ltr'><strong>quo</strong></span> <span class='ocrx_word' id='word_1_668' title='bbox 1212 4409 1375 4468; x_wconf 91' lang='lat' dir='ltr'><strong>pacto</strong></span> <span class='ocrx_word' id='word_1_669' title='bbox 1399 4398 1468 4453; x_wconf 91' lang='lat' dir='ltr'><strong>de</strong></span> <span class='ocrx_word' id='word_1_670' title='bbox 1495 4399 1896 4463; x_wconf 86' lang='lat' dir='ltr'><strong>iuvisibilibus,</strong></span> <span class='ocrx_word' id='word_1_671' title='bbox 1955 4417 2076 4470; x_wconf 71' lang='lat' dir='ltr'><strong>quae</strong></span> <span class='ocrx_word' id='word_1_672' title='bbox 2109 4402 2316 4470; x_wconf 91' lang='lat' dir='ltr'><strong>alioqui</strong></span> 
     </span>
    </p>
   </div>
   <div class='ocr_carea' id='block_1_86' title="bbox 737 4491 2393 4581">
    <p class='ocr_par' dir='ltr' id='par_1_86' title="bbox 737 4491 2393 4581">
     <span class='ocr_line' id='line_1_86' title="bbox 737 4491 2393 4581; baseline 0 -35"><span class='ocrx_word' id='word_1_673' title='bbox 737 4506 797 4546; x_wconf 83' lang='lat' dir='ltr'><strong>se</strong></span> <span class='ocrx_word' id='word_1_674' title='bbox 825 4500 978 4545; x_wconf 87' lang='lat' dir='ltr'><strong>certo</strong></span> <span class='ocrx_word' id='word_1_675' title='bbox 999 4492 1164 4544; x_wconf 83' lang='lat' dir='ltr'><strong>nobis</strong></span> <span class='ocrx_word' id='word_1_676' title='bbox 1190 4491 1444 4559; x_wconf 89' lang='lat' dir='ltr'><strong>promisit</strong></span> <span class='ocrx_word' id='word_1_677' title='bbox 1472 4491 1754 4554; x_wconf 91' lang='lat' dir='ltr'><strong>daturum,</strong></span> <span class='ocrx_word' id='word_1_678' title='bbox 1785 4492 1944 4545; x_wconf 80' lang='lat' dir='ltr'><strong>[idem</strong></span> <span class='ocrx_word' id='word_1_679' title='bbox 1969 4493 2044 4545; x_wconf 93' lang='lat' dir='ltr'><strong>illi</strong></span> <span class='ocrx_word' id='word_1_680' title='bbox 2076 4508 2317 4546; x_wconf 89' lang='lat' dir='ltr'><strong>commo—</strong></span> <span class='ocrx_word' id='word_1_681' title='bbox 2353 4530 2393 4581; x_wconf 70' lang='grc' dir='ltr'>υ</span> 
     </span>
    </p>
   </div>
   <div class='ocr_carea' id='block_1_87' title="bbox 740 4582 2314 4636">
    <p class='ocr_par' dir='ltr' id='par_1_87' title="bbox 740 4582 2314 4636">
     <span class='ocr_line' id='line_1_87' title="bbox 740 4582 2314 4636; baseline 0.001 -2"><span class='ocrx_word' id='word_1_682' title='bbox 740 4582 1028 4635; x_wconf 85' lang='lat' dir='ltr'><strong>dabimus?</strong></span> <span class='ocrx_word' id='word_1_683' title='bbox 1088 4583 1207 4636; x_wconf 86' lang='lat' dir='ltr'><strong>Non</strong></span> <span class='ocrx_word' id='word_1_684' title='bbox 1250 4582 1340 4635; x_wconf 94' lang='lat' dir='ltr'><strong>hic</strong></span> <span class='ocrx_word' id='word_1_685' title='bbox 1393 4591 1800 4635; x_wconf 85' lang='lat' dir='ltr'><strong>consentaneus</strong></span> <span class='ocrx_word' id='word_1_686' title='bbox 1833 4592 1918 4635; x_wconf 90' lang='lat' dir='ltr'><strong>est</strong></span> <span class='ocrx_word' id='word_1_687' title='bbox 1971 4583 2110 4635; x_wconf 90' lang='lat' dir='ltr'><strong>ordo</strong></span> <span class='ocrx_word' id='word_1_688' title='bbox 2173 4584 2314 4636; x_wconf 90' lang='lat' dir='ltr'><strong>bona</strong></span> 
     </span>
    </p>
   </div>
   <div class='ocr_carea' id='block_1_88' title="bbox 742 4671 2317 4741">
    <p class='ocr_par' dir='ltr' id='par_1_88' title="bbox 742 4671 2317 4741">
     <span class='ocr_line' id='line_1_88' title="bbox 742 4671 2317 4741; baseline 0.001 -17"><span class='ocrx_word' id='word_1_689' title='bbox 742 4671 1046 4736; x_wconf 86' lang='lat' dir='ltr'><strong>obtinendi,</strong></span> <span class='ocrx_word' id='word_1_690' title='bbox 1084 4672 1256 4740; x_wconf 78' lang='lat' dir='ltr'><strong>magis</strong></span> <span class='ocrx_word' id='word_1_691' title='bbox 1286 4682 1468 4725; x_wconf 86' lang='lat' dir='ltr'><strong>autem</strong></span> <span class='ocrx_word' id='word_1_692' title='bbox 1513 4687 1824 4740; x_wconf 66' lang='lat' dir='ltr'><strong>quaeramus</strong></span> <span class='ocrx_word' id='word_1_693' title='bbox 1855 4673 2031 4740; x_wconf 86' lang='lat' dir='ltr'><strong>ipsius</strong></span> <span class='ocrx_word' id='word_1_694' title='bbox 2065 4688 2317 4741; x_wconf 83' lang='lat' dir='ltr'><strong>regnum,</strong></span> 
     </span>
    </p>
   </div>
   <div class='ocr_carea' id='block_1_89' title="bbox 2420 4397 4006 4470">
    <p class='ocr_par' dir='ltr' id='par_1_89' title="bbox 2420 4397 4006 4470">
     <span class='ocr_line' id='line_1_89' title="bbox 2420 4397 4006 4470; baseline -0.001 -18"><span class='ocrx_word' id='word_1_695' title='bbox 2420 4418 2541 4470; x_wconf 84' lang='grc' dir='ltr'>μεν,</span> <span class='ocrx_word' id='word_1_696' title='bbox 2573 4399 2872 4452; x_wconf 80' lang='grc' dir='ltr'>καὶταῦτα</span> <span class='ocrx_word' id='word_1_697' title='bbox 2918 4401 3098 4452; x_wconf 80' lang='grc' dir='ltr'>πάντα</span> <span class='ocrx_word' id='word_1_698' title='bbox 3157 4397 3592 4467; x_wconf 83' lang='grc' dir='ltr'>προστεθήσεται</span> <span class='ocrx_word' id='word_1_699' title='bbox 3658 4400 3815 4466; x_wconf 73' lang='grc' dir='ltr'>ἡμῖν,</span> <span class='ocrx_word' id='word_1_700' title='bbox 3859 4399 4006 4450; x_wconf 76' lang='grc' dir='ltr'>κατὰ</span> 
     </span>
    </p>
   </div>
   <div class='ocr_carea' id='block_1_90' title="bbox 2421 4487 4004 4560">
    <p class='ocr_par' dir='ltr' id='par_1_90' title="bbox 2421 4487 4004 4560">
     <span class='ocr_line' id='line_1_90' title="bbox 2421 4487 4004 4560; baseline -0.002 -17"><span class='ocrx_word' id='word_1_701' title='bbox 2421 4494 2512 4543; x_wconf 85' lang='grc' dir='ltr'>τὸν</span> <span class='ocrx_word' id='word_1_702' title='bbox 2533 4490 2688 4558; x_wconf 84' lang='grc' dir='ltr'>λόγον</span> <span class='ocrx_word' id='word_1_703' title='bbox 2717 4488 2887 4543; x_wconf 78' lang='grc' dir='ltr'>αὑτοῦ</span> <span class='ocrx_word' id='word_1_704' title='bbox 2908 4504 2923 4518; x_wconf 69' lang='grc' dir='ltr'>θ</span> <span class='ocrx_word' id='word_1_705' title='bbox 2967 4487 3410 4560; x_wconf 72' lang='grc' dir='ltr'>λυσιτελέστερον</span> <span class='ocrx_word' id='word_1_706' title='bbox 3438 4491 3570 4557; x_wconf 75' lang='grc' dir='ltr'>ἡμῖν</span> <span class='ocrx_word' id='word_1_707' title='bbox 3627 4490 3801 4552; x_wconf 71' lang='grc' dir='ltr'>ἐστιν,</span> <span class='ocrx_word' id='word_1_708' title='bbox 3833 4506 4004 4541; x_wconf 81' lang='grc' dir='ltr'>κατα-</span> 
     </span>
    </p>
   </div>
   <div class='ocr_carea' id='block_1_91' title="bbox 2424 4578 4006 4650">
    <p class='ocr_par' dir='ltr' id='par_1_91' title="bbox 2424 4578 4006 4650">
     <span class='ocr_line' id='line_1_91' title="bbox 2424 4578 4006 4650; baseline -0.002 -17"><span class='ocrx_word' id='word_1_709' title='bbox 2424 4582 2642 4649; x_wconf 87' lang='grc' dir='ltr'>φρονεῖν</span> <span class='ocrx_word' id='word_1_710' title='bbox 2681 4580 2790 4633; x_wconf 88' lang='grc' dir='ltr'><strong>τῶν</strong></span> <span class='ocrx_word' id='word_1_711' title='bbox 2822 4581 2894 4649; x_wconf 77' lang='grc' dir='ltr'>μὴ</span> <span class='ocrx_word' id='word_1_712' title='bbox 2927 4579 3239 4649; x_wconf 81' lang='grc' dir='ltr'>ἡμετέρων,</span> <span class='ocrx_word' id='word_1_713' title='bbox 3295 4578 3388 4630; x_wconf 80' lang='grc' dir='ltr'><strong>καὶ</strong></span> <span class='ocrx_word' id='word_1_714' title='bbox 3426 4579 3715 4648; x_wconf 79' lang='grc' dir='ltr'>ὀρέγεσθαι</span> <span class='ocrx_word' id='word_1_715' title='bbox 3740 4579 3814 4632; x_wconf 81' lang='grc' dir='ltr'>τὰ</span> <span class='ocrx_word' id='word_1_716' title='bbox 3868 4581 4006 4650; x_wconf 63' lang='lat' dir='ltr'><strong>mtt—</strong></span> 
     </span>
    </p>
   </div>
   <div class='ocr_carea' id='block_1_92' title="bbox 2431 4672 3844 4744">
    <p class='ocr_par' dir='ltr' id='par_1_92' title="bbox 2431 4672 3844 4744">
     <span class='ocr_line' id='line_1_92' title="bbox 2431 4672 3844 4744; baseline 0.002 -19"><span class='ocrx_word' id='word_1_717' title='bbox 2431 4691 2590 4744; x_wconf 88' lang='grc' dir='ltr'>τερα,</span> <span class='ocrx_word' id='word_1_718' title='bbox 2626 4674 2728 4742; x_wconf 80' lang='grc' dir='ltr'><strong>τὴν</strong></span> <span class='ocrx_word' id='word_1_719' title='bbox 2755 4673 3066 4743; x_wconf 82' lang='grc' dir='ltr'>ἀφθαρσίαν</span> <span class='ocrx_word' id='word_1_720' title='bbox 3105 4673 3201 4725; x_wconf 72' lang='grc' dir='ltr'>καὶ</span> <span class='ocrx_word' id='word_1_721' title='bbox 3227 4672 3324 4740; x_wconf 72' lang='grc' dir='ltr'>τὴν</span> <span class='ocrx_word' id='word_1_722' title='bbox 3349 4673 3648 4727; x_wconf 82' lang='grc' dir='ltr'>ἀθανασίαν</span> <span class='ocrx_word' id='word_1_723' title='bbox 3676 4673 3844 4740; x_wconf 68' lang='grc' dir='ltr'>λέγω.</span> 
     </span>
    </p>
   </div>
   <div class='ocr_carea' id='block_1_93' title="bbox 742 4763 4002 4834">
    <p class='ocr_par' dir='ltr' id='par_1_93' title="bbox 742 4763 4002 4834">
     <span class='ocr_line' id='line_1_93' title="bbox 742 4763 4002 4834; baseline 0.001 -15"><span class='ocrx_word' id='word_1_724' title='bbox 742 4766 928 4820; x_wconf 73' lang='grc' dir='ltr'>οιΙιωο</span> <span class='ocrx_word' id='word_1_725' title='bbox 952 4765 1136 4818; x_wconf 88' lang='lat' dir='ltr'><strong>omnia</strong></span> <span class='ocrx_word' id='word_1_726' title='bbox 1161 4764 1494 4832; x_wconf 80' lang='lat' dir='ltr'><strong>adjicientur</strong></span> <span class='ocrx_word' id='word_1_727' title='bbox 1521 4764 1701 4828; x_wconf 88' lang='lat' dir='ltr'><strong>nobis,</strong></span> <span class='ocrx_word' id='word_1_728' title='bbox 1725 4765 1878 4833; x_wconf 78' lang='lat' dir='ltr'><strong>juxta</strong></span> <span class='ocrx_word' id='word_1_729' title='bbox 1935 4763 2185 4833; x_wconf 88' lang='lat' dir='ltr'><strong>ejusdem</strong></span> <span class='ocrx_word' id='word_1_730' title='bbox 2246 4765 2478 4818; x_wconf 88' lang='lat' dir='ltr'><strong>verbum</strong></span> <span class='ocrx_word' id='word_1_731' title='bbox 2496 4767 2567 4818; x_wconf 83' lang='lat'><strong>&quot;.</strong></span> <span class='ocrx_word' id='word_1_732' title='bbox 2600 4766 2777 4819; x_wconf 84' lang='lat' dir='ltr'><strong>Tanto</strong></span> <span class='ocrx_word' id='word_1_733' title='bbox 2845 4780 2976 4818; x_wconf 89' lang='lat' dir='ltr'><strong>sane</strong></span> <span class='ocrx_word' id='word_1_734' title='bbox 3042 4764 3379 4832; x_wconf 65' lang='lat' dir='ltr'><strong>praestiterit,</strong></span> <span class='ocrx_word' id='word_1_735' title='bbox 3411 4765 3575 4834; x_wconf 88' lang='lat' dir='ltr'><strong>inque</strong></span> <span class='ocrx_word' id='word_1_736' title='bbox 3599 4782 3714 4820; x_wconf 88' lang='lat' dir='ltr'><strong>rem</strong></span> <span class='ocrx_word' id='word_1_737' title='bbox 3755 4777 4002 4822; x_wconf 84' lang='lat' dir='ltr'><strong>nostram</strong></span> 
     </span>
    </p>
   </div>
   <div class='ocr_carea' id='block_1_94' title="bbox 742 4855 4004 4926">
    <p class='ocr_par' dir='ltr' id='par_1_94' title="bbox 742 4855 4004 4926">
     <span class='ocr_line' id='line_1_94' title="bbox 742 4855 4004 4926; baseline 0.001 -15"><span class='ocrx_word' id='word_1_738' title='bbox 742 4857 902 4911; x_wconf 90' lang='lat' dir='ltr'><strong>cedet</strong></span> <span class='ocrx_word' id='word_1_739' title='bbox 952 4855 1193 4918; x_wconf 79' lang='lat' dir='ltr'><strong>felicius,</strong></span> <span class='ocrx_word' id='word_1_740' title='bbox 1219 4856 1264 4908; x_wconf 91' lang='lat' dir='ltr'><strong>si</strong></span> <span class='ocrx_word' id='word_1_741' title='bbox 1289 4856 1398 4918; x_wconf 91' lang='lat' dir='ltr'><strong>his,</strong></span> <span class='ocrx_word' id='word_1_742' title='bbox 1427 4870 1548 4923; x_wconf 72' lang='lat' dir='ltr'><strong>quae</strong></span> <span class='ocrx_word' id='word_1_743' title='bbox 1577 4863 1766 4908; x_wconf 88' lang='lat' dir='ltr'><strong>nostra</strong></span> <span class='ocrx_word' id='word_1_744' title='bbox 1799 4855 2119 4922; x_wconf 87' lang='lat' dir='ltr'><strong>neutiquam</strong></span> <span class='ocrx_word' id='word_1_745' title='bbox 2168 4865 2317 4917; x_wconf 88' lang='lat' dir='ltr'><strong>sunt,</strong></span> <span class='ocrx_word' id='word_1_746' title='bbox 2359 4857 2720 4926; x_wconf 88' lang='lat' dir='ltr'><strong>contemptim</strong></span> <span class='ocrx_word' id='word_1_747' title='bbox 2760 4856 3118 4918; x_wconf 88' lang='lat' dir='ltr'><strong>transmissis,</strong></span> <span class='ocrx_word' id='word_1_748' title='bbox 3182 4872 3306 4924; x_wconf 65' lang='lat' dir='ltr'><strong>qum</strong></span> <span class='ocrx_word' id='word_1_749' title='bbox 3369 4856 3589 4926; x_wconf 88' lang='lat' dir='ltr'><strong>proprie</strong></span> <span class='ocrx_word' id='word_1_750' title='bbox 3621 4865 3812 4911; x_wconf 84' lang='lat' dir='ltr'><strong>nostra</strong></span> <span class='ocrx_word' id='word_1_751' title='bbox 3853 4870 4004 4925; x_wconf 84' lang='lat' dir='ltr'><strong>sunt,</strong></span> 
     </span>
    </p>
   </div>
   <div class='ocr_carea' id='block_1_95' title="bbox 745 4945 3136 5016">
    <p class='ocr_par' dir='ltr' id='par_1_95' title="bbox 745 4945 3136 5016">
     <span class='ocr_line' id='line_1_95' title="bbox 745 4945 3136 5016; baseline -0.001 -13"><span class='ocrx_word' id='word_1_752' title='bbox 745 4957 856 5003; x_wconf 89' lang='lat' dir='ltr'><strong>tota</strong></span> <span class='ocrx_word' id='word_1_753' title='bbox 877 4947 1162 5002; x_wconf 89' lang='lat' dir='ltr'><strong>alacritate</strong></span> <span class='ocrx_word' id='word_1_754' title='bbox 1191 4955 1538 5016; x_wconf 80' lang='lat' dir='ltr'><strong>expetemus,</strong></span> <span class='ocrx_word' id='word_1_755' title='bbox 1572 4945 1782 5013; x_wconf 72' lang='lat'><strong>1223</strong></span> <span class='ocrx_word' id='word_1_756' title='bbox 1810 4961 2005 5014; x_wconf 88' lang='lat' dir='ltr'><strong>nempe</strong></span> <span class='ocrx_word' id='word_1_757' title='bbox 2031 4947 2509 5014; x_wconf 89' lang='lat' dir='ltr'><strong>incorruptionem</strong></span> <span class='ocrx_word' id='word_1_758' title='bbox 2545 4958 2602 5002; x_wconf 88' lang='lat' dir='ltr'><strong>et</strong></span> <span class='ocrx_word' id='word_1_759' title='bbox 2638 4947 3136 5002; x_wconf 84' lang='lat' dir='ltr'><strong>immortalitatem.</strong></span> 
     </span>
    </p>
   </div>
   <div class='ocr_carea' id='block_1_96' title="bbox 813 5036 2318 5106">
    <p class='ocr_par' dir='ltr' id='par_1_96' title="bbox 813 5036 2318 5106">
     <span class='ocr_line' id='line_1_96' title="bbox 813 5036 2318 5106; baseline -0.003 -14"><span class='ocrx_word' id='word_1_760' title='bbox 813 5037 1122 5106; x_wconf 88' lang='lat' dir='ltr'><strong>Incorrupti</strong></span> <span class='ocrx_word' id='word_1_761' title='bbox 1155 5038 1303 5090; x_wconf 90' lang='lat' dir='ltr'><strong>enim</strong></span> <span class='ocrx_word' id='word_1_762' title='bbox 1341 5036 1434 5089; x_wconf 92' lang='lat' dir='ltr'><strong>ubi</strong></span> <span class='ocrx_word' id='word_1_763' title='bbox 1453 5037 1564 5106; x_wconf 89' lang='lat' dir='ltr'><strong>jam</strong></span> <span class='ocrx_word' id='word_1_764' title='bbox 1590 5044 1646 5089; x_wconf 91' lang='lat' dir='ltr'><strong>et</strong></span> <span class='ocrx_word' id='word_1_765' title='bbox 1677 5036 2022 5089; x_wconf 88' lang='lat' dir='ltr'><strong>immortales</strong></span> <span class='ocrx_word' id='word_1_766' title='bbox 2046 5036 2318 5089; x_wconf 80' lang='lat' dir='ltr'><strong>fuerimus</strong></span> 
     </span>
    </p>
   </div>
   <div class='ocr_carea' id='block_1_97' title="bbox 741 5126 2315 5200">
    <p class='ocr_par' dir='ltr' id='par_1_97' title="bbox 741 5126 2315 5200">
     <span class='ocr_line' id='line_1_97' title="bbox 741 5126 2315 5200; baseline -0.003 -16"><span class='ocrx_word' id='word_1_767' title='bbox 741 5146 842 5200; x_wconf 86' lang='lat' dir='ltr'><strong>per</strong></span> <span class='ocrx_word' id='word_1_768' title='bbox 879 5130 1233 5198; x_wconf 87' lang='lat' dir='ltr'><strong>purissimam</strong></span> <span class='ocrx_word' id='word_1_769' title='bbox 1269 5127 1729 5196; x_wconf 75' lang='lat' dir='ltr'><strong>speculationem,</strong></span> <span class='ocrx_word' id='word_1_770' title='bbox 1763 5126 2065 5194; x_wconf 89' lang='lat' dir='ltr'><strong>conspicua</strong></span> <span class='ocrx_word' id='word_1_771' title='bbox 2113 5126 2315 5194; x_wconf 77' lang='lat' dir='ltr'><strong>expleti</strong></span> 
     </span>
    </p>
   </div>
   <div class='ocr_carea' id='block_1_98' title="bbox 744 5218 2318 5289">
    <p class='ocr_par' dir='ltr' id='par_1_98' title="bbox 744 5218 2318 5289">
     <span class='ocr_line' id='line_1_98' title="bbox 744 5218 2318 5289; baseline -0.004 -13"><span class='ocrx_word' id='word_1_772' title='bbox 744 5222 838 5276; x_wconf 88' lang='lat' dir='ltr'><strong>Dei</strong></span> <span class='ocrx_word' id='word_1_773' title='bbox 878 5221 1222 5289; x_wconf 87' lang='lat' dir='ltr'><strong>apparitione</strong></span> <span class='ocrx_word' id='word_1_774' title='bbox 1247 5258 1261 5282; x_wconf 90' lang='lat'><strong>,</strong></span> <span class='ocrx_word' id='word_1_775' title='bbox 1313 5231 1759 5287; x_wconf 85' lang='lat' dir='ltr'><strong>quaquaversum</strong></span> <span class='ocrx_word' id='word_1_776' title='bbox 1798 5218 2110 5270; x_wconf 86' lang='lat' dir='ltr'><strong>illustrante</strong></span> <span class='ocrx_word' id='word_1_777' title='bbox 2137 5233 2236 5270; x_wconf 90' lang='lat' dir='ltr'><strong>nos</strong></span> <span class='ocrx_word' id='word_1_778' title='bbox 2263 5227 2318 5271; x_wconf 91' lang='lat' dir='ltr'><strong>et</strong></span> 
     </span>
    </p>
   </div>
   <div class='ocr_carea' id='block_1_99' title="bbox 743 5305 2318 5372">
    <p class='ocr_par' dir='ltr' id='par_1_99' title="bbox 743 5305 2318 5372">
     <span class='ocr_line' id='line_1_99' title="bbox 743 5305 2318 5372; baseline -0.003 -10"><span class='ocrx_word' id='word_1_779' title='bbox 743 5308 1220 5363; x_wconf 78' lang='lat' dir='ltr'><strong>circumfundente</strong></span> <span class='ocrx_word' id='word_1_780' title='bbox 1246 5305 1672 5359; x_wconf 86' lang='lat' dir='ltr'><strong>radiautissimis</strong></span> <span class='ocrx_word' id='word_1_781' title='bbox 1696 5305 1806 5358; x_wconf 88' lang='lat' dir='ltr'><strong>illis</strong></span> <span class='ocrx_word' id='word_1_782' title='bbox 1833 5305 2241 5372; x_wconf 84' lang='lat' dir='ltr'><strong>splendoribus,</strong></span> <span class='ocrx_word' id='word_1_783' title='bbox 2261 5315 2318 5358; x_wconf 91' lang='lat' dir='ltr'><strong>ut</strong></span> 
     </span>
    </p>
   </div>
   <div class='ocr_carea' id='block_1_100' title="bbox 742 5394 2319 5465">
    <p class='ocr_par' dir='ltr' id='par_1_100' title="bbox 742 5394 2319 5465">
     <span class='ocr_line' id='line_1_100' title="bbox 742 5394 2319 5465; baseline -0.003 -15"><span class='ocrx_word' id='word_1_784' title='bbox 742 5396 874 5452; x_wconf 86' lang='lat' dir='ltr'><strong>olim</strong></span> <span class='ocrx_word' id='word_1_785' title='bbox 903 5396 1209 5465; x_wconf 82' lang='lat' dir='ltr'><strong>discipulos</strong></span> <span class='ocrx_word' id='word_1_786' title='bbox 1243 5395 1297 5448; x_wconf 90' lang='lat' dir='ltr'><strong>in</strong></span> <span class='ocrx_word' id='word_1_787' title='bbox 1327 5396 1716 5464; x_wconf 80' lang='lat' dir='ltr'><strong>augustissima</strong></span> <span class='ocrx_word' id='word_1_788' title='bbox 1751 5395 1838 5448; x_wconf 87' lang='lat' dir='ltr'><strong>illa</strong></span> <span class='ocrx_word' id='word_1_789' title='bbox 1860 5394 2070 5449; x_wconf 86' lang='lat' dir='ltr'><strong>Christi</strong></span> <span class='ocrx_word' id='word_1_790' title='bbox 2100 5394 2319 5447; x_wconf 84' lang='lat' dir='ltr'><strong>transii-</strong></span> 
     </span>
    </p>
   </div>
   <div class='ocr_carea' id='block_1_101' title="bbox 812 5573 1332 5634">
    <p class='ocr_par' dir='ltr' id='par_1_101' title="bbox 812 5573 1332 5634">
     <span class='ocr_line' id='line_1_101' title="bbox 812 5573 1332 5634; baseline -0.002 -7"><span class='ocrx_word' id='word_1_791' title='bbox 812 5576 856 5605; x_wconf 82' lang='grc'><strong>⁵³</strong></span> <span class='ocrx_word' id='word_1_792' title='bbox 887 5573 1044 5628; x_wconf 86' lang='lat' dir='ltr'><strong>Prov.</strong></span> <span class='ocrx_word' id='word_1_793' title='bbox 1079 5590 1222 5634; x_wconf 74' lang='lat' dir='ltr'><strong>xxuv,</strong></span> <span class='ocrx_word' id='word_1_794' title='bbox 1251 5576 1332 5627; x_wconf 75' lang='lat'><strong>1&#39;5.</strong></span> 
     </span>
    </p>
   </div>
   <div class='ocr_carea' id='block_1_102' title="bbox 745 5646 989 5702">
    <p class='ocr_par' dir='ltr' id='par_1_102' title="bbox 745 5646 989 5702">
     <span class='ocr_line' id='line_1_102' title="bbox 745 5646 989 5702; baseline 0 -8"><span class='ocrx_word' id='word_1_795' title='bbox 745 5658 916 5702; x_wconf 65' lang='lat' dir='ltr'><strong>exuat.</strong></span> <span class='ocrx_word' id='word_1_796' title='bbox 938 5646 989 5696; x_wconf 71' lang='lat'><strong>2.</strong></span> 
     </span>
    </p>
   </div>
   <div class='ocr_carea' id='block_1_103' title="bbox 749 5713 950 5772">
    <p class='ocr_par' dir='ltr' id='par_1_103' title="bbox 749 5713 950 5772">
     <span class='ocr_line' id='line_1_103' title="bbox 749 5713 950 5772; baseline 0 -8"><span class='ocrx_word' id='word_1_797' title='bbox 749 5728 836 5772; x_wconf 63' lang='lat' dir='ltr'><strong>xv,</strong></span> <span class='ocrx_word' id='word_1_798' title='bbox 872 5713 950 5766; x_wconf 80' lang='lat' dir='ltr'><strong>l5.</strong></span> 
     </span>
    </p>
   </div>
   <div class='ocr_carea' id='block_1_104' title="bbox 755 5784 904 5842">
    <p class='ocr_par' dir='ltr' id='par_1_104' title="bbox 755 5784 904 5842">
     <span class='ocr_line' id='line_1_104' title="bbox 755 5784 904 5842; baseline 0.013 -10"><span class='ocrx_word' id='word_1_799' title='bbox 755 5797 825 5842; x_wconf 86' lang='lat' dir='ltr'><strong>tv,</strong></span> <span class='ocrx_word' id='word_1_800' title='bbox 853 5784 904 5836; x_wconf 71' lang='grc'><strong>4.</strong></span> 
     </span>
    </p>
   </div>
   <div class='ocr_carea' id='block_1_105' title="bbox 1411 5575 2029 5640">
    <p class='ocr_par' dir='ltr' id='par_1_105' title="bbox 1411 5575 2029 5640">
     <span class='ocr_line' id='line_1_105' title="bbox 1411 5575 2029 5640; baseline -0.003 -11"><span class='ocrx_word' id='word_1_801' title='bbox 1411 5575 1456 5605; x_wconf 60' lang='grc'><strong>⁵⁸</strong></span> <span class='ocrx_word' id='word_1_802' title='bbox 1495 5575 1653 5629; x_wconf 85' lang='lat' dir='ltr'><strong>Joan.</strong></span> <span class='ocrx_word' id='word_1_803' title='bbox 1679 5593 1785 5635; x_wconf 73' lang='lat' dir='ltr'><strong>xlv,</strong></span> <span class='ocrx_word' id='word_1_804' title='bbox 1827 5579 1909 5640; x_wconf 80' lang='lat' dir='ltr'><strong>l5,</strong></span> <span class='ocrx_word' id='word_1_805' title='bbox 1944 5577 2029 5628; x_wconf 68' lang='lat'><strong>15.</strong></span> 
     </span>
    </p>
   </div>
   <div class='ocr_carea' id='block_1_106' title="bbox 1068 5644 2098 5705">
    <p class='ocr_par' dir='ltr' id='par_1_106' title="bbox 1068 5644 2098 5705">
     <span class='ocr_line' id='line_1_106' title="bbox 1068 5644 2098 5705; baseline 0.002 -9"><span class='ocrx_word' id='word_1_806' title='bbox 1068 5645 1110 5674; x_wconf 79' lang='grc'>⁸⁹</span> <span class='ocrx_word' id='word_1_807' title='bbox 1143 5644 1283 5697; x_wconf 78' lang='lat' dir='ltr'><strong>Psal.</strong></span> <span class='ocrx_word' id='word_1_808' title='bbox 1326 5660 1537 5704; x_wconf 69' lang='lat' dir='ltr'><strong>thxvi.</strong></span> <span class='ocrx_word' id='word_1_809' title='bbox 1571 5646 1620 5697; x_wconf 85' lang='lat'><strong>7.</strong></span> <span class='ocrx_word' id='word_1_810' title='bbox 1698 5648 1741 5676; x_wconf 82' lang='grc'><strong>⁶⁰</strong></span> <span class='ocrx_word' id='word_1_811' title='bbox 1764 5648 1864 5699; x_wconf 86' lang='lat' dir='ltr'><strong>lsa.</strong></span> <span class='ocrx_word' id='word_1_812' title='bbox 1899 5663 2024 5705; x_wconf 68' lang='lat' dir='ltr'><strong>nu.</strong></span> <span class='ocrx_word' id='word_1_813' title='bbox 2047 5647 2098 5698; x_wconf 69' lang='grc' dir='ltr'><strong>εὶ.</strong></span> 
     </span>
    </p>
   </div>
   <div class='ocr_carea' id='block_1_107' title="bbox 1031 5713 1876 5776">
    <p class='ocr_par' dir='ltr' id='par_1_107' title="bbox 1031 5713 1876 5776">
     <span class='ocr_line' id='line_1_107' title="bbox 1031 5713 1876 5776; baseline 0.004 -13"><span class='ocrx_word' id='word_1_814' title='bbox 1031 5714 1070 5744; x_wconf 80' lang='grc'>³⁵</span> <span class='ocrx_word' id='word_1_815' title='bbox 1105 5713 1236 5766; x_wconf 88' lang='lat' dir='ltr'><strong>ibid.</strong></span> <span class='ocrx_word' id='word_1_816' title='bbox 1269 5715 1356 5765; x_wconf 79' lang='grc'><strong>50.</strong></span> <span class='ocrx_word' id='word_1_817' title='bbox 1434 5715 1476 5744; x_wconf 83' lang='grc'><strong>⁰⁶</strong></span> <span class='ocrx_word' id='word_1_818' title='bbox 1509 5716 1696 5767; x_wconf 85' lang='lat' dir='ltr'><strong>Matth.</strong></span> <span class='ocrx_word' id='word_1_819' title='bbox 1725 5733 1798 5776; x_wconf 69' lang='grc' dir='ltr'>γι,</span> <span class='ocrx_word' id='word_1_820' title='bbox 1823 5718 1876 5769; x_wconf 72' lang='lat'><strong>‘2.</strong></span> 
     </span>
    </p>
   </div>
   <div class='ocr_carea' id='block_1_108' title="bbox 981 5783 1967 5846">
    <p class='ocr_par' dir='ltr' id='par_1_108' title="bbox 981 5783 1967 5846">
     <span class='ocr_line' id='line_1_108' title="bbox 981 5783 1967 5846; baseline 0.001 -11"><span class='ocrx_word' id='word_1_821' title='bbox 981 5784 1020 5811; x_wconf 70' lang='grc' dir='ltr'><strong>τ’</strong></span> <span class='ocrx_word' id='word_1_822' title='bbox 1049 5783 1178 5836; x_wconf 81' lang='lat' dir='ltr'><strong>Luc.</strong></span> <span class='ocrx_word' id='word_1_823' title='bbox 1205 5800 1292 5846; x_wconf 74' lang='lat' dir='ltr'><strong>xv,</strong></span> <span class='ocrx_word' id='word_1_824' title='bbox 1324 5784 1410 5836; x_wconf 66' lang='lat'><strong>42.</strong></span> <span class='ocrx_word' id='word_1_825' title='bbox 1490 5785 1532 5814; x_wconf 84' lang='lat'>&#39;”</span> <span class='ocrx_word' id='word_1_826' title='bbox 1559 5785 1745 5838; x_wconf 77' lang='lat' dir='ltr'><strong>Matth.</strong></span> <span class='ocrx_word' id='word_1_827' title='bbox 1783 5803 1855 5844; x_wconf 82' lang='lat' dir='ltr'><strong>vi,</strong></span> <span class='ocrx_word' id='word_1_828' title='bbox 1878 5785 1967 5836; x_wconf 74' lang='lat'><strong>5&quot;.</strong></span> 
     </span>
    </p>
   </div>
   <div class='ocr_carea' id='block_1_109' title="bbox 2108 5577 2534 5641">
    <p class='ocr_par' dir='ltr' id='par_1_109' title="bbox 2108 5577 2534 5641">
     <span class='ocr_line' id='line_1_109' title="bbox 2108 5577 2534 5641; baseline -0.005 -11"><span class='ocrx_word' id='word_1_829' title='bbox 2108 5577 2153 5607; x_wconf 81' lang='grc'>⁸⁸</span> <span class='ocrx_word' id='word_1_830' title='bbox 2180 5577 2318 5630; x_wconf 84' lang='lat' dir='ltr'><strong>Psal.</strong></span> <span class='ocrx_word' id='word_1_831' title='bbox 2347 5594 2452 5641; x_wconf 80' lang='lat' dir='ltr'><strong>etv,</strong></span> <span class='ocrx_word' id='word_1_832' title='bbox 2484 5577 2534 5629; x_wconf 80' lang='lat'><strong>5.</strong></span> 
     </span>
    </p>
   </div>
   <div class='ocr_carea' id='block_1_110' title="bbox 2179 5647 2583 5707">
    <p class='ocr_par' dir='ltr' id='par_1_110' title="bbox 2179 5647 2583 5707">
     <span class='ocr_line' id='line_1_110' title="bbox 2179 5647 2583 5707; baseline -0.007 -7"><span class='ocrx_word' id='word_1_833' title='bbox 2179 5648 2218 5676; x_wconf 85' lang='lat'><strong>&quot;</strong></span> <span class='ocrx_word' id='word_1_834' title='bbox 2255 5647 2395 5700; x_wconf 78' lang='lat' dir='ltr'><strong>Psal.</strong></span> <span class='ocrx_word' id='word_1_835' title='bbox 2423 5664 2478 5707; x_wconf 90' lang='lat' dir='ltr'><strong>ll,</strong></span> <span class='ocrx_word' id='word_1_836' title='bbox 2507 5647 2583 5698; x_wconf 89' lang='grc'><strong>10.</strong></span> 
     </span>
    </p>
   </div>
   <div class='ocr_carea' id='block_1_111' title="bbox 1955 5717 3036 5787">
    <p class='ocr_par' dir='ltr' id='par_1_111' title="bbox 1955 5717 3036 5787">
     <span class='ocr_line' id='line_1_111' title="bbox 1955 5717 3036 5787; baseline 0.008 -26"><span class='ocrx_word' id='word_1_837' title='bbox 1955 5717 1996 5744; x_wconf 67' lang='grc'><strong>’³⁷</strong></span> <span class='ocrx_word' id='word_1_838' title='bbox 2024 5717 2184 5769; x_wconf 80' lang='lat' dir='ltr'><strong>Prov.</strong></span> <span class='ocrx_word' id='word_1_839' title='bbox 2223 5734 2308 5777; x_wconf 74' lang='lat' dir='ltr'><strong>xv,</strong></span> <span class='ocrx_word' id='word_1_840' title='bbox 2349 5719 2434 5769; x_wconf 68' lang='grc' dir='ltr'><strong>ῑιο.</strong></span> <span class='ocrx_word' id='word_1_841' title='bbox 2511 5717 2555 5746; x_wconf 62' lang='grc'><strong>⁸⁸</strong></span> <span class='ocrx_word' id='word_1_842' title='bbox 2591 5717 2829 5787; x_wconf 86' lang='lat' dir='ltr'><strong>Philipp.</strong></span> <span class='ocrx_word' id='word_1_843' title='bbox 2857 5734 2916 5782; x_wconf 91' lang='lat' dir='ltr'><strong>II,</strong></span> <span class='ocrx_word' id='word_1_844' title='bbox 2948 5719 3036 5771; x_wconf 76' lang='grc'><strong>17.</strong></span> 
     </span>
    </p>
   </div>
   <div class='ocr_carea' id='block_1_112' title="bbox 2499 5037 4006 5110">
    <p class='ocr_par' dir='ltr' id='par_1_112' title="bbox 2499 5037 4006 5110">
     <span class='ocr_line' id='line_1_112' title="bbox 2499 5037 4006 5110; baseline 0.033 -54"><span class='ocrx_word' id='word_1_845' title='bbox 2499 5039 2666 5090; x_wconf 67' lang='grc' dir='ltr'>Ὅταν</span> <span class='ocrx_word' id='word_1_846' title='bbox 2692 5037 2799 5108; x_wconf 68' lang='grc' dir='ltr'>γὰρ</span> <span class='ocrx_word' id='word_1_847' title='bbox 2845 5038 3114 5108; x_wconf 64' lang='grc' dir='ltr'>ἄφθαρτοι</span> <span class='ocrx_word' id='word_1_848' title='bbox 3146 5037 3433 5108; x_wconf 84' lang='grc' dir='ltr'>γενώμεθα</span> <span class='ocrx_word' id='word_1_849' title='bbox 3463 5039 3557 5090; x_wconf 78' lang='grc' dir='ltr'><strong>καὶ</strong></span> <span class='ocrx_word' id='word_1_850' title='bbox 3587 5039 3871 5098; x_wconf 80' lang='grc' dir='ltr'>ἀθάνατοι.</span> <span class='ocrx_word' id='word_1_851' title='bbox 3903 5042 4006 5110; x_wconf 82' lang='grc' dir='ltr'><strong>τῆς</strong></span> 
     </span>
    </p>
   </div>
   <div class='ocr_carea' id='block_1_113' title="bbox 2429 5128 4004 5204">
    <p class='ocr_par' dir='ltr' id='par_1_113' title="bbox 2429 5128 4004 5204">
     <span class='ocr_line' id='line_1_113' title="bbox 2429 5128 4004 5204; baseline 0.004 -24"><span class='ocrx_word' id='word_1_852' title='bbox 2429 5129 2526 5197; x_wconf 85' lang='grc' dir='ltr'>μὲν</span> <span class='ocrx_word' id='word_1_853' title='bbox 2549 5130 2750 5199; x_wconf 84' lang='grc' dir='ltr'>ὁρατῆς</span> <span class='ocrx_word' id='word_1_854' title='bbox 2777 5128 2941 5181; x_wconf 80' lang='grc' dir='ltr'>αὑτοῦ</span> <span class='ocrx_word' id='word_1_855' title='bbox 2973 5129 3261 5197; x_wconf 84' lang='grc' dir='ltr'>θεοφανίας</span> <span class='ocrx_word' id='word_1_856' title='bbox 3304 5131 3362 5182; x_wconf 85' lang='grc' dir='ltr'>ἐν</span> <span class='ocrx_word' id='word_1_857' title='bbox 3399 5131 3697 5198; x_wconf 82' lang='grc' dir='ltr'>πανάγνοις</span> <span class='ocrx_word' id='word_1_858' title='bbox 3743 5131 4004 5204; x_wconf 79' lang='grc' dir='ltr'>θεωρίαις</span> 
     </span>
    </p>
   </div>
   <div class='ocr_carea' id='block_1_114' title="bbox 2425 5214 4002 5290">
    <p class='ocr_par' dir='ltr' id='par_1_114' title="bbox 2425 5214 4002 5290">
     <span class='ocr_line' id='line_1_114' title="bbox 2425 5214 4002 5290; baseline 0.005 -24"><span class='ocrx_word' id='word_1_859' title='bbox 2425 5216 2939 5285; x_wconf 79' lang='grc' dir='ltr'>ἀποπληροὺμενοι,</span> <span class='ocrx_word' id='word_1_860' title='bbox 3020 5214 3348 5285; x_wconf 73' lang='grc' dir='ltr'>ᾡανοτάταις</span> <span class='ocrx_word' id='word_1_861' title='bbox 3406 5220 3554 5287; x_wconf 79' lang='grc' dir='ltr'>ἡμᾶς</span> <span class='ocrx_word' id='word_1_862' title='bbox 3604 5226 4002 5290; x_wconf 78' lang='grc' dir='ltr'>μαρμαρυγαῖς</span> 
     </span>
    </p>
   </div>
   <div class='ocr_carea' id='block_1_115' title="bbox 2429 5307 4005 5383">
    <p class='ocr_par' dir='ltr' id='par_1_115' title="bbox 2429 5307 4005 5383">
     <span class='ocr_line' id='line_1_115' title="bbox 2429 5307 4005 5383; baseline 0.006 -28"><span class='ocrx_word' id='word_1_863' title='bbox 2429 5307 2949 5374; x_wconf 77' lang='grc' dir='ltr'>περιαυγαζούσαις,</span> <span class='ocrx_word' id='word_1_864' title='bbox 2977 5309 3050 5370; x_wconf 79' lang='grc' dir='ltr'>ὡς</span> <span class='ocrx_word' id='word_1_865' title='bbox 3077 5310 3199 5372; x_wconf 83' lang='grc' dir='ltr'>τοὺς</span> <span class='ocrx_word' id='word_1_866' title='bbox 3219 5308 3466 5378; x_wconf 77' lang='grc' dir='ltr'>μαθητὰς</span> <span class='ocrx_word' id='word_1_867' title='bbox 3491 5313 3550 5363; x_wconf 83' lang='grc' dir='ltr'>ὲν</span> <span class='ocrx_word' id='word_1_868' title='bbox 3572 5313 3756 5383; x_wconf 77' lang='grc' dir='ltr'>ἐκείνῃ</span> <span class='ocrx_word' id='word_1_869' title='bbox 3782 5319 3852 5383; x_wconf 76' lang='grc' dir='ltr'><strong>τῇ</strong></span> <span class='ocrx_word' id='word_1_870' title='bbox 3871 5315 4005 5367; x_wconf 81' lang='grc' dir='ltr'>θειο-</span> 
     </span>
    </p>
   </div>
   <div class='ocr_carea' id='block_1_116' title="bbox 2427 5396 4002 5474">
    <p class='ocr_par' dir='ltr' id='par_1_116' title="bbox 2427 5396 4002 5474">
     <span class='ocr_line' id='line_1_116' title="bbox 2427 5396 4002 5474; baseline 0.009 -28"><span class='ocrx_word' id='word_1_871' title='bbox 2427 5396 2562 5465; x_wconf 71' lang='grc' dir='ltr'>τάτῃ</span> <span class='ocrx_word' id='word_1_872' title='bbox 2608 5399 3062 5468; x_wconf 74' lang='grc' dir='ltr'>μεταμορφώσειο</span> <span class='ocrx_word' id='word_1_873' title='bbox 3100 5400 3199 5470; x_wconf 78' lang='grc' dir='ltr'>τῆς</span> <span class='ocrx_word' id='word_1_874' title='bbox 3225 5401 3282 5454; x_wconf 74' lang='grc' dir='ltr'>δὲ</span> <span class='ocrx_word' id='word_1_875' title='bbox 3335 5403 3536 5471; x_wconf 79' lang='grc' dir='ltr'>νοητῆς</span> <span class='ocrx_word' id='word_1_876' title='bbox 3569 5405 3734 5457; x_wconf 80' lang='grc' dir='ltr'>αὑτοῦ</span> <span class='ocrx_word' id='word_1_877' title='bbox 3764 5408 4002 5474; x_wconf 80' lang='grc' dir='ltr'>φωτοδο-</span> 
     </span>
    </p>
   </div>
   <div class='ocr_carea' id='block_1_117' title="bbox 2614 5577 3119 5641">
    <p class='ocr_par' dir='ltr' id='par_1_117' title="bbox 2614 5577 3119 5641">
     <span class='ocr_line' id='line_1_117' title="bbox 2614 5577 3119 5641; baseline 0.002 -10"><span class='ocrx_word' id='word_1_878' title='bbox 2614 5577 2658 5607; x_wconf 81' lang='grc'>⁸⁸</span> <span class='ocrx_word' id='word_1_879' title='bbox 2683 5578 2827 5631; x_wconf 78' lang='lat' dir='ltr'><strong>Psal.</strong></span> <span class='ocrx_word' id='word_1_880' title='bbox 2869 5594 3008 5641; x_wconf 72' lang='lat' dir='ltr'><strong>xcvx,</strong></span> <span class='ocrx_word' id='word_1_881' title='bbox 3038 5578 3119 5632; x_wconf 75' lang='lat' dir='ltr'><strong>l2.</strong></span> 
     </span>
    </p>
   </div>
   <div class='ocr_carea' id='block_1_118' title="bbox 2663 5648 3116 5708">
    <p class='ocr_par' dir='ltr' id='par_1_118' title="bbox 2663 5648 3116 5708">
     <span class='ocr_line' id='line_1_118' title="bbox 2663 5648 3116 5708; baseline -0.002 -7"><span class='ocrx_word' id='word_1_882' title='bbox 2663 5648 2707 5678; x_wconf 79' lang='lat'>“</span> <span class='ocrx_word' id='word_1_883' title='bbox 2737 5648 2916 5703; x_wconf 88' lang='lat' dir='ltr'><strong>Eccle.</strong></span> <span class='ocrx_word' id='word_1_884' title='bbox 2944 5665 2998 5708; x_wconf 86' lang='lat' dir='ltr'><strong>v,</strong></span> <span class='ocrx_word' id='word_1_885' title='bbox 3030 5648 3116 5701; x_wconf 83' lang='lat' dir='ltr'><strong>l7.</strong></span> 
     </span>
    </p>
   </div>
   <div class='ocr_carea' id='block_1_119' title="bbox 3200 5579 4000 5644">
    <p class='ocr_par' dir='ltr' id='par_1_119' title="bbox 3200 5579 4000 5644">
     <span class='ocr_line' id='line_1_119' title="bbox 3200 5579 4000 5644; baseline 0.008 -13"><span class='ocrx_word' id='word_1_886' title='bbox 3200 5580 3241 5610; x_wconf 85' lang='lat'><strong>&quot;</strong></span> <span class='ocrx_word' id='word_1_887' title='bbox 3263 5579 3402 5632; x_wconf 89' lang='lat' dir='ltr'><strong>Psal.</strong></span> <span class='ocrx_word' id='word_1_888' title='bbox 3428 5595 3574 5644; x_wconf 76' lang='lat' dir='ltr'><strong>um,</strong></span> <span class='ocrx_word' id='word_1_889' title='bbox 3601 5581 3689 5635; x_wconf 84' lang='grc' dir='ltr'><strong>Η.</strong></span> <span class='ocrx_word' id='word_1_890' title='bbox 3784 5584 3831 5614; x_wconf 81' lang='grc'><strong>⁸³</strong></span> <span class='ocrx_word' id='word_1_891' title='bbox 3862 5583 4000 5637; x_wconf 78' lang='lat' dir='ltr'><strong>Psal.</strong></span> 
     </span>
    </p>
   </div>
   <div class='ocr_carea' id='block_1_120' title="bbox 3193 5647 3998 5712">
    <p class='ocr_par' dir='ltr' id='par_1_120' title="bbox 3193 5647 3998 5712">
     <span class='ocr_line' id='line_1_120' title="bbox 3193 5647 3998 5712; baseline 0.005 -12"><span class='ocrx_word' id='word_1_892' title='bbox 3193 5649 3237 5681; x_wconf 80' lang='grc'>⁸³</span> <span class='ocrx_word' id='word_1_893' title='bbox 3265 5647 3443 5703; x_wconf 80' lang='lat' dir='ltr'><strong>Eccie.</strong></span> <span class='ocrx_word' id='word_1_894' title='bbox 3471 5666 3566 5712; x_wconf 82' lang='lat' dir='ltr'><strong>vti,</strong></span> <span class='ocrx_word' id='word_1_895' title='bbox 3593 5651 3682 5703; x_wconf 77' lang='grc'><strong>15.</strong></span> <span class='ocrx_word' id='word_1_896' title='bbox 3764 5653 3810 5682; x_wconf 72' lang='grc'><strong><em>⁸⁵</em></strong></span> <span class='ocrx_word' id='word_1_897' title='bbox 3841 5654 3998 5706; x_wconf 87' lang='lat' dir='ltr'><strong>Prov.</strong></span> 
     </span>
    </p>
   </div>
   <div class='ocr_carea' id='block_1_121' title="bbox 3113 5719 3998 5792">
    <p class='ocr_par' dir='ltr' id='par_1_121' title="bbox 3113 5719 3998 5792">
     <span class='ocr_line' id='line_1_121' title="bbox 3113 5719 3998 5792; baseline 0.002 -20"><span class='ocrx_word' id='word_1_898' title='bbox 3113 5719 3156 5750; x_wconf 78' lang='lat'><strong>”</strong></span> <span class='ocrx_word' id='word_1_899' title='bbox 3193 5719 3351 5774; x_wconf 85' lang='lat' dir='ltr'><strong>Prov.</strong></span> <span class='ocrx_word' id='word_1_900' title='bbox 3380 5734 3467 5783; x_wconf 80' lang='lat' dir='ltr'><strong>xv,</strong></span> <span class='ocrx_word' id='word_1_901' title='bbox 3494 5720 3578 5773; x_wconf 80' lang='lat' dir='ltr'><strong>l7.</strong></span> <span class='ocrx_word' id='word_1_902' title='bbox 3680 5722 3724 5752; x_wconf 84' lang='lat'><strong>&#39;°</strong></span> <span class='ocrx_word' id='word_1_903' title='bbox 3759 5722 3998 5792; x_wconf 86' lang='lat' dir='ltr'><strong>Philipp.</strong></span> 
     </span>
    </p>
   </div>
  </div>
