4178 6424
183 426 197 476 ι
213 419 318 479 805

1208 419 1533 478 llOMILIA
1571 417 1742 476 CXX.
1787 442 1855 452 —
1883 418 1982 477 DE
2016 419 2421 480 PRIMITIIS.

3312 415 3452 482 18m

179 536 326 596 σίας,
363 536 422 584 ὲν
472 533 672 584 ἀπαθεῖ
727 535 819 586 καὶ
859 532 1009 600 ἀῦλῳ
1039 531 1116 600 τῷ
1149 530 1225 599 vi?»
1259 533 1576 600 μετέχοντες
1605 569 1621 592 ,
1673 529 1757 582 καῖ

1869 533 2188 602 guratione:
2226 531 2530 602 participes
2577 541 2762 585 autem
2795 531 3136 587 intellectilis
3182 533 3358 602 ipsius
3393 537 3448 587 in

176 628 275 694 τῆς
336 626 478 695 ὑπὲρ
523 625 646 676 νοῦν
682 623 949 686 ἑνώσεως,
1001 626 1058 675 ὲν
1107 626 1226 686 ταῖς
1278 623 1386 674 τῶν
1442 621 1762 690 περιφανῶν

175 715 441 779 ἀκτίνων,
490 714 790 782 ἀγνώστοις
849 715 948 768 καὶ
1007 715 1301 784 μακαρίοις
1340 713 1657 774 ἐπιϐουλαῖς
1703 713 1762 764 ἐν

175 809 431 877 θειοτέρα
467 808 696 876 μιμήσει
729 807 838 858 τῶν
887 808 1229 877 ἐπουρανίων
1274 805 1446 857 νοῶνο
1485 805 1760 872 ἰσάγγελοι

176 899 313 966 γὰρ,
360 901 435 962 ὡς
473 902 502 953 6
555 900 696 962 θεῖος
757 900 920 968 λόγος,
973 901 1099 969 ἔφη,
1179 897 1442 963 ἐσόμεθα,
1502 899 1596 950 καὶ
1655 898 1762 950 υἱοὶ

171 991 339 1053 (θεοῦ,
382 992 480 1060 τῆς
530 992 880 1054 ἀναστάσεως
927 993 1078 1054 ὄντες
1111 991 1240 1044 υἱοί.
1287 1009 1306 1041 ι
1370 990 1566 1052 Καλῶς
1597 985 1690 1042 οὖν
1733 991 1762 1041 ὁ

190 1083 624 1152 Ίίκκλησιαστὴς
653 1082 980 1152 διαγορεύει,
1015 1085 1223 1151 φήσας·
1261 1100 1278 1131 ι
1308 1081 1514 1144 Γλυκὺς
1538 1083 1564 1133 6
1595 1080 1761 1142 ὕπνος

175 1173 256 1240 τῷ
285 1173 480 1242 δούλῳ,
515 1176 562 1226 εἰ
589 1174 766 1240 ὀλίγον
801 1175 894 1226 καὶ
925 1177 971 1226 εἰ
1004 1175 1141 1227 πολὺ
1173 1177 1426 1242 φάγεται.
1471 1195 1488 1224 ι
1525 1174 1634 1226 Καὶ
1665 1176 1762 1225 έπ-

176 1266 304 1330 ἀγει
330 1281 342 1294 ο
383 1285 401 1316 ι
445 1266 629 1318 Ἔστιν
668 1266 949 1338 ἀρρωστία
984 1267 1050 1336 ἦν
1109 1268 1217 1320 ἴδον
1269 1268 1375 1320 ὑπὸ
1435 1269 1527 1318 cr).-
1583 1267 1757 1334 ἥλιον,

178 1353 413 1405 πλοῦτον
444 1354 854 1422 φυλασσόμενον
901 1356 978 1423 τῷ
1012 1356 1143 1425 παρ’
1196 1357 1385 1418 αὑτοῦ,
1437 1359 1516 1419 εἰς
1563 1358 1759 1408 κακίαν

174 1445 382 1496 αὑτοῦ·
420 1446 514 1497 καὶ
565 1445 846 1499 ἀπολεῖται
891 1447 922 1497 6
961 1447 1188 1510 πλοῦτος
1237 1450 1443 1510 ἐκεῖνος
1500 1452 1556 1500 ὲν
1600 1465 1758 1518 περι-

177 1535 421 1603 σπασμῷ
475 1535 727 1604 πονηρῴο
768 1537 859 1588 καί
893 1552 954 1601 γε
981 1542 1151 1589 πᾶσαι
1174 1541 1228 1590 αἱ
1262 1541 1464 1606 ἡμέραι
1513 1538 1676 1590 αὐτοῦ
1701 1541 1760 1590 ὲν

176 1627 383 1690 σκὸτει,
422 1629 518 1679 καὶ
574 1628 778 1685 πένθει,
812 1630 905 1680 καὶ
929 1628 1087 1698 θυμῴ
1117 1631 1296 1698 πολλῷ
1317 1633 1412 1684 καὶ
1435 1630 1716 1700 ἀρρωστία
1739 1646 1754 1661 ο

175 1722 272 1772 καὶ
313 1722 342 1772 ὁ
371 1720 570 1788 μόχθος
609 1720 770 1772 αὐτοῦ
799 1721 878 1782 εἰς
906 1722 1126 1790 ἄνεμον.
1193 1723 1407 1791 Ὥσπερ
1446 1726 1554 1792 γὰρ
1606 1741 1749 1793 παρ-

172 1811 402 1873 εγένετο
434 1811 663 1879 γυμνὸς,
690 1811 864 1874 οὕτως
881 1814 975 1866 καὶ
999 1812 1383 1866 ἀπελεύσεται.
1409 1815 1668 1878 Πολλάκις
1700 1817 1754 1868 δὲ

1871 637 1972 676 nos
2003 621 2194 678 causa:
2225 623 2386 686 lueis,
2421 632 2714 676 consortes
2741 637 2962 691 quoque
3007 624 3232 676 uuionis
3282 625 3447 678 intel-

1870 711 2076 764 lectum
2100 712 2258 781 longe
2291 710 2698 779 exsuperantis,
2735 710 2790 763 in
2821 709 2930 763 illis
2962 711 3249 764 constituti
3277 712 3446 764 nulli-

1868 801 2000 854 dum
2030 802 2269 870 cognitis
2297 818 2359 856 ac
2377 803 2552 856 beatis
2584 802 3056 871 ejaculatiouibus
3102 804 3218 858 sive
3261 805 3447 860 vibra-

1869 893 2070 947 meutis
2096 894 2504 961 prmuitentium
2534 895 2840 955 radiorum,
2865 895 2916 947 in
2967 895 3243 949 diviniore
3283 897 3450 950 coale-

1869 985 2034 1038 stium
2077 984 2344 1037 mentium
2397 984 2541 1038 felici
2597 985 2926 1040 inuitatione.
2980 986 3133 1040 Tune
3179 988 3352 1048 enim,
3388 997 3450 1041 ttt

1866 1078 2116 1130 divinum
2142 1077 2391 1130 asseruit
2426 1077 2690 1139 Verbum,
2727 1078 2943 1148 angelis
2967 1079 3210 1146 aequales
3238 1079 3451 1133 erimus

1865 1178 1921 1222 et
1958 1168 2052 1221 filii
2096 1167 2214 1229 Dei,
2265 1167 2717 1229 resurrectionis,
2773 1168 3018 1235 inquam,
3076 1168 3289 1220 erimus
3327 1168 3447 1222 lilii.

1868 1260 2159 1328 Eleganter
2193 1275 2324 1314 sane
2368 1259 2732 1313 eoueionatur
2775 1259 3173 1314 Ecclesiastes:
3212 1280 3230 1310 ι
3261 1260 3450 1314 Dulcis

1865 1366 2092 1406 somnus
2120 1353 2290 1413 servi,
2313 1351 2358 1404 si
2389 1342 2582 1420 parum
2613 1361 2670 1404 et
2698 1351 2742 1404 si
2779 1351 3012 1404 multum
3045 1352 3380 1406 comedet".
3421 1370 3442 1403 ι

1866 1442 2121 1496 ludueit:
2161 1462 2178 1491 ι
2216 1444 2314 1496 Est
2348 1444 2640 1497 iulirmitas
2671 1442 2968 1512 quamvidi
2995 1445 3099 1496 sub
3129 1445 3276 1496 sole:
3308 1445 3448 1498 divi-

1867 1535 1970 1588 tias
2019 1544 2468 1596 eouservautem,
2524 1544 2581 1587 et
2626 1536 2731 1588 hoc
2763 1551 2864 1589 suo
2916 1536 3106 1589 labore
3142 1536 3195 1588 itt
3239 1537 3446 1589 malum

1865 1627 2003 1680 sibi:
2034 1637 2088 1682 et
2120 1628 2387 1696 peribunt
2415 1626 2629 1680 divitize
2657 1627 2764 1680 illa:
2786 1628 2838 1680 iu
2871 1628 3236 1697 occupatione
3267 1628 3444 1682 mala:

1862 1727 1919 1771 et
1947 1728 2096 1772 certe
2133 1735 2328 1772 omnes
2377 1718 2498 1772 dies
2544 1719 2666 1788 ejus
2698 1720 2752 1772 in
2787 1721 3033 1773 tenebris
3068 1730 3125 1774 et
3182 1720 3336 1774 luctu
3389 1729 3449 1775 et

1865 1810 2245 1880 indignatione
2283 1812 2456 1865 multa
2479 1821 2536 1864 et
2559 1811 2880 1866 inﬁrmitate
2903 1829 2916 1865 :
2943 1822 2999 1866 et
3035 1813 3191 1865 labor
3239 1813 3363 1881 ejus
3390 1814 3444 1866 in

171 1903 278 1954 οὐκ
320 1903 627 1966 ἑξουσιάσει
659 1904 807 1973 αὐτῷ
828 1908 856 1958 6
883 1905 1018 1967 Θεὸς
1048 1907 1241 1973 φαγεῖν
1272 1907 1367 1959 ἀπ’
1396 1905 1580 1968 αὑτοῦ,
1639 1907 1755 1960 ἀλλ’

1862 1911 2087 1954 veutmn
2119 1903 2508 1957 transvolabit.
2546 1903 3021 1969 Quemadmodum
3044 1904 3192 1958 enim
3224 1905 3450 1959 advenit

173 1995 204 2043 ὀ
230 1994 381 2058 ξένος
405 1994 638 2062 φάγεται
663 1995 847 2047 αὐτόν.
887 1996 1033 2049 Διὸτι
1066 1997 1235 2065 πένης
1260 1993 1402 2049 οἶδεν
1424 2000 1757 2068 πορευθῆναι

176 2086 474 2139 κατέναντι
499 2087 597 2154 τῆς
624 2086 789 2155 ζωῆς.
829 2107 847 2137 ι
883 2089 991 2140 Καὶ
1013 2087 1173 2150 ἄλλος
1197 2104 1213 2120 ο
1243 2107 1261 2138 ι
1288 2090 1378 2158 Μὴ
1414 2091 1758 2159 μεριμνήσῃς

175 2177 313 2244 περὶ
341 2177 435 2228 τοῦ
466 2177 650 2246 αὔριον
672 2194 685 2206 ·
743 2180 803 2231 οὐ
839 2179 948 2247 γὰρ
978 2175 1126 2241 οἶδας
1162 2179 1212 2231 τί
1245 2179 1456 2241 τέξεται
1503 2182 1535 2250 ἡ
1571 2182 1757 2233 ἐπιοῦ-

176 2283 269 2319 σα.
295 2285 312 2316 ι
336 2268 443 2320 Καὶ
471 2268 652 2319 πάλιν·
668 2288 684 2316 ι
704 2269 795 2336 Μὴ
820 2268 883 2338 δὴ
901 2269 1202 2338 καυχάσθω
1218 2272 1299 2332 εἰς
1327 2268 1532 2340 αὔριον.
1553 2271 1625 2322 Οὐ
1651 2271 1760 2338 γὰρ

175 2354 328 2420 οἶδας
366 2360 420 2410 τί
479 2375 561 2411 σοι
592 2361 899 2427 ἀπαντήσει
923 2375 936 2388 ·
996 2360 1398 2429 παρελεύσεται
1455 2361 1563 2428 γὰρ
1591 2362 1618 2411 ὁ
1646 2359 1758 2427 βίος

175 2449 360 2517 ἡμῶν,
393 2449 468 2511 ὡς
497 2452 617 2519 ἴχνη
664 2451 894 2520 νεφέλης
921 2467 934 2481 ·
972 2453 1131 2514 σκιᾶς
1178 2451 1287 2522 γὰρ
1316 2451 1456 2516 ὁδὸς,
1509 2453 1536 2502 ὁ
1568 2451 1754 2523 καιρὸς

175 2542 360 2611 ἡμῶν.
405 2544 512 2595 Καὶ
541 2544 640 2595 οὐκ
668 2543 815 2594 ἔστιν
849 2544 1216 2613 ἀναποδισμὺς
1254 2543 1512 2611 τελευτῆς
1543 2544 1757 2613 ἀνθρώ-

175 2651 305 2686 που.
347 2653 365 2685 ι
417 2635 474 2684 ’0
509 2634 564 2685 δὲ
595 2635 797 2686 Δαυῗδ⁶
852 2654 870 2685 ι
913 2635 1231 2705 Ἰείπίρῤιψον
1282 2637 1373 2686 ἐπὶ
1407 2636 1608 2705 Κύριον
1658 2639 1757 2704 τὴν

178 2725 455 2794 μέριμναν
494 2743 610 2788 σου,
653 2726 748 2777 καὶ
777 2727 940 2788 αὐτός
983 2743 1040 2777 σε
1080 2725 1378 2794 διαθρέψει.
1409 2727 1482 2777 Οὐ
1517 2727 1625 2795 γὰρ
1649 2727 1758 2779 ἴδον

171 2815 391 2866 δίκαιον
450 2815 1033 2884 ἐγκαταλελειμμένον,
1087 2817 1206 2867 οὐδὲ
1238 2816 1298 2867 τὸ
1334 2817 1558 2886 σπέρμα
1591 2816 1756 2869 αὐτοῦ

175 2904 382 2973 ζητοῦν
408 2905 606 2975 ἄρτους
627 2923 641 2937 ·
673 2907 734 2958 ού
767 2905 1324 2974 καταισχυνθήσονται
1363 2906 1421 2956 ὲν
1450 2907 1626 2975 καιρῷ
1658 2923 1756 2958 πο-

176 2998 352 3066 νηρῷ,
399 2999 493 3050 καὶ
528 3001 587 3051 ὲν
622 2999 858 3066 ἡμέραις
909 2996 1070 3066 λιμοῦ
1123 2997 1607 3067 χορτασθήσονται.
1646 3000 1758 3066 Τὴν

174 3089 291 3158 γὰρ
316 3087 490 3158 θήραν
519 3088 690 3157 αὐτῆς
718 3087 977 3155 εὐλογῶν,
1010 3089 1313 3158 εὐλογήσω,
1338 3089 1430 3140 καὶ
1461 3091 1586 3151 τοὺς
1610 3106 1756 3140 πτω-

175 3179 309 3246 χοὺς
339 3179 512 3247 αὐτῆς
539 3179 790 3248 χορτάσω
825 3177 1010 3248 ἄρτον.
1046 3197 1066 3230 ι
1119 3179 1231 3230 Καὶ
1266 3181 1294 3231 6
1324 3179 1550 3248 Πέτρος,
1588 3199 1606 3229 ι
1646 3180 1756 3232 1Ιᾶ-

1860 1997 2064 2058 nudus,
2103 1997 2184 2050 sic
2216 1996 2506 2050 ctabibit:
2540 1997 2776 2051 subinde
2806 2014 2936 2050 vero
2966 2008 3297 2066 potestatem
3335 2015 3448 2054 non

1862 2087 2116 2140 dabitilli
2143 2089 2287 2141 Dens
2328 2098 2388 2142 ut
2424 2089 2677 2141 comedat
2711 2089 2779 2143 de
2819 2089 3006 2143 labore
3055 2105 3176 2153 suo,
3229 2091 3324 2144 sed
3361 2091 3444 2143 vel

1861 2189 2158 2233 extraneos
2213 2182 2466 2234 comedet
2520 2182 2670 2234 illius
2717 2181 2960 2234 divitias.
3015 2182 3248 2251 Propter
3295 2181 3446 2251 quod

1861 2287 2072 2339 panper
2106 2272 2260 2324 novit
2283 2286 2511 2338 pergere
2539 2271 2760 2324 obviam
2793 2272 3001 2325 vitae“.
3041 2291 3058 2323 ι
3083 2272 3241 2326 Alius
3275 2273 3443 2326 item:

1867 2382 1886 2412 ι
1924 2364 2001 2416 Ne
2035 2363 2309 2416 sollicitus
2329 2363 2406 2414 sis
2439 2363 2506 2415 de
2534 2363 2802 2425 crastino,
2835 2379 2944 2417 non
2989 2363 3136 2418 enim
3172 2364 3284 2417 scis
3309 2363 3443 2432 quid

1861 2455 2099 2508 crastina
2123 2455 2305 2522 pariet
2339 2455 2537 2508 dies".
2587 2475 2604 2506 ι
2638 2456 2874 2510 lterum:
2913 2474 2933 2506 ι
2975 2456 3097 2509 Noli
3127 2457 3349 2525 gloriari
3390 2457 3442 2510 in

1861 2541 2189 2602 crastinum,
2243 2556 2425 2610 neque
2482 2542 2630 2595 enim
2684 2544 2795 2597 scis
2846 2543 2978 2612 quid
3014 2544 3115 2597 tibi
3149 2553 3442 2599 occurret:

1863 2634 2123 2686 transibit
2149 2634 2297 2686 enim
2337 2636 2446 2687 vita
2479 2643 2668 2688 nostra
2698 2645 2955 2704 tanquam
2989 2636 3223 2707 vestigia
3255 2637 3445 2692 nubis.

1861 2725 2082 2779 Umbra:
2105 2725 2254 2777 enim
2289 2727 2398 2788 via,
2430 2736 2646 2795 tempus
2684 2737 2962 2790 nostrmn,
2991 2737 3048 2780 et
3088 2744 3196 2782 non
3222 2737 3309 2782 est
3355 2745 3446 2783 re-

1863 2814 2048 2866 versio
2093 2814 2218 2868 linis
2256 2815 2580 2868 hominis”.
2628 2836 2645 2866 ι
2697 2817 2866 2870 David
2914 2833 3170 2886 quoque:
3219 2837 3239 2870 ι
3290 2820 3446 2874 Jacta

1860 2918 2028 2974 super
2063 2905 2354 2959 Doiuiuum
2387 2923 2578 2960 curam
2607 2916 2780 2970 tuam,
2805 2915 2862 2962 et
2894 2910 3012 2978 ipse
3040 2917 3092 2964 te
3116 2910 3443 2964 enutriet":

1861 3009 1970 3045 non
2007 2995 2154 3046 enim
2190 2994 2300 3047 vidi
2334 2997 2544 3064 justum
2577 2996 2932 3060 derelictum,
2961 2988 3064 3053 nec
3098 3013 3287 3053 semen
3323 3001 3446 3070 ejus

1860 3099 2116 3150 qmercns
2170 3101 2373 3152 panes:
2429 3102 2540 3138 nou
2607 3087 3022 3142 conluudeutur
3075 3089 3131 3142 in
3197 3097 3444 3158 tempore

1863 3175 2033 3235 malo;
2065 3175 2159 3227 sed
2188 3175 2240 3228 in
2284 3176 2484 3229 diebus
2529 3175 2694 3230 famis
2729 3178 3151 3232 saturabuntur.
3183 3179 3446 3233 Venatio-

177 3286 284 3321 σαν
314 3269 412 3340 τὴν
448 3268 724 3340 μέριμναν
759 3269 911 3339 ὑμῶν
939 3270 1273 3340 ὲπιρῤίψατε
1312 3271 1398 3320 ἐπ’
1432 3270 1616 3333 αὐτὸν,
1675 3271 1755 3322 δτι

1863 3281 1987 3318 nem
2017 3268 2164 3320 enim
2206 3267 2544 3321 benedicens
2582 3268 2932 3335 lienedicam,
2997 3285 3272 3340 pauperes
3322 3273 3443 3342 ejus

175 3359 329 3428 αὐτῷ
378 3360 529 3428 μέλει
583 3361 711 3430 περὶ
755 3361 930 3428 ὑμῶν.
976 3380 994 3411 ι
1062 3361 1292 3430 Ὁμοίως
1327 3359 1422 3413 καὶ
1449 3361 1477 3412 ὁ
1508 3359 1755 3427 Παῦλος,

181 3467 200 3497 ι
241 3449 302 3500 '0
334 3448 556 3518 Κύριος,
593 3448 786 3515 λέγων,
815 3449 1016 3516 ἐγγὺς,
1059 3449 1226 3518 μηδὲν
1263 3452 1586 3519 μεριμνᾶτε.
1619 3452 1758 3504 ⁹Αλλ⁸

175 3543 237 3593 ἐν
272 3543 434 3592 παντὶ
481 3543 548 3610 τῇ
599 3543 875 3610 προσευχῇ
919 3543 1015 3594 καὶ
1040 3544 1105 3611 τῇ
1142 3543 1323 3611 δεήσει
1360 3542 1502 3610 μετά
1532 3541 1756 3611 εὐχαρι-

179 3633 340 3695 στίας
391 3632 462 3684 τά
533 3634 809 3702 αἰτήματα
865 3633 1021 3702 ὑμῶν
1079 3633 1432 3701 γνωριζέσθω
1483 3633 1618 3702 πρὸς
1668 3634 1758 3686 τὸν

173 3722 334 3776 θεόν.
368 3740 386 3772 ι
419 3722 530 3774 Καὶ
555 3719 712 3784 αὖθις
736 3736 749 3747 ·
784 3739 804 3774 ι
838 3721 1069 3784 Δυνατὸς
1101 3723 1157 3774 δὲ
1187 3725 1214 3774 ὁ
1239 3722 1371 3784 Θεὸς
1388 3724 1570 3776 πᾶσαν
1599 3724 1758 3792 χάριν

176 3811 540 3882 περισσεῦσαι
563 3813 642 3875 είς
671 3812 815 3882 ὑμᾶς
837 3829 850 3841 ·
882 3814 966 3865 ἵνα
996 3815 1054 3864 ἐν
1085 3814 1251 3866 παντὶ
1303 3815 1535 3867 πάντοτε
1576 3817 1758 3867 πᾶσαν

175 3900 512 3970 αὐτάρκειαν
541 3899 754 3970 ἔχοντες
779 3901 1176 3971 περισσεύσητε
1199 3905 1278 3964 εἰς
1301 3904 1409 3954 πᾶν
1441 3904 1602 3973 ἑργον
1626 3905 1760 3971 ἀγα-

173 3991 288 4044 θόν.
304 4010 324 4043 ι
348 3992 454 4045 Καὶ
477 3993 506 4044 6
535 3991 759 4062 Κύριος,
778 4011 795 4043 ι
817 3993 907 4063 Μὴ
929 3994 1303 4062 μεριμνήσητε
1327 3995 1394 4062 τῇ
1412 3993 1559 4064 ψυχῇ
1583 3994 1755 4063 ὑμῶν,

173 4083 228 4134 τί
262 4082 500 4152 φάγητε,
531 4083 563 4152 ἢ
597 4083 651 4135 τί
677 4084 864 4154 πίητε,
898 4084 1033 4153 μηδὲ
1053 4083 1130 4152 τῷ
1162 4085 1374 4153 σώματι
1403 4085 1555 4148 ὑμῶν
1584 4087 1634 4138 τί
1669 4087 1756 4138 ὲν-

171 4170 446 4238 δύσησθε·
482 4165 623 4224 οἶδεν
647 4171 758 4241 γὰρ
807 4174 836 4224 ὁ
881 4171 1068 4241 Πατὴρ
1104 4171 1260 4241 ὑμῶν
1291 4174 1319 4224 ὁ
1363 4173 1631 4243 οὐράνιος,
1679 4176 1756 4227 ὅτι

172 4261 409 4332 χρῄζετε
456 4262 660 4314 τούτων
713 4263 1006 4314 ἀπάντων·
1045 4264 1264 4333 ζητεῖτε
1297 4263 1354 4314 δὲ
1395 4265 1610 4332 πρῶτον
1662 4265 1759 4332 τὴν

175 4350 462 4420 βασιλειαν
494 4352 604 4406 τῶν
632 4353 902 4424 οὐρανῶν,
937 4355 1034 4407 καὶ
1075 4355 1250 4409 ταῦτα
1301 4357 1480 4408 πάντα
1529 4373 1760 4426 προστε-

174 4441 404 4512 θήσεται
465 4443 613 4514 ὑμῖν.
652 4463 672 4496 ι
725 4445 885 4514 Λύτῷ
927 4447 962 4514 ἡ
1019 4445 1146 4512 δόξα
1209 4447 1290 4510 είς
1346 4447 1470 4509 τοὺς
1532 4446 1755 4511 αἰῶνας.

188 4533 382 4603 Ἀμήν.

1741 4631 1744 4636 -
1793 4603 1835 4656 D

762 4836 982 4889 ΛΟΓΟΣ
1017 4837 1148 4892 ΡΚ’.

713 4949 852 5016 Περὶ
881 4949 1186 5019 ἀπαρχῶν.

245 5060 381 5130 Περὶ
399 5060 509 5112 τῶν
534 5062 816 5132 ἀπαρχῶν,
847 5065 978 5116 πᾶσι
1013 5065 1232 5132 τρόποις
1257 5063 1754 5133 κεχρεωστὴκαμεν

171 5154 239 5205 τὰ
278 5153 346 5204 ἐκ
374 5152 468 5204 τοῦ
500 5153 636 5205 Θεοῦ
668 5154 744 5223 τῷ
786 5154 905 5224 Θεῷ
954 5156 1284 5225 προσφέρειν
1329 5156 1394 5208 ἐκ
1441 5155 1549 5206 τῶν
1610 5154 1753 5207 ἰδίων

171 5245 461 5313 καμάτων,
505 5247 598 5298 καὶ
627 5247 692 5297 ἐκ
719 5246 817 5315 τῆς
843 5245 1048 5314 ἰσχύος,
1097 5242 1162 5316 ἧς
1195 5246 1355 5308 αὐτὸς
1411 5246 1751 5315 ὲπιχορηγεί,

169 5339 270 5390 καὶ
304 5337 364 5401 ἐξ
392 5329 466 5388 ὧν
499 5338 658 5399 αὐτὸς
688 5337 1084 5406 προνοούμενος
1113 5338 1388 5406 φροντίζει
1414 5337 1590 5405 ἡμῶν,
1612 5334 1754 5387 κατὰ

169 5433 272 5499 τὴν
303 5430 550 5498 Γραφὴν·
592 5449 610 5480 ι
643 5430 788 5499 Τίμα
817 5430 947 5500 γὰρ,
982 5431 1134 5500 φησὶ,
1170 5429 1261 5481 τὸν
1295 5428 1522 5496 Κύριον,
1548 5430 1611 5480 ἐκ
1645 5427 1754 5479 σῶν

167 5522 354 5572 πόνων
384 5521 632 5580 δικαίων,
669 5521 764 5572 καὶ⁹
810 5523 1060 5589 ἀπάρχου
1110 5518 1258 5587 αὐτῷ
1301 5520 1365 5571 ὲκ
1391 5519 1499 5570 σῶν
1525 5519 1752 5586 καρπῶν

162 5610 543 5682 δικαιοσύνης,
580 5612 664 5665 ἵνα
693 5612 1117 5682 ὲμπιμπλῶνται
1146 5612 1214 5664 τά
1243 5610 1468 5680 ταμιείἀ
1489 5627 1580 5662 σου
1617 5610 1753 5678 πλη-

244 5749 292 5778 ¹¹³
323 5747 504 5804 Eecle.
547 5765 602 5809 v,
634 5749 720 5802 ll.
794 5750 844 5780 ’δ
869 5749 1049 5803 Ecele.
1079 5765 1153 5808 vt,
1182 5751 1232 5803 8.
1325 5750 1372 5782 ⁷⁵
1395 5749 1502 5802 lsa.
1532 5765 1607 5807 tv.
1643 5751 1730 5803 M.

166 5821 213 5849 "
247 5818 264 5870 Ι
293 5818 442 5871 Petr.
487 5835 540 5877 v,
566 5821 616 5871 7.
693 5819 740 5850 “
767 5819 1001 5887 Philipp.
1033 5835 1105 5874 tv.
1141 5821 1194 5878 Ii,
1228 5819 1282 5872 6.

1361 5821 1402 5850 ’"
1432 5819 1472 5872 ll
1496 5818 1621 5874 Cor.
1659 5835 1733 5882 Ix,
1768 5817 1820 5880 8,
1861 5819 1914 5870 9.

1864 3355 2127 3410 saturabo
2158 3355 2476 3424 panibus".
2517 3374 2535 3405 ι
2573 3357 2772 3410 Petrus
2806 3357 2970 3411 item:
3011 3375 3028 3408 ι
3059 3357 3288 3412 Omnem
3330 3359 3445 3412 sol-

1862 3446 2210 3500 licitudincm
2259 3457 2499 3500 vestram
2557 3448 2813 3517 projicite
2859 3449 2914 3502 iu
2961 3465 3124 3513 eum,
3158 3450 3288 3519 quia
3338 3450 3443 3519 ipsi

1861 3552 1991 3590 cura
2022 3537 2132 3591 erit
2162 3537 2231 3590 de
2267 3537 2502 3591 vobis".
2532 3557 2549 3587 ι
2586 3539 2698 3593 Nec
2731 3540 2892 3593 aliter
2930 3540 3166 3594 Paulus:
3209 3557 3228 3591 ι
3255 3541 3444 3594 Domi-

1861 3639 1969 3676 nus
2020 3640 2195 3694 prope
2230 3633 2336 3687 est,
2389 3625 2528 3678 nihil
2575 3627 2800 3680 solliciti
2859 3627 3004 3692 sitis,
3040 3628 3137 3683 sed
3195 3629 3248 3683 in
3293 3631 3443 3685 omni

1861 3719 2112 3770 oratione
2165 3727 2220 3772 et
2273 3718 2664 3772 obsecratione
2719 3719 3016 3787 petitiones
3073 3729 3273 3776 vestrae
3315 3738 3443 3778 cum

1860 3808 2160 3875 gratiarum
2209 3807 2425 3862 actione
2494 3809 2848 3863 inuotescant
2900 3810 3049 3878 apud
3087 3810 3260 3865 Deum
3291 3809 3359 3866 λθ.
3418 3834 3437 3862 ι

1862 3898 2104 3953 Rursus:
2138 3918 2156 3949 ι
2189 3900 2390 3954 Potens
2420 3908 2606 3954 autem
2655 3910 2742 3955 est
2768 3901 2914 3955 Deus
2952 3917 3176 3956 omnem
3210 3903 3442 3972 gratiam

1859 3991 2318 4057 superabundare
2369 3991 2556 4046 facere
2613 3992 2667 4044 in
2714 3991 2913 4055 vobis,
2965 4003 3026 4047 ut
3081 3992 3135 4046 iu
3181 3994 3443 4048 omnibus

1859 4097 2080 4136 omnem
2103 4080 2487 4135 sollicientiam
2520 4082 2811 4147 habentes,
2852 4083 3153 4138 abundetis
3190 4083 3246 4137 in
3276 4099 3441 4140 onme

1859 4185 2000 4239 opus
2030 4170 2319 4223 bonum“.
2364 4189 2382 4220 ι
2412 4170 2870 4226 Dominusitem:
2930 4189 2948 4222 ς
2993 4172 3173 4226 Nolite
3215 4173 3442 4230 solliciti

1858 4275 1980 4314 esse
2003 4261 2200 4314 animae
2221 4268 2416 4313 vestra:
2435 4260 2568 4328 quid
2608 4259 2954 4314 manducetis
2996 4269 3092 4314 aut
3120 4262 3252 4331 quid
3284 4261 3441 4316 biba-

1862 4351 1953 4414 tis,
1985 4367 2163 4421 neque
2187 4351 2402 4420 corpori
2431 4364 2634 4415 vestro,
2664 4366 2786 4420 qua:
2809 4351 3142 4405 induamini:
3165 4353 3268 4406 scit
3292 4353 3442 4406 enim

1859 4446 2023 4500 Pater
2060 4457 2240 4500 vester
2267 4447 2534 4510 caalestis,
2563 4448 2693 4515 quia
2725 4447 2812 4501 bis
2847 4447 3112 4502 omnibus
3141 4447 3439 4516 indigetis:

1859 4540 2089 4607 quaerite
2124 4549 2306 4593 autem
2352 4538 2589 4607 primum
2633 4554 2862 4608 regnum
2892 4540 3182 4603 caelorum,
3237 4547 3293 4594 et
3325 4539 3442 4594 haec

1859 4632 2045 4684 omnia
2069 4630 2402 4701 adjicientur
2437 4629 2678 4683 vobis".
2730 4651 2746 4680 ι
2785 4630 2893 4699 Ipsi
2918 4631 3090 4702 gloria
3121 4632 3177 4684 in
3215 4631 3436 4685 sarcula.

1861 4721 2056 4776 Amen.

2276 4834 2491 4906 122ᾰ
2526 4835 2809 4889 llOMlLlA
2849 4834 3012 4890 CXX.

2458 4949 2534 5002 De
2561 4948 2828 5018 primitiis.

1927 5065 2203 5132 Quantum
2260 5063 2454 5117 attinet
2498 5063 2562 5116 ad
2609 5063 2909 5131 primitias,
2961 5061 3050 5115 liis
3088 5058 3442 5116 exsolvendis

1859 5157 2037 5210 modis
2092 5155 2354 5210 omnibus
2406 5153 2827 5222 obstringimur,
2882 5170 2948 5207 ex
3004 5153 3090 5208 his
3135 5153 3438 5207 etiamnum

1857 5261 1979 5314 qua:
2006 5254 2137 5298 sunt
2165 5244 2390 5313 proprio
2418 5259 2540 5312 qua:
2561 5246 2666 5298 sita
2694 5243 2905 5307 labore,
2931 5258 2998 5297 es
3030 5242 3281 5312 corporis
3307 5241 3444 5294 viri-

1861 5339 1985 5399 bus,
2005 5353 2147 5406 quas
2190 5338 2425 5406 benigne
2457 5336 2573 5404 ipse
2601 5337 2923 5406 suppeditat
2958 5335 3248 5399 Dominus,
3272 5348 3442 5404 quas-

1860 5443 1967 5494 que
1995 5442 2092 5480 sua
2129 5425 2301 5479 solius
2353 5424 2707 5494 providentia
2769 5425 3034 5494 suggerit.
3081 5423 3214 5478 dum
3262 5421 3439 5476 nostri

1860 5519 2149 5587 providam
2197 5517 2308 5586 agit
2357 5531 2583 5578 curam,
2637 5517 2793 5586 juxta
2846 5516 3147 5586 Scriptura:
3191 5524 3438 5568 tenorem

1861 5606 2137 5662 dicentis:
2173 5625 2190 5657 ι
2227 5606 2443 5659 llonora
2467 5605 2758 5660 Dominum
2794 5606 2863 5661 de
2899 5605 3008 5659 tuis
3042 5606 3208 5677 jnstis
3233 5603 3440 5658 labori-

1834 5747 1878 5778 ’⁷⁸
1900 5747 2025 5818 Sap.
2052 5762 2112 5818 ll,
2138 5746 2190 5800 5.

1991 5818 2035 5849 ⁶²
2069 5815 2202 5870 Luc.
2234 5828 2336 5876 xu,

2288 5743 2332 5774 "
2369 5743 2512 5796 Psal.
2556 5759 2664 5812 LIV,
2689 5746 2779 5800 25.
2880 5746 2926 5777 ⁷⁸
2950 5743 3090 5799 Psal.
3118 5758 3302 5809 xxxvv,
3350 5741 3437 5795 l9.

2413 5815 2503 5880 τι),
2538 5813 2626 5868 si.
