4178 6424
221 384 240 444 ι
252 382 356 444 ὅθί)

1149 382 1475 443 ῙΙΟΜΙΙᾸᾹ
1515 382 1720 444 CXVI.
1744 406 1814 420 --
1843 382 1941 445 DE
1983 381 2591 444 PROPITIATIONE.

3343 377 3485 443 1810

201 489 599 560 ταπεινωμένῳ
623 505 637 520 ο
668 489 799 543 Ἐὰν
844 489 1017 553 οὕτως
1049 488 1436 561 ὁλακαυτώσῃς
1474 490 1700 544 σεαυτὸν
1725 490 1781 562 rt]

1907 506 2034 549 cum
2070 491 2490 561 Operationibus
2527 489 2649 551 vim,
2682 488 2797 543 sive
2839 488 3280 543 conversationis
3330 500 3477 544 recta

199 581 345 651 θεῷ,
375 582 724 653 ἀποκαθαίρῃ
765 581 867 652 μὲν
914 580 1014 645 τὰς
1069 582 1277 653 λέπρας
1303 580 1413 635 τῶν
1463 581 1789 653 ἀκαθάρτων

199 675 417 736 παθῶν,
475 676 600 746 γίνῃ
632 675 690 727 δὲ
746 675 1136 746 θυσιαστήριον
1183 675 1277 727 καὶ
1320 673 1448 734 ναδς
1500 673 1599 726 τοῦ
1629 675 1786 741 ἁγίου

211 766 553 835 Πνεύματος,
595 768 689 819 καὶ
720 765 940 828 ἀκούεις
978 781 992 795 ⁸
1027 786 1044 815 ο
1075 767 1316 832 ’¹Υπαγε,
1346 765 1574 817 σεαυτὸν
1615 765 1789 829 δεῖξον

198 857 277 923 τῷ
303 859 458 925 ἱερεῖ,
502 877 519 908 ι
543 858 617 926 τῷ
642 856 884 927 Χριστῷ,
905 875 922 906 ι
961 858 1054 909 καὶ
1076 859 1442 925 προσενεγκαι
1460 860 1521 910 τὸ
1546 857 1741 928 δῶρον,
1763 858 1793 910 ὃ

197 948 536 1014 προσέταξέν
580 964 660 999 σοι
703 948 781 1017 τῷ
822 948 880 1000 ὲν
906 948 1174 1016 πνεύματι
1200 947 1438 1016 Ἰουδαίῳ
1463 968 1480 998 ι
1510 948 1538 999 ὁ
1561 948 1787 1015 Μωσῆς,

199 1042 278 1101 είς
317 1040 640 1109 μαρτύριον,
669 1060 686 1092 ι
752 1037 819 1112 ἧς
869 1041 1057 1110 ἔτυχες
1087 1040 1378 1103 υἱοθεσίας.
1414 1040 1572 1110 Δὺτῷ
1604 1039 1789 1109 ὴδὸξα

194 1136 275 1194 είς
305 1136 432 1196 τοὺς
459 1135 681 1197 αἰῶνας.
708 1135 905 1204 ’Λμήν.

196 1218 444 1287 Spiritus
482 1222 679 1276 sancti.
721 1222 933 1276 Audies
974 1221 1083 1276 dici
1157 1222 1290 1276 tibi:
1347 1241 1364 1272 ι
1402 1221 1545 1275 Vadc
1570 1263 1583 1279 .

1897 586 1964 641 ad
1995 585 2164 639 vitam
2188 584 2577 653 provehentis;
2613 596 2834 636 omnem
2863 579 3003 635 offer
3023 580 3192 634 animi
3243 594 3477 649 concep-

1897 678 2131 739 tionem,
2171 676 2242 729 da
2278 675 2355 729 illi
2400 690 2568 744 opera
2620 673 2828 738 onmia,
2868 681 2927 727 et
2973 680 3183 727 motum
3227 671 3480 741 corporis

1898 776 2067 836 atquc
2099 763 2621 834 contemplationem
2656 764 2769 818 Deo
2817 762 3253 818 consecrandam
3300 769 3479 816 trans-

1892 858 2043 913 cribo
2087 856 2256 911 corde
2302 856 2561 910 contrito.
2594 855 2857 925 Teipsum
2905 854 2953 909 si
2993 853 3075 908 sic
3114 853 3171 907 in
3206 852 3477 908 holocau-

1893 962 2069 1005 stoma
2110 949 2382 1004 obtuleris
2415 950 2552 1011 Deo,
2586 948 2797 1017 lepram
2844 946 3041 1001 anima:
3076 954 3184 999 tua:
3233 944 3480 1014 pressius

1891 1042 2364 1095 adluercscentcm
2420 1080 2435 1101 ,
2519 1038 2789 1093 obscenas
2854 1037 3123 1092 nimirum
3192 1033 3479 1107 passiones

1893 1132 2220 1202 cxpurgabit
2247 1150 2259 1186 :
2285 1131 2525 1185 cliicicre
2548 1140 2733 1185 autem
2762 1139 2821 1183 tu
2852 1130 3046 1191 altare,
3072 1129 3184 1182 imo
3208 1127 3476 1197 templum

1660 1219 1890 1275 ostende
1934 1220 2168 1289 tcipsum
2217 1220 2490 1275 sacerdoti
2528 1239 2546 1270 ι
2598 1219 2693 1289 qui
2723 1219 2978 1274 Christus
3013 1226 3128 1283 est,
3173 1237 3192 1270 ι
3242 1227 3299 1272 et
3340 1216 3479 1270 olTer

195 1328 402 1365 munus
428 1312 574 1381 quod
613 1312 872 1381 pncccpit
944 1313 1175 1384 Moyses,
1210 1334 1228 1365 ι
1278 1313 1329 1367 ei
1395 1314 1490 1380 qui
1524 1315 1577 1365 in
1630 1312 1830 1381 spiritu
1867 1311 2093 1367 Iudaeus
2136 1321 2240 1376 est,
2275 1330 2294 1363 ι
2362 1312 2417 1365 in
2454 1312 2830 1367 testimonium
2891 1312 2906 1343 ¹
2945 1330 2963 1361 ι
3008 1311 3129 1380 ejus
3164 1308 3479 1379 ad0ptionis

192 1420 362 1472 quam
395 1415 682 1458 assecutus
710 1418 791 1457 es.
833 1405 935 1473 Ipsi
962 1406 1133 1474 gloria
1171 1406 1223 1458 in
1258 1405 1477 1460 secula.
1508 1404 1703 1459 Amen.

783 1519 1004 1571 ΛΟΓΟΣ
1038 1519 1211 1574 PKA'.

728 1631 862 1697 Περὶ
910 1630 1268 1699 ἐειλασμοῦ.

2416 1513 2705 1568 IIOMIIJA
2760 1513 2949 1567 CXXI.

2173 1627 2247 1681 De
2294 1628 2671 1697 propitiatione
2723 1642 2813 1679 seu
2867 1626 3187 1695 placatione.

262 1742 395 1795 Δέον
423 1743 572 1795 ἐστὶν
589 1743 679 1795 τὸν
703 1741 852 1811 ἱερέα
872 1742 1089 1811 πρῶτον
1123 1743 1262 1813 ὑπὲρ
1283 1743 1475 1796 ἑαυτοῦ
1501 1742 1781 1809 ὲξιλεὼσα·

1964 1740 2201 1795 Necesse
2239 1738 2335 1803 sit,
2372 1746 2434 1793 ut
2462 1754 2565 1808 pro
2616 1737 2734 1791 suis
2756 1737 2997 1805 primum
3027 1736 3274 1806 peccatis
3304 1736 3474 1791 Deum

190 1837 321 1887 σθαι
348 1835 442 1887 τὸν
481 1834 636 1894 Θεὸν,
666 1832 761 1886 καὶ
782 1831 955 1895 οὕτως
983 1833 1125 1903 ὑπὲρ
1153 1833 1248 1887 τοῦ
1289 1833 1441 1887 λαοῦ.
1480 1831 1609 1886 Εἶτα
1644 1832 1787 1885 κατά

187 1927 290 1998 τὴν
324 1926 542 1996 ἐντολὴν
565 1924 659 1979 τοῦ
694 1926 898 1995 Κυρίου
928 1926 1207 1992 λέγοντοςο
1252 1946 1269 1977 ι
1297 1926 1611 1997 Καθάρισον
1634 1924 1784 1993 πρῶ-

187 2039 281 2073 τον
303 2020 367 2072 τὸ
392 2021 541 2083 ἐντὸς
575 2019 667 2073 τοῦ
694 2018 978 2090 ποτηρίου,
1016 2021 1108 2073 καὶ
1133 2019 1254 2073 τότε
1280 2020 1340 2072 τὸ
1391 2020 1568 2080 ἐκτός.
1608 2038 1625 2071 ι
1663 2017 1785 2080 Πῶς

187 2114 302 2183 γὰρ
321 2112 543 2165 δύναταί
576 2129 661 2174 τις
709 2112 1171 2181 ίλεωποιήσασθαι
1200 2112 1291 2163 τὸν
1340 2111 1474 2163 Θεὸν
1514 2110 1657 2181 ὑπὲρ
1684 2110 1780 2164 ἆλ-

186 2206 307 2265 λου,
352 2204 401 2255 εί
434 2203 508 2271 μὴ
544 2201 760 2270 πρῶτον
786 2202 927 2272 ὑπὲρ
950 2202 1146 2255 ἑαυτοῦ
1178 2218 1193 2266 ;
1243 2200 1402 2254 τοῦτο
1430 2202 1538 2271 γὰρ
1575 2201 1668 2255 καὶ
1690 2199 1780 2252 νό-

190 2295 363 2364 μιμόν
396 2297 565 2357 ἐστιν,
613 2292 795 2355 καθώς
822 2310 988 2363 φησιν
1010 2296 1038 2346 ό
1063 2294 1305 2362 Μωῡσῆς
1355 2293 1491 2362 πρὸς
1542 2290 1786 2363 Ἀαρὼν,

182 2388 280 2439 τὸν
300 2385 529 2452 ἀδελφὺν
548 2384 737 2436 αὐτοῦ’
766 2402 783 2433 ι
808 2384 1181 2453 Προσὲνεγκαι
1197 2385 1258 2437 τὸ
1276 2384 1639 2454 ὁλοκαύτωμά
1668 2401 1785 2448 σου,

186 2477 285 2528 καὶ
306 2474 531 2544 ἐξιλάσῃ
553 2473 682 2544 περὶ
698 2472 860 2525 αὐτοῦ
886 2473 982 2526 καὶ
997 2473 1091 2525 τοῦ
1112 2474 1261 2525 οἴκου
1291 2490 1408 2538 σου,
1425 2476 1519 2526 καὶ
1537 2475 1783 2539 ποιήσεις

184 2570 256 2620 τὶ
294 2567 445 2635 δῶρα
488 2566 617 2635 περὶ
671 2564 765 2617 τοῦ
797 2564 951 2627 λαοῦ,
986 2565 1080 2617 καὶ
1108 2564 1331 2635 ἐξιλάσῃ
1358 2566 1488 2634 περὶ
1518 2562 1715 2617 αὑτοῦ·
1757 2582 1774 2613 ι

183 2662 353 2728 δῆλον
370 2660 427 2712 δὲ
448 2660 531 2712 ὅτι
557 2660 647 2712 ὅτε
674 2659 863 2711 ἑαυτὸν
890 2658 1202 2727 ἐκάθαιρεν,
1234 2659 1329 2709 καὶ
1364 2658 1491 2720 τοὺς
1522 2656 1782 2720 οἰκείους,

185 2754 314 2806 τότε
357 2752 541 2803 λοιπὸν
600 2750 805 2817 ἐξάρας
860 2748 1075 2819 ’Λαρὼν
1106 2749 1205 2811 τὰς
1248 2750 1437 2817 χεῖρας
1487 2747 1781 2815 εὐλόγησεν

186 2844 285 2895 τὸν
327 2843 476 2897 λαόν.
520 2842 581 2893 Ὀ
606 2842 662 2895 δὲ
694 2838 982 2911 Ὶεξεκιὴλ,
1036 2840 1303 2909 περὶτῶν
1353 2839 1545 2908 ἱερέων
1579 2838 1780 2907 ἔφησεν

184 2934 393 2996 οὕτως,
436 2952 455 2985 ι
492 2928 648 2987 Οἶνον
680 2932 755 3003 μὴ
776 2933 973 2985 πίωσιν
1020 2934 1131 2995 πᾶς
1172 2932 1370 3002 ἱερεὺς,
1403 2934 1463 2985 ὲν
1494 2931 1570 3001 τῷ
1596 2934 1782 2985 εἰσπο-

1894 1833 2077 1887 flectat
2109 1840 2167 1887 et
2207 1832 2538 1901 rcpropitiet
2599 1828 2865 1884 sacerdos
2887 1846 2900 1881 :
2925 1838 3091 1898 atquc
3123 1828 3333 1881 utinam
3359 1828 3472 1881 sic:

1892 1926 2093 1981 deinde
2123 1941 2223 1994 pro
2253 1924 2641 1995 populi,juxta
2673 1921 2894 1975 Domini
2926 1920 3247 1975 mandatum
3282 1919 3475 1975 dicen-

1894 2020 1963 2073 tis
1996 2036 2009 2073 :
2061 2037 2079 2069 ι
2107 2017 2305 2071 Munda
2336 2017 2494 2086 prius
2519 2014 2668 2084 quod
2706 2014 2856 2067 intus
2900 2023 2987 2068 est
3017 2013 3230 2077 calicis,
3262 2020 3318 2066 et
3343 2021 3476 2066 tunc

1892 2110 2039 2180 quod
2086 2110 2298 2164 deforis
2331 2109 2372 2162 '.
2420 2126 2438 2157 ι
2494 2106 2600 2173 Qui
2649 2106 2799 2161 enim
2852 2104 3027 2175 possit
3076 2119 3223 2158 unus
3272 2104 3481 2173 aliquis

1894 2205 2037 2257 irato
2076 2202 2375 2256 adversum
2427 2214 2487 2254 se
2532 2200 2644 2253 Deo
2690 2214 2754 2254 ac
2792 2198 2937 2251 male
2966 2196 3209 2266 propitio
3238 2211 3340 2264 pro
3375 2212 3475 2264 pn-

1893 2294 2007 2359 puli
2051 2307 2283 2349 exorare
2333 2292 2613 2361 peccatis?
2641 2289 2793 2345 Oﬂ‘er
2838 2290 3257 2343 holocaustoma
3294 2298 3472 2347 tuum.

1889 2396 1944 2439 et
2004 2385 2211 2455 populo
2261 2382 2594 2437 conciliabis
2647 2381 2917 2450 placabile
2969 2394 3198 2433 numen.
3250 2378 3472 2444 Liquet,

1889 2478 2037 2547 quod
2074 2479 2119 2531 si
2163 2477 2210 2529 is
2256 2475 2499 2545 primum
2543 2488 2672 2527 snas
2718 2472 2873 2526 cluat
2918 2470 3135 2535 sordes,
3195 2471 3387 2539 utique
3418 2477 3477 2523 et

1889 2568 2225 2624 domesticos
2270 2566 2624 2637 expurgabit.
2665 2563 2823 2619 Tunc
2868 2563 3156 2633 deinceps,
3204 2562 3283 2616 ait
3327 2560 3477 2615 Scri—

1892 2670 2072 2731 ptura,
2099 2659 2333 2715 elevatis
2364 2659 2549 2715 Aaron
2574 2657 2834 2711 manibus
2864 2654 3163 2709 benedicct
3192 2654 3400 2723 popqu
3428 2656 3468 2705 ³.

1888 2752 2145 2808 Ezechiel
2204 2751 2438 2821 proinde
2468 2749 2536 2804 ad
2567 2750 2718 2803 hunc
2748 2748 2972 2803 locutus
3021 2756 3110 2801 est
3144 2744 3370 2801 modum
3403 2744 3479 2797 de

1885 2844 2173 2898 sacerdote
2210 2859 2224 2895 :
2265 2859 2284 2893 ι
2320 2842 2524 2895 Vinum
2568 2855 2679 2893 non
2718 2838 2876 2893 hibet
2908 2837 3192 2902 sacerdos,
3247 2837 3473 2905 quando

1886 2934 2199 3004 ingreditur
2228 2933 2431 2987 atrium
2460 2931 2698 2985 interius
2724 2931 2767 2983 ⁵.
2802 2947 2820 2979 ι
2853 2929 3155 2999 Apostolus
3190 2928 3321 2982 item
3357 2928 3469 2982 ait:

187 3026 445 3096 ρεύεσθαι
476 3025 674 3084 αὐτοὺς
699 3025 777 3086 εἰς
805 3024 902 3093 τὴν
928 3024 1094 3094 αὐλὴν
1128 3023 1225 3094 τὴν
1254 3023 1548 3093 ἐσωτέραν.
1593 3042 1611 3073 ι
1667 3024 1778 3075 Καὶ

1891 3047 1909 3079 ι
1944 3026 2422 3094 Quemadmodum
2466 3022 2718 3094 pontifex
2746 3022 2903 3092 prius
2932 3037 3035 3092 pro
3066 3021 3309 3090 peccatis
3341 3037 3471 3089 pro-

182 3124 212 3172 ο
257 3117 586 3180 ’Λπόστολος
612 3133 625 3146 ⁸
657 3135 674 3167 ι
716 3117 926 3184 Ὥσπερ
976 3117 1026 3169 οί
1056 3117 1354 3187 ἀρχιερεῖς,
1411 3117 1597 3185 φησὶν,
1646 3116 1777 3182 πρό-

181 3229 346 3281 τερον
376 3210 517 3279 ὑπὲρ
548 3210 657 3261 τῶν
690 3209 837 3261 ίδίων
859 3208 1142 3277 ἁμαρτιῶν
1171 3208 1364 3270 θυσίας
1387 3207 1775 3277 ἀναφέρουσιν,

186 3307 382 3356 ἔπειτα
416 3302 557 3373 ὑπὲρ
578 3301 690 3354 τῶν
720 3299 815 3353 τοῦ
843 3299 973 3352 λαοῦ
1008 3301 1389 3371 ἀγνοημάτων.
1417 3318 1438 3353 ι
1463 3330 1538 3342 -
1558 3319 1576 3352 ι
1612 3300 1669 3352 '0
1695 3300 1780 3352 νό-

188 3411 292 3463 μος
320 3394 455 3464 γὰρ,
477 3392 663 3461 φησιν,
699 3390 1019 3460 καθίστησιν
1046 3392 1326 3461 ἀρχιερεῖς
1370 3392 1595 3462 ἔχοντας
1617 3391 1779 3445 ἀσθέ-

184 3503 361 3537 νειαν.
402 3504 421 3536 ι
453 3485 558 3536 Καὶ
588 3482 777 3545 αὖθις·
812 3502 831 3533 ι
867 3484 983 3545 ῐῐᾶς
1010 3483 1117 3553 γὰρ
1151 3484 1438 3553 ἀρχιερεὺς
1472 3484 1531 3549 ἐξ
1570 3480 1776 3552 ἀνθρὼ-

187 3596 309 3633 πων
344 3578 781 3648 λαμϐανόμενος.
814 3578 956 3647 ὑπὲρ
996 3576 1302 3647 ἀνθρώπων
1330 3577 1656 3630 καθίσταται
1710 3579 1777 3631 τὰ

186 3674 328 3741 προς
353 3670 447 3724 τὸν
500 3670 654 3733 Θεὸν,
702 3670 792 3723 ἶνα
843 3671 1127 3741 προσφέρῃ
1173 3670 1321 3740 δῷρά
1345 3687 1405 3723 τε
1456 3671 1551 3723 καὶ
1584 3669 1776 3732 θυσίας

186 3764 333 3833 ὑπὲρ
394 3762 684 3833 ἁμαρτιῶν
715 3800 731 3825 ,
808 3762 1195 3831 μετριοπαθεῖν
1258 3761 1599 3830 δυνάμενος,
1662 3762 1774 3824 τοῖς

185 3853 475 3923 ἀγνοοῦσιν
518 3852 612 3906 καὶ
651 3853 1046 3921 πλανωμένοις.
1082 3852 1239 3905 Ἐπεὶ
1280 3852 1375 3905 καὶ
1419 3852 1581 3916 αὐτος
1614 3853 1773 3919 περί-

186 3962 367 3999 κειται
394 3944 698 4009 ἀσθένειαν,
739 3944 833 3997 καὶ
850 3943 937 3996 διὰ
969 3942 1176 4013 ταύτην
1197 3943 1399 4011 ὀφείλει
1429 3943 1611 4007 καθὼς
1635 3943 1776 4013 ὑπὲρ

182 4036 281 4089 τοῦ
340 4034 471 4088 λαοῦ
500 4033 671 4097 οὕτως
720 4035 814 4087 καὶ
859 4037 989 4105 περὶ
1034 4033 1228 4087 ἑαυτοῦ
1262 4036 1591 4106 προσφέρειν
1636 4036 1775 4107 ὑπὲρ

186 4126 498 4197 ἁμαρτιῶν.
528 4144 546 4178 ι
581 4128 672 4178 Δεῖ
696 4121 902 4191 οὗν,ὠς
933 4127 1168 4196 εἴρηται,
1190 4126 1283 4179 τὸν
1321 4126 1654 4195 καλούμενον
1669 4128 1776 4180 ὑπὸ

182 4217 280 4270 τοῦ
308 4216 467 4277 Θεοῦ,
504 4217 585 4279 είς
617 4217 679 4268 τὸ
704 4216 1039 4287 προσφέρειν
1069 4216 1219 4285 δῶρα
1275 4218 1367 4270 καὶ
1396 4216 1588 4280 θυσίας
1634 4218 1774 4290 ὑπὲρ

183 4308 281 4363 τοῦ
314 4307 477 4371 λαοῦ,
515 4307 731 4378 πρῶτον
768 4308 868 4377 τὴν
921 4307 1117 4359 ἑαυτοῦ
1149 4307 1325 4377 ψυχὴν
1380 4311 1475 4361 καὶ
1519 4309 1580 4361 τὸ
1613 4308 1774 4378 σῶμα

1883 3121 2027 3190 priis
2070 3118 2309 3174 hostiam
2357 3118 2544 3180 offert,
2577 3115 2780 3170 deinde
2819 3130 2920 3184 pro
2960 3115 3151 3184 populi
3195 3114 3239 3167 ⁸.
3266 3131 3285 3166 ι
3326 3113 3473 3167 Dicit

1881 3212 2029 3267 enim
2066 3229 2079 3264 :
2125 3230 2144 3261 ι
2176 3211 2287 3263 Lex
2314 3207 2607 3263 constituit
2633 3206 2931 3277 pontifices
2963 3205 3347 3260 infirmitatem
3372 3205 3472 3259 ha-

1884 3306 2137 3359 hentcs‘.
2166 3323 2183 3354 ι
2208 3304 2458 3357 Rursus:
2492 3322 2509 3352 ι
2537 3300 2733 3356 Omnis
2759 3300 2907 3353 enim
2932 3298 3180 3369 pontifex
3202 3314 3270 3353 ex
3286 3299 3470 3353 homi-

1882 3396 2047 3449 nibus
2082 3404 2423 3463 assumptus,
2478 3409 2579 3462 pro
2631 3392 2954 3447 hominilms
3002 3391 3369 3445 constituitur
3414 3392 3466 3443 in

1882 3489 1949 3542 iis
1998 3503 2121 3557 qua?
2164 3495 2297 3541 sunt
2339 3485 2409 3540 ad
2457 3487 2657 3549 Deum,
2689 3493 2751 3538 ut
2790 3483 2993 3537 offerat
3022 3482 3169 3537 dona
3192 3490 3251 3537 et
3292 3485 3469 3537 sacri-

1882 3580 2005 3635 ficia
2050 3594 2152 3649 pro
2197 3578 2475 3647 peccatis;
2515 3576 2609 3645 qui
2662 3576 2960 3629 t-mnlolcrc
3008 3575 3187 3645 possit
3240 3574 3309 3628 iis
3371 3574 3475 3644 qui

1881 3673 2139 3742 ignorant
2193 3679 2251 3725 et
2280 3678 2469 3725 errant
2511 3686 2524 3721 :
2559 3668 2776 3737 1226
2814 3668 3078 3737 quoniam
3113 3678 3171 3721 et
3204 3667 3323 3737 ipse
3358 3667 3469 3721 cir-

1879 3762 2175 3817 cumdatus
2193 3770 2279 3815 cst
2298 3759 2645 3821 infirmitate,
2665 3767 2721 3812 et
2739 3766 3032 3828 propterea
3053 3756 3242 3821 debet,
3268 3773 3432 3825 quem

1879 3854 2177 3909 admodum
2229 3869 2333 3922 pro
2356 3852 2564 3922 populo
2590 3892 2604 3915 ,
2634 3851 2709 3905 ita
2734 3851 2903 3905 etiam
2940 3860 2997 3904 et
3036 3866 3137 3921 pro
3166 3851 3466 3919 semetipso

1877 3945 2084 4001 offerre
2118 3961 2220 4015 pro
2248 3945 2494 4015 peccatis
2528 3944 2605 3997 ’.ι
2658 3943 2730 3998 Ut
2758 3944 2927 4014 igitur
2950 3944 3164 3999 dictum
3198 3943 3336 3997 mihi
3368 3959 3463 3997 sn-

1877 4039 2070 4109 perius
2123 4046 2228 4101 est,
2282 4052 2511 4093 necesse
2565 4037 2638 4091 sit
2688 4052 2817 4091 cum
2864 4036 2959 4106 qui
2994 4036 3062 4091 ad
3111 4036 3167 4090 id
3215 4037 3465 4090 muneris

1878 4132 1993 4186 Deo
2032 4138 2265 4185 vocante
2297 4130 2614 4193 asciscitur,
2661 4129 2866 4183 oﬂ‘crre
2914 4128 3061 4183 dona
3105 4138 3159 4183 et
3194 4129 3461 4183 sacriﬁcia

1877 4238 1979 4292 pro
2021 4221 2273 4292 populo:
2322 4220 2480 4291 prius
2529 4228 2713 4275 tamen
2766 4220 2934 4275 debet
2978 4220 3026 4275 is
3075 4235 3230 4275 suam
3290 4220 3464 4290 ipsius

1878 4315 2140 4379 animam,
2176 4329 2380 4383 corpus
2426 4312 2556 4367 item
2598 4314 2825 4383 expiare
2851 4314 2921 4367 ab
2950 4312 3104 4367 omni
3141 4312 3271 4367 faece
3305 4312 3461 4366 inve-

185 4402 487 4472 καθαρίσαι
527 4402 634 4454 ἀπὸ
654 4401 777 4454 ὅλου
805 4399 901 4453 τοῦ
931 4400 1167 4453 παλαιοῦ
1195 4400 1507 4471 ἀνθρώπου,
1544 4399 1642 4455 εἷθ’
1676 4402 1772 4455 οὖ-

1884 4406 2037 4461 tcrati
2063 4404 2327 4467 hominis,
2357 4403 2569 4458 utinam
2596 4420 2698 4475 pro
2720 4405 2842 4458 aliis
2870 4419 3093 4473 quoque
3122 4403 3289 4467 ausit,
3320 4402 3458 4456 nihil

182 4511 294 4557 τως
334 4492 609 4562 τολμῆσαι
627 4493 727 4553 τὰς
755 4492 897 4563 ὑπὲρ
923 4492 1100 4545 ἀλλων
1118 4492 1414 4563 πρεσϐείας
1440 4496 1772 4566 προσφέρειν

182 4582 265 4652 τῷ
296 4581 448 4653 Θεῷ·
491 4583 585 4634 καὶ
628 4581 914 4651 μιμεῖσθαι
960 4582 1051 4635 τὸν
1092 4583 1267 4653 μέγαν
1301 4585 1563 4654 ἀρχιερέα
1596 4586 1771 4656 Ζαχα-

187 4676 313 4746 ρίαν
341 4674 433 4726 τὸν
452 4674 773 4743 πατέρατοῦ
792 4673 1129 4743 Προδρόμου.
1160 4671 1296 4727 «Ἦν
1319 4678 1443 4744 γὰρ,
1478 4676 1664 4748 φησιν,
1690 4678 1765 4730 δί-

186 4782 365 4829 καιος,
399 4764 767 4835 πορευόμενος
793 4766 852 4817 ἐν
902 4765 1102 4828 πάσαις
1131 4769 1253 4829 ταῖς
1281 4768 1521 4831 ἐντολαῖς
1545 4770 1772 4836 καὶτοῖς

182 4856 556 4926 δικαιώμασιν
594 4855 689 4910 τοῦ
730 4856 937 4928 Κυρίου
987 4857 1312 4927 ἀμέμπτως.
1348 4859 1600 4927 Ἐγένετο
1631 4862 1686 4916 δὲ
1715 4865 1773 4915 ὲν

182 4948 267 5018 τῷ
290 4949 594 5018 ἱερατεύειν
616 4949 801 5011 αὐτὸν,
846 4948 1095 5017 εἰσῆλθεν
1129 4950 1225 5001 τοῦ
1266 4950 1535 5021 θυμιάσαι
1573 4955 1655 5019 είς
1682 4954 1774 5008 τὸν

183 5038 338 5102 ναὸν,
365 5039 460 5092 καὶ
491 5034 559 5109 ἦν
584 5040 693 5093 πᾶν
713 5038 773 5091 τὸ
802 5038 999 5109 πλῆθος
1024 5039 1130 5104 ἔξω
1162 5048 1187 5077 ο
1240 5044 1674 5114 προσευχόμενον
1716 5047 1775 5100 ἐν

183 5128 267 5197 τῷ
296 5128 477 5199 καιρῷ
508 5128 601 5181 τοῦ
634 5128 998 5199 θυμιάματος.
1034 5128 1211 5199 Ὠφθη
1252 5130 1309 5183 δὲ
1336 5133 1489 5204 αὐτῷ
1510 5134 1771 5202 ἀγγελλος

184 5221 400 5289 Κυρίου
432 5219 602 5284 ἑστὼς
645 5223 709 5275 ὲκ
739 5221 929 5287 δεξιῶν
971 5220 1065 5275 τοῦ
1108 5220 1493 5293 θυσιαστηρίου
1516 5238 1533 5257 ⁸
1563 5227 1659 5278 καὶ
1689 5222 1770 5279 εἴ·

186 5325 315 5365 πεν’
339 5329 358 5363 ι
385 5312 480 5383 Μὴ
503 5311 695 5382 φοὸοὖ,
728 5312 993 5383 Ζαχαρία,
1014 5313 1147 5366 διότι
1167 5313 1497 5387 εἰσηκούσθη
1522 5317 1555 5387 ἡ
1587 5316 1770 5386 δέησίς

262 5450 277 5483 ¹
320 5449 513 5504 Matth.
540 5464 660 5513 vut,
692 5448 746 5519 ό.
774 5518 797 5519 η
822 5449 843 5479 ¹
878 5448 1069 5519 Matth.
1108 5464 1257 5513 χχιιι,
1283 5451 1375 5504 9.6.
1453 5451 1472 5483 ³
1510 5451 1686 5507 Lct'it.
1719 5469 1792 5519 Ix,
1825 5452 1914 5507 2?...

184 5520 281 5577 28.
360 5520 381 5550 ⁷
412 5519 582 5575 Hebr.
614 5535 668 5585 ν,
704 5518 822 5573 1-5.
901 5518 923 5544 ’⁸
954 5517 1088 5572 Luc.
1119 5533 1156 5580 ι,
1185 5520 1237 5571 6.

1873 4496 2083 4568 dispari
2120 4497 2397 4567 legatione
2422 4496 2771 4566 perfunctus,
2800 4495 3229 4565 deprecationes
3258 4496 3461 4548 offerre

1872 4590 2018 4644 Deo:
2048 4604 2116 4644 ac
2145 4588 2397 4643 imitetur
2430 4589 2694 4643 cximimu
2729 4589 2882 4642 illum
2907 4588 3223 4657 pontificem
3257 4588 3463 4641 Zacha-

1877 4682 2013 4735 riam
2040 4680 2404 4751 prmcursoris
2425 4689 2659 4750 patrem.
2688 4681 2764 4734 De
2798 4680 2905 4734 hoc
2932 4679 3081 4734 enim
3117 4687 3466 4732 contestatur

1876 4774 2168 4844 Scriptura
2198 4776 2241 4839 ⁸,
2268 4774 2397 4844 quia
2425 4782 2545 4828 crat
2570 4775 2777 4842 justus,
2816 4773 3084 4827 incedens
3115 4772 3169 4825 in
3203 4772 3463 4826 tnniiihus

1875 4864 2155 4918 mandatis
2182 4863 2753 4935 ctjustificationibus
2798 4862 3017 4917 Domini
3051 4862 3174 4916 sine
3208 4862 3456 4930 querela.

1874 4955 2102 5009 Factum
2136 4963 2224 5009 est
2268 4971 2393 5009 cum
2449 4954 2764 5009 sacerdotio
2790 4954 3139 5025 fungeretur.
3174 4952 3458 5021 ingressus

1874 5055 1962 5100 est
2009 5046 2064 5099 in
2100 5046 2362 5114 templum
2396 5054 2457 5099 ut
2490 5046 2779 5100 incensum
2818 5054 3072 5115 poneret,
3106 5053 3163 5097 ct
3193 5052 3314 5098 erat
3340 5058 3462 5096 ouk

1878 5135 1965 5189 nis
2006 5135 2308 5191 multitudo
2349 5142 2682 5203 exspectans
2721 5148 2851 5189 cum
2894 5131 3053 5196 foris,
3089 5139 3339 5199 tempore
3374 5128 3459 5181 in-

1877 5226 2054 5279 censi.
2093 5225 2367 5295 Apparuit
2396 5233 2585 5279 autem
2618 5224 2698 5279 illi
2756 5223 2989 5294 angelus
3046 5220 3266 5276 Domini
3305 5226 3465 5273 stans

1878 5335 1909 5372 a
1951 5318 2162 5373 dextris
2185 5317 2399 5381 altaris,
2425 5325 2484 5372 et
2515 5316 2656 5373 dixit
2683 5334 2699 5371 :
2747 5335 2766 5369 ι
2798 5316 2879 5371 Ne
2918 5314 3140 5378 timeas,
3167 5309 3461 5375 Zacharia,

2620 5455 2641 5486 '
2670 5450 2843 5508 llebr.
2870 5465 2924 5516 ν,
2957 5449 3011 5502 1.
3104 5448 3126 5478 ⁸
3160 5446 3329 5501 llehr.
3362 5461 3457 5504 vu.

1992 5453 2012 5486 ⁵
2046 5451 2245 5508 Ezech.
2279 5468 2423 5518 κων,
2451 5452 2543 5507 21.

1482 5627 1715 5683 ΥΛΙὶΙίΕ
1763 5630 2165 5684 1,Ι⁴Ζ(ΣἸΊΟΝΙσ25.

263 5747 285 5761 σ-
326 5726 773 5797 προσδεχόμενον.
804 5727 1029 5797 Vulgata
1059 5725 1230 5779 editio
1280 5724 1631 5797 legitmruus.
1666 5726 2003 5795 Augustinus
2072 5735 2251 5779 tamen
2298 5724 2361 5779 ab
2423 5726 2596 5781 altera
2660 5724 2747 5780 illa
2807 5723 3045 5780 lectione
3097 5720 3451 5775 vidrturnen

187 5796 518 5856 abhorrere.
541 5796 916 5865 Quzcstiomun
945 5796 1245 5865 mangclir.
1278 5796 1313 5849 l.
1350 5796 1410 5857 11,
1448 5812 1561 5863 mp.
1607 5796 1650 5847 l.
