4178 6424
228 358 363 425 1813

1004 362 1332 420 ΙΙΟΜΙΙ.1Λ
1369 358 1572 419 CXXI.
1605 382 1671 393 --
1706 358 1803 417 DE
1845 356 2263 417 DIGNl-TATE
2302 355 2756 416 PONTIFICIA.

3366 347 3505 414 1811.

218 476 276 527 αἱ
321 477 663 529 δικαιοσύναι
722 476 889 529 αὐτοῦ
941 476 1005 539 ἃς
1060 475 1315 543 ἐποίησεν
1346 490 1357 501 ·
1418 475 1513 526 καὶ
1567 473 1629 525 τὸ
1671 466 1812 540 αἷμα

1938 472 1986 525 Et
2015 489 2028 525 :
2061 491 2077 523 ι
2110 473 2191 526 Tu
2226 473 2273 527 si
2305 470 2662 541 prohibueris
2685 470 2897 541 justum
2931 482 2999 522 ne
3032 477 3245 537 peccet,
3277 468 3391 522 vita
3417 468 3502 522 vi-

218 568 391 621 αὐτοῦ
435 572 498 621 ἐκ
523 569 627 638 τῆς
662 569 845 639 χειρός
880 586 974 621 σου
1003 568 1316 637 ἀπαιτήσω,
1342 567 1425 619 ὅτι
1452 566 1511 618 οὐ
1543 564 1817 618 διεστείλω

220 660 391 729 αὐτῷ.
432 681 450 710 ι
490 661 616 725 Καὶ,
656 679 674 711 ι
703 662 778 713 Σύ
832 660 927 713 ἐὰν
954 659 1236 732 διαστείλῃ
1286 658 1368 730 τῷ
1396 657 1711 727 δικαίῳτοῦ
1742 658 1817 728 μὴ

218 753 589 820 ἁμαρτάνειν,
625 752 738 820 ζωῇ
795 752 1044 822 ζήσεται,
1074 752 1171 804 καὶ
1226 751 1291 803 σὺ
1341 750 1442 821 τὴν
1494 750 1673 820 ψυχήν
1724 767 1819 802 σου

218 843 387 915 ρὐῃ.
431 864 449 887 ι
483 843 591 896 Καὶ
649 844 845 912 ἐπάγει
874 862 887 874 ·
933 863 951 893 ι
988 846 1072 896 Ζῶ
1122 842 1255 910 ἐγὼ,
1287 843 1439 911 λέγει
1472 843 1705 915 Κύριος,
1737 843 1819 895 ὅτι

216 936 279 987 οὐ
310 935 456 987 θέλω
485 936 576 988 τὸν
610 936 843 989 θάνατον
864 934 958 987 τοῦ
992 935 1340 1005 ἀμαρτωλοῦ,
1368 935 1442 998 ὡς
1473 937 1534 988 τὸ
1562 936 1819 1004 ἐπιστρέ-

215 1028 318 1095 ψαι
365 1029 585 1097 καὶζῆν
614 1028 798 1081 αὐτόν.
845 1046 864 1078 ι
900 1027 966 1078 Τί
1022 1026 1079 1079 δέ
1116 1044 1283 1096 φησιν
1311 1029 1340 1080 6
1375 1027 1581 1097 Κύριος
1607 1026 1686 1095 τῷ
1720 1027 1820 1078 Ιῐέ-

216 1136 336 1189 τρῳ
365 1136 381 1182 ς
412 1138 430 1168 ι
482 1120 621 1170 Ὅσα
654 1118 720 1171 ἂν
749 1119 949 1188 δήσητε
985 1120 1076 1170 ἐπὶ
1102 1118 1201 1186 τῆς
1233 1119 1357 1187 γῆς,
1384 1118 1538 1170 ἔσται
1562 1118 1821 1187 δεδεμένα

218 1212 279 1261 ἐν
312 1213 425 1272 τοῖς
481 1210 753 1278 οὐρανοῖς.
805 1229 821 1259 ι
862 1210 1008 1279 ’Ὅρα
1067 1210 1313 1279 ῥήματος
1371 1210 1603 1279 δύναμιν
1645 1227 1657 1241 ο
1723 1210 1823 1263 οὐκ

220 1293 403 1361 εἶπεν,
472 1301 612 1351 Ὅσα
670 1299 736 1351 ἂν
772 1299 943 1370 δήσῃς
976 1300 1069 1351 ἐπὶ
1102 1301 1200 1369 τῆς
1226 1302 1350 1369 γῆς,
1384 1301 1539 1352 ἔσται
1564 1300 1823 1370 δεδεμένα

221 1391 315 1439 ἐπὶ
334 1389 437 1457 τῆς
458 1392 581 1459 γῆτ,
603 1388 739 1449 ἀλλ’,
768 1408 786 1439 ι
818 1391 959 1442 Ὅσα
986 1390 1052 1443 ἂν
1083 1392 1251 1462 δήσῃς
1283 1390 1489 1458 ἑτιὶτῆς
1515 1390 1642 1457 γῆς,
1672 1390 1823 1444 ἔσται

220 1480 492 1549 δεδεμένα
542 1483 599 1532 ἐν
633 1483 747 1541 τοῖς
792 1481 1044 1550 οὐρανοῖς
1077 1498 1093 1513 ·
1133 1501 1150 1531 ι
1194 1482 1280 1531 ἵνα
1350 1482 1442 1533 καὶ
1481 1481 1651 1533 ποιῶν
1676 1482 1820 1534 ἀκοι-

220 1572 543 1642 νώνητον,ἤ
584 1573 894 1642 κωλύων,ῆ
954 1572 1267 1642 καθαιρῶν,
1298 1573 1529 1643 φοϐερὸν
1575 1573 1719 1643 ἔχοις
1765 1574 1826 1626 τὸ

224 1666 489 1732 πρᾶγμα,
517 1664 595 1725 ὡς
654 1665 946 1734 σύμψηφον
1005 1664 1185 1717 καλῶν
1238 1665 1347 1717 τῶν
1393 1664 1525 1717 Θεόν
1554 1683 1568 1698 ο
1596 1665 1671 1729 ὼς
1720 1666 1825 1719 ὐπὸ

225 1756 473 1826 μάρτυρι
509 1755 601 1808 τοῦ
630 1756 688 1809 ἐν
708 1757 957 1824 οὐρανοῖς
994 1756 1152 1809 τοῦτο
1210 1756 1379 1809 ποιῶν
1402 1772 1415 1785 ·
1447 1758 1543 1809 καὶ
1566 1758 1594 1809 6
1622 1758 1827 1810 κωλινῖ-

225 1863 392 1915 μενος
419 1847 451 1915 ἢ
476 1847 913 1918 καθαιρούμενος
943 1847 1179 1918 φρίττοι,
1221 1848 1297 1911 ὡς
1336 1848 1441 1912 ἔξω
1494 1848 1821 1919 βαλλόμενος

220 1936 478 2006 οὐρανῶν
542 1937 842 2007 βασιλείας.
893 1937 1059 2006 Ὅρα,
1112 1940 1301 2006 φησὶν,
1331 1939 1385 1990 τί
1435 1941 1721 2007 πράττεις,
1777 1936 1821 1993 ὦ

228 2026 403 2094 ἱερεῦ,
438 2027 474 2080 δι
532 2028 685 2081 κάτω
717 2028 941 2094 δεσμεῖς
964 2068 979 2090 ,
1008 2029 1120 2082 ἄνω
1149 2028 1556 2096 λογοθετεῖσθαι
1588 2032 1819 2101 προσδό-

227 2128 405 2179 κησον
432 2130 443 2141 ·
476 2112 578 2165 οὐκ
629 2113 776 2165 ἔστιν
829 2112 1122 2176 ἀνεύθυνος
1168 2117 1197 2167 6
1227 2114 1447 2185 δεσμὸς,
1478 2115 1573 2168 ἐὰν
1621 2117 1820 2179 ἀδίκως

225 2199 539 2269 δεσμεύεις.
582 2199 1013 2268 Ἐμφανίζεσθαι
1067 2201 1176 2270 γὰρ
1212 2201 1427 2269 μέλλεις
1454 2201 1531 2269 τῷ
1560 2201 1669 2254 τῶν
1718 2204 1820 2270 ἀγ·-

226 2291 410 2358 γέλων
443 2291 694 2361 σκρινίῳ.
723 2291 814 2343 Διὸ
848 2293 922 2361 μὴ
971 2291 1131 2360 θυμῷ
1158 2292 1253 2344 καὶ
1288 2291 1450 2345 πάθει
1483 2292 1574 2344 τὸν
1624 2293 1824 2361 δεσμὸν

226 2383 461 2449 ὲπάγοις
489 2399 503 2412 ·
541 2383 613 2452 μὴ
636 2381 710 2443 ὡς
739 2382 931 2435 ἑαυτὸν
967 2382 1221 2448 ἐκδικῶν,
1246 2383 1362 2438 ἀλλ’
1390 2382 1465 2445 ὡς
1492 2383 1696 2455 ἀρετὴν
1726 2386 1821 2438 ὲκ-

225 2472 421 2527 δικῶν.
438 2474 675 2526 Ἔκδικεί
701 2475 807 2545 γὰρ
824 2474 915 2529 τὸν
938 2475 1139 2538 ἀδίκως
1161 2475 1383 2529 δεθέντα
1406 2478 1435 2529 6
1466 2477 1617 2542 Θεὸς,
1635 2478 1730 2530 ἐὰν
1752 2477 1826 2549 μὴ

227 2567 329 2619 τοῦ
358 2567 560 2637 δεσμοῦ
593 2570 1007 2640 καταφρονήσῃ.
1057 2568 1114 2619 '0
1136 2563 1231 2621 οὐν
1262 2568 1571 2639 εἰλικρινῶς
1604 2570 1827 2639 ποιμαί-

229 2677 341 2711 νων
368 2662 466 2730 τὴν
495 2660 733 2730 ποίμνην
755 2660 850 2712 τοῦ
874 2661 1135 2731 Χριστοῦ,
1166 2662 1346 2732 Στόμα
1375 2661 1512 2715 Θεοῦ
1542 2662 1824 2732 κέκληται.

226 2752 408 2818 Φησὶν
449 2751 561 2822 γάρ
587 2767 599 2779 ·
639 2768 657 2801 ι
710 2752 837 2805 Ἐάν
872 2751 1147 2822 ὲξαγάγης
1180 2751 1361 2821 τίμιον
1392 2754 1451 2817 ἐξ
1477 2754 1726 2820 ἀναξίου,
1750 2754 1827 2818 ὡς

232 2845 417 2911 στόμα
478 2861 579 2909 μου
628 2843 751 2914 ἔσῃ.
786 2862 804 2895 ι
864 2844 1051 2897 Ταῦτα
1108 2844 1203 2897 τοῦ
1252 2846 1507 2915 ἀληθινοῦ
1569 2849 1829 2917 ποιμένος

233 2934 413 2997 ἐστὶν,
451 2935 538 2987 ἵνα
570 2934 669 3004 τὴν
694 2935 875 3004 ψυχὴν
897 2934 1064 2987 αὐτοῦ
1088 2935 1154 3005 θῇ
1180 2937 1320 3007 ὑπὲρ
1349 2937 1459 2989 τῶν
1485 2938 1827 3007 ἀρχομένων.

234 3027 304 3079 Εἰ
334 3026 392 3078 δὲ
449 3027 692 3091 ἀναδύει,
726 3029 825 3097 τὴν
869 3028 1028 3097 δίκην
1057 3028 1241 3096 ὑφέξει
1272 3028 1368 3081 τοῦ
1403 3029 1700 3097 μισθωτοῦ,
1734 3031 1830 3083 τοῦ

237 3117 333 3171 διὰ
374 3116 468 3171 τοῦ
524 3118 691 3171 λύκου
726 3120 963 3187 φυγάδος
1015 3120 1314 3190 γενομένου
1350 3136 1365 3151 ·
1393 3123 1488 3174 καὶ
1535 3122 1832 3177 ἀκούσεται

235 3208 400 3277 παρὰ
453 3208 547 3261 τοῦ
604 3209 999 3279 ἀρχιποιμένος
1052 3210 1133 3273 τὸ,
1172 3229 1190 3261 ι
1230 3211 1344 3262 Οὐκ
1402 3210 1738 3282 ἐξεζήτησαν
1784 3216 1832 3266 ul

236 3300 502 3369 ποιμένες
526 3300 597 3353 τὰ
658 3300 907 3369 πρόϐατά
956 3318 1079 3370 μου,
1119 3321 1137 3353 ι
1168 3301 1260 3354 καὶ
1311 3301 1618 3371 ἐϐόσκησαν
1669 3305 1829 3358 αὐτά.

238 3395 378 3458 Καὶ,
419 3412 438 3444 ι
464 3394 785 3463 Ἐκζητήσω
811 3393 880 3447 τά
908 3393 1162 3465 πρόϐατά
1192 3411 1295 3465 μου
1330 3396 1395 3447 ἐκ
1416 3398 1516 3465 τῆς
1542 3397 1723 3467 χειρὸς
1739 3399 1836 3450 αὐ-

236 3486 374 3539 τῶν.
413 3505 431 3535 ι
468 3485 724 3539 Τοιοῦτόν
751 3504 803 3539 τι
853 3487 1184 3557 εὑρίσκομεν
1228 3488 1381 3558 παρὰ
1427 3488 1507 3557 τῷ
1536 3490 1832 3560 Εἰρηναίῳ.

239 3580 417 3649 Φησὶν
452 3580 561 3648 γὰρ
615 3580 746 3650 περὶ
794 3579 890 3632 τοῦ
925 3579 1191 3647 Θεολὸγου
1237 3580 1493 3634 Ἰωάννου
1524 3621 1538 3645 ,
1573 3581 1655 3634 ὃτι
1707 3580 1836 3634 ἰδών

239 3691 370 3727 τινα
399 3673 617 3728 νεανίαν
644 3672 1031 3741 εὐφυέστατον,
1055 3674 1441 3744 κατηχηθέντα
1465 3679 1596 3744 παρ’
1627 3675 1792 3728 αὐτοῦ
1821 3719 1835 3742 ,

242 3764 344 3816 καὶ
399 3762 785 3832 βαπτισθέντα,
840 3762 944 3833 ἔφη
990 3761 1069 3832 τῷ
1115 3764 1213 3833 τῆς
1264 3764 1475 3828 πόλεως
1526 3765 1834 3837 ἑπισκόπῳ,

242 3853 452 3908 Τοῦτόν
487 3871 570 3907 σοι
599 3854 966 3925 παρατίθημι*
997 3854 1091 3907 καὶ
1115 3854 1490 3925 ἀπεδήμησεν.
1535 3857 1591 3910 Ὀ
1614 3856 1671 3910 δὲ
1721 3856 1841 3911 ἐπί-

246 3962 458 4004 σκοπος
509 3943 712 4012 πολλὴν
776 3944 1034 4013 πρόνοιαν
1089 3944 1415 4014 ποιούμενος
1467 3944 1567 3997 τοῦ
1626 3946 1835 4013 παιδὸς,

244 4036 462 4106 ἤγαγεν
517 4035 681 4087 αὐτὸν
715 4037 794 4098 εἰς
828 4036 1076 4105 μεγάλην
1124 4036 1432 4106 προκοπήν.
1466 4037 1737 4109 ’Ὕστερον
1780 4038 1839 4091 δὲ

244 4128 394 4181 κατὰ
434 4127 631 4197 μικρὸν
680 4127 920 4197 ἀμελῶν,
975 4128 1247 4193 ἐξέκλινεν
1290 4129 1395 4197 τῆς
1443 4128 1660 4193 εὐθείας
1692 4130 1837 4196 ὀδοῦ,

246 4217 396 4270 ὥστε
425 4218 679 4286 γενέσθαι
708 4218 873 4272 αὐτὸν
905 4218 1262 4289 ἀρχιλῃστὴν.
1312 4219 1517 4274 Ἐλθὼν
1555 4221 1613 4274 δὲ
1656 4224 1684 4275 6
1718 4222 1839 4274 θεο-

247 4310 433 4377 λόγος,
457 4311 655 4382 ἀπῄτει
711 4312 802 4363 τὸν
851 4310 1148 4363 ἐπίσκοπον
1180 4311 1280 4381 τὴν
1337 4313 1839 4386 παρακαταθήκην.

259 4402 323 4455 Ὀ
345 4402 403 4455 δὲ
436 4401 677 4472 νομίζων
710 4402 970 4472 χρήματα
996 4402 1369 4467 ἀπαιτεῖσθαι,
1389 4404 1586 4475 ἠπόρει
1621 4407 1673 4459 τί
1708 4408 1841 4460 ἀπο·

1922 574 2036 628 vet,
2069 573 2125 618 ct
2154 572 2210 617 tu
2240 564 2477 617 animam
2505 572 2656 617 tuam
2686 561 2954 616 liberabis
2974 560 3068 613 ⁸⁸.»
3102 561 3356 615 lnducit:
3384 560 3505 615 «γε-

1922 673 1990 711 vo
2040 672 2174 727 ego,
2230 655 2366 709 dicit
2414 655 2717 719 Dominus,
2776 652 2909 722 quia
2943 652 3075 707 nolo
3108 662 3342 706 mortem
3374 667 3506 723 pec-

1921 749 2127 804 catoris
2151 789 2165 813 ,
2224 747 2398 817 magis
2425 758 2605 802 autem
2650 756 2710 801 ut
2740 754 3098 801 convertatur
3135 754 3193 798 ct
3218 744 3447 797 vivat".
3484 764 3500 793 ι

1925 840 2138 911 Ecquid
2173 840 2250 893 ait
2281 839 2552 894 Dominus
2584 839 2781 894 Petro?
2817 860 2833 890 ι
2864 836 3221 905 Ουαξοιιηηιιε
3248 835 3510 905 ligaveris

1925 953 2090 1006 super
2120 946 2349 999 terram,
2384 943 2549 989 erunt
2574 933 2739 1003 ligata
2769 941 2829 987 ct
2856 931 2911 985 in
2940 929 3212 985 cmlis'°.i
3233 928 3332 983 Vis
3353 926 3508 981 verbi

1927 1030 2077 1082 illius
2106 1044 2271 1097 quam
2290 1042 2457 1097 opera
2468 1026 2607 1079 toria
2623 1024 2694 1079 sit
2710 1039 2988 1093 quamque
3007 1019 3507 1090 cﬂicax,expcnde.

1925 1120 2043 1173 Non
2068 1119 2227 1172 dixit:
2255 1118 2609 1185 Qumcunquc
2633 1114 2897 1185 ligaveris
2913 1129 3083 1180 super
3104 1121 3333 1173 terram,
3352 1120 3516 1165 erunt

1924 1211 2085 1277 ligata
2101 1210 2153 1263 in
2172 1208 2825 1275 terra,sed,Qua3eunque
2839 1204 3092 1272 ligaveris
3105 1218 3269 1272 super
3284 1210 3511 1259 terram.

1927 1308 2093 1356 erunt
2136 1300 2304 1370 ligata
2350 1300 2404 1352 in
2437 1299 2611 1354 cmlis.
2674 1295 2832 1360 Vide,
2866 1296 3125 1365 inquam,
3158 1293 3416 1354 solerter,
3455 1300 3515 1345 ut

1928 1390 2062 1444 dmn
2079 1388 2397 1459 quempiam
2421 1402 2658 1441 censura
2681 1382 3280 1439 excouununicationis
3300 1381 3517 1449 cogeris

1927 1479 2117 1541 fcrirc,
2148 1477 2282 1531 dum
2311 1492 2474 1530 arces
2505 1474 2697 1543 templi
2728 1473 2903 1537 aditu,
2934 1473 3067 1527 dum
3095 1470 3271 1542 gradu
3295 1468 3523 1538 dejicis,

1928 1571 2137 1625 habeas
2167 1567 2455 1623 rcm'hanc
2484 1564 2705 1621 horrori
2734 1582 2746 1617 :
2770 1564 2978 1634 quippe
3006 1562 3101 1632 qui
3130 1563 3305 1616 Deum
3330 1559 3513 1629 ipsum

1930 1662 2155 1715 invoccs
2207 1659 2499 1714 sementim
2545 1657 2640 1712 tali
2684 1665 2794 1710 tua:
2841 1654 3290 1725 suﬂ‘raganeum,
3355 1651 3516 1721 quasi

1929 1756 2026 1825 qui
2059 1754 2190 1808 dum
2222 1754 2339 1807 lucc
2368 1752 2537 1816 facis,
2572 1757 2889 1806 contestere
2922 1746 3117 1802 eadem
3151 1745 3364 1800 sancita
3394 1759 3517 1799 esse

1930 1858 1987 1903 ct
2038 1849 2093 1902 in
2140 1848 2316 1903 cmlis.
2374 1846 2439 1901 At
2471 1845 2696 1899 interim
2739 1841 3084 1898 inhorrescit
3112 1848 3263 1895 totus
3292 1837 3528 1909 quieli-'

1931 1942 2177 1996 minatur
2207 1938 2399 2007 templi
2428 1937 2606 2001 aditu,
2630 1943 2726 1990 aut
2750 1933 2924 2005 gradu
2948 1932 3304 1996 deturbatur,
3336 1940 3399 1985 ut
3421 1929 3517 1999 qui

1932 2031 2207 2101 intelligat
2247 2028 2465 2084 excludi
2495 2043 2553 2081 sc
2586 2041 2756 2095 regno
2787 2025 3079 2079 cmlorum.
3124 2023 3290 2086 Vide,
3325 2035 3521 2075 rursus

1931 2125 2208 2183 dixerint,
2254 2137 2287 2176 o
2331 2120 2619 2183 sacerdos,
2656 2117 2788 2191 quid
2820 2132 2969 2186 agas.
3018 2116 3152 2185 Qua:
3178 2115 3324 2170 enim
3353 2114 3519 2168 deor-

1935 2231 2055 2270 sum
2112 2214 2339 2270 vinculo
2402 2213 2644 2267 inuectis
2674 2211 2792 2265 oris
2823 2211 2927 2275 tui,
2965 2220 3119 2265 certo
3154 2208 3254 2262 tibi
3286 2222 3521 2279 persua-

1934 2309 2025 2373 de,
2049 2307 2241 2362 eadem
2269 2305 2473 2361 sanciri
2498 2318 2721 2360 sursum
2749 2310 2807 2357 et
2832 2302 3219 2372 comprobari:
3242 2315 3350 2354 non
3373 2299 3522 2353 enim

1935 2400 2221 2453 vinculum
2271 2395 2546 2467 ejusmodi
2594 2395 2820 2463 impune
2856 2394 2926 2455 it,
2978 2392 3023 2445 si
3057 2390 3283 2461 quidem
3317 2389 3523 2459 injuste

1935 2490 2255 2560 quempiam
2306 2485 2586 2556 ligaveris.
2648 2483 2708 2538 In
2752 2480 3093 2537 consistorio
3121 2481 3272 2535 enim
3300 2479 3395 2533 illo
3421 2494 3523 2533 an-

1936 2582 2189 2652 gelorum
2246 2579 2599 2633 exactissime
2646 2578 2918 2649 rationem
2955 2575 3307 2646 repositurus
3336 2589 3418 2639 es,
3453 2589 3524 2627 ne

1937 2686 2102 2740 quem
2141 2669 2362 2722 vinculo
2396 2667 2772 2736 implicueris,
2821 2667 2902 2719 ira
2944 2674 3040 2719 aut
3073 2665 3271 2720 vitiosa
3300 2664 3411 2719 ulla
3440 2662 3525 2718 af-

1939 2763 2180 2818 fectione
2207 2761 2607 2817 incandescens
2639 2778 2652 2814 :
2686 2775 2796 2814 non
2825 2759 2956 2813 item
2986 2760 3144 2830 quasi
3174 2759 3418 2828 teipsum
3442 2758 3527 2812 ul-

1939 2857 2187 2919 ciscens,
2236 2854 2372 2924 quin
2406 2853 2593 2923 potius
2624 2851 2784 2922 quasi
2820 2866 2923 2921 pro
2955 2849 3159 2905 tuenda
3188 2849 3396 2903 virtute
3426 2846 3525 2903 de-

1939 2961 2183 3007 certans.
2221 2950 2521 3006 Ulciscitur
2554 2947 2706 3002 enim
2743 2948 2893 3002 Deus
2944 2961 3008 3001 ac
3039 2944 3289 3000 defendit
3324 2944 3527 3014 injusta

1941 3059 2180 3098 censura
2227 3042 2486 3112 ligatum,
2545 3038 2824 3109 siquidem
2872 3038 2919 3092 is
2964 3037 3189 3093 videtur
3239 3051 3350 3091 non
3393 3050 3527 3089 con-

1944 3134 2236 3204 tempsisse
2270 3132 2580 3186 vinculum.
2632 3130 2736 3197 Qui
2769 3130 2937 3201 igitur
2968 3129 3108 3184 citra
3138 3127 3323 3183 fucum
3354 3126 3526 3180 ullum

1937 3225 2142 3281 Clu-isti
2168 3225 2341 3294 pascit
2360 3238 2604 3293 gregem,
2633 3222 2762 3291 jure
2786 3231 3019 3277 vocatus
3071 3220 3277 3291 legitur
3307 3218 3381 3274 Os
3419 3217 3528 3271 Do-

1939 3317 2097 3373 mini.
2140 3318 2358 3387 1228
2407 3316 2498 3370 Ait
2541 3314 2689 3370 enim
2757 3313 3029 3369 Jeremias
3064 3331 3078 3366 :
3122 3332 3140 3364 ι
3176 3311 3234 3366 Si
3266 3309 3529 3365 eduxeris

1940 3410 2245 3479 pretiosum
2279 3426 2308 3462 a
2339 3408 2454 3473 vili,
2498 3408 2659 3477 quasi
2691 3424 2754 3462 os
2779 3422 2965 3462 meum
2995 3404 3189 3461 eris".
3213 3422 3231 3456 ι
3271 3403 3399 3459 llaec
3430 3417 3528 3457 ve-

1944 3501 1987 3554 ri
2021 3509 2149 3555 sunt
2179 3500 2418 3569 pastoris
2466 3500 2736 3570 insignia,
2791 3507 2853 3552 ut
2897 3497 3141 3552 animam
3169 3511 3325 3550 suam
3357 3503 3529 3565 ponat

1941 3600 2043 3655 pro
2064 3583 2384 3638 subditis“.
2412 3582 2470 3637 ιιι
2497 3584 2541 3637 si
2569 3584 2973 3653 tergiversetur
2999 3588 3284 3652 praestare,
3308 3577 3529 3648 sibique

1941 3667 2213 3737 prmcipiti
2264 3666 2390 3736 fuga
2438 3668 2726 3731 consulat,
2785 3681 3003 3736 pcnnam
3054 3663 3249 3720 subire
3296 3669 3527 3731 cogetur

1943 3752 2090 3806 illius
2136 3751 2465 3805 mercenarii
2520 3751 2613 3820 qui
2664 3751 2796 3820 lupo
2840 3750 3100 3804 smviente
3153 3749 3407 3804 desertor
3445 3747 3527 3803 fa—

1942 3845 2066 3890 ctus
2108 3844 2192 3891 est
2242 3850 2307 3890 ac
2356 3836 2546 3905 refuga
2591 3837 2822 3906 gregis;
2881 3834 3185 3902 audictque
3217 3850 3245 3887 a
3278 3833 3531 3902 principe

1944 3931 2231 3991 pastorum
2270 3922 2325 3975 in
2361 3937 2419 3977 se
2460 3921 2789 3990 detorqueri
2823 3918 2961 3974 illud
2994 3937 3008 3972 :
3049 3939 3067 3971 ι
3096 3918 3217 3974 Non
3247 3917 3532 3987 exquisie-

1947 4015 2078 4060 runt
2125 4015 2378 4075 pastores
2428 4022 2560 4061 oves
2599 4006 2833 4068 meas",
2862 4023 2879 4055 ι
2937 4020 3049 4059 non
3094 4013 3371 4073 paverunt
3412 4017 3529 4058 eas.

1944 4091 2013 4146 Et
2039 4109 2083 4145 τι
2112 4090 2412 4160 Exquiram
2441 4105 2573 4144 oves
2596 4105 2747 4143 meas
2777 4088 2846 4143 de
2875 4104 3041 4142 manu
3069 4088 3377 4142 corum“.r
3399 4087 3534 4142 Tale

1944 4178 2155 4248 aliquid
2187 4178 2462 4232 invenisse
2488 4176 2652 4231 liccat
2683 4176 2829 4245 apud
2858 4176 3159 4240 lrenmum;
3199 4175 3278 4229 ait
3303 4175 3455 4230 enim
3484 4175 3534 4229 is

1946 4266 2014 4320 de
2038 4266 2251 4321 Joanne
2279 4264 2567 4332 Thcologo
2595 4263 2698 4333 (ει),
2733 4262 2881 4332 quod
2914 4278 3041 4318 cum
3068 4262 3306 4317 vidisset
3330 4262 3376 4316 is
3402 4261 3537 4317 ado-

1946 4354 2250 4409 lescentem
2314 4351 2611 4422 quemdam
2675 4350 2877 4404 nativa:
2936 4349 3140 4404 indolis
3201 4347 3545 4403 dexteritate-

1944 4441 2298 4510 prazsignem,
2338 4437 2676 4492 rudimentis
2705 4436 2837 4491 ﬁdei
2868 4435 3152 4499 instruxit,
3193 4434 3534 4491 instructum

245 4494 612 4564 λογήσασθαι,
641 4494 807 4563 μηδὲν
869 4494 1243 4564 κομισάμενος
1301 4497 1433 4566 παρ’
1484 4496 1672 4553 αὐτοῦ.
1703 4497 1830 4551 Τότε

1949 4528 2226 4597 baptismo
2255 4525 2522 4581 admovit.
2573 4525 2733 4580 Hunc
2762 4523 3006 4580 civitatis
3031 4523 3298 4593 episcopo
3329 4539 3537 4578 curan~

247 4587 552 4658 προφανῶς
587 4584 735 4655 λέγει
764 4584 948 4655 αὐτῷ’
987 4585 1093 4638 Τὸν
1138 4586 1377 4649 νεανίαν,
1410 4585 1470 4638 ὃν
1518 4587 1843 4660 παρεθέμην

252 4695 363 4739 σοι,
391 4676 607 4740 ἀπόδος·
643 4677 673 4729 6
706 4675 763 4729 δὲ
793 4675 1037 4744 κρούσας
1068 4675 1168 4738 τὰς
1203 4679 1414 4747 χεῖρας,
1443 4676 1569 4747 ἔφη’
1608 4679 1844 4744 Ἐκεῖνος

249 4767 520 4836 τέθνηκεν
546 4783 561 4799 ο
593 4767 689 4820 καὶ
728 4766 1028 4837 διηγήσατο
1058 4767 1209 4836 αὐτῷ
1238 4767 1304 4821 τὰ
1340 4769 1462 4821 κατ’
1493 4769 1658 4822 αὐτόν
1684 4787 1697 4800 ·
1731 4774 1758 4825 6
1786 4771 1844 4824 δὲ

264 4858 593 4921 Ἀπόστολος
631 4857 769 4928 μετὰ
800 4858 1044 4929 μεγάλης
1083 4859 1332 4930 οἰμωγῆς
1370 4858 1713 4932 πληξάμενος
1744 4863 1845 4935 τὴν

252 4948 524 5021 κεφαλὴν,
556 4948 697 5020 ἔφη’
728 4948 910 5002 Καλόν
956 4966 1016 5002 σε
1070 4948 1285 5017 φύλακα
1331 4950 1431 5020 τῆς
1478 4951 1573 5004 τοῦ
1611 4953 1843 5022 ἀδελφοῦ

250 5041 436 5110 ψυχῆς
468 5038 762 5093 κατέλιπον
794 5056 810 5074 ο
856 5040 953 5094 καὶ
1003 5040 1205 5102 εὐθέως
1238 5041 1461 5111 ἐξῆλθεν
1502 5046 1580 5106 εἰς
1615 5045 1837 5099 ἐπιδίω-

335 5216 379 5247 ¹⁷
422 5215 623 5271 Ezech.
653 5233 805 5282 xvm,
835 5218 927 5272 24.
987 5219 1030 5251 ’⁸
1075 5218 1271 5273 Ezech.
1300 5236 1485 5280 χχχιιι,
1513 5224 1564 5278 9,

261 5300 320 5351 x,
346 5285 435 5342 11.
515 5286 560 5319 ³³
591 5286 797 5343 Ezech.
830 5303 1015 5355 xxxw,
1045 5290 1098 5343 8.
1176 5292 1222 5322 "
1255 5291 1391 5345 ibid.
1428 5292 1510 5346 10.

1648 5227 1855 5284 "ibid.
1889 5229 1971 5283 ll.
2031 5230 2077 5262 ’θ
2116 5228 2307 5283 Matth.
2344 5244 2495 5290 xvm,
2530 5228 2617 5280 i7.

1946 4616 2080 4670 dum
2099 4615 2274 4677 dedit,
2288 4614 2483 4668 dicens
2502 4630 2516 4666 :
2535 4612 2957 4667 Adolescentem
2977 4611 3126 4665 hunc
3140 4618 3539 4666 tuaecommen-

1947 4705 2021 4759 do
2050 4702 2199 4768 ﬁdei,
2229 4711 2285 4756 et
2310 4702 2413 4755 iter
2441 4700 2701 4770 arripuit.
2728 4699 3038 4769 Episcopus
3059 4713 3167 4753 non
3192 4698 3536 4753 instrenuam

1947 4806 2175 4861 operam
2197 4789 2396 4844 alendo
2413 4803 2586 4859 puero
2610 4786 3002 4842 commodavit.
3039 4786 3161 4841 Non
3177 4785 3539 4842 mediocriter

1952 4879 2105 4932 hunc
2136 4876 2391 4939 amabat,
2445 4874 2695 4943 adeoque
2733 4874 3102 4943 promovebat
3126 4873 3555 4929 adolescentem.

1956 4964 2140 5019 initio.
2201 4959 2418 5017 Sensim
2454 4973 2580 5012 cum
2611 4959 2914 5014 oscitanter
2950 4956 3102 5011 illius
3131 4970 3318 5029 ageret
3344 4975 3559 5018 curam.

1952 5050 2133 5122 pueri,
2153 5065 2182 5103 a
2200 5045 2536 5103 rectitudine
2554 5045 2682 5101 vita:
2699 5046 2927 5103 deﬂexit
2946 5046 3192 5114 tandem,
3207 5048 3284 5104 ita
3303 5057 3367 5104 ut
3386 5046 3543 5118 prin-

2699 5229 2739 5258 "
2778 5228 2981 5283 .lcrem.
3010 5242 3097 5290 xv,
3134 5225 3221 5281 19.
3301 5226 3347 5257 ’³
3380 5225 3539 5280 Joan.

1821 5435 2053 5493 ΝΟΤίΕ.

337 5537 438 5609 (1)
479 5540 567 5594 Ait
584 5543 738 5617 enim
766 5542 810 5597 is
841 5543 905 5597 de
930 5543 1138 5617 Joanne
1168 5544 1447 5616 Theologo,
1484 5555 1593 5601 etc.
1634 5546 1687 5601 Id
1719 5549 1845 5617 qui-

265 5609 417 5673 dem,
452 5610 600 5692 quod
627 5614 819 5692 sciam,
851 5615 996 5692 apud
1020 5615 1293 5692 irenaaum
1328 5609 1599 5692 nusquam
1628 5609 1805 5692 exstat
1832 5637 1843 5671 ι

268 5695 374 5735 nec
396 5682 636 5755 mirum_;
660 5682 991 5755 pluragenim
1019 5685 1167 5740 illius
1189 5702 1356 5755 opera
1384 5682 1690 5742 desiderari
1717 5704 1848 5742 con-

267 5758 413 5823 s_tat_,
463 5765 530 5804 ex
578 5751 779 5823 Euseb.
826 5752 920 5806 lib.
949 5770 979 5806 v
1027 5755 1161 5809 Ilist.
1207 5751 1328 5823 cap.
1371 5757 1471 5820 t9;
1527 5767 1583 5811 et
1619 5756 1845 5813 Hieron.

267 5818 599 5892 Scriptorum
629 5820 1097 5881 ecclesiasticarum
1121 5818 1399 5899 Catal'ogo.
1426 5818 1628 5884 Verum
1652 5830 1853 5885 citatur

1954 5549 2024 5603 ab
2054 5548 2262 5604 Euseb.
2295 5548 2602 5604 Ecclesiasl.
2626 5550 2748 5603 hist.
2782 5565 2838 5603 ιιι
2869 5547 2965 5603 lib.
2996 5549 3238 5616 cap.‘l7.;
3268 5563 3336 5602 ex
3357 5546 3542 5603 Clem.

1957 5618 2217 5688 Ejusdem
2269 5619 2521 5673 meminit
2571 5619 2894 5673 Abdiaslib.
2930 5635 2996 5681 v,
3048 5617 3448 5688 Metaphrastes
3484 5619 3542 5688 in

1963 5686 2025 5741 Ii.
2055 5689 2279 5742 Joannis
2313 5689 2450 5753 Vita,
2471 5698 2525 5743 ct
2548 5690 2931 5758 Chrysostom.
2965 5688 3130 5758 epist.
3160 5686 3289 5758 5'_ad
3319 5686 3539 5740 Themi.

1963 5704 2025 5741 ΙΙ.
2055 5704 2279 5742 Joannis
2318 5704 2450 5753 γιια,
2471 5704 2525 5743 οι
2548 5704 2931 5758 unrysosmm.
2965 5704 2993 5741 θ
3040 5704 3130 5742 lSl.
3160 5704 3191 5741 ι)
3221 5704 3289 5740 aa
3331 5704 3539 5740 lllOOtl.

1957 5759 2097 5827 laps.
2156 5758 2354 5839 Joann.
2406 5761 2789 5833 Evangelista,
2847 5704 3169 5831 TlieoYogns
3193 5756 3379 5814 dictus
3407 5758 3555 5813 Λημη

1957 5840 2328 5885 οηοηιαδιιςοδ.
