  <div class='ocr_page' id='page_1' title='image "/cluster/home/n/w/nwhite01/storage/ocr_20150623/89/nnc1.0046980172/933.png"; bbox 0 0 4178 6424; ppageno 0'>
   <div class='ocr_carea' id='block_1_1' title="bbox 689 400 823 466">
    <p class='ocr_par' dir='ltr' id='par_1_1' title="bbox 689 400 823 466">
     <span class='ocr_line' id='line_1_1' title="bbox 689 400 823 466; baseline 0.007 -2"><span class='ocrx_word' id='word_1_1' title='bbox 689 400 823 466; x_wconf 79' lang='grc'><strong>1815</strong></span> 
     </span>
    </p>
   </div>
   <div class='ocr_carea' id='block_1_2' title="bbox 1998 405 2745 471">
    <p class='ocr_par' dir='ltr' id='par_1_2' title="bbox 1998 405 2745 471">
     <span class='ocr_line' id='line_1_2' title="bbox 1998 405 2745 471; baseline 0.007 -5"><span class='ocrx_word' id='word_1_2' title='bbox 1998 405 2362 467; x_wconf 78' lang='lat' dir='ltr'><strong>ANTIOCHI</strong></span> <span class='ocrx_word' id='word_1_3' title='bbox 2405 410 2745 471; x_wconf 72' lang='lat' dir='ltr'><strong>MONACIH</strong></span> 
     </span>
    </p>
   </div>
   <div class='ocr_carea' id='block_1_3' title="bbox 3829 406 3967 467">
    <p class='ocr_par' dir='ltr' id='par_1_3' title="bbox 3829 406 3967 467">
     <span class='ocr_line' id='line_1_3' title="bbox 3829 406 3967 467; baseline 0.007 -1"><span class='ocrx_word' id='word_1_4' title='bbox 3829 406 3967 467; x_wconf 78' lang='grc'><strong>1816</strong></span> 
     </span>
    </p>
   </div>
   <div class='ocr_carea' id='block_1_4' title="bbox 680 516 2285 593">
    <p class='ocr_par' dir='ltr' id='par_1_4' title="bbox 680 516 2263 591">
     <span class='ocr_line' id='line_1_4' title="bbox 680 516 2263 591; baseline 0.004 -22"><span class='ocrx_word' id='word_1_5' title='bbox 680 535 813 586; x_wconf 83' lang='lat' dir='ltr'><strong>eeps</strong></span> <span class='ocrx_word' id='word_1_6' title='bbox 843 516 1153 571; x_wconf 79' lang='lat' dir='ltr'><strong>cﬂiccn-tur</strong></span> <span class='ocrx_word' id='word_1_7' title='bbox 1182 526 1480 573; x_wconf 88' lang='lat' dir='ltr'><strong>.atronum.</strong></span> <span class='ocrx_word' id='word_1_8' title='bbox 1516 517 1765 589; x_wconf 84' lang='lat' dir='ltr'><strong>Cumque</strong></span> <span class='ocrx_word' id='word_1_9' title='bbox 1796 534 1864 574; x_wconf 89' lang='lat' dir='ltr'><strong>eo</strong></span> <span class='ocrx_word' id='word_1_10' title='bbox 1890 520 1995 574; x_wconf 91' lang='lat' dir='ltr'><strong>loci</strong></span> <span class='ocrx_word' id='word_1_11' title='bbox 2023 535 2081 574; x_wconf 89' lang='lat' dir='ltr'><strong>se</strong></span> <span class='ocrx_word' id='word_1_12' title='bbox 2108 529 2263 591; x_wconf 87' lang='lat' dir='ltr'><strong>post-</strong></span> 
     </span>
    </p>
   </div>
   <div class='ocr_carea' id='block_1_5' title="bbox 2391 516 3969 593">
    <p class='ocr_par' dir='ltr' id='par_1_5' title="bbox 2391 520 3969 593">
     <span class='ocr_line' id='line_1_5' title="bbox 2391 520 3969 593; baseline -0.002 -19"><span class='ocrx_word' id='word_1_13' title='bbox 2391 523 2453 585; x_wconf 75' lang='grc' dir='ltr'>ξιν</span> <span class='ocrx_word' id='word_1_14' title='bbox 2474 523 2637 578; x_wconf 75' lang='grc' dir='ltr'>αὑτοῦ</span> <span class='ocrx_word' id='word_1_15' title='bbox 2657 541 2669 553; x_wconf 88' lang='grc'><strong>·</strong></span> <span class='ocrx_word' id='word_1_16' title='bbox 2707 523 2830 577; x_wconf 78' lang='grc' dir='ltr'>ἰδὼν</span> <span class='ocrx_word' id='word_1_17' title='bbox 2860 525 2914 577; x_wconf 82' lang='grc' dir='ltr'>δὲ</span> <span class='ocrx_word' id='word_1_18' title='bbox 2936 524 3097 577; x_wconf 72' lang='grc' dir='ltr'>αὑτὸν</span> <span class='ocrx_word' id='word_1_19' title='bbox 3120 523 3325 588; x_wconf 70' lang='grc' dir='ltr'>ἐκεῖνος</span> <span class='ocrx_word' id='word_1_20' title='bbox 3347 523 3549 593; x_wconf 67' lang='grc' dir='ltr'>ἤρξατο</span> <span class='ocrx_word' id='word_1_21' title='bbox 3580 522 3803 588; x_wconf 68' lang='grc' dir='ltr'>φεύγειν</span> <span class='ocrx_word' id='word_1_22' title='bbox 3826 536 3837 549; x_wconf 88' lang='grc'><strong>·</strong></span> <span class='ocrx_word' id='word_1_23' title='bbox 3863 522 3892 572; x_wconf 74' lang='grc' dir='ltr'><strong>ό</strong></span> <span class='ocrx_word' id='word_1_24' title='bbox 3911 520 3969 572; x_wconf 70' lang='grc' dir='ltr'>δὲ</span> 
     </span>
    </p>
   </div>
   <div class='ocr_carea' id='block_1_6' title="bbox 677 611 2259 683">
    <p class='ocr_par' dir='ltr' id='par_1_6' title="bbox 677 611 2259 683">
     <span class='ocr_line' id='line_1_6' title="bbox 677 611 2259 683; baseline 0.002 -18"><span class='ocrx_word' id='word_1_25' title='bbox 677 612 893 665; x_wconf 86' lang='lat' dir='ltr'><strong>liminio</strong></span> <span class='ocrx_word' id='word_1_26' title='bbox 915 611 1213 680; x_wconf 85' lang='lat' dir='ltr'><strong>recepisset</strong></span> <span class='ocrx_word' id='word_1_27' title='bbox 1227 612 1562 681; x_wconf 77' lang='lat' dir='ltr'><strong>Theologus,</strong></span> <span class='ocrx_word' id='word_1_28' title='bbox 1580 614 1896 683; x_wconf 90' lang='lat' dir='ltr'><strong>repoposcit</strong></span> <span class='ocrx_word' id='word_1_29' title='bbox 1912 613 1981 668; x_wconf 87' lang='lat' dir='ltr'><strong>ab</strong></span> <span class='ocrx_word' id='word_1_30' title='bbox 1997 614 2259 683; x_wconf 85' lang='lat' dir='ltr'><strong>episcopo</strong></span> 
     </span>
    </p>
   </div>
   <div class='ocr_carea' id='block_1_7' title="bbox 676 702 2263 772">
    <p class='ocr_par' dir='ltr' id='par_1_7' title="bbox 676 702 2263 772">
     <span class='ocr_line' id='line_1_7' title="bbox 676 702 2263 772; baseline 0.001 -14"><span class='ocrx_word' id='word_1_31' title='bbox 676 704 781 758; x_wconf 79' lang='lat' dir='ltr'><strong>sibi</strong></span> <span class='ocrx_word' id='word_1_32' title='bbox 807 702 1194 772; x_wconf 71' lang='lat' dir='ltr'><strong>reprzesentari</strong></span> <span class='ocrx_word' id='word_1_33' title='bbox 1216 702 1556 772; x_wconf 90' lang='lat' dir='ltr'><strong>depositum.</strong></span> <span class='ocrx_word' id='word_1_34' title='bbox 1581 703 1967 767; x_wconf 86' lang='lat' dir='ltr'><strong>ls,arbitratus</strong></span> <span class='ocrx_word' id='word_1_35' title='bbox 1985 721 2263 759; x_wconf 89' lang='lat' dir='ltr'><strong>commen—</strong></span> 
     </span>
    </p>
   </div>
   <div class='ocr_carea' id='block_1_8' title="bbox 678 795 2265 865">
    <p class='ocr_par' dir='ltr' id='par_1_8' title="bbox 678 795 2265 865">
     <span class='ocr_line' id='line_1_8' title="bbox 678 795 2265 865; baseline 0.001 -16"><span class='ocrx_word' id='word_1_36' title='bbox 678 796 929 851; x_wconf 87' lang='lat' dir='ltr'><strong>datitiam</strong></span> <span class='ocrx_word' id='word_1_37' title='bbox 978 795 1275 865; x_wconf 90' lang='lat' dir='ltr'><strong>pecuniam</strong></span> <span class='ocrx_word' id='word_1_38' title='bbox 1328 810 1356 848; x_wconf 90' lang='lat' dir='ltr'><strong>a</strong></span> <span class='ocrx_word' id='word_1_39' title='bbox 1399 810 1459 849; x_wconf 87' lang='lat' dir='ltr'><strong>se</strong></span> <span class='ocrx_word' id='word_1_40' title='bbox 1499 795 1741 865; x_wconf 83' lang='lat' dir='ltr'><strong>reposci,</strong></span> <span class='ocrx_word' id='word_1_41' title='bbox 1780 795 2025 850; x_wconf 75' lang='lat' dir='ltr'><strong>luerebat</strong></span> <span class='ocrx_word' id='word_1_42' title='bbox 2057 796 2265 851; x_wconf 91' lang='lat' dir='ltr'><strong>dubius</strong></span> 
     </span>
    </p>
   </div>
   <div class='ocr_carea' id='block_1_9' title="bbox 682 887 2264 958">
    <p class='ocr_par' dir='ltr' id='par_1_9' title="bbox 682 887 2264 958">
     <span class='ocr_line' id='line_1_9' title="bbox 682 887 2264 958; baseline -0.001 -18"><span class='ocrx_word' id='word_1_43' title='bbox 682 888 852 941; x_wconf 87' lang='lat' dir='ltr'><strong>animi</strong></span> <span class='ocrx_word' id='word_1_44' title='bbox 885 887 1017 956; x_wconf 94' lang='lat' dir='ltr'><strong>quid</strong></span> <span class='ocrx_word' id='word_1_45' title='bbox 1054 887 1461 957; x_wconf 91' lang='lat' dir='ltr'><strong>responderet:</strong></span> <span class='ocrx_word' id='word_1_46' title='bbox 1490 890 1698 958; x_wconf 90' lang='lat' dir='ltr'><strong>quippe</strong></span> <span class='ocrx_word' id='word_1_47' title='bbox 1733 887 1828 956; x_wconf 85' lang='lat' dir='ltr'><strong>qui</strong></span> <span class='ocrx_word' id='word_1_48' title='bbox 1864 888 2000 940; x_wconf 84' lang='lat' dir='ltr'><strong>nihil</strong></span> <span class='ocrx_word' id='word_1_49' title='bbox 2031 888 2100 941; x_wconf 89' lang='lat' dir='ltr'><strong>ab</strong></span> <span class='ocrx_word' id='word_1_50' title='bbox 2129 902 2264 956; x_wconf 84' lang='lat' dir='ltr'><strong>apo-</strong></span> 
     </span>
    </p>
   </div>
   <div class='ocr_carea' id='block_1_10' title="bbox 682 980 2265 1051">
    <p class='ocr_par' dir='ltr' id='par_1_10' title="bbox 682 980 2265 1051">
     <span class='ocr_line' id='line_1_10' title="bbox 682 980 2265 1051; baseline -0.001 -18"><span class='ocrx_word' id='word_1_51' title='bbox 682 982 824 1033; x_wconf 86' lang='lat' dir='ltr'><strong>stolo</strong></span> <span class='ocrx_word' id='word_1_52' title='bbox 852 981 1161 1050; x_wconf 88' lang='lat' dir='ltr'><strong>accepisset</strong></span> <span class='ocrx_word' id='word_1_53' title='bbox 1187 981 1461 1051; x_wconf 67' lang='lat' dir='ltr'><strong>peeuniaa.</strong></span> <span class='ocrx_word' id='word_1_54' title='bbox 1492 980 1650 1035; x_wconf 90' lang='lat' dir='ltr'><strong>Tunc</strong></span> <span class='ocrx_word' id='word_1_55' title='bbox 1679 981 1815 1034; x_wconf 84' lang='lat' dir='ltr'><strong>nihil</strong></span> <span class='ocrx_word' id='word_1_56' title='bbox 1845 980 2265 1034; x_wconf 76' lang='lat' dir='ltr'><strong>dissimulanter</strong></span> 
     </span>
    </p>
   </div>
   <div class='ocr_carea' id='block_1_11' title="bbox 680 1072 2265 1142">
    <p class='ocr_par' dir='ltr' id='par_1_11' title="bbox 680 1072 2265 1142">
     <span class='ocr_line' id='line_1_11' title="bbox 680 1072 2265 1142; baseline 0.001 -18"><span class='ocrx_word' id='word_1_57' title='bbox 680 1072 859 1140; x_wconf 89' lang='lat' dir='ltr'><strong>aperit</strong></span> <span class='ocrx_word' id='word_1_58' title='bbox 905 1087 1022 1125; x_wconf 90' lang='lat' dir='ltr'><strong>rem</strong></span> <span class='ocrx_word' id='word_1_59' title='bbox 1076 1072 1339 1142; x_wconf 87' lang='lat' dir='ltr'><strong>episc0po</strong></span> <span class='ocrx_word' id='word_1_60' title='bbox 1391 1090 1406 1125; x_wconf 88' lang='lat'><strong>:</strong></span> <span class='ocrx_word' id='word_1_61' title='bbox 1449 1073 1719 1127; x_wconf 78' lang='lat' dir='ltr'><strong>Juvenem</strong></span> <span class='ocrx_word' id='word_1_62' title='bbox 1759 1073 1912 1125; x_wconf 94' lang='lat' dir='ltr'><strong>illum</strong></span> <span class='ocrx_word' id='word_1_63' title='bbox 1960 1087 2122 1141; x_wconf 88' lang='lat' dir='ltr'><strong>quem</strong></span> <span class='ocrx_word' id='word_1_64' title='bbox 2159 1081 2265 1126; x_wconf 75' lang='lat' dir='ltr'><strong>tua:</strong></span> 
     </span>
    </p>
   </div>
   <div class='ocr_carea' id='block_1_12' title="bbox 682 1161 2265 1225">
    <p class='ocr_par' dir='ltr' id='par_1_12' title="bbox 682 1161 2265 1225">
     <span class='ocr_line' id='line_1_12' title="bbox 682 1161 2265 1225; baseline 0.003 -13"><span class='ocrx_word' id='word_1_65' title='bbox 682 1161 809 1214; x_wconf 89' lang='lat' dir='ltr'><strong>lidei</strong></span> <span class='ocrx_word' id='word_1_66' title='bbox 859 1161 1104 1225; x_wconf 85' lang='lat' dir='ltr'><strong>credidi,</strong></span> <span class='ocrx_word' id='word_1_67' title='bbox 1162 1162 1353 1217; x_wconf 88' lang='lat' dir='ltr'><strong>redde.</strong></span> <span class='ocrx_word' id='word_1_68' title='bbox 1412 1164 1481 1217; x_wconf 84' lang='lat' dir='ltr'><strong>At</strong></span> <span class='ocrx_word' id='word_1_69' title='bbox 1525 1163 1614 1218; x_wconf 91' lang='lat' dir='ltr'><strong>hic</strong></span> <span class='ocrx_word' id='word_1_70' title='bbox 1664 1163 1874 1216; x_wconf 81' lang='lat' dir='ltr'><strong>collisis</strong></span> <span class='ocrx_word' id='word_1_71' title='bbox 1914 1164 2170 1217; x_wconf 90' lang='lat' dir='ltr'><strong>manibus</strong></span> <span class='ocrx_word' id='word_1_72' title='bbox 2212 1174 2265 1217; x_wconf 89' lang='lat' dir='ltr'><strong>et</strong></span> 
     </span>
    </p>
   </div>
   <div class='ocr_carea' id='block_1_13' title="bbox 680 1253 2266 1324">
    <p class='ocr_par' dir='ltr' id='par_1_13' title="bbox 680 1253 2266 1324">
     <span class='ocr_line' id='line_1_13' title="bbox 680 1253 2266 1324; baseline 0.001 -19"><span class='ocrx_word' id='word_1_73' title='bbox 680 1253 979 1320; x_wconf 83' lang='lat' dir='ltr'><strong>complosis</strong></span> <span class='ocrx_word' id='word_1_74' title='bbox 1014 1254 1302 1323; x_wconf 90' lang='lat' dir='ltr'><strong>respondit</strong></span> <span class='ocrx_word' id='word_1_75' title='bbox 1347 1274 1359 1308; x_wconf 93' lang='lat'>:</span> <span class='ocrx_word' id='word_1_76' title='bbox 1404 1255 1498 1308; x_wconf 89' lang='lat' dir='ltr'><strong>llle</strong></span> <span class='ocrx_word' id='word_1_77' title='bbox 1546 1263 1801 1308; x_wconf 89' lang='lat' dir='ltr'><strong>mortuus</strong></span> <span class='ocrx_word' id='word_1_78' title='bbox 1828 1264 1948 1320; x_wconf 87' lang='lat' dir='ltr'><strong>est;</strong></span> <span class='ocrx_word' id='word_1_79' title='bbox 1996 1264 2161 1324; x_wconf 88' lang='lat' dir='ltr'><strong>atque</strong></span> <span class='ocrx_word' id='word_1_80' title='bbox 2192 1256 2266 1308; x_wconf 92' lang='lat' dir='ltr'><strong>ita</strong></span> 
     </span>
    </p>
   </div>
   <div class='ocr_carea' id='block_1_14' title="bbox 680 1346 2270 1418">
    <p class='ocr_par' dir='ltr' id='par_1_14' title="bbox 680 1346 2270 1418">
     <span class='ocr_line' id='line_1_14' title="bbox 680 1346 2270 1418; baseline 0.001 -21"><span class='ocrx_word' id='word_1_81' title='bbox 680 1346 962 1400; x_wconf 66' lang='lat' dir='ltr'><strong>enarravit</strong></span> <span class='ocrx_word' id='word_1_82' title='bbox 993 1362 1118 1415; x_wconf 69' lang='lat' dir='ltr'><strong>qum</strong></span> <span class='ocrx_word' id='word_1_83' title='bbox 1151 1347 1228 1401; x_wconf 87' lang='lat' dir='ltr'><strong>illi</strong></span> <span class='ocrx_word' id='word_1_84' title='bbox 1257 1349 1621 1417; x_wconf 79' lang='lat' dir='ltr'><strong>contigerant.</strong></span> <span class='ocrx_word' id='word_1_85' title='bbox 1673 1347 1811 1401; x_wconf 90' lang='lat' dir='ltr'><strong>Tum</strong></span> <span class='ocrx_word' id='word_1_86' title='bbox 1842 1348 2132 1418; x_wconf 81' lang='lat' dir='ltr'><strong>apostolus</strong></span> <span class='ocrx_word' id='word_1_87' title='bbox 2156 1364 2270 1400; x_wconf 83' lang='lat' dir='ltr'><strong>ma-</strong></span> 
     </span>
    </p>
   </div>
   <div class='ocr_carea' id='block_1_15' title="bbox 682 1437 2268 1508">
    <p class='ocr_par' dir='ltr' id='par_1_15' title="bbox 682 1437 2268 1508">
     <span class='ocr_line' id='line_1_15' title="bbox 682 1437 2268 1508; baseline 0.003 -20"><span class='ocrx_word' id='word_1_88' title='bbox 682 1452 789 1503; x_wconf 60' lang='lat' dir='ltr'><strong>gno</strong></span> <span class='ocrx_word' id='word_1_89' title='bbox 822 1452 945 1490; x_wconf 85' lang='lat' dir='ltr'><strong>cum</strong></span> <span class='ocrx_word' id='word_1_90' title='bbox 976 1437 1107 1491; x_wconf 86' lang='lat' dir='ltr'><strong>ﬂetu</strong></span> <span class='ocrx_word' id='word_1_91' title='bbox 1138 1449 1305 1508; x_wconf 88' lang='lat' dir='ltr'><strong>caput</strong></span> <span class='ocrx_word' id='word_1_92' title='bbox 1334 1439 1642 1508; x_wconf 81' lang='lat' dir='ltr'><strong>percussit,</strong></span> <span class='ocrx_word' id='word_1_93' title='bbox 1692 1450 1749 1493; x_wconf 80' lang='lat' dir='ltr'><strong>ct</strong></span> <span class='ocrx_word' id='word_1_94' title='bbox 1796 1441 1873 1494; x_wconf 90' lang='lat' dir='ltr'><strong>ait</strong></span> <span class='ocrx_word' id='word_1_95' title='bbox 1918 1458 1929 1469; x_wconf 73' lang='lat'><strong>&#39;</strong></span> <span class='ocrx_word' id='word_1_96' title='bbox 1974 1440 2183 1493; x_wconf 73' lang='lat' dir='ltr'><strong>bonum</strong></span> <span class='ocrx_word' id='word_1_97' title='bbox 2217 1448 2268 1493; x_wconf 91' lang='lat' dir='ltr'><strong>te</strong></span> 
     </span>
    </p>
   </div>
   <div class='ocr_carea' id='block_1_16' title="bbox 684 1529 2265 1599">
    <p class='ocr_par' dir='ltr' id='par_1_16' title="bbox 684 1529 2265 1599">
     <span class='ocr_line' id='line_1_16' title="bbox 684 1529 2265 1599; baseline 0.002 -18"><span class='ocrx_word' id='word_1_98' title='bbox 684 1529 972 1583; x_wconf 88' lang='lat' dir='ltr'><strong>custodem</strong></span> <span class='ocrx_word' id='word_1_99' title='bbox 1026 1530 1223 1599; x_wconf 89' lang='lat' dir='ltr'><strong>reliqui</strong></span> <span class='ocrx_word' id='word_1_100' title='bbox 1279 1530 1539 1585; x_wconf 76' lang='lat' dir='ltr'><strong>fraterna:</strong></span> <span class='ocrx_word' id='word_1_101' title='bbox 1582 1532 1818 1584; x_wconf 69' lang='lat' dir='ltr'><strong>animm!</strong></span> <span class='ocrx_word' id='word_1_102' title='bbox 1876 1530 2049 1585; x_wconf 90' lang='lat' dir='ltr'><strong>Sitnul</strong></span> <span class='ocrx_word' id='word_1_103' title='bbox 2094 1532 2265 1597; x_wconf 86' lang='lat' dir='ltr'><strong>dicto,</strong></span> 
     </span>
    </p>
   </div>
   <div class='ocr_carea' id='block_1_17' title="bbox 685 1622 2266 1692">
    <p class='ocr_par' dir='ltr' id='par_1_17' title="bbox 685 1622 2266 1692">
     <span class='ocr_line' id='line_1_17' title="bbox 685 1622 2266 1692; baseline 0.003 -21"><span class='ocrx_word' id='word_1_104' title='bbox 685 1637 946 1690; x_wconf 67' lang='lat' dir='ltr'><strong>egressus</strong></span> <span class='ocrx_word' id='word_1_105' title='bbox 983 1632 1067 1675; x_wconf 89' lang='lat' dir='ltr'><strong>est</strong></span> <span class='ocrx_word' id='word_1_106' title='bbox 1114 1622 1180 1675; x_wconf 92' lang='lat' dir='ltr'><strong>ad</strong></span> <span class='ocrx_word' id='word_1_107' title='bbox 1229 1623 1679 1692; x_wconf 88' lang='lat' dir='ltr'><strong>persequendum</strong></span> <span class='ocrx_word' id='word_1_108' title='bbox 1720 1624 2005 1692; x_wconf 85' lang='lat' dir='ltr'><strong>juvenem.</strong></span> <span class='ocrx_word' id='word_1_109' title='bbox 2052 1627 2119 1676; x_wconf 78' lang='lat' dir='ltr'><strong>At</strong></span> <span class='ocrx_word' id='word_1_110' title='bbox 2155 1624 2266 1684; x_wconf 93' lang='lat' dir='ltr'><strong>hic,</strong></span> 
     </span>
    </p>
   </div>
   <div class='ocr_carea' id='block_1_18' title="bbox 685 1713 2267 1784">
    <p class='ocr_par' dir='ltr' id='par_1_18' title="bbox 685 1713 2267 1784">
     <span class='ocr_line' id='line_1_18' title="bbox 685 1713 2267 1784; baseline 0.003 -20"><span class='ocrx_word' id='word_1_111' title='bbox 685 1722 745 1765; x_wconf 86' lang='lat' dir='ltr'><strong>ut</strong></span> <span class='ocrx_word' id='word_1_112' title='bbox 802 1713 946 1765; x_wconf 80' lang='lat' dir='ltr'><strong>vidit</strong></span> <span class='ocrx_word' id='word_1_113' title='bbox 1000 1713 1312 1779; x_wconf 80' lang='lat' dir='ltr'><strong>Joannem,</strong></span> <span class='ocrx_word' id='word_1_114' title='bbox 1387 1714 1513 1784; x_wconf 80' lang='lat' dir='ltr'><strong>fuga</strong></span> <span class='ocrx_word' id='word_1_115' title='bbox 1575 1714 1830 1768; x_wconf 88' lang='lat' dir='ltr'><strong>concitus</strong></span> <span class='ocrx_word' id='word_1_116' title='bbox 1891 1714 2267 1769; x_wconf 85' lang='lat' dir='ltr'><strong>dilabebatur.</strong></span> 
     </span>
    </p>
   </div>
   <div class='ocr_carea' id='block_1_19' title="bbox 682 1804 2272 1876">
    <p class='ocr_par' dir='ltr' id='par_1_19' title="bbox 682 1804 2272 1876">
     <span class='ocr_line' id='line_1_19' title="bbox 682 1804 2272 1876; baseline 0.001 -21"><span class='ocrx_word' id='word_1_117' title='bbox 682 1804 966 1858; x_wconf 69' lang='lat' dir='ltr'><strong>Clamabat</strong></span> <span class='ocrx_word' id='word_1_118' title='bbox 987 1805 1230 1860; x_wconf 75' lang='lat' dir='ltr'><strong>Joannes</strong></span> <span class='ocrx_word' id='word_1_119' title='bbox 1255 1824 1267 1860; x_wconf 89' lang='lat'><strong>:</strong></span> <span class='ocrx_word' id='word_1_120' title='bbox 1295 1806 1587 1876; x_wconf 81' lang='lat' dir='ltr'><strong>Exspecta,</strong></span> <span class='ocrx_word' id='word_1_121' title='bbox 1607 1806 1704 1870; x_wconf 82' lang='lat' dir='ltr'><strong>lili,</strong></span> <span class='ocrx_word' id='word_1_122' title='bbox 1730 1817 1945 1876; x_wconf 89' lang='lat' dir='ltr'><strong>patrem</strong></span> <span class='ocrx_word' id='word_1_123' title='bbox 1966 1818 2142 1869; x_wconf 91' lang='lat' dir='ltr'><strong>tuum,</strong></span> <span class='ocrx_word' id='word_1_124' title='bbox 2172 1805 2272 1858; x_wconf 92' lang='lat' dir='ltr'><strong>mi-</strong></span> 
     </span>
    </p>
   </div>
   <div class='ocr_carea' id='block_1_20' title="bbox 685 1897 2270 1969">
    <p class='ocr_par' dir='ltr' id='par_1_20' title="bbox 685 1897 2270 1969">
     <span class='ocr_line' id='line_1_20' title="bbox 685 1897 2270 1969; baseline 0.002 -22"><span class='ocrx_word' id='word_1_125' title='bbox 685 1912 872 1955; x_wconf 63' lang='lat' dir='ltr'><strong>serere</strong></span> <span class='ocrx_word' id='word_1_126' title='bbox 902 1898 1125 1953; x_wconf 82' lang='lat' dir='ltr'><strong>canitiei</strong></span> <span class='ocrx_word' id='word_1_127' title='bbox 1164 1898 1331 1969; x_wconf 86' lang='lat' dir='ltr'><strong>hujus</strong></span> <span class='ocrx_word' id='word_1_128' title='bbox 1360 1916 1512 1953; x_wconf 70' lang='lat' dir='ltr'><strong>mem.</strong></span> <span class='ocrx_word' id='word_1_129' title='bbox 1554 1900 1805 1967; x_wconf 84' lang='lat' dir='ltr'><strong>Cumque</strong></span> <span class='ocrx_word' id='word_1_130' title='bbox 1838 1899 1885 1951; x_wconf 92' lang='lat' dir='ltr'><strong>is</strong></span> <span class='ocrx_word' id='word_1_131' title='bbox 1918 1897 2148 1965; x_wconf 90' lang='lat' dir='ltr'><strong>propius</strong></span> <span class='ocrx_word' id='word_1_132' title='bbox 2176 1912 2270 1950; x_wconf 85' lang='lat' dir='ltr'><strong>ac-</strong></span> 
     </span>
    </p>
   </div>
   <div class='ocr_carea' id='block_1_21' title="bbox 688 1986 2270 2057">
    <p class='ocr_par' dir='ltr' id='par_1_21' title="bbox 688 1986 2270 2057">
     <span class='ocr_line' id='line_1_21' title="bbox 688 1986 2270 2057; baseline 0.002 -21"><span class='ocrx_word' id='word_1_133' title='bbox 688 1988 991 2051; x_wconf 71' lang='lat' dir='ltr'><strong>currisset,</strong></span> <span class='ocrx_word' id='word_1_134' title='bbox 1045 1988 1289 2056; x_wconf 89' lang='lat' dir='ltr'><strong>procidit</strong></span> <span class='ocrx_word' id='word_1_135' title='bbox 1333 1989 1483 2041; x_wconf 90' lang='lat' dir='ltr'><strong>senis</strong></span> <span class='ocrx_word' id='word_1_136' title='bbox 1512 1987 1769 2057; x_wconf 77' lang='lat' dir='ltr'><strong>genibus,</strong></span> <span class='ocrx_word' id='word_1_137' title='bbox 1807 1987 2032 2040; x_wconf 82' lang='lat' dir='ltr'><strong>dextera</strong></span> <span class='ocrx_word' id='word_1_138' title='bbox 2063 1986 2270 2055; x_wconf 82' lang='lat' dir='ltr'><strong>alioqui</strong></span> 
     </span>
    </p>
   </div>
   <div class='ocr_carea' id='block_1_22' title="bbox 689 2078 2272 2149">
    <p class='ocr_par' dir='ltr' id='par_1_22' title="bbox 689 2078 2272 2149">
     <span class='ocr_line' id='line_1_22' title="bbox 689 2078 2272 2149; baseline 0.003 -24"><span class='ocrx_word' id='word_1_139' title='bbox 689 2086 995 2132; x_wconf 65' lang='lat' dir='ltr'><strong>contracta.</strong></span> <span class='ocrx_word' id='word_1_140' title='bbox 1049 2079 1400 2148; x_wconf 80' lang='lat' dir='ltr'><strong>Evangelisla</strong></span> <span class='ocrx_word' id='word_1_141' title='bbox 1430 2080 1663 2149; x_wconf 89' lang='lat' dir='ltr'><strong>proinde</strong></span> <span class='ocrx_word' id='word_1_142' title='bbox 1696 2078 2124 2133; x_wconf 78' lang='lat' dir='ltr'><strong>exosculabatur</strong></span> <span class='ocrx_word' id='word_1_143' title='bbox 2154 2093 2272 2131; x_wconf 90' lang='lat' dir='ltr'><strong>ma-</strong></span> 
     </span>
    </p>
   </div>
   <div class='ocr_carea' id='block_1_23' title="bbox 691 2170 2270 2243">
    <p class='ocr_par' dir='ltr' id='par_1_23' title="bbox 691 2170 2270 2243">
     <span class='ocr_line' id='line_1_23' title="bbox 691 2170 2270 2243; baseline 0.002 -22"><span class='ocrx_word' id='word_1_144' title='bbox 691 2186 821 2222; x_wconf 71' lang='lat' dir='ltr'><strong>num</strong></span> <span class='ocrx_word' id='word_1_145' title='bbox 852 2171 1021 2235; x_wconf 89' lang='lat' dir='ltr'><strong>illius,</strong></span> <span class='ocrx_word' id='word_1_146' title='bbox 1050 2171 1245 2226; x_wconf 88' lang='lat' dir='ltr'><strong>dicens</strong></span> <span class='ocrx_word' id='word_1_147' title='bbox 1271 2190 1284 2226; x_wconf 92' lang='lat'>:</span> <span class='ocrx_word' id='word_1_148' title='bbox 1314 2172 1495 2243; x_wconf 85' lang='lat' dir='ltr'><strong>Super</strong></span> <span class='ocrx_word' id='word_1_149' title='bbox 1523 2190 1609 2225; x_wconf 90' lang='lat' dir='ltr'><strong>me</strong></span> <span class='ocrx_word' id='word_1_150' title='bbox 1642 2182 1927 2242; x_wconf 89' lang='lat' dir='ltr'><strong>peccatum</strong></span> <span class='ocrx_word' id='word_1_151' title='bbox 1955 2179 2134 2235; x_wconf 89' lang='lat' dir='ltr'><strong>tuum,</strong></span> <span class='ocrx_word' id='word_1_152' title='bbox 2164 2170 2270 2235; x_wconf 82' lang='lat' dir='ltr'><strong>ﬁli;</strong></span> 
     </span>
    </p>
   </div>
   <div class='ocr_carea' id='block_1_24' title="bbox 691 2264 2272 2333">
    <p class='ocr_par' dir='ltr' id='par_1_24' title="bbox 691 2264 2272 2333">
     <span class='ocr_line' id='line_1_24' title="bbox 691 2264 2272 2333; baseline 0.002 -21"><span class='ocrx_word' id='word_1_153' title='bbox 691 2282 717 2313; x_wconf 90' lang='lat' dir='ltr'><strong>a</strong></span> <span class='ocrx_word' id='word_1_154' title='bbox 757 2278 844 2316; x_wconf 90' lang='lat' dir='ltr'><strong>me</strong></span> <span class='ocrx_word' id='word_1_155' title='bbox 891 2265 1139 2333; x_wconf 88' lang='lat' dir='ltr'><strong>requiret</strong></span> <span class='ocrx_word' id='word_1_156' title='bbox 1176 2266 1319 2319; x_wconf 86' lang='lat' dir='ltr'><strong>Deus</strong></span> <span class='ocrx_word' id='word_1_157' title='bbox 1363 2266 1603 2317; x_wconf 87' lang='lat' dir='ltr'><strong>animam</strong></span> <span class='ocrx_word' id='word_1_158' title='bbox 1642 2277 1814 2317; x_wconf 89' lang='lat' dir='ltr'><strong>tuam.</strong></span> <span class='ocrx_word' id='word_1_159' title='bbox 1868 2264 1917 2317; x_wconf 89' lang='lat' dir='ltr'><strong>ls</strong></span> <span class='ocrx_word' id='word_1_160' title='bbox 1948 2277 2272 2325; x_wconf 89' lang='lat' dir='ltr'><strong>conversus,</strong></span> 
     </span>
    </p>
   </div>
   <div class='ocr_carea' id='block_1_25' title="bbox 695 2352 2276 2423">
    <p class='ocr_par' dir='ltr' id='par_1_25' title="bbox 695 2352 2276 2423">
     <span class='ocr_line' id='line_1_25' title="bbox 695 2352 2276 2423; baseline 0.001 -19"><span class='ocrx_word' id='word_1_161' title='bbox 695 2354 848 2407; x_wconf 68' lang='lat' dir='ltr'><strong>velut</strong></span> <span class='ocrx_word' id='word_1_162' title='bbox 874 2355 1213 2423; x_wconf 86' lang='lat' dir='ltr'><strong>postliminio</strong></span> <span class='ocrx_word' id='word_1_163' title='bbox 1248 2355 1427 2409; x_wconf 84' lang='lat' dir='ltr'><strong>factus</strong></span> <span class='ocrx_word' id='word_1_164' title='bbox 1450 2366 1535 2409; x_wconf 89' lang='lat' dir='ltr'><strong>est</strong></span> <span class='ocrx_word' id='word_1_165' title='bbox 1562 2372 1658 2409; x_wconf 77' lang='lat' dir='ltr'><strong>vas</strong></span> <span class='ocrx_word' id='word_1_166' title='bbox 1683 2354 1997 2409; x_wconf 90' lang='lat' dir='ltr'><strong>electionis.</strong></span> <span class='ocrx_word' id='word_1_167' title='bbox 2024 2355 2104 2408; x_wconf 83' lang='lat' dir='ltr'><strong>En</strong></span> <span class='ocrx_word' id='word_1_168' title='bbox 2129 2352 2276 2407; x_wconf 88' lang='lat' dir='ltr'><strong>istud</strong></span> 
     </span>
    </p>
   </div>
   <div class='ocr_carea' id='block_1_26' title="bbox 693 2447 2279 2517">
    <p class='ocr_par' dir='ltr' id='par_1_26' title="bbox 693 2447 2279 2517">
     <span class='ocr_line' id='line_1_26' title="bbox 693 2447 2279 2517; baseline 0.001 -21"><span class='ocrx_word' id='word_1_169' title='bbox 693 2456 780 2499; x_wconf 71' lang='lat' dir='ltr'><strong>est</strong></span> <span class='ocrx_word' id='word_1_170' title='bbox 807 2456 1085 2514; x_wconf 87' lang='lat' dir='ltr'><strong>pastorem</strong></span> <span class='ocrx_word' id='word_1_171' title='bbox 1117 2447 1287 2516; x_wconf 91' lang='lat' dir='ltr'><strong>probe</strong></span> <span class='ocrx_word' id='word_1_172' title='bbox 1314 2464 1500 2517; x_wconf 74' lang='lat' dir='ltr'><strong>agere,</strong></span> <span class='ocrx_word' id='word_1_173' title='bbox 1524 2463 1585 2500; x_wconf 90' lang='lat' dir='ltr'><strong>ac</strong></span> <span class='ocrx_word' id='word_1_174' title='bbox 1607 2448 1903 2501; x_wconf 86' lang='lat' dir='ltr'><strong>sinceriter</strong></span> <span class='ocrx_word' id='word_1_175' title='bbox 1922 2447 2163 2500; x_wconf 90' lang='lat' dir='ltr'><strong>animam</strong></span> <span class='ocrx_word' id='word_1_176' title='bbox 2183 2462 2279 2515; x_wconf 90' lang='lat' dir='ltr'><strong>po-</strong></span> 
     </span>
    </p>
   </div>
   <div class='ocr_carea' id='block_1_27' title="bbox 696 2539 2279 2607">
    <p class='ocr_par' dir='ltr' id='par_1_27' title="bbox 696 2539 2279 2607">
     <span class='ocr_line' id='line_1_27' title="bbox 696 2539 2279 2607; baseline 0.003 -19"><span class='ocrx_word' id='word_1_177' title='bbox 696 2553 828 2591; x_wconf 75' lang='lat' dir='ltr'><strong>nere</strong></span> <span class='ocrx_word' id='word_1_178' title='bbox 863 2554 965 2606; x_wconf 92' lang='lat' dir='ltr'><strong>pro</strong></span> <span class='ocrx_word' id='word_1_179' title='bbox 998 2539 1218 2593; x_wconf 75' lang='lat' dir='ltr'><strong>ovibus.</strong></span> <span class='ocrx_word' id='word_1_180' title='bbox 1278 2539 1427 2593; x_wconf 83' lang='lat' dir='ltr'><strong>Hatic</strong></span> <span class='ocrx_word' id='word_1_181' title='bbox 1468 2539 1539 2592; x_wconf 90' lang='lat' dir='ltr'><strong>ob</strong></span> <span class='ocrx_word' id='word_1_182' title='bbox 1572 2556 1685 2592; x_wconf 88' lang='lat' dir='ltr'><strong>rem</strong></span> <span class='ocrx_word' id='word_1_183' title='bbox 1732 2540 2044 2593; x_wconf 90' lang='lat' dir='ltr'><strong>incredibili</strong></span> <span class='ocrx_word' id='word_1_184' title='bbox 2077 2539 2279 2607; x_wconf 81' lang='lat' dir='ltr'><strong>gaudio</strong></span> 
     </span>
    </p>
   </div>
   <div class='ocr_carea' id='block_1_28' title="bbox 699 2628 2281 2699">
    <p class='ocr_par' dir='ltr' id='par_1_28' title="bbox 699 2628 2281 2699">
     <span class='ocr_line' id='line_1_28' title="bbox 699 2628 2281 2699; baseline 0.001 -20"><span class='ocrx_word' id='word_1_185' title='bbox 699 2628 1071 2697; x_wconf 80' lang='lat' dir='ltr'><strong>perfundetur</strong></span> <span class='ocrx_word' id='word_1_186' title='bbox 1123 2633 1373 2699; x_wconf 81' lang='lat' dir='ltr'><strong>mireque</strong></span> <span class='ocrx_word' id='word_1_187' title='bbox 1418 2630 1820 2695; x_wconf 87' lang='lat' dir='ltr'><strong>ohlectabitur,</strong></span> <span class='ocrx_word' id='word_1_188' title='bbox 1879 2640 1934 2684; x_wconf 92' lang='lat' dir='ltr'><strong>et</strong></span> <span class='ocrx_word' id='word_1_189' title='bbox 1984 2631 2281 2683; x_wconf 87' lang='lat' dir='ltr'><strong>hilarcscet</strong></span> 
     </span>
    </p>
   </div>
   <div class='ocr_carea' id='block_1_29' title="bbox 699 2720 2281 2784">
    <p class='ocr_par' dir='ltr' id='par_1_29' title="bbox 699 2720 2281 2784">
     <span class='ocr_line' id='line_1_29' title="bbox 699 2720 2281 2784; baseline 0 -11"><span class='ocrx_word' id='word_1_190' title='bbox 699 2721 871 2775; x_wconf 85' lang='lat' dir='ltr'><strong>ubere</strong></span> <span class='ocrx_word' id='word_1_191' title='bbox 896 2720 1076 2775; x_wconf 78' lang='lat' dir='ltr'><strong>fetura</strong></span> <span class='ocrx_word' id='word_1_192' title='bbox 1107 2722 1295 2775; x_wconf 74' lang='lat' dir='ltr'><strong>ovium</strong></span> <span class='ocrx_word' id='word_1_193' title='bbox 1322 2738 1570 2776; x_wconf 87' lang='lat' dir='ltr'><strong>suarum.</strong></span> <span class='ocrx_word' id='word_1_194' title='bbox 1611 2721 1888 2775; x_wconf 87' lang='lat' dir='ltr'><strong>Gaudebit</strong></span> <span class='ocrx_word' id='word_1_195' title='bbox 1912 2737 2066 2784; x_wconf 88' lang='lat' dir='ltr'><strong>sane,</strong></span> <span class='ocrx_word' id='word_1_196' title='bbox 2092 2721 2136 2775; x_wconf 94' lang='lat' dir='ltr'><strong>si</strong></span> <span class='ocrx_word' id='word_1_197' title='bbox 2165 2722 2281 2775; x_wconf 88' lang='lat' dir='ltr'><strong>sin-</strong></span> 
     </span>
    </p>
   </div>
   <div class='ocr_carea' id='block_1_30' title="bbox 696 2811 2282 2882">
    <p class='ocr_par' dir='ltr' id='par_1_30' title="bbox 696 2811 2282 2882">
     <span class='ocr_line' id='line_1_30' title="bbox 696 2811 2282 2882; baseline 0.001 -19"><span class='ocrx_word' id='word_1_198' title='bbox 696 2811 854 2879; x_wconf 62' lang='lat' dir='ltr'><strong>gulas</strong></span> <span class='ocrx_word' id='word_1_199' title='bbox 879 2825 1127 2881; x_wconf 88' lang='lat' dir='ltr'><strong>quasque</strong></span> <span class='ocrx_word' id='word_1_200' title='bbox 1159 2813 1497 2882; x_wconf 89' lang='lat' dir='ltr'><strong>compererit</strong></span> <span class='ocrx_word' id='word_1_201' title='bbox 1528 2813 1858 2875; x_wconf 85' lang='lat' dir='ltr'><strong>incolumes,</strong></span> <span class='ocrx_word' id='word_1_202' title='bbox 1891 2812 1935 2865; x_wconf 90' lang='lat' dir='ltr'><strong>si</strong></span> <span class='ocrx_word' id='word_1_203' title='bbox 1963 2812 2113 2865; x_wconf 91' lang='lat' dir='ltr'><strong>nulla</strong></span> <span class='ocrx_word' id='word_1_204' title='bbox 2138 2828 2168 2865; x_wconf 92' lang='lat' dir='ltr'><strong>e</strong></span> <span class='ocrx_word' id='word_1_205' title='bbox 2194 2828 2282 2865; x_wconf 91' lang='lat' dir='ltr'><strong>se-</strong></span> 
     </span>
    </p>
   </div>
   <div class='ocr_carea' id='block_1_31' title="bbox 701 2901 2284 2971">
    <p class='ocr_par' dir='ltr' id='par_1_31' title="bbox 701 2901 2284 2971">
     <span class='ocr_line' id='line_1_31' title="bbox 701 2901 2284 2971; baseline 0.002 -18"><span class='ocrx_word' id='word_1_206' title='bbox 701 2912 813 2969; x_wconf 81' lang='lat' dir='ltr'><strong>ptis</strong></span> <span class='ocrx_word' id='word_1_207' title='bbox 859 2902 1160 2955; x_wconf 76' lang='lat' dir='ltr'><strong>exerrarit.</strong></span> <span class='ocrx_word' id='word_1_208' title='bbox 1224 2901 1279 2956; x_wconf 88' lang='lat' dir='ltr'><strong>Si</strong></span> <span class='ocrx_word' id='word_1_209' title='bbox 1327 2918 1491 2971; x_wconf 86' lang='lat' dir='ltr'><strong>quam</strong></span> <span class='ocrx_word' id='word_1_210' title='bbox 1546 2902 1768 2956; x_wconf 88' lang='lat' dir='ltr'><strong>dennnn</strong></span> <span class='ocrx_word' id='word_1_211' title='bbox 1822 2902 2193 2971; x_wconf 89' lang='lat' dir='ltr'><strong>dispalantem</strong></span> <span class='ocrx_word' id='word_1_212' title='bbox 2228 2914 2284 2956; x_wconf 92' lang='lat' dir='ltr'><strong>et</strong></span> 
     </span>
    </p>
   </div>
   <div class='ocr_carea' id='block_1_32' title="bbox 697 2994 2284 3064">
    <p class='ocr_par' dir='ltr' id='par_1_32' title="bbox 697 2994 2284 3064">
     <span class='ocr_line' id='line_1_32' title="bbox 697 2994 2284 3064; baseline -0.003 -13"><span class='ocrx_word' id='word_1_213' title='bbox 697 2996 992 3051; x_wconf 78' lang='lat' dir='ltr'><strong>erraticum</strong></span> <span class='ocrx_word' id='word_1_214' title='bbox 1042 2996 1309 3049; x_wconf 84' lang='lat' dir='ltr'><strong>Dominus</strong></span> <span class='ocrx_word' id='word_1_215' title='bbox 1348 2994 1813 3064; x_wconf 86' lang='lat' dir='ltr'><strong>deprehenderit,</strong></span> <span class='ocrx_word' id='word_1_216' title='bbox 1866 3011 1946 3047; x_wconf 65' lang='lat' dir='ltr'><strong>vae</strong></span> <span class='ocrx_word' id='word_1_217' title='bbox 1980 2994 2087 3048; x_wconf 90' lang='lat' dir='ltr'><strong>erit</strong></span> <span class='ocrx_word' id='word_1_218' title='bbox 2132 2995 2284 3063; x_wconf 84' lang='lat' dir='ltr'><strong>ejus-</strong></span> 
     </span>
    </p>
   </div>
   <div class='ocr_carea' id='block_1_33' title="bbox 704 3087 2284 3159">
    <p class='ocr_par' dir='ltr' id='par_1_33' title="bbox 704 3087 2284 3159">
     <span class='ocr_line' id='line_1_33' title="bbox 704 3087 2284 3159; baseline -0.002 -17"><span class='ocrx_word' id='word_1_219' title='bbox 704 3090 849 3142; x_wconf 82' lang='lat' dir='ltr'><strong>modi</strong></span> <span class='ocrx_word' id='word_1_220' title='bbox 886 3088 1224 3159; x_wconf 79' lang='lat' dir='ltr'><strong>pastoribus.</strong></span> <span class='ocrx_word' id='word_1_221' title='bbox 1286 3087 1561 3142; x_wconf 67' lang='lat' dir='ltr'><strong>thcrum</strong></span> <span class='ocrx_word' id='word_1_222' title='bbox 1602 3088 1704 3156; x_wconf 89' lang='lat' dir='ltr'><strong>ipsi</strong></span> <span class='ocrx_word' id='word_1_223' title='bbox 1740 3095 2014 3156; x_wconf 85' lang='lat' dir='ltr'><strong>pastores,</strong></span> <span class='ocrx_word' id='word_1_224' title='bbox 2052 3088 2096 3140; x_wconf 87' lang='lat' dir='ltr'><strong>si</strong></span> <span class='ocrx_word' id='word_1_225' title='bbox 2131 3104 2284 3141; x_wconf 87' lang='lat' dir='ltr'><strong>com-</strong></span> 
     </span>
    </p>
   </div>
   <div class='ocr_carea' id='block_1_34' title="bbox 706 3180 2287 3251">
    <p class='ocr_par' dir='ltr' id='par_1_34' title="bbox 706 3180 2287 3251">
     <span class='ocr_line' id='line_1_34' title="bbox 706 3180 2287 3251; baseline 0.001 -20"><span class='ocrx_word' id='word_1_226' title='bbox 706 3181 995 3249; x_wconf 89' lang='lat' dir='ltr'><strong>pericntur</strong></span> <span class='ocrx_word' id='word_1_227' title='bbox 1038 3181 1090 3233; x_wconf 88' lang='lat' dir='ltr'><strong>in</strong></span> <span class='ocrx_word' id='word_1_228' title='bbox 1127 3181 1418 3251; x_wconf 87' lang='lat' dir='ltr'><strong>pudendos</strong></span> <span class='ocrx_word' id='word_1_229' title='bbox 1446 3196 1673 3234; x_wconf 87' lang='lat' dir='ltr'><strong>errores</strong></span> <span class='ocrx_word' id='word_1_230' title='bbox 1701 3181 1976 3250; x_wconf 85' lang='lat' dir='ltr'><strong>prolapsi,</strong></span> <span class='ocrx_word' id='word_1_231' title='bbox 2013 3180 2145 3249; x_wconf 88' lang='lat' dir='ltr'><strong>quid</strong></span> <span class='ocrx_word' id='word_1_232' title='bbox 2183 3180 2287 3233; x_wconf 90' lang='lat' dir='ltr'><strong>hos</strong></span> 
     </span>
    </p>
   </div>
   <div class='ocr_carea' id='block_1_35' title="bbox 704 3273 2287 3343">
    <p class='ocr_par' dir='ltr' id='par_1_35' title="bbox 704 3273 2287 3343">
     <span class='ocr_line' id='line_1_35' title="bbox 704 3273 2287 3343; baseline 0.001 -18"><span class='ocrx_word' id='word_1_233' title='bbox 704 3290 894 3342; x_wconf 83' lang='lat' dir='ltr'><strong>speres</strong></span> <span class='ocrx_word' id='word_1_234' title='bbox 927 3274 1011 3327; x_wconf 85' lang='lat' dir='ltr'><strong>sui</strong></span> <span class='ocrx_word' id='word_1_235' title='bbox 1046 3275 1228 3342; x_wconf 79' lang='lat' dir='ltr'><strong>gregis</strong></span> <span class='ocrx_word' id='word_1_236' title='bbox 1264 3274 1500 3327; x_wconf 86' lang='lat' dir='ltr'><strong>Domino</strong></span> <span class='ocrx_word' id='word_1_237' title='bbox 1531 3275 1929 3343; x_wconf 85' lang='lat' dir='ltr'><strong>responsuros?</strong></span> <span class='ocrx_word' id='word_1_238' title='bbox 1966 3273 2105 3326; x_wconf 67' lang='lat' dir='ltr'><strong>Num</strong></span> <span class='ocrx_word' id='word_1_239' title='bbox 2138 3274 2287 3341; x_wconf 87' lang='lat' dir='ltr'><strong>quod</strong></span> 
     </span>
    </p>
   </div>
   <div class='ocr_carea' id='block_1_36' title="bbox 707 3363 2291 3433">
    <p class='ocr_par' dir='ltr' id='par_1_36' title="bbox 707 3363 2291 3433">
     <span class='ocr_line' id='line_1_36' title="bbox 707 3363 2291 3433; baseline 0.001 -18"><span class='ocrx_word' id='word_1_240' title='bbox 707 3363 1064 3433; x_wconf 84' lang='lat' dir='ltr'><strong>improbitate</strong></span> <span class='ocrx_word' id='word_1_241' title='bbox 1096 3364 1283 3417; x_wconf 80' lang='lat' dir='ltr'><strong>mium</strong></span> <span class='ocrx_word' id='word_1_242' title='bbox 1318 3364 1660 3433; x_wconf 85' lang='lat' dir='ltr'><strong>dispalantes</strong></span> <span class='ocrx_word' id='word_1_243' title='bbox 1684 3364 2031 3417; x_wconf 75' lang='lat' dir='ltr'><strong>exerrarint?</strong></span> <span class='ocrx_word' id='word_1_244' title='bbox 2064 3363 2291 3417; x_wconf 86' lang='lat' dir='ltr'><strong>Talibus</strong></span> 
     </span>
    </p>
   </div>
   <div class='ocr_carea' id='block_1_37' title="bbox 708 3453 2291 3524">
    <p class='ocr_par' dir='ltr' id='par_1_37' title="bbox 708 3453 2291 3524">
     <span class='ocr_line' id='line_1_37' title="bbox 708 3453 2291 3524; baseline -0.001 -17"><span class='ocrx_word' id='word_1_245' title='bbox 708 3456 900 3524; x_wconf 90' lang='lat' dir='ltr'><strong>utique</strong></span> <span class='ocrx_word' id='word_1_246' title='bbox 952 3470 1021 3509; x_wconf 88' lang='lat' dir='ltr'><strong>ne</strong></span> <span class='ocrx_word' id='word_1_247' title='bbox 1066 3457 1341 3509; x_wconf 87' lang='lat' dir='ltr'><strong>tantillum</strong></span> <span class='ocrx_word' id='word_1_248' title='bbox 1378 3456 1504 3509; x_wconf 86' lang='lat' dir='ltr'><strong>lidei</strong></span> <span class='ocrx_word' id='word_1_249' title='bbox 1543 3455 2011 3509; x_wconf 85' lang='lat' dir='ltr'><strong>eonnnodabitur.</strong></span> <span class='ocrx_word' id='word_1_250' title='bbox 2054 3453 2110 3507; x_wconf 89' lang='lat' dir='ltr'><strong>Id</strong></span> <span class='ocrx_word' id='word_1_251' title='bbox 2142 3454 2291 3507; x_wconf 89' lang='lat' dir='ltr'><strong>enim</strong></span> 
     </span>
    </p>
   </div>
   <div class='ocr_carea' id='block_1_38' title="bbox 708 3550 2291 3621">
    <p class='ocr_par' dir='ltr' id='par_1_38' title="bbox 708 3550 2291 3621">
     <span class='ocr_line' id='line_1_38' title="bbox 708 3550 2291 3621; baseline 0.001 -18"><span class='ocrx_word' id='word_1_252' title='bbox 708 3551 1060 3615; x_wconf 87' lang='lat' dir='ltr'><strong>incredibile,</strong></span> <span class='ocrx_word' id='word_1_253' title='bbox 1083 3562 1142 3605; x_wconf 90' lang='lat' dir='ltr'><strong>ut</strong></span> <span class='ocrx_word' id='word_1_254' title='bbox 1166 3552 1235 3605; x_wconf 90' lang='lat' dir='ltr'><strong>ab</strong></span> <span class='ocrx_word' id='word_1_255' title='bbox 1255 3568 1355 3605; x_wconf 70' lang='lat' dir='ltr'><strong>ore</strong></span> <span class='ocrx_word' id='word_1_256' title='bbox 1380 3563 1565 3621; x_wconf 88' lang='lat' dir='ltr'><strong>pastor</strong></span> <span class='ocrx_word' id='word_1_257' title='bbox 1582 3551 1881 3621; x_wconf 90' lang='lat' dir='ltr'><strong>quidquam</strong></span> <span class='ocrx_word' id='word_1_258' title='bbox 1902 3552 2172 3620; x_wconf 86' lang='lat' dir='ltr'><strong>patiatur;</strong></span> <span class='ocrx_word' id='word_1_259' title='bbox 2206 3550 2291 3604; x_wconf 69' lang='lat' dir='ltr'><strong>rel</strong></span> 
     </span>
    </p>
   </div>
   <div class='ocr_carea' id='block_1_39' title="bbox 707 3645 2292 3714">
    <p class='ocr_par' dir='ltr' id='par_1_39' title="bbox 707 3645 2292 3714">
     <span class='ocr_line' id='line_1_39' title="bbox 707 3645 2292 3714; baseline -0.001 -16"><span class='ocrx_word' id='word_1_260' title='bbox 707 3646 780 3699; x_wconf 90' lang='lat' dir='ltr'><strong>ob</strong></span> <span class='ocrx_word' id='word_1_261' title='bbox 812 3645 964 3699; x_wconf 90' lang='lat' dir='ltr'><strong>hunc</strong></span> <span class='ocrx_word' id='word_1_262' title='bbox 1012 3646 1247 3700; x_wconf 77' lang='lat' dir='ltr'><strong>maxime</strong></span> <span class='ocrx_word' id='word_1_263' title='bbox 1274 3645 1597 3699; x_wconf 87' lang='lat' dir='ltr'><strong>mendacem</strong></span> <span class='ocrx_word' id='word_1_264' title='bbox 1634 3653 1962 3714; x_wconf 73' lang='lat' dir='ltr'><strong>prmtextum</strong></span> <span class='ocrx_word' id='word_1_265' title='bbox 1996 3686 2010 3708; x_wconf 96' lang='lat'><strong>,</strong></span> <span class='ocrx_word' id='word_1_266' title='bbox 2047 3645 2292 3698; x_wconf 85' lang='lat' dir='ltr'><strong>atrocio-</strong></span> 
     </span>
    </p>
   </div>
   <div class='ocr_carea' id='block_1_40' title="bbox 710 3738 2291 3809">
    <p class='ocr_par' dir='ltr' id='par_1_40' title="bbox 710 3738 2291 3809">
     <span class='ocr_line' id='line_1_40' title="bbox 710 3738 2291 3809; baseline -0.002 -15"><span class='ocrx_word' id='word_1_267' title='bbox 710 3755 798 3794; x_wconf 87' lang='lat' dir='ltr'><strong>res</strong></span> <span class='ocrx_word' id='word_1_268' title='bbox 867 3738 1017 3793; x_wconf 88' lang='lat' dir='ltr'><strong>luent</strong></span> <span class='ocrx_word' id='word_1_269' title='bbox 1078 3754 1291 3809; x_wconf 76' lang='lat' dir='ltr'><strong>pcenas.</strong></span> <span class='ocrx_word' id='word_1_270' title='bbox 1372 3740 1589 3809; x_wconf 78' lang='lat'><strong>1229</strong></span> <span class='ocrx_word' id='word_1_271' title='bbox 1656 3740 1793 3794; x_wconf 78' lang='lat' dir='ltr'><strong>Cum</strong></span> <span class='ocrx_word' id='word_1_272' title='bbox 1849 3740 2015 3808; x_wconf 76' lang='lat' dir='ltr'><strong>igitur</strong></span> <span class='ocrx_word' id='word_1_273' title='bbox 2074 3739 2291 3808; x_wconf 84' lang='lat' dir='ltr'><strong>perspi-</strong></span> 
     </span>
    </p>
   </div>
   <div class='ocr_carea' id='block_1_41' title="bbox 707 3831 2295 3902">
    <p class='ocr_par' dir='ltr' id='par_1_41' title="bbox 707 3831 2295 3902">
     <span class='ocr_line' id='line_1_41' title="bbox 707 3831 2295 3902; baseline 0 -17"><span class='ocrx_word' id='word_1_274' title='bbox 707 3847 810 3885; x_wconf 91' lang='lat' dir='ltr'><strong>cue</strong></span> <span class='ocrx_word' id='word_1_275' title='bbox 834 3831 1133 3902; x_wconf 80' lang='lat' dir='ltr'><strong>cognorint</strong></span> <span class='ocrx_word' id='word_1_276' title='bbox 1157 3847 1266 3884; x_wconf 92' lang='lat' dir='ltr'><strong>non</strong></span> <span class='ocrx_word' id='word_1_277' title='bbox 1290 3832 1725 3901; x_wconf 85' lang='lat' dir='ltr'><strong>perfuncturiam</strong></span> <span class='ocrx_word' id='word_1_278' title='bbox 1750 3831 2069 3886; x_wconf 87' lang='lat' dir='ltr'><strong>reddituros</strong></span> <span class='ocrx_word' id='word_1_279' title='bbox 2093 3846 2151 3885; x_wconf 90' lang='lat' dir='ltr'><strong>se</strong></span> <span class='ocrx_word' id='word_1_280' title='bbox 2172 3846 2295 3885; x_wconf 83' lang='lat' dir='ltr'><strong>esse</strong></span> 
     </span>
    </p>
   </div>
   <div class='ocr_carea' id='block_1_42' title="bbox 710 3923 2294 3993">
    <p class='ocr_par' dir='ltr' id='par_1_42' title="bbox 710 3923 2294 3993">
     <span class='ocr_line' id='line_1_42' title="bbox 710 3923 2294 3993; baseline 0 -18"><span class='ocrx_word' id='word_1_281' title='bbox 710 3923 1025 3988; x_wconf 83' lang='lat' dir='ltr'><strong>rationem,</strong></span> <span class='ocrx_word' id='word_1_282' title='bbox 1098 3933 1161 3976; x_wconf 89' lang='lat' dir='ltr'><strong>ut</strong></span> <span class='ocrx_word' id='word_1_283' title='bbox 1212 3924 1307 3993; x_wconf 91' lang='lat' dir='ltr'><strong>qui</strong></span> <span class='ocrx_word' id='word_1_284' title='bbox 1364 3932 1609 3993; x_wconf 66' lang='lat' dir='ltr'><strong>prmsunt</strong></span> <span class='ocrx_word' id='word_1_285' title='bbox 1660 3924 1923 3978; x_wconf 67' lang='lat' dir='ltr'><strong>Ecclesim</strong></span> <span class='ocrx_word' id='word_1_286' title='bbox 1977 3923 2294 3993; x_wconf 87' lang='lat' dir='ltr'><strong>primasque</strong></span> 
     </span>
    </p>
   </div>
   <div class='ocr_carea' id='block_1_43' title="bbox 710 4015 2293 4085">
    <p class='ocr_par' dir='ltr' id='par_1_43' title="bbox 710 4015 2293 4085">
     <span class='ocr_line' id='line_1_43' title="bbox 710 4015 2293 4085; baseline 0 -18"><span class='ocrx_word' id='word_1_287' title='bbox 710 4016 968 4070; x_wconf 83' lang='lat' dir='ltr'><strong>obtinent</strong></span> <span class='ocrx_word' id='word_1_288' title='bbox 1014 4016 1346 4077; x_wconf 85' lang='lat' dir='ltr'><strong>cathedras,</strong></span> <span class='ocrx_word' id='word_1_289' title='bbox 1401 4016 1617 4085; x_wconf 85' lang='lat' dir='ltr'><strong>seipsos</strong></span> <span class='ocrx_word' id='word_1_290' title='bbox 1668 4031 1778 4069; x_wconf 87' lang='lat' dir='ltr'><strong>una</strong></span> <span class='ocrx_word' id='word_1_291' title='bbox 1822 4032 1947 4069; x_wconf 92' lang='lat' dir='ltr'><strong>cum</strong></span> <span class='ocrx_word' id='word_1_292' title='bbox 1987 4030 2154 4085; x_wconf 79' lang='lat' dir='ltr'><strong>grege</strong></span> <span class='ocrx_word' id='word_1_293' title='bbox 2189 4015 2293 4067; x_wconf 87' lang='lat' dir='ltr'><strong>sibi</strong></span> 
     </span>
    </p>
   </div>
   <div class='ocr_carea' id='block_1_44' title="bbox 712 4106 2299 4175">
    <p class='ocr_par' dir='ltr' id='par_1_44' title="bbox 712 4106 2299 4175">
     <span class='ocr_line' id='line_1_44' title="bbox 712 4106 2299 4175; baseline -0.002 -15"><span class='ocrx_word' id='word_1_294' title='bbox 712 4106 1033 4161; x_wconf 86' lang='lat' dir='ltr'><strong>concredito</strong></span> <span class='ocrx_word' id='word_1_295' title='bbox 1061 4106 1344 4162; x_wconf 79' lang='lat' dir='ltr'><strong>exaetiore</strong></span> <span class='ocrx_word' id='word_1_296' title='bbox 1372 4106 1660 4175; x_wconf 82' lang='lat' dir='ltr'><strong>diligentia</strong></span> <span class='ocrx_word' id='word_1_297' title='bbox 1688 4106 2075 4175; x_wconf 65' lang='lat' dir='ltr'><strong>praamuniant,</strong></span> <span class='ocrx_word' id='word_1_298' title='bbox 2101 4114 2162 4157; x_wconf 90' lang='lat' dir='ltr'><strong>nt</strong></span> <span class='ocrx_word' id='word_1_299' title='bbox 2187 4106 2299 4158; x_wconf 90' lang='lat' dir='ltr'><strong>Deo</strong></span> 
     </span>
    </p>
   </div>
   <div class='ocr_carea' id='block_1_45' title="bbox 713 4195 2295 4265">
    <p class='ocr_par' dir='ltr' id='par_1_45' title="bbox 713 4195 2295 4265">
     <span class='ocr_line' id='line_1_45' title="bbox 713 4195 2295 4265; baseline 0.001 -17"><span class='ocrx_word' id='word_1_300' title='bbox 713 4197 941 4264; x_wconf 71' lang='lat' dir='ltr'><strong>gratiosi</strong></span> <span class='ocrx_word' id='word_1_301' title='bbox 992 4197 1277 4265; x_wconf 89' lang='lat' dir='ltr'><strong>specimen</strong></span> <span class='ocrx_word' id='word_1_302' title='bbox 1325 4196 1550 4265; x_wconf 89' lang='lat' dir='ltr'><strong>aliquod</strong></span> <span class='ocrx_word' id='word_1_303' title='bbox 1595 4196 1765 4249; x_wconf 84' lang='lat' dir='ltr'><strong>edant</strong></span> <span class='ocrx_word' id='word_1_304' title='bbox 1822 4210 1934 4249; x_wconf 74' lang='lat' dir='ltr'><strong>sua:</strong></span> <span class='ocrx_word' id='word_1_305' title='bbox 1986 4195 2295 4249; x_wconf 67' lang='lat' dir='ltr'><strong>industriae.</strong></span> 
     </span>
    </p>
   </div>
   <div class='ocr_carea' id='block_1_46' title="bbox 715 4284 2302 4353">
    <p class='ocr_par' dir='ltr' id='par_1_46' title="bbox 715 4284 2302 4353">
     <span class='ocr_line' id='line_1_46' title="bbox 715 4284 2302 4353; baseline -0.001 -15"><span class='ocrx_word' id='word_1_306' title='bbox 715 4287 775 4339; x_wconf 87' lang='lat' dir='ltr'><strong>ln</strong></span> <span class='ocrx_word' id='word_1_307' title='bbox 805 4285 1028 4339; x_wconf 87' lang='lat' dir='ltr'><strong>homine</strong></span> <span class='ocrx_word' id='word_1_308' title='bbox 1054 4285 1203 4338; x_wconf 90' lang='lat' dir='ltr'><strong>enim</strong></span> <span class='ocrx_word' id='word_1_309' title='bbox 1232 4285 1329 4339; x_wconf 80' lang='lat' dir='ltr'><strong>Dei</strong></span> <span class='ocrx_word' id='word_1_310' title='bbox 1360 4285 1494 4337; x_wconf 91' lang='lat' dir='ltr'><strong>nihil</strong></span> <span class='ocrx_word' id='word_1_311' title='bbox 1524 4284 1912 4353; x_wconf 87' lang='lat' dir='ltr'><strong>deprehendes</strong></span> <span class='ocrx_word' id='word_1_312' title='bbox 1940 4284 2087 4353; x_wconf 87' lang='lat' dir='ltr'><strong>quod</strong></span> <span class='ocrx_word' id='word_1_313' title='bbox 2112 4285 2302 4338; x_wconf 90' lang='lat' dir='ltr'><strong>carnis</strong></span> 
     </span>
    </p>
   </div>
   <div class='ocr_carea' id='block_1_47' title="bbox 718 4375 2297 4445">
    <p class='ocr_par' dir='ltr' id='par_1_47' title="bbox 718 4375 2297 4445">
     <span class='ocr_line' id='line_1_47' title="bbox 718 4375 2297 4445; baseline -0.001 -14"><span class='ocrx_word' id='word_1_314' title='bbox 718 4375 949 4445; x_wconf 86' lang='lat' dir='ltr'><strong>resipiat</strong></span> <span class='ocrx_word' id='word_1_315' title='bbox 996 4375 1369 4445; x_wconf 88' lang='lat' dir='ltr'><strong>prudentiam.</strong></span> <span class='ocrx_word' id='word_1_316' title='bbox 1432 4376 1668 4430; x_wconf 87' lang='lat' dir='ltr'><strong>Fructus</strong></span> <span class='ocrx_word' id='word_1_317' title='bbox 1722 4376 1999 4444; x_wconf 88' lang='lat' dir='ltr'><strong>siquidem</strong></span> <span class='ocrx_word' id='word_1_318' title='bbox 2050 4375 2297 4445; x_wconf 88' lang='lat' dir='ltr'><strong>Spiritus</strong></span> 
     </span>
    </p>
   </div>
   <div class='ocr_carea' id='block_1_48' title="bbox 716 4468 2302 4537">
    <p class='ocr_par' dir='ltr' id='par_1_48' title="bbox 716 4468 2302 4537">
     <span class='ocr_line' id='line_1_48' title="bbox 716 4468 2302 4537; baseline 0.001 -16"><span class='ocrx_word' id='word_1_319' title='bbox 716 4484 910 4522; x_wconf 84' lang='lat' dir='ltr'><strong>omnes</strong></span> <span class='ocrx_word' id='word_1_320' title='bbox 963 4469 1236 4523; x_wconf 88' lang='lat' dir='ltr'><strong>salutares</strong></span> <span class='ocrx_word' id='word_1_321' title='bbox 1279 4476 1440 4530; x_wconf 88' lang='lat' dir='ltr'><strong>sunt,</strong></span> <span class='ocrx_word' id='word_1_322' title='bbox 1496 4468 1549 4521; x_wconf 92' lang='lat' dir='ltr'><strong>in</strong></span> <span class='ocrx_word' id='word_1_323' title='bbox 1594 4468 1794 4537; x_wconf 89' lang='lat' dir='ltr'><strong>quibus</strong></span> <span class='ocrx_word' id='word_1_324' title='bbox 1843 4468 2116 4522; x_wconf 89' lang='lat' dir='ltr'><strong>inhabitat</strong></span> <span class='ocrx_word' id='word_1_325' title='bbox 2155 4469 2302 4523; x_wconf 87' lang='lat' dir='ltr'><strong>Deus</strong></span> 
     </span>
    </p>
   </div>
   <div class='ocr_carea' id='block_1_49' title="bbox 717 4560 2301 4641">
    <p class='ocr_par' dir='ltr' id='par_1_49' title="bbox 717 4560 2301 4641">
     <span class='ocr_line' id='line_1_49' title="bbox 717 4560 2301 4641; baseline -0.001 -25"><span class='ocrx_word' id='word_1_326' title='bbox 717 4571 773 4616; x_wconf 80' lang='lat' dir='ltr'><strong>et</strong></span> <span class='ocrx_word' id='word_1_327' title='bbox 823 4560 1160 4624; x_wconf 89' lang='lat' dir='ltr'><strong>inambulat,</strong></span> <span class='ocrx_word' id='word_1_328' title='bbox 1213 4560 1308 4629; x_wconf 93' lang='lat' dir='ltr'><strong>qui</strong></span> <span class='ocrx_word' id='word_1_329' title='bbox 1357 4572 1414 4614; x_wconf 90' lang='lat' dir='ltr'><strong>et</strong></span> <span class='ocrx_word' id='word_1_330' title='bbox 1456 4562 1881 4629; x_wconf 90' lang='lat' dir='ltr'><strong>conspiciuntur</strong></span> <span class='ocrx_word' id='word_1_331' title='bbox 1923 4571 2182 4641; x_wconf 87' lang='lat' dir='ltr'><strong>tanquam</strong></span> <span class='ocrx_word' id='word_1_332' title='bbox 2216 4562 2301 4616; x_wconf 85' lang='lat' dir='ltr'><strong>lu-</strong></span> 
     </span>
    </p>
   </div>
   <div class='ocr_carea' id='block_1_50' title="bbox 719 4652 2300 4725">
    <p class='ocr_par' dir='ltr' id='par_1_50' title="bbox 719 4652 2300 4725">
     <span class='ocr_line' id='line_1_50' title="bbox 719 4652 2300 4725; baseline 0.001 -18"><span class='ocrx_word' id='word_1_333' title='bbox 719 4654 953 4707; x_wconf 92' lang='lat' dir='ltr'><strong>minaria</strong></span> <span class='ocrx_word' id='word_1_334' title='bbox 991 4652 1047 4706; x_wconf 94' lang='lat' dir='ltr'><strong>in</strong></span> <span class='ocrx_word' id='word_1_335' title='bbox 1076 4653 1305 4716; x_wconf 93' lang='lat' dir='ltr'><strong>mundo,</strong></span> <span class='ocrx_word' id='word_1_336' title='bbox 1344 4668 1470 4706; x_wconf 92' lang='lat' dir='ltr'><strong>cum</strong></span> <span class='ocrx_word' id='word_1_337' title='bbox 1500 4653 1787 4709; x_wconf 69' lang='lat' dir='ltr'><strong>verissime</strong></span> <span class='ocrx_word' id='word_1_338' title='bbox 1816 4656 1927 4708; x_wconf 90' lang='lat' dir='ltr'><strong>sint</strong></span> <span class='ocrx_word' id='word_1_339' title='bbox 1958 4655 2178 4725; x_wconf 89' lang='lat' dir='ltr'><strong>pietatis</strong></span> <span class='ocrx_word' id='word_1_340' title='bbox 2201 4671 2300 4709; x_wconf 78' lang='lat' dir='ltr'><strong>ex-</strong></span> 
     </span>
    </p>
   </div>
   <div class='ocr_carea' id='block_1_51' title="bbox 720 4742 2300 4815">
    <p class='ocr_par' dir='ltr' id='par_1_51' title="bbox 720 4742 2300 4815">
     <span class='ocr_line' id='line_1_51' title="bbox 720 4742 2300 4815; baseline -0.001 -16"><span class='ocrx_word' id='word_1_341' title='bbox 720 4746 946 4799; x_wconf 88' lang='lat' dir='ltr'><strong>sultatio</strong></span> <span class='ocrx_word' id='word_1_342' title='bbox 977 4752 1033 4799; x_wconf 89' lang='lat' dir='ltr'><strong>et</strong></span> <span class='ocrx_word' id='word_1_343' title='bbox 1063 4742 1258 4815; x_wconf 80' lang='lat' dir='ltr'><strong>gloria.</strong></span> <span class='ocrx_word' id='word_1_344' title='bbox 1319 4742 1461 4797; x_wconf 88' lang='lat' dir='ltr'><strong>Sane</strong></span> <span class='ocrx_word' id='word_1_345' title='bbox 1504 4745 1793 4814; x_wconf 81' lang='lat' dir='ltr'><strong>augustior</strong></span> <span class='ocrx_word' id='word_1_346' title='bbox 1829 4745 1919 4799; x_wconf 92' lang='lat' dir='ltr'><strong>hic</strong></span> <span class='ocrx_word' id='word_1_347' title='bbox 1949 4745 2300 4799; x_wconf 88' lang='lat' dir='ltr'><strong>sacerdotum</strong></span> 
     </span>
    </p>
   </div>
   <div class='ocr_carea' id='block_1_52' title="bbox 721 4835 2304 4908">
    <p class='ocr_par' dir='ltr' id='par_1_52' title="bbox 721 4835 2304 4908">
     <span class='ocr_line' id='line_1_52' title="bbox 721 4835 2304 4908; baseline -0.001 -18"><span class='ocrx_word' id='word_1_348' title='bbox 721 4837 1089 4908; x_wconf 89' lang='lat' dir='ltr'><strong>principatus,</strong></span> <span class='ocrx_word' id='word_1_349' title='bbox 1126 4850 1281 4889; x_wconf 86' lang='lat' dir='ltr'><strong>sacer</strong></span> <span class='ocrx_word' id='word_1_350' title='bbox 1309 4835 1447 4890; x_wconf 87' lang='lat' dir='ltr'><strong>ordo</strong></span> <span class='ocrx_word' id='word_1_351' title='bbox 1476 4845 1533 4890; x_wconf 88' lang='lat' dir='ltr'><strong>ct</strong></span> <span class='ocrx_word' id='word_1_352' title='bbox 1559 4836 1790 4891; x_wconf 89' lang='lat' dir='ltr'><strong>scientia</strong></span> <span class='ocrx_word' id='word_1_353' title='bbox 1817 4846 1921 4891; x_wconf 90' lang='lat' dir='ltr'><strong>est.</strong></span> <span class='ocrx_word' id='word_1_354' title='bbox 1956 4836 2107 4890; x_wconf 90' lang='lat' dir='ltr'><strong>Sacri</strong></span> <span class='ocrx_word' id='word_1_355' title='bbox 2136 4836 2304 4907; x_wconf 79' lang='lat' dir='ltr'><strong>igitur</strong></span> 
     </span>
    </p>
   </div>
   <div class='ocr_carea' id='block_1_53' title="bbox 722 4927 2303 4999">
    <p class='ocr_par' dir='ltr' id='par_1_53' title="bbox 722 4927 2303 4999">
     <span class='ocr_line' id='line_1_53' title="bbox 722 4927 2303 4999; baseline 0 -18"><span class='ocrx_word' id='word_1_356' title='bbox 722 4928 1069 4999; x_wconf 87' lang='lat' dir='ltr'><strong>principatus</strong></span> <span class='ocrx_word' id='word_1_357' title='bbox 1112 4927 1273 4983; x_wconf 91' lang='lat' dir='ltr'><strong>istius</strong></span> <span class='ocrx_word' id='word_1_358' title='bbox 1321 4943 1521 4997; x_wconf 86' lang='lat' dir='ltr'><strong>scopus</strong></span> <span class='ocrx_word' id='word_1_359' title='bbox 1564 4928 1656 4983; x_wconf 92' lang='lat' dir='ltr'><strong>hic</strong></span> <span class='ocrx_word' id='word_1_360' title='bbox 1696 4939 1812 4991; x_wconf 87' lang='lat' dir='ltr'><strong>est,</strong></span> <span class='ocrx_word' id='word_1_361' title='bbox 1862 4928 1996 4992; x_wconf 90' lang='lat' dir='ltr'><strong>Deo,</strong></span> <span class='ocrx_word' id='word_1_362' title='bbox 2034 4937 2303 4996; x_wconf 90' lang='lat' dir='ltr'><strong>quantum</strong></span> 
     </span>
    </p>
   </div>
   <div class='ocr_carea' id='block_1_54' title="bbox 721 5019 2303 5088">
    <p class='ocr_par' dir='ltr' id='par_1_54' title="bbox 721 5019 2303 5088">
     <span class='ocr_line' id='line_1_54' title="bbox 721 5019 2303 5088; baseline -0.002 -13"><span class='ocrx_word' id='word_1_363' title='bbox 721 5022 980 5076; x_wconf 71' lang='lat' dir='ltr'><strong>humana:</strong></span> <span class='ocrx_word' id='word_1_364' title='bbox 997 5020 1191 5081; x_wconf 82' lang='lat' dir='ltr'><strong>sinunt</strong></span> <span class='ocrx_word' id='word_1_365' title='bbox 1211 5020 1476 5082; x_wconf 64' lang='lat' dir='ltr'><strong>viriculae,</strong></span> <span class='ocrx_word' id='word_1_366' title='bbox 1497 5030 1556 5074; x_wconf 92' lang='lat' dir='ltr'><strong>ut</strong></span> <span class='ocrx_word' id='word_1_367' title='bbox 1576 5035 1634 5073; x_wconf 90' lang='lat' dir='ltr'><strong>se</strong></span> <span class='ocrx_word' id='word_1_368' title='bbox 1651 5019 1923 5074; x_wconf 89' lang='lat' dir='ltr'><strong>assimilet</strong></span> <span class='ocrx_word' id='word_1_369' title='bbox 1943 5029 2108 5088; x_wconf 88' lang='lat' dir='ltr'><strong>atque</strong></span> <span class='ocrx_word' id='word_1_370' title='bbox 2127 5019 2303 5085; x_wconf 90' lang='lat' dir='ltr'><strong>uniat,</strong></span> 
     </span>
    </p>
   </div>
   <div class='ocr_carea' id='block_1_55' title="bbox 720 5111 2307 5182">
    <p class='ocr_par' dir='ltr' id='par_1_55' title="bbox 720 5111 2307 5182">
     <span class='ocr_line' id='line_1_55' title="bbox 720 5111 2307 5182; baseline 0.001 -18"><span class='ocrx_word' id='word_1_371' title='bbox 720 5113 897 5165; x_wconf 83' lang='lat' dir='ltr'><strong>Deum</strong></span> <span class='ocrx_word' id='word_1_372' title='bbox 940 5111 1151 5170; x_wconf 89' lang='lat' dir='ltr'><strong>habens</strong></span> <span class='ocrx_word' id='word_1_373' title='bbox 1203 5127 1373 5172; x_wconf 76' lang='lat' dir='ltr'><strong>sacra:</strong></span> <span class='ocrx_word' id='word_1_374' title='bbox 1414 5113 1585 5167; x_wconf 84' lang='lat' dir='ltr'><strong>totius</strong></span> <span class='ocrx_word' id='word_1_375' title='bbox 1616 5112 1862 5165; x_wconf 79' lang='lat' dir='ltr'><strong>scientia:</strong></span> <span class='ocrx_word' id='word_1_376' title='bbox 1894 5121 1951 5166; x_wconf 91' lang='lat' dir='ltr'><strong>et</strong></span> <span class='ocrx_word' id='word_1_377' title='bbox 1979 5112 2307 5182; x_wconf 72' lang='lat' dir='ltr'><strong>operatoria:</strong></span> 
     </span>
    </p>
   </div>
   <div class='ocr_carea' id='block_1_56' title="bbox 723 5198 2305 5269">
    <p class='ocr_par' dir='ltr' id='par_1_56' title="bbox 723 5198 2305 5269">
     <span class='ocr_line' id='line_1_56' title="bbox 723 5198 2305 5269; baseline 0 -16"><span class='ocrx_word' id='word_1_378' title='bbox 723 5201 950 5254; x_wconf 65' lang='lat' dir='ltr'><strong>virtutis</strong></span> <span class='ocrx_word' id='word_1_379' title='bbox 980 5212 1413 5269; x_wconf 63' lang='lat' dir='ltr'><strong>prteceptorem;</strong></span> <span class='ocrx_word' id='word_1_380' title='bbox 1458 5199 1588 5253; x_wconf 91' lang='lat' dir='ltr'><strong>dum</strong></span> <span class='ocrx_word' id='word_1_381' title='bbox 1622 5200 1799 5255; x_wconf 88' lang='lat' dir='ltr'><strong>aciem</strong></span> <span class='ocrx_word' id='word_1_382' title='bbox 1832 5198 2036 5253; x_wconf 89' lang='lat' dir='ltr'><strong>mentis</strong></span> <span class='ocrx_word' id='word_1_383' title='bbox 2066 5199 2305 5254; x_wconf 89' lang='lat' dir='ltr'><strong>intendit</strong></span> 
     </span>
    </p>
   </div>
   <div class='ocr_carea' id='block_1_57' title="bbox 727 5291 2306 5363">
    <p class='ocr_par' dir='ltr' id='par_1_57' title="bbox 727 5291 2306 5363">
     <span class='ocr_line' id='line_1_57' title="bbox 727 5291 2306 5363; baseline 0.001 -19"><span class='ocrx_word' id='word_1_384' title='bbox 727 5294 779 5345; x_wconf 88' lang='lat' dir='ltr'><strong>in</strong></span> <span class='ocrx_word' id='word_1_385' title='bbox 812 5291 1263 5363; x_wconf 77' lang='lat' dir='ltr'><strong>augustissimam</strong></span> <span class='ocrx_word' id='word_1_386' title='bbox 1297 5292 1447 5347; x_wconf 91' lang='lat' dir='ltr'><strong>illius</strong></span> <span class='ocrx_word' id='word_1_387' title='bbox 1472 5291 1967 5362; x_wconf 87' lang='lat' dir='ltr'><strong>pulchritudinem,</strong></span> <span class='ocrx_word' id='word_1_388' title='bbox 2002 5292 2143 5346; x_wconf 90' lang='lat' dir='ltr'><strong>nihil</strong></span> <span class='ocrx_word' id='word_1_389' title='bbox 2176 5307 2306 5346; x_wconf 78' lang='lat' dir='ltr'><strong>eva-</strong></span> 
     </span>
    </p>
   </div>
   <div class='ocr_carea' id='block_1_58' title="bbox 727 5381 2304 5446">
    <p class='ocr_par' dir='ltr' id='par_1_58' title="bbox 727 5381 2304 5446">
     <span class='ocr_line' id='line_1_58' title="bbox 727 5381 2304 5446; baseline -0.001 -9"><span class='ocrx_word' id='word_1_390' title='bbox 727 5400 901 5437; x_wconf 82' lang='lat' dir='ltr'><strong>rtans.</strong></span> <span class='ocrx_word' id='word_1_391' title='bbox 958 5382 1069 5437; x_wconf 89' lang='lat' dir='ltr'><strong>Pro</strong></span> <span class='ocrx_word' id='word_1_392' title='bbox 1108 5382 1332 5436; x_wconf 89' lang='lat' dir='ltr'><strong>modqu</strong></span> <span class='ocrx_word' id='word_1_393' title='bbox 1365 5392 1549 5437; x_wconf 88' lang='lat' dir='ltr'><strong>autem</strong></span> <span class='ocrx_word' id='word_1_394' title='bbox 1583 5381 1784 5435; x_wconf 79' lang='lat' dir='ltr'><strong>virium</strong></span> <span class='ocrx_word' id='word_1_395' title='bbox 1829 5383 2002 5437; x_wconf 88' lang='lat' dir='ltr'><strong>Deum</strong></span> <span class='ocrx_word' id='word_1_396' title='bbox 2034 5382 2304 5446; x_wconf 87' lang='lat' dir='ltr'><strong>imitatus,</strong></span> 
     </span>
    </p>
   </div>
   <div class='ocr_carea' id='block_1_59' title="bbox 726 5475 2309 5546">
    <p class='ocr_par' dir='ltr' id='par_1_59' title="bbox 726 5475 2309 5546">
     <span class='ocr_line' id='line_1_59' title="bbox 726 5475 2309 5546; baseline -0.001 -16"><span class='ocrx_word' id='word_1_397' title='bbox 726 5492 860 5530; x_wconf 87' lang='lat' dir='ltr'><strong>suos</strong></span> <span class='ocrx_word' id='word_1_398' title='bbox 880 5476 1048 5531; x_wconf 90' lang='lat' dir='ltr'><strong>etiam</strong></span> <span class='ocrx_word' id='word_1_399' title='bbox 1073 5477 1256 5531; x_wconf 90' lang='lat' dir='ltr'><strong>socios</strong></span> <span class='ocrx_word' id='word_1_400' title='bbox 1282 5476 1498 5530; x_wconf 82' lang='lat' dir='ltr'><strong>divinas</strong></span> <span class='ocrx_word' id='word_1_401' title='bbox 1530 5476 1799 5546; x_wconf 81' lang='lat' dir='ltr'><strong>imagines</strong></span> <span class='ocrx_word' id='word_1_402' title='bbox 1822 5475 2060 5544; x_wconf 90' lang='lat' dir='ltr'><strong>perlicit,</strong></span> <span class='ocrx_word' id='word_1_403' title='bbox 2086 5475 2309 5543; x_wconf 89' lang='lat' dir='ltr'><strong>specula</strong></span> 
     </span>
    </p>
   </div>
   <div class='ocr_carea' id='block_1_60' title="bbox 728 5566 2310 5637">
    <p class='ocr_par' dir='ltr' id='par_1_60' title="bbox 728 5566 2310 5637">
     <span class='ocr_line' id='line_1_60' title="bbox 728 5566 2310 5637; baseline -0.001 -15"><span class='ocrx_word' id='word_1_404' title='bbox 728 5567 1060 5623; x_wconf 80' lang='lat' dir='ltr'><strong>nitidissima</strong></span> <span class='ocrx_word' id='word_1_405' title='bbox 1091 5576 1148 5622; x_wconf 87' lang='lat' dir='ltr'><strong>et</strong></span> <span class='ocrx_word' id='word_1_406' title='bbox 1176 5568 1527 5624; x_wconf 91' lang='lat' dir='ltr'><strong>innnaculata</strong></span> <span class='ocrx_word' id='word_1_407' title='bbox 1548 5610 1560 5631; x_wconf 95' lang='lat'><strong>,</strong></span> <span class='ocrx_word' id='word_1_408' title='bbox 1598 5568 1821 5637; x_wconf 85' lang='lat' dir='ltr'><strong>capacia</strong></span> <span class='ocrx_word' id='word_1_409' title='bbox 1856 5567 2132 5636; x_wconf 69' lang='lat' dir='ltr'><strong>primariae</strong></span> <span class='ocrx_word' id='word_1_410' title='bbox 2161 5566 2310 5620; x_wconf 88' lang='lat' dir='ltr'><strong>illius</strong></span> 
     </span>
    </p>
   </div>
   <div class='ocr_carea' id='block_1_61' title="bbox 728 5658 2303 5731">
    <p class='ocr_par' dir='ltr' id='par_1_61' title="bbox 728 5658 2303 5731">
     <span class='ocr_line' id='line_1_61' title="bbox 728 5658 2303 5731; baseline -0.002 -16"><span class='ocrx_word' id='word_1_411' title='bbox 728 5660 900 5724; x_wconf 89' lang='lat' dir='ltr'><strong>lucis,</strong></span> <span class='ocrx_word' id='word_1_412' title='bbox 960 5659 1100 5716; x_wconf 83' lang='lat' dir='ltr'><strong>radii</strong></span> <span class='ocrx_word' id='word_1_413' title='bbox 1149 5676 1378 5731; x_wconf 88' lang='lat' dir='ltr'><strong>prorsus</strong></span> <span class='ocrx_word' id='word_1_414' title='bbox 1422 5659 1619 5715; x_wconf 74' lang='lat' dir='ltr'><strong>divini.</strong></span> <span class='ocrx_word' id='word_1_415' title='bbox 1678 5660 1826 5714; x_wconf 85' lang='lat' dir='ltr'><strong>lianc</strong></span> <span class='ocrx_word' id='word_1_416' title='bbox 1860 5674 2054 5713; x_wconf 87' lang='lat' dir='ltr'><strong>rursus</strong></span> <span class='ocrx_word' id='word_1_417' title='bbox 2088 5658 2303 5712; x_wconf 85' lang='lat' dir='ltr'><strong>hierar-</strong></span> 
     </span>
    </p>
   </div>
   <div class='ocr_carea' id='block_1_62' title="bbox 728 5752 2309 5823">
    <p class='ocr_par' dir='ltr' id='par_1_62' title="bbox 728 5752 2309 5823">
     <span class='ocr_line' id='line_1_62' title="bbox 728 5752 2309 5823; baseline 0.003 -20"><span class='ocrx_word' id='word_1_418' title='bbox 728 5754 940 5807; x_wconf 73' lang='lat' dir='ltr'><strong>rhicam</strong></span> <span class='ocrx_word' id='word_1_419' title='bbox 986 5752 1326 5807; x_wconf 75' lang='lat' dir='ltr'><strong>{unctionem</strong></span> <span class='ocrx_word' id='word_1_420' title='bbox 1380 5755 1434 5808; x_wconf 93' lang='lat' dir='ltr'><strong>in</strong></span> <span class='ocrx_word' id='word_1_421' title='bbox 1477 5764 1675 5809; x_wconf 70' lang='lat' dir='ltr'><strong>caztera</strong></span> <span class='ocrx_word' id='word_1_422' title='bbox 1718 5770 1818 5808; x_wconf 88' lang='lat' dir='ltr'><strong>suo</strong></span> <span class='ocrx_word' id='word_1_423' title='bbox 1850 5769 2085 5823; x_wconf 67' lang='lat' dir='ltr'><strong>quaeque</strong></span> <span class='ocrx_word' id='word_1_424' title='bbox 2115 5754 2309 5807; x_wconf 88' lang='lat' dir='ltr'><strong>ordine</strong></span> 
     </span>
    </p>
   </div>
   <div class='ocr_carea' id='block_1_63' title="bbox 731 5845 2298 5911">
    <p class='ocr_par' dir='ltr' id='par_1_63' title="bbox 731 5845 2298 5911">
     <span class='ocr_line' id='line_1_63' title="bbox 731 5845 2298 5911; baseline 0.002 -13"><span class='ocrx_word' id='word_1_425' title='bbox 731 5845 1031 5911; x_wconf 83' lang='lat' dir='ltr'><strong>relucentia</strong></span> <span class='ocrx_word' id='word_1_426' title='bbox 1066 5846 1406 5901; x_wconf 80' lang='lat' dir='ltr'><strong>transmittit</strong></span> <span class='ocrx_word' id='word_1_427' title='bbox 1470 5848 1589 5901; x_wconf 73' lang='lat' dir='ltr'><strong>Non</strong></span> <span class='ocrx_word' id='word_1_428' title='bbox 1621 5847 1766 5903; x_wconf 86' lang='lat' dir='ltr'><strong>enim</strong></span> <span class='ocrx_word' id='word_1_429' title='bbox 1802 5847 1883 5905; x_wconf 79' lang='lat' dir='ltr'><strong>fas</strong></span> <span class='ocrx_word' id='word_1_430' title='bbox 1912 5848 1983 5903; x_wconf 84' lang='lat' dir='ltr'><strong>sit</strong></span> <span class='ocrx_word' id='word_1_431' title='bbox 2013 5861 2298 5904; x_wconf 82' lang='lat' dir='ltr'><strong>sacrorum</strong></span> 
     </span>
    </p>
   </div>
   <div class='ocr_carea' id='block_1_64' title="bbox 2370 613 3969 685">
    <p class='ocr_par' dir='ltr' id='par_1_64' title="bbox 2370 613 3969 685">
     <span class='ocr_line' id='line_1_64' title="bbox 2370 613 3969 685; baseline -0.003 -18"><span class='ocrx_word' id='word_1_432' title='bbox 2370 616 2620 685; x_wconf 81' lang='grc' dir='ltr'>ἔκραξεν’</span> <span class='ocrx_word' id='word_1_433' title='bbox 2645 618 2863 681; x_wconf 80' lang='grc' dir='ltr'>Μεῖνον,</span> <span class='ocrx_word' id='word_1_434' title='bbox 2884 618 3073 669; x_wconf 83' lang='grc' dir='ltr'>τέκνον</span> <span class='ocrx_word' id='word_1_435' title='bbox 3095 656 3109 677; x_wconf 92' lang='grc'><strong>,</strong></span> <span class='ocrx_word' id='word_1_436' title='bbox 3130 616 3220 668; x_wconf 68' lang='grc' dir='ltr'><strong>τὸν</strong></span> <span class='ocrx_word' id='word_1_437' title='bbox 3239 616 3449 685; x_wconf 78' lang='grc' dir='ltr'><strong>πατέρα</strong></span> <span class='ocrx_word' id='word_1_438' title='bbox 3472 632 3565 667; x_wconf 87' lang='grc' dir='ltr'><strong>σου</strong></span> <span class='ocrx_word' id='word_1_439' title='bbox 3586 632 3600 644; x_wconf 79' lang='grc'><em>”</em></span> <span class='ocrx_word' id='word_1_440' title='bbox 3618 614 3849 681; x_wconf 73' lang='grc' dir='ltr'>ἐλέησον</span> <span class='ocrx_word' id='word_1_441' title='bbox 3866 613 3969 674; x_wconf 69' lang='grc' dir='ltr'>τὰς</span> 
     </span>
    </p>
   </div>
   <div class='ocr_carea' id='block_1_65' title="bbox 2369 704 3969 779">
    <p class='ocr_par' dir='ltr' id='par_1_65' title="bbox 2369 704 3969 779">
     <span class='ocr_line' id='line_1_65' title="bbox 2369 704 3969 779; baseline -0.003 -20"><span class='ocrx_word' id='word_1_442' title='bbox 2369 707 2561 771; x_wconf 83' lang='grc' dir='ltr'>πολιάς</span> <span class='ocrx_word' id='word_1_443' title='bbox 2587 725 2689 779; x_wconf 88' lang='grc' dir='ltr'><strong>μου</strong></span> <span class='ocrx_word' id='word_1_444' title='bbox 2718 725 2733 740; x_wconf 78' lang='grc'><strong>’</strong></span> <span class='ocrx_word' id='word_1_445' title='bbox 2767 710 2860 762; x_wconf 76' lang='grc' dir='ltr'><strong>καὶ</strong></span> <span class='ocrx_word' id='word_1_446' title='bbox 2904 708 3076 761; x_wconf 77' lang='grc' dir='ltr'>ἐλθὼν</span> <span class='ocrx_word' id='word_1_447' title='bbox 3130 708 3469 779; x_wconf 70' lang='grc' dir='ltr'><strong>προσέπεσεν</strong></span> <span class='ocrx_word' id='word_1_448' title='bbox 3500 706 3650 774; x_wconf 73' lang='grc' dir='ltr'>αὐτῷ</span> <span class='ocrx_word' id='word_1_449' title='bbox 3698 705 3842 774; x_wconf 74' lang='grc' dir='ltr'>ἔχων</span> <span class='ocrx_word' id='word_1_450' title='bbox 3868 704 3969 775; x_wconf 71' lang='grc' dir='ltr'><strong>τὴι</strong></span> 
     </span>
    </p>
   </div>
   <div class='ocr_carea' id='block_1_66' title="bbox 2367 797 3970 871">
    <p class='ocr_par' dir='ltr' id='par_1_66' title="bbox 2367 797 3970 871">
     <span class='ocr_line' id='line_1_66' title="bbox 2367 797 3970 871; baseline -0.003 -19"><span class='ocrx_word' id='word_1_451' title='bbox 2367 800 2547 866; x_wconf 79' lang='grc' dir='ltr'>δεξιὰν</span> <span class='ocrx_word' id='word_1_452' title='bbox 2576 801 2908 871; x_wconf 70' lang='grc' dir='ltr'><strong>ᾑμαγμένην</strong></span> <span class='ocrx_word' id='word_1_453' title='bbox 2934 818 2946 830; x_wconf 74' lang='grc'>³</span> <span class='ocrx_word' id='word_1_454' title='bbox 2978 805 3007 854; x_wconf 82' lang='grc' dir='ltr'><strong>ό</strong></span> <span class='ocrx_word' id='word_1_455' title='bbox 3038 801 3093 853; x_wconf 69' lang='grc' dir='ltr'>δὲ</span> <span class='ocrx_word' id='word_1_456' title='bbox 3122 800 3517 869; x_wconf 72' lang='grc' dir='ltr'>εὐαγγελιστὴς</span> <span class='ocrx_word' id='word_1_457' title='bbox 3545 799 3832 866; x_wconf 59' lang='grc' dir='ltr'>κατεςίὶει</span> <span class='ocrx_word' id='word_1_458' title='bbox 3868 797 3970 863; x_wconf 76' lang='grc' dir='ltr'>τὴν</span> 
     </span>
    </p>
   </div>
   <div class='ocr_carea' id='block_1_67' title="bbox 2370 891 3966 963">
    <p class='ocr_par' dir='ltr' id='par_1_67' title="bbox 2370 891 3966 963">
     <span class='ocr_line' id='line_1_67' title="bbox 2370 891 3966 963; baseline -0.001 -19"><span class='ocrx_word' id='word_1_459' title='bbox 2370 896 2527 963; x_wconf 79' lang='grc' dir='ltr'>χεῖρα</span> <span class='ocrx_word' id='word_1_460' title='bbox 2566 893 2754 957; x_wconf 70' lang='grc' dir='ltr'>αὑτοῦ,</span> <span class='ocrx_word' id='word_1_461' title='bbox 2787 894 2979 961; x_wconf 83' lang='grc' dir='ltr'>λέγων·</span> <span class='ocrx_word' id='word_1_462' title='bbox 3011 896 3127 946; x_wconf 79' lang='grc' dir='ltr'><strong>Ἐπ’</strong></span> <span class='ocrx_word' id='word_1_463' title='bbox 3152 895 3252 962; x_wconf 75' lang='grc' dir='ltr'><strong>ἐμὲ</strong></span> <span class='ocrx_word' id='word_1_464' title='bbox 3282 898 3314 954; x_wconf 75' lang='grc' dir='ltr'>ἠ</span> <span class='ocrx_word' id='word_1_465' title='bbox 3343 892 3586 962; x_wconf 81' lang='grc' dir='ltr'>ἁμαρτία</span> <span class='ocrx_word' id='word_1_466' title='bbox 3608 891 3966 952; x_wconf 80' lang='grc' dir='ltr'>σου,τέκνον.</span> 
     </span>
    </p>
   </div>
   <div class='ocr_carea' id='block_1_68' title="bbox 2382 981 3970 1056">
    <p class='ocr_par' dir='ltr' id='par_1_68' title="bbox 2382 981 3970 1056">
     <span class='ocr_line' id='line_1_68' title="bbox 2382 981 3970 1056; baseline -0.004 -19"><span class='ocrx_word' id='word_1_467' title='bbox 2382 987 2501 1037; x_wconf 75' lang='grc' dir='ltr'>’Λπ’</span> <span class='ocrx_word' id='word_1_468' title='bbox 2538 985 2672 1055; x_wconf 76' lang='grc' dir='ltr'>ἐμοῦ</span> <span class='ocrx_word' id='word_1_469' title='bbox 2730 986 3022 1056; x_wconf 77' lang='grc' dir='ltr'>ἐκζητήσει</span> <span class='ocrx_word' id='word_1_470' title='bbox 3052 986 3080 1037; x_wconf 78' lang='grc' dir='ltr'>ὁ</span> <span class='ocrx_word' id='word_1_471' title='bbox 3137 986 3270 1048; x_wconf 77' lang='grc' dir='ltr'>Θεὸς</span> <span class='ocrx_word' id='word_1_472' title='bbox 3316 985 3414 1053; x_wconf 84' lang='grc' dir='ltr'><strong>τὴν</strong></span> <span class='ocrx_word' id='word_1_473' title='bbox 3463 984 3642 1053; x_wconf 64' lang='grc' dir='ltr'>ψυχήν</span> <span class='ocrx_word' id='word_1_474' title='bbox 3682 999 3778 1033; x_wconf 61' lang='grc' dir='ltr'>σοι·</span> <span class='ocrx_word' id='word_1_475' title='bbox 3817 999 3832 1012; x_wconf 89' lang='grc'><strong>·</strong></span> <span class='ocrx_word' id='word_1_476' title='bbox 3874 981 3970 1032; x_wconf 73' lang='grc' dir='ltr'><strong>καὶ</strong></span> 
     </span>
    </p>
   </div>
   <div class='ocr_carea' id='block_1_69' title="bbox 2371 1072 3967 1147">
    <p class='ocr_par' dir='ltr' id='par_1_69' title="bbox 2371 1072 3967 1147">
     <span class='ocr_line' id='line_1_69' title="bbox 2371 1072 3967 1147; baseline -0.004 -18"><span class='ocrx_word' id='word_1_477' title='bbox 2371 1078 2705 1147; x_wconf 57' lang='grc' dir='ltr'>ἐπιστρέψας</span> <span class='ocrx_word' id='word_1_478' title='bbox 2774 1078 2957 1143; x_wconf 54' lang='grc' dir='ltr'>πάλιν,</span> <span class='ocrx_word' id='word_1_479' title='bbox 3018 1078 3235 1146; x_wconf 83' lang='grc' dir='ltr'>ἐγένετο</span> <span class='ocrx_word' id='word_1_480' title='bbox 3282 1076 3477 1136; x_wconf 73' lang='grc' dir='ltr'>σκεῦος</span> <span class='ocrx_word' id='word_1_481' title='bbox 3526 1074 3785 1140; x_wconf 71' lang='grc' dir='ltr'>ἐκλογῆς.</span> <span class='ocrx_word' id='word_1_482' title='bbox 3834 1072 3967 1125; x_wconf 61' lang='grc' dir='ltr'>Ἰδοὺ</span> 
     </span>
    </p>
   </div>
   <div class='ocr_carea' id='block_1_70' title="bbox 2370 1162 3969 1237">
    <p class='ocr_par' dir='ltr' id='par_1_70' title="bbox 2370 1162 3969 1237">
     <span class='ocr_line' id='line_1_70' title="bbox 2370 1162 3969 1237; baseline -0.006 -16"><span class='ocrx_word' id='word_1_483' title='bbox 2370 1168 2528 1221; x_wconf 75' lang='grc' dir='ltr'>τοῦτό</span> <span class='ocrx_word' id='word_1_484' title='bbox 2602 1170 2749 1220; x_wconf 80' lang='grc' dir='ltr'>ἐστιν</span> <span class='ocrx_word' id='word_1_485' title='bbox 2804 1168 3021 1237; x_wconf 78' lang='grc' dir='ltr'>ἀληθῶς</span> <span class='ocrx_word' id='word_1_486' title='bbox 3088 1168 3168 1231; x_wconf 69' lang='grc' dir='ltr'>τὸ,</span> <span class='ocrx_word' id='word_1_487' title='bbox 3241 1167 3415 1219; x_wconf 82' lang='grc' dir='ltr'>θεῖναι</span> <span class='ocrx_word' id='word_1_488' title='bbox 3472 1166 3572 1234; x_wconf 78' lang='grc' dir='ltr'><strong>τὴν</strong></span> <span class='ocrx_word' id='word_1_489' title='bbox 3630 1164 3812 1233; x_wconf 59' lang='grc' dir='ltr'>ψυχὴν</span> <span class='ocrx_word' id='word_1_490' title='bbox 3874 1162 3969 1213; x_wconf 75' lang='grc' dir='ltr'><strong>τὸν</strong></span> 
     </span>
    </p>
   </div>
   <div class='ocr_carea' id='block_1_71' title="bbox 2373 1254 3969 1331">
    <p class='ocr_par' dir='ltr' id='par_1_71' title="bbox 2373 1254 3969 1331">
     <span class='ocr_line' id='line_1_71' title="bbox 2373 1254 3969 1331; baseline -0.005 -20"><span class='ocrx_word' id='word_1_491' title='bbox 2373 1261 2606 1330; x_wconf 80' lang='grc' dir='ltr'>ποιμένα</span> <span class='ocrx_word' id='word_1_492' title='bbox 2678 1261 2818 1331; x_wconf 77' lang='grc' dir='ltr'>ὑπὲρ</span> <span class='ocrx_word' id='word_1_493' title='bbox 2887 1261 2994 1313; x_wconf 80' lang='grc' dir='ltr'>τῶν</span> <span class='ocrx_word' id='word_1_494' title='bbox 3067 1259 3379 1329; x_wconf 65' lang='grc' dir='ltr'>προϐάτων,</span> <span class='ocrx_word' id='word_1_495' title='bbox 3437 1260 3521 1311; x_wconf 80' lang='grc' dir='ltr'><strong>ἵνα</strong></span> <span class='ocrx_word' id='word_1_496' title='bbox 3567 1258 3696 1309; x_wconf 76' lang='grc' dir='ltr'>ὅταν</span> <span class='ocrx_word' id='word_1_497' title='bbox 3772 1255 3907 1323; x_wconf 77' lang='grc' dir='ltr'>ἔλθῃ</span> <span class='ocrx_word' id='word_1_498' title='bbox 3938 1254 3969 1303; x_wconf 77' lang='grc' dir='ltr'>ὁ</span> 
     </span>
    </p>
   </div>
   <div class='ocr_carea' id='block_1_72' title="bbox 2373 1346 3968 1422">
    <p class='ocr_par' dir='ltr' id='par_1_72' title="bbox 2373 1346 3968 1422">
     <span class='ocr_line' id='line_1_72' title="bbox 2373 1346 3968 1422; baseline -0.033 23"><span class='ocrx_word' id='word_1_499' title='bbox 2373 1351 2576 1422; x_wconf 61' lang='grc' dir='ltr'>Κύρως</span> <span class='ocrx_word' id='word_1_500' title='bbox 2620 1352 2729 1405; x_wconf 67' lang='grc' dir='ltr'><strong>τῶν</strong></span> <span class='ocrx_word' id='word_1_501' title='bbox 2759 1352 3069 1421; x_wconf 58' lang='grc' dir='ltr'><strong>προϐάτων*</strong></span> <span class='ocrx_word' id='word_1_502' title='bbox 3099 1353 3238 1421; x_wconf 75' lang='grc' dir='ltr'><strong>καρῇ</strong></span> <span class='ocrx_word' id='word_1_503' title='bbox 3284 1352 3368 1402; x_wconf 62' lang='grc' dir='ltr'><strong>ἐπ’</strong></span> <span class='ocrx_word' id='word_1_504' title='bbox 3400 1348 3573 1417; x_wconf 52' lang='grc' dir='ltr'>αὐτῷ.</span> <span class='ocrx_word' id='word_1_505' title='bbox 3606 1348 3704 1400; x_wconf 69' lang='grc' dir='ltr'><strong>καὶ</strong></span> <span class='ocrx_word' id='word_1_506' title='bbox 3733 1347 3828 1397; x_wconf 71' lang='grc' dir='ltr'>ἐπὶ</span> <span class='ocrx_word' id='word_1_507' title='bbox 3854 1346 3968 1405; x_wconf 78' lang='grc' dir='ltr'>τοῖς</span> 
     </span>
    </p>
   </div>
   <div class='ocr_carea' id='block_1_73' title="bbox 2373 1436 3971 1514">
    <p class='ocr_par' dir='ltr' id='par_1_73' title="bbox 2373 1436 3971 1514">
     <span class='ocr_line' id='line_1_73' title="bbox 2373 1436 3971 1514; baseline -0.006 -18"><span class='ocrx_word' id='word_1_508' title='bbox 2373 1445 2669 1514; x_wconf 76' lang='grc' dir='ltr'>προϐάτοις</span> <span class='ocrx_word' id='word_1_509' title='bbox 2701 1445 3003 1514; x_wconf 69' lang='grc' dir='ltr'>εὐφρανθῇ.</span> <span class='ocrx_word' id='word_1_510' title='bbox 3033 1445 3348 1514; x_wconf 75' lang='grc' dir='ltr'>Χαρήσεται</span> <span class='ocrx_word' id='word_1_511' title='bbox 3381 1442 3437 1494; x_wconf 81' lang='grc' dir='ltr'>δὲ</span> <span class='ocrx_word' id='word_1_512' title='bbox 3484 1441 3578 1493; x_wconf 74' lang='grc' dir='ltr'>ἐὰν</span> <span class='ocrx_word' id='word_1_513' title='bbox 3610 1440 3793 1493; x_wconf 73' lang='grc' dir='ltr'>πάντα</span> <span class='ocrx_word' id='word_1_514' title='bbox 3837 1436 3971 1503; x_wconf 80' lang='grc' dir='ltr'>ὑγιῆ</span> 
     </span>
    </p>
   </div>
   <div class='ocr_carea' id='block_1_74' title="bbox 2373 1530 3974 1609">
    <p class='ocr_par' dir='ltr' id='par_1_74' title="bbox 2373 1530 3974 1609">
     <span class='ocr_line' id='line_1_74' title="bbox 2373 1530 3974 1609; baseline -0.009 -14"><span class='ocrx_word' id='word_1_515' title='bbox 2373 1538 2592 1609; x_wconf 78' lang='grc' dir='ltr'>εὑρεθῇ,</span> <span class='ocrx_word' id='word_1_516' title='bbox 2628 1540 2723 1591; x_wconf 73' lang='grc' dir='ltr'><strong>καὶ</strong></span> <span class='ocrx_word' id='word_1_517' title='bbox 2885 1537 3311 1590; x_wconf 74' lang='grc' dir='ltr'>διαπεπτωκότα</span> <span class='ocrx_word' id='word_1_518' title='bbox 3360 1534 3483 1587; x_wconf 73' lang='grc' dir='ltr'>τινα</span> <span class='ocrx_word' id='word_1_519' title='bbox 3512 1533 3571 1597; x_wconf 77' lang='grc' dir='ltr'>ἐξ</span> <span class='ocrx_word' id='word_1_520' title='bbox 3614 1531 3797 1585; x_wconf 74' lang='grc' dir='ltr'>αὐτῶν</span> <span class='ocrx_word' id='word_1_521' title='bbox 3836 1546 3849 1559; x_wconf 88' lang='grc'><strong>·</strong></span> <span class='ocrx_word' id='word_1_522' title='bbox 3876 1530 3974 1581; x_wconf 74' lang='grc' dir='ltr'>ἐὰν</span> 
     </span>
    </p>
   </div>
   <div class='ocr_carea' id='block_1_75' title="bbox 2372 1622 3974 1698">
    <p class='ocr_par' dir='ltr' id='par_1_75' title="bbox 2372 1622 3974 1698">
     <span class='ocr_line' id='line_1_75' title="bbox 2372 1622 3974 1698; baseline 0.001 -17"><span class='ocrx_word' id='word_1_523' title='bbox 2372 1630 2429 1682; x_wconf 80' lang='grc' dir='ltr'><strong>δὲ</strong></span> <span class='ocrx_word' id='word_1_524' title='bbox 2462 1630 2660 1698; x_wconf 69' lang='grc' dir='ltr'>εὑρεθῇ</span> <span class='ocrx_word' id='word_1_525' title='bbox 2696 1647 2818 1680; x_wconf 87' lang='grc' dir='ltr'>τινα</span> <span class='ocrx_word' id='word_1_526' title='bbox 2850 1629 2908 1694; x_wconf 77' lang='grc' dir='ltr'>ἐξ</span> <span class='ocrx_word' id='word_1_527' title='bbox 2955 1628 3133 1681; x_wconf 71' lang='grc' dir='ltr'>αὐτῶν</span> <span class='ocrx_word' id='word_1_528' title='bbox 3173 1625 3621 1686; x_wconf 75' lang='grc' dir='ltr'>διαπεπτωκότα,</span> <span class='ocrx_word' id='word_1_529' title='bbox 3678 1622 3806 1676; x_wconf 63' lang='grc' dir='ltr'>οὖαὶ</span> <span class='ocrx_word' id='word_1_530' title='bbox 3854 1622 3974 1682; x_wconf 74' lang='grc' dir='ltr'>τοῖς</span> 
     </span>
    </p>
   </div>
   <div class='ocr_carea' id='block_1_76' title="bbox 2376 1713 3974 1788">
    <p class='ocr_par' dir='ltr' id='par_1_76' title="bbox 2376 1713 3974 1788">
     <span class='ocr_line' id='line_1_76' title="bbox 2376 1713 3974 1788; baseline -0.006 -17"><span class='ocrx_word' id='word_1_531' title='bbox 2376 1722 2633 1788; x_wconf 76' lang='grc' dir='ltr'>ποιμέσιν</span> <span class='ocrx_word' id='word_1_532' title='bbox 2664 1719 2837 1772; x_wconf 81' lang='grc' dir='ltr'>ἔσται.</span> <span class='ocrx_word' id='word_1_533' title='bbox 2880 1718 3006 1771; x_wconf 69' lang='grc' dir='ltr'>Ἐὰν</span> <span class='ocrx_word' id='word_1_534' title='bbox 3035 1719 3090 1772; x_wconf 78' lang='grc' dir='ltr'>δὲ</span> <span class='ocrx_word' id='word_1_535' title='bbox 3119 1723 3213 1771; x_wconf 74' lang='grc' dir='ltr'><strong>καὶ</strong></span> <span class='ocrx_word' id='word_1_536' title='bbox 3240 1719 3394 1771; x_wconf 68' lang='grc' dir='ltr'>αὐτοὶ</span> <span class='ocrx_word' id='word_1_537' title='bbox 3424 1720 3472 1770; x_wconf 86' lang='grc' dir='ltr'>οἱ</span> <span class='ocrx_word' id='word_1_538' title='bbox 3512 1715 3773 1785; x_wconf 75' lang='grc' dir='ltr'><strong>ποιμένες</strong></span> <span class='ocrx_word' id='word_1_539' title='bbox 3811 1713 3974 1780; x_wconf 66' lang='grc' dir='ltr'>εὐρε-</span> 
     </span>
    </p>
   </div>
   <div class='ocr_carea' id='block_1_77' title="bbox 2378 1799 3973 1878">
    <p class='ocr_par' dir='ltr' id='par_1_77' title="bbox 2378 1799 3973 1878">
     <span class='ocr_line' id='line_1_77' title="bbox 2378 1799 3973 1878; baseline -0.006 -16"><span class='ocrx_word' id='word_1_540' title='bbox 2378 1810 2545 1862; x_wconf 81' lang='grc' dir='ltr'>θῶσιν</span> <span class='ocrx_word' id='word_1_541' title='bbox 2598 1809 3062 1873; x_wconf 80' lang='grc' dir='ltr'>διαπεπτωκότες,</span> <span class='ocrx_word' id='word_1_542' title='bbox 3097 1809 3151 1861; x_wconf 88' lang='grc' dir='ltr'><strong>τί</strong></span> <span class='ocrx_word' id='word_1_543' title='bbox 3204 1808 3422 1878; x_wconf 73' lang='grc' dir='ltr'>ἐροῦσιν</span> <span class='ocrx_word' id='word_1_544' title='bbox 3470 1806 3548 1874; x_wconf 79' lang='grc' dir='ltr'>τῷ</span> <span class='ocrx_word' id='word_1_545' title='bbox 3592 1805 3849 1873; x_wconf 65' lang='grc' dir='ltr'>,δεσπότῃ</span> <span class='ocrx_word' id='word_1_546' title='bbox 3878 1799 3973 1853; x_wconf 69' lang='grc' dir='ltr'><strong>τοῦ</strong></span> 
     </span>
    </p>
   </div>
   <div class='ocr_carea' id='block_1_78' title="bbox 2310 1883 3973 1971">
    <p class='ocr_par' dir='ltr' id='par_1_78' title="bbox 2310 1883 3973 1971">
     <span class='ocr_line' id='line_1_78' title="bbox 2310 1883 3973 1971; baseline -0.007 -17"><span class='ocrx_word' id='word_1_547' title='bbox 2310 1883 2348 1936; x_wconf 63' lang='grc' dir='ltr'><strong>Β</strong></span> <span class='ocrx_word' id='word_1_548' title='bbox 2384 1902 2678 1971; x_wconf 82' lang='grc' dir='ltr'>ποιμνίου;</span> <span class='ocrx_word' id='word_1_549' title='bbox 2713 1902 2839 1954; x_wconf 77' lang='grc' dir='ltr'>’Ὁτι</span> <span class='ocrx_word' id='word_1_550' title='bbox 2861 1901 2968 1952; x_wconf 74' lang='grc' dir='ltr'><strong>ἀπὸ</strong></span> <span class='ocrx_word' id='word_1_551' title='bbox 2993 1898 3103 1951; x_wconf 85' lang='grc' dir='ltr'><strong>τῶν</strong></span> <span class='ocrx_word' id='word_1_552' title='bbox 3131 1898 3420 1968; x_wconf 74' lang='grc' dir='ltr'>προϐάτων</span> <span class='ocrx_word' id='word_1_553' title='bbox 3459 1897 3749 1958; x_wconf 86' lang='grc' dir='ltr'>διέπεσαν;</span> <span class='ocrx_word' id='word_1_554' title='bbox 3782 1894 3847 1946; x_wconf 73' lang='grc' dir='ltr'><strong>οὐ</strong></span> <span class='ocrx_word' id='word_1_555' title='bbox 3880 1909 3973 1943; x_wconf 87' lang='grc' dir='ltr'>πι-</span> 
     </span>
    </p>
   </div>
   <div class='ocr_carea' id='block_1_79' title="bbox 2382 1986 3975 2061">
    <p class='ocr_par' dir='ltr' id='par_1_79' title="bbox 2382 1986 3975 2061">
     <span class='ocr_line' id='line_1_79' title="bbox 2382 1986 3975 2061; baseline -0.004 -16"><span class='ocrx_word' id='word_1_556' title='bbox 2382 1991 2797 2061; x_wconf 77' lang='grc' dir='ltr'>στευθήσονται.</span> <span class='ocrx_word' id='word_1_557' title='bbox 2830 1993 3095 2044; x_wconf 78' lang='grc' dir='ltr'>’Δπιστον</span> <span class='ocrx_word' id='word_1_558' title='bbox 3124 1990 3235 2060; x_wconf 72' lang='grc' dir='ltr'>γὰρ</span> <span class='ocrx_word' id='word_1_559' title='bbox 3269 1989 3505 2059; x_wconf 76' lang='grc' dir='ltr'>πρᾶγμά</span> <span class='ocrx_word' id='word_1_560' title='bbox 3533 1989 3702 2050; x_wconf 76' lang='grc' dir='ltr'>ἐστιν,</span> <span class='ocrx_word' id='word_1_561' title='bbox 3734 1986 3975 2055; x_wconf 84' lang='grc' dir='ltr'>ποιμένα</span> 
     </span>
    </p>
   </div>
   <div class='ocr_carea' id='block_1_80' title="bbox 2382 2079 3973 2155">
    <p class='ocr_par' dir='ltr' id='par_1_80' title="bbox 2382 2079 3973 2155">
     <span class='ocr_line' id='line_1_80' title="bbox 2382 2079 3973 2155; baseline -0.008 -14"><span class='ocrx_word' id='word_1_562' title='bbox 2382 2085 2487 2141; x_wconf 82' lang='grc' dir='ltr'><strong>ὑπὸ</strong></span> <span class='ocrx_word' id='word_1_563' title='bbox 2528 2084 2817 2155; x_wconf 71' lang='grc' dir='ltr'>προϐάτων</span> <span class='ocrx_word' id='word_1_564' title='bbox 2868 2083 3061 2136; x_wconf 85' lang='grc' dir='ltr'>παθεῖν</span> <span class='ocrx_word' id='word_1_565' title='bbox 3098 2100 3150 2135; x_wconf 86' lang='grc' dir='ltr'><strong>τι</strong></span> <span class='ocrx_word' id='word_1_566' title='bbox 3180 2097 3193 2110; x_wconf 85' lang='lat'><strong>&#39;</strong></span> <span class='ocrx_word' id='word_1_567' title='bbox 3265 2081 3465 2150; x_wconf 66' lang='grc' dir='ltr'>μᾶλλον</span> <span class='ocrx_word' id='word_1_568' title='bbox 3511 2080 3566 2133; x_wconf 76' lang='grc' dir='ltr'>δὲ</span> <span class='ocrx_word' id='word_1_569' title='bbox 3598 2079 3973 2148; x_wconf 72' lang='grc' dir='ltr'>κολασθήσον-</span> 
     </span>
    </p>
   </div>
   <div class='ocr_carea' id='block_1_81' title="bbox 2382 2169 3977 2244">
    <p class='ocr_par' dir='ltr' id='par_1_81' title="bbox 2382 2169 3977 2244">
     <span class='ocr_line' id='line_1_81' title="bbox 2382 2169 3977 2244; baseline -0.007 -13"><span class='ocrx_word' id='word_1_570' title='bbox 2382 2195 2472 2231; x_wconf 84' lang='grc' dir='ltr'><strong>ται</strong></span> <span class='ocrx_word' id='word_1_571' title='bbox 2518 2178 2606 2231; x_wconf 76' lang='grc' dir='ltr'><strong>δια</strong></span> <span class='ocrx_word' id='word_1_572' title='bbox 2642 2178 2702 2229; x_wconf 71' lang='grc' dir='ltr'>τὸ</span> <span class='ocrx_word' id='word_1_573' title='bbox 2749 2175 2944 2244; x_wconf 76' lang='grc' dir='ltr'>ψεῦδος</span> <span class='ocrx_word' id='word_1_574' title='bbox 2994 2174 3197 2228; x_wconf 68' lang='grc' dir='ltr'>αὐτῶν.</span> <span class='ocrx_word' id='word_1_575' title='bbox 3238 2174 3452 2235; x_wconf 81' lang='grc' dir='ltr'>Είδότες</span> <span class='ocrx_word' id='word_1_576' title='bbox 3487 2172 3581 2224; x_wconf 67' lang='grc' dir='ltr'><strong>οὖν</strong></span> <span class='ocrx_word' id='word_1_577' title='bbox 3614 2172 3695 2223; x_wconf 80' lang='grc' dir='ltr'>ὅτι</span> <span class='ocrx_word' id='word_1_578' title='bbox 3740 2170 3863 2222; x_wconf 89' lang='grc' dir='ltr'>λίαν</span> <span class='ocrx_word' id='word_1_579' title='bbox 3907 2169 3977 2220; x_wconf 75' lang='grc' dir='ltr'>δι’</span> 
     </span>
    </p>
   </div>
   <div class='ocr_carea' id='block_1_82' title="bbox 2383 2261 3979 2333">
    <p class='ocr_par' dir='ltr' id='par_1_82' title="bbox 2383 2261 3979 2333">
     <span class='ocr_line' id='line_1_82' title="bbox 2383 2261 3979 2333; baseline -0.006 -11"><span class='ocrx_word' id='word_1_580' title='bbox 2383 2269 2580 2332; x_wconf 64' lang='grc' dir='ltr'>αὐτοὺς</span> <span class='ocrx_word' id='word_1_581' title='bbox 2609 2267 2905 2322; x_wconf 72' lang='grc' dir='ltr'>ἀποδοῦναι</span> <span class='ocrx_word' id='word_1_582' title='bbox 2934 2267 3090 2333; x_wconf 82' lang='grc' dir='ltr'>λόγον</span> <span class='ocrx_word' id='word_1_583' title='bbox 3120 2265 3221 2330; x_wconf 87' lang='grc' dir='ltr'>δεῖ,</span> <span class='ocrx_word' id='word_1_584' title='bbox 3253 2265 3327 2327; x_wconf 84' lang='grc' dir='ltr'><strong>ὡς</strong></span> <span class='ocrx_word' id='word_1_585' title='bbox 3354 2262 3695 2332; x_wconf 74' lang='grc' dir='ltr'>ἡγουμένους</span> <span class='ocrx_word' id='word_1_586' title='bbox 3728 2262 3830 2329; x_wconf 80' lang='grc' dir='ltr'>τῆς</span> <span class='ocrx_word' id='word_1_587' title='bbox 3860 2261 3979 2313; x_wconf 85' lang='grc' dir='ltr'><strong>Ἐκ-</strong></span> 
     </span>
    </p>
   </div>
   <div class='ocr_carea' id='block_1_83' title="bbox 2385 2354 3977 2431">
    <p class='ocr_par' dir='ltr' id='par_1_83' title="bbox 2385 2354 3977 2431">
     <span class='ocr_line' id='line_1_83' title="bbox 2385 2354 3977 2431; baseline -0.008 -17"><span class='ocrx_word' id='word_1_588' title='bbox 2385 2361 2636 2431; x_wconf 80' lang='grc' dir='ltr'>κλησίας,</span> <span class='ocrx_word' id='word_1_589' title='bbox 2672 2357 3206 2429; x_wconf 86' lang='grc' dir='ltr'>πρωτοκαθεδρίτας,</span> <span class='ocrx_word' id='word_1_590' title='bbox 3240 2355 3699 2424; x_wconf 70' lang='grc' dir='ltr'>ἀσφαλισάτωσαν</span> <span class='ocrx_word' id='word_1_591' title='bbox 3747 2354 3977 2411; x_wconf 66' lang='grc' dir='ltr'>ἑαυτοὺς</span> 
     </span>
    </p>
   </div>
   <div class='ocr_carea' id='block_1_84' title="bbox 2387 2441 3978 2521">
    <p class='ocr_par' dir='ltr' id='par_1_84' title="bbox 2387 2441 3978 2521">
     <span class='ocr_line' id='line_1_84' title="bbox 2387 2441 3978 2521; baseline -0.008 -17"><span class='ocrx_word' id='word_1_592' title='bbox 2387 2452 2629 2521; x_wconf 74' lang='grc' dir='ltr'>ἀκριϐῶς</span> <span class='ocrx_word' id='word_1_593' title='bbox 2660 2453 2756 2503; x_wconf 62' lang='grc' dir='ltr'><strong>σὺν</strong></span> <span class='ocrx_word' id='word_1_594' title='bbox 2780 2453 2843 2519; x_wconf 82' lang='grc' dir='ltr'>τῇ</span> <span class='ocrx_word' id='word_1_595' title='bbox 2874 2450 3077 2518; x_wconf 75' lang='grc' dir='ltr'>ποίμνη</span> <span class='ocrx_word' id='word_1_596' title='bbox 3107 2447 3307 2510; x_wconf 76' lang='grc' dir='ltr'>αὐτῶν,</span> <span class='ocrx_word' id='word_1_597' title='bbox 3334 2447 3422 2498; x_wconf 87' lang='grc' dir='ltr'><strong>ἵνα</strong></span> <span class='ocrx_word' id='word_1_598' title='bbox 3446 2448 3731 2515; x_wconf 73' lang='grc' dir='ltr'>εὐάρεστοι</span> <span class='ocrx_word' id='word_1_599' title='bbox 3754 2441 3836 2511; x_wconf 78' lang='grc' dir='ltr'>τῷ</span> <span class='ocrx_word' id='word_1_600' title='bbox 3859 2441 3978 2509; x_wconf 79' lang='grc' dir='ltr'><strong>Θεῷ</strong></span> 
     </span>
    </p>
   </div>
   <div class='ocr_carea' id='block_1_85' title="bbox 2387 2533 3979 2615">
    <p class='ocr_par' dir='ltr' id='par_1_85' title="bbox 2387 2533 3979 2615">
     <span class='ocr_line' id='line_1_85' title="bbox 2387 2533 3979 2615; baseline -0.01 -16"><span class='ocrx_word' id='word_1_601' title='bbox 2387 2544 2797 2615; x_wconf 80' lang='grc' dir='ltr'>ἁναδειχθῶσιν.</span> <span class='ocrx_word' id='word_1_602' title='bbox 2838 2544 2925 2595; x_wconf 85' lang='grc' dir='ltr'><strong>Ἐν</strong></span> <span class='ocrx_word' id='word_1_603' title='bbox 2958 2541 3067 2610; x_wconf 78' lang='grc' dir='ltr'><strong>γὰρ</strong></span> <span class='ocrx_word' id='word_1_604' title='bbox 3112 2540 3190 2611; x_wconf 81' lang='grc' dir='ltr'><strong>τῷ</strong></span> <span class='ocrx_word' id='word_1_605' title='bbox 3220 2540 3493 2609; x_wconf 76' lang='grc' dir='ltr'><strong>ἀνθρώπῳ</strong></span> <span class='ocrx_word' id='word_1_606' title='bbox 3547 2537 3643 2590; x_wconf 70' lang='grc' dir='ltr'>τοῦ</span> <span class='ocrx_word' id='word_1_607' title='bbox 3688 2533 3853 2597; x_wconf 77' lang='grc' dir='ltr'>Θεοῦ,</span> <span class='ocrx_word' id='word_1_608' title='bbox 3879 2534 3979 2585; x_wconf 76' lang='grc' dir='ltr'><strong>οὐκ</strong></span> 
     </span>
    </p>
   </div>
   <div class='ocr_carea' id='block_1_86' title="bbox 2389 2628 3980 2708">
    <p class='ocr_par' dir='ltr' id='par_1_86' title="bbox 2389 2628 3980 2708">
     <span class='ocr_line' id='line_1_86' title="bbox 2389 2628 3980 2708; baseline -0.009 -16"><span class='ocrx_word' id='word_1_609' title='bbox 2389 2641 2537 2692; x_wconf 81' lang='grc' dir='ltr'>ἔστιν</span> <span class='ocrx_word' id='word_1_610' title='bbox 2588 2638 2842 2708; x_wconf 78' lang='grc' dir='ltr'>φρόνημα</span> <span class='ocrx_word' id='word_1_611' title='bbox 2895 2635 3176 2706; x_wconf 80' lang='grc' dir='ltr'>σαρκικόν.</span> <span class='ocrx_word' id='word_1_612' title='bbox 3224 2632 3387 2687; x_wconf 81' lang='grc' dir='ltr'>’Λλλά</span> <span class='ocrx_word' id='word_1_613' title='bbox 3437 2633 3637 2693; x_wconf 73' lang='grc' dir='ltr'>πάντες</span> <span class='ocrx_word' id='word_1_614' title='bbox 3681 2630 3732 2682; x_wconf 87' lang='grc' dir='ltr'>οἱ</span> <span class='ocrx_word' id='word_1_615' title='bbox 3771 2628 3980 2698; x_wconf 74' lang='grc' dir='ltr'>καρποὶ</span> 
     </span>
    </p>
   </div>
   <div class='ocr_carea' id='block_1_87' title="bbox 2390 2718 3981 2799">
    <p class='ocr_par' dir='ltr' id='par_1_87' title="bbox 2390 2718 3981 2799">
     <span class='ocr_line' id='line_1_87' title="bbox 2390 2718 3981 2799; baseline -0.011 -14"><span class='ocrx_word' id='word_1_616' title='bbox 2390 2733 2483 2785; x_wconf 79' lang='grc' dir='ltr'>τοῦ</span> <span class='ocrx_word' id='word_1_617' title='bbox 2513 2730 2843 2799; x_wconf 74' lang='grc' dir='ltr'>πνεύματος,</span> <span class='ocrx_word' id='word_1_618' title='bbox 2882 2730 2931 2780; x_wconf 80' lang='grc' dir='ltr'>οἱ</span> <span class='ocrx_word' id='word_1_619' title='bbox 2971 2729 3251 2795; x_wconf 82' lang='grc' dir='ltr'>σωτήριοι,</span> <span class='ocrx_word' id='word_1_620' title='bbox 3275 2727 3331 2778; x_wconf 81' lang='grc' dir='ltr'>ὲν</span> <span class='ocrx_word' id='word_1_621' title='bbox 3362 2718 3442 2786; x_wconf 77' lang='grc' dir='ltr'>οἷς</span> <span class='ocrx_word' id='word_1_622' title='bbox 3468 2724 3608 2775; x_wconf 79' lang='grc' dir='ltr'>οίκεῖ</span> <span class='ocrx_word' id='word_1_623' title='bbox 3629 2724 3655 2773; x_wconf 79' lang='grc' dir='ltr'>ὁ</span> <span class='ocrx_word' id='word_1_624' title='bbox 3684 2719 3822 2782; x_wconf 69' lang='grc' dir='ltr'>Θεὸς</span> <span class='ocrx_word' id='word_1_625' title='bbox 3886 2718 3981 2771; x_wconf 75' lang='grc' dir='ltr'>καὶ</span> 
     </span>
    </p>
   </div>
   <div class='ocr_carea' id='block_1_88' title="bbox 2391 2810 3981 2892">
    <p class='ocr_par' dir='ltr' id='par_1_88' title="bbox 2391 2810 3981 2892">
     <span class='ocr_line' id='line_1_88' title="bbox 2391 2810 3981 2892; baseline -0.008 -17"><span class='ocrx_word' id='word_1_626' title='bbox 2391 2825 2778 2892; x_wconf 81' lang='grc' dir='ltr'>ἐμπεριπατεῖ.</span> <span class='ocrx_word' id='word_1_627' title='bbox 2826 2821 2912 2872; x_wconf 81' lang='grc' dir='ltr'>Ἐν</span> <span class='ocrx_word' id='word_1_628' title='bbox 2946 2815 3026 2882; x_wconf 77' lang='grc' dir='ltr'>οἷς</span> <span class='ocrx_word' id='word_1_629' title='bbox 3052 2819 3331 2887; x_wconf 71' lang='grc' dir='ltr'>φαίνονται</span> <span class='ocrx_word' id='word_1_630' title='bbox 3358 2816 3433 2877; x_wconf 85' lang='grc' dir='ltr'>ὼς</span> <span class='ocrx_word' id='word_1_631' title='bbox 3463 2814 3749 2883; x_wconf 67' lang='grc' dir='ltr'>φωστῆρες</span> <span class='ocrx_word' id='word_1_632' title='bbox 3791 2813 3851 2863; x_wconf 82' lang='grc' dir='ltr'>ὲν</span> <span class='ocrx_word' id='word_1_633' title='bbox 3885 2810 3981 2863; x_wconf 75' lang='grc' dir='ltr'>κόσ-</span> 
     </span>
    </p>
   </div>
   <div class='ocr_carea' id='block_1_89' title="bbox 2395 2903 3981 2985">
    <p class='ocr_par' dir='ltr' id='par_1_89' title="bbox 2395 2903 3981 2985">
     <span class='ocr_line' id='line_1_89' title="bbox 2395 2903 3981 2985; baseline -0.009 -18"><span class='ocrx_word' id='word_1_634' title='bbox 2395 2933 2537 2985; x_wconf 84' lang='grc' dir='ltr'>σμῳ,</span> <span class='ocrx_word' id='word_1_635' title='bbox 2564 2913 2721 2980; x_wconf 68' lang='grc' dir='ltr'>λόγον</span> <span class='ocrx_word' id='word_1_636' title='bbox 2750 2910 2893 2981; x_wconf 77' lang='grc' dir='ltr'>ζωῆς</span> <span class='ocrx_word' id='word_1_637' title='bbox 2924 2910 3136 2977; x_wconf 78' lang='grc' dir='ltr'>ἔχοντες</span> <span class='ocrx_word' id='word_1_638' title='bbox 3160 2908 3236 2971; x_wconf 85' lang='grc' dir='ltr'>ὡς</span> <span class='ocrx_word' id='word_1_639' title='bbox 3259 2906 3499 2977; x_wconf 79' lang='grc' dir='ltr'>ἀληθῶς,</span> <span class='ocrx_word' id='word_1_640' title='bbox 3538 2907 3632 2959; x_wconf 72' lang='grc' dir='ltr'><strong>καὶ</strong></span> <span class='ocrx_word' id='word_1_641' title='bbox 3677 2903 3981 2971; x_wconf 76' lang='grc' dir='ltr'>καύχημα,</span> 
     </span>
    </p>
   </div>
   <div class='ocr_carea' id='block_1_90' title="bbox 2393 2994 3983 3073">
    <p class='ocr_par' dir='ltr' id='par_1_90' title="bbox 2393 2994 3983 3073">
     <span class='ocr_line' id='line_1_90' title="bbox 2393 2994 3983 3073; baseline -0.009 -15"><span class='ocrx_word' id='word_1_642' title='bbox 2393 3007 2488 3059; x_wconf 72' lang='grc' dir='ltr'>καὶ</span> <span class='ocrx_word' id='word_1_643' title='bbox 2513 3005 2636 3069; x_wconf 80' lang='grc' dir='ltr'>δόξα</span> <span class='ocrx_word' id='word_1_644' title='bbox 2666 3004 2763 3073; x_wconf 73' lang='grc' dir='ltr'>τῆς</span> <span class='ocrx_word' id='word_1_645' title='bbox 2798 3001 3083 3062; x_wconf 74' lang='grc' dir='ltr'>εὐσεϐείας</span> <span class='ocrx_word' id='word_1_646' title='bbox 3117 2999 3479 3068; x_wconf 69' lang='grc' dir='ltr'>ὑπάρχοντες.</span> <span class='ocrx_word' id='word_1_647' title='bbox 3523 2997 3586 3049; x_wconf 81' lang='grc' dir='ltr'><strong>Ἦ</strong></span> <span class='ocrx_word' id='word_1_648' title='bbox 3631 2994 3739 3063; x_wconf 72' lang='grc' dir='ltr'>γὰρ</span> <span class='ocrx_word' id='word_1_649' title='bbox 3794 2994 3983 3064; x_wconf 87' lang='grc' dir='ltr'>ἱεραρ-</span> 
     </span>
    </p>
   </div>
   <div class='ocr_carea' id='block_1_91' title="bbox 2395 3078 3985 3167">
    <p class='ocr_par' dir='ltr' id='par_1_91' title="bbox 2395 3078 3985 3167">
     <span class='ocr_line' id='line_1_91' title="bbox 2395 3078 3985 3167; baseline -0.009 -18"><span class='ocrx_word' id='word_1_650' title='bbox 2395 3097 2509 3167; x_wconf 83' lang='grc' dir='ltr'>χία,</span> <span class='ocrx_word' id='word_1_651' title='bbox 2543 3096 2697 3158; x_wconf 79' lang='grc' dir='ltr'>τάξις</span> <span class='ocrx_word' id='word_1_652' title='bbox 2750 3094 2899 3147; x_wconf 68' lang='grc' dir='ltr'>ἐστὶν</span> <span class='ocrx_word' id='word_1_653' title='bbox 2946 3091 3087 3162; x_wconf 76' lang='grc' dir='ltr'>ἱερὰ,</span> <span class='ocrx_word' id='word_1_654' title='bbox 3134 3091 3230 3143; x_wconf 71' lang='grc' dir='ltr'><strong>καὶ</strong></span> <span class='ocrx_word' id='word_1_655' title='bbox 3278 3090 3581 3157; x_wconf 77' lang='grc' dir='ltr'>ἐπιστήμη.</span> <span class='ocrx_word' id='word_1_656' title='bbox 3632 3085 3847 3147; x_wconf 78' lang='grc' dir='ltr'>Σκοπὸς</span> <span class='ocrx_word' id='word_1_657' title='bbox 3891 3078 3985 3136; x_wconf 72' lang='grc' dir='ltr'><strong>οὖν</strong></span> 
     </span>
    </p>
   </div>
   <div class='ocr_carea' id='block_1_92' title="bbox 2397 3176 3983 3256">
    <p class='ocr_par' dir='ltr' id='par_1_92' title="bbox 2397 3176 3983 3256">
     <span class='ocr_line' id='line_1_92' title="bbox 2397 3176 3983 3256; baseline -0.008 -17"><span class='ocrx_word' id='word_1_658' title='bbox 2397 3186 2682 3256; x_wconf 76' lang='grc' dir='ltr'>ἰεραρχίας</span> <span class='ocrx_word' id='word_1_659' title='bbox 2707 3185 2874 3247; x_wconf 71' lang='grc' dir='ltr'>ἐστὶν,</span> <span class='ocrx_word' id='word_1_660' title='bbox 2911 3184 2943 3252; x_wconf 80' lang='grc' dir='ltr'>ἡ</span> <span class='ocrx_word' id='word_1_661' title='bbox 2974 3182 3108 3250; x_wconf 75' lang='grc' dir='ltr'>πρὸς</span> <span class='ocrx_word' id='word_1_662' title='bbox 3136 3181 3293 3242; x_wconf 72' lang='grc' dir='ltr'>Θεὸν,</span> <span class='ocrx_word' id='word_1_663' title='bbox 3318 3184 3393 3243; x_wconf 78' lang='grc' dir='ltr'>ὡς</span> <span class='ocrx_word' id='word_1_664' title='bbox 3426 3178 3665 3248; x_wconf 69' lang='grc' dir='ltr'>ἐφικτὸν,</span> <span class='ocrx_word' id='word_1_665' title='bbox 3696 3176 3983 3245; x_wconf 63' lang='grc' dir='ltr'>αᾳομοίω-</span> 
     </span>
    </p>
   </div>
   <div class='ocr_carea' id='block_1_93' title="bbox 2396 3271 3984 3344">
    <p class='ocr_par' dir='ltr' id='par_1_93' title="bbox 2396 3271 3984 3344">
     <span class='ocr_line' id='line_1_93' title="bbox 2396 3271 3984 3344; baseline -0.008 -10"><span class='ocrx_word' id='word_1_666' title='bbox 2396 3282 2479 3344; x_wconf 89' lang='grc' dir='ltr'><strong>σίς</strong></span> <span class='ocrx_word' id='word_1_667' title='bbox 2521 3297 2579 3333; x_wconf 88' lang='grc' dir='ltr'><strong>τε</strong></span> <span class='ocrx_word' id='word_1_668' title='bbox 2640 3279 2735 3332; x_wconf 72' lang='grc' dir='ltr'><strong>καὶ</strong></span> <span class='ocrx_word' id='word_1_669' title='bbox 2777 3279 3005 3339; x_wconf 66' lang='grc' dir='ltr'>ἓιιωσις,</span> <span class='ocrx_word' id='word_1_670' title='bbox 3036 3274 3199 3327; x_wconf 68' lang='grc' dir='ltr'>αὐτὸν</span> <span class='ocrx_word' id='word_1_671' title='bbox 3237 3273 3438 3342; x_wconf 82' lang='grc' dir='ltr'>ἔχουσα</span> <span class='ocrx_word' id='word_1_672' title='bbox 3471 3272 3653 3340; x_wconf 77' lang='grc' dir='ltr'>πάσης</span> <span class='ocrx_word' id='word_1_673' title='bbox 3682 3271 3837 3339; x_wconf 69' lang='grc' dir='ltr'>ἱερᾶς</span> <span class='ocrx_word' id='word_1_674' title='bbox 3874 3271 3984 3322; x_wconf 69' lang='grc' dir='ltr'>ἐπιδ</span> 
     </span>
    </p>
   </div>
   <div class='ocr_carea' id='block_1_94' title="bbox 2397 3359 3989 3442">
    <p class='ocr_par' dir='ltr' id='par_1_94' title="bbox 2397 3359 3989 3442">
     <span class='ocr_line' id='line_1_94' title="bbox 2397 3359 3989 3442; baseline -0.009 -17"><span class='ocrx_word' id='word_1_675' title='bbox 2397 3374 2607 3442; x_wconf 78' lang='grc' dir='ltr'>στήμης</span> <span class='ocrx_word' id='word_1_676' title='bbox 2642 3388 2702 3423; x_wconf 89' lang='grc' dir='ltr'><strong>τε</strong></span> <span class='ocrx_word' id='word_1_677' title='bbox 2734 3371 2826 3423; x_wconf 66' lang='grc' dir='ltr'>καὶ</span> <span class='ocrx_word' id='word_1_678' title='bbox 2850 3368 3133 3437; x_wconf 72' lang='grc' dir='ltr'>ἐνεργείας</span> <span class='ocrx_word' id='word_1_679' title='bbox 3170 3365 3528 3435; x_wconf 78' lang='grc' dir='ltr'>καθηγεμόνα</span> <span class='ocrx_word' id='word_1_680' title='bbox 3551 3381 3566 3393; x_wconf 71' lang='grc' dir='ltr'><strong>ο</strong></span> <span class='ocrx_word' id='word_1_681' title='bbox 3592 3363 3689 3415; x_wconf 80' lang='grc' dir='ltr'>καὶ</span> <span class='ocrx_word' id='word_1_682' title='bbox 3717 3361 3859 3430; x_wconf 60' lang='grc' dir='ltr'>πρὸς</span> <span class='ocrx_word' id='word_1_683' title='bbox 3885 3359 3989 3428; x_wconf 84' lang='grc' dir='ltr'><strong>τὴν</strong></span> 
     </span>
    </p>
   </div>
   <div class='ocr_carea' id='block_1_95' title="bbox 2396 3452 3979 3531">
    <p class='ocr_par' dir='ltr' id='par_1_95' title="bbox 2396 3452 3979 3531">
     <span class='ocr_line' id='line_1_95' title="bbox 2396 3452 3979 3531; baseline -0.011 -12"><span class='ocrx_word' id='word_1_684' title='bbox 2396 3465 2561 3519; x_wconf 74' lang='grc' dir='ltr'>αὐτοῦ</span> <span class='ocrx_word' id='word_1_685' title='bbox 2614 3463 2900 3531; x_wconf 82' lang='grc' dir='ltr'>θειοτάτην</span> <span class='ocrx_word' id='word_1_686' title='bbox 2950 3460 3287 3527; x_wconf 75' lang='grc' dir='ltr'>εὐπρέπειαν</span> <span class='ocrx_word' id='word_1_687' title='bbox 3341 3455 3581 3517; x_wconf 80' lang='grc' dir='ltr'>ἀκλινῶς</span> <span class='ocrx_word' id='word_1_688' title='bbox 3629 3452 3877 3523; x_wconf 76' lang='grc' dir='ltr'>ἐνορῶν,</span> <span class='ocrx_word' id='word_1_689' title='bbox 3906 3452 3979 3512; x_wconf 84' lang='grc' dir='ltr'>ὡς</span> 
     </span>
    </p>
   </div>
   <div class='ocr_carea' id='block_1_96' title="bbox 2394 3542 3990 3620">
    <p class='ocr_par' dir='ltr' id='par_1_96' title="bbox 2394 3542 3990 3620">
     <span class='ocr_line' id='line_1_96' title="bbox 2394 3542 3990 3620; baseline -0.011 -9"><span class='ocrx_word' id='word_1_690' title='bbox 2394 3557 2620 3611; x_wconf 75' lang='grc' dir='ltr'>δυνατὸν</span> <span class='ocrx_word' id='word_1_691' title='bbox 2654 3556 2709 3607; x_wconf 77' lang='grc' dir='ltr'>δὲ</span> <span class='ocrx_word' id='word_1_692' title='bbox 2738 3551 3193 3620; x_wconf 74' lang='grc' dir='ltr'>ἀποτυπούμενος</span> <span class='ocrx_word' id='word_1_693' title='bbox 3239 3552 3333 3603; x_wconf 76' lang='grc' dir='ltr'><strong>καὶ</strong></span> <span class='ocrx_word' id='word_1_694' title='bbox 3363 3550 3490 3611; x_wconf 69' lang='grc' dir='ltr'>τοὺς</span> <span class='ocrx_word' id='word_1_695' title='bbox 3536 3546 3732 3600; x_wconf 76' lang='grc' dir='ltr'>ἑαυτοῦ</span> <span class='ocrx_word' id='word_1_696' title='bbox 3782 3542 3990 3598; x_wconf 59' lang='lat' dir='ltr'><strong>Grame-</strong></span> 
     </span>
    </p>
   </div>
   <div class='ocr_carea' id='block_1_97' title="bbox 2396 3639 3991 3717">
    <p class='ocr_par' dir='ltr' id='par_1_97' title="bbox 2396 3639 3991 3717">
     <span class='ocr_line' id='line_1_97' title="bbox 2396 3639 3991 3717; baseline -0.008 -14"><span class='ocrx_word' id='word_1_697' title='bbox 2396 3669 2523 3713; x_wconf 87' lang='grc' dir='ltr'>τας,</span> <span class='ocrx_word' id='word_1_698' title='bbox 2556 3649 2851 3717; x_wconf 80' lang='grc' dir='ltr'>ἀγάλματα</span> <span class='ocrx_word' id='word_1_699' title='bbox 2883 3646 3002 3699; x_wconf 88' lang='grc' dir='ltr'>θεῖα</span> <span class='ocrx_word' id='word_1_700' title='bbox 3031 3644 3334 3703; x_wconf 80' lang='grc' dir='ltr'>ἀποτελῶν,</span> <span class='ocrx_word' id='word_1_701' title='bbox 3362 3644 3604 3711; x_wconf 77' lang='grc' dir='ltr'>ἔσοπτρα</span> <span class='ocrx_word' id='word_1_702' title='bbox 3648 3639 3991 3692; x_wconf 78' lang='grc' dir='ltr'>διειδέστατα</span> 
     </span>
    </p>
   </div>
   <div class='ocr_carea' id='block_1_98' title="bbox 2398 3730 3991 3810">
    <p class='ocr_par' dir='ltr' id='par_1_98' title="bbox 2398 3730 3991 3810">
     <span class='ocr_line' id='line_1_98' title="bbox 2398 3730 3991 3810; baseline -0.009 -15"><span class='ocrx_word' id='word_1_703' title='bbox 2398 3743 2492 3796; x_wconf 69' lang='grc' dir='ltr'><strong>καὶ</strong></span> <span class='ocrx_word' id='word_1_704' title='bbox 2519 3741 2852 3810; x_wconf 64' lang='grc' dir='ltr'>ἀκηὶίδωτα,</span> <span class='ocrx_word' id='word_1_705' title='bbox 2885 3737 3109 3791; x_wconf 82' lang='grc' dir='ltr'>δεκτικά</span> <span class='ocrx_word' id='word_1_706' title='bbox 3139 3737 3237 3804; x_wconf 84' lang='grc' dir='ltr'>τῆς</span> <span class='ocrx_word' id='word_1_707' title='bbox 3276 3732 3594 3803; x_wconf 68' lang='grc' dir='ltr'>ἀρχιῳὼτου</span> <span class='ocrx_word' id='word_1_708' title='bbox 3623 3732 3719 3784; x_wconf 70' lang='grc' dir='ltr'>καὶ</span> <span class='ocrx_word' id='word_1_709' title='bbox 3750 3730 3991 3799; x_wconf 77' lang='grc' dir='ltr'>ἀρχικῆς</span> 
     </span>
    </p>
   </div>
   <div class='ocr_carea' id='block_1_99' title="bbox 2399 3818 3993 3896">
    <p class='ocr_par' dir='ltr' id='par_1_99' title="bbox 2399 3818 3993 3896">
     <span class='ocr_line' id='line_1_99' title="bbox 2399 3818 3993 3896; baseline -0.012 -10"><span class='ocrx_word' id='word_1_710' title='bbox 2399 3834 2639 3893; x_wconf 82' lang='grc' dir='ltr'>ἀκτῖνος.</span> <span class='ocrx_word' id='word_1_711' title='bbox 2672 3828 2889 3896; x_wconf 79' lang='grc' dir='ltr'>Ταύτην</span> <span class='ocrx_word' id='word_1_712' title='bbox 2914 3826 2971 3878; x_wconf 79' lang='grc' dir='ltr'>δὲ</span> <span class='ocrx_word' id='word_1_713' title='bbox 3007 3822 3162 3886; x_wconf 76' lang='grc' dir='ltr'>αὖθις</span> <span class='ocrx_word' id='word_1_714' title='bbox 3191 3823 3443 3891; x_wconf 78' lang='grc' dir='ltr'>ἀφθόνως</span> <span class='ocrx_word' id='word_1_715' title='bbox 3474 3823 3554 3885; x_wconf 87' lang='grc' dir='ltr'><strong>είς</strong></span> <span class='ocrx_word' id='word_1_716' title='bbox 3599 3820 3666 3872; x_wconf 74' lang='grc' dir='ltr'>τὰ</span> <span class='ocrx_word' id='word_1_717' title='bbox 3694 3818 3826 3887; x_wconf 76' lang='grc' dir='ltr'>ἑξῆς</span> <span class='ocrx_word' id='word_1_718' title='bbox 3855 3820 3993 3869; x_wconf 78' lang='grc' dir='ltr'>ἀνα-</span> 
     </span>
    </p>
   </div>
   <div class='ocr_carea' id='block_1_100' title="bbox 2400 3911 3997 3993">
    <p class='ocr_par' dir='ltr' id='par_1_100' title="bbox 2400 3911 3997 3993">
     <span class='ocr_line' id='line_1_100' title="bbox 2400 3911 3997 3993; baseline -0.009 -19"><span class='ocrx_word' id='word_1_719' title='bbox 2400 3923 2709 3993; x_wconf 78' lang='grc' dir='ltr'>λάμποντα,</span> <span class='ocrx_word' id='word_1_720' title='bbox 2737 3922 2876 3974; x_wconf 77' lang='grc' dir='ltr'><strong>κατά</strong></span> <span class='ocrx_word' id='word_1_721' title='bbox 2919 3920 3046 3981; x_wconf 77' lang='grc' dir='ltr'>τοὺς</span> <span class='ocrx_word' id='word_1_722' title='bbox 3102 3918 3430 3987; x_wconf 74' lang='grc' dir='ltr'>θεαρχικοὺς</span> <span class='ocrx_word' id='word_1_723' title='bbox 3458 3912 3721 3983; x_wconf 79' lang='grc' dir='ltr'>θεσμούς.</span> <span class='ocrx_word' id='word_1_724' title='bbox 3764 3912 3841 3963; x_wconf 75' lang='grc' dir='ltr'><strong>Οὐ</strong></span> <span class='ocrx_word' id='word_1_725' title='bbox 3883 3911 3997 3977; x_wconf 74' lang='grc' dir='ltr'>γὰρ</span> 
     </span>
    </p>
   </div>
   <div class='ocr_carea' id='block_1_101' title="bbox 2401 4002 3998 4083">
    <p class='ocr_par' dir='ltr' id='par_1_101' title="bbox 2401 4002 3998 4083">
     <span class='ocr_line' id='line_1_101' title="bbox 2401 4002 3998 4083; baseline -0.01 -15"><span class='ocrx_word' id='word_1_726' title='bbox 2401 4014 2622 4083; x_wconf 87' lang='grc' dir='ltr'>θεμιτόν</span> <span class='ocrx_word' id='word_1_727' title='bbox 2657 4016 2827 4077; x_wconf 78' lang='grc' dir='ltr'>ἐστιν,</span> <span class='ocrx_word' id='word_1_728' title='bbox 2859 4014 2977 4073; x_wconf 81' lang='grc' dir='ltr'>ταῖς</span> <span class='ocrx_word' id='word_1_729' title='bbox 3010 4010 3117 4062; x_wconf 79' lang='grc' dir='ltr'><strong>τῶν</strong></span> <span class='ocrx_word' id='word_1_730' title='bbox 3148 4009 3308 4078; x_wconf 83' lang='grc' dir='ltr'>ἱερῶν</span> <span class='ocrx_word' id='word_1_731' title='bbox 3336 4007 3597 4067; x_wconf 72' lang='grc' dir='ltr'>τελεταῖς,</span> <span class='ocrx_word' id='word_1_732' title='bbox 3622 4005 3654 4074; x_wconf 84' lang='grc' dir='ltr'>ἢ</span> <span class='ocrx_word' id='word_1_733' title='bbox 3683 4006 3796 4065; x_wconf 87' lang='grc' dir='ltr'>τοῖς</span> <span class='ocrx_word' id='word_1_734' title='bbox 3832 4002 3998 4072; x_wconf 85' lang='grc' dir='ltr'>ἱερῶς</span> 
     </span>
    </p>
   </div>
   <div class='ocr_carea' id='block_1_102' title="bbox 2400 4095 3999 4175">
    <p class='ocr_par' dir='ltr' id='par_1_102' title="bbox 2400 4095 3999 4175">
     <span class='ocr_line' id='line_1_102' title="bbox 2400 4095 3999 4175; baseline -0.008 -16"><span class='ocrx_word' id='word_1_735' title='bbox 2400 4104 2777 4175; x_wconf 73' lang='grc' dir='ltr'>τελουμένοις,</span> <span class='ocrx_word' id='word_1_736' title='bbox 2805 4102 3103 4173; x_wconf 72' lang='grc' dir='ltr'>ἐνεργῆσαι</span> <span class='ocrx_word' id='word_1_737' title='bbox 3146 4098 3400 4162; x_wconf 77' lang='grc' dir='ltr'>καθόλου,</span> <span class='ocrx_word' id='word_1_738' title='bbox 3434 4097 3587 4166; x_wconf 72' lang='grc' dir='ltr'>παρὰ</span> <span class='ocrx_word' id='word_1_739' title='bbox 3632 4096 3734 4158; x_wconf 72' lang='grc' dir='ltr'><strong>τὰς</strong></span> <span class='ocrx_word' id='word_1_740' title='bbox 3785 4095 3999 4156; x_wconf 77' lang='grc' dir='ltr'>οἰκείας</span> 
     </span>
    </p>
   </div>
   <div class='ocr_carea' id='block_1_103' title="bbox 2406 4188 3997 4270">
    <p class='ocr_par' dir='ltr' id='par_1_103' title="bbox 2406 4188 3997 4270">
     <span class='ocr_line' id='line_1_103' title="bbox 2406 4188 3997 4270; baseline -0.008 -18"><span class='ocrx_word' id='word_1_741' title='bbox 2406 4201 2555 4270; x_wconf 71' lang='grc' dir='ltr'>ἱερὰς</span> <span class='ocrx_word' id='word_1_742' title='bbox 2609 4197 2902 4259; x_wconf 77' lang='grc' dir='ltr'>διατάξεις.</span> <span class='ocrx_word' id='word_1_743' title='bbox 2941 4193 3154 4247; x_wconf 68' lang='grc' dir='ltr'>Οὐκοῦν</span> <span class='ocrx_word' id='word_1_744' title='bbox 3217 4192 3499 4263; x_wconf 85' lang='grc' dir='ltr'>ἰεραρχίαν</span> <span class='ocrx_word' id='word_1_745' title='bbox 3559 4192 3586 4241; x_wconf 85' lang='grc' dir='ltr'>ὁ</span> <span class='ocrx_word' id='word_1_746' title='bbox 3647 4188 3827 4254; x_wconf 78' lang='grc' dir='ltr'>λέγων</span> <span class='ocrx_word' id='word_1_747' title='bbox 3871 4189 3997 4240; x_wconf 75' lang='grc' dir='ltr'>τινα</span> 
     </span>
    </p>
   </div>
   <div class='ocr_carea' id='block_1_104' title="bbox 2407 4278 3997 4360">
    <p class='ocr_par' dir='ltr' id='par_1_104' title="bbox 2407 4278 3997 4360">
     <span class='ocr_line' id='line_1_104' title="bbox 2407 4278 3997 4360; baseline -0.009 -16"><span class='ocrx_word' id='word_1_748' title='bbox 2407 4291 2580 4360; x_wconf 73' lang='grc' dir='ltr'>ἱερὰν,</span> <span class='ocrx_word' id='word_1_749' title='bbox 2615 4290 2847 4342; x_wconf 76' lang='grc' dir='ltr'>καθόλου</span> <span class='ocrx_word' id='word_1_750' title='bbox 2877 4286 3027 4356; x_wconf 77' lang='grc' dir='ltr'>δηλοῖ</span> <span class='ocrx_word' id='word_1_751' title='bbox 3054 4285 3445 4353; x_wconf 77' lang='grc' dir='ltr'>διακόσμησιν,</span> <span class='ocrx_word' id='word_1_752' title='bbox 3478 4281 3664 4332; x_wconf 81' lang='grc' dir='ltr'>εἰκόνα</span> <span class='ocrx_word' id='word_1_753' title='bbox 3691 4280 3791 4346; x_wconf 80' lang='grc' dir='ltr'>τῆς</span> <span class='ocrx_word' id='word_1_754' title='bbox 3827 4278 3997 4347; x_wconf 80' lang='grc' dir='ltr'>θεαρ-</span> 
     </span>
    </p>
   </div>
   <div class='ocr_carea' id='block_1_105' title="bbox 2406 4372 3999 4452">
    <p class='ocr_par' dir='ltr' id='par_1_105' title="bbox 2406 4372 3999 4452">
     <span class='ocr_line' id='line_1_105' title="bbox 2406 4372 3999 4452; baseline -0.008 -19"><span class='ocrx_word' id='word_1_755' title='bbox 2406 4381 2567 4452; x_wconf 77' lang='grc' dir='ltr'>χικῆς</span> <span class='ocrx_word' id='word_1_756' title='bbox 2598 4380 2954 4449; x_wconf 84' lang='grc' dir='ltr'>ὼραιότητος,</span> <span class='ocrx_word' id='word_1_757' title='bbox 2981 4378 3038 4429; x_wconf 83' lang='grc' dir='ltr'>ὲν</span> <span class='ocrx_word' id='word_1_758' title='bbox 3062 4376 3303 4442; x_wconf 72' lang='grc' dir='ltr'>τάξεσιν,</span> <span class='ocrx_word' id='word_1_759' title='bbox 3322 4374 3416 4426; x_wconf 73' lang='grc' dir='ltr'><strong>καὶ</strong></span> <span class='ocrx_word' id='word_1_760' title='bbox 3441 4373 3777 4441; x_wconf 76' lang='grc' dir='ltr'>ἐπιστήμαις</span> <span class='ocrx_word' id='word_1_761' title='bbox 3806 4372 3999 4439; x_wconf 82' lang='grc' dir='ltr'>ἰεραρ-</span> 
     </span>
    </p>
   </div>
   <div class='ocr_carea' id='block_1_106' title="bbox 2407 4460 4001 4540">
    <p class='ocr_par' dir='ltr' id='par_1_106' title="bbox 2407 4460 4001 4540">
     <span class='ocr_line' id='line_1_106' title="bbox 2407 4460 4001 4540; baseline -0.006 -20"><span class='ocrx_word' id='word_1_762' title='bbox 2407 4472 2613 4540; x_wconf 83' lang='grc' dir='ltr'>χικαῖς,</span> <span class='ocrx_word' id='word_1_763' title='bbox 2667 4469 2736 4520; x_wconf 80' lang='grc' dir='ltr'>τὰ</span> <span class='ocrx_word' id='word_1_764' title='bbox 2794 4467 2895 4536; x_wconf 72' lang='grc' dir='ltr'>τῆς</span> <span class='ocrx_word' id='word_1_765' title='bbox 2958 4466 3167 4528; x_wconf 84' lang='grc' dir='ltr'>οἰκείας</span> <span class='ocrx_word' id='word_1_766' title='bbox 3220 4463 3549 4533; x_wconf 69' lang='grc' dir='ltr'>ὲκλάμψεως</span> <span class='ocrx_word' id='word_1_767' title='bbox 3601 4460 4001 4531; x_wconf 81' lang='grc' dir='ltr'>ἰερουργοῦσαν</span> 
     </span>
    </p>
   </div>
   <div class='ocr_carea' id='block_1_107' title="bbox 2338 4551 3999 4636">
    <p class='ocr_par' dir='ltr' id='par_1_107' title="bbox 2338 4551 3999 4636">
     <span class='ocr_line' id='line_1_107' title="bbox 2338 4551 3999 4636; baseline -0.008 -22"><span class='ocrx_word' id='word_1_768' title='bbox 2338 4582 2382 4636; x_wconf 76' lang='grc' dir='ltr'><strong>ι)</strong></span> <span class='ocrx_word' id='word_1_769' title='bbox 2415 4562 2712 4631; x_wconf 82' lang='grc' dir='ltr'>μυστήρια.</span> <span class='ocrx_word' id='word_1_770' title='bbox 2747 4559 2859 4611; x_wconf 74' lang='grc' dir='ltr'>Καὶ</span> <span class='ocrx_word' id='word_1_771' title='bbox 2890 4556 3029 4626; x_wconf 76' lang='grc' dir='ltr'>πρὸς</span> <span class='ocrx_word' id='word_1_772' title='bbox 3052 4555 3153 4625; x_wconf 85' lang='grc' dir='ltr'>τὴν</span> <span class='ocrx_word' id='word_1_773' title='bbox 3181 4554 3393 4607; x_wconf 82' lang='grc' dir='ltr'>οἰκείαν</span> <span class='ocrx_word' id='word_1_774' title='bbox 3420 4552 3618 4622; x_wconf 74' lang='grc' dir='ltr'>ἀρχὴν,</span> <span class='ocrx_word' id='word_1_775' title='bbox 3646 4551 3724 4615; x_wconf 86' lang='grc' dir='ltr'>ὡς</span> <span class='ocrx_word' id='word_1_776' title='bbox 3751 4551 3999 4619; x_wconf 79' lang='grc' dir='ltr'>θεμιτὸν,</span> 
     </span>
    </p>
   </div>
   <div class='ocr_carea' id='block_1_108' title="bbox 2406 4644 4003 4720">
    <p class='ocr_par' dir='ltr' id='par_1_108' title="bbox 2406 4644 4003 4720">
     <span class='ocr_line' id='line_1_108' title="bbox 2406 4644 4003 4720; baseline -0.012 -13"><span class='ocrx_word' id='word_1_777' title='bbox 2406 4654 2804 4720; x_wconf 77' lang='grc' dir='ltr'>ὲπανὰγουσαν.</span> <span class='ocrx_word' id='word_1_778' title='bbox 2840 4648 3028 4701; x_wconf 81' lang='grc' dir='ltr'>Ἔστιν</span> <span class='ocrx_word' id='word_1_779' title='bbox 3058 4648 3167 4716; x_wconf 82' lang='grc' dir='ltr'>γὰρ</span> <span class='ocrx_word' id='word_1_780' title='bbox 3219 4647 3317 4717; x_wconf 80' lang='grc' dir='ltr'>τῆς</span> <span class='ocrx_word' id='word_1_781' title='bbox 3370 4645 3654 4714; x_wconf 76' lang='grc' dir='ltr'>ἰεραρχίας</span> <span class='ocrx_word' id='word_1_782' title='bbox 3682 4647 3714 4713; x_wconf 88' lang='grc' dir='ltr'><strong>ή</strong></span> <span class='ocrx_word' id='word_1_783' title='bbox 3775 4644 4003 4696; x_wconf 72' lang='grc' dir='ltr'>τελείω.</span> 
     </span>
    </p>
   </div>
   <div class='ocr_carea' id='block_1_109' title="bbox 2410 4736 4006 4810">
    <p class='ocr_par' dir='ltr' id='par_1_109' title="bbox 2410 4736 4006 4810">
     <span class='ocr_line' id='line_1_109' title="bbox 2410 4736 4006 4810; baseline -0.006 -11"><span class='ocrx_word' id='word_1_784' title='bbox 2410 4763 2516 4810; x_wconf 87' lang='grc' dir='ltr'>σις,</span> <span class='ocrx_word' id='word_1_785' title='bbox 2549 4743 2610 4796; x_wconf 82' lang='grc' dir='ltr'><strong>τὸ</strong></span> <span class='ocrx_word' id='word_1_786' title='bbox 2660 4741 2779 4796; x_wconf 80' lang='grc' dir='ltr'>κατ’</span> <span class='ocrx_word' id='word_1_787' title='bbox 2809 4741 3021 4794; x_wconf 82' lang='grc' dir='ltr'>οἰκείαν</span> <span class='ocrx_word' id='word_1_788' title='bbox 3065 4738 3362 4805; x_wconf 82' lang='grc' dir='ltr'>ἀναλογίαν</span> <span class='ocrx_word' id='word_1_789' title='bbox 3415 4738 3507 4789; x_wconf 79' lang='grc' dir='ltr'>ἐπὶ</span> <span class='ocrx_word' id='word_1_790' title='bbox 3556 4737 3618 4789; x_wconf 80' lang='grc' dir='ltr'><strong>τὸ</strong></span> <span class='ocrx_word' id='word_1_791' title='bbox 3663 4736 4006 4806; x_wconf 82' lang='grc' dir='ltr'>θεομίμητον</span> 
     </span>
    </p>
   </div>
   <div class='ocr_carea' id='block_1_110' title="bbox 2410 4830 4004 4907">
    <p class='ocr_par' dir='ltr' id='par_1_110' title="bbox 2410 4830 4004 4907">
     <span class='ocr_line' id='line_1_110' title="bbox 2410 4830 4004 4907; baseline -0.006 -16"><span class='ocrx_word' id='word_1_792' title='bbox 2410 4836 2732 4907; x_wconf 82' lang='grc' dir='ltr'>ἀναχθῆναι,</span> <span class='ocrx_word' id='word_1_793' title='bbox 2794 4833 2892 4887; x_wconf 75' lang='grc' dir='ltr'>καὶ</span> <span class='ocrx_word' id='word_1_794' title='bbox 2923 4832 3060 4886; x_wconf 82' lang='grc' dir='ltr'>Θεοῦ</span> <span class='ocrx_word' id='word_1_795' title='bbox 3094 4832 3358 4903; x_wconf 72' lang='grc' dir='ltr'>συνεργὸν</span> <span class='ocrx_word' id='word_1_796' title='bbox 3382 4830 3666 4898; x_wconf 82' lang='grc' dir='ltr'>γενέσθαι,</span> <span class='ocrx_word' id='word_1_797' title='bbox 3701 4830 3798 4884; x_wconf 82' lang='grc' dir='ltr'>καὶ</span> <span class='ocrx_word' id='word_1_798' title='bbox 3826 4830 4004 4894; x_wconf 79' lang='grc' dir='ltr'>δεῖξαι</span> 
     </span>
    </p>
   </div>
   <div class='ocr_carea' id='block_1_111' title="bbox 2408 4922 4007 4999">
    <p class='ocr_par' dir='ltr' id='par_1_111' title="bbox 2408 4922 4007 4999">
     <span class='ocr_line' id='line_1_111' title="bbox 2408 4922 4007 4999; baseline -0.005 -17"><span class='ocrx_word' id='word_1_799' title='bbox 2408 4929 2508 4999; x_wconf 79' lang='grc' dir='ltr'>τὴν</span> <span class='ocrx_word' id='word_1_800' title='bbox 2537 4928 2688 4981; x_wconf 78' lang='grc' dir='ltr'>θείαν</span> <span class='ocrx_word' id='word_1_801' title='bbox 2722 4925 3005 4996; x_wconf 83' lang='grc' dir='ltr'>ἐνέργειαν</span> <span class='ocrx_word' id='word_1_802' title='bbox 3038 4923 3181 4977; x_wconf 86' lang='grc' dir='ltr'><strong>κατά</strong></span> <span class='ocrx_word' id='word_1_803' title='bbox 3221 4924 3281 4975; x_wconf 71' lang='grc' dir='ltr'>τὸ</span> <span class='ocrx_word' id='word_1_804' title='bbox 3311 4922 3537 4975; x_wconf 71' lang='grc' dir='ltr'>δυνατὸν</span> <span class='ocrx_word' id='word_1_805' title='bbox 3580 4923 3638 4974; x_wconf 80' lang='grc' dir='ltr'><strong>ὲν</strong></span> <span class='ocrx_word' id='word_1_806' title='bbox 3660 4922 3845 4991; x_wconf 80' lang='grc' dir='ltr'>ἑαυτῷ</span> <span class='ocrx_word' id='word_1_807' title='bbox 3876 4939 4007 4989; x_wconf 77' lang='grc' dir='ltr'>φαι-</span> 
     </span>
    </p>
   </div>
   <div class='ocr_carea' id='block_1_112' title="bbox 2412 5014 4007 5090">
    <p class='ocr_par' dir='ltr' id='par_1_112' title="bbox 2412 5014 4007 5090">
     <span class='ocr_line' id='line_1_112' title="bbox 2412 5014 4007 5090; baseline -0.005 -16"><span class='ocrx_word' id='word_1_808' title='bbox 2412 5020 2669 5090; x_wconf 87' lang='grc' dir='ltr'>νομένην,</span> <span class='ocrx_word' id='word_1_809' title='bbox 2691 5020 2784 5072; x_wconf 77' lang='grc' dir='ltr'>καὶ</span> <span class='ocrx_word' id='word_1_810' title='bbox 2824 5015 3159 5086; x_wconf 81' lang='grc' dir='ltr'>φωτίζεσθαι</span> <span class='ocrx_word' id='word_1_811' title='bbox 3188 5017 3281 5069; x_wconf 64' lang='grc' dir='ltr'><strong>καὶ</strong></span> <span class='ocrx_word' id='word_1_812' title='bbox 3334 5016 3593 5085; x_wconf 74' lang='grc' dir='ltr'>φωτίζειν</span> <span class='ocrx_word' id='word_1_813' title='bbox 3615 5053 3631 5078; x_wconf 90' lang='grc'><strong>,</strong></span> <span class='ocrx_word' id='word_1_814' title='bbox 3664 5015 3763 5068; x_wconf 77' lang='grc' dir='ltr'><strong>καὶ</strong></span> <span class='ocrx_word' id='word_1_815' title='bbox 3814 5014 4007 5067; x_wconf 79' lang='grc' dir='ltr'>καθαί-</span> 
     </span>
    </p>
   </div>
   <div class='ocr_carea' id='block_1_113' title="bbox 2415 5106 4006 5183">
    <p class='ocr_par' dir='ltr' id='par_1_113' title="bbox 2415 5106 4006 5183">
     <span class='ocr_line' id='line_1_113' title="bbox 2415 5106 4006 5183; baseline -0.003 -19"><span class='ocrx_word' id='word_1_816' title='bbox 2415 5111 2605 5183; x_wconf 90' lang='grc' dir='ltr'>ρεσθαι</span> <span class='ocrx_word' id='word_1_817' title='bbox 2652 5111 2745 5163; x_wconf 81' lang='grc' dir='ltr'><strong>καὶ</strong></span> <span class='ocrx_word' id='word_1_818' title='bbox 2801 5108 3108 5179; x_wconf 83' lang='grc' dir='ltr'>καθαίρειν,</span> <span class='ocrx_word' id='word_1_819' title='bbox 3136 5108 3231 5161; x_wconf 75' lang='grc' dir='ltr'><strong>καὶ</strong></span> <span class='ocrx_word' id='word_1_820' title='bbox 3280 5106 3556 5159; x_wconf 85' lang='grc' dir='ltr'>τελεῖσθαι</span> <span class='ocrx_word' id='word_1_821' title='bbox 3602 5108 3671 5159; x_wconf 90' lang='grc' dir='ltr'><strong>τά</strong></span> <span class='ocrx_word' id='word_1_822' title='bbox 3727 5106 3875 5168; x_wconf 84' lang='grc' dir='ltr'>θεῖα,</span> <span class='ocrx_word' id='word_1_823' title='bbox 3906 5107 4006 5160; x_wconf 70' lang='grc' dir='ltr'>καὶ</span> 
     </span>
    </p>
   </div>
   <div class='ocr_carea' id='block_1_114' title="bbox 2410 5199 4005 5274">
    <p class='ocr_par' dir='ltr' id='par_1_114' title="bbox 2410 5199 4005 5274">
     <span class='ocr_line' id='line_1_114' title="bbox 2410 5199 4005 5274; baseline -0.005 -15"><span class='ocrx_word' id='word_1_824' title='bbox 2410 5205 2833 5274; x_wconf 83' lang='grc' dir='ltr'>τελεσιουργεῑν,</span> <span class='ocrx_word' id='word_1_825' title='bbox 2864 5203 2950 5255; x_wconf 85' lang='grc' dir='ltr'><strong>ἴνα</strong></span> <span class='ocrx_word' id='word_1_826' title='bbox 2992 5204 3100 5264; x_wconf 77' lang='grc' dir='ltr'><strong>πᾶς</strong></span> <span class='ocrx_word' id='word_1_827' title='bbox 3134 5203 3163 5254; x_wconf 89' lang='grc' dir='ltr'>ὁ</span> <span class='ocrx_word' id='word_1_828' title='bbox 3194 5200 3338 5272; x_wconf 84' lang='grc' dir='ltr'>ὁρῶν</span> <span class='ocrx_word' id='word_1_829' title='bbox 3390 5200 3557 5267; x_wconf 73' lang='grc' dir='ltr'>ὑμᾶς,</span> <span class='ocrx_word' id='word_1_830' title='bbox 3616 5199 4005 5268; x_wconf 74' lang='grc' dir='ltr'>ὲπιγνώσηται</span> 
     </span>
    </p>
   </div>
   <div class='ocr_carea' id='block_1_115' title="bbox 2413 5290 4006 5367">
    <p class='ocr_par' dir='ltr' id='par_1_115' title="bbox 2413 5290 4006 5367">
     <span class='ocr_line' id='line_1_115' title="bbox 2413 5290 4006 5367; baseline -0.006 -16"><span class='ocrx_word' id='word_1_831' title='bbox 2413 5300 2495 5352; x_wconf 81' lang='grc' dir='ltr'>ὅτι</span> <span class='ocrx_word' id='word_1_832' title='bbox 2536 5298 2760 5367; x_wconf 85' lang='grc' dir='ltr'>σπέρμα</span> <span class='ocrx_word' id='word_1_833' title='bbox 2790 5294 3157 5365; x_wconf 79' lang='grc' dir='ltr'>εὐλογημένον</span> <span class='ocrx_word' id='word_1_834' title='bbox 3198 5291 3323 5345; x_wconf 76' lang='grc' dir='ltr'>ἐστὲ</span> <span class='ocrx_word' id='word_1_835' title='bbox 3377 5292 3483 5344; x_wconf 83' lang='grc' dir='ltr'><strong>ὑπὸ</strong></span> <span class='ocrx_word' id='word_1_836' title='bbox 3517 5291 3755 5361; x_wconf 81' lang='grc' dir='ltr'>Κυρίου,</span> <span class='ocrx_word' id='word_1_837' title='bbox 3781 5290 4006 5360; x_wconf 81' lang='grc' dir='ltr'>ἀληθῶς</span> 
     </span>
    </p>
   </div>
   <div class='ocr_carea' id='block_1_116' title="bbox 2416 5382 4007 5459">
    <p class='ocr_par' dir='ltr' id='par_1_116' title="bbox 2416 5382 4007 5459">
     <span class='ocr_line' id='line_1_116' title="bbox 2416 5382 4007 5459; baseline -0.007 -16"><span class='ocrx_word' id='word_1_838' title='bbox 2416 5390 2639 5459; x_wconf 85' lang='grc' dir='ltr'>σπέρμα</span> <span class='ocrx_word' id='word_1_839' title='bbox 2704 5387 2947 5456; x_wconf 69' lang='grc' dir='ltr'>ἔντιμον,</span> <span class='ocrx_word' id='word_1_840' title='bbox 3011 5402 3029 5435; x_wconf 81' lang='grc' dir='ltr'><strong>ι</strong></span> <span class='ocrx_word' id='word_1_841' title='bbox 3102 5384 3383 5436; x_wconf 80' lang='grc' dir='ltr'>Βασίλειον</span> <span class='ocrx_word' id='word_1_842' title='bbox 3451 5382 3792 5453; x_wconf 75' lang='grc' dir='ltr'>ἰεράτευμα,</span> <span class='ocrx_word' id='word_1_843' title='bbox 3851 5382 4007 5441; x_wconf 75' lang='grc' dir='ltr'>ἔθνος</span> 
     </span>
    </p>
   </div>
   <div class='ocr_carea' id='block_1_117' title="bbox 2415 5473 4011 5547">
    <p class='ocr_par' dir='ltr' id='par_1_117' title="bbox 2415 5473 4011 5547">
     <span class='ocr_line' id='line_1_117' title="bbox 2415 5473 4011 5547; baseline -0.008 -12"><span class='ocrx_word' id='word_1_844' title='bbox 2415 5481 2593 5547; x_wconf 82' lang='grc' dir='ltr'>ἆγιον,</span> <span class='ocrx_word' id='word_1_845' title='bbox 2618 5478 2745 5541; x_wconf 77' lang='grc' dir='ltr'>λαὸς</span> <span class='ocrx_word' id='word_1_846' title='bbox 2789 5480 2870 5541; x_wconf 82' lang='grc' dir='ltr'><strong>εἰς</strong></span> <span class='ocrx_word' id='word_1_847' title='bbox 2904 5477 3255 5547; x_wconf 82' lang='grc' dir='ltr'>περιποίησιν</span> <span class='ocrx_word' id='word_1_848' title='bbox 3279 5474 3439 5537; x_wconf 83' lang='grc' dir='ltr'>Θεοῦ,</span> <span class='ocrx_word' id='word_1_849' title='bbox 3481 5493 3498 5525; x_wconf 71' lang='grc' dir='ltr'><strong>ι</strong></span> <span class='ocrx_word' id='word_1_850' title='bbox 3530 5473 3864 5543; x_wconf 83' lang='grc' dir='ltr'>κληρονόμοι</span> <span class='ocrx_word' id='word_1_851' title='bbox 3903 5473 4011 5540; x_wconf 78' lang='grc' dir='ltr'><strong>ἀφ-</strong></span> 
     </span>
    </p>
   </div>
   <div class='ocr_carea' id='block_1_118' title="bbox 2416 5558 4008 5642">
    <p class='ocr_par' dir='ltr' id='par_1_118' title="bbox 2416 5558 4008 5642">
     <span class='ocr_line' id='line_1_118' title="bbox 2416 5558 4008 5642; baseline -0.009 -15"><span class='ocrx_word' id='word_1_852' title='bbox 2416 5573 2629 5642; x_wconf 77' lang='grc' dir='ltr'>θάρτων</span> <span class='ocrx_word' id='word_1_853' title='bbox 2693 5570 2790 5622; x_wconf 79' lang='grc' dir='ltr'><strong>καὶ</strong></span> <span class='ocrx_word' id='word_1_854' title='bbox 2842 5568 3177 5637; x_wconf 80' lang='grc' dir='ltr'>ἀμαράντων</span> <span class='ocrx_word' id='word_1_855' title='bbox 3212 5564 3576 5633; x_wconf 82' lang='grc' dir='ltr'>ἐπαγγελιῶν,</span> <span class='ocrx_word' id='word_1_856' title='bbox 3614 5583 3632 5615; x_wconf 80' lang='grc' dir='ltr'><strong>ι</strong></span> <span class='ocrx_word' id='word_1_857' title='bbox 3669 5558 3771 5615; x_wconf 78' lang='grc' dir='ltr'>Ὧν</span> <span class='ocrx_word' id='word_1_858' title='bbox 3797 5562 4008 5630; x_wconf 79' lang='grc' dir='ltr'>ὀφθαλ-</span> 
     </span>
    </p>
   </div>
   <div class='ocr_carea' id='block_1_119' title="bbox 2421 5652 4009 5733">
    <p class='ocr_par' dir='ltr' id='par_1_119' title="bbox 2421 5652 4009 5733">
     <span class='ocr_line' id='line_1_119' title="bbox 2421 5652 4009 5733; baseline -0.009 -18"><span class='ocrx_word' id='word_1_859' title='bbox 2421 5663 2519 5733; x_wconf 82' lang='grc' dir='ltr'><strong>μὸς</strong></span> <span class='ocrx_word' id='word_1_860' title='bbox 2552 5663 2652 5714; x_wconf 76' lang='grc' dir='ltr'>οὐκ</span> <span class='ocrx_word' id='word_1_861' title='bbox 2699 5660 2828 5725; x_wconf 81' lang='grc' dir='ltr'>ἴδεν,</span> <span class='ocrx_word' id='word_1_862' title='bbox 2860 5658 2954 5711; x_wconf 66' lang='grc' dir='ltr'>καὶ</span> <span class='ocrx_word' id='word_1_863' title='bbox 2980 5657 3070 5720; x_wconf 74' lang='grc' dir='ltr'>οὓς</span> <span class='ocrx_word' id='word_1_864' title='bbox 3108 5657 3205 5708; x_wconf 80' lang='grc' dir='ltr'><strong>οὐκ</strong></span> <span class='ocrx_word' id='word_1_865' title='bbox 3228 5656 3484 5726; x_wconf 71' lang='grc' dir='ltr'>ἡκουσεν,</span> <span class='ocrx_word' id='word_1_866' title='bbox 3522 5656 3615 5707; x_wconf 77' lang='grc' dir='ltr'><strong>καὶ</strong></span> <span class='ocrx_word' id='word_1_867' title='bbox 3650 5655 3744 5705; x_wconf 77' lang='grc' dir='ltr'><strong>ἐπὶ</strong></span> <span class='ocrx_word' id='word_1_868' title='bbox 3777 5652 4009 5723; x_wconf 82' lang='grc' dir='ltr'>καρδίαν</span> 
     </span>
    </p>
   </div>
   <div class='ocr_carea' id='block_1_120' title="bbox 2420 5747 4007 5825">
    <p class='ocr_par' dir='ltr' id='par_1_120' title="bbox 2420 5747 4007 5825">
     <span class='ocr_line' id='line_1_120' title="bbox 2420 5747 4007 5825; baseline -0.008 -16"><span class='ocrx_word' id='word_1_869' title='bbox 2420 5755 2711 5825; x_wconf 77' lang='grc' dir='ltr'>ἀνθρώπου</span> <span class='ocrx_word' id='word_1_870' title='bbox 2735 5753 2836 5806; x_wconf 72' lang='grc' dir='ltr'><strong>οὐκ</strong></span> <span class='ocrx_word' id='word_1_871' title='bbox 2866 5750 3055 5820; x_wconf 74' lang='grc' dir='ltr'>ἀνέϐη,</span> <span class='ocrx_word' id='word_1_872' title='bbox 3084 5750 3119 5803; x_wconf 82' lang='grc' dir='ltr'><strong>ὃ.</strong></span> <span class='ocrx_word' id='word_1_873' title='bbox 3147 5748 3445 5819; x_wconf 76' lang='grc' dir='ltr'>ἡτοίμασεν</span> <span class='ocrx_word' id='word_1_874' title='bbox 3478 5750 3506 5801; x_wconf 73' lang='grc' dir='ltr'><strong>ὀ</strong></span> <span class='ocrx_word' id='word_1_875' title='bbox 3538 5747 3672 5809; x_wconf 80' lang='grc' dir='ltr'>Θεὸς</span> <span class='ocrx_word' id='word_1_876' title='bbox 3717 5748 3834 5808; x_wconf 87' lang='grc' dir='ltr'>τοῖς</span> <span class='ocrx_word' id='word_1_877' title='bbox 3866 5748 4007 5812; x_wconf 75' lang='grc' dir='ltr'>ἀγαο</span> 
     </span>
    </p>
   </div>
   <div class='ocr_carea' id='block_1_121' title="bbox 2421 5835 4007 5911">
    <p class='ocr_par' dir='ltr' id='par_1_121' title="bbox 2421 5835 4007 5911">
     <span class='ocr_line' id='line_1_121' title="bbox 2421 5835 4007 5911; baseline -0.006 -10"><span class='ocrx_word' id='word_1_878' title='bbox 2421 5846 2596 5901; x_wconf 80' lang='grc' dir='ltr'>πῶσιν</span> <span class='ocrx_word' id='word_1_879' title='bbox 2624 5843 2809 5910; x_wconf 77' lang='grc' dir='ltr'>αὑτὸν,</span> <span class='ocrx_word' id='word_1_880' title='bbox 2840 5861 2858 5897; x_wconf 75' lang='grc' dir='ltr'><strong>ι</strong></span> <span class='ocrx_word' id='word_1_881' title='bbox 2905 5841 2995 5896; x_wconf 66' lang='grc' dir='ltr'><strong>καὶ</strong></span> <span class='ocrx_word' id='word_1_882' title='bbox 3034 5840 3391 5911; x_wconf 67' lang='grc' dir='ltr'>φυλάττουσιν</span> <span class='ocrx_word' id='word_1_883' title='bbox 3419 5838 3517 5905; x_wconf 73' lang='grc' dir='ltr'>τὰς</span> <span class='ocrx_word' id='word_1_884' title='bbox 3558 5835 3781 5902; x_wconf 68' lang='grc' dir='ltr'>ἐντολὰς</span> <span class='ocrx_word' id='word_1_885' title='bbox 3814 5835 4007 5891; x_wconf 76' lang='grc' dir='ltr'>αὐτοῦ.</span> 
     </span>
    </p>
   </div>
  </div>
