4178 6424
687 333 825 397 1819

1976 328 2334 389 ANTIOCHI
2378 331 2721 389 MONAL‘III

3836 324 3964 387 1820

682 455 868 512 partes
913 447 1257 509 prazcerpant
1290 446 1347 492 et
1380 444 1692 507 occupent,
1751 447 2017 506 praetextu
2071 440 2257 491 tuendi

2386 442 2497 508 [οησὶ
2526 441 2581 493 δέ
2605 441 2698 492 καὶ
2720 440 2747 490 6
2766 440 2967 509 Νόμος,
2995 457 3014 489 ι
3038 440 3108 506 ,0
3130 439 3422 508 ἀρχιερεὺς
3452 438 3531 500 είς
3561 437 3629 489 τὰ
3655 437 3831 501 ’Ἅγια
3864 437 3964 489 τῶν

685 534 867 585 cultus
892 530 1096 590 divini;
1127 530 1220 583 sed
1246 530 1452 592 omnia,
1481 529 1633 597 juxta
1663 529 2067 596 Apostolum”,
2096 530 2267 582 hone-

687 636 771 677 ste
801 633 856 675 et
879 623 1181 675 secundum
1211 621 1462 673 ordinem
1492 620 1642 672 fiant.
1674 620 1813 683 Quid
1840 621 1987 672 enim
2016 622 2263 675 iudecori

686 714 917 766 faciebat
969 712 1166 772 Ozias,
1235 712 1346 764 Deo
1399 712 1530 764 dum
1583 712 1832 764 adoleret
1883 713 2267 766 incensum“?

682 803 823 868 Quid
855 804 984 855 item
1015 802 1167 863 Saul,
1198 803 1451 855 victimas
1481 802 1611 854 dum
1642 804 1804 855 oll'ert
1825 803 1906 853 “2’
1931 804 2070 868 Quid
2100 821 2265 871 porro

688 896 958 964 tyrannici
999 895 1077 947 illi
1111 894 1415 953 d.cmones,
1458 896 1746 947 Dominum
1784 911 1912 949 vere
1941 912 2061 948 esse
2090 898 2260 949 Deum

687 988 817 1038 dum
849 986 1211 1054 profitentur"?
1242 985 1348 1037 Sed
1379 987 1573 1037 hormu
1606 987 1879 1054 theologia
1907 989 2129 1055 explosa
2157 998 2262 1041 est.

691 1077 1079 1143 l'misquisque
1110 1085 1294 1127 autem
1334 1079 1385 1128 iu
1419 1078 1618 1129 ordine
1651 1086 1858 1142 perstet
1887 1095 1999 1130 sua:
2026 1080 2266 1131 functio-

688 1170 849 1231 nis“;
875 1169 1114 1222 aitcnim
1135 1169 1220 1221 lex
1244 1186 1255 1220 :
1283 1168 1471 1221 «Solus
1491 1170 1735 1236 pontifex
1758 1169 1810 1221 in
1831 1169 2029 1222 Sancta
2050 1182 2269 1224 sancto-

687 1275 810 1310 rum
863 1259 1091 1311 intrabit
1137 1260 1305 1310 semel
1360 1258 1413 1309 in
1462 1258 1696 1310 tuum“.
1732 1278 1749 1309 ι
1809 1258 1973 1327 quue
2023 1260 2076 1311 in
2116 1261 2265 1313 omni

692 1352 1030 1403 hierarchica
1078 1351 1461 1417 purificatione
1507 1370 1517 1403 :
1564 1369 1580 1400 ι
1613 1351 1679 1404 Et
1711 1352 2026 1404 sacerdotrs
2056 1367 2261 1420 coope-

2372 534 2543 598 ἁγίων
2592 531 2998 593 εἰσελεύσεται,
3031 534 3127 582 καὶ
3158 532 3304 595 ἅπαξ
3339 529 3432 581 τοῦ
3476 527 3748 580 ἐνιαυτοῦ.
3807 550 3823 575 ι
3864 532 3892 578 ι.
3916 534 3963 578 αὶ

2368 625 2527 678 τοῦτο
2571 628 2627 677 ἐν
2661 626 2809 693 πάσῃ
2847 628 2910 693 τῇ
2946 626 3234 694 ἱεραρχικῇ
3286 623 3620 693 καθαρῦτητι
3656 640 3667 650 ·
3702 625 3752 675 οἱ
3800 626 3963 691 ἱερεῖς

2372 716 2723 786 περιστέλλου
2734 734 2813 767 σιν
2831 718 2896 768 τὰ
2914 719 3059 783 ἅγια.
3076 737 3091 764 ι
3116 717 3247 777 Καὶ,
3262 716 3351 767 «Oi
3372 714 3593 767 Λευῖται
3608 716 3665 765 οὗ
3689 715 3764 782 μὴ
3790 716 3964 781 ἅψων-

2369 825 2459 858 ται
2493 807 2600 857 τῶν
2644 808 2834 872 ἁγίων,
2868 808 2953 857 ἵνα
2989 807 3064 875 μὴ
3104 806 3472 859 ἁποθὰνωσιν.
3522 825 3538 851 ι
3566 807 3675 858 Καὶ
3711 807 3963 875 ὡργίτῖιη

2372 897 2529 965 (θυμῷ
2560 897 2760 965 Κύριος
2795 897 2888 947 ἐπὶ
2912 900 2975 965 τῇ
3021 897 3326 965 προπετείᾳ.
3367 896 3515 956 Ὀζία
3542 912 3554 925 '
3590 914 3661 947 κα
3726 897 3963 963 Μαριλμ

2368 989 2660 1057 λεττροῧται
2678 988 3032 1057 τῷνομοθέτῃ
3053 988 3402 1056 θεσμοθετεῖν
3429 988 3656 1057 ἐγχειρὴ
3670 1005 3835 1041 σασα,
3860 988 3964 1038 Καὶ

2371 1081 2461 1131 ἐπὶ
2526 1081 2651 1141 τοὺς
2714 1082 2892 1132 Σκευᾶ
2932 1079 3082 1142 υἱοὺς
3120 1080 3358 1148 ἐερήὶατο
3395 1079 3422 1129 6
3474 1079 3797 1147 δαιμονιῶν.
3835 1080 3962 1138 Καὶ,

2379 1192 2395 1220 ‹
2431 1172 2542 1222 (ιῦκ
2595 1171 2923 1222 ἀπέστελλον
2954 1171 3149 1232 αὐτοὺς
3171 1210 3185 1234 ,
3221 1171 3312 1222 καὶ
3361 1169 3515 1221 αὐτοὶ
3550 1169 3777 1237 ἔτρεχον
3805 1188 3819 1198 ·
3853 1170 3963 1227 καὶ,

2373 1263 2473 1312 0-37.
2506 1261 2725 1313 ἐλάλουν
2758 1261 2894 1329 πρὸς
2925 1261 3142 1322 αὐτοὺς,
3171 1261 3325 1312 αὐτοὶ
3358 1260 3795 1329 ἐπροφήτευον.»
3822 1260 3962 1310 Καί·

2380 1373 2396 1401 ‹
2424 1354 2479 1402 ὐ
2504 1353 2704 1421 ἀσεϐὴς
2726 1354 2753 1403 ὁ
2775 1352 2916 1403 Οὐων
2942 1370 3028 1419 μοι
3057 1352 3123 1420 μο
3138 1370 3285 1419 σχον,
3308 1351 3383 1413 ὼς
3408 1352 3753 1403 ἀποκτείνων
3768 1350 3929 1401 κύνα.
3947 1370 3963 1399 ι

692 1443 835 1495 riant
875 1451 1080 1494 sancta.
1136 1462 1152 1491 ι
1190 1443 1255 1495 Ιςι
1292 1460 1304 1495 :
1338 1463 1354 1493 ι
1404 1444 1606 1495 Levita:
1645 1461 1713 1495 nc
1756 1452 1980 1512 tangant
2006 1454 2194 1497 saneta
2221 1445 2355 1513 ipsa,
2392 1457 2446 1498 ut
2484 1462 2549 1499 uc
2582 1446 2976 1499 moriantur".
3011 1464 3026 1495 ι
3057 1445 3124 1497 ΕΙ.
3158 1446 3334 1497 iratus
3360 1452 3445 1497 est
3473 1445 3663 1497 furore
3701 1444 3971 1496 Dominus

689 1548 859 1601 super
886 1535 1194 1587 temeritate
1218 1535 1367 1587 Ozia.
1406 1533 1511 1587 Sed
1541 1544 1597 1587 et
1634 1535 1801 1587 Maria
1840 1552 2097 1604 percussa
2126 1547 2210 1591 est
2249 1539 2395 1606 lepra
2420 1580 2430 1599 ,
2459 1556 2583 1593 cum
2615 1550 2819 1594 temere
2848 1541 3035 1593 uiolita
3095 1547 3240 1592 esset
3268 1538 3441 1607 legem
3485 1538 3702 1592 sancire
3732 1539 3957 1609 Iegisla~

689 1625 795 1680 tori
822 1625 885 1676 ³⁸.
916 1625 974 1678 In
1018 1626 1155 1679 filios
1178 1626 1365 1680 Sec-va:
1399 1627 1616 1679 insiluit
1663 1627 2038 1682 dwmoniaeus
2064 1630 2127 1681 ³⁷.
2159 1631 2363 1700 1231
2408 1633 2475 1685 lit
2506 1651 2516 1685 :
2552 1652 2569 1683 ι
2601 1634 2717 1686 Non
2750 1634 3035 1687 mittebam
3074 1648 3189 1695 eos,
3238 1641 3293 1685 ct
3335 1632 3436 1701 ipsi
3476 1632 3814 1695 currebant;
3863 1646 3971 1685 non

689 1713 956 1787 loquebar
993 1719 1060 1771 ad
1089 1734 1205 1781 eos,
1230 1731 1285 1773 ct
1308 1720 1409 1787 ipsi
1436 1721 1959 1787 prophetabant".i
1983 1723 2080 1776 Et:
2116 1743 2135 1773 ‹
2162 1724 2368 1793 Impius
2392 1727 2485 1795 qui
2525 1727 2771 1780 immolat
2803 1726 3063 1786 vitulum,
3086 1726 3244 1793 quasi
3279 1724 3373 1793 qui
3404 1724 3609 1777 occidit
3632 1738 3831 1776 canem
3853 1722 3917 1773 3’.
3949 1741 3965 1771 ι

762 1813 939 1881 Atque
996 1821 1055 1864 ut
1107 1812 1432 1879 compendio
1475 1813 1867 1882 perstringam,
1914 1817 2265 1870 exactissima
2303 1825 2342 1879 Β

692 1905 789 1959 Dei
832 1904 1050 1973 justitia
1109 1920 1216 1955 non
1271 1904 1506 1956 sustinet
1549 1904 1853 1973 quidquam
1905 1906 2019 1959 fieri
2074 1917 2273 1975 printer

691 1995 907 2048 ordinis
961 1994 1244 2049 decorum.
1284 1995 1608 2047 Dicentibus
1638 1997 1784 2049 enim
1835 1998 1943 2051 illis
1976 2016 1987 2049 :
2026 2001 2139 2052 «'ln
2173 2017 2274 2054 uo~

690 2084 843 2137 mine
884 2093 977 2136 tuo
1021 2086 1262 2137 virtutes
1297 2086 1497 2139 multas
1530 2086 1764 2139 fecimus
1793 2087 1874 2153 ⁸ος
1918 2108 1934 2138 ι
1968 2090 2276 2159 responde-

696 2185 787 2227 tur
824 2192 837 2226 :
875 2194 893 2225 ι
930 2176 1050 2228 Non
1098 2176 1225 2228 novi
1260 2192 1375 2237 vos,
1408 2178 1681 2230 discedite
1715 2194 1744 2230 a
1782 2196 1888 2244 me,
1921 2197 2113 2235 omnes
2137 2198 2275 2251 ope—

697 2269 829 2321 rarii
871 2268 1183 2337 iniquitatis
1212 2270 1277 2322 δ’.
1320 2289 1337 2320 ι
1373 2271 1490 2324 Non
1527 2272 1712 2340 itaque
1743 2274 1825 2328 fas
1865 2291 1987 2328 esse
2019 2286 2277 2332 astruunt

694 2376 851 2414 sacra
875 2361 1122 2430 eloquia,
1148 2373 1210 2416 ut
1248 2365 1373 2431 quis
1397 2365 1705 2433 quamlibet
1726 2368 1875 2436 justa
1899 2368 2274 2435 administret,

695 2453 806 2507 nisi
855 2469 955 2522 pro
1011 2454 1275 2523 dignitate
1322 2472 1385 2509 ac
1437 2468 1657 2511 servato
1708 2460 1933 2513 decoro.
1989 2464 2277 2516 Attentum

696 2558 829 2598 sane
856 2560 1309 2615 unumquemque
1343 2548 1447 2601 sibi
1478 2558 1700 2617 oportet
1739 2564 1882 2613 esse,
1923 2561 1983 2604 ut
2018 2567 2084 2606 ne
2119 2554 2278 2607 intel-

698 2635 873 2704 ligere
899 2638 1183 2699 moliatur,
1226 2654 1391 2706 quam
1440 2655 1542 2708 pro
1588 2642 1813 2694 modulo
1848 2643 2073 2711 ingenii,
2107 2646 2277 2698 subli-

697 2727 877 2780 miora
923 2735 979 2780 et
1011 2729 1394 2796 prol'undiora.
1431 2730 1631 2784 Secum
1672 2732 1896 2799 quidem
1941 2736 2088 2787 taciti
2129 2735 2279 2804 cogi-

700 2828 819 2873 tent
846 2837 969 2889 qua:
1002 2837 1098 2890 per
1142 2821 1397 2875 ordinem
1449 2824 1558 2876 sibi
1611 2823 1879 2892 imperata
1923 2835 2074 2888 sunt,
2118 2836 2279 2880 utne

697 2913 808 2965 sint
849 2912 1297 2975 calumniatores,
1336 2930 1445 2967 non
1478 2915 1777 2982 bilingues,
1829 2917 1925 2969 sed
1981 2933 2142 2985 quam
2180 2917 2282 2970 mi-

698 3002 911 3056 nimum
969 3012 1031 3057 ut
1074 3005 1185 3057 sint
1215 3006 1467 3073 pecunia:
1516 3006 1686 3070 avidi,
1727 3007 2101 3070 continentes,
2149 3023 2281 3077 erga

2446 1820 2551 1872 Καὶ
2600 1820 2791 1881 ἁπλῶς
2851 1820 3061 1877 εἰπεῖν,
3110 1818 3211 1867 οὐκ
3262 1816 3516 1883 ἀνέχεται
3570 1816 3670 1883 τὴν
3722 1812 3975 1882 παρατε-

2379 1911 2458 1976 ξιν
2503 1915 2535 1979 ἡ
2587 1910 2855 1979 παντελὴς
2903 1909 2998 1963 τοῦ
3039 1908 3174 1960 Θεοῦ
3202 1907 3545 1975 δικαιοσύνη.
3581 1905 3875 1971 Λεγόντων
3918 1904 3974 1956 δὲ

2376 2001 2573 2055 αὐτῶν·
2609 2018 2624 2049 ι
2651 2000 2773 2052 Ἐπὶ
2793 1999 2868 2069 τῷ
2888 1998 3110 2066 ὀνόματί
3137 2015 3230 2049 σου
3261 1997 3524 2063 δυνάμεις
3554 1994 3758 2055 πολλὰς
3788 1997 3976 2063 ἐποιήο

2380 2112 2445 2146 σα
2455 2111 2573 2163 μεν,
2590 2113 2606 2143 ι
2618 2125 2679 2134 -
2694 2111 2710 2142 ι
2723 2093 2836 2144 Οὐκ
2848 2088 2964 2143 οἶδα
2983 2092 3009 2142 ὑ
3021 2091 3149 2157 μᾶς,
3165 2089 3542 2157 ἀποκρίνεται,
3557 2085 3864 2155 πορεύεσθε
3879 2086 3973 2137 ἀπ’

2378 2183 2513 2251 ἐμοῦ
2559 2184 2762 2242 πάντες
2807 2182 2854 2231 οἱ
2904 2179 3134 2248 ἐργάται
3175 2176 3276 2245 τῆς
3323 2175 3576 2244 ἀνομίας.
3622 2195 3639 2223 ι
3676 2174 3846 2224 ’Ὥστε
3880 2172 3975 2225 οὖν

2377 2275 2438 2324 οὐ
2483 2271 2704 2341 Οεμιτόν
2753 2273 2920 2333 ἐστιν,
2966 2269 3035 2320 τὰ
3085 2266 3206 2335 ἱερὰ
3253 2265 3452 2331 Λόγια,
3489 2264 3674 2333 φησιν,
3730 2262 3856 2313 οὐδὲ
3906 2263 3976 2313 τὰ

2378 2368 2585 2428 δίκαια,
2619 2366 2666 2415 εί
2705 2363 2780 2432 μὴ
2814 2362 2882 2414 τὰ
2915 2358 3038 2412 κατ’
3077 2357 3237 2422 ἀξίαν
3282 2356 3526 2408 διώκειν.
3581 2354 3885 2425 Προσέχειν
3918 2352 3974 2404 δὲ

2379 2458 2612 2510 ’ἑκαστον
2652 2453 2832 2523 ἑαυτῷ
2879 2454 3009 2522 χρὴ,
3062 2451 3154 2502 καὶ
3191 2450 3266 2519 μὴ
3299 2449 3369 2500 τὰ
3408 2447 3722 2516 ὑψηλότερα
3751 2446 3853 2499 καὶ
3888 2446 3977 2514 βα-

2382 2550 2585 2617 θύτερα
2635 2547 2867 2598 ἐννοεῖν·
2908 2543 3240 2597 διανοεῖσθαι
3288 2540 3343 2591 δὲ
3395 2540 3532 2607 μονα
3576 2541 3642 2592 τὰ
3678 2541 3825 2592 κατὰ
3872 2541 3977 2607 τὴν

2380 2644 2536 2705 τάξιν
2576 2639 2725 2707 αὐτῷ
2768 2636 3255 2707 προστεταγμένα·
3287 2635 3381 2686 καὶ
3419 2632 3492 2702 μὴ
3532 2634 3797 2696 διὰὄολοι,
3840 2634 3976 2701 μηδὲ

2381 2732 2603 2798 δίλογοι,
2634 2730 2768 2781 ἀλλὰ
2800 2729 3188 2797 ἀφιλαργυροι,
3231 2728 3544 2796 ἐγκρατεῖς,
3598 2742 3661 2776 πε
3676 2726 3728 2791 ρὶ
3760 2725 3977 2786 πάντας

2382 2817 2770 2885 εὔσπλαγχνοι,
2808 2816 3115 2883 ἐπιμελεῖς,
3144 2816 3505 2885 πορευόμενοι
3538 2814 3680 2867 κατὰ
3716 2815 3822 2884 τὴν
3850 2814 3978 2883 ἁλή-

2385 2910 2534 2962 Οειαν
2570 2909 2665 2960 τοῦ
2714 2908 2941 2977 Κυρίου,
2988 2908 3045 2970 ὃς
3091 2907 3310 2975 ἐγένετο
3341 2907 3588 2968 διάκονος
3630 2907 3857 2957 πάντων
3884 2924 3896 2935 ·
3935 2898 3978 2971 ᾧ

2386 3004 2480 3054 ἐὰν
2513 3002 2974 3070 εὐαρεστὴσωμεν
3012 3001 3067 3052 ἐν
3095 2998 3176 3067 τῷ
3220 2997 3316 3050 νῦν
3347 2997 3526 3060 αἰῶνι,
3573 2997 3979 3065 ἀποληψττμεθα

698 3106 895 3147 omnes
940 3095 1038 3157 pii,
1088 3096 1302 3148 strenui
1354 3095 1666 3164 diligentia,
1704 3097 2010 3150 secundum
2064 3098 2279 3150 Domini

2390 3093 2481 3143 καὶ
2530 3091 2620 3142 τὸν
2672 3089 2976 3159 μέλλοντα·
3032 3087 3213 3149 καθὼς
3256 3086 3525 3153 ὑπέσχετο
3573 3086 3705 3153 ἡμῖν
3761 3085 3979 3150 ἐγεῖραι

698 3186 996 3240 Veritatem
1031 3187 1376 3250 incedentes,
1418 3189 1512 3257 qui
1548 3189 1799 3242 omnium
1852 3189 2030 3242 factus
2059 3197 2144 3241 est
2180 3189 2283 3241 mi-

702 3278 913 3330 nister:
974 3279 1061 3332 cui
1122 3279 1341 3346 placide
1415 3281 1458 3332 si
1522 3281 1983 3349 obscquemurin
2025 3281 2285 3349 pra-senti

701 3368 926 3433 εωρυιο,
964 3370 1116 3422 illius
1153 3373 1599 3438 promcrcbimur
1638 3372 1848 3441 perfrui
1894 3373 2067 3442 gloria
2112 3373 2164 3425 iu
2198 3373 2285 3425 fu-

706 3467 854 3521 turo,
878 3458 1343 3525 quemadmodum
1378 3462 1660 3529 pollicitus
1690 3470 1774 3516 est
1803 3462 1964 3516 nobis
1995 3479 2053 3516 se
2080 3479 2181 3516 nos
2218 3479 2285 3517 ex

705 3549 941 3602 mortuis
969 3551 1337 3604 excitaturum
1375 3569 1388 3605 ε
1418 3554 1676 3623 quodque
1710 3555 1755 3609 si
1804 3554 1923 3625 ipso
1950 3555 2113 3625 digne
2148 3570 2284 3609 con-

705 3640 1052 3694 versabimur
1077 3682 1091 3705 ,
1127 3657 1252 3695 cum
1292 3662 1359 3698 eo
1407 3646 1567 3699 simul
1621 3656 1677 3699 et
1726 3648 2103 3716 regnabimus.
2140 3648 2288 3701 Dixit

705 3746 854 3783 enun
896 3749 908 3784 Ξ

2384 3184 2531 3251 ἡμᾶς
2572 3184 2635 3234 ἐκ
2665 3181 2878 3249 νεκρῶν
2899 3196 2910 3207 ⁸
2944 3181 3037 3231 καὶ
3079 3181 3159 3230 ὄτι
3189 3180 3283 3231 ἐὰν
3317 3175 3773 3244 πολιτευσώμεοα
3809 3174 3981 3237 ἀξίως

2384 3276 2571 3339 αὐτοῦ,
2604 3276 2699 3328 καὶ
2749 3272 3258 3342 συμϐασιλεύσομεν
3310 3269 3479 3339 αὐτῷ.
3521 3268 3693 3329 Αὐτὸς
3738 3266 3852 3335 γὰρ
3900 3267 3979 3317 εἰ-

2387 3383 2588 3438 ρηκεν·
2629 3386 2646 3417 ι
2671 3366 2796 3418 Ἐάν
2843 3381 2925 3427 τις
2967 3364 3093 3433 ἐμοὶ
3140 3363 3386 3430 διακονῇ,
3419 3361 3542 3429 ἐμοὶ
3581 3356 3981 3409 ἁκο).ουοείτω’

2392 3463 2488 3513 καὶ
2538 3460 2673 3511 ὅπου
2749 3457 2866 3526 εἰμὶ
2918 3455 3048 3522 ἐγὼ,
3097 3456 3213 3506 ἐκεῖ
3256 3454 3351 3506 καὶ
3395 3456 3422 3507 6
3475 3452 3725 3513 διάκονος
3772 3450 3803 3500 6
3850 3447 3985 3517 ἐμὸς

2395 3551 2575 3603 ἔσται’
2604 3548 2698 3601 ἐάν
2724 3565 2808 3610 τις
2844 3545 2970 3616 ἐμοὶ
3003 3546 3249 3615 διακονῇ,
3280 3545 3501 3614 τιμήσει
3532 3542 3698 3594 αὑτὸν
3729 3541 3757 3589 6
3790 3540 3984 3606 Πατήρ

2399 3659 2523 3709 μου.
2559 3659 2576 3691 ι
2616 3637 2774 3707 Αὐτῷ
2802 3638 2834 3706 ἡ
2862 3636 2988 3699 δόξα
3023 3636 3103 3697 εἰς
3130 3638 3258 3697 τοὺς
3291 3634 3514 3695 αἰῶνας.
3562 3632 3761 3701 Ἀμήν.

958 3749 977 3782 ι
1008 3732 1063 3785 Si
1111 3735 1235 3802 quis
1287 3737 1421 3789 mihi
1475 3737 1780 3801 ministrat,
1819 3755 1907 3791 me
1951 3750 2239 3808 sequatur,
2301 3745 2359 3792 et
2415 3735 2509 3789 tibi
2568 3748 2690 3786 sum
2728 3745 2851 3798 ego,
2893 3728 3005 3781 illic
3035 3738 3089 3782 et
3120 3727 3375 3780 minister
3413 3740 3570 3779 nzeus
3589 3722 3699 3778 erit
3734 3741 3749 3775 :
3780 3721 3829 3774 si
3860 3720 3987 3789 quis

707 3822 843 3876 Inibi
874 3824 1290 3890 ministraverit,
1321 3826 1713 3881 honoriﬁcabit
1744 3843 1871 3881 eum
1909 3829 2069 3882 Pater
2110 3845 2269 3884 meus

2400 3845 2417 3876 ι
2465 3822 2572 3893 Ipsi
2606 3820 2777 3891 gloria
2818 3818 2874 3872 in
2907 3818 3124 3872 secula.
3161 3815 3357 3869 Amen.

1218 3960 1507 4015 IIOMILIA
1539 3961 1771 4016 CXXIV.

802 4046 1113 4104 Sacerdotes
1143 4054 1472 4105 venerationi
1506 4062 1665 4121 atque
1691 4055 1876 4107 honori
1901 4057 2187 4111 habendos.

780 4144 1056 4213 lgnatius,
1105 4157 1471 4214 cognomento
1516 4148 1906 4216 'l‘heophorus,
1945 4166 2043 4219 per
2077 4153 2289 4219 cpile-

710 4237 819 4291 lam
854 4237 990 4291 dicit
1016 4238 1061 4269 ⁸³
1093 4256 1104 4290 :
1170 4239 1441 4308 Episcopo
1477 4242 1773 4303 attendite,
1812 4250 1872 4295 ut
1899 4252 1954 4296 et
1988 4244 2133 4297 Deus
2191 4261 2288 4298 vo-

714 4327 833 4393 bis;
874 4344 1095 4382 recreor
1123 4329 1179 4382 in
1210 4330 1493 4398 episcopo,
1516 4332 1612 4399 qui
1641 4330 1777 4384 mihi
1814 4332 2151 4400 subrogatus
2179 4341 2287 4395 est,

713 4418 1163 4488 presbyterisque
1213 4427 1271 4473 et
1323 4418 1573 4473 diacouis
1625 4421 1960 4489 quibuscum
2007 4422 2293 4490 contingat
2326 4452 2368 4504 ο

716 4510 926 4564 utinam
957 4510 1157 4564 habere
1191 4526 1277 4563 me
1313 4520 1525 4579 partem
1560 4512 1615 4565 iu
1650 4513 1783 4566 Deo.
1815 4514 2028 4566 Rursus
2052 4512 2096 4544 δ”
2135 4530 2150 4566 ι
2183 4513 2290 4567 Te-

714 4604 816 4658 stis
847 4603 981 4657 mihi
1011 4613 1115 4667 est,
1148 4602 1200 4656 in
1229 4618 1340 4671 quo
1374 4612 1431 4657 et
1457 4603 1677 4657 vinctus
1706 4619 1826 4657 sum
1853 4622 1866 4658 :
1898 4604 2026 4674 quia
2057 4622 2155 4675 per
2176 4620 2297 4659 car-

716 4712 843 4749 nem
890 4697 1185 4749 humanam
1221 4710 1334 4748 uon
1375 4695 1643 4765 cognovi;
1686 4695 1924 4765 Spiritus
1953 4707 2137 4751 autem
2174 4714 2299 4752 san-

717 4800 842 4839 ctus
870 4787 984 4855 ipse
1007 4786 1259 4856 pnedixit
1287 4786 1403 4841 luce
1430 4805 1442 4841 :
1473 4787 1604 4842 Sine
1636 4788 1898 4857 episcopo
1926 4789 2067 4843 nihil
2092 4790 2256 4845 facite
2279 4809 2295 4856 ;

718 4879 855 4932 nihil
878 4878 1043 4947 igitur
1062 4878 1385 4933 tentandum
1407 4878 1567 4934 vobis
1590 4889 1676 4934 est
1693 4880 1813 4934 sine
1827 4892 2040 4934 annutu
2082 4883 2300 4952 episco-

718 4969 811 5039 pi;
855 4970 949 5023 ubi
975 4970 1123 5023 enim
1147 4970 1526 5040 conspicietur
1558 4972 1754 5025 adesse
1795 4971 2118 5041 episcopus,
2148 4989 2215 5027 eo
2243 4989 2302 5028 se

720 5060 970 5115 conferat
994 5061 1295 5116 multitudo
1321 5079 1334 5115 :
1362 5062 1832 5131 quemadmodum
1859 5064 1951 5116 ubi
1985 5066 2303 5119 nominatus

719 5160 805 5204 est
834 5150 996 5205 Jesus
1047 5150 1331 5215 Christus,
1372 5166 1443 5205 co
1479 5152 1701 5221 cogitur
1744 5162 1800 5208 et
1853 5153 2084 5209 conﬂuit
2116 5155 2306 5209 catho-

721 5239 825 5294 lica
852 5240 1121 5295 Ecclesia.
1157 5240 1278 5294 Non
1319 5241 1468 5295 enim
1515 5242 1767 5311 quolibet
1807 5244 2010 5312 passim
2043 5245 2302 5300 sinuntur

727 5330 1001 5402 pecudum
1046 5345 1243 5401 greges
1271 5331 1449 5398 abire,
1481 5332 1578 5386 sed
1624 5348 1957 5402 quocunque
2003 5349 2097 5388 eas
2123 5334 2301 5387 abdu-

2970 3956 3188 4010 ΛΟΓΟΣ
3239 3951 3410 4007 PKA'.

2775 4050 2913 4116 Περὶ
2944 4049 3050 4101 τοῦ
3080 4047 3372 4100 αἰδεῖσθαι
3405 4046 3598 4113 ἱερεῖς.

2480 4144 2538 4194 '0
2563 4141 2830 4209 Θεοφορος
2855 4137 3110 4205 Ἰγνάτιος
3130 4134 3461 4194 ἐπιστέλλει,
3480 4135 3678 4199 λέγων’
3706 4151 3725 4182 ι
3753 4131 3849 4199 Τῷ
3874 4133 3990 4184 ἐπι·

2400 4233 2589 4301 σκόπῳ
2619 4231 2940 4299 προσέχετε,
2969 4228 3055 4279 ἵνα
3083 4227 3176 4277 καὶ
3220 4227 3249 4277 ὁ
3289 4224 3419 4286 Θεὸς
3464 4224 3612 4292 ὑμῖν.
3660 4223 3989 4291 ’Δντίψυχον

2401 4324 2511 4393 ἐγὼ
2550 4323 2631 4393 τῷ
2670 4318 3098 4388 ὑποτασσομένῳ
3146 4316 3456 4386 ἐπισκόπῳ,
3492 4313 3891 4383 πρεσϐυτέροις
3926 4330 3987 4366 τε

2400 4416 2496 4469 καὶ
2544 4413 2834 4476 διακόνοις,
2890 4411 3009 4478 μετ’
3061 4409 3241 4463 αὐτῶν
3297 4425 3390 4477 μοι
3440 4409 3655 4475 γένοιτο
3702 4406 3763 4457 τὸ
3821 4406 3992 4476 μέρος

2397 4506 2542 4575 ἔχειν
2566 4507 2622 4557 ἐν
2638 4502 2779 4573 Θεῷ.
2801 4521 2819 4554 ›
2847 4502 2957 4554 Καὶ
2970 4499 3146 4564 αὖθις,
3174 4518 3192 4546 σ
3221 4500 3449 4569 Μάρτυς
3467 4515 3577 4567 μοι,
3601 4501 3658 4550 ἐν
3675 4490 3721 4564 ᾧ
3741 4497 3988 4565 δέδεμαι,

2397 4600 2479 4651 ὃτι
2537 4598 2646 4650 ἀπὸ
2701 4594 2906 4665 σαρκὸς
2959 4592 3310 4663 ἀνθρωπίνης
3374 4591 3475 4643 οὐκ
3520 4590 3715 4657 ἔγνων.
3758 4606 3776 4639 ι
3809 4588 3885 4639 T6
3937 4588 3992 4639 δὲ

2402 4691 2632 4759 Πνεῦμα
2656 4691 2963 4758 ἐκήρυσσεν
2987 4685 3145 4753 λέγον
3177 4684 3323 4737 τάδε’
3343 4683 3528 4752 Χωρὶς
3558 4681 3655 4733 τοῦ
3682 4681 3989 4731 ἐπισκόπου

2404 4783 2571 4853 μηδὲν
2602 4784 2828 4835 ποιεῖτε.
2865 4779 2986 4849 Χρὴ
3028 4773 3121 4830 οὖν
3156 4778 3286 4831 ἄνευ
3329 4773 3426 4828 τοῦ
3460 4773 3768 4826 ἐπισκόπου
3821 4770 3993 4838 μηδὲν

2403 4878 2671 4945 πράσσειν
2696 4875 2865 4943 ἡμᾶς.
2902 4872 3077 4923 Ὅπου
3108 4870 3213 4939 γὰρ
3247 4868 3313 4921 ἂν
3348 4868 3491 4937 φανῇ
3526 4864 3851 4925 ἐπίσκοπος,
3875 4861 3996 4915 ἐκεῖ

2404 4968 2466 5021 τὸ
2500 4965 2704 5034 πλῆθος
2733 4966 2867 5033 ῆτω.
2910 4963 3120 5032 Ὥσπερ
3149 4961 3394 5026 ὅπουπερ
3429 4958 3495 5010 ἂν
3535 4954 3819 5025 ὀνομασθῇ
3860 4955 3993 5023 Χρι-

2409 5059 2531 5121 στὸς
2575 5056 2805 5125 Ἰησοῦς,
2873 5056 2989 5107 ἐκεῖ
3035 5056 3067 5124 ἡ
3112 5050 3371 5120 καθολικὴ
3413 5048 3718 5117 Ἐκκλησία
3764 5048 3993 5099 ἐπισυνο

2406 5152 2623 5219 ἁγεται.
2647 5150 2722 5202 Οὐ
2754 5148 2863 5217 γὰρ
2888 5148 3023 5200 ὅπου
3055 5144 3336 5215 βούλονται
3356 5140 3668 5212 βαδίζουσιν
3687 5138 3798 5191 τῶν
3826 5138 3996 5207 θρεμ-

2412 5244 2596 5313 μάτων
2643 5243 2698 5295 αῑ
2742 5239 2957 5310 ἀγέλαι,
2990 5236 3108 5291 ἀλλ’
3140 5234 3385 5304 ἔνθαπερ
3426 5235 3476 5284 ot
3519 5230 3781 5300 ποιμένες
3823 5228 3998 5291 αὐτὸς

2410 5333 2802 5405 ἀποφέρουσιν.
2854 5331 2937 5384 Τὰ
2978 5329 3036 5383 δὲ
3093 5326 3200 5392 ἔξω
3250 5324 3351 5393 τῆς
3396 5322 3600 5392 ἀγέλης
3650 5320 3998 5390 ἀπομένοντα

794 5512 840 5543 ³ο
876 5512 1047 5567 Itior.
1080 5528 1187 5575 xw,
1221 5512 1309 5566 40.
1353 5513 1395 5544 ³¹
1436 5513 1479 5567 ll
1511 5513 1689 5566 Paral.
1718 5528 1828 5577 xxr,
1862 5515 1944 5566 Ili.
2023 5515 2065 5544 ³’
2103 5513 2117 5565 Ι
2150 5514 2281 5581 Iteg.

2386 5530 2418 5575 ι,
2446 5516 2479 5566 :‘i
2500 5528 2656 5581 seqq.
2700 5512 2744 5542 ³³
2780 5510 2857 5564 Ex
2884 5508 3048 5581 epist.
3077 5507 3110 5560 8
3141 5504 3197 5559 S.
3227 5499 3473 5581 Dion‘vsii
3503 5498 3709 5581 Areop.
3750 5496 3799 5527 ³⁸
3830 5495 3994 5581 νικος

729 5599 856 5643 χιχ,
892 5583 971 5633 10.
1064 5582 1109 5613 ³³
1148 5582 1320 5635 [.evit.
1353 5600 1458 5645 xvr,
1490 5584 1543 5637 2.
1651 5585 1693 5613 ³⁸
1730 5584 1888 5638 Num.
1927 5600 2034 5644 xiv,
2063 5584 2115 5646 9,
2154 5586 2231 5636 Μ.

732 5656 778 5685 ⁵⁸
835 5653 1019 5704 Matth.
1064 5668 1152 5714 \‘n,
1184 5654 1273 5705 ‘22.
1384 5656 1420 5683 "'
1452 5653 1585 5707 ibid.
1619 5653 1689 5706 ‘25
1788 5655 1831 5684 ’⁶²
1870 5654 2026 5707 .I-Jan.
2064 5670 2152 5713 ιιι,
2184 5654 2268 5708 if.

735 5722 801 5779 ad
824 5723 1039 5788 Smyrn.

2331 5586 2371 5614 ³⁷
2399 5585 2517 5637 Act.
2557 5598 2665 5643 xxx,
2697 5581 2781 5633 H.

2376 5655 2419 5687 ⁸³
2458 5653 2630 5723 Epist.
2672 5651 2737 5715 8,
2789 5648 2854 5703 ad
2892 5648 3273 5717 l’olycarpum.

2879 5561 3159 5629 "'Jerem.
3189 5586 3339 5631 χχιιι,
3361 5561 3451 5622 ἐι.
3554 5567 3599 5599 ³⁸
3633 5561 3738 5619 lsa.
3775 5581 3919 5629 ιιι-ι,
3947 5566 3997 5619 '5-

3351 5640 3393 5671 “
3431 5639 3505 5692 Ex
3536 5638 3711 5707 Ignat.
3749 5635 3919 5705 epist.
3948 5634 4001 5691 7r
