4178 6424
718 333 855 397 18ὶῖ

1988 336 2349 396 ANTIOCHI
2394 335 2734 395 MONACIII

3849 334 3991 400 1:324

711 452 769 498 et
812 442 1112 495 admonent
1144 455 1259 502 vos,
1291 446 1348 493 et
1375 446 1435 492 ut
1465 437 1718 493 habeatis
1763 438 1889 493 illos
1920 437 2290 493 abundantius

2397 438 2579 500 πάλιν,
2618 456 2635 489 ι
2672 438 2735 489 Ui
2766 436 3132 507 πρεσϐύτεροι
3155 438 3344 508 διπλῆς
3381 440 3549 511 τιμῆς
3578 441 3986 506 ἀξιούσθωσαν.

716 537 770 587 in
804 534 1077 588 charitate
1100 538 1327 599 propter
1357 544 1498 599 opus
1525 530 1763 591 illorum,
1795 544 1985 598 pacem
2010 530 2205 583 habete
2235 530 2293 584 in

713 623 1127 692 vobismctipsis
1156 622 1223 675 ".
1261 642 1279 672 ι
1309 622 1377 677 Ει
1412 637 1607 676 rursus
1641 640 1653 675 :
1685 640 1703 673 ι
1734 619 2049 690 Presbyteri
2083 622 2291 690 duplici

716 717 926 768 honore
959 712 1291 774 allieiantur,
1322 710 1556 764 maxime
1589 711 1684 779 qui
1712 710 1965 763 laborant
1995 749 2010 771 ,
2036 710 2088 762 in
2123 708 2294 761 verbo

713 814 771 857 et
810 804 1062 858 doctrina
1093 803 1162 854 ⁸⁷.
1207 820 1225 853 ι
1262 800 1535 855 Convenit
1592 800 1778 869 igitur,
1808 798 2188 862 dilectissimi,
2237 807 2295 852 et

713 894 875 948 amici
921 894 1041 955 Dei,
1098 902 1158 946 ut
1205 891 1524 947 sacerdotes
1576 892 1698 961 ejus
1728 905 2083 943 revereamur
2112 904 2125 939 :
2153 903 2294 957 quos

714 989 861 1038 rnlm
887 986 1033 1038 Deus
1064 985 1166 1037 sibi
1190 995 1449 1053 tanquam
1476 984 1734 1052 proprios
1750 983 1967 1043 ascivit,
1990 989 2048 1035 et
2082 981 2293 1034 honore

715 1064 922 1139 afleeit,
943 1075 1025 1129 eis
1044 1090 1270 1129 necesse
1287 1085 1450 1130 estut
1471 1076 1726 1128 homines
1750 1073 2000 1127 debitum
2022 1074 2290 1126 honorem

713 1167 1005 1219 deferant:
1053 1166 1262 1234 1233
1294 1181 1473 1234 neque
1517 1181 1646 1219 vero
1696 1165 1803 1217 sibi
1838 1165 1967 1234 quis
2022 1167 2291 1219 honorem

712 1258 967 1320 assumit,
1004 1257 1097 1309 sed
1131 1257 1225 1323 qui
1255 1272 1284 1309 a
1315 1256 1428 1309 Deo
1456 1266 1687 1309 vocatus
1711 1266 1816 1310 est.
1849 1256 1992 1309 Nulli
2019 1256 2183 1325 igitur
2213 1256 2293 1308 fas

716 1362 959 1414 unquam
1011 1346 1179 1401 fuerit
1206 1346 1383 1400 obniti
1418 1364 1482 1400 ac
1514 1350 1813 1403 reclamare
1853 1349 2159 1401 sane-dotis
2188 1348 2291 1400 im-

716 1436 874 1503 perio
913 1452 925 1487 :
967 1455 984 1484 ι
1022 1435 1127 1500 Qui
1177 1437 1328 1489 enim
1382 1438 1687 1501 resistunt,
1737 1438 2148 1490 damnationem
2185 1437 2288 1489 sibi

714 1528 1007 1596 nequirent
1041 1529 1106 1579 ⁸⁸.
1161 1546 1179 1578 ι
1218 1528 1457 1598 l’rineipi
1494 1530 1641 1582 enim
1681 1529 1868 1597 populi
1906 1529 1985 1582 tui
2027 1544 2138 1581 non
2172 1544 2289 1581 ma-

714 1620 919 1674 ledicos
973 1622 1041 1673 ”.
1104 1622 1371 1677 Dominus
1419 1625 1553 1677 item
1619 1624 1857 1677 eximius
1904 1624 1995 1677 ille
2039 1624 2289 1677 Pontifex

713 1712 793 1765 ait
842 1728 857 1764 :
895 1731 914 1764 ι
957 1712 1061 1779 Qui
1099 1713 1332 1784 suscipit
1358 1731 1479 1778 vos,
1537 1730 1626 1769 me
1654 1715 1910 1784 suscipit,
1968 1724 2025 1768 et
2055 1713 2150 1783 qui
2202 1729 2291 1767 me

2400 533 2649 585 Μάλιστα
2698 531 2746 580 οἱ
2796 529 3098 591 κοπιῶντες
3148 532 3205 581 ὲν
3254 532 3393 601 λόγῳ
3428 533 3523 584 καὶ
3562 532 3891 603 διδασκαλία
3966 554 3984 583 ι

2401 619 2617 688 ΙΙρέπον
2652 612 2747 670 οὖν
2778 619 2946 680 ἐστιν,
2982 619 3276 687 ἀγαπητοὶ,
3330 623 3417 673 καὶ
3449 622 3591 689 φίλοι
3620 622 3783 682 θεοῦ,
3818 624 3988 675 αἰδεῖο

2400 709 2524 760 σθαι
2562 708 2687 769 τοὺς
2721 708 2888 779 ἱερεῖς
2918 707 3106 761 αὐτοῦ.
3139 708 3247 771 Οὓς
3285 711 3392 780 γὰρ
3420 712 3448 762 ὁ
3478 713 3609 772 θεὸς
3657 711 3986 764 nixari-31:0

2399 799 2493 850 καὶ
2523 797 2792 861 ἐδόξασεν,
2822 800 3035 865 ἀνάγκη
3066 797 3161 850 καὶ
3190 798 3319 860 τοὺς
3342 799 3661 868 ἀνθρώπους
3696 803 3798 869 τὴν
3833 802 3983 868 63:2:-

2400 890 2495 957 λὴν
2522 889 2866 942 ἀποδιδόναι·
2896 892 2991 942 καὶ
3019 891 3116 958 οὐχ
3150 890 3324 959 ἑαυτῷ
3355 908 3436 953 τις
3475 892 3746 959 λαμϐάνει
3786 894 3889 961 τὴν
3915 911 3984 943 τιο

2403 983 2529 1052 μὴν,
2556 981 2668 1034 ἀλλ’
2697 983 2727 1034 ὁ
2759 981 3092 1050 καλούμενος
3125 982 3228 1034 ὑπὸ
3254 981 3347 1033 τοῦ
3378 981 3535 1035 θεοῦ.
3569 985 3643 1035 03
3693 984 3856 1051 θέμις
3884 985 3987 1034 τοξ-

2398 1093 2491 1127 νυν
2525 1074 2650 1126 ποτὲ
2699 1075 2833 1143 ἱερεῖ
2876 1074 3212 1143 ἀντιστῆναι·
3260 1075 3308 1126 οἱ
3357 1074 3465 1142 γὰρ
3520 1092 3537 1123 ι
3592 1074 3981 1141 ἀ·ιτι.ττάμενσιι

2400 1167 2612 1227 αὐτοῖς,
2645 1166 2821 1233 κρῖμα
2869 1164 3435 1233 λήψονται.”Λργοντα
3463 1164 3572 1233 γὰρ
3599 1164 3695 1215 τοῦ
3728 1164 3859 1215 λαοῦ
3892 1182 3983 1215 σου

2398 1259 2499 1310 οὐκ
2521 1258 2668 1327 ἐρεῖς
2700 1256 2903 1319 κακῶς.
2942 1275 2961 1307 ι
3012 1257 3069 1307 Ὀ
3113 1257 3170 1309 δὲ
3210 1257 3433 1326 Κύριος,
3464 1258 3559 1308 καὶ
3598 1256 3777 1321 μέγας
3803 1256 3985 1323 ἀρχιε-

2401 1351 2548 1419 ρεὺς,
2570 1350 2756 1419 φησιν,
2778 1368 2796 1398 ι
2818 1349 2877 1399 Ὀ
2905 1348 3195 1417 δεχόμενος
3230 1349 3395 1413 ὑμᾶς,
3427 1348 3524 1417 ἐμὲ
3554 1348 3796 1414 δέχεται,
3836 1348 3927 1397 καὶ
3952 1348 3983 1397 ὁ

2399 1442 2496 1508 ἐμὲ
2537 1442 2846 1509 δεχόμενος,
2878 1440 3094 1508 δέχεται
3144 1440 3234 1491 τὸν
3276 1440 3677 1491 ἀποστείλαντα
3712 1456 3803 1508 με.
3847 1457 3864 1488 ι
3914 1468 3983 1479 -

2410 1553 2425 1581 ι
2452 1531 2808 1600 ἰιδεχόμενος
2833 1531 3047 1599 προφήτ
3060 1547 3147 1600 ην,
3174 1530 3252 1588 εἰς
3272 1531 3443 1598 ὄνομα
3462 1531 3769 1599 προφήτου,
3794 1528 3984 1597 μισθὸν

2397 1624 2679 1693 προφήτου
2739 1621 2987 1691 λήψεται.
3047 1622 3153 1674 Καὶ
3205 1622 3233 1673 ὁ
3279 1620 3566 1688 δεχόμενος
3612 1619 3848 1680 δίκαιον,
3905 1620 3985 1678 εἰς

2397 1711 2568 1778 ὄνομα
2610 1709 2841 1770 δικαίου,
2890 1708 3079 1777 μισθὸν
3122 1709 3334 1760 δικαίου
3384 1708 3632 1777 λήψεται.
3696 1728 3715 1760 ι
3760 1707 3919 1775 Αὐτῷ
3949 1708 3984 1775 ἡ

714 1804 992 1875 suscipit,
1044 1807 1278 1874 suscipit
1328 1822 1456 1861 eum
1510 1808 1603 1876 qui
1655 1823 1743 1861 me
1795 1806 1949 1861 misit
2001 1807 2070 1858 ⁶⁰.
2117 1825 2135 1857 ι
2186 1806 2290 1860 Et:

2401 1802 2529 1865 δ-Ζξα
2557 1802 2634 1863 εἰς
2672 1802 2800 1862 τοὺς
2833 1799 3278 1868 αἱῶνας.’Λμήν.

720 1913 741 1945 ι
803 1897 907 1961 Qui
942 1898 1177 1965 suscipit
1227 1901 1554 1967 prophetam
1606 1900 1658 1952 in
1693 1901 1916 1952 nomine
1967 1895 2589 1967 propllet2e,mereedem
2628 1895 2911 1963 propheta:
2935 1893 3217 1961 accipiet:
3262 1902 3319 1947 ct
3349 1892 3445 1962 qui
3489 1894 3727 1964 suscipit
3770 1897 3985 1964 justum

715 1988 772 2042 in
807 1991 1029 2044 nomine
1081 1991 1239 2059 justi,
1278 1991 1590 2045 mercedem
1650 1992 1787 2061 justi
1859 1992 2097 2061 accipiet
2125 1993 2226 2046 θ’.)
2259 1989 2365 2060 Ipsi
2398 1987 2569 2057 gloria
2606 1987 2659 2039 7n
2684 1986 2909 2041 saecula.
2936 1985 3130 2039 Amen.

1245 2102 1481 2157 llOfllllJ
1496 2105 1531 2157 Α
1560 2103 1768 2159 CXXV.

995 2212 1076 2267 De
1093 2226 1235 2268 certa
1263 2221 1652 2285 etspectationc
1680 2221 2004 2287 futurorum.

786 2320 992 2375 Futura
1027 2322 1170 2377 bona
1197 2323 1453 2392 quisquis
1478 2336 1628 2379 certa
1661 2342 1759 2395 spe
1788 2327 2100 2394 opperitur,
2134 2328 2292 2381 nihili

716 2412 906 2466 istlmc
949 2412 1103 2466 ducit
1152 2416 1488 2483 temporaria
1538 2432 1551 2467 :
1595 2417 1728 2484 quin
1760 2417 2024 2471 aviditate
2059 2420 2295 2488 flagrans

714 2504 1052 2567 futurorum,
1084 2513 1281 2557 caetera
1305 2506 1487 2559 omnia
1522 2509 1649 2561 vita:
1678 2508 1839 2562 istius
1868 2524 1967 2563 ceu
1991 2511 2097 2563 vile
2121 2510 2297 2580 quod-

714 2593 861 2662 piam
899 2604 1264 2651 sarmentum.
1295 2607 1390 2649 aut
1424 2599 1759 2652 virulentam
1794 2601 2093 2653 araelmem
2123 2610 2297 2654 trans-

715 2684 905 2748 mittit,
957 2692 1184 2752 propter
1218 2699 1371 2753 spcm
1422 2685 1528 2739 sibi
1584 2687 1887 2755 repositam
1946 2698 2111 2756 atque
2166 2706 2290 2757 gau.

713 2772 889 2825 dium.
921 2773 1020 2827 illo
1049 2773 1197 2826 enim
1225 2784 1558 2843 approperat
1599 2791 1919 2839 occurrere,
1952 2778 2046 2829 ubi
2077 2792 2297 2845 posses-

712 2863 892 2917 sionis
945 2863 1255 2918 substantia
1308 2882 1321 2918 :
1368 2881 1566 2934 nempe
1592 2868 1703 2936 jam
1747 2867 2085 2922 desiderium
2130 2868 2298 2922 habet

712 2954 1029 3007 subactum.
1056 2954 1272 3019 Quibus
1311 2971 1444 3010 sane
1469 2957 1620 3010 cordi
1660 2965 1744 3011 est
1772 2960 1994 3012 emleste
2033 2959 2163 3011 illud
2197 2975 2295 3028 pe-

712 3043 948 3107 culium,
976 3044 1053 3097 nil
1092 3055 1199 3097 tam
1234 3056 1502 3114 expetunt
1548 3047 1810 3101 ardenter
1835 3065 1999 3117 quam
2028 3059 2089 3103 ut
2116 3066 2183 3104 ex
2215 3051 2297 3104 iu-

710 3134 897 3188 eolatu
934 3135 1193 3203 inquilini
1224 3138 1479 3206 corporis
1518 3139 1760 3192 evolent.
1800 3140 1946 3193 Bona
1984 3141 2151 3211 igitur
2185 3156 2288 3194 no-

715 3225 802 3281 bis
852 3227 1117 3296 rcposita,
1150 3238 1207 3282 et
1250 3244 1375 3298 qua:
1413 3230 1828 3300 insuspieabilia
1875 3243 2024 3298 sunt,
2071 3250 2296 3303 prorsus

2959 2100 3179 2153 ΛΟΓΟΣ
3235 2102 3323 2153 PK
3336 2100 3405 2154 E'.

2622 2215 2763 2283 Περὶ
2803 2215 3169 2283 προσδοκίας
3218 2215 3342 2269 τῶν
3374 2218 3749 2284 μελλόντων.

2477 2330 2538 2382 Ὀ
2559 2329 2627 2381 τὰ
2659 2329 2921 2397 μέλλοντα
2944 2328 3125 2395 ἀγαθά
3152 2327 3493 2396 προσδοκῶν,
3516 2328 3585 2381 τά
3616 2322 3719 2381 ὦδε
3749 2327 3989 2382 ἀπωθεῖ-

2394 2437 2505 2480 ται,
2535 2421 2625 2472 καὶ
2666 2420 2754 2472 διά
2805 2420 2905 2488 τῆς
2944 2420 3181 2489 ὀρέξεως
3222 2418 3333 2469 τῶν
3386 2419 3690 2488 μελλόντων
3733 2420 3989 2487 ἀγαθῶν,

2394 2512 2490 2563 ὅλα
2519 2512 2587 2563 τὰ
2621 2511 2715 2563 τοῦ
2747 2510 2864 2579 βίου
2895 2510 2969 2572 ὡς
2995 2509 3152 2560 σκιὰν
3181 2508 3275 2560 καὶ
3302 2508 3546 2578 ἀράχνην
3576 2510 3871 2579 παροδεύει
3896 2510 3990 2563 διὰ

2395 2604 2493 2669 τὴν
2522 2602 2890 2671 ἀποκειμένην
2919 2599 3111 2653 ἐλπίδα
3147 2601 3241 2653 καὶ
3270 2600 3448 2669 χάριν.
3495 2600 3642 2654 Ἐκεῖ
3672 2601 3783 2671 γὰρ
3812 2601 3989 2653 σπεὺο

2395 2693 2472 2744 δει
2500 2690 2637 2745 εἶναι
2663 2692 2789 2745 ἔνθα
2817 2691 2918 2761 τῆς
2948 2691 3197 2760 κτήσεως
3231 2691 3486 2761 ὓπαρξιν,
3512 2694 3701 2761 ήγουν,
3737 2691 3837 2762 τὴν
3866 2695 3989 2744 ἑπι-

2397 2783 2597 2850 θυμίαν
2641 2782 3047 2852 δεδουλωμένην
3101 2782 3235 2851 ἔχει.
3282 2778 3379 2844 Οἷς
3422 2782 3601 2835 τοίνυν
3648 2783 3872 2852 αἱρετὸν
3927 2786 3989 2835 ἐν

2396 2873 2642 2942 οὐρανοῖς
2672 2874 2704 2941 ή
2732 2873 2923 2939 κτῆσις
2941 2910 2957 2934 ,
2986 2871 3090 2942 τὴν
3118 2873 3183 2924 ἐκ
3212 2872 3462 2941 σώματος
3494 2873 3761 2942 ἐκδημίαν
3789 2874 3987 2941 cipis»:-

2397 2982 2505 3017 ται.
2553 2961 3118 3032 ’Δποκαραδοκοῦντες
3147 2957 3239 3015 οὗν
3264 2964 3344 3025 εἰς
3378 2964 3447 3015 τά
3475 2965 3819 3032 ἀποκείμενα
3848 2967 3991 3033 ἡμῖν

2397 3054 2576 3120 ἀγαθὰ
2600 3054 2894 3107 ἀνείκαστα
2925 3054 3075 3117 ὄντα,
3112 3055 3207 3124 δλῃ
3241 3058 3306 3125 τῇ
3344 3055 3598 3125 προθέσει
3632 3056 3691 3107 ὲν
3714 3056 3992 3125 ἐπιθυμίᾳ

2398 3146 2567 3215 πολλῇ
2633 3144 2958 3213 ποθήσωμεν
3016 3144 3189 3197 αὺτὰ’
3243 3146 3590 3215 παρορῶντες
3637 3152 3707 3198 τὰ
3759 3146 3839 3215 μὴ
3888 3148 3988 3214 μέο

2396 3252 2573 3297 νοντα,
2609 3234 2705 3287 καὶ
2734 3234 3027 3303 γεγηθότες
3063 3236 3152 3288 διὰ
3188 3234 3257 3287 τὰ
3300 3236 3493 3288 αἰώνια
3549 3235 3643 3288 καὶ
3683 3236 3990 3304 παραμονα

715 3323 826 3370 tota
856 3317 1026 3370 animi
1071 3318 1459 3387 praestolemur
1497 3322 1987 3389 contemplatione,
2034 3332 2199 3391 atque
2230 3339 2290 3378 ea

2395 3324 2594 3391 ἀγαθὰ,
2634 3324 2670 3377 ἃ
2695 3325 2753 3376 οὐ
2788 3325 3011 3377 δύναται
3060 3325 3181 3387 νοῦς
3218 3324 3509 3394 ἀνθρώπου
3541 3325 3985 3379 καταλαϐέσθαι.

709 3408 931 3463 ardenti
957 3408 1237 3464 desiderio
1269 3422 1615 3480 expetamus,
1654 3412 1845 3466 isthzee
1871 3415 2151 3482 aspernati
2170 3431 2292 3483 qrue

709 3500 871 3554 solidi
916 3501 1054 3554 nihil
1094 3501 1298 3556 habent
1341 3512 1398 3557 et
1430 3504 1785 3573 perdurantis
1812 3505 2154 3569 substantize,
2194 3522 2292 3575 spe

708 3600 1047 3645 aeternorum
1074 3608 1139 3647 ac
1166 3596 1612 3663 permanentiam
1646 3597 1961 3661 exhilarati,
1994 3613 2117 3666 qua:
2141 3599 2291 3652 nulla

709 3691 878 3749 queat
907 3682 1146 3737 humana
1176 3685 1439 3755 cogitatio
1469 3689 1963 3756 comprehendere.
1994 3688 2155 3743 Omni
2193 3690 2294 3744 ita-

710 3787 820 3840 que
852 3775 1106 3829 custodia
1150 3792 1434 3832 servemus
1475 3794 1588 3841 cor,
1624 3789 1943 3835 constanter
1966 3791 2296 3851 exspectan-

712 3876 796 3919 tes
832 3866 1125 3921 Dominum
1161 3869 1420 3934 familias,
1454 3886 1652 3940 nempe
1681 3871 1962 3928 Christum
1994 3875 2169 3930 Deum
2195 3892 2291 3930 uo-

708 3966 905 4023 strum,
937 3959 1033 4028 qui
1070 3961 1245 4014 nostri
1278 3976 1441 4016 causa
1466 3978 1676 4031 pauper
1697 3980 1819 4019 esse
1854 3967 2050 4027 voluit,
2080 3984 2291 4036 proque

711 4052 898 4098 nostra
945 4047 1194 4100 omnium
1244 4049 1422 4103 salute
1476 4050 1730 4107 humana:
1780 4054 2116 4110 inlirmitalis
2156 4058 2293 4111 allli-

707 4135 920 4190 etiones
953 4136 1009 4191 in
1040 4154 1097 4191 se
1131 4141 1360 4209 recepit,
1390 4151 1450 4195 ut
1473 4158 1576 4197 nos
1605 4159 1894 4202 consortes
1925 4147 2154 4202 haberet
2181 4164 2292 4205 suae

710 4229 1286 4298 incomprehensibilis
1352 4236 1698 4302 opulentiae,
1774 4237 2048 4309 simulque
2107 4240 2291 4296 futura

708 4319 801 4373 illa
848 4328 906 4373 et
951 4321 1214 4376 inell'abili
1261 4324 1434 4393 gloria
1484 4327 1918 4395 perfrueremur.
1982 4330 2157 4395 Quem
2220 4346 2290 4385 ne

710 4409 943 4478 (quaeso)
970 4411 1291 4469 desinamus
1324 4417 1541 4471 sincera
1574 4420 1867 4487 complecti
1901 4422 2196 4485 charitate,
2228 4432 2289 4477 ut

706 4497 778 4551 ab
818 4499 940 4567 ipso
980 4501 1266 4567 redamati,
1303 4522 1406 4558 una
1441 4523 1566 4561 cum
1609 4525 1677 4562 eo
1715 4511 1945 4579 provehi
1979 4529 2290 4568 mereamur

707 4589 775 4642 ad
808 4590 1184 4648 felicissimam
1224 4597 1563 4652 mansionem
1600 4602 1760 4656 nobis
1791 4618 1820 4655 a
1860 4603 2019 4658 Patre
2056 4605 2289 4660 adorna-

2398 3415 2548 3486 ιΙάσῃ
2593 3413 2686 3469 οὖν
2734 3417 2949 3485 φυλακῇ
2997 3417 3327 3486 τηρήσωμεν
3365 3417 3464 3486 τὴν
3519 3418 3769 3488 καρδίαν,
3824 3434 3990 3485 περι-

2400 3507 2651 3573 μένοντες
2689 3506 2780 3559 τὸν
2827 3506 3214 3576 οἰκοδεσπότην
3242 3508 3479 3576 Χριστὸν
3523 3509 3614 3559 τὸν
3645 3508 3780 3559 Θεὸν
3819 3508 3989 3577 ήμῶν

2392 3596 2484 3647 τὸν
2524 3596 2590 3649 δι’
2619 3598 2768 3666 ἡμᾶς
2798 3599 3210 3666 πτωχεύσαντα,
3243 3599 3338 3651 καὶ
3370 3598 3457 3651 διά
3479 3600 3579 3668 τὴν
3609 3599 3765 3667 ἡμῶν
3801 3616 3989 3668 σωτη-

2398 3689 2539 3756 ρίαν,
2595 3686 2666 3739 τὰ
2711 3688 2810 3754 τῆς
2860 3688 3145 3751 ἀσθενείας
3196 3690 3365 3759 πάθη,
3408 3691 3486 3751 εἰς
3535 3690 3727 3741 ἑαυτὸν
3771 3689 3989 3743 ἀναλα-

2393 3779 2590 3830 ϐόντα·
2651 3780 2741 3832 ἴνα
2791 3782 2938 3849 ἡμᾶς
2993 3779 3090 3833 τοῦ
3155 3781 3388 3833 πλούτου
3461 3781 3625 3834 αὑτοῦ
3680 3784 3986 3847 κοινωνοὺς

2394 3870 2595 3939 ποιήσῃ
2615 3883 2629 3897 '
2669 3869 2766 3921 καὶ
2796 3868 2895 3938 τῆς
2922 3868 3227 3938 μελλούσης
3271 3870 3509 3939 ἀρρήτου
3546 3867 3703 3937 δόξης
3735 3868 3987 3921 ἀπολαῦ-

2397 3979 2507 4023 σαι,
2552 3961 2611 4014 ὃν
2657 3960 2937 4029 φιλοῦντες
2990 3959 3064 4030 μὴ
3111 3960 3487 4029 παυσώμεθαο
3534 3961 3628 4013 καῖ⁵
3658 3959 3984 4029 φιλούμενοι

2397 4053 2487 4106 ὑπ’
2515 4052 2702 4117 αὑτοῦ,
2746 4052 3173 4121 συνεισέλθωμεν
3210 4053 3289 4115 εἰς
3322 4053 3421 4122 τὴν
3468 4052 3638 4122 μονὴν
3675 4054 3779 4121 τὴν
3820 4053 3987 4122 παρά

2392 4144 2470 4213 τῷ
2522 4144 2693 4210 ΙΙατρὶ
2723 4143 3169 4213 ἡτοιμασμένην⁸
3212 4143 3307 4196 καὶ
3350 4143 3595 4212 ὀψόμεθα
3641 4143 3703 4195 τὸ
3754 4144 3875 4211 φῶς
3922 4148 3983 4198 ἐν

2391 4233 2470 4301 τῷ
2520 4233 2659 4301 φωτὶ
2714 4232 2904 4285 αὑτοῦ.
2944 4231 3157 4301 Φοϐερά
3202 4233 3236 4302 ή
3284 4233 3465 4301 ήμέρα
3518 4232 3616 4301 τῆς
3666 4234 3982 4303 παρουσίας

2393 4322 2579 4384 αὐτοῦ,
2633 4320 2841 4389 μεγάλη
2897 4320 2995 4373 καὶ
3034 4322 3305 4388 ἐπιφανὴς
3343 4322 3573 4390 σφόδρα.
3616 4320 3710 4372 Διό
3757 4321 3980 4389 ἔχοντες

2391 4415 2489 4475 τὰς
2519 4412 2851 4479 ἐπαγγελίας
2880 4411 3104 4474 ταύτας,
3132 4412 3395 4483 χαρῶμεν
3443 4414 3586 4483 χαρᾷ
3612 4413 3979 4482 ἀνεκλαλήτῳ

2391 4507 2484 4558 καὶ
2547 4503 2935 4577 δεδοξασμένῃ,
2988 4503 3405 4573 ἀποσμήχοντες
3458 4504 3545 4556 ἀεὶ
3612 4502 3711 4574 τὴν
3764 4503 3975 4573 ψυχήν.

2390 4598 2565 4665 Μήτις
2608 4594 2731 4667 ῥίζα
2778 4595 3005 4664 πικρίας
3037 4595 3150 4649 ἄνω
3185 4594 3395 4663 φύουσα
3426 4592 3641 4664 ἐνοχλῇ,
3675 4596 3772 4646 καὶ
3808 4611 3979 4664 μιανο

712 4690 820 4735 tam
865 4694 920 4737 et
953 4685 1305 4749 instructam,
1353 4689 1447 4743 ubi
1497 4690 1554 4745 in
1589 4692 1711 4761 ejus
1741 4693 1948 4748 lumine
1977 4696 2290 4754 videbimus

2395 4687 2559 4739 θῶσιν
2591 4685 2808 4739 πολλοί·
2857 4687 2943 4739 ἵνα
2971 4687 3029 4739 ἐν
3074 4686 3152 4755 τῷ
3182 4685 3558 4757 καθαρωτάτῳ
3602 4685 3697 4737 καὶ
3726 4685 3979 4755 λαμπρῷ

715 4787 920 4827 .mnen.
969 4775 1355 4833 Formidabilis
1384 4780 1544 4848 plane
1591 4792 1649 4838 et
1698 4783 1946 4839 horroris
1978 4787 2136 4855 plena
2164 4787 2285 4844 dies

713 4859 984 4917 adventus
1009 4866 1150 4935 ejus,
1182 4867 1303 4923 dies
1334 4885 1526 4939 magna
1552 4884 1608 4924 et
1635 4872 1867 4929 illustris
1894 4875 2072 4941 valde,
2106 4893 2284 4948 eoque

713 4954 1107 5021 promissiones
1148 4958 1247 5014 has
1283 4961 1377 5029 qui
1425 4960 1653 5029 indubia
1698 4963 1804 5017 fide
1860 4973 2146 5033 tenemus,
2196 4968 2283 5022 in-

705 5043 993 5113 eloquibili
1023 5056 1079 5103 et
1107 5049 1412 5119 glorificato
1435 5053 1639 5123 gaudio
1664 5055 1871 5123 perfusi
1890 5058 2282 5125 jucundemur,

709 5135 910 5205 iugiter
963 5139 1347 5212 abstergentes
1405 5154 1723 5200 concretam
1762 5147 1960 5202 anima:
2006 5149 2282 5215 eluviem,

708 5240 887 5297 neque
922 5230 1079 5286 radix
1103 5234 1491 5291 amaritudinis
1514 5252 1735 5293 sursum
1766 5239 2081 5308 germinans
2112 5242 2283 5295 inter-

710 5319 913 5386 turbet,
931 5330 989 5377 et
1014 5322 1380 5394 inquinentur
1410 5327 1591 5392 multi,
1614 5336 1675 5383 ut
1697 5330 1900 5384 nullam
1924 5330 2107 5384 denuo
2130 5346 2282 5384 eam-

709 5405 832 5462 dem
867 5414 1204 5469 contrahens
1234 5417 1502 5469 maculam
1538 5426 1633 5471 aut
1664 5435 1875 5488 rugam,
1901 5419 2283 5488 limpidissimo

712 5513 776 5551 ac
811 5501 1262 5569 splendidissimo
1295 5509 1664 5579 perlustrelur
1700 5511 1925 5565 lumine.
1977 5512 2091 5565 Illic
2136 5512 2283 5567 enim

714 5632 1091 5753 “’”'_l,'l'hess.
1127 5654 1176 5701 v,
1214 5640 1295 5693 l2.
1330 5641 1388 5695 l3

791 5741 803 5753 .
842 5712 919 5753 it...

791 5741 803 5762 .
842 5712 919 5755 ΓΖ.

1491 5644 1505 5664 ”
1561 5642 1725 5697 ΙΪίιιι
1786 5662 1832 5695 ι.
1877 5645 1951 5693 l7.

2038 5648 2075 5670 ν*
2114 5646 2267 5698 Ιὶιιιιι.
2305 5660 2413 5707 \m,
2449 5644 2480 5696 ‘2

2391 4780 2530 4848 φωτὶ
2578 4779 2868 4848 γενομένη,
2902 4777 2977 4848 μὴ
3026 4776 3227 4848 ἔχουσα
3278 4776 3487 4842 σπῖλον,
3515 4776 3549 4846 ἢ
3605 4776 3819 4847 ῥυτίδα,
3856 4779 3979 4830 ἐκεῖ

2388 4869 2584 4939 δψηται
2638 4870 2736 4937 τὴν
2765 4869 3018 4922 ἀκτιστον
3069 4868 3165 4921 καὶ
3210 4866 3485 4938 μακαρίαν
3532 4868 3696 4936 φύσιν
3727 4868 3975 4936 ἐκείνην,

2391 4962 2526 5014 ὃπου
2556 4963 2583 5014 ὁ
2602 4961 2812 5031 Πατὴρ,
2834 4960 2928 5013 καὶ
2957 4961 2986 5013 ὁ
3007 4960 3155 5024 Υἱὸς,
3175 4961 3270 5013 καὶ
3296 4959 3356 5012 τὸ
3385 4958 3539 5027 ἆγιον
3558 4958 3803 5028 Πνεῦμα.
3821 4960 3975 5012 Καθ-

2393 5058 2463 5117 ὼς
2509 5054 2605 5106 καὶ
2635 5055 2663 5105 ὁ
2704 5052 3045 5115 Ἀπόστολος,
3064 5051 3356 5120 Ῥωμαίοις
3385 5049 3739 5109 ἐπιστέλλων,
3776 5050 3933 5117 λέγει
3956 5067 3971 5081 ⁸

2397 5164 2415 5197 ι
2453 5146 2762 5215 Παρακαλώ
2796 5141 2887 5198 οὖν
2915 5145 3077 5215 ὑμᾶς.
3127 5144 3365 5214 ἀδελφοὶ,
3395 5142 3483 5196 διὰ
3528 5144 3637 5195 τῶν
3662 5144 3972 5213 οἰκτιρμῶν

2388 5236 2483 5289 τοῦ
2517 5235 2677 5299 Θεοῦ,
2714 5235 3064 5304 παραστῆσαι
3106 5234 3173 5286 τὰ
3203 5232 3432 5302 σώματα
3460 5232 3615 5302 ὑμῶν
3648 5232 3844 5286 θυσίαν
3867 5234 3975 5297 {(B-

2393 5346 2514 5394 σαν,
2540 5329 2722 5396 ἁγίαν,
2750 5328 3041 5397 εὑάρεστον
3064 5326 3140 5395 τῷ
3168 5325 3306 5394 Θεῷ,
3331 5325 3428 5395 τὴν
3455 5326 3681 5393 λογικήν
3707 5326 3973 5395 λατρείαν

2393 5421 2581 5489 ὑμῶν’
2617 5420 2709 5473 καὶ
2742 5419 2816 5489 μὴ
2870 5416 3372 5487 συσχηματίζεσθαι
3422 5416 3501 5487 τῷ
3550 5416 3710 5470 αἰῶνι
3762 5417 3969 5487 τούτῳ,

2391 5513 2526 5566 ἀλλὰ
2581 5507 3066 5579 μεταμορφοῦσθαι
3124 5509 3189 5576 τῇ
3257 5505 3621 5560 ἀνακαινώσει
3689 5505 3786 5558 τοῦ
3844 5507 3967 5568 νοὸς

2604 5646 2645 5668 ⁵““
2679 5641 2849 5696 ΕκυιΙ.
2886 5656 3013 5705 \xn,
3037 5640 3125 5694 ‘23.
3204 5638 3248 5671 "‘
3276 5638 3466 5694 Matth.
3504 5655 3555 5703 χ,
3599 5640 3677 5693 ιο.
3756 5642 3797 5667 "
3830 5641 3961 5694 iltid.
