4178 6424
155 445 293 508 1δὲὶῦ
1025 442 1352 501 ΠΟΜΙΗΛ
1395 442 1652 505 CXXVI.

1783 444 1877 501 DE
1919 442 2338 502 VOCATIONE
2380 442 2528 502 DEI.

3277 443 3413 508 1826

150 562 329 630 ὑμῶν,
377 561 457 620 είς
504 560 568 612 τὸ
617 554 934 625 δοκιμάζειν
966 553 1135 621 ὑμᾶς,
1173 554 1224 606 τί
1271 556 1335 604 τὸ
1383 554 1592 622 θέλημα
1641 553 1726 605 τοῐ

1843 554 2132 622 perspicue
2163 555 2522 607 contuebitur
2575 555 2788 606 beatam
2848 569 3074 622 prorsus
3119 556 3265 610 illam
3313 574 3416 613 nec

147 652 310 713 Θεοῦ,
345 652 407 702 τὸ
442 648 646 716 ἀγαθὸν
679 648 773 700 καὶ
805 645 1121 714 εὐάρεστον,
1170 645 1264 696 καὶ
1298 643 1522 698 τέλειον.
1565 663 1583 695 ι
1622 645 1729 697 Kal

149 743 359 795 πάλινο
420 759 439 791 ι
489 741 653 807 ’11μῖν
704 739 813 809 γάρ
867 739 1214 807 ἀπεκάλυψεν
1252 740 1279 789 6
1325 737 1454 798 Θεὸς
1505 735 1592 789 διὰ
1634 735 1728 788 τοῦ

152 835 476 903 ΙΙνεύματος
505 829 692 884 αὑτοῦ.
738 815 818 881 ¹Τὸ
866 830 973 900 γὰρ
1027 829 1254 896 Πνεῦμα
1283 828 1460 878 πάντα
1508 827 1725 896 ἐρευνᾷ,

148 928 246 980 καὶ
280 927 349 978 τὰ
383 924 518 994 βάθη
549 922 644 976 τοῦ
673 920 828 975 Θεοῦ.
862 920 959 982 Τίς
983 920 1090 990 γάρ
1119 916 1256 971 οἶδεν
1303 917 1628 986 ἀνθρώπων,
1661 917 1729 968 τά

147 1019 245 1070 τοῦ
276 1016 588 1086 ἀνθρώπου,
620 1015 668 1066 εἰ
717 1015 794 1084 μὴ
839 1013 898 1065 τὸ
942 1012 1158 1080 πνεῦμα
1191 1010 1287 1064 τοῦ
1327 1010 1636 1080 ἀνθρώπου,
1667 1007 1729 1060 τὸ

149 1110 210 1160 ὃν
237 1111 298 1161 ἐν
327 1109 513 1177 αὐτῷς
560 1105 731 1168 οὕτως
765 1105 859 1158 καὶ
887 1105 955 1158 τὰ
979 1104 1074 1157 τοῦ
1107 1103 1242 1156 Θεοῦ
1279 1103 1452 1164 οὐδεὶς
1490 1104 1728 1169 ἔγνωκεν

149 1199 198 1250 εί
233 1199 312 1265 μὴ
340 1199 402 1248 τὺ
425 1194 648 1263 Πνεῦμα
676 1193 771 1246 τοῦ
789 1192 945 1246 Θεοῦ.
975 1213 996 1244 ι
1023 1194 1133 1246 Kal
1164 1193 1390 1258 ἐπάγει·
1418 1210 1435 1241 ι
1462 1191 1650 1259 Ἡμεῖς
1671 1188 1728 1241 δὲ

149 1291 208 1339 οὐ
242 1289 306 1339 τὸ
336 1285 555 1354 πνεῦμα
583 1283 674 1336 τοῦ
706 1284 914 1352 κόσμου
946 1283 1234 1350 ἐλάϐομεν,
1258 1280 1391 1333 ἀλλὰ
1419 1280 1480 1331 τὸ
1506 1277 1728 1347 Πνεῦμα

146 1377 210 1428 τὸ
243 1379 308 1428 ἐκ
339 1375 434 1427 τοῦ
461 1374 616 1439 Θεοῦ,
649 1374 735 1426 ἵνα
765 1373 963 1440 ἴδωμεν
1009 1371 1077 1424 τά
1109 1370 1212 1422 ὑπὸ
1259 1370 1353 1422 τοῦ
1401 1367 1536 1420 Θεοῦ
1568 1384 1725 1436 χαρι-

149 1467 352 1519 σθέντα
404 1468 558 1535 ἡμῖν.
621 1484 639 1516 ι
686 1464 797 1516 Kal.
849 1462 1052 1515 πάλιν·
1093 1480 1110 1512 ι
1161 1463 1221 1513 Εἰ
1254 1462 1363 1532 γάρ
1399 1463 1432 1530 ἡ
1484 1458 1728 1511 διακονία

145 1557 250 1624 τῆς
283 1557 662 1626 κατακρίσεως
710 1554 860 1617 δόξα,
892 1552 1071 1622 πολλῷ
1114 1552 1313 1620 μᾶλλον
1349 1549 1663 1620 περισσεύει
1693 1551 1726 1618 ἠ

147 1649 394 1701 διακονία
425 1649 526 1716 τῆς
566 1646 914 1716 δικαιοσύνης
961 1646 1018 1697 ἐν
1058 1644 1203 1716 δόξῃ.
1259 1643 1366 1696 Καὶ
1396 1642 1505 1711 γὰρ
1533 1642 1592 1694 οὐ
1639 1641 1724 1693 δε-

149 1741 409 1804 δόξασται
462 1740 523 1791 τὸ
553 1738 944 1808 δεδοξασμένον
977 1739 1034 1790 ἐν
1066 1737 1240 1807 τούτῳ
1268 1736 1345 1803 τῷ
1384 1735 1560 1804 μέρει,
1609 1734 1725 1786 ἓνε-

151 1849 248 1883 κεν
277 1832 374 1900 τῆς
401 1829 847 1896 ὑπερϐαλλούσης
873 1828 1053 1897 δόξης.
1083 1830 1143 1880 Εἰ
1178 1827 1285 1896 γὰρ
1326 1826 1388 1878 τὸ
1419 1823 1726 1892 καταργού-

1841 645 1949 696 ulla
1985 644 2267 698 hominum
2322 644 2592 697 industria
2621 642 2977 696 fabrefactam
3003 656 3280 707 naturam.
3316 648 3410 702 ubi

1837 737 2016 799 l‘aler,
2051 734 2224 788 Filius
2258 744 2313 787 et
2344 733 2609 804 Spiritus,
2645 733 2806 788 sicuti
2838 734 3100 787 Romanis
3122 736 3416 793 dieitl‘au-

1841 826 1926 878 lus
1952 841 2050 894 per
2094 825 2381 893 epistolam
2409 843 2421 878 :
2459 845 2476 875 ι
2505 825 2746 880 Obsecro
2777 839 2877 878 vos
2907 840 3006 894 per
3035 827 3414 884 miserationes

1837 917 1956 978 llei,
2011 925 2074 970 ut
2115 916 2426 970 exhibeatis
2453 931 2685 986 corpora
2716 925 2897 970 vestra
2937 917 3176 971 hostiam
3223 919 3414 972 viven-

1838 1019 1968 1069 tem,
1999 1005 2213 1076 1235.
2253 1015 2495 1060 sanctam
2523 1047 2537 1071 ,
2571 1007 3024 1076 beneplacentem
3077 1008 3210 1070 Deo,
3250 1009 3415 1062 ratio-

1835 1097 2017 1150 nabile
2069 1096 2392 1164 obsequium
2438 1104 2708 1160 vestrum,
2760 1106 2815 1151 et
2868 1097 3039 1152 nolite
3076 1098 3411 1152 conformari

1837 1187 1968 1240 huic
1993 1187 2214 1249 smculo,
2248 1187 2341 1240 sed
2363 1188 2825 1241 transformamini
2861 1190 2914 1242 in
2943 1189 3184 1244 novitate
3219 1207 3417 1244 sensus

1836 1279 2024 1342 vestri,
2059 1288 2119 1331 ut
2167 1278 2410 1346 probetis
2460 1293 2556 1330 vos
2585 1294 2706 1345 qua:
2757 1281 2828 1332 sit
2854 1281 3110 1334 voluntas
3143 1281 3237 1333 Dei
3272 1283 3413 1334 bona

1835 1379 1892 1423 et
1923 1369 2288 1438 bencplacens
2317 1379 2372 1423 et
2413 1368 2660 1438 perfecta
2692 1370 2758 1422 ".
2801 1389 2818 1419 ι
2867 1371 3103 1425 ltursum
3134 1390 3146 1424 :
3189 1390 3206 1422 ι
3244 1372 3415 1426 Nobis

1837 1461 1986 1513 enim
2019 1461 2282 1514 rcvelavit
2310 1462 2456 1514 Deus
2493 1477 2592 1530 per
2623 1459 2888 1529 Spiritum
2920 1476 3078 1514 suum
3116 1479 3129 1514 :
3173 1462 3413 1531 Spiritus

1834 1553 1985 1606 enim
2018 1553 2199 1607 omnia
2252 1563 2553 1616 scrutatur,
2595 1554 2763 1606 etiam
2811 1553 3080 1622 profunda
3113 1555 3206 1607 Dei
3243 1574 3254 1608 :
3288 1556 3412 1625 quis

1832 1647 1980 1700 enim
2012 1646 2166 1700 novit
2195 1644 2504 1707 hominum,
2529 1661 2652 1714 qua:
2691 1656 2821 1699 sunt
2851 1645 3115 1707 hominis,
3148 1648 3256 1700 nisi
3304 1649 3415 1716 spi-

1835 1740 1998 1803 ritus,
2044 1737 2136 1806 qui
2169 1745 2255 1790 est
2291 1737 2344 1790 in
2386 1738 2498 1790 eo?
2545 1737 2624 1790 sic
2664 1746 2718 1790 ct
2761 1753 2882 1806 qua:
2911 1747 3041 1792 sunt
3073 1738 3207 1801 Dei,
3252 1754 3415 1792 netnu

1835 1831 2008 1893 novit,
2055 1830 2161 1882 nisi
2209 1828 2449 1898 Spiritus
2479 1829 2574 1896 qui
2609 1837 2694 1881 est
2742 1828 2795 1881 in
2826 1829 2936 1882 Deo
2978 1829 3043 1881 ".
3092 1849 3110 1879 ι
3150 1829 3364 1883 lndueit
3398 1847 3411 1881 :

151 1939 315 1990 μενον
353 1922 442 1974 διὰ
470 1921 648 1992 δόξης,
688 1919 869 1989 πολλῷ
917 1920 1116 1988 μᾶλλον
1146 1919 1207 1971 τὸ
1242 1919 1402 1987 μένον
1434 1920 1489 1969 ἐν
1518 1916 1662 1988 δόξῃ,
1705 1934 1722 1966 ι

1841 1943 1857 1973 ι
1898 1923 2008 1976 Nos
2050 1929 2236 1974 autem
2283 1936 2390 1973 non
2428 1919 2684 1988 spiritum
2715 1919 2904 1971 mtmdi
2948 1920 3282 1987 accepimus,
3317 1920 3414 1974 sed

150 2011 263 2062 Kal.
297 2010 472 2071 ἄλλως
496 2025 509 2040 ⁸
549 2029 566 2060 ι
608 2009 841 2060 Δικαίων
871 2007 1042 2077 ψυχαὶ
1075 2009 1134 2059 ἐν
1163 2008 1306 2076 χειρὶ
1335 2007 1469 2058 Θεοῦ
1495 2021 1510 2039 ⁸
1543 2007 1638 2059 καὶ
1664 2005 1725 2057 οὐ

152 2102 228 2170 μὴ
257 2100 459 2168 ἅψηται
500 2099 678 2151 αὐτῶν
708 2098 940 2168 βάσανος
966 2116 980 2130 ’
1013 2099 1062 2150 oi
1100 2099 1155 2150 δὲ
1187 2099 1324 2150 εἰσὶν
1359 2099 1417 2149 ἐν
1451 2098 1664 2168 εἰρήνῃ.
1704 2113 1723 2146 ι

149 2191 283 2250 Καὶ,
324 2210 340 2239 ι
395 2189 456 2242 ’11
502 2189 616 2259 ζωὴ
661 2190 839 2242 αὐτῶν
898 2187 1198 2249 ἀθανασίας
1248 2186 1484 2255 πλήρης.
1543 2185 1728 2252 Ὀλίγα

146 2279 256 2347 γάρ
300 2278 702 2341 παιδευθέντες,
737 2277 987 2346 μεγάλως
1014 2276 1557 2344 εῦεργετηθήσονται,
1592 2277 1674 2327 ὅτι
1700 2275 1729 2326 ὁ

143 2369 280 2430 Θεὸς
313 2369 607 2436 ἐπείρασεν
635 2369 851 2432 αὐτοὺς,
877 2362 1034 2436 εὗρεν
1064 2368 1262 2429 αὐτοὺς
1295 2366 1475 2432 ἀξίους
1509 2365 1724 2430 ἑαυτοῦ,

149 2458 248 2510 καὶ
277 2457 351 2519 ὡς
379 2458 751 2526 ὁλοκάρπωμα
783 2458 972 2520 θυσίας
1002 2457 1364 2527 προσεδέξατο
1387 2457 1602 2518 αὐτοὺς,
1633 2459 1726 2508 καὶ

145 2551 208 2598 εν
243 2547 420 2618 καιρῷ
457 2547 765 2614 ἐπισκοπῆς
810 2547 974 2600 αὐτοῦ
1010 2548 1442 2616 ἀναλάμψουσιν.
1484 2566 1502 2596 ι
1544 2548 1654 2598 Kal
1698 2548 1727 2600 6

146 2639 314 2694 Λαυῖδ
335 2653 350 2668 ο
395 2657 413 2688 ι
449 2639 558 2706 Τῆς
605 2639 844 2706 ἑσπέρας
873 2638 1259 2708 αύλισθήσεται
1292 2637 1586 2707 κλαυθμός.
1619 2638 1728 2690 Kal.

147 2733 230 2792 είς
263 2730 323 2782 τὺ
366 2728 549 2799 πρωῒ,
579 2727 922 2796 ἀγαλλίασις.
963 2747 982 2778 ι
1026 2730 1136 2781 Kal
1178 2729 1260 2790 τὸ,
1315 2747 1332 2778 ι
1371 2729 1637 2797 Ἐστησεν
1670 2731 1726 2781 ἐν

147 2818 451 2891 εὐρυχώρῳ
480 2819 606 2880 τοὺς
637 2818 804 2882 πόδας
836 2835 961 2887 μου.
1001 2837 1020 2869 ι
1054 2819 1162 2870 Kal.
1193 2819 1356 2871 πάλιν
1399 2821 1428 2871 6
1467 2819 1726 2869 ’Λπόστο-

147 2911 240 2974 λος
266 2927 281 2944 ο
329 2912 420 2964 «El
452 2907 545 2966 οὖν
593 2909 960 2980 συνηγέρθητε
989 2910 1068 2979 τῷ
1113 2910 1357 2979 Χριστῷ,
1385 2908 1453 2961 τά
1488 2909 1600 2962 ἄνω
1628 2909 1727 2978 ζη-

147 3008 314 3068 τεῖτε,
354 2999 418 3056 οὗ
440 3007 467 3056 6
493 3005 725 3074 Χριστός
755 3006 904 3055 ἐστιν
934 3005 990 3054 ἐν
1024 2999 1174 3072 δεξιᾷ
1212 3001 1306 3054 τοῦ
1346 3002 1556 3069 Πατρὸς
1594 2999 1727 3052 καθ-

150 3096 374 3161 ήμενος.
406 3095 486 3146 Τὰ
533 3095 646 3147 ἄνω
688 3097 974 3162 φρονεῖτε,
1010 3093 1085 3163 μὴ
1131 3093 1201 3144 τά
1241 3094 1334 3143 ἐπὶ
1377 3093 1477 3160 τῆς
1522 3091 1644 3161 γῆς.
1702 3109 1720 3140 ν

149 3184 261 3237 Kal
292 3184 476 3236 πάλινο
518 3203 536 3234 ι
555 3185 691 3238 Νυνὶ
715 3185 769 3237 δὲ
802 3184 1254 3253 ἐλευθερωθέντες
1285 3183 1392 3237 ἀπὸ
1414 3183 1513 3253 τῆς
1543 3183 1723 3252 ἀμαρ-

1832 2010 2101 2081 Spiritum
2122 2009 2218 2078 qui
2239 2025 2304 2062 ex
2335 2010 2448 2062 Deo
2477 2017 2581 2070 est,
2615 2018 2674 2060 ut
2707 2007 2945 2060 sciamus
2971 2021 3092 2076 qua:
3121 2023 3150 2060 a
3180 2009 3292 2061 Deo
3318 2014 3416 2059 do-

1830 2111 1959 2156 nata
1993 2109 2121 2155 sunt
2163 2100 2325 2154 nobis
2360 2101 2424 2152 ⁸⁸.
2463 2119 2481 2150 ι
2522 2101 2724 2153 ltermn
2768 2115 2779 2150 :
2833 2118 2852 2149 ι
2902 2099 2960 2152 Si
2992 2098 3141 2152 enim
3175 2100 3416 2154 admini-

1831 2195 2026 2248 stratio
2071 2191 2446 2246 damnationis
2491 2191 2686 2260 gloria,
2753 2190 2928 2244 multo
2967 2190 3142 2260 magis
3168 2190 3416 2246 abundat

1833 2286 2240 2340 administratio
2273 2284 2503 2355 justitiae
2539 2283 2592 2335 in
2634 2283 2849 2351 gloria:
2886 2297 3067 2352 neque
3102 2282 3253 2336 enim
3294 2282 3415 2351 glo-

1833 2379 2104 2431 riﬁcatum
2151 2386 2237 2430 est
2278 2375 2424 2444 quod
2480 2373 2680 2427 claruit
2738 2373 2793 2426 in
2840 2372 2944 2427 hac
2973 2380 3152 2442 parte,
3189 2381 3416 2441 propter

1830 2469 2194 2521 excellentem
2245 2465 2474 2534 gloriam
2525 2480 2538 2516 :
2583 2462 2627 2516 si
2678 2463 2824 2515 enim
2884 2461 3032 2531 quod
3084 2471 3412 2522 evacuatur,

1833 2575 1931 2628 per
1965 2557 2196 2627 gloriam
2242 2563 2348 2619 est,
2392 2555 2567 2608 multo
2598 2554 2772 2621 magis
2798 2553 2944 2621 quod
2989 2561 3174 2605 manet
3204 2553 3258 2604 in
3293 2552 3408 2620 ειυς

1831 2651 1912 2703 ria
1944 2657 2027 2702 est
2060 2650 2126 2700 ".
2159 2667 2175 2697 ι
2203 2647 2359 2700 Alius
2391 2647 2518 2699 item
2551 2661 2564 2696 :
2606 2664 2623 2691 ι
2659 2644 2939 2697 .lustorum
2976 2642 3170 2694 anima:
3199 2641 3252 2693 in
3290 2656 3412 2693 ma-

1830 2755 1904 2793 nu
1946 2740 2039 2792 Dei
2086 2745 2238 2798 sunt,
2284 2750 2388 2789 nec
2445 2734 2741 2802 aliquando
2775 2742 2956 2801 tanget
3010 2733 3133 2786 illos
3170 2741 3415 2785 tormen-

1833 2839 1969 2891 tum,
2008 2829 2083 2880 illi
2128 2836 2313 2879 autem
2347 2833 2476 2877 sunt
2518 2825 2571 2877 in
2617 2839 2748 2892 pace
2781 2825 2841 2877 “.
2886 2842 2904 2874 ι
2941 2823 3044 2876 Et:
3089 2842 3106 2872 ι
3142 2822 3280 2891 Spes
3322 2837 3416 2876 eo-

1833 2935 1954 2972 rum
1980 2917 2392 2972 immortalitate
2423 2917 2582 2984 plena
2611 2931 2623 2965 :
2656 2916 2708 2966 in
2736 2915 2923 2982 paucis
2952 2915 3157 2977 vexati,
3196 2915 3249 2967 in
3275 2919 3416 2967 mul-

1835 3010 1904 3062 tis
1937 3009 2076 3061 bene
2111 3008 2510 3076 disponentur,
2546 3006 2674 3074 quia
2727 3007 2877 3061 Deus
2925 3007 3157 3060 tentavit
3215 3021 3311 3061 eos
3360 3017 3417 3061 et

1836 3098 2049 3151 invenit
2090 3098 2214 3150 illos
2258 3097 2456 3165 dignos
2486 3111 2566 3156 se,
2599 3106 2653 3148 et
2684 3096 2839 3164 quasi
2885 3095 3268 3150 holocaustum
3311 3098 3414 3150 ho-

1832 3190 1949 3243 stia:
1979 3188 2192 3255 accepit
2213 3187 2353 3248 illos,
2377 3196 2431 3239 et
2455 3187 2508 3238 in
2536 3195 2778 3253 tempore
2806 3186 3146 3241 visitationis
3168 3188 3412 3257 ipsorum

148 3277 292 3338 τίας,
344 3277 702 3338 δουλωθέντες
753 3275 810 3329 δὲ
852 3275 930 3346 τῷ
977 3252 1116 3345 Θεῷ,
1161 3275 1312 3344 ἔχετε
1366 3252 1478 3327 τὸν
1518 3275 1726 3345 καρπὸν

1834 3252 2282 3348 resplendescent
2315 3278 2381 3328 ⁸⁷.
2415 3295 2432 3326 ι
2461 3277 2628 3330 David
2652 3252 2878 3345 quoque
2917 3293 2930 3329 :
2971 3295 2988 3326 ι
3013 3277 3092 3330 Ad
3122 3252 3414 3346 vesperum

151 3368 308 3436 ὑμῶν
356 3369 435 3430 εἰς
482 3367 774 3436 ἁγιασμόν.
826 3369 900 3420 Τὸ
941 3367 999 3419 δὲ
1050 3366 1224 3430 τέλος,
1275 3365 1389 3435 ζωὴ
1417 3365 1630 3428 αἰώνιος
1673 3367 1726 3418 ἐν

1834 3371 2210 3424 demorabitur
2257 3367 2441 3432 ﬂetus,
2472 3378 2527 3422 et
2574 3368 2638 3421 ad
2685 3369 3017 3421 matutinum
3052 3369 3243 3424 la-titia
3277 3367 3346 3425 ⁸⁸.
3388 3389 3408 3422 ι

149 3457 375 3529 Χριστῷ
426 3458 598 3526 Ἰησοῦ
641 3457 718 3526 τῷ
751 3459 941 3526 Κυρίῳ
987 3455 1166 3524 ἡμῶν.
1217 3474 1235 3504 ι
1299 3457 1356 3505 ’0
1403 3455 1460 3506 δὲ
1505 3455 1726 3525 Κύριος¹

1834 3461 1896 3513 Et
1929 3460 2062 3514 illud
2089 3476 2101 3512 :
2135 3480 2152 3509 ι
2179 3458 2433 3512 Statuisti
2455 3459 2509 3511 in
2537 3459 2658 3511 loco
2683 3459 2928 3526 spatioso
2953 3459 3122 3527 pedes
3139 3474 3290 3512 meos
3308 3461 3407 3514 ".3

155 3571 176 3600 ο
228 3552 514 3603 Ἔστωσαν
559 3553 612 3603 al
656 3551 854 3620 ὀσφύες
898 3551 1075 3620 ὑμῶν,
1119 3551 1304 3620 φησὶν,
1358 3551 1730 3620 περιεζωσμέ-

150 3658 258 3705 ναι,
291 3643 388 3694 καὶ
429 3642 477 3692 ol
521 3640 705 3710 λύχνοι
737 3641 1039 3710 καιόμενοι,
1081 3643 1176 3693 καὶ
1221 3641 1380 3710 ὑμεῖς
1416 3641 1593 3709 ὅμοιοι
1636 3641 1729 3693 άν-

152 3733 394 3802 θρὼποις
441 3733 894 3802 προσδεχομένοις
937 3733 1028 3785 τὸν
1077 3731 1266 3801 κύριον
1312 3731 1560 3796 ἑαυτῶν,
1600 3732 1730 3783 πότε

1830 3552 2030 3604 ltcrum
2055 3560 2112 3604 ct
2134 3549 2427 3618 Apostolus
2455 3566 2468 3600 :
2504 3568 2519 3597 ι
2550 3549 2603 3601 Si
2635 3550 2802 3617 igitur
2826 3550 3256 3603 consurrexislis
3286 3565 3412 3604 eum

1826 3643 2067 3705 Christo,
2111 3656 2232 3709 qua:
2280 3655 2502 3692 sursum
2550 3649 2673 3693 sunt
2725 3643 2982 3708 qurerite,
3025 3641 3122 3694 ubi
3154 3640 3414 3696 Christus

1831 3740 1915 3784 est
1950 3730 2004 3783 in
2037 3729 2260 3782 dextera
2305 3728 2400 3781 Dei
2432 3726 2632 3780 sedens
2667 3745 2679 3779 :
2716 3743 2842 3794 quae
2891 3743 3112 3780 sursum
3161 3738 3291 3781 sunt
3322 3742 3414 3781 sa-

149 3821 413 3873 ἀναλύσει
466 3823 530 3873 ἐκ
575 3821 684 3874 τῶν
731 3826 960 3892 γάμωνο
999 3822 1088 3875 ἵνα
1130 3823 1397 3886 ἐλθόντος,
1446 3823 1543 3874 καὶ
1572 3821 1726 3892 κρού-

1834 3821 1968 3891 pite,
2001 3837 2113 3873 non
2145 3835 2266 3888 qum
2291 3834 2459 3886 super
2493 3827 2697 3872 terram
2737 3818 2801 3870 ⁷ο.
2841 3837 2858 3867 ι
2896 3819 3110 3872 Rursus
3139 3837 3151 3871 :
3196 3837 3214 3868 ι
3257 3817 3416 3872 Nunc

153 3929 367 3976 σαντος,
421 3913 621 3976 εὐθέως
675 3913 963 3978 ἀνοίξωσιν
1013 3914 1180 3984 αὐτῷ.
1248 3932 1267 3964 ι
1327 3914 1439 3967 Kal.
1496 3915 1724 3982 ἐπάγει·

154 4026 171 4054 ι
209 4005 488 4076 Μακάριοι
543 4006 593 4056 οἱ
642 4004 819 4058 δοῦλοι
852 4007 1066 4071 ἐκεῖνοι,
1113 4007 1206 4070 οὓς
1244 4007 1413 4059 ἐλθὼν
1453 4009 1482 4060 6
1528 4009 1730 4079 Κύριος

149 4099 380 4167 εὑρήσει
421 4097 849 4167 γρηγοροῦντας.
894 4097 1069 4168 Ἀμὴν
1099 4098 1240 4166 λέγω
1284 4099 1431 4168 ὑμῖν,
1464 4101 1546 4152 ὃτι
1582 4117 1732 4169 περι-

1840 3921 2022 3964 autem
2060 3909 2278 3963 liberati
2308 3925 2337 3961 a
2365 3919 2610 3978 peccato,
2631 3909 2773 3962 servi
2813 3909 2938 3963 facti
2964 3908 3207 3972 Christo,
3238 3909 3412 3963 habe-

1839 4003 1910 4054 tis
1937 4003 2174 4054 lruetum
2201 4011 2448 4054 vestrum
2472 4001 2526 4053 in
2551 4001 3067 4062 sanctilicationem,
3090 4001 3252 4055 linem
3279 4016 3414 4055 vero

1836 4093 2006 4145 vitam
2032 4102 2292 4144 aeternam
2322 4091 2376 4143 in
2411 4089 2631 4144 Christo
2653 4091 2781 4144 Jesu
2817 4091 3049 4144 Domino
3083 4099 3275 4144 nostro
3305 4092 3403 4147 π.»

149 4189 412 4252 ζὼσεται,
455 4191 550 4240 καὶ
593 4189 873 4242 ἀνακλινεῖ
916 4190 1131 4254 αὐτοὺς,
1160 4191 1253 4241 καὶ
1294 4188 1577 4259 παρελθὼν
1615 4190 1726 4243 δια-

1835 4180 2099 4233 Dominus
2149 4179 2277 4232 item
2314 4193 2328 4229 :
2373 4196 2390 4227 ι
2433 4178 2555 4230 Sint
2591 4179 2762 4231 lumbi
2811 4179 2982 4232 vestri
3030 4179 3312 4247 praecincti
3355 4188 3413 4233 et

151 4282 383 4350 κονήσει
421 4281 628 4344 αὐτοῖς.
683 4298 704 4331 ι
757 4279 915 4351 Αὐτῷ
965 4282 999 4350 ὴ
1045 4279 1174 4344 δόξα
1221 4281 1300 4343 εἰς
1327 4282 1453 4344 τοὺς
1501 4280 1727 4344 αἰῶνας.

161 4371 359 4440 Ἀμήν.

1836 4271 2072 4324 lucerna:
2124 4269 2406 4332 ardentes,
2455 4277 2513 4322 et
2564 4285 2664 4322 vos
2699 4269 2911 4322 similes
2959 4268 3282 4323 hominibus
3315 4285 3414 4324 ex-

1835 4358 2210 4428 Spectantibus
2239 4356 2528 4412 dominum
2579 4373 2761 4420 suum,
2793 4357 3015 4425 quando
3044 4367 3357 4412 revertatur
3382 4377 3411 4412 ιι

149 4461 384 4532 nuptiis,
449 4473 509 4518 ut
545 4479 672 4519 cum
713 4464 928 4519 venerit
984 4473 1041 4518 et
1094 4464 1429 4534 pulsaverit,
1501 4466 1753 4535 aperiant
1789 4466 1838 4518 ei
1866 4467 1933 4518 τ’.
1971 4485 1989 4517 ι
2024 4465 2239 4520 lnducit
2266 4481 2280 4518 :
2311 4483 2329 4514 ι
2359 4464 2507 4517 Beati
2537 4465 2681 4516 servi
2712 4464 2787 4516 illi
2822 4479 2962 4533 quos
3017 4481 3142 4519 eum
3201 4467 3414 4519 venerit.

146 4560 451 4624 dominus,
490 4559 764 4614 invenerit
813 4559 1120 4630 vigilantes.
1173 4560 1344 4612 Amen
1409 4559 1534 4615 dico
1575 4559 1754 4624 vobis,
1792 4559 1938 4628 quod
1980 4559 2370 4628 circumcinget
2403 4572 2462 4610 se
2496 4566 2552 4610 et
2587 4555 2936 4611 discumbere
3001 4571 3097 4611 eos
3135 4555 3330 4622 faciet,
3355 4566 3411 4611 et

148 4653 430 4710 transiens
455 4652 794 4708 ministrabit
826 4653 933 4706 illis
957 4653 1024 4706 ⁷³.
1055 4670 1078 4702 ι
1098 4651 1206 4722 ipsi
1236 4651 1408 4721 gloria
1435 4653 1491 4708 in
1511 4653 1726 4708 saecula.
1762 4653 1958 4706 Amen.

717 4765 941 4817 ΛΟΓΟΣ
979 4765 1169 4831 Ριςςῖν.

609 4874 745 4943 Περὶ
787 4873 1066 4940 κλήσεως
1103 4874 1271 4930 Θεοῦ.

219 4985 333 5040 τοῦ
355 4985 563 5057 Κυρίου
585 4986 680 5039 καὶ
706 4985 840 5038 Θεοῦ
859 4985 1149 5050 καλοῦντος
1178 4986 1344 5056 ἡμᾶς,
1366 4985 1454 5040 διά
1472 5003 1531 5039 τε
1563 4985 1727 5056 νόμου

145 5079 244 5132 καὶ
277 5077 597 5148 προφητῶν,
627 5079 723 5130 καὶ⁵
772 5078 1110 5141 ἀποστόλων,
1153 5079 1247 5130 καὶ
1297 5077 1722 5145 εὐαγγελιστῶν,

149 5168 357 5238 μᾶλλον
411 5167 469 5220 δέ
511 5167 606 5220 καὶ
658 5166 1127 5238 παρακαλοῦντος.
1166 5166 1226 5219 οὗ
1289 5167 1507 5236 θεμιτὸν
1553 5167 1723 5236 ἡμᾶς’

144 5260 241 5312 διὰ
277 5257 551 5329 ῥᾳθυμίας
579 5259 675 5310 καὶ
705 5259 1029 5330 χαυνότητος
1055 5260 1415 5327 καταφρονεῖν
1452 5259 1551 5327 τῆς
1579 5259 1727 5310 ἐντο-

146 5345 251 5412 λῆς
286 5345 472 5408 αὑτοῦ,
501 5345 597 5398 καὶ
625 5345 848 5415 ἀμελεῖν
893 5347 989 5415 τῆς
1029 5348 1235 5400 ἐαυτῶν
1277 5347 1570 5415 σωτηρίας.
1607 5347 1725 5400 ’Ἰνα

150 5436 232 5506 μὴ
263 5435 353 5488 διὰ
387 5437 488 5506 τῆς
538 5435 868 5506 βραδυτῆτος
909 5436 1355 5506 ὰποκλεισθῶμεν
1381 5437 1478 5490 τοῦ
1503 5437 1727 5507 νυμφῶ-

146 5541 262 5589 νος,
297 5527 394 5578 καὶ
432 5525 786 5596 στερηθῶμεν
813 5525 906 5578 τοῦ
945 5525 1283 5594 ποθουμένου
1327 5525 1561 5596 νυμφίου
1586 5542 1600 5555 ·
1633 5529 1725 5581 καὶ

225 5662 272 5693 ⁸³
306 5660 465 5714 Rom.
500 5660 593 5722 xu,
633 5658 684 5726 1,
718 5660 774 5716 2.
851 5661 942 5714 “l
977 5660 1103 5716 Cor.
1132 5677 1186 5723 ιι,
1231 5661 1319 5725 10,
1356 5661 1442 5715 11.

285 5728 331 5761 ⁸⁸
367 5729 508 5784 Psal.
537 5743 682 5797 χχιχ,
713 5732 767 5788 6.
844 5731 888 5764 ⁶⁹
919 5731 1060 5786 Psal.
1094 5747 1217 5798 nx,
1263 5733 1320 5787 9.

147 5819 184 5856 ο
224 5839 243 5858 .

1760 4751 1809 4807 Ι)

1522 5660 1566 5692 ⁸⁸
1598 5661 1733 5716 ibid.
1776 5662 1862 5716 ιε.
1941 5665 1985 5695 ⁸⁸
2017 5664 2058 5719 11
2083 5663 2210 5718 Cor.
2236 5681 2316 5728 ιιι,
2350 5664 2507 5718 9-H.

1415 5732 1458 5764 τ’
1481 5729 1691 5790 Coloss.

1840 5733 1891 5798 1,
1930 5735 1985 5788 2.
2063 5735 2106 5765 ⁷⁸
2143 5735 2301 5788 Rom.
2331 5750 2403 5800 vt,
2436 5735 2526 5789 22.
2561 5738 2606 5770 "
2636 5729 2770 5792 Luc'.
2798 5751 2894 5800 xu,
2925 5735 3013 5799 55,
3044 5735 3131 5790 56.
3209 5735 3252 5766 ⁷³
3275 5735 3408 5790 ibid.

2209 4762 2247 4829 ι
2261 4759 2420 4830 235
2459 4758 2744 4814 llOMlLlA
2786 4757 3024 4814 CXXVI.

2364 4873 2440 4926 De
2467 4875 2736 4927 vocatione
2766 4872 2880 4928 Dei.

1926 4987 2192 5040 Dominus
2222 5001 2286 5040 ac
2325 4986 2471 5040 Deus
2513 4995 2700 5038 noster
2724 5001 2850 5038 cum
2889 5002 2990 5040 nos
3011 4986 3080 5040 ad
3123 5003 3181 5042 se
3214 4988 3414 5044 invitet

1837 5093 1936 5147 per
1963 5078 2165 5147 legem,
2200 5093 2300 5146 per
2343 5078 2666 5147 prophetas,
2706 5093 2805 5145 per
2841 5078 3121 5146 apostolos
3155 5089 3211 5134 et
3244 5095 3416 5134 evan-

1833 5166 2060 5235 gelistas
2094 5165 2376 5234 (obsecrat
2409 5166 2601 5220 verius
2630 5177 2679 5219 cl
2713 5165 3013 5236 hortatur),
3052 5183 3214 5237 quam
3255 5169 3416 5224 nefa-

1835 5258 1977 5311 rium
2028 5273 2091 5312 ac
2127 5258 2412 5328 piaculare
2459 5257 2647 5322 fuerit,
2684 5274 2785 5312 nos
2817 5261 3178 5328 contemptim
3232 5270 3416 5314 trans—

1835 5351 2056 5404 mittere
2089 5349 2382 5418 imperium
2415 5349 2636 5403 Domini
2677 5358 2786 5402 tam
2825 5350 3134 5414 clementis,
3175 5361 3284 5404 tam
3313 5351 3414 5404 be-

1833 5440 2012 5507 nigni,
2057 5455 2242 5493 crassa
2276 5439 2515 5506 quadam
2577 5439 2853 5502 socordia,
2889 5439 3058 5492 animi
3103 5440 3317 5493 leniore
3349 5457 3418 5494 ac

1835 5531 2102 5586 mollitie?
2128 5531 2260 5586 Tam
2286 5531 2486 5600 supine
2515 5539 2570 5586 et
2601 5531 2904 5586 oscitanter
2931 5531 3216 5602 propriam
3253 5533 3408 5586 nihili

2583 5665 2799 5734 “,Sap.
2841 5680 2922 5728 ιιι,
2960 5665 3010 5718 1.
3086 5663 3131 5695 ⁸⁷
3166 5664 3298 5718 ibid,
3349 5667 3414 5716 εὶ-
