4178 6424
220 404 362 467 i329

783 526 1004 581 ΛΟΓΟΣ
1043 527 1215 579 I’KZ’.

660 642 799 709 Περὶ
831 645 1019 709 φόϐου
1046 639 1152 692 τοῦ
1187 640 1356 693 Θεοῦ.

299 758 359 807 ’0
395 757 536 827 ἐρίων
566 757 656 809 τόν
698 755 863 824 φόϐον
894 753 991 807 τοῦ
1026 753 1163 807 θεοῦ
1208 754 1267 805 ἐν
1308 752 1560 823 ἀλῃθείᾳ,
1598 752 1797 824 ῥαδίως

212 851 439 919 ἔρχεται
467 851 545 911 εἰς
572 849 671 916 τὴν
710 847 923 900 τελείαν
949 848 1171 914 ἀγάπην
1203 844 1296 897 τοῦ
1340 843 1497 909 Θεοῦ,
1535 846 1627 897 καὶ
1654 843 1795 911 γίνεο

208 960 301 994 ται
342 940 593 1011 μαθητὴς
636 941 731 993 καὶ
773 939 925 1006 φίλος
957 938 1052 992 τοῦ
1100 936 1359 1008 Χριστοῦ.
1401 956 1418 988 ι
1450 937 1639 1007 Ὑμεῖς
1666 936 1794 1007 γάρ,

210 1035 402 1102 φησὶν,
445 1030 790 1100 πεφιλήκατέ
828 1048 915 1099 με.
944 1050 962 1081 ι
999 1031 1108 1083 Καὶ
1131 1032 1158 1081 6
1182 1030 1423 1093 τοιοῦτος
1450 1030 1550 1101 τὴν
1573 1031 1797 1098 ἁγνείαν

209 1122 588 1192 ἐγκομϐοῦται
629 1123 689 1175 ἐν
720 1121 797 1190 τῷ
830 1122 986 1192 μέρει
1018 1120 1215 1189 τούτῳ,
1250 1122 1349 1183 τάς
1377 1138 1435 1172 τε
1457 1120 1553 1173 τοῦ
1588 1121 1796 1187 κόσμου

212 1212 511 1283 μερίμνας,
531 1214 625 1265 καὶ
644 1214 878 1275 ἀπάτας,
910 1214 1004 1266 καὶ
1027 1211 1240 1281 ἡδονὰς,
1272 1211 1365 1264 καὶ
1380 1213 1688 1281 κραιπάλας
1706 1211 1798 1262 καὶ

212 1306 419 1374 μέθας,
453 1307 546 1358 καὶ
575 1304 865 1374 συγχύσεις
898 1303 1235 1364 Βαϐυλῶνος,
1261 1307 1350 1356 καὶ
1381 1305 1644 1359 πάντατὰ
1666 1303 1794 1372 βιω-

205 1397 341 1449 τικὰ
376 1398 671 1467 ἠρνήσατο,
718 1398 813 1449 καὶ
847 1395 1155 1460 ἀπετάξατο
1201 1395 1280 1465 τῷ
1341 1397 1531 1466 κόσμῳ
1561 1397 1653 1449 καὶ
1682 1398 1793 1459 τοῖς

203 1486 306 1538 τοῦ
341 1488 547 1555 κόσμου
575 1486 813 1548 δικτύοις
853 1487 949 1538 καὶ
986 1486 1332 1555 συμπλοκαῖς
1363 1487 1394 1557 ἢ
1428 1487 1647 1553 παγίσι,
1698 1489 1793 1539 καὶ

208 1581 304 1630 ἐπὶ
336 1582 439 1648 γῆς
472 1578 706 1647 βαδίζων
730 1579 791 1631 τὸ
820 1578 1122 1648 πολίτευμα
1148 1580 1204 1629 ὲν
1233 1580 1481 1649 οὐρανοῖς
1509 1580 1793 1648 ἠγάπησεν

208 1671 375 1737 ἔχειν.
409 1668 528 1721 Τῶν
576 1670 683 1737 γὰρ
728 1664 1055 1738 κρειττόνων
1099 1669 1446 1737 ὀρεγόμενος,
1478 1667 1557 1738 τῷ
1604 1668 1792 1739 κόσμῳ

147 1758 150 1760 ⁷
205 1761 537 1826 ἀπετάξατο,
573 1761 659 1813 ἵνα
710 1760 850 1830 ζήσῃ
890 1759 1006 1830 βίον
1049 1761 1213 1822 θεῖον,
1250 1760 1521 1828 οὐράνιον,
1570 1761 1790 1827 ξὶγγελι⁴

1162 395 1484 455 ΙΙΟΜΙΙᾸΛ
1526 394 1809 453 CXXV”.
1839 394 2026 452 -ΠΕ
2063 394 2355 454 ΤΙΜΟΙῖΕ
2400 396 2549 455 DEI.

3341 398 3477 466 1830

2391 530 2677 583 liUlillJA
2716 530 2979 587 CXXV".

2461 642 2538 694 De
2577 644 2765 696 timore
2796 642 2893 697 Dei

1967 753 2229 824 Quisquis
2257 755 2563 809 sinceriter
2602 757 2774 810 Deum
2832 756 3009 819 timet,
3039 771 3149 810 non
3182 758 3354 811 multo
3378 760 3477 812 ad-

1898 846 2121 898 modum
2148 847 2454 916 negotioad
2483 848 2882 916 perfectionem
2923 847 3251 916 provehitur
3273 849 3475 902 dixitne

1895 937 2206 999 eharitatis,
2237 954 2416 1006 eoque
2459 938 2698 993 eilicitur
2726 938 2933 992 Christi
2984 946 3039 993 et
3084 938 3392 1007 discipulus
3420 950 3476 992 et

1895 1029 2126 1082 amicus.
2187 1029 2277 1083 Ait
2336 1032 2534 1083 enim:
2591 1032 2742 1086 «Vos
2801 1047 2889 1086 mc
2940 1032 3302 1086 autastis'“.i
3369 1033 3474 1098 Qui

1894 1120 2163 1188 ejusmodi
2204 1128 2310 1184 est,
2352 1122 2546 1191 utique
2586 1122 2929 1177 ineluctabili
2960 1140 3100 1177 nexu
3142 1124 3187 1178 is
3219 1125 3477 1192 astringit

1895 1211 1997 1263 sibi
2035 1212 2365 1267 munditiam
2402 1213 2457 1266 in
2485 1213 2793 1269 castissime
2824 1217 3023 1270 timore
3064 1216 3303 1270 Domini.
3344 1215 3474 1287 [Qui

1893 1302 2186 1356 verissimo
2224 1303 2444 1356 Domini
2480 1304 2678 1359 timore
2709 1321 2810 1359 ceu
2846 1308 3020 1361 claris
3046 1307 3273 1361 contixit
3313 1307 3476 1361 θαι-ρ-

1896 1408 1994 1445 nes
2019 1394 2201 1448 carnis
2237 1404 2441 1459 motus,
2488 1396 2557 1449 ab
2617 1396 2713 1450 illo
2761 1397 3024 1451 eximitur
3067 1400 3266 1454 timore
3298 1416 3310 1452 :
3338 1397 3476 1453 Cre-

1893 1485 2030 1539 scite
2058 1494 2115 1539 et
2149 1486 2595 1556 multiplimmiui
2620 1490 2664 1521 ⁸⁷
2696 1488 2934 1542 :vitabit
2967 1490 3198 1558 proinde
3226 1498 3282 1544 et
3311 1491 3469 1555 illud,

1892 1586 1951 1630 ut
1980 1595 2047 1631 ne
2084 1579 2193 1631 ulla
2219 1596 2283 1633 ex
2310 1590 2468 1647 parte
2501 1580 2700 1637 debeat
2727 1580 2780 1634 in
2814 1581 3099 1635 hominum
3132 1582 3472 1638 descendere

1888 1670 2374 1742 fautiliaritatem.]
2422 1672 2607 1725 Mundi
2650 1672 2809 1727 istius
2852 1673 3066 1743 defugit
3105 1674 3219 1744 jam
3261 1674 3471 1728 sollici-

1890 1772 2002 1816 tam
2045 1763 2405 1825 anxietatem,
2446 1764 2803 1833 imposturas,
2849 1766 3189 1834 voluptates,
3230 1767 3471 1836 crapula:

206 1853 327 1911 κδν,
358 1854 418 1904 ἐν
445 1852 713 1923 θρησκείᾳ
756 1851 973 1921 καθαρᾷ
1014 1854 1106 1905 καὶ
1135 1852 1387 1921 ἀμιάντῳ
1420 1851 1513 1903 καὶ
1537 1853 1687 1923 ἁγίᾳ,
1726 1854 1783 1904 ὲν

1890 1864 1945 1909 ct
1996 1854 2285 1908 ebrietatis
2358 1854 2744 1924 intemperiem
2798 1872 3015 1910 onmem
3050 1864 3062 1909 ':
3096 1858 3468 1913 omnimodam

204 1943 491 2012 Ιίνεύματι
526 1944 688 1996 Θεοῦ⁶
726 1942 847 2012 Θεῷ
905 1943 1186 2012 λατρεύων
1232 1942 1311 2011 τῷ
1362 1946 1781 2012 παντοκράτορι,

201 2036 293 2087 διὰ
328 2036 427 2105 τὴν
466 2034 750 2103 βασιλείαν
783 2034 890 2087 τῶν
919 2033 1187 2103 οὐρανῶν,
1218 2033 1285 2085 δι’
1318 2034 1386 2104 ἣν
1433 2034 1526 2087 καὶ
1554 2034 1787 2086 ἀπέθετο

200 2126 302 2193 τὴν
351 2125 444 2177 τοῦ
495 2125 704 2193 κόσμου
747 2124 1024 2193 φροντίδα.
1077 2123 1389 2194 «Φοϐήθητι
1429 2127 1561 2194 γὰρ,
1594 2124 1784 2193 φησὶν,

200 2218 296 2269 τὴν
336 2217 559 2287 Κύριον,
592 2217 687 2269 καὶ
726 2215 969 2283 φύλασσε
1008 2215 1107 2278 τὰς
1140 2216 1361 2274 ὲντόλας
1407 2214 1593 2267 αὐτοῦ.
1622 2233 1641 2266 ι
1677 2216 1786 2267 Φυ-

201 2307 422 2359 ὶάσςων
474 2306 529 2358 δὲ
582 2305 678 2368 τὰς
727 2306 946 2369 ἐντολὰς
985 2306 1082 2359 τοῦ
1145 2306 1304 2367 Θεοῦ,
1336 2306 1438 2378 ἔσῃ
1478 2306 1699 2368 δυνατὸς
1726 2308 1783 2359 ἐν

201 2399 358 2470 πάσῃ
387 2397 604 2465 πράξει.
649 2398 757 2449 Καὶ
792 2400 823 2467 ἠ
862 2398 1062 2467 πρᾶξίς
1097 2414 1192 2449 σου
1240 2397 1573 2468 ἀσύγκριτος
1602 2396 1779 2452 ἔσται.

200 2488 543 2557 ιφοϐούμενος
594 2489 704 2559 γὰρ
737 2489 828 2541 τὸν
860 2490 1087 2557 Κύριον,
1117 2489 1298 2541 πάντα
1326 2490 1505 2551 καλῶς
1550 2491 1784 2559 ἐργάσῃ.

201 2573 374 2642 ιιῦτός
409 2582 557 2632 ἐστιν
594 2582 623 2633 6
668 2580 851 2647 φόϐος,
890 2579 948 2631 ὃν
979 2580 1062 2631 δεῖ
1105 2597 1163 2632 σε
1196 2579 1523 2649 φοϐηθῆναι,
1554 2581 1650 2631 καὶ
1680 2597 1786 2632 σω-

203 2672 372 2741 θήσῃ.
408 2671 511 2722 Τὸν
538 2671 594 2722 δὲ
621 2671 869 2723 διάϐολον
896 2675 970 2740 μὴ
1002 2670 1245 2741 φοϐηθῇς
1268 2686 1279 2698 ·
1309 2670 1646 2740 φοϐούμενος
1678 2672 1785 2741 γὰρ

201 2764 299 2813 τὸν
326 2761 548 2832 Κύριον,
578 2762 1032 2830 κατακυριεύσεις
1052 2763 1145 2815 τοῦ
1170 2756 1437 2823 διαϐόλου,
1458 2764 1541 2816 ὅτι
1554 2763 1786 2832 δύναμις

203 2853 309 2905 οῦκ
343 2853 487 2906 ἔστιν
521 2855 578 2906 ἐν
600 2855 770 2925 αὐτῷ.
814 2856 901 2910 Ἐν
927 2847 971 2922 ᾧ
999 2855 1053 2907 δὲ
1077 2855 1304 2925 δύναμις
1332 2856 1431 2907 οὐκ
1465 2855 1632 2915 ἐστιν,
1665 2854 1785 2907 οὐδὲ

204 2944 375 3010 φόϐος
397 2963 412 2977 ·
442 2939 555 3013 ὲνῷ
578 2946 853 3016 ἡδύναμις
869 2951 901 3017 ἡ
928 2947 1156 3011 ἔνδοξος,
1177 2948 1270 2999 καὶ
1297 2948 1325 2999 6
1349 2946 1511 3014 φόϐος
1532 2948 1589 2998 ὲν
1613 2946 1782 3015 αὐτῷ.

205 3038 328 3099 Πᾶς
371 3038 481 3105 γὰρ
516 3039 545 3089 6
572 3038 800 3107 δύναμιν
829 3039 989 3109 ἔχων,
1037 3039 1131 3091 καὶ
1166 3038 1330 3107 φόϐον
1356 3038 1490 3108 ἔχει.
1533 3039 1590 3092 '0
1620 3038 1673 3090 δὲ
1711 3039 1785 3109 μὴ

206 3129 349 3198 ἔχων
383 3129 632 3198 δύναμιν,
662 3130 767 3182 ὑπὸ
790 3132 1010 3183 πάντων
1043 3133 1484 3200 καταφρονεῖται.
1514 3130 1784 3200 Φοϐήθητι

204 3222 262 3274 δὲ
291 3221 361 3273 τά
399 3220 537 3290 ἔργα
565 3221 659 3275 τοῦ
683 3222 959 3285 διαϐόλου,
991 3225 1074 3275 ὅτι
1108 3223 1325 3291 πονηρά
1352 3223 1479 3278 είσι.
1511 3221 1784 3292 Φοϐούμεο

206 3331 298 3377 νος
327 3313 383 3366 δὲ
414 3314 504 3365 τὸν
537 3314 762 3385 Κύριον,
795 3314 857 3368 οὐ
884 3315 1264 3386 φοϐηθήσῃτὰ
1292 3314 1430 3384 ἔργα
1462 3314 1558 3366 τοῦ
1592 3314 1786 3368 διαϐό-

204 3408 323 3469 ὶου,
358 3406 453 3459 καὶ
481 3407 579 3459 οὐκ
614 3408 823 3478 ἐργάσῃ
857 3407 1023 3460 αὑτά·
1055 3407 1194 3460 ἀλλά
1236 3404 1411 3477 φεύξῃ
1455 3406 1551 3459 ἀπ’
1583 3406 1784 3460 αὐτῶν.

205 3498 394 3551 Δισσοὶ
441 3497 536 3552 οῦν
576 3500 715 3551 εἰσιν
763 3499 813 3551 οἱ
852 3499 1025 3568 φόϐοι.
1072 3501 1133 3552 Εἰ
1182 3499 1242 3552 οὐ
1275 3498 1436 3569 θέλῃς
1467 3498 1527 3550 τὸ
1554 3498 1787 3568 πονηρὸν

206 3589 578 3658 ἐργάζεσθαι,
605 3589 873 3658 φοϐήθητι
918 3591 1008 3643 τόν
1060 3590 1287 3661 Κύριον,
1331 3590 1425 3642 καὶ
1452 3589 1551 3641 οὐκ
1578 3588 1787 3660 ἐργάζῃ

206 3678 361 3734 αὐτό.
403 3680 531 3733 Ἐὰν
560 3680 617 3733 δὲ
662 3680 822 3751 θέλῃς
865 3680 1029 3733 πάλιν
1078 3681 1139 3733 τὸ
1182 3681 1389 3747 ἀγαθὸν
1424 3681 1785 3750 ἐργάσασθαι,

208 3770 482 3842 φοϐήθητι
512 3772 604 3828 τὸν
631 3772 858 3843 Κύριον,
891 3773 985 3825 καὶ
1018 3773 1226 3844 ἐργάζῃ
1267 3773 1418 3827 αὐτό.
1448 3774 1610 3825 Ὥστε
1640 3774 1668 3824 6
1689 3772 1785 3839 φό-

207 3862 302 3923 6ος
331 3860 429 3913 τοῦ
455 3861 666 3931 Κυρίου
710 3863 1057 3933 ἰσχυρότερός
1103 3865 1244 3925 ἐστι,
1283 3866 1377 3919 καὶ
1410 3864 1638 3930 ἔνδοξος.
1678 3867 1788 3920 Καὶ

206 3956 323 4005 ὅσοι
352 3953 421 4005 ἂν
449 3951 761 4021 φοϐηθῶσιν
794 3954 960 4007 αὐτὸν
1001 3955 1095 4006 καὶ
1130 3956 1408 4027 τηρήσωσι
1441 3956 1539 4017 τὰς
1566 3955 1789 4019 ἐντολάς

208 4043 400 4108 αὑτοῦ,
425 4044 681 4114 ζήσονται
714 4043 792 4114 τῷ
822 4044 965 4117 Θεῷ.
998 4045 1150 4097 Ἐπεὶ
1181 4046 1275 4099 καὶ
1300 4048 1449 4099 πᾶσα
1473 4046 1649 4108 κτίσις
1696 4064 1790 4113 φο·

206 4137 389 4189 (igitur.
410 4137 594 4200 αὐτὸν,
621 4136 719 4199 τὰς
746 4136 803 4189 δὲ
833 4137 1051 4200 ἐντολὰς
1072 4137 1240 4191 αὐτοῦ
1270 4139 1329 4190 ού
1357 4139 1641 4206 φυλάσσει.
1665 4138 1788 4191 Τῶν

205 4227 302 4282 οῦν
332 4228 684 4297 φοϐουμένων
716 4228 879 4281 αὑτὸν
924 4230 1017 4281 καὶ
1053 4228 1444 4297 φυλασσόντων
1492 4230 1589 4292 τὰς
1632 4232 1784 4283 ἐντο-

204 4318 309 4379 λὰς
346 4316 534 4380 αὑτοῦ,
580 4316 801 4370 ἐκείνων
836 4319 870 4389 ἡ
909 4318 1023 4388 ζωὴ
1063 4318 1211 4372 ἔστιν
1261 4320 1413 4391 παρὰ
1442 4319 1518 4391 τῷ
1547 4319 1686 4391 Θεῷ.
1730 4321 1788 4374 Ὀ

205 4409 323 4480 γὰρ
358 4407 522 4476 φόϐος
553 4407 651 4461 τοῦ
699 4409 836 4462 Θεοῦ
883 4411 1190 4477 ἀναγκάζει
1237 4411 1384 4481 ἡμᾶς
1423 4410 1678 4480 πολεμεῖν
1720 4414 1787 4483 τῇ

1891 1945 2118 2014 insuper
2185 1946 2530 2016 Babylonica:
2589 1946 2936 2002 confusionis
2995 1948 3120 2017 fuga
3172 1950 3470 2004 antevertit

1890 2038 2169 2109 abyssum.
2204 2038 2344 2093 Vitae
2380 2038 2542 2093 istius
2589 2042 2835 2094 suaviter
2866 2041 3222 2095 traducendae
3254 2057 3468 2095 renun-

1893 2127 2049 2181 tiavit
2087 2127 2367 2181 illecebris
2400 2145 2412 2180 :
2447 2128 2656 2181 mundo
2712 2144 2935 2198 quoque
2982 2132 3102 2183 vale
3144 2145 3466 2198 supremum

1888 2214 2045 2278 dixit,
2078 2217 2239 2285 cujus
2270 2223 2327 2268 et
2352 2217 2492 2269 retia
2516 2225 2804 2286 perrupta,
2841 2232 3174 2285 congressus
3197 2219 3335 2273 mire
3368 2219 3469 2272 int-

1889 2306 2080 2374 plexos
2102 2306 2284 2359 crasit
2317 2314 2373 2360 et
2407 2307 2649 2376 pedicas.
2679 2307 2738 2360 ln
2772 2315 2917 2361 terra
2947 2309 3162 2363 tametsi
3196 2309 3466 2376 ambulat,

1888 2413 1946 2450 re
1988 2397 2103 2466 ipsa
2145 2398 2386 2451 declarat
2436 2413 2495 2451 se
2535 2399 2885 2467 complexum
2935 2414 3056 2452 esse
3091 2400 3471 2454 conversatio-

1888 2505 2013 2542 nem
2043 2505 2167 2558 qum
2203 2488 2258 2542 in
2293 2489 2451 2544 cmlis
2487 2498 2595 2543 est:
2623 2489 2761 2544 Cum
2804 2491 2952 2544 enim
2982 2492 3148 2561 longe
3194 2492 3315 2545 istis
3341 2492 3467 2546 feli-

1888 2580 2038 2634 ciora
2079 2589 2324 2650 expetat,
2360 2581 2501 2634 nihil
2525 2589 2608 2635 est
2637 2581 2785 2650 quod
2804 2590 3099 2635 cunctetur
3139 2585 3465 2639 renuntiare

1888 2672 2050 2725 istius
2093 2673 2283 2726 mundi
2345 2673 2661 2737 lenociniis,
2710 2674 2977 2726 nimirum
3014 2674 3185 2728 vitam
3222 2684 3282 2728 ιιι
3319 2676 3470 2732 vivat

1886 2763 2155 2825 divinant,
2224 2764 2530 2826 cmlestcm,
2592 2764 2899 2833 angelicam
2957 2766 3011 2818 in
3078 2765 3471 2821 observatione

1888 2855 2121 2909 sincera:
2166 2870 2397 2923 prorsus
2437 2855 2722 2926 religionis
2763 2856 3108 2912 intemerata:
3154 2874 3217 2913 ac
3242 2868 3469 2924 sanctae,

1888 2948 1943 3000 in
1979 2945 2191 3016 Spiritu
2224 2946 2344 3011 Dei,
2373 2947 2590 3001 latriam
2633 2947 2904 3002 exhibens
2947 2949 3316 3019 omnipotenti
3356 2951 3471 3004 Deo

1887 3044 2114 3105 propter
2145 3036 2411 3091 cmlorum
2445 3053 2697 3107 regnum,
2731 3039 2891 3109 cujus
2911 3040 3084 3110 gratia
3113 3041 3470 3110 supercilium

1887 3144 2053 3183 omne
2108 3129 2294 3198 posuit
2346 3129 2640 3184 mundana:
2689 3129 2849 3184 istius
2892 3132 3221 3201 prudentiae.
3274 3133 3471 3188 «Time

1888 3220 2059 3281 cnim,
2133 3220 2224 3274 ille
2277 3220 2375 3284 ait,
2412 3220 2742 3285 Dominum,
2802 3229 2859 3275 et
2920 3222 3135 3277 custodi
3210 3225 3469 3279 mandata

1889 3310 2011 3378 ejus
2032 3310 2097 3363 ⁸⁸.
2128 3329 2145 3361 ι
2184 3309 2327 3364 Sane
2385 3310 2483 3364 Dei
2532 3310 2793 3365 mandata
2853 3311 2897 3365 si
2944 3312 3301 3381 custodieris,
3358 3314 3472 3370 eris

1891 3402 2084 3471 utique
2139 3401 2210 3455 in'
2245 3401 2398 3455 omni
2450 3403 2781 3471 operatione
2835 3409 3057 3472 potens,
3110 3406 3473 3473 Operatioque

1891 3504 1983 3546 tua
2038 3492 2552 3561 incomparabiliter
2634 3492 2917 3548 succedet.
2976 3495 3269 3549 Dominum
3322 3496 3471 3550 enim

1889 3583 1933 3639 si
1979 3584 2252 3648 timueris,
2283 3584 2422 3638 nihil
2476 3601 2588 3639 non
2622 3585 2825 3641 decore
2862 3585 3143 3641 conﬁcies.
3178 3586 3278 3642 llic
3311 3588 3474 3658 plane

1890 3676 2058 3730 timor
2090 3685 2199 3739 est,
2242 3692 2356 3746 quo
2410 3692 2637 3731 necesse
2672 3680 2748 3732 stt
2793 3687 2852 3732 ut
2906 3680 3099 3733 timeas
3139 3686 3196 3733 et
3235 3681 3475 3735 salutem

1889 3782 2233 3836 consequare
2263 3785 2276 3820 :
2307 3767 2592 3822 diabolum
2627 3768 2861 3838 proinde
2888 3770 3027 3824 nihil
3059 3771 3333 3825 timueris.
3366 3772 3476 3826 Do.

1891 3859 2104 3912 minum
2134 3860 2283 3913 enim
2310 3859 2403 3929 qui
2443 3861 2618 3924 timet,
2649 3862 2918 3916 adversus
2952 3863 3233 3917 diabolum
3263 3880 3473 3934 praeva-

1890 3950 2027 4005 lcbit
2060 3967 2073 4004 :
2104 3951 2242 4004 nihil
2294 3952 2444 4007 enim
2503 3952 2635 4006 huic
2686 3963 2961 4023 superest.
3010 3954 3131 4008 Vim
3189 3964 3473 4024 utcunque

1890 4042 1984 4112 qui
2037 4043 2205 4097 habet
2252 4043 2519 4098 adversus
2553 4044 2730 4109 illum,
2762 4045 2954 4114 utique
2991 4045 3155 4100 habet
3186 4054 3242 4100 et
3271 4046 3366 4101 Dei
3402 4048 3474 4101 ti-

1890 4147 2102 4186 morem
2136 4130 2223 4185 :is
2262 4132 2410 4185 enirn
2446 4146 2572 4185 cum
2616 4131 2755 4185 nihil
2805 4132 3058 4187 obtineat
3086 4132 3315 4195 virium,
3352 4147 3474 4185 om-

1890 4225 2044 4277 nium
2098 4232 2247 4294 patet.
2281 4223 2590 4292 despicatui
2618 4233 2674 4278 et
2706 4225 3098 4278 contemnitur.
3146 4224 3240 4278 Est
3286 4232 3469 4278 tamen

1890 4314 2040 4384 quod
2079 4317 2293 4381 timeas,
2326 4330 2495 4384 opera
2525 4330 2723 4385 nempe
2754 4315 2961 4369 diaboli
3002 4332 3016 4369 :
3049 4316 3288 4386 maligna
3320 4315 3467 4370 enim

1890 4417 2044 4461 sunt.
2083 4407 2295 4477 1237
2322 4406 2546 4461 Timore
2578 4422 2745 4476 porro
2779 4406 2998 4461 Domini
3030 4407 3298 4471 munitus,
3332 4406 3469 4475 quid

208 4499 404 4571 κακίᾳ.
446 4500 634 4568 Ἦμῶν
671 4500 729 4553 δὲ
757 4501 1218 4570 πολεμούντων,ή
1258 4502 1419 4573 χάρις
1450 4502 1543 4555 τοῦ
1578 4504 1784 4571 Κυρίου

1890 4504 1974 4550 est
1994 4497 2140 4565 quod
2174 4506 2487 4552 commenta
2517 4496 2848 4566 fraudesque
2877 4497 3244 4552 vetcratorias
3275 4497 3470 4552 timeas

205 4592 431 4660 ἀναιρεῖ
456 4592 645 4662 αὐτὴν.
684 4592 758 4645 Οὐ
804 4592 1025 4645 δύναται
1078 4592 1135 4645 δέ
1164 4610 1247 4655 τις
1280 4594 1358 4657 είς
1396 4594 1560 4661 φόϐον
1584 4594 1787 4663 Κυρίου

208 4680 413 4744 ἐλθεῖν,
455 4681 552 4734 ἐὰν
576 4681 652 4751 μὴ
679 4683 868 4734 πασῶν
902 4681 1010 4735 τῶν
1056 4682 1330 4751 βιωτικῶν
1360 4684 1654 4753 φροντίδων
1686 4684 1791 4749 ἔξω

208 4771 465 4839 γένηται,
494 4770 678 4833 καθὼς
729 4772 979 4842 εἴρηται·
1027 4774 1157 4827 ὅταν
1214 4774 1323 4844 γὰρ
1364 4778 1422 4827 ὲν
1451 4777 1651 4847 ἡσυχίᾳ
1695 4778 1790 4830 καὶ

207 4862 520 4932 άμεριμνίᾳ
550 4863 776 4934 γένηται
812 4866 840 4918 6
866 4864 1009 4931 νοῦς,
1042 4867 1163 4920 τότε
1193 4868 1403 4938 ἐνοχλεῖ
1430 4868 1576 4939 αὐτῷ
1621 4872 1649 4923 6
1694 4871 1790 4937 φό-

210 4958 309 5018 ϐος
338 4954 437 5007 τοῦ
469 4956 628 5018 Θεοῦ,
661 4959 841 5029 φέρων
870 4961 1037 5014 αὑτὸν
1084 4963 1165 5025 είς
1212 4963 1412 5033 πολλὴν
1441 4965 1664 5036 ἀγάπην
1691 4967 1790 5036 τῆς

210 5046 554 5120 ἁγαθότητος
582 5049 677 5103 τοῦ
708 5050 865 5105 Θεοῦ.
903 5053 1026 5116 Τοῖς
1056 5053 1164 5125 γὰρ
1194 5055 1620 5125 ἀγωνιζομένοις
1650 5052 1790 5120 εἶδός

208 5156 271 5192 τι
303 5139 459 5211 φέρει
489 5141 801 5213 ἁγνισμοῦό
834 5144 1019 5214 φόϐος.
1060 5163 1077 5197 ι
1120 5146 1178 5197 '0
1211 5147 1320 5216 γὰρ
1361 5146 1522 5215 φόϐος
1555 5147 1783 5217 Κυρίου,

213 5232 405 5301 φησιν,
440 5232 625 5300 ἁγνὸς,
658 5233 929 5304 διαμένων
987 5238 1066 5299 είς
1132 5235 1304 5290 αἰῶνα
1363 5237 1580 5301 αἰῶνος.
1609 5256 1628 5289 ι
1689 5238 1788 5290 Φό-

213 5320 313 5383 ϐος
341 5322 569 5392 Κυρίου,
604 5327 886 5395 γεννήτωρ
926 5328 1244 5396 φρονήσεως
1267 5344 1280 5357 ·
1304 5327 1333 5380 6
1362 5326 1452 5379 τὸν
1496 5327 1589 5380 ἕνα
1636 5327 1788 5379 εὐλα·

213 5412 505 5482 ϐούμενος,
551 5416 614 5468 οὐ
650 5416 905 5470 δειλιάσει
933 5419 1062 5480 τοὺς
1087 5418 1335 5481 πολλούς.
1360 5419 1579 5473 Μᾶλλον
1608 5420 1664 5473 δὲ
1690 5420 1786 5473 αύ-

211 5502 309 5556 τὺν
342 5503 428 5557 διά
458 5505 550 5557 τὸν
595 5507 692 5558 ἕνα
732 5506 915 5560 πολλοὶ
961 5509 1384 5577 φοϐηθήσονται.
1420 5530 1451 5571 γι
1490 5510 1613 5562 Ἐὰν
1654 5510 1783 5579 γάρ,

211 5598 404 5666 φησιν,
438 5594 709 5667 φοϐηθῆτε
758 5598 962 5667 Κύριον
989 5597 1077 5650 τόν
1105 5599 1236 5651 Θεὸν
1284 5598 1460 5667 ὑμῶν,
1498 5599 1590 5652 καὶ
1633 5598 1788 5652 ἀκού-

282 5789 338 5826 ”
369 5789 525 5847 Joan.
558 5808 665 5853 xvi.
698 5792 787 5847 9.7.
862 5795 904 5825 ""
936 5794 1072 5848 Gen.
1101 5811 1136 5856 ι,
1169 5794 1234 5848 28
1262 5805 1314 5849 et
1347 5796 1500 5851 abbi.

1890 4590 2138 4644 diaboli?
2183 4590 2339 4644 Illius
2372 4603 2537 4657 opera
2577 4603 2931 4657 nequaq1am
2966 4587 3105 4641 adeo
3128 4586 3466 4656 designabis,

1892 4689 1952 4735 ut
1982 4696 2090 4734 non
2124 4681 2191 4735 ab
2230 4682 2314 4735 eis
2348 4679 2567 4734 resilias
2613 4694 2777 4749 quam
2822 4676 3365 4750 longissime..Atqui
3398 4676 3468 4730 ti-

1892 4774 2061 4826 moris
2106 4773 2323 4843 Species
2360 4772 2565 4842 duplex
2621 4779 2725 4827 est.
2762 4771 2819 4826 Si
2873 4772 3057 4841 itaque
3108 4771 3299 4839 cupies
3327 4768 3466 4824 nihil

1890 4866 2182 4919 admittere
2230 4866 2376 4935 quod
2422 4865 2725 4936 malignum
2776 4863 2849 4918 sit
2877 4878 2941 4918 ac
2975 4863 3298 4932 reprobum,
3334 4862 3469 4917 time

1890 4957 2204 5020 Dominum,
2230 4964 2287 5009 et
2331 4971 2401 5010 ne
2440 4956 2692 5026 opereris
2734 4955 2892 5009 illud.
2940 4954 3234 5008 Dominum
3279 4952 3467 5022 itaque

1889 5049 1983 5117 qui
2025 5047 2180 5101 timet
2226 5047 2389 5103 fortis
2422 5048 2614 5118 utique
2658 5054 2715 5102 et
2759 5048 3055 5119 gloriosus.
3098 5047 3233 5101 Nam
3287 5061 3467 5115 quan-

1893 5141 2155 5208 ticunque
2210 5154 2338 5193 cum
2379 5140 2688 5205 timuerint,
2736 5141 3210 5209 observantesque
3258 5138 3469 5192 fuerint

1890 5230 2272 5285 mandatorum
2325 5232 2516 5301 ipsius,
2542 5232 2758 5301 placent
2787 5234 2918 5287 Deo.
2953 5232 3167 5287 Etenim
3218 5239 3469 5285 creatura

1890 5325 2071 5378 omnis
2100 5322 2276 5392 ipsius
2318 5339 2443 5378 cum
2477 5325 2570 5389 sit,
2600 5340 2729 5379 eum
2771 5335 3006 5380 veretur
3030 5340 3093 5379 ac
3127 5324 3321 5389 timet;
3354 5339 3467 5377 non

1894 5413 2025 5468 item
2061 5415 2242 5468 omnis
2288 5416 2531 5469 custodit
2566 5416 2716 5471 illius
2757 5417 3035 5471 mandata.
3077 5416 3305 5470 Illorum
3334 5430 3468 5469 sane

1893 5506 2004 5558 vita
2030 5506 2175 5575 apud
2208 5508 2377 5561 Deum
2411 5508 2653 5577 reposita
2684 5516 2790 5572 est,
2834 5516 3105 5578 quotquot
3137 5521 3264 5560 eum
3308 5520 3468 5559 reve-

1898 5607 2084 5654 renter
2111 5598 2308 5655 timent
2338 5607 2394 5655 et
2427 5600 2549 5672 ejus
2577 5600 2829 5656 mandata
2877 5600 3101 5671 explent
3127 5613 3315 5669 opere.
3346 5597 3386 5666 Ιι
3407 5612 3468 5652 se

1574 5797 1617 5826 ⁸⁸
1645 5796 1812 5850 Eeclt.
1846 5812 1936 5859 xu,
1972 5794 2059 5849 i3.
