4178 6424
744 385 873 451 1831

1993 384 2352 445 ANTIOCHI
2403 383 2743 447 MONACIII

3900 400 4037 465 1833

737 511 905 563 timor
934 508 1152 563 Dotnini
1188 508 1576 563 necessitatem
1640 505 1807 562 nobis
1870 506 2105 575 imponit
2160 504 2321 559 comi-

2442 522 2572 578 σητε
2606 509 2705 577 τῆς
2730 508 2915 577 φωνῆς
2940 509 3128 574 αὐτοῦ,
3155 512 3256 566 οὐκ
3282 513 3667 585 ἀντιστήσεται
3697 518 3875 582 οὐδείς
3895 523 4034 573 κατὰ

736 617 845 656 nus
880 600 1209 654 conserendi
1260 615 1387 653 cum
1435 600 1605 654 vitiis.
1646 600 1817 653 Nobis
1861 608 2085 652 strenue
2112 597 2328 666 deprm»

735 691 1009 746 liantibus
1040 690 1217 760 gratia
1248 689 1469 745 Domini
1501 691 1766 745 malitiam
1804 704 2025 743 onmem
2057 688 2123 742 ad
2159 688 2330 741 inter-

738 784 1029 837 necionem
1070 798 1249 852 usque
1285 781 1594 836 intercidit.
1624 780 1741 835 Non
1770 787 1958 833 autem
1994 785 2176 848 potest
2202 776 2328 847 quis

736 876 805 929 ad
840 876 935 930 Dei
975 876 1231 929 timorem
1267 875 1609 944 pertingere,
1641 872 1695 925 ni
1743 872 1900 941 prius
1942 870 2216 924 desciscat
2257 868 2327 922 ab

734 968 886 1020 otnni
928 967 1056 1020 vita:
1112 966 1275 1020 istius
1323 964 1671 1033 temporaria:
1718 962 2133 1025 sollicitudine,
2170 962 2326 1030 juxta

734 1060 1086 1129 superiorem
1120 1056 1476 1111 sententiam.
1512 1054 1651 1111 Cum
1688 1057 1838 1111 enim
1870 1069 2027 1108 mens
2056 1052 2329 1106 resederit

733 1150 805 1202 ab
837 1149 988 1202 onmi
1038 1147 1393 1215 intemperie,
1438 1162 1637 1199 secura
1685 1146 1764 1199 rei
1818 1144 2139 1207 mundialis,
2195 1153 2326 1197 tunc

734 1242 901 1293 timor
940 1242 1031 1294 ille
1062 1240 1158 1293 Dei
1193 1240 1273 1292 sic
1311 1239 1569 1307 requieto
1613 1239 1912 1307 plurimum
1964 1236 2189 1290 facessit
2231 1252 2329 1289 ne-

732 1333 889 1402 gotii,
918 1347 1029 1400 quo
1059 1332 1321 1386 eumdem
1375 1341 1665 1401 promovet
1705 1330 1772 1383 ad
1810 1330 2209 1383 exuberantem
2243 1327 2328 1380 «ii-

730 1428 876 1480 vium
910 1425 1268 1495 benignitatis
1298 1440 1567 1478 amorem.
1622 1423 1784 1478 Serio
1819 1422 2241 1476 dcccrtantihus
2269 1420 2325 1474 in

731 1531 907 1584 agone
949 1514 1227 1583 Spiritnali
1280 1514 1399 1582 ipse
1460 1514 1629 1567 timor
1662 1528 1982 1581 expressam
2018 1511 2322 1565 etiamnum

733 1608 1029 1678 imaginem
1052 1606 1249 1661 asserit
1269 1606 1653 1661 sanctimonize
1678 1615 1735 1659 et
1757 1603 2015 1674 puritatis
2043 1621 2055 1655 :
2086 1622 2104 1652 ι
2136 1602 2325 1655 Timor

732 1699 950 1754 Domini
970 1707 1199 1752 sanctus
1223 1700 1322 1767 (ait
1355 1698 1575 1766 David),
1610 1712 1947 1767 permanens
1975 1695 2028 1748 in
2056 1694 2320 1747 saeculum

730 1793 1009 1847 szeculi”.
1040 1812 1057 1843 ι
1096 1792 1287 1847 Timor
1337 1792 1555 1845 Domini
1615 1788 1930 1860 prudentia:
1977 1794 2064 1842 est
2098 1801 2318 1857 parens.

2435 601 2729 668 πρόσωπον
2762 602 2937 669 ὑμῶν.
2969 603 3080 655 Kal
3116 605 3144 656 ὁ
3165 605 3368 675 τρόμος
3398 608 3553 675 ὑμῶν
3582 610 3737 663 ἔσται
3769 613 3865 664 ἐπὶ
3895 615 4034 665 πάν-

2430 708 2499 743 τα
2543 693 2610 744 τὰ
2665 692 2861 757 ἔθνη.»
2926 695 3037 746 Καὶ
3084 696 3248 749 πάλιν
3318 700 3763 768 παρακελεύεται
3824 704 4030 771 λέγων·

2438 780 2688 850 «Κύριον
2735 785 2829 836 τὸν
2872 782 3008 835 Θεόν
3054 802 3148 838 σου
3198 788 3508 861 φοϐηθήση,
3551 793 3646 845 καὶ
3686 793 3830 862 πρὸς
3868 794 4031 847 αὐτὸν

2437 872 2773 944 κολληθήση.
2810 893 2829 926 ι
2870 874 2981 928 Καὶ
3016 870 3176 939 αὖθις
3202 894 3215 908 ο
3258 896 3276 929 ι
3301 880 3397 941 Τίς
3450 880 3612 933 δώσε.
3660 880 3840 945 οὕτως
3893 879 4031 935 εἶναι

2429 965 2529 1034 τὴν
2586 967 2816 1037 καρδίαν
2860 966 2955 1020 τοῦ
3002 966 3158 1033 λαοῦ,
3195 968 3337 1023 ὥστε
3380 972 3661 1039 φοϐεῖσθαι
3701 974 3893 1037 πάσας
3936 980 4030 1039 τὰς

2430 1055 2650 1119 ἐντολάς
2696 1074 2822 1127 μου,
2863 1059 2950 1112 ἵνα
2988 1055 3109 1133 εὗῇ
3146 1061 3295 1132 αὐτῷ
3320 1064 3381 1133 ﬁt
3419 1063 3606 1117 Ταῦτα
3632 1066 3731 1131 μὲν
3775 1069 3804 1119 ό
3837 1066 4023 1135 νόμος.

2427 1148 2596 1216 Φησὶν
2628 1149 2685 1201 δέ
2730 1151 2824 1203 καὶ
2865 1153 2893 1203 ό
2947 1156 3237 1222 προφήτης
3267 1155 3510 1223 Μιχαίας
3538 1172 3554 1187 ·
3589 1176 3605 1207 ι
3634 1158 3746 1209 Καὶ
3775 1159 4029 1210 ἀνατελεί

2427 1239 2559 1308 ἡμῖν
2606 1240 2717 1301 τοῖς
2750 1240 3107 1309 φοϐουμένοις
3132 1242 3222 1294 τὸν
3256 1242 3486 1311 Κύριον,
3514 1245 3709 1297 ’Ἥλιον
3743 1245 4024 1298 δικαιοσύ-

2426 1349 2543 1400 νης.
2580 1331 2689 1383 Καὶ
2718 1330 3096 1396 ἐξελεύσεσθε,
3134 1335 3226 1386 καὶ
3264 1336 3585 1405 σκριτήσετε
3621 1337 3696 1400 ώς
3749 1338 4031 1408 μοσχάρια

2427 1422 2689 1492 ἀνειμένα
2718 1424 2781 1475 ἐκ
2810 1422 3050 1493 δεσμῶν.
3076 1444 3094 1476 ι
3145 1425 3204 1476 'U
3231 1425 3287 1477 δέ
3324 1426 3765 1497 Παροιμιαστὴς,
3799 1448 3819 1480 ι
3862 1431 4029 1499 Ἀρχὴ

2429 1519 2646 1584 σοφίας,
2684 1515 2849 1584 φόϐος
2887 1517 3115 1586 Κυρίου,
3173 1517 3270 1569 καὶ
3311 1518 3580 1588 ὀχύρωμα
3623 1519 3809 1571 όσίου’
3866 1521 4033 1587 φόϐος

2428 1608 2661 1677 Κυρίου,
2693 1606 2848 1677 πηγὴ
2894 1607 3071 1677 ζωῆς·
3123 1610 3270 1660 ποιεῖ
3310 1608 3367 1661 δέ
3416 1608 3665 1661 ἐκκλῖναι
3698 1610 3766 1661 ἐκ
3797 1610 4028 1677 παγίδος

2426 1699 2679 1753 θανάτου.
2707 1718 2724 1749 ι
2775 1699 2884 1751 Καὶ
2911 1698 3071 1750 πάλιν
3093 1714 3105 1726 °
3152 1718 3168 1749 ι
3192 1700 3481 1768 Μακάριος
3503 1693 3547 1766 ᾧ
3590 1698 3899 1769 δεδώρηται
3931 1700 4031 1766 φόο

2426 1790 2518 1852 ϐος
2566 1790 2807 1861 Κύριου·
2847 1789 3011 1857 φόϐος
3058 1790 3267 1859 Κυρίου
3314 1790 3396 1852 είς
3441 1790 3586 1860 ζωὴν
3632 1790 3826 1860 ἀνδρὶ’
3865 1792 4029 1856 φόϐος

730 1886 914 1942 Unum
965 1886 1208 1955 aliquem
1256 1884 1301 1939 si
1348 1893 1556 1946 tuetur,
1602 1890 1659 1936 et
1709 1882 1989 1945 observat,
2047 1879 2187 1934 nihil
2231 1880 2321 1934 hic

2428 1882 2636 1951 Κυρίου
2665 1880 2855 1953 τέρψει
2887 1881 3143 1952 καρδίαν,
3196 1880 3291 1933 καὶ
3327 1880 3491 1937 δώσει
3542 1880 3893 1952 εὐφροσύνην
3932 1881 4030 1934 καὶ

729 1978 1037 2048 quamlibet
1081 1977 1287 2030 multos
1331 1974 1590 2029 timebit:
1620 1974 1809 2044 potius
1852 1974 1924 2027 ob
1959 1973 2110 2028 hunc
2146 1988 2318 2025 unum

730 2071 891 2124 multi
926 2070 1385 2132 exterrebnntur,
1418 2069 1503 2122 vel
1547 2078 1687 2122 teste
1723 2066 2014 2137 Scriptura
2045 2084 2057 2119 :
2092 2085 2111 2118 ι
2144 2065 2200 2120 Si
2247 2064 2319 2120 ti-

729 2161 991 2216 mueritis
1034 2161 1331 2215 Domimnn
1386 2160 1559 2214 Deum
1609 2168 1882 2221 vestrum,
1925 2167 1983 2212 et
2030 2157 2322 2212 audieritis

728 2270 927 2309 vocem
964 2254 1108 2324 ejus,
1148 2268 1313 2306 nemo
1356 2262 1552 2306 contra
1600 2267 1700 2306 vos
1736 2251 1907 2305 stabit
1952 2260 2080 2304 ante
2118 2250 2318 2304 facient

730 2356 997 2409 vestram,
1040 2344 1135 2398 sed
1182 2343 1350 2397 timor
1398 2354 1590 2397 vester
1634 2358 1699 2397 ac
1749 2352 1958 2396 tremor
1991 2342 2102 2396 erit
2150 2357 2321 2412 super

728 2454 924 2493 omnes
956 2447 1152 2507 gentes
1168 2438 1238 2490 ’°.
1271 2455 1289 2487 ι
1319 2437 1514 2489 Denuo
1542 2435 1874 2489 adhortatur
1902 2435 2095 2489 dicens
2120 2451 2134 2487 :
2164 2453 2182 2485 ι
2217 2435 2320 2488 Do-

730 2527 945 2581 minum
991 2527 1163 2579 Deum
1214 2525 1460 2588 timebis,
1487 2534 1545 2578 et
1584 2526 1636 2579 ei
1685 2525 2081 2579 adluerebis".
2116 2544 2133 2577 ι
2170 2525 2320 2578 Rur-

728 2634 822 2673 sus
850 2636 863 2670 :
904 2616 1077 2682 «Quis
1111 2614 1286 2679 dabit,
1320 2622 1382 2668 ut
1413 2615 1486 2669 sit
1521 2615 1604 2669 sic
1652 2630 1750 2669 cor
1782 2613 1997 2684 populi,
2030 2622 2093 2667 ut
2129 2616 2322 2669 timeat

726 2710 915 2764 omnia
964 2708 1225 2762 mandata
1277 2723 1422 2771 mea,
1469 2715 1531 2760 ut
1562 2707 1704 2760 bene
1736 2707 1809 2760 sit
1839 2706 1890 2760 ei
1914 2706 2003 2759 ’νζ
2028 2726 2047 2757 ι
2082 2706 2149 2760 Et
2188 2706 2317 2777 qui-

727 2802 856 2854 dem
910 2798 1028 2853 haec
1066 2798 1235 2851 habet
1287 2798 1396 2851 lex.
1448 2797 1557 2852 Sed
1589 2808 1646 2851 et
1690 2800 1962 2868 propheta
2006 2798 2268 2853 Miehzeas
2304 2817 2317 2853 :

734 2910 754 2942 ι
777 2892 843 2946 Ει
867 2892 1086 2944 orietur
1116 2888 1277 2942 vobis
1317 2890 1649 2943 timentibus
1689 2890 1988 2943 Domimnn
2030 2890 2120 2944 Sol
2151 2890 2317 2960 justi-

731 2985 843 3048 tiae,
889 2992 948 3037 et
993 2981 1362 3052 egrediemini
1395 2992 1452 3035 et
1481 2980 1694 3036 salictis
1732 2981 1891 3050 quasi
1924 2981 2085 3034 vituli
2121 2997 2152 3035 a
2195 2986 2319 3035 vin-

727 3078 873 3133 culis
930 3074 1250 3129 rclaxati”.
1283 3092 1300 3124 ι
1374 3074 1765 3128 Parmmiastes
1822 3073 1956 3126 item
1993 3089 2005 3123 :
2047 3072 2319 3127 «Initium

728 3168 1021 3239 sapientiae
1066 3167 1234 3219 timor
1283 3164 1528 3228 Domini,
1561 3173 1617 3217 et
1658 3162 2137 3233 propugnaculum
2184 3178 2316 3216 san-

2424 1973 2625 2042 χαράν·
2660 1972 2824 2039 φόϐος
2868 1972 3079 2040 Κυρίου
3124 1972 3273 2036 δόσις
3329 1973 3482 2043 παρὰ
3522 1975 3753 2043 Κυρίου.
3798 1974 3895 2045 Τῷ
3929 1991 4027 2043 φο-

2423 2062 2677 2133 ϐουμένῳ
2707 2064 2815 2132 γὰρ
2842 2064 2934 2115 τὸν
2964 2064 3173 2132 Κύριον
3212 2061 3271 2117 εὖ
3301 2064 3455 2118 ἔσται
3509 2065 3598 2117 ἐπ’
3628 2066 3901 2135 ἐσχάτων,
3934 2070 4029 2118 καί

2425 2156 2484 2208 ἐν
2512 2154 2751 2225 ἡμέραις
2776 2154 3039 2222 τελευτῆς
3071 2154 3237 2207 αὑτοῦ
3281 2154 3733 2227 εὑλογηθήσεται.
3768 2157 4029 2227 Πλησμοο

2424 2245 2489 2315 νὴ
2535 2246 2752 2313 σοφίας,
2794 2244 3084 2315 φοϐεῖσθαι
3130 2245 3360 2317 Κύριον,
3415 2248 3511 2299 καὶ
3562 2247 3788 2318 μεθύσει
3825 2249 4027 2307 αὐτοὺς

2423 2338 2531 2391 ἀπὸ
2560 2337 2672 2390 τῶν
2701 2339 2934 2408 καρπῶν
2968 2339 3161 2407 αὐτῆς.
3191 2357 3294 2389 ι-
3318 2356 3338 2389 ι
3383 2339 3779 2410 Ἐπεθύμησας
3807 2341 4022 2409 σοφίαν

2422 2428 2758 2499 διατήρησον
2783 2430 3028 2495 ἐντολὰς,
3059 2432 3153 2485 καὶ
3182 2433 3209 2484 ὁ
3239 2431 3448 2502 Κύριος
3482 2434 3785 2504 χορηγήσει
3815 2450 3903 2486 σοι
3936 2434 4027 2486 αύ-

2423 2524 2544 2593 τήν.
2585 2523 2648 2574 Ut
2683 2521 3014 2592 φοϐούμενοι
3056 2523 3148 2576 τὸν
3179 2523 3387 2594 Κύριον
3420 2524 3574 2577 οὐδὲν
3615 2524 4026 2595 εὐλαϐηθήσον-

2423 2633 2536 2676 ται,
2565 2615 2661 2669 καὶ
2688 2614 2750 2667 οὐ
2778 2614 2851 2687 μὴ
2880 2614 3262 2681 δειλιάσουσιν,
3292 2618 3376 2670 δτι
3394 2618 3555 2679 αὐτὸς
3586 2617 3746 2680 ἐλπὶς
3770 2618 4017 2671 αὐτῶν.»

2424 2708 2537 2761 Καὶ
2567 2709 2594 2757 δ
2624 2707 2805 2759 Δαυῖδ
2825 2723 2837 2735 ο
2870 2724 2890 2758 ι
2915 2708 3100 2778 Στόμα
3120 2708 3332 2762 δικαίου
3363 2710 3653 2780 μελετήσει
3684 2709 3902 2779 σοφίαν,
3930 2715 4027 2764 καὶ

2423 2799 2457 2869 ἡ
2498 2798 2719 2866 γλῶσσα
2754 2797 2920 2852 αὑτοῦ
2953 2798 3184 2870 λαλήσει
3220 2800 3428 2872 κρίσιν.
3461 2802 3589 2855 Ὀτι
3620 2802 3766 2854 κατά
3795 2803 3860 2855 τὸ
3890 2800 4029 2872 ὕψος

2422 2891 2519 2944 τοῦ
2569 2892 2805 2962 οὐρανοῦ
2852 2892 2962 2945 ἀπὸ
3018 2895 3119 2963 τῆς
3174 2894 3278 2963 γῆς
3333 2894 3680 2965 ἐκραταίωσε
3730 2893 4031 2965 Κύριοςτο

2423 2982 2575 3045 ἔλεος
2621 2983 2789 3036 αὐτοῦ
2842 2985 2935 3037 ἐπὶ
2990 2988 3117 3048 τοὺς
3168 2986 3546 3056 φοϐουμένους
3600 2988 3786 3041 αὐτόν.
3818 3007 3837 3040 ι
3891 2991 4029 3049 Καὶ,

2429 3092 2448 3123 ι
2479 3073 2552 3125 Τὸ
2574 3073 2786 3145 θέλημα
2818 3076 2926 3128 τῶν
2955 3076 3310 3146 φοϐουμένων
3334 3077 3500 3130 αὐτὸν
3536 3082 3778 3148 ποιήσει,
3813 3082 4031 3149 καὶτῆς

2422 3165 2662 3235 δεήσεως
2703 3167 2886 3220 αὐτῶν
2929 3168 3340 3229 είσακούσεται,
3384 3169 3481 3221 καὶ⁵
3533 3169 3698 3222 σώσει
3747 3172 3977 3235 αὐτούς.
4006 3192 4026 3223 ι

727 3228 902 3327 eti”;
940 3260 1105 3313 timor
1146 3257 1363 3311 Domini
1400 3256 1527 3311 fons
1556 3256 1704 3319 vitae,
1744 3266 1804 3309 ut
1840 3228 2006 3309 iaciat
2038 3254 2319 3309 declinare

2433 3228 2565 3323 Kal,
2606 3277 2623 3309 ι
2649 3256 2994 3328 Κραταίωμα
3040 3258 3246 3328 Κύριος
3279 3228 3390 3311 τών
3425 3258 3781 3328 φοϐουμένων
3831 3228 4027 3316 αὺτδν·

728 3373 759 3412 a
788 3358 990 3424 laqueo
1022 3350 1305 3406 mortis".
1343 3368 1362 3401 ι
1406 3349 1614 3403 lterum
1649 3365 1662 3401 :
1702 3368 1719 3399 ι
1745 3347 1969 3413 Beatus,
2015 3348 2105 3400 cui
2149 3347 2323 3401 dona-

727 3456 819 3503 tus
863 3456 951 3502 est
998 3446 1167 3499 timor
1229 3440 1528 3496 Domini“.
1563 3458 1708 3492 ι-ι
1737 3440 1930 3493 Timor
1989 3438 2211 3493 Domini
2250 3438 2319 3492 ad

726 3538 899 3595 vitam
929 3537 1051 3591 viro
1071 3536 1137 3588 ”.
1164 3554 1183 3585 ι
1208 3562 1280 3573 —
1306 3551 1323 3584 ι
1348 3532 1543 3586 Timor
1588 3530 1811 3584 Domini
1846 3530 2153 3585 delectabit
2199 3545 2319 3595 cor,

725 3642 785 3687 et
825 3630 981 3685 dabit
1024 3628 1270 3683 laetitiam
1315 3636 1372 3681 et
1418 3624 1682 3696 gaudium
1702 3623 1769 3678 ".
1804 3643 1822 3675 ι
1851 3642 1958 3674 -ι
1983 3623 2176 3677 Timor
2210 3623 2318 3676 Do-

729 3720 865 3774 mini
897 3720 1103 3774 donum
1140 3726 1227 3772 est
1258 3732 1287 3770 a
1313 3717 1549 3771 Domino
1572 3716 1617 3746 ”
1645 3732 1659 3780 ;
1695 3714 1910 3767 timenti
1949 3713 2097 3767 enim
2130 3712 2320 3767 Domi-

730 3829 865 3868 nmn
922 3812 1066 3866 bene
1094 3810 1204 3865 erit
1241 3810 1296 3864 in
1330 3807 1671 3872 novissimis,
1706 3815 1764 3861 et
1797 3807 1850 3861 in
1886 3806 2086 3860 diebus
2118 3805 2320 3859 defun-

729 3904 932 3958 etionis
984 3902 1161 3973 ipsius
1221 3899 1587 3955 benedieetur
1611 3900 1651 3952 ‘.
1684 3918 1703 3950 ι
1728 3926 1791 3938 -—
1824 3897 2164 3952 «Plenitudo
2228 3913 2320 3951 sa-

729 3996 958 4067 pientiae
984 4003 1073 4049 est
1105 3994 1303 4048 timere
1351 3992 1667 4056 Dominum,
1701 3999 1757 4045 et
1797 3990 2096 4045 inebriabit
2122 4006 2221 4046 eos
2252 3990 2322 4045 de

731 4090 1012 4143 fructibus
1053 4088 1223 4141 suis’.
1253 4104 1271 4138 ι
1310 4086 1517 4141 lterum
1555 4103 1569 4139 :
1609 4103 1627 4136 ι
1661 4084 2043 4153 Concupivisti
2094 4084 2318 4153 sapien-

732 4183 864 4235 tiam
885 4184 909 4234 ?
929 4180 1099 4235 Serva
1128 4180 1404 4242 mandata,
1436 4187 1492 4232 et
1512 4178 1777 4231 Dominus
1799 4177 2087 4231 dabiteam
2121 4176 2222 4230 tibi
2241 4176 2314 4229 ³.»

730 4293 843 4325 -ι
872 4273 978 4339 Qui
1016 4273 1215 4326 timent
1260 4272 1579 4333 Dominum,
1630 4270 1768 4322 nihil
1828 4270 2174 4323 verebuntur
2225 4276 2323 4323 aut

730 4374 1125 4435 expavescent,
1157 4364 1286 4433 quia
1326 4363 1443 4433 ipse
1472 4378 1597 4431 spes
1621 4362 1845 4418 illorum
1880 4372 1965 4416 est
1985 4362 2026 4417 ⁸.
2050 4380 2068 4413 ι
2102 4360 2275 4415 David
2305 4377 2319 4414 :

736 4476 754 4508 ι
776 4458 853 4512 Os
882 4456 1017 4527 justi
1043 4454 1405 4510 meditabitur
1432 4454 1785 4523 sapientiam,
1810 4461 1866 4506 et
1898 4453 2112 4523 1238
2132 4453 2321 4522 lingua

729 4547 854 4615 eius
911 4546 1171 4614 loquetur
1214 4544 1488 4615 judicium
1508 4544 1550 4598 '.
1580 4562 1599 4594 ι
1644 4574 1714 4583 -
1760 4563 1777 4595 ι
1805 4542 1941 4609 Quia
2013 4543 2320 4597 secundum

732 4636 1084 4692 altitudinem
1133 4636 1260 4691 caeli
1312 4652 1345 4690 a
1405 4644 1549 4690 terra
1621 4635 2009 4690 corroboravit
2058 4635 2323 4689 Dominus

734 4726 1175 4782 misericordiam
1247 4742 1403 4781 suam
1472 4741 1644 4796 super
1700 4726 1960 4780 timentes
1998 4725 2114 4779 se“.
2147 4742 2166 4775 ι
2216 4723 2325 4779 Et:

2431 3352 2523 3402 καὶ
2559 3351 2591 3419 ἡ
2625 3348 2861 3419 διαθήκη
2893 3348 3062 3402 αὐτοῦ
3111 3348 3341 3419 δηλώσει
3382 3349 3603 3412 αὐτούς.
3648 3350 3780 3405 Ἰδοὺ
3830 3353 3943 3422 γὰρ
3980 3355 4030 3405 οί

2431 3441 2708 3511 ὀφθαλμοὶ
2739 3442 2949 3511 Κυρίου
2981 3442 3073 3494 ἐπὶ
3104 3442 3232 3505 τοὺς
3254 3440 3627 3512 φοϐουμένους
3658 3443 3844 3498 αὐτόν.
3871 3463 3890 3494 ι
3919 3446 4033 3498 Καὶ

2430 3533 2559 3601 περὶ
2591 3531 2811 3595 ἐαυτοῦ,
2858 3552 2876 3584 ι
2907 3532 3285 3604 Εὑφρανθήτω
3317 3536 3351 3603 ἡ
3386 3534 3583 3604 καρδία
3635 3552 3739 3604 μου
3780 3537 3881 3589 τοῦ
3929 3555 4031 3605 φορ

2430 3624 2647 3677 δεῖσθαι
2695 3624 2759 3677 τὸ
2806 3624 2979 3694 δνομά
3030 3640 3189 3678 σου.»
3242 3624 3351 3677 Kal
3387 3625 3448 3677 τὸ
3497 3626 3704 3693 ἀγαθὸν
3756 3627 4029 3698 Πνεῦμα·

2436 3738 2454 3767 ε
2480 3719 2727 3788 Μέτοχος
2778 3716 2891 3785 ἐγώ
2941 3719 3059 3788 είμι
3106 3719 3328 3771 πάντων
3370 3718 3480 3771 τῶν
3529 3718 3889 3788 φοϐουμένων
3946 3738 4028 3782 σε,

2430 3810 2663 3864 καὶτῶν
2699 3809 3088 3878 φυλασσόντων
3116 3808 3216 3871 τὰς
3253 3809 3475 3872 ἐντολάς
3510 3826 3628 3862 σου.
3657 3829 3674 3860 ι
3728 3809 3786 3862 '0
3814 3811 3873 3863 δέ
3924 3812 4029 3866 Ἰἀ-

2432 3900 2611 3964 κωϐος
2630 3916 2644 3930 ⁸
2676 3918 2693 3951 ι
2716 3900 2781 3952 'll
2811 3899 2867 3951 δέ
2892 3898 3102 3952 ἀνωθεν
3126 3900 3288 3968 σοφία
3309 3900 3531 3970 πρῶτον
3562 3900 3661 3970 μὲν
3689 3901 3833 3971 ἀγνή
3857 3902 4029 3963 ἐστιν,

2429 3990 2623 4043 ἔπειτα
2640 3990 2913 4060 είρηνικὴ,
2929 3988 3496 4059 ἐπιεικὴς,εὑπειθὴς,
3518 3992 3693 4061 μεστὴ
3708 3991 3897 4053 ἐλέους
3934 3994 4031 4044 καὶ

2430 4080 2660 4153 καρπῶν
2716 4080 2961 4149 ἀγαθῶν,
2995 4079 3332 4151 ἀδιάκριτος,
3376 4081 3781 4151 ἀνυπόκριτος·
3814 4083 4031 4152 καρπὸς

2428 4173 2485 4226 δέ
2506 4172 2857 4241 δικαιοσύνης
2878 4175 2936 4225 ἐν
2950 4172 3141 4243 είρήνῃ
3162 4172 3447 4240 σπείρεται
3462 4176 3571 4235 τοῖς
3598 4173 3846 4227 ποιοῦσιν
3872 4177 4030 4244 εἰρή-

2431 4282 2548 4333 νην.
2581 4283 2599 4315 ι
2637 4266 2749 4319 Kal
2776 4265 2805 4317 ὁ
2834 4263 3062 4335 Πέτρος,
3102 4284 3119 4314 ι
3152 4265 3243 4317 Ἐν
3271 4267 3432 4317 παντὶ
3466 4264 3613 4317 ἔθνει
3663 4268 3692 4318 ό
3744 4266 4028 4335 φοϐούμε-

2430 4374 2520 4419 νος
2553 4356 2645 4410 τὸν
2690 4356 2918 4427 Κύριον,
2971 4356 3068 4409 καὶ
3120 4356 3499 4425 ἐργαζόμενος
3538 4357 3896 4426 δικαιοσύνην
3942 4358 4031 4410 δε-

2429 4450 2558 4514 κτὸς
2584 4450 2736 4522 αὐτῷ
2758 4453 2928 4504 ἐστιν.
2949 4468 2967 4501 ι
3002 4450 3060 4503 'O
3081 4448 3138 4502 δέ
3169 4448 3404 4519 Κύριος·
3437 4468 3455 4500 ι
3485 4449 3577 4518 Μὴ
3605 4448 3887 4519 φοϐηθῆτε
3922 4452 4033 4503 ex;

2429 4544 2539 4597 τῶν
2568 4542 3002 4596 ἀποκτεινόντων
3029 4541 3093 4594 τδ
3117 4541 3300 4609 σῶμα,
3335 4540 3435 4610 τὴν
3463 4541 3522 4593 δέ
3556 4541 3739 4611 ψυχὴν
3769 4542 3847 4611 μὴ
3872 4542 4036 4596 8w:-

2432 4634 2613 4703 μένων
2643 4634 2986 4686 ἀποκτεῖναι.
3014 4629 3299 4701 Φοϐήθητε
3331 4630 3390 4683 δέ
3423 4630 3633 4700 μᾶλλον
3663 4632 3754 4683 τὸν
3798 4634 3942 4701 μετά
3973 4632 4037 4684 τὸ

2429 4727 2754 4779 ἀποκτεῖναι
2779 4723 2977 4794 έχοντα
3007 4723 3260 4787 ἐξουσίαν
3293 4726 3394 4793 τὴν
3426 4722 3610 4793 ψυχὴν
3640 4724 3825 4777 καὶτὸ
3867 4725 4038 4793 σῶμα

740 4839 760 4870 ε
789 4818 1141 4874 Volnntatem
1183 4818 1502 4874 timentium
1545 4832 1604 4872 se
1654 4817 1844 4880 faciet,
1878 4826 1936 4872 et
1984 4816 2321 4886 deprecatio-

2429 4814 2695 4869 ἀπολέσαι
2744 4816 2805 4867 ἐν
2852 4814 3083 4885 γεέννῃ.
3105 4831 3122 4864 ι
3156 4812 3265 4864 Nal
3292 4811 3436 4878 λέγω
3469 4812 3621 4881 ὑμῖν,
3651 4811 3821 4865 αὐτὸν
3854 4813 4035 4881 φοϐή·

733 4923 862 4963 nent
912 4923 1105 4962 eorum
1151 4908 1409 4963 exaudiet
1451 4916 1508 4962 et
1558 4908 1741 4962 salvos
1778 4907 2108 4961 laeieteos'
2160 4925 2177 4956 ι
2215 4906 2321 4962 Et:

2431 4910 2584 4980 θητε.
2616 4908 2772 4979 Αὐτῷ
2800 4908 2833 4978 ἡ
2858 4906 2986 4971 δόξα
3015 4907 3094 4969 είς
3120 4906 3249 4969 τοὺς
3274 4904 3499 4968 αἰῶνας.
3542 4905 3737 4975 ’Δμήν.

740 5019 759 5051 ι
791 5001 1229 5055 Firmamentum
1271 5000 1538 5055 Dominus
1587 4998 1901 5053 timentium
1957 5013 2038 5060 se.
2068 5006 2125 5053 et
2159 5007 2330 5053 testa-

732 5100 981 5145 mentum
1028 5106 1189 5146 suum
1247 5090 1625 5145 manifestabit
1657 5089 1778 5155 eis;
1842 5103 1971 5142 ecce
2021 5089 2173 5141 enim
2234 5086 2381 5142 oculi
2425 5087 2642 5141 Domini
2687 5101 2856 5155 super
2896 5084 3158 5139 timentes
3202 5098 3328 5137 eum
3351 5082 3391 5136 ⁸.
3423 5102 3442 5135 ι
3478 5082 3629 5137 Idem
3685 5082 3754 5138 de
3804 5084 4033 5154 seipse:

733 5186 976 5240 Ltrtetur
1029 5200 1127 5240 eor
1180 5200 1387 5248 meum,
1437 5193 1497 5239 et
1550 5184 1741 5238 timeat
1797 5198 1999 5238 nomen
2044 5184 2266 5238 tuum’.
2299 5202 2315 5233 ι
2364 5181 2593 5236 Alllatus
2632 5193 2854 5251 quoque
2925 5194 3057 5233 aura
3095 5177 3338 5247 Spiritus
3409 5176 3611 5238 sancti,
3675 5176 3796 5230 ait:
3840 5196 3857 5225 ι
3897 5178 4031 5231 Par-

734 5288 912 5348 tieeps
966 5294 1067 5348 ego
1116 5293 1237 5331 sum
1292 5277 1542 5331 omnium
1594 5276 1909 5330 timentium
1948 5287 2023 5342 te,
2058 5286 2113 5332 et
2140 5277 2578 5332 custodientium
2620 5274 2881 5328 mandata
2945 5283 3038 5327 tua
3064 5273 3126 5326 ".
3160 5292 3177 5323 ι
3247 5272 3489 5327 Jacohus
3548 5280 3785 5325 autem:
3853 5291 3870 5321 ι
3904 5271 4040 5337 Qua:

730 5373 1025 5425 desursum
1070 5382 1155 5425 est
1194 5370 1487 5440 sapientia,
1529 5369 1770 5439 primum
1829 5370 2056 5440 quidem
2102 5370 2300 5440 pudiea
2341 5380 2444 5435 est,
2514 5369 2716 5425 deinde
2782 5368 3030 5439 paciﬁca,
3095 5365 3366 5429 modesta,
3401 5364 3706 5428 suasibilis,
3738 5364 3902 5432 plena
3929 5366 4037 5419 mi-

730 5463 1036 5521 sericordia
1065 5470 1122 5517 et
1154 5461 1434 5517 fructibus
1462 5462 1645 5527 bonis,
1668 5462 1878 5534 absque
1940 5464 2358 5535 dijudicatione,
2401 5465 2520 5518 sine
2591 5462 2988 5526 simulatione;
3036 5460 3257 5514 fructus
3304 5467 3490 5513 autem
3535 5459 3770 5529 juStitiae
3798 5458 3854 5511 in
3900 5475 4038 5527 pace

2174 5622 2217 5653 "
2256 5622 2434 5677 Levit.
2486 5638 2609 5683 ιιι,
2666 5620 2757 5675 52.
2868 5619 2916 5651 "
2948 5619 3111 5672 Deut.
3143 5634 3233 5671 xm
3256 5658 3270 5682 ,
3299 5616 3395 5670 Ἥ.
3523 5615 3571 5647 ’³
3599 5613 3833 5672 Malach.
3870 5630 3946 5673 tv.
3982 5613 4039 5667 2.

2732 5690 2965 5774 ’Zlirov.
3000 5706 3111 5752 nx,
3146 5688 3358 5774 23...."
3388 5686 3557 5774 Eeelj.
3595 5702 3633 5774 ι,
3680 5685 3767 5738 l2.
3849 5685 3899 5716 "
3933 5685 4043 5774 E5:-

2761 5762 2782 5793 ⁶
2816 5761 2982 5816 Eceli.
3018 5776 3201 5821 xxxiv,
3238 5759 3326 5810 lli.
3437 5757 3459 5787 '
3493 5757 3638 5809 Psal.
3693 5770 3894 5822 xxxvi,
3949 5754 4041 5810 Ξθ.

2772 5847 2965 5887 tau-vv.
3009 5831 3088 5885 ll.
3194 5831 3236 5859 “’
3262 5827 3407 5881 Psal.
3435 5842 3621 5887 cxvm,
3656 5826 3740 5879 (i3.

802 5620 850 5650 τ’
874 5616 996 5671 Psal
1070 5633 1225 5680 xvnt.
1272 5620 1356 5675 l0.
1460 5623 1507 5654 ”
1534 5622 1708 5677 Exod.
1752 5639 1904 5688 χχιιι,
1950 5622 2040 5678 22.

733 5691 779 5722 ⁸³
807 5691 966 5743 l’rov.
1006 5703 1042 5747 I.
1085 5690 1153 5749 7;
1187 5690 1356 5744 Ecrli.
1390 5710 1425 5755 ι,
1461 5693 1543 5746 l8.
1658 5696 1704 5724 ”
1730 5693 1893 5747 Prov.
1922 5711 2031 5757 xw,
2063 5694 2155 5747 27.
2231 5697 2278 5725 "
2312 5695 2321 5747 l

2428 5695 2455 5746 Ι.
2493 5709 2573 5751 ιιι,
2604 5693 2655 5745 1.

733 5759 825 5811 eli.
864 5774 986 5819 xxv,
1025 5759 1111 5811 15.
1233 5762 1245 5789 ¹
1284 5763 1450 5815 lieth.
1489 5781 1523 5821 ι,
1564 5764 1641 5817 I5.
1760 5768 1777 5794 ¹
1824 5766 1994 5818 Εοςιί.
2026 5781 2065 5821 ι.
2106 5763 2198 5817 20.

2428 5764 2504 5816 vid.
2558 5764 2645 5816 33.

735 5828 924 5885 ‘I‘sal.
958 5846 1046 5881 (‘|l.
1093 5830 1171 5883 ll.
1218 5832 1234 5857 ⁷
1266 5833 1403 5886 l’sal.
1459 5850 1629 5887 um.
1669 5836 1749 5887 19.
1839 5836 1859 5865 "
1894 5835 2031 5888 l'sal.
2064 5850 2205 5893 μιν,
2255 5834 2334 5895 Η,
2384 5835 2463 5889 15.
2544 5834 2563 5864 ⁹
2595 5833 2736 5889 I‘sal.
2772 5847 2965 5890 I.x.\'vv.
3009 5831 3088 5885 II.
