4178 6424
195 407 212 468 i
225 413 325 472 833

858 407 1184 467 IIOMILIA
1223 405 1542 465 CXXVIII.
1581 427 1645 437 -
1688 403 1784 462 DE
1825 398 2259 461 CllARl'l‘ATE
2296 396 2494 455 ERGA
2539 394 2774 453 DEUM.

3308 382 3442 449 ιειι

194 521 493 575 seminatur
524 515 855 571 facientibus
883 532 1071 585 pacem
1095 516 1161 568 “.
1195 533 1214 567 ι
1241 515 1435 568 Petrus
1464 526 1595 565 vero
1626 528 1639 563 :
1669 511 1768 564 «ιιι
1806 509 1956 563 onmi
1994 518 2155 578 gente
2188 507 2281 577 qui
2352 507 2507 560 timet
2541 504 2831 556 Dominum
2865 508 2921 555 et
2964 508 3223 567 operatur
3285 496 3449 567 justi.

196 615 345 673 tiam,
377 620 637 679 acceptus
669 618 753 662 est
784 609 835 662 ei
894 609 957 661 ".
989 626 1007 658 ι
1056 607 1325 661 Dominus
1371 605 1548 658 item:
1620 601 1843 656 «Nolite
1882 600 2076 655 timere
2122 615 2218 654 eos
2268 599 2362 669 qui
2418 612 2622 666 corpus
2660 592 2945 653 occidunt,
2986 590 3224 644 animam
3265 598 3451 641 autem

190 724 295 761 non
339 715 573 775 possunt
620 703 875 757 occidere
906 720 918 755 :
947 702 1138 755 timete
1190 710 1373 753 autem
1440 697 1612 766 magis
1650 711 1802 759 eum,
1841 696 1935 764 qui
1981 703 2272 764 postquam
2318 691 2591 747 occiderit
2658 703 2878 758 corpus,
2918 685 3086 738 habet
3125 691 3454 752 potestatem

189 813 242 854 et
277 799 515 851 animam
552 805 609 849 et
653 810 859 864 corpus
904 792 1174 865 perdendi
1216 791 1272 845 in
1304 791 1618 860 gehennam
1643 790 1709 843 ".
1741 807 1759 841 ι
1798 789 1961 846 Certe
1989 789 2117 844 dico
2150 788 2331 853 vobis,
2389 803 2516 842 eum
2581 784 2791 838 timete.
2817 781 2923 851 Ipsi
2953 779 3129 851 gloria
3151 779 3207 832 in
3233 775 3453 831 saecula.

190 896 381 949 Amen.

753 1001 972 1055 ΛΟΓΟΣ
1009 1001 1099 1052 PK
1110 1001 1191 1054 η’.

550 1113 690 1181 Περὶ
724 1113 834 1180 τῆς
865 1114 950 1178 εις
982 1111 1130 1164 θεὸν
1160 1109 1423 1179 ἀγάπης.

265 1227 532 1298 Προὸήτω
579 1230 606 1280 6
642 1227 796 1294 λόγος
848 1228 911 1278 ὲκ
954 1224 1052 1276 τοῦ
1094 1224 1261 1288 φόόου
1313 1223 1406 1275 τοῦ
1444 1221 1645 1288 Κυρίου
1687 1221 1779 1273 ἐπὶ

194 1320 293 1390 τὴν
340 1320 551 1372 τελείαν
594 1320 817 1387 ἀγάπην
860 1316 1049 1371 αὑτοῦ.
1102 1314 1348 1385 ’Δγάπην
1385 1315 1441 1368 δὲ
1486 1314 1654 1381 λέγω,
1679 1314 1779 1382 τὴν

196 1413 435 1483 ἀρραγῆ,
483 1412 581 1481 τὴν
629 1412 704 1480 μὴ
751 1408 1116 1478 τεμνομένην,
1150 1409 1283 1478 μήτε
1321 1406 1698 1477 χωριζομένην
1724 1405 1780 1456 ἐν

198 1503 460 1563 ποικίλοις
497 1504 821 1570 πειρασμοῖς
872 1501 967 1551 καὶ
1016 1498 1268 1567 βασάνοις
1292 1536 1306 1558 ,
1357 1498 1454 1566 τὴν
1487 1495 1605 1563 Θεῷ
1638 1494 1778 1564 πλη-

200 1592 512 1654 σιάζουσαν,
559 1591 654 1644 καὶ
697 1591 864 1643 τέκνα
909 1588 1046 1641 Θεοῦ
1101 1586 1498 1641 ἀποτεκοῦσαν.
1539 1586 1783 1655 ’Δγάιτηε

202 1701 284 1747 σις
326 1684 434 1753 γάρ
470 1683 678 1753 Κυρίου
708 1684 801 1734 καὶ
834 1680 1018 1749 φόϐος,
1052 1682 1191 1749 ὑπὲρ
1236 1678 1414 1732 πάντα
1442 1676 1783 1748 ὑπερέϐαλεν

200 1778 277 1837 εἰς
318 1774 620 1842 φωτισμόν.
675 1792 693 1823 «
725 1773 831 1826 Καὶ
876 1773 924 1824 οἱ
974 1772 1243 1841 ὀφθαλμοὶ
1282 1771 1485 1841 Κυρίου
1527 1772 1619 1823 ἐπὶ
1647 1774 1774 1835 τοὺς

200 1865 530 1932 ἀγαπῶντας
559 1865 741 1917 αὑτόν.
766 1882 784 1914 ι
838 1864 898 1916 Ὀ
924 1863 981 1915 ὲν
1006 1862 1255 1932 αἰσθήσει
1282 1863 1507 1932 καρδίας
1553 1864 1785 1931 ἀγαπῶν

200 1957 291 2009 τὸν
329 1956 482 2016 Θεὸν,
533 1956 739 2016 ἐκεῖνος
781 1954 1048 2022 ἔγνωσται
1090 1954 1183 2008 ὑπ’
1224 1954 1413 2007 αὑτοῦ.
1467 1953 1527 2007 '0
1573 1954 1786 2007 τελείαν

206 2050 285 2109 εἰς
310 2047 445 2099 Θεὸν
471 2047 693 2114 ἀγάπην
732 2044 1093 2115 κεκτημένος,
1133 2045 1193 2097 έν
1242 2044 1377 2114 τῷδε
1406 2044 1483 2115 τῷ
1510 2044 1609 2115 βίῳ
1648 2043 1788 2114 πάρ-

204 2153 341 2194 εστι,
371 2136 444 2198 ὡς
481 2138 528 2188 εἰ
558 2137 619 2188 οὑ
651 2135 905 2205 πάρεστι.
943 2134 1108 2186 Ξένον
1160 2132 1269 2202 γὰρ
1319 2134 1513 2185 ἑαυτὸν
1569 2135 1786 2204 ἡγεῖται

203 2228 312 2279 τῶν
338 2227 653 2296 ὁρωμένων,
699 2225 984 2296 καρτερῶν
1009 2225 1118 2277 τῶν
1161 2224 1433 2294 ἀοράτων.
1466 2223 1648 2287 Ὀλως
1676 2223 1786 2291 γὰρ

1798 984 1847 1040 Λ

2369 990 2653 1046 ιιοιιιιλΑ
2689 986 2976 1044 CXXVIII.

2080 1108 2154 1161 De
2183 1109 2446 1161 charitnte
2477 1106 2583 1157 sive
2611 1104 2890 1157 dilectione
2916 1117 3044 1172 erga
3075 1098 3260 1155 Deum.

1947 1221 2259 1289 Cousurgat
2296 1227 2487 1272 noster
2538 1216 2631 1271 hic
2677 1232 2861 1270 sermo
2899 1231 2964 1269 ae
3011 1224 3462 1285 promoventur:

1882 1313 2080 1367 timore
2114 1312 2209 1365 Dei
2253 1310 2319 1364 ad
2360 1307 2660 1378 perfectam
2700 1307 2876 1377 ipsius
2908 1306 3288 1361 dilectionem.
3317 1306 3463 1360 Sane

1879 1421 2001 1460 eam
2056 1404 2290 1458 dixerim
2344 1400 2699 1462 eharitatem,
2735 1413 2859 1467 qum
2909 1397 3142 1450 infracta
3184 1398 3257 1451 sit
3288 1407 3345 1451 et
3375 1398 3465 1450 in-

1882 1513 2169 1559 concussa,
2206 1511 2329 1565 qua:
2353 1492 2708 1563 impartibilis
2736 1492 2807 1545 sit
2837 1499 2892 1545 et
2922 1489 3228 1552 individua,
3256 1506 3379 1551 qua:
3408 1506 3469 1544 se

1883 1588 2044 1641 avelli
2087 1602 2151 1641 ac
2187 1584 2374 1639 diduci
2407 1583 2573 1637 nullis
2607 1582 2753 1637 sinat
2790 1581 3063 1651 (qualibet
3115 1583 3307 1637 multis
3339 1592 3468 1635 tun—

1883 1678 2071 1746 datur)
2122 1676 2491 1731 tentationum
2538 1674 3025 1743 suppliciorumve-
3062 1674 3467 1729 attritionihus.

1883 1770 2017 1825 Eam
2073 1769 2321 1838 intelligo
2367 1767 2693 1821 charitatem
2735 1783 2857 1835 qua-
2897 1784 2999 1821 nos
3065 1768 3176 1821 Deo
3217 1768 3472 1835 proxime

1885 1861 2168 1915 connectit
2196 1867 2251 1913 et
2284 1856 2631 1912 confmdcrat
2654 1875 2667 1910 :
2692 1872 2814 1925 qua:
2851 1872 2950 1911 nos
2979 1857 3147 1911 eﬂieit
3175 1859 3270 1912 Dei
3304 1858 3469 1913 ﬁlios.

1884 1951 1965 2006 Ad
1998 1950 2355 2005 illustrandas
2388 1949 2623 2012 animas,
2657 1946 2885 2001 dilectio
2930 1948 3027 2002 Dei
3073 1960 3130 2003 et
3174 1949 3337 2003 timor
3363 1966 3475 2004 cm-

1887 2052 2037 2097 tcras
2066 2043 2301 2096 virtutes
2326 2041 2486 2096 facile
2512 2048 2850 2109 exsuperant
2882 2055 2894 2091 :
2945 2060 2962 2091 «
2990 2038 3148 2095 Oculi
3175 2042 3322 2095 enim
3366 2042 3473 2094 Do-

1887 2135 2021 2189 mini
2071 2150 2237 2203 super
2290 2134 2585 2202 diligentes
2618 2133 2832 2184 curn".
2862 2151 2878 2182 ι
2914 2132 3017 2198 Qui
3064 2132 3231 2202 pleno
3287 2133 3476 2188 cordis

1886 2242 2049 2281 sensu
2102 2228 2275 2280 Deum
2332 2225 2533 2295 diligit,
2587 2225 2655 2277 ab
2706 2225 2825 2294 ipso
2880 2224 3003 2277 talis
3053 2224 3312 2292 cognitus
3363 2234 3473 2280 est.

204 2317 494 2382 moime
550 2321 629 2381 εἰς
677 2317 779 2387 τὴν
832 2318 1055 2386 ἀγάπην
1101 2317 1196 2371 τοῦ
1245 2320 1403 2382 Θεοῦ,
1453 2320 1528 2383 ὼς
1586 2320 1787 2383 ἐκστὰς

1897 2319 2153 2387 Quisquis
2198 2317 2497 2387 perfectam
2544 2317 2599 2370 in
2652 2317 2825 2371 Deum
2885 2317 3243 2371 dilectionem
3305 2319 3475 2373 semel

206 2406 353 2471 ἅπαξ
387 2411 488 2477 τῆς
535 2406 731 2460 ἑαυτοῦ
777 2408 959 2476 φιλίας
999 2410 1066 2479 τῇ
1109 2409 1299 2480 ἀγάπῃ
1346 2410 1441 2462 τοῦ
1478 2409 1634 2463 Θεοῦ.
1675 2430 1692 2461 «
1722 2411 1783 2463 lii

207 2499 315 2569 γὰρ
344 2499 439 2552 καὶ
476 2498 801 2568 ἐξέστημεν,
836 2500 1025 2570 φησὶν,
1055 2499 1195 2571 Θεῷ,
1234 2501 1342 2553 εἴτε
1375 2500 1783 2572 σωφρονοῦμεν,

208 2590 358 2657 ὑμῖν.
393 2608 412 2640 ι
458 2589 519 2642 Ὀ
546 2591 740 2643 ἑαυτὸν
781 2590 975 2659 φιλῶν,
1000 2593 1091 2643 τὸν
1128 2591 1261 2643 Θεὸν
1290 2591 1513 2661 ἀγαπᾷν
1544 2592 1604 2643 οὑ
1623 2591 1786 2644 δύνα-

207 2697 319 2732 ται.
364 2680 423 2731 '0
457 2680 514 2732 δὲ
549 2682 739 2733 ἑαυτὸν
771 2682 845 2751 μὴ
873 2680 1041 2750 φιλῶν
1071 2681 1260 2734 ’ἐνεκεν
1293 2680 1387 2733 τοῦ
1419 2681 1785 2751 ὑπερϐάλλονο

206 2788 301 2833 τος
336 2770 569 2823 πλούτου
594 2773 695 2842 τῆς
730 2772 951 2841 ἀγάπης
994 2772 1089 2825 τοῦ
1127 2772 1286 2836 Θεοῦ,
1314 2769 1471 2833 οὗτος
1518 2772 1610 2824 τὸν
1656 2771 1789 2823 Θεὸν

210 2863 421 2932 ἀγαπᾷ.
456 2862 676 2932 Πρῶτος
706 2865 733 2915 ὁ
776 2863 938 2933 νόμος
986 2862 1318 2934 διαγορεύει,
1347 2863 1557 2931 λέγων·
1599 2882 1616 2915 «
1649 2860 1789 2929 Ἐγὼ

212 2953 442 3023 Κύριος,
472 2956 500 3006 6
548 2953 717 3006 ποιῶν
748 2953 896 3018 ἕλεος
933 2956 1048 3017 τοῖς
1080 2954 1372 3023 ἀγαπῶσιν
1421 2971 1487 3025 με
1540 2955 1635 3007 καὶ
1679 2957 1791 3017 τοῖς

211 3045 551 3113 φυλάσσουσι
610 3045 677 3097 τὰ
736 3046 1137 3116 προστάγματά
1186 3064 1357 3117 μου.»
1424 3047 1531 3099 Καὶ
1589 3045 1746 3109 ἄλλος
1776 3062 1790 3077 ’

217 3136 498 3208 «Σπέρμα
546 3136 869 3205 ἀσφαλείας,
901 3138 949 3190 οἱ
1008 3138 1338 3208 φοϐούμενοι
1384 3138 1476 3190 τὸν
1523 3137 1790 3208 Κύριον.)

214 3229 321 3282 Καί
350 3244 365 3258 ο
409 3229 708 3298 «Ἔντιμον
746 3227 1020 3298 φύτευμα,
1068 3229 1118 3281 οἱ
1168 3228 1501 3297 ἀγαπῶντες
1554 3228 1742 3280 αὑτόν.
1774 3246 1792 3279 ι

215 3318 366 3372 Καί·
429 3319 652 3379 «Ἔλεος
699 3318 987 3388 ἀνθρώπου
1051 3319 1145 3371 ἐπὶ
1198 3319 1290 3372 τὸν
1331 3318 1561 3388 πλησίον
1611 3317 1800 3383 αὑτοῦ,

215 3410 361 3471 ἔλεος
393 3409 599 3479 Κυρίου
645 3410 738 3463 ἐπὶ
787 3411 969 3464 πᾶσαν
1008 3410 1209 3482 σάρκα,
1235 3411 1459 3481 ἀνυψῶν
1510 3411 1604 3465 καὶ
1632 3410 1804 3481 φωτί-

215 3499 324 3562 ζων
349 3499 682 3569 ὀφθαλμούς.
724 3518 744 3552 ι

1891 2411 2176 2483 possedit;
2210 2410 2265 2463 in
2317 2410 2419 2463 hac
2462 2410 2783 2463 etiamnunc
2812 2408 2892 2462 sic
2934 2408 3093 2462 adest
3132 2409 3240 2462 vita
3264 2450 3278 2472 ,
3316 2410 3477 2477 quasi

1892 2518 2003 2557 non
2051 2503 2143 2555 sit.
2191 2501 2481 2556 Extorrem
2527 2499 2676 2553 enim
2721 2514 2779 2553 se
2814 2509 2871 2553 et
2916 2498 3150 2567 proinde
3193 2509 3481 2567 (omputat

1892 2591 2135 2645 alienum
2170 2590 2239 2643 ab
2272 2590 2361 2643 his
2389 2604 2733 2657 qumeunquc
2762 2588 2940 2641 oculis
2969 2588 3276 2659 subiacent,
3305 2591 3485 2643 admi-

1895 2682 2056 2735 rabili
2115 2679 2427 2734 constantia
2471 2679 2538 2733 ad
2587 2678 2890 2733 invisibilia
2944 2679 3252 2748 suspirans.
3311 2681 3483 2735 Tutus

1892 2776 2041 2829 enim
2073 2772 2221 2827 felici
2246 2772 2573 2826 alterationc
2601 2787 2633 2825 a
2663 2786 2721 2826 se
2751 2772 3005 2826 transivit
3038 2772 3092 2825 in
3124 2773 3482 2827 dilectionem

1894 2868 2027 2931 Dei,
2061 2866 2218 2936 juxta
2273 2865 2428 2920 Pauli
2491 2865 2867 2919 sententiam:
2912 2885 2929 2915 «
2962 2863 3088 2917 Sive
3138 2865 3482 2930 exeedimus,

1898 2959 2050 3019 Deo;
2103 2958 2219 3012 sive
2260 2956 2434 3011 sobrii
2481 2972 2698 3020 sumus,
2744 2956 2906 3009 vobis
2931 2956 3033 3011 ¹⁸.ι
3079 2956 3183 3021 Qui
3238 2972 3295 3011 se
3330 2958 3484 3026 priva

1900 3048 2202 3105 dilectione
2250 3047 2642 3117 prosequitur,
2697 3045 2872 3100 Deum
2925 3046 3249 3115 neutiquam
3303 3054 3487 3115 potest

1900 3140 2171 3209 diligere:
2202 3147 2397 3191 contra
2448 3137 2541 3206 qui
2592 3152 2623 3191 a
2675 3152 2734 3190 se
2771 3152 2999 3206 prorsus
3036 3138 3283 3191 excussit
3317 3138 3487 3207 privas

1905 3227 2057 3281 illius
2090 3227 2409 3281 dilectionis
2436 3227 2695 3281 affectum
2729 3228 2800 3279 ob
2831 3228 3310 3296 supereminentes
3339 3228 3487 3283 divi-

1906 3323 2012 3374 tias
2036 3319 2351 3373 dilectionis
2381 3318 2498 3382 Dei,
2530 3318 2689 3388 plane
2715 3318 2805 3372 hic
2839 3319 3010 3372 Deum
3041 3319 3244 3389 diligit.
3277 3320 3490 3374 l‘rima-

1908 3410 1991 3463 ria
2022 3410 2114 3463 illa
2146 3409 2230 3463 lex
2263 3408 2411 3462 hunc
2445 3412 2497 3461 in
2525 3407 2751 3461 modum
2781 3406 2947 3460 edicit
2983 3424 2995 3458 :
3036 3425 3054 3456 «
3080 3406 3192 3477 Ego
3224 3407 3491 3461 Dominus

1906 3500 2116 3555 faciens
2160 3498 2594 3554 misericordiam
2638 3498 2727 3553 his
2765 3499 2858 3566 qui
2885 3498 3119 3569 diiiguut
3146 3514 3255 3564 me,
3286 3507 3343 3553 et
3375 3515 3493 3553 ser-

214 3601 347 3644 vant
372 3592 624 3646 mandata
658 3593 857 3646 mea“.
889 3610 908 3643 ι
943 3592 1098 3648 Alius
1126 3593 1254 3648 item
1285 3610 1298 3645 :
1342 3613 1360 3645 «
1389 3594 1587 3648 Semen
1616 3592 1890 3649 ﬁrmitatis
1923 3594 2181 3648 timentes
2206 3592 2498 3647 Dominum
2520 3592 2585 3647 ".
2615 3610 2633 3641 ι
2669 3590 2884 3661 1239
2925 3591 2991 3645 Et
3025 3608 3037 3642 :
3082 3611 3101 3641 «
3141 3589 3491 3644 Ilonorabilis

217 3684 485 3752 plantatio
508 3683 602 3753 qui
641 3683 878 3753 diligunt
917 3683 1114 3752 ipsmn.
1158 3703 1177 3735 ι
1222 3685 1326 3739 Et:
1365 3704 1383 3736 «
1426 3684 1805 3739 Misericordia
1835 3684 2077 3739 hominis
2120 3700 2290 3753 super
2328 3684 2642 3752 proximum
2665 3698 2827 3736 suum
2853 3680 3271 3737 :misericordia
3302 3692 3489 3735 autem

217 3776 437 3832 Domini
468 3790 634 3844 super
671 3790 890 3829 omnem
925 3791 1149 3830 carnem
1178 3792 1235 3830 se
1263 3777 1526 3845 expandit
1561 3784 1617 3830 et
1644 3776 1919 3829 illuminat
1946 3776 2137 3830 oculos
2161 3776 2227 3827 ¹⁸.
2260 3793 2279 3826 ι

286 3869 452 3935 Λέγει
477 3868 532 3922 δὲ
553 3867 648 3919 καὶ
673 3868 705 3933 ἡ
730 3868 920 3936 Σοφίαο
954 3888 973 3920 «
1020 3867 1161 3937 Ἐγὼ
1189 3870 1317 3933 τοὺς
1347 3870 1445 3940 ἐμὲ
1470 3868 1793 3938 ἀγαπῶντας

1973 3871 2118 3927 Dicit
2161 3878 2219 3924 et
2255 3868 2536 3939 Sapientia
2569 3886 2583 3923 :
2627 3887 2646 3921 «
2688 3868 2802 3939 Ego
2832 3867 3127 3939 diligentes
3157 3882 3243 3922 me
3272 3867 3443 3938 diligo
3474 3884 3490 3922 :

217 3959 440 4028 ἀγαπῶ·
473 3961 521 4012 0i
553 3960 609 4014 δὲ
642 3958 1000 4030 ὲκζητοῦντές
1036 3976 1128 4032 με,
1165 3959 1494 4029 εὑρήσουσιν
1522 3958 1727 4028 γνῶσιν
1750 3969 1799 4011 ι).

220 4051 459 4113 Πλοῦτος
490 4052 584 4102 καὶ
613 4050 740 4115 δόξα
768 4052 896 4121 ἐμοὶ
923 4052 1181 4122 ὑπάρχει.
1211 4050 1430 4105 Βέλτιον
1460 4052 1561 4121 ἐμὲ
1584 4050 1807 4120 καρπώο

222 4143 447 4206 σασθαι,
496 4143 637 4214 ὑπὲρ
687 4144 911 4213 χρυσίον
975 4144 1070 4197 καὶ
1115 4144 1264 4197 λίθον
1298 4143 1503 4215 τίμιον.
1552 4161 1572 4195 ι
1623 4143 1735 4197 Καὶ
1775 4144 1805 4196 ὁ

218 4234 403 4296 Δαυῗδ,
440 4234 503 4286 ὲκ
542 4234 643 4301 τῆς
689 4237 769 4295 είς
815 4234 948 4286 Θεὸν
978 4233 1191 4305 θερμῆς
1241 4235 1465 4303 ἀγάπης
1508 4233 1806 4305 ἐνδελεχῶς

220 4327 355 4380 ὲόἀα
376 4341 389 4354 ⁸
428 4344 447 4378 «
497 4326 555 4378 ’0
584 4326 735 4389 Θεὸς,
768 4326 797 4377 6
827 4324 957 4387 Θεός
988 4342 1113 4393 μου,
1144 4325 1283 4392 πρὸς
1319 4324 1378 4377 σὲ
1407 4324 1668 4395 ὀρθρίζω,
1697 4325 1806 4377 ιδι-

218 4417 365 4486 ψησέ
398 4433 457 4468 σε
488 4417 521 4486 ὴ
548 4416 695 4485 ψυχή
731 4431 857 4485 μου.
885 4414 1184 4476 ποσαπλῶς
1222 4432 1304 4468 σοι
1339 4416 1372 4485 ὴ
1405 4414 1542 4485 σάρξ
1579 4432 1704 4486 μου,
1746 4416 1806 4469 ὲν

219 4512 293 4579 γῇ
332 4509 556 4578 ἐρήμῳ,
602 4506 696 4559 καὶ
741 4506 964 4577 ἀϐάτῳ,
996 4508 1090 4558 καὶ
1140 4506 1375 4577 ἀνύδρῳ.
1415 4525 1434 4559 ι
1467 4508 1576 4560 Καὶ
1612 4502 1799 4571 αὖθις·

226 4615 248 4649 «
294 4597 593 4665 Ἀγαπήσω
627 4612 707 4659 σε,
741 4594 935 4666 Κύριε,
980 4595 1014 4664 ἡ
1068 4593 1219 4663 ἰσχὺς
1274 4612 1398 4662 μου·
1449 4593 1652 4664 Κύριος
1685 4610 1808 4647 στε-

222 4685 418 4755 ρέωμά
476 4702 610 4753 μου.
651 4684 745 4738 καὶ
777 4686 1065 4754 καταφυγή
1111 4702 1233 4753 μου,
1280 4686 1376 4737 καὶ
1408 4684 1609 4755 ρὑτης
1644 4704 1800 4758 μου.»

221 4776 356 4829 Καί·
379 4775 604 4845 «Κύριε,
624 4774 870 4829 ἐναντίον
903 4791 998 4828 σου
1025 4777 1177 4828 πᾶσα
1200 4777 1233 4845 ή
1261 4776 1531 4847 ἐπιθυμία
1558 4793 1686 4847 μου,
1708 4777 1804 4831 καὶ

220 4870 248 4919 6
278 4870 588 4935 στεναγμός
625 4884 726 4935 μου
769 4866 877 4919 ἀπὸ
908 4866 1002 4918 σοῦ
1034 4866 1135 4919 οὑκ
1165 4867 1480 4938 ἀπεκρὺϐη.
1520 4887 1538 4919 ι
1572 4870 1681 4922 Καὶ
1703 4869 1807 4923 πά·

220 4958 305 5011 λιν
334 5000 349 5021 ,
388 4976 406 5008 «
454 4958 739 5029 Ἐδίψησεν
788 4959 821 5029 ἡ
870 4959 1015 5029 ψυχή
1053 4974 1156 5027 μου
1206 4960 1343 5029 πρὸς
1389 4962 1480 5015 τὸν
1531 4961 1665 5014 Θεὸν
1716 4961 1809 5014 τὸν

225 5048 473 5119 ἰσχυρὸν,
518 5050 609 5103 τὸν
638 5050 837 5115 ζῶντα*
872 5052 1005 5106 πότε
1051 5054 1200 5124 ἥξω,
1249 5056 1343 5108 καὶ
1375 5054 1685 5125 ὀφθήσομαι
1732 5054 1810 5125 τῷ

224 5140 506 5213 προσώπῳ
535 5142 631 5195 τοῦ
660 5143 797 5197 Θεοῦ
823 5162 838 5210 ;
884 5164 902 5197 ι
932 5147 1039 5199 Καί
1064 5163 1077 5176 ο
1124 5165 1141 5197 «
1186 5146 1557 5217 Ἐπεπόθησεν
1597 5147 1631 5216 ή
1662 5146 1806 5217 ψυχή

1904 3964 1998 4033 qui
2029 3970 2212 4018 autem
2246 3970 2509 4031 quaerunt
2540 3976 2650 4025 me,
2678 3960 2962 4015 invenient
3002 3962 3288 4015 scientiam
3308 3972 3374 4027 r;
3408 3964 3495 4017 di-

1905 4055 2052 4109 vitia:
2083 4063 2142 4124 et
2168 4052 2342 4124 gloria
2370 4052 2506 4106 mihi
2542 4062 2863 4121 supersunt.
2898 4040 3097 4106 Melius
3121 4062 3207 4106 est
3237 4068 3323 4106 me
3368 4053 3490 4108 fru-

1905 4153 2030 4199 etus
2064 4142 2328 4215 colligere
2365 4159 2475 4215 pra:
2524 4158 2662 4197 auro
2715 4151 2773 4197 et
2824 4142 3006 4211 lapide
3059 4144 3306 4212 pretioso
3341 4146 3406 4198 ".
3467 4164 3484 4195 ι

1906 4237 2075 4292 David
2113 4238 2243 4293 item
2272 4235 2603 4307 praefervido
2644 4235 2936 4289 charitatis
2966 4235 3021 4289 in
3066 4234 3241 4289 Deum
3287 4235 3491 4289 aﬂectu

1906 4326 2268 4390 incalescens,
2298 4325 2413 4395 jugi
2453 4325 2696 4379 clamore
2724 4324 3015 4378 insonabat
3046 4342 3058 4378 :
3092 4341 3111 4376 «
3144 4325 3311 4389 Deus,
3348 4325 3494 4379 Deus

1906 4434 2087 4481 meus,
2116 4419 2183 4473 ad
2211 4430 2261 4474 te
2282 4419 2349 4473 de
2380 4418 2504 4472 luce
2533 4417 2701 4487 vigilo
2721 4435 2733 4471 :
2753 4418 2928 4471 sitivit
2951 4418 3133 4473 anima
3159 4432 3299 4481 mea,
3324 4434 3491 4487 quam

1907 4510 2289 4581 multipliciter
2327 4509 2426 4563 tibi
2478 4523 2608 4562 caro
2656 4522 2799 4571 mea,
2844 4507 2898 4560 in
2942 4519 3093 4561 terra
3153 4505 3395 4571 deserta,
3433 4516 3493 4560 et

1908 4601 2079 4665 invia,
2127 4611 2183 4655 et
2233 4600 2588 4670 inaquosa".
2629 4618 2647 4651 ι
2702 4600 2943 4653 Rursum
2996 4615 3011 4652 :
3068 4617 3087 4650 «
3134 4598 3367 4668 Diligam
3414 4609 3487 4658 te.

1909 4693 2162 4758 Domine,
2197 4692 2469 4747 fortitudo
2531 4707 2651 4747 mea
2699 4707 2713 4744 :
2763 4691 3032 4746 Dominus
3080 4691 3489 4745 ﬁrmamentum

1909 4800 2117 4849 meum,
2180 4794 2237 4839 et
2286 4784 2562 4854 refugium
2620 4798 2827 4848 meum,
2884 4792 2942 4837 et
2995 4782 3261 4837 liberator
3336 4798 3493 4836 meus

1908 4878 2092 4942 est";
2135 4894 2155 4928 ι
2195 4906 2267 4917 -
2298 4896 2316 4929 «
2366 4876 2615 4938 Domine,
2665 4885 2793 4929 ante
2853 4880 2907 4930 te
2952 4890 3116 4928 omne
3151 4872 3493 4928 desiderium

1909 4985 2119 5033 meum,
2172 4978 2229 5023 et
2266 4970 2504 5041 gemitus
2549 4985 2707 5024 meus
2754 4984 2783 5023 ει
2818 4977 2871 5022 te
2912 4982 3022 5022 non
3079 4974 3167 5021 est
3202 4965 3496 5020 abscondi-

1912 5070 2000 5117 tus
2028 5063 2094 5117 ”.
2140 5080 2159 5114 ι
2195 5062 2401 5117 lterum
2440 5080 2453 5117 :
2503 5080 2520 5113 «
2566 5062 2753 5117 Sitivit
2794 5060 2980 5116 anima
3028 5074 3150 5113 mea
3196 5058 3262 5112 ad
3321 5058 3494 5113 Deum

1913 5151 2136 5215 fortem,
2172 5151 2356 5206 vivum
2393 5168 2406 5204 :
2439 5152 2662 5221 quando
2697 5150 2914 5205 veniam
2955 5158 3012 5203 et
3048 5148 3327 5218 apparebo
3367 5155 3495 5202 ante

225 5250 330 5303 μου
369 5232 461 5286 τοῦ
494 5234 832 5306 ἐπιθυμῆσαι
865 5238 937 5291 τά
962 5239 1207 5309 κρίματά
1248 5257 1343 5295 σου
1389 5243 1447 5293 ὲν
1493 5242 1659 5295 παντὶ
1684 5259 1793 5295 και-

1914 5242 2113 5297 faciem
2151 5242 2247 5298 Dei
2283 5241 2369 5294 ’³2
2405 5260 2425 5293 ι
2458 5212 2567 5295 iit:
2610 5262 2630 5293 ι
2677 5240 3009 5311 Coneupivit
3042 5212 3223 5293 anima
3256 5253 3375 5291 mea
3404 5238 3498 5290 de-

299 5388 372 5459 ³ἳῇ
394 5388 508 5443 Jac.
537 5405 615 5453 ιιι,
650 5390 737 5451 l7.
764 5392 851 5446 18.
930 5394 973 5425 η
1000 5393 1121 5449 Act.
1149 5411 1203 5457 ι,
1235 5395 1325 5449 35.
1404 5397 1449 5428 ¹³
1488 5396 1679 5450 Matth.
1710 5412 1793 5458 ι,

1963 5396 2007 5427 ’⁸
2038 5396 2209 5451 Eccli.
2245 5412 2429 5456 xxxn',
2462 5395 2546 5449 15.
2626 5397 2668 5427 ⁸⁸
2699 5396 2740 5450 If
2771 5395 2899 5449 Cor.
2930 5412 2982 5459 ν,
3010 5395 3096 5448 13.
3180 5394 3223 5425 ³⁸
3255 5393 3395 5446 Deut
3443 5407 3495 5455 ιι,

223 5528 281 5583 5.
364 5530 409 5560 "
448 5529 593 5585 Psal.
624 5532 933 5596 xxxvuJO.
1010 5534 1057 5566 ³³
1092 5534 1237 5591 Psal.
1268 5552 1376 5601 xu,
1408 5537 1464 5591 3.

223 5458 278 5530 ρ,
313 5457 402 5512 10.
451 5460 521 5530 7"
546 5460 686 5514 Psal.
714 5478 858 5523 xxiv,
887 5463 973 5517 Η.
1056 5466 1099 5495 ⁸⁸
1139 5465 1307 5519 Eceli.
1338 5481 1467 5519 xvm
1495 5507 1509 5530 ,
1545 5468 1633 5521 Ω.
1712 5457 1757 5498 "7
1793 5467 1956 5521 Prov.
1989 5482 2121 5530 vm,
2146 5467 2322 5521 17-19.
2400 5466 2445 5497 "
2487 5466 2629 5521 Psal.
2664 5483 2790 5529 nu,
2821 5466 2922 5520 1.3.
2972 5457 3039 5497 ’⁸⁸
3088 5464 3228 5520 Psal.
3274 5479 3403 5527 xvu,
3444 5465 3498 5513 l-

1530 5667 1769 5722 VARI/E
1813 5665 2215 5720 LECTIONES.

301 5792 333 5833 ν
366 5782 638 5838 Invenient
670 5785 939 5837 seieutiam
966 5804 983 5838 :
1013 5802 1111 5855 pro
1140 5802 1250 5855 quo
1280 5788 1453 5841 Aldus
1483 5787 1671 5847 habet.
1698 5787 1875 5859 χάριν,
1904 5785 1959 5840 id
1994 5796 2097 5849 est,
2130 5786 2379 5858 gratiam.

559 5874 828 5938 Ρλτιιοι..
858 5879 972 5937 Gn.
1026 5879 1379 5942 LXXXIX.
