4178 6424
658 399 796 465 1835

1937 399 2267 460 ΑΝΤΙΟΟΙἸ
2281 402 2301 461 l
2343 399 2687 461 MONACHI

3801 401 3938 468 lsaﬁ

655 518 909 569 siuei-are
934 515 1364 586 justillcationes
1410 527 1530 572 tuas
1577 519 1632 572 in
1683 521 1831 574 omni
1866 530 2112 591 tempore
2147 523 2192 552 "
2225 539 2238 574 :

2348 520 2447 590 ρῷ,
2477 521 2558 573 ὅτι
2589 520 2819 588 γλυκεῖα
2854 518 2933 590 τῷ
2957 518 3193 591 λάρυγγί
3225 538 3328 590 μου
3357 518 3425 573 τά
3461 518 3620 587 λόγιά
3643 534 3760 585 σου,
3792 517 3938 591 ύπέρ

653 611 787 681 quia
819 609 1003 664 dulcia
1049 610 1306 665 faucibus
1349 612 1487 664 meis
1527 613 1750 682 eloquia
1789 623 1881 666 tna
1933 630 2102 684 super
2136 614 2241 667 mel

654 702 734 754 ori
771 717 895 754 meo
915 701 980 753 “.
1020 719 1038 751 ι
1094 731 1164 740 -——
1204 719 1221 750 ι
1252 699 1492 754 Comede
1539 703 1670 768 mel,
1721 704 1795 756 tili
1828 704 1924 766 mi,
1967 705 2044 758 ait
2098 705 2188 758 ille
2226 718 2238 754 :

659 794 837 846 bonus
882 793 1030 846 enim
1074 791 1264 855 favus,
1298 802 1356 846 ut
1386 793 1777 849 eondulcescat
1811 806 2002 864 guttur
2038 805 2190 849 tuum
2225 809 2238 845 :

657 887 736 940 sic
766 887 913 938 enim
948 901 1148 939 sensus
1172 893 1226 936 el.
1249 885 1518 953 sapientia
1551 897 1717 940 erunt
1748 890 1946 942 anima:
1974 898 2081 942 tua:
2117 889 2180 940 ³⁵.
2217 905 2234 938 ι

655 978 895 1032 Joannes
926 995 940 1032 :
981 996 995 1027 ι
1037 976 1389 1040 Charissimi,
1425 979 1570 1031 Dens
1617 979 1859 1033 cbaritas
1892 989 1978 1033 est
2010 997 2022 1032 :
2054 987 2111 1032 et
2145 979 2237 1048 qui

657 1077 843 1120 manet
903 1069 956 1121 in
1011 1068 1302 1130 cbaritate,
1362 1069 1416 1121 in
1474 1069 1588 1123 lleo
1639 1080 1846 1132 manet,
1890 1079 1946 1123 et
1987 1071 2133 1123 Deus
2184 1069 2239 1123 in

654 1173 723 1211 eo
752 1160 815 1209 ’⁷.
868 1177 885 1208 ι
922 1159 1093 1211 Inl'crt
1127 1172 1141 1210 :
1194 1176 1211 1208 ι
1268 1157 1386 1211 Non
1438 1159 1566 1227 quia
1613 1175 1715 1212 nos
1753 1161 2049 1213 dileximus
2088 1177 2237 1223 ctnu,

656 1251 751 1303 sed
790 1251 916 1318 quia
946 1250 1062 1318 ipse
1097 1249 1289 1302 dilexit
1319 1266 1440 1312 nos,
1491 1251 1641 1303 misit
1680 1251 1875 1304 Filium
1925 1267 2086 1305 suum
2115 1268 2241 1321 pro—

656 1344 1005 1411 νιιὶςιιιςοιιριιι
1041 1357 1140 1412 pro
1178 1342 1421 1411 peccatis
1448 1343 1652 1395 nostris
1681 1342 1748 1395 ".
1785 1361 1802 1393 ι
1839 1343 2081 1398 Paulus:
2118 1363 2136 1394 ι
2180 1345 2238 1398 in

657 1434 746 1486 his
784 1433 1044 1486 omnibus
1093 1449 1421 1501 superamus
1454 1443 1679 1501 propter
1720 1449 1848 1487 eum
1899 1438 1994 1503 qui
2049 1435 2241 1488 dilexit

655 1542 780 1588 nos,
809 1526 980 1580 Deum
1013 1525 1077 1580 ".
1113 1544 1131 1575 ι
1167 1524 1376 1578 inducit
1408 1541 1422 1580 :
1459 1543 1480 1574 ι
1515 1524 1652 1590 Quia
1681 1525 2039 1596 diligentibus
2069 1527 2238 1579 Deum

656 1616 842 1669 omnia
891 1623 1262 1683 cooperantur
1299 1613 1352 1666 in
1402 1614 1630 1678 bonum,
1681 1615 1747 1670 iis
1791 1615 1886 1685 qui
1931 1615 2238 1669 secundum

654 1707 1003 1778 propositum
1037 1707 1216 1760 vocati
1270 1716 1402 1759 sunt
1450 1706 1645 1759 sancti.
1694 1726 1712 1758 ι
1765 1707 1968 1760 lterum
1999 1722 2012 1759 :
2048 1725 2067 1757 ι
2107 1706 2241 1772 Quis

657 1817 758 1854 nos
791 1799 1068 1868 separabit
1109 1815 1138 1852 a
1179 1799 1447 1852 ebaritate
1483 1798 1616 1851 Dei?
1663 1797 1988 1852 tribulatio?
2029 1813 2098 1852 an
2145 1814 2242 1852 an-

2349 611 2473 680 μὲλι
2505 611 2584 680 τῷ
2616 613 2844 680 στόματί
2881 630 3004 683 μου.
3045 632 3064 666 ι
3093 643 3161 653 --
3193 613 3365 680 ιψάγε
3396 613 3526 683 γάρ,
3558 614 3750 681 ᾳησὶν,
3787 611 3932 681 μέλι,

2344 700 2449 753 Via"
2483 701 2689 768 ἀγαθὸν
2716 702 2826 772 γὰρ
2851 704 3063 774 κηρίον,
3099 704 3186 755 ἵνα
3217 704 3491 774 γλυκανθῇ
3523 721 3611 756 σου
3644 705 3674 756 ὁ
3703 704 3933 774 λάρυγξ.

2343 792 2529 847 Οὖτωε
2554 791 2664 862 γὰρ
2697 793 2951 864 αἴσθησις
2985 795 3079 848 καὶ
3112 795 3273 862 σοφία
3312 796 3466 848 ἔσται
3504 800 3569 865 τῇ
3604 800 3667 865 σῖ,
3699 797 3871 863 ψυχῇ.
3911 815 3929 844 ι

2346 886 2452 938 Καὶ
2491 887 2519 937 ὁ
2571 886 2848 956 Ἰωάννης·
2883 905 2901 936 ι
2955 888 3277 957 ἰλγαπτδτοὶ,
3303 889 3332 938 ὁ
3362 888 3496 949 Θεὸς
3538 889 3726 954 ἀγάπη
3755 889 3933 951 ἐστὶν,

2344 977 2441 1028 καὶ
2485 977 2514 1028 ὁ
2555 976 2734 1045 μένων
2767 978 2826 1028 ἐν
2850 979 2915 1044 τῇ
2957 977 3170 1048 ἀγάπῃ,
3213 979 3272 1029 ἐν
3303 977 3381 1046 τῷ
3420 978 3540 1046 Θεῷ
3572 980 3744 1046 μένει,
3781 980 3877 1030 καὶ
3907 979 3936 1028 ὁ

2342 1067 2475 1131 Θεὸς
2503 1069 2562 1120 ἐν
2587 1069 2760 1136 αύτῷ.
2800 1087 2819 1120 ›
2847 1070 2956 1121 Καὶ
2987 1071 3264 1140 ἐπιφέρει,
3298 1088 3316 1120 ι
3347 1071 3461 1138 UDX
3490 1071 3574 1121 ὅτι
3603 1072 3764 1139 ἡμεῖς
3795 1073 3936 1138 ἠγα-

2342 1162 2599 1229 πήσαμεν
2629 1160 2814 1222 αὐτὸν,
2845 1160 2961 1212 ἀλλ’
2991 1162 3073 1213 ὅτι
3115 1163 3279 1224 αὐτὸς
3307 1162 3596 1230 ἠγάπησεν
3631 1163 3802 1230 ἡμᾶς,
3837 1163 3936 1213 καὶ

2342 1248 2666 1303 ἀπέστειλεν
2692 1249 2784 1302 τὸν
2811 1251 2936 1303 Υἰὸν
2963 1251 3153 1315 αὐτοῦ,
3185 1253 3412 1321 ἱλασμὸν
3445 1252 3584 1321 ὑπὲρ
3609 1252 3718 1303 τῶν
3748 1254 3935 1321 ἀμαρ-

2341 1341 2472 1395 τιῶν
2499 1341 2675 1412 ἡμῶν.
2717 1342 2867 1407 [Kal
2889 1344 2916 1395 ὁ
2945 1343 3156 1405 Παῦλος
3179 1360 3193 1373 ο
3223 1362 3241 1394 ι
3267 1344 3405 1396 ’Λλὶί
3439 1346 3496 1396 ὲν
3522 1343 3734 1406 τούτοις
3766 1345 3936 1396 πᾶσιν

2343 1437 2754 1506 ὑπερνικῶμεν,
2805 1434 2896 1486 διὰ
2938 1433 3033 1486 τοῦ
3071 1435 3460 1504 ἀγαπήσαντος
3511 1434 3660 1502 ἡμᾶς
3696 1432 3856 1486 Θεοῦ.
3908 1452 3928 1483 ι

2343 1528 2453 1580 Καὶ
2478 1528 2698 1595 ἐπάγει,
2738 1545 2754 1576 ι
2798 1525 2922 1578 ’Ότι
2967 1527 3082 1588 τοῖς
3112 1525 3402 1594 ἀγαπῶσιν
3441 1525 3532 1578 τὸν
3577 1525 3712 1577 Θεὸν
3752 1526 3934 1578 πάντα

2344 1623 2600 1690 συνεργεῖ
2638 1621 2720 1683 εἰς
2753 1618 2815 1671 τὸ
2851 1617 3078 1685 ἀγαθὸν,
3101 1621 3217 1681 τοῖς
3242 1620 3386 1671 κατά
3411 1618 3674 1688 πρόθεσιν
3709 1618 3934 1686 κλητοῖς

2340 1709 2513 1764 οὖσιν.
2561 1730 2580 1760 ‹
2632 1711 2746 1762 Καὶ
2791 1709 2980 1770 πάλιν,
3015 1729 3032 1759 ι
3065 1709 3164 1772 Τίς
3205 1710 3356 1778 ἡμᾶς
3401 1709 3631 1778 χωρίσει
3672 1709 3782 1762 ἀπὸ
3832 1711 3936 1780 τῆς

2341 1801 2562 1870 ἀγάπης
2589 1799 2683 1853 τοῦ
2708 1800 2880 1867 Θεοῦ;
2914 1799 3116 1870 θλίψις,
3147 1801 3181 1870 ἢ
3219 1800 3576 1870 στενοχωρία,
3603 1801 3634 1869 ἦ
3663 1800 3932 1869 διωγμὸς,

655 1893 880 1963 gustia?
914 1908 981 1945 an
1014 1891 1364 1961 persecutio?
1393 1907 1461 1943 an
1506 1889 1714 1943 fames?
1743 1907 1811 1944 an
1846 1889 2063 1960 gladius
2093 1891 2179 1944 '°?
2217 1911 2235 1942 ι

2348 1893 2378 1964 ἢ
2406 1893 2588 1963 λιμὸς,
2617 1892 2651 1962 ἢ
2681 1891 2982 1962 γυμνότης,
3023 1892 3057 1962 ἢ
3087 1891 3353 1955 κίνδυνος,
3379 1892 3410 1962 ἦ
3442 1893 3725 1963 μάχαιρα;
3759 1912 3776 1944 ι
3821 1894 3934 1946 Καὶ

656 1985 828 2039 lnl‘ert
857 1999 871 2037 :
909 2002 926 2032 ι
956 1983 1157 2038 Certus
1182 1982 1331 2036 enim
1377 1997 1522 2042 sum,
1555 1981 1685 2050 quia
1720 1999 1901 2052 neque
1940 1999 2112 2044 mors.
2136 1998 2239 2037 ne-

655 2092 762 2144 que.
797 2075 926 2138 vita,
981 2088 1158 2143 neque
1194 2072 1394 2142 angeli,
1431 2088 1609 2141 neque
1657 2073 2020 2142 principatus,
2057 2089 2241 2143 neque

656 2176 988 2236 potestates,
1043 2181 1222 2232 neque
1273 2165 1553 2225 instantia.
1589 2180 1768 2233 neque
1819 2165 2025 2227 futura,
2059 2182 2240 2235 neque

657 2257 768 2309 ulla
817 2257 923 2308 alia
973 2263 1225 2307 creatura
1255 2252 1461 2320 poterit
1491 2268 1593 2306 nos
1621 2268 1876 2321 separare
1910 2270 1939 2306 a
1972 2254 2240 2309 cbaritatc

656 2347 776 2408 Dei,
816 2361 939 2414 qua:
989 2352 1072 2399 est
1111 2344 1164 2396 in
1195 2343 1420 2398 Christo
1453 2343 1580 2398 .lcsu
1621 2344 1854 2398 Domino
1892 2353 2086 2399 nostro
2110 2345 2175 2398 ³¹.
2215 2365 2234 2394 ι

655 2437 923 2490 Dmuinus
968 2450 1233 2504 quoque:
1271 2454 1289 2485 ι
1337 2435 1441 2500 Qui
1499 2435 1667 2490 habet
1716 2436 1972 2490 mandata
2012 2452 2133 2490 mea
2185 2446 2242 2492 et

654 2539 838 2584 servat
865 2545 951 2591 ea,
990 2528 1080 2582 ille
1110 2536 1193 2581 est
1220 2526 1315 2596 qui
1352 2525 1535 2596 diligit
1567 2541 1652 2580 me
1683 2544 1695 2580 :
1728 2526 1823 2596 qui
1850 2536 2032 2581 autem
2064 2528 2244 2599 diligit

656 2639 764 2686 me,
803 2620 1065 2689 diligetur
1095 2635 1122 2671 a
1158 2618 1319 2672 l'atre
1353 2633 1500 2682 meo,
1533 2627 1590 2672 et
1621 2633 1722 2687 ego
1751 2618 1972 2688 diligam
2003 2635 2152 2684 cum,
2186 2629 2242 2675 ct

655 2709 1024 2765 manifestabo
1059 2709 1110 2761 ei
1143 2709 1414 2776 meipsum
1449 2707 1516 2760 ³³.
1558 2726 1576 2758 ι
1615 2708 1751 2762 \‘ide
1793 2709 1883 2764 hic
1915 2727 2078 2779 quam
2113 2727 2237 2780 ope-

657 2803 863 2856 ratot'ia
903 2802 973 2853 sit
1008 2816 1136 2867 erga
1169 2800 1342 2852 Deum
1373 2798 1648 2852 cbaritasl
1689 2799 1863 2868 ipsius
1907 2803 2121 2855 confert
2160 2802 2235 2855 di-

653 2892 892 2944 Ιιι‹·ἰιιιιιιι
933 2889 1304 2960 cognitionem
1343 2888 1509 2942 simul
1562 2895 1618 2942 et
1659 2890 2041 2958 cognoscentis
2087 2906 2241 2945 com-

653 2983 1088 3038 mendationcm.
1119 2981 1220 3046 Qui
1250 2979 1546 3033 sinceriter
1577 2981 1748 3034 Deum
1779 2979 1981 3050 diligit,
2008 2997 2066 3036 se
2090 2982 2238 3036 aliud

656 3078 794 3132 nihil
839 3075 993 3128 dneit
1027 3088 1149 3126 esse
1207 3087 1370 3140 quam
1419 3080 1710 3124 externum
1758 3079 1816 3124 et
1859 3070 2130 3124 advenam
2185 3071 2239 3125 in

654 3177 768 3220 vzta
804 3162 1081 3234 przescuti.
1127 3160 1277 3215 Talis
1330 3161 1426 3229 qui
1487 3169 1596 3224 est,
1627 3161 1829 3214 decora
1886 3169 1943 3214 et
2002 3162 2237 3231 eleganti

658 3225 983 3313 alteratione
1007 3237 1328 3309 iimnutatus
1351 3262 1456 3307 est.
1489 3252 1856 3322 Quoteunque
1883 3253 2240 3307 meditatione
2268 3225 2312 3283 ο

652 3350 771 3420 jugi
815 3359 871 3401 et
908 3347 1180 3400 indefessa
1211 3347 1355 3399 intra
1389 3345 1578 3398 cordis
1607 3359 1857 3398 recessus
1895 3344 2120 3399 intimos
2150 3362 2240 3399 re-

662 3440 843 3494 tinent
893 3449 1142 3492 sanctum
1194 3435 1402 3491 Christi
1450 3452 1652 3490 nomen
1692 3437 1860 3490 altius
1889 3435 2239 3506 impressum,

662 3534 752 3587 isti
811 3529 1198 3602 splendilluam
1259 3528 1434 3598 ipsius
1487 3528 1669 3581 lucem
1731 3528 1984 3582 contueri
2037 3529 2244 3598 jugiter

662 3631 875 3694 queunt
910 3641 923 3676 :
958 3622 1012 3674 in
1042 3618 1351 3690 quamlibet
1380 3619 1528 3671 enim
1553 3625 1782 3687 angusta
1815 3620 2018 3672 mentis
2047 3627 2246 3672 nostra!

663 3715 931 3786 memoria
962 3721 1236 3768 retentum
1279 3726 1404 3765 cum
1438 3725 1602 3764 sensu
1655 3711 1830 3764 multo
1878 3710 2052 3780 ipsius
2097 3710 2242 3779 capi-

665 3826 788 3864 mus
829 3808 1292 3878 expcrimenlum,
1345 3813 1402 3857 et
1434 3818 1657 3856 onmem
1718 3803 1916 3856 anima:
1959 3802 2245 3856 sorditiem

664 3900 932 3956 interiore
987 3897 1205 3950 ﬂamma
1267 3895 1468 3949 exurit.
1534 3894 1749 3965 1240
1803 3894 2090 3964 Siquidem
2161 3895 2245 3948 vel

666 4002 805 4047 teste
830 3992 1011 4062 Moyse
1034 4007 1047 4044 :
1071 4008 1088 4040 ι
1115 3990 1259 4042 Deus
1289 3998 1479 4040 noster
1512 3987 1655 4055 ignis
1679 4002 2012 4040 consumens
2039 3987 2202 4040 est".
2225 4007 2242 4039 ι

665 4083 823 4140 Unde
857 4091 913 4135 et
950 4079 1017 4133 ad
1046 4078 1372 4133 charitatcm
1406 4076 1684 4145 cepiosam
1711 4091 1824 4129 sua:
1853 4075 2026 4145 ipsius
2063 4076 2251 4146 gloria:

667 4189 888 4230 omnem
922 4172 1160 4226 animam
1207 4167 1348 4222 aceit
1392 4167 1657 4220 Dominus
1699 4177 1759 4219 et
1803 4167 2051 4220 advocat.
2103 4166 2250 4220 Nihil

667 4269 748 4324 sic
779 4266 846 4320 ad
880 4263 1233 4318 dilectionem
1286 4257 1384 4314 Dei
1431 4257 1680 4312 incendit
1712 4271 1810 4311 cor
1837 4265 1894 4310 et
1938 4267 2248 4327 promovet,

668 4367 732 4412 ut
766 4355 1060 4425 theologia.
1093 4352 1333 4406 Germen
1365 4351 1513 4402 enim
1547 4349 1662 4416 ipsa
1693 4362 1816 4402 cum
1848 4348 1922 4402 sit
1946 4348 2136 4418 gratia:
2163 4348 2251 4401 di-

666 4451 841 4515 vina),
893 4461 1118 4517 prorsus
1174 4444 1415 4514 gratuito
1463 4441 1660 4494 anima:
1710 4439 1925 4494 confert
1980 4440 2254 4510 primitias

2344 1985 2641 2057 ἐπιφέρει*
2685 2004 2702 2036 ι
2739 1985 3051 2053 Πέπεισμαι
3081 1985 3191 2054 γάρ
3237 1985 3318 2037 ὅτι
3353 1984 3476 2037 οὔτε
3522 1985 3770 2049 θάνατος,
3809 1985 3932 2037 οὔτε

2343 2077 2478 2146 ζωὴ,
2512 2077 2638 2129 οἰιτε
2681 2076 2925 2144 ἄγγελοι,
2957 2074 3084 2128 οὔτε
3114 2075 3304 2144 ἀρχαὶ,
3336 2075 3459 2128 οὔτε
3509 2076 3776 2141 ἐξουσίαι,
3806 2075 3934 2128 οὔτε

2341 2167 2635 2231 ἐνεστῶτα,
2667 2166 2793 2220 οὔτε
2839 2167 3124 2236 μέλλοντα,
3169 2164 3295 2219 οὔτε
3333 2184 3417 2229 τις
3441 2167 3618 2229 κτίσις
3648 2167 3811 2236 ἐτέρα
3842 2167 3936 2219 δυ·-

2341 2262 2564 2328 νησεται
2599 2259 2747 2328 ἡμᾶς
2771 2258 3004 2327 χωρίσαι
3033 2257 3142 2310 ἀπὸ
3165 2258 3262 2326 τῆς
3300 2257 3521 2326 ἀγάπης
3547 2257 3640 2310 τοῦ
3664 2257 3802 2310 Θεοῦ
3832 2261 3934 2327 τῆς

2341 2349 2400 2402 ἐν
2429 2348 2653 2420 Χριστῷ
2691 2347 2866 2419 Ἰησοῦ
2905 2347 2985 2418 τῷ
3028 2347 3219 2418 Κυρίῳ
3251 2348 3434 2417 ⁴ἡμῶν.
3468 2367 3486 2400 ι
3528 2347 3587 2400 Ὀ
3608 2349 3665 2401 δὲ
3697 2348 3931 2418 Κύριος,

2347 2457 2366 2491 ι
2413 2439 2474 2492 ’0
2513 2438 2653 2508 ἔχων
2693 2439 2795 2500 τὰς
2822 2437 3044 2501 ἐντολάς
3078 2455 3202 2506 μου,
3235 2437 3330 2489 καὶ
3353 2435 3540 2507 τηρῶν
3563 2437 3757 2501 αὑτὰς,
3793 2438 3934 2490 ἐκεῖ·

2340 2529 2430 2593 νός
2460 2531 2609 2582 ἐστιν
2636 2531 2664 2582 ὀ
2697 2528 2932 2596 ἀγαπῶν
2955 2545 3045 2598 με’
3073 2531 3102 2580 ὁ
3139 2527 3196 2580 δὲ
3231 2529 3466 2596 ἀγαπῶν
3497 2546 3592 2598 με,
3628 2528 3932 2599 ἀγαπηθή-

2342 2635 2496 2672 σεται
2539 2617 2645 2669 ῦπὸ
2674 2615 2772 2670 τοῦ
2822 2617 3035 2687 Πατρός
3065 2633 3189 2684 μου,
3224 2613 3384 2684 κάγὼ
3433 2615 3706 2684 ἀγαπήσω
3737 2615 3930 2677 αὑτὸν,

2341 2709 2437 2764 καὶ
2470 2708 2757 2776 ἐμφανίσω
2789 2705 2938 2776 αὐτῷ
2977 2706 3235 2775 ἐμαυτόν.
3271 2725 3289 2755 ι
3344 2703 3574 2767 Βλέπεις
3614 2705 3694 2757 ὅτι
3724 2705 3758 2768 ἡ
3792 2703 3932 2773 πρὸς

2339 2801 2475 2856 Θεὸν
2529 2801 2718 2870 ἀγάπη
2781 2797 2881 2868 τὴν
2926 2796 3230 2868 ἐμψάνειαν
3270 2795 3437 2849 αὑτοῦ
3475 2797 3572 2847 καὶ
3600 2794 3701 2866 τὴν
3732 2795 3933 2847 ὑποδο-

2341 2895 2443 2964 χὴν
2466 2893 2716 2964 παρέχει.
2763 2891 2822 2942 '0
2858 2890 3170 2960 εἰλικρινῶς
3209 2887 3441 2956 ἀγαπῶν
3462 2887 3554 2940 τὸν
3592 2886 3748 2951 Θεὸν,
3777 2886 3934 2950 ξένον

2340 2983 2533 3038 ἑαυτὸν
2566 2983 2663 3035 καὶ
2697 2981 3081 3050 παρεπίδημον
3109 2980 3225 3050 ἔχει
3262 2983 3320 3032 ὲν
3352 2979 3492 3048 τῷδε
3522 2979 3599 3050 τῷ
3626 2978 3746 3048 βίῳ·
3779 2981 3873 3032 καὶ
3903 2981 3935 3032 ὁ

2339 3074 2580 3137 τοιοῦτος
2609 3073 2710 3144 τὴν
2737 3073 2910 3142 καλὴν
2935 3071 3224 3124 ἀλλοίωσιν
3255 3071 3570 3140 ἠλλοίωται*
3601 3071 3699 3123 καὶ
3727 3070 3845 3122 ὅσοι
3870 3068 3936 3121 τὸ

2344 3166 2503 3234 ἅγιον
2543 3165 2640 3218 τοῦ
2676 3162 2916 3236 Χριστοῦ
2961 3165 3135 3233 δνομα
3167 3166 3225 3217 ἐν
3259 3163 3336 3232 τῷ
3367 3162 3520 3232 βάθει
3555 3161 3654 3231 τῆς
3700 3161 3937 3231 καρδίας

2344 3256 2525 3309 αὐτῶν
2568 3254 2869 3326 μελετῶσιν
2916 3254 3234 3317 ἀπαύστως,
3275 3247 3421 3306 οὗτοι
3456 3270 3550 3303 και
3579 3251 3643 3303 τὸ
3685 3250 3802 3318 φῶς
3836 3249 3936 3302 αύο

2343 3346 2438 3400 τοῦ
2471 3363 2603 3400 ποτε
2631 3347 2766 3416 ὁρᾷν
2786 3345 3068 3399 δύνανται.
3095 3345 3264 3416 Στενῇ
3287 3344 3396 3414 γὰρ
3427 3342 3667 3413 μερίμνῃ
3702 3341 3810 3394 ὑπὸ
3836 3343 3938 3411 τῆς

2343 3438 2586 3502 διανοίας
2632 3436 3034 3507 κρατούμενον,
3065 3438 3248 3490 πάντα
3289 3436 3384 3488 τὸν
3419 3435 3592 3505 ῥύπον
3621 3434 3720 3503 τῆς
3753 3431 3938 3502 ψυχῆς

2349 3531 2406 3583 ἐν
2458 3528 2714 3598 αἰσθήσει
2764 3527 3106 3595 καταφλέγει
3137 3525 3335 3596 πολλῇ.
3371 3525 3484 3578 Καὶ
3518 3525 3628 3593 γὰρ
3662 3541 3681 3573 ι
3714 3521 3777 3576 Ὀ
3802 3521 3940 3582 Θεὸς

2345 3619 2505 3691 ἡμῶν
2553 3618 2666 3691 πῦρ
2710 3617 3144 3682 καταναλίσκων,
3189 3636 3208 3668 ι
3271 3618 3460 3689 φησίν.
3499 3615 3663 3669 Ὅθεν
3711 3614 3809 3666 καὶ
3857 3615 3938 3675 είς

2347 3713 2570 3783 ἀγάπην
2607 3711 2832 3781 πολλὴν,
2874 3709 2977 3780 τὴν
3013 3709 3192 3780 ψυχὴν
3221 3708 3322 3778 τῆς
3349 3706 3545 3760 ἑαυτοῦ
3575 3706 3736 3776 δόξης
3765 3721 3942 3776 προσ-

2349 3803 2599 3858 καλεῖται
2631 3805 2660 3856 ὁ
2691 3803 2916 3874 Κύριος.
2968 3800 3138 3854 Ούδέν
3178 3798 3235 3852 δὲ
3275 3797 3450 3862 οὕτως
3493 3797 3792 3866 ἀναφλέγει
3845 3795 3941 3848 καὶ

2350 3901 2493 3952 κινεῖ
2519 3898 2619 3967 τὴν
2643 3897 2872 3967 καρδίαν
2895 3896 2976 3958 είς
2999 3894 3099 3966 τὴν
3129 3892 3356 3964 ἀγάπην
3377 3892 3472 3946 τοῦ
3500 3890 3637 3944 Θεοῦ
3658 3889 3735 3953 ὡς
3757 3892 3792 3960 ἡ
3823 3887 3943 3941 θεο-

2351 3992 2528 4060 λογία.
2559 3991 2732 4061 Γεννᾷ
2760 3990 2870 4061 γὰρ
2894 3989 3036 4058 αῦτη
3065 3989 3166 4042 ὅσα
3194 3987 3296 4057 τῆς
3323 3985 3491 4040 αὐτοῦ
3514 3986 3756 4057 χάριτος·
3785 3986 3942 4054 πρῶ-

2351 4101 2423 4138 τα
2463 4084 2680 4136 πάντων
2733 4081 2832 4134 καὶ
2877 4081 3025 4149 δῶρα
3059 4083 3128 4150 τῇ
3155 4079 3301 4149 ψυχῇ
3345 4075 3630 4148 χαρίζεται
3673 4078 3771 4132 τοῦ
3803 4081 3940 4148 ἀγα-

2354 4175 2569 4237 πῶντος
2589 4173 2682 4225 τὸν
2709 4172 2864 4225 Θεὸν.
2891 4171 2972 4223 Τὰ
3001 4170 3213 4240 δάκρυα
3237 4168 3312 4232 ὼς
3345 4167 3466 4237 μέλι
3488 4167 3761 4236 γλυκάζον
3793 4171 3850 4222 ἐν
3872 4173 3937 4241 τῇ

2353 4265 2552 4335 καρδίᾳ
2582 4262 2748 4316 αὐτοῦ
2778 4264 3268 4332 κατασπείροντος.
3303 4260 3382 4330 Τῇ
3411 4259 3558 4330 ψυχῇ
3597 4261 3706 4332 γὰρ
3733 4265 3834 4315 σὺν
3864 4262 3939 4332 τῷ

2355 4355 2694 4426 ἡγεμονικῷ,
2729 4352 3023 4423 ἐνδελεχῶς
3067 4352 3229 4405 αὑτὸν
3265 4351 3479 4422 καθορᾷ
3503 4352 3590 4406 διά
3619 4352 3717 4405 τοῦ
3749 4353 3936 4406 πόθου.

2355 4448 2519 4516 Ψυχὴ
2563 4448 2621 4499 ἐν
2663 4449 2730 4515 τῇ
2774 4445 2965 4516 ἀγάπῃ
3011 4443 3105 4496 τοῦ
3145 4443 3280 4496 Θεοῦ
3318 4443 3726 4514 ἀγαλλιωμένη,
3763 4445 3822 4496 ἐν
3865 4445 3938 4514 τῷ

668 4542 936 4613 quasdam
971 4547 1026 4592 et
1060 4536 1224 4590 dona.
1277 4535 1558 4604 Laeryma:
1590 4531 1884 4585 sinceriter
1916 4531 2090 4585 Deum
2122 4532 2245 4586 dili-

2358 4534 2539 4606 καιρῷ
2566 4535 2664 4602 τῆς
2695 4533 2802 4585 ὑπὸ
2829 4531 2924 4585 τοῦ
2966 4533 3220 4600 σώματος
3256 4530 3462 4597 ἐξόδου,
3485 4533 3544 4585 ού
3575 4532 3650 4603 μὴ
3682 4533 3938 4587 δειλιάσει

670 4632 852 4703 gentis
888 4629 1046 4699 quasi
1100 4625 1208 4680 mel
1255 4625 1521 4678 edulcans
1548 4623 1888 4691 eliquantur,
1935 4623 2164 4677 seminis
2197 4624 2253 4678 in

670 4725 897 4781 modum
932 4717 1167 4790 dispersi
1209 4718 1264 4772 in
1313 4716 1481 4770 corde
1523 4715 1628 4768 viri
1669 4714 1848 4768 istius.
1894 4714 2089 4769 Anima
2119 4732 2254 4770 con-

671 4817 919 4873 sentiens
944 4812 1152 4884 jugiter
1186 4809 1426 4879 puritate
1462 4807 1686 4869 mentis,
1715 4807 1887 4860 Deum
1914 4809 2257 4878 contempla-

672 4919 765 4964 tur
808 4914 865 4961 ct
901 4902 1164 4976 perspicit
1201 4901 1421 4954 interno
1455 4898 1754 4952 desiderio.
1791 4897 1988 4952 Anima
2028 4899 2082 4952 in
2121 4900 2256 4954 eba-

674 5002 838 5056 ritate
870 4997 966 5053 Dei
990 4995 1274 5050 exsultans
1315 4991 1590 5054 hilariter,
1617 4991 1671 5044 in
1699 4990 1930 5044 articulo
1958 4991 2140 5046 exitus
2169 4992 2255 5047 sui

675 5110 707 5148 a
741 5105 990 5160 corpore.
1023 5086 1177 5140 nullo
1207 5099 1407 5155 pavore
1436 5081 1810 5136 exterrcbitur
1847 5083 2260 5138 circumstantis

677 5198 736 5236 se
766 5179 1034 5251 principis
1063 5177 1212 5230 aeris
1234 5175 1418 5245 huius,
1451 5189 1632 5242 neque
1664 5171 1983 5226 formidabit
2015 5183 2257 5243 potesta-

679 5285 762 5328 tes
798 5270 1156 5324 tenebrarum
1206 5267 1426 5328 liarum,
1477 5263 1573 5318 sed
1620 5262 1832 5316 fervida
1885 5262 1940 5316 in
1975 5263 2257 5319 Christum

676 5364 947 5420 ebaritate
987 5359 1345 5420 incalescens,
1383 5370 1490 5409 una
1522 5369 1648 5407 cum
1688 5353 1899 5421 angelis
1935 5354 2084 5422 pacis
2124 5371 2259 5408 evo-

678 5455 852 5508 labit:
890 5449 1119 5522 perinde
1169 5457 1333 5517 atque
1378 5461 1408 5500 a
1455 5444 1747 5514 peregrino
1785 5445 2024 5513 hospitio
2057 5446 2261 5516 migra-

680 5560 826 5612 tura,
861 5547 915 5600 in
956 5542 1242 5615 proprium
1270 5552 1321 5594 et
1357 5538 1635 5608 peculiare
1676 5552 1735 5591 se
1763 5537 1992 5606 recipiat
2027 5538 2261 5594 domm-

1450 5739 1495 5768 "
1537 5737 1670 5790 ibid.
1723 5738 1839 5791 103.

751 5749 796 5780 "‘
836 5747 972 5799 I‘sal.
1028 5760 1212 5804 cum,
1258 5741 1349 5794 ΩΟ.
1450 5739 1495 5768 ’⁸
1537 5739 1670 5790 ibid.
1723 5739 1839 5791 103.
1933 5739 1978 5767 "‘
2020 5739 2177 5792 Prov,

683 5823 726 5853 ”
757 5822 916 5872 Itotn.
943 5833 1054 5880 \lll,
1086 5815 1174 5868 ὅτ.
1253 5815 1297 5843 ³⁸
1341 5811 1494 5864 llorn.
1523 5825 1640 5864 vui.
1664 5809 1754 5862 55.

2248 5756 2393 5802 sxw,
2442 5738 2520 5800 15,
2570 5737 2654 5789 Η.

1829 5810 1869 5840 ³³
1914 5809 2048 5864 ibid.
2091 5810 2279 5864 εις-39.

2356 4630 2450 4681 τὸν
2473 4628 2711 4699 ἄρχοντα
2729 4624 2824 4678 τοῦ
2850 4626 3013 4694 ἀέρος
3053 4625 3268 4693 τούτου,
3291 4624 3416 4679 οὔτε
3445 4627 3542 4689 τὰς
3571 4625 3821 4690 ἐξουσίας
3848 4626 3940 4679 τοῦ

2358 4719 2612 4781 σκότους,
2650 4716 2764 4767 ἀλλ’
2794 4718 2860 4769 ἐκ
2887 4718 2987 4786 τῆς
3013 4717 3238 4786 ἀγάπης
3281 4716 3384 4786 τῆς
3418 4718 3500 4778 είς
3529 4717 3684 4782 Θεὸν,
3719 4719 3940 4787 χαίρου-

2361 4826 2429 4862 σα
2466 4809 2691 4863 ἴπταται
2730 4807 2828 4860 σὺν
2864 4809 2977 4869 τοῖς
3019 4808 3274 4874 ἀγγέλοις
3311 4808 3412 4878 τῆς
3459 4809 3702 4878 εἰρήνης,
3729 4809 3803 4869 ὡς
3838 4810 3944 4862 ἀπὸ

2361 4899 2518 4970 ξένης
2539 4900 2618 4962 εἰς
2648 4899 2716 4951 τὰ
2745 4899 2971 4951 οἱκεῖα.‹
2997 4898 3108 4968 Τὴν
3137 4898 3431 4968 ἐπιθυμίαν
3453 4900 3583 4968 γάρ,
3618 4900 3808 4969 φησιν,
3837 4901 3946 4968 ἔχω

2361 4991 2630 5045 ἀναλῦσαι
2675 4991 2770 5044 καὶ
2813 4991 2908 5044 σὺν
2956 4989 3178 5060 Χριστῷ
3209 4986 3371 5042 εἶναι.
3413 5009 3434 5041 ι
3475 4991 3717 5059 Ἐχουσα
3763 4991 3873 5062 γὰρ
3909 4994 3951 5062 ἡ

2362 5083 2510 5154 ψυχὴ
2555 5083 2652 5153 τὴν
2707 5081 2952 5150 ἀγάπην,
2997 5081 3059 5133 τὸ
3109 5081 3388 5151 πλήρωμα
3421 5079 3517 5134 τοῦ
3553 5081 3742 5150 νόμου,
3777 5084 3836 5135 ἐν
3876 5086 3953 5153 τῇ

2361 5173 2643 5246 παρουσίᾳ.
2691 5171 2786 5225 τοῦ
2841 5172 3045 5241 Κυρίου
3098 5171 3408 5241 ἁρπάζεται
3461 5174 3519 5224 ἐν
3569 5173 3823 5240 νεφέλαις
3866 5175 3960 5238 εἰς

2361 5268 2667 5336 ἀπάντησιν
2703 5262 2892 5317 αὑτοῦ.
2929 5263 3146 5330 Μικροῦ
3178 5262 3235 5316 δὲ
3279 5263 3472 5316 ἔλαθεν
3511 5267 3659 5333 ἡμᾶς
3697 5267 3731 5333 ὴ
3755 5266 3960 5338 ἀγάπη

2363 5358 2461 5424 τῆς
2501 5358 2558 5408 ἐν
2581 5357 2691 5416 τοῖς
2726 5353 3005 5423 ’ᾼσμασιν
3033 5352 3253 5423 νύμφης
3303 5353 3656 5424 Ἐκκλησίας,
3686 5356 3786 5408 καὶ
3811 5357 3962 5425 πρὸς

2362 5449 2454 5499 τὸν
2485 5446 2737 5515 Νυμφίον
2775 5445 3031 5514 Χριστόν.
3088 5444 3153 5496 Ὢ
3184 5445 3285 5514 τῆς
3330 5444 3566 5514 ζημίαςι
3604 5447 3770 5517 φησὶν
3813 5449 3964 5520 γὰρ,

2374 5560 2391 5590 ι
2422 5539 2710 5609 Φιλησάτω
2743 5553 2810 5607 με
2835 5537 2944 5588 ἀπὸ
2986 5535 3308 5607 φιλημάτων
3340 5538 3608 5609 στόματος
3644 5539 3834 5592 αὐτοῦ’
3865 5540 3972 5594 ὅτι

2768 5739 2811 5768 ’τ
2853 5737 3011 5793 Joan.
3065 5754 3136 5799 ιγ,
3170 5735 3254 5792 16.
3362 5737 3408 5768 ³⁸
3446 5736 3465 5791 1
3505 5736 3663 5792 Joan.
3714 5754 3823 5804 xiv,
3856 5741 3969 5800 £0.

2359 5810 2403 5842 τ..
2437 5810 2593 5864 δυηη,
2643 5824 2750 5872 λη’,
2799 5809 2892 5865 21.
2968 5809 3013 5842 ³³
3051 5808 3212 5864 Deut.
3267 5824 3339 5872 tv,
3383 5808 3487 5873 ‘35;
3529 5808 3696 5863 llebr.
3729 5824 3824 5873 xu,
3853 5811 3968 5870 9.9.
