4178 6424
226 392 369 451 1827

1015 400 1339 460 ΙΙΟΜΙΙᾸΛ
1369 397 1627 458 CXXIX.
1668 422 1736 435 -
1777 400 1873 460 DE
1915 400 2290 460 FILIORUM
2332 397 2777 459 ADOPTIONE.

3369 395 3503 461 1338

221 504 428 569 meo
454 507 504 557 οἱ
539 507 735 577 μαστοι
781 525 874 561 σου
918 509 1059 579 ὑπὲρ
1091 505 1254 561 οἶνον.
1295 507 1405 560 Kal.
1436 508 1581 576 ὀσμὴ
1619 505 1807 577 μύρων

1933 508 2065 562 ium.
2109 527 2127 559 ι
2174 507 2518 562 Desiderium
2575 506 2723 561 enim
2776 506 2954 562 habeo
3007 502 3231 562 dissolvi
3278 519 3332 562 et
3380 518 3503 562 esse

227 614 330 650 σου
367 600 509 669 ὑπὲρ
543 600 723 654 πάντα
768 601 836 655 τὰ
888 600 1177 673 ἀριὶιματα.
1225 601 1414 669 Μύρον
1466 598 1809 663 ὲκκενωθὲν,

224 688 408 758 ὄνομα
444 708 560 745 σου.
588 695 684 745 Δια
705 693 882 759 τοῦτο,
915 693 1152 755 νεάνιδες
1178 690 1475 761 ἠγάπησαν
1512 707 1593 749 σε,
1627 690 1810 741 εἵλκυ-

229 784 335 834 σάν
372 801 450 844 σε,
483 787 657 838 ὀπίσω
708 804 802 838 σου
859 790 939 849 εἰς
974 786 1150 855 ὀσμὴν
1212 784 1383 854 μύρου
1433 781 1813 851 δραμούμεθαι

228 877 703 946 ἀγαλλιασώμεθα
735 880 825 931 καὶ
865 877 1266 946 εὐφρανθῶμεν
1306 877 1363 928 ὲν
1420 874 1539 927 σοί·
1584 873 1818 943 εὐθύτης

236 967 529 1037 ἧγάττησέν
568 986 650 1021 σε.
690 987 707 1019 ι
780 970 889 1022 Καὶ
947 969 1122 1030 αὖθις,
1179 986 1195 1017 ι
1219 964 1580 1031 ’Δπάγγειλόν
1618 981 1728 1033 μοι,
1760 964 1819 1017 ὃν

230 1061 527 1128 ἠγάπησεν
561 1063 594 1130 ὴ
629 1061 772 1130 ψυχή
809 1078 933 1130 μου,
968 1060 1069 1112 ποῦ
1104 1057 1453 1128 ποιμαίνειςς
1488 1056 1590 1109 ποῦ
1634 1056 1821 1109 κοιτὰ-

236 1151 356 1211 ζεις
407 1152 879 1222 ἐνεμεσημϐρία;
922 1153 1055 1204 Ἰδοὺ
1101 1152 1210 1220 γὰρ
1266 1147 1315 1202 εἴ
1358 1150 1556 1211 καλὸς,
1608 1148 1699 1199 καί
1756 1163 1821 1214 γε

235 1242 463 1308 ὡραῖος,
496 1244 553 1294 ὲν
582 1246 646 1311 τῇ
692 1245 819 1313 σκιᾷ
850 1260 940 1295 σου
980 1241 1304 1309 ἐπεθύμησα
1356 1242 1448 1293 καὶ
1509 1240 1759 1290 ἐκὲιθισα·
1795 1238 1825 1289 ὁ

240 1334 354 1401 γὰρ
388 1333 599 1400 uaga-v1;
628 1349 721 1384 σου
748 1333 954 1401 γλυκὺς
978 1335 1035 1385 ἐν
1058 1330 1293 1401 λάρυγγί
1330 1348 1450 1400 μου.
1490 1349 1505 1380 ι
1548 1330 1657 1381 Kal.
1687 1344 1823 1397 προ-

240 1428 557 1494 τρεπομένη
578 1425 788 1487 ἄλλους,
822 1427 1006 1495 φησὶν,
1038 1426 1302 1493 ι”Ωρκισα
1332 1425 1498 1493 ὑμᾶς,
1526 1420 1826 1490 θυγατέρες

252 1518 633 1589 Ἰερουσαλὴμ,
670 1521 764 1573 ἐὰν
794 1520 1046 1589 ὲγείρητε
1079 1519 1181 1571 καὶ
1227 1516 1542 1586 ὲξεγείρητε
1568 1515 1667 1582 τὴν
1693 1514 1827 1580 ἀγά-

242 1623 413 1674 πησιν
462 1608 566 1670 ἕως
607 1604 669 1661 οὗ
715 1608 952 1678 θελήσει.
992 1628 1010 1659 ι
1061 1609 1170 1660 Καὶ
1217 1608 1412 1669 πάλιν,
1453 1622 1471 1656 ι
1518 1603 1701 1668 Δεῖξον
1738 1620 1828 1672 μοι

242 1698 344 1766 τὴν
377 1697 500 1765 ὄψιν
539 1716 654 1764 σου,
713 1702 806 1751 καὶ
851 1699 1139 1752 ἁκούτισὸν
1193 1715 1287 1767 μοι
1324 1698 1425 1766 τὴν
1468 1697 1654 1763 φωνήν
1710 1711 1826 1760 σου,

242 1787 331 1838 ὅτι
374 1789 409 1856 ἡ
460 1790 613 1858 φωνή
669 1805 765 1842 σου
823 1790 1010 1859 ἡδεῖα,
1043 1789 1138 1841 καὶ
1177 1789 1211 1857 ἠ
1260 1787 1382 1855 ὄψις
1426 1805 1519 1839 σου
1565 1785 1763 1855 ὡραία.
1804 1803 1822 1835 ι

1911 616 2035 655 cum
2079 600 2300 656 Christo
2346 602 2410 654 ³³.
2470 619 2487 652 ι
2540 601 2736 655 Anima
2769 602 2919 657 enim
2967 618 3090 672 qua:
3156 602 3505 666 charitatcm,

1916 694 2317 764 plenitmlincm
2349 694 2484 765 legis
2515 695 2795 764 possidet;
2828 695 2897 750 ad
2930 696 3109 751 nubes
3147 713 3321 765 usque
3355 697 3506 765 rapi-

1919 796 2030 853 tur,
2063 787 2284 839 obviam
2329 787 2469 840 itura
2499 786 2817 841 advenienti
2856 788 3111 842 Domino.
3144 789 3374 842 Paulum
3405 788 3504 840 al)-

1917 875 2024 930 fuit
2054 885 2116 929 ut
2144 891 2247 930 nos
2276 876 2542 945 ell'ugerct
2580 877 2809 932 dilectio
2851 878 2999 933 illius
3034 893 3251 947 sponsa:
3284 880 3507 948 (nempe

1918 969 2201 1035 Ecclesiae)
2231 968 2299 1022 ad
2332 983 2618 1036 sponsum,
2651 970 2914 1024 videlicet
2942 969 3227 1025 Christum
3256 989 3269 1024 :
3302 969 3370 1022 dc
3398 984 3507 1037 qua

1926 1083 1978 1125 ιιι
2035 1063 2295 1117 Cauticis.
2341 1062 2386 1116 Ο
2417 1063 2723 1131 iacturam!
2762 1066 2840 1119 ait
2894 1065 3045 1119 enim
3088 1081 3102 1117 :
3153 1081 3172 1115 ι
3207 1062 3508 1116 Osculetur

1923 1170 2007 1206 me
2040 1155 2107 1207 ah
2138 1154 2342 1208 osculis
2385 1154 2503 1208 oris
2542 1154 2649 1217 sui,
2698 1156 2826 1222 quia
2879 1156 3107 1209 meliora
3159 1163 3291 1209 sunt
3335 1154 3509 1208 ubera

1926 1252 2015 1297 tua
2070 1245 2235 1306 vino,
2287 1256 2345 1299 et
2398 1244 2537 1299 odor
2588 1254 2997 1314 unguentorum
3067 1256 3291 1300 tuorum
3342 1259 3511 1314 super

1924 1335 2109 1389 oumia
2166 1345 2430 1389 aromata.
2498 1336 2853 1402 Unguentum
2909 1336 3249 1390 exinanitum
3306 1349 3509 1389 nomen

1926 1435 2080 1479 tuum
2110 1443 2123 1479 :
2155 1426 2278 1479 idco
2309 1426 2732 1481 adolescentnlze
2759 1427 3077 1479 dilexerunt
3104 1434 3192 1489 te;
3224 1433 3513 1478 traxerunt

1927 1524 2018 1581 te;
2051 1524 2175 1585 post
2205 1524 2258 1569 tc
2288 1514 2343 1569 in
2376 1515 2601 1570 odorem
2633 1527 3041 1587 unguentorum
3074 1525 3295 1570 tuorum
3322 1531 3515 1570 curra-

1928 1624 2072 1670 mus,
2115 1608 2457 1661 cxsultemus
2502 1616 2558 1661 et
2604 1610 2851 1663 lastemur
2894 1610 2949 1663 in
2992 1621 3044 1662 te
3077 1625 3091 1661 :
3128 1607 3403 1662 rectitudo
3432 1608 3516 1660 di-

1929 1700 2064 1754 lexit
2094 1707 2147 1753 te
2174 1699 2241 1753 ³⁵.
2278 1717 2296 1749 ι
2330 1698 2580 1752 Rursus:
2614 1720 2631 1750 ι
2665 1700 2940 1754 Renuntia
2969 1700 3101 1753 mihi
3133 1714 3298 1768 quem
3322 1698 3516 1752 dilexit

1932 1792 2115 1844 anima
2146 1805 2297 1844 mea:
2326 1790 2421 1844 ubi
2450 1791 2649 1859 pascis,
2675 1792 2765 1843 ubi
2800 1791 2971 1845 cubas
3003 1792 3056 1844 in
3085 1790 3315 1844 meridie
3343 1808 3357 1845 :
3382 1803 3513 1842 ecce

241 1878 499 1942 Τοιοῦτος
538 1875 607 1949 ἦν
656 1883 685 1933 ὁ
738 1881 979 1950 illm-33?};
1030 1881 1272 1951 κράζων,
1309 1898 1326 1931 ι
1364 1879 1545 1942 Δείξὸν
1612 1895 1699 1947 μοι
1726 1876 1824 1946 τὴν

1933 1882 2074 1935 enim
2113 1890 2169 1935 tu
2202 1882 2433 1950 pulcher
2476 1892 2532 1937 et
2582 1882 2902 1937 decorus“.
2933 1901 2951 1933 ι
2978 1913 3045 1923 —
3066 1901 3083 1932 ι
3118 1882 3175 1935 lu
3199 1882 3391 1935 umbra
3421 1890 3514 1935 tua

237 1968 368 2035 ὄψιν
403 1986 517 2029 σου,
562 1969 819 2035 γνωστῶς
850 1970 946 2021 ἴδω
980 1986 1061 2023 σε.
1104 1970 1273 2040 »διξαὶ
1302 1968 1484 2032 πάλιν,
1522 1987 1539 2018 ι
1590 1967 1822 2033 Ἐζήτη-

240 2073 337 2119 σα,
373 2059 430 2110 ὃν
461 2060 746 2127 ἠγάπησεν
838 2060 984 2130 ψυχή
1022 2044 1148 2131 μου,
1187 2060 1468 2129 ἐκράτησα
1513 2058 1700 2121 αὐτὸν,
1730 2057 1826 2109 καὶ

237 2155 343 2206 οὐκ
373 2154 560 2221 ἀφῆκα
592 2154 790 2214 αὐτὸν,
842 2154 923 2206 ὅτι
967 2152 1289 2222 τετρωμένη
1330 2152 1519 2220 ἀγάπῃ
1567 2148 1700 2216 ἐγὼ,
1745 2150 1828 2202 ὃτι

237 2246 480 2315 κραταιὰ
508 2245 582 2308 ὡς
606 2244 835 2307 θάνατος
858 2245 1067 2313 ἀγάπη·
1098 2242 1243 2312 ὕδωρ
1275 2243 1408 2295 πολὺ
1439 2242 1499 2293 οὐ
1539 2241 1829 2309 δυνήσεται

239 2334 436 2386 σϐέσαι
468 2333 564 2405 τὴν
596 2335 840 2403 ἀγάπην.
886 2355 902 2385 ι
939 2335 1178 2404 Τοιαύτη
1213 2336 1247 2404 ἡ
1278 2332 1374 2387 τοῦ
1411 2333 1617 2400 Πέτρου
1645 2331 1818 2401 ψυχὴ,

236 2425 502 2491 λέγουσα,
542 2444 561 2476 ι
602 2426 797 2495 Κύριε,
832 2425 934 2477 ποῦ
968 2426 1237 2491 ὑπάγειςς
1276 2443 1294 2475 ι
1329 2423 1459 2486 Kal,
1489 2442 1506 2472 ι
1534 2422 1676 2491 Πρὸς
1704 2423 1825 2473 τίνα

239 2515 695 2583 ἀπελευσόμεθας
756 2535 774 2567 ι
848 2516 990 2585 Πρὸς
1046 2515 1104 2568 ὃν
1159 2517 1188 2568 ὁ
1233 2515 1472 2583 Κύριος,
1507 2514 1571 2564 ἐκ
1601 2513 1821 2582 τρίτου*

248 2625 268 2656 ι
310 2608 506 2676 Πέτρε,
539 2611 711 2675 φιλεῖς
743 2625 808 2676 με
836 2624 851 2672 ;
889 2627 907 2659 ι
952 2609 1009 2661 '0
1030 2609 1109 2672 δὲ,
1151 2628 1168 2659 ι
1205 2608 1337 2670 Nal,
1365 2608 1559 2677 Κύριε,
1595 2605 1658 2656 σὺ
1680 2600 1827 2667 οἶδας

239 2698 329 2749 ὅτι
366 2699 507 2765 φιλῶ
544 2716 625 2751 σε.
667 2718 686 2751 ι
723 2700 891 2752 Πάλιν
917 2700 973 2752 δὲ
1005 2702 1033 2753 ὁ
1064 2700 1269 2768 Κύριος
1313 2698 1449 2768 πρὸς
1475 2698 1602 2758 τοὺς
1630 2693 1827 2749 ἑαυτοῦ

245 2789 499 2858 μαθητάς
526 2808 712 2861 φησιν,
747 2810 764 2841 ι
806 2791 932 2843 Ἐάν
962 2809 1043 2854 τις
1072 2792 1264 2861 ἀγαπᾷ
1287 2807 1379 2857 με,
1411 2790 1505 2841 τὸν
1530 2789 1692 2856 λόγον
1730 2803 1831 2855 μου

241 2884 502 2954 τηρήσει,
533 2884 626 2935 καὶ
650 2887 677 2936 ὁ
704 2885 895 2952 Πατήρ
925 2900 1026 2951 μου
1054 2883 1336 2952 ἀγαπήσει
1369 2881 1554 2946 αὑτὸν,
1583 2881 1835 2949 καὶπρὸς

242 2976 412 3028 αὑτὸν
452 2975 806 3046 ἐλευσόμεθα,
838 2976 932 3029 καὶ
970 2977 1139 3044 μονὴν
1189 2975 1320 3044 παρ’
1352 2974 1502 3043 αὖτῴ
1532 2974 1829 3043 ποιησόμε-

244 3066 340 3120 θα.
373 3084 391 3116 ι
428 3066 583 3135 Αὑτῷ
613 3069 645 3137 ἡ
678 3067 803 3130 δόξα
835 3068 917 3129 εἰς
951 3067 1080 3126 τοῦς
1114 3066 1340 3125 αἰῶνας.
1391 3064 1585 3133 Ἀμήν.

1931 1974 2243 2028 desideravi
2275 1984 2331 2028 et
2362 1975 2502 2039 sedi,
2529 1983 2585 2030 ct
2614 1975 2829 2031 fructus
2855 1983 2984 2029 tuus
3010 1974 3191 2028 dulcis
3212 1973 3265 2026 in
3292 1982 3515 2043 gutture

1934 2080 2055 2119 meo
2081 2067 2144 2119 ³⁷.
2204 2084 2220 2115 ι
2275 2065 2427 2120 Alios
2455 2067 2744 2121 adhortata
2789 2067 2861 2120 ait
2891 2084 2903 2095 -
2939 2065 3204 2135 Adjuravi
3238 2080 3356 2127 vos,
3392 2064 3516 2118 filia:

1932 2158 2321 2220 Jerusalcm,si
2351 2158 2758 2213 suscitaveritis
2786 2157 3160 2217 dilectionem,
3190 2157 3369 2209 donec
3400 2158 3515 2224 ipsa

1934 2249 2176 2302 voluerit
2199 2248 2266 2302 ³⁸.
2298 2268 2316 2300 ι
2356 2249 2563 2302 Iterum
2591 2262 2605 2300 :
2640 2267 2659 2298 ι
2695 2247 2935 2304 Ostende
2966 2247 3099 2300 mihi
3127 2247 3319 2300 faciem
3342 2254 3514 2308 tuam,

1926 2341 2117 2394 amlire
2152 2356 2239 2394 me
2265 2340 2349 2394 fac
2379 2355 2572 2395 vocem
2606 2350 2779 2403 tuam,
2810 2340 2938 2409 quia
2978 2355 3081 2392 vox
3119 2347 3210 2393 tua
3240 2338 3419 2391 dulcis
3460 2345 3517 2390 et

1927 2431 2097 2484 facies
2132 2439 2224 2483 tua
2260 2430 2461 2484 decora
2498 2431 2564 2483 ”.
2608 2451 2626 2483 ι
2666 2431 2835 2485 Plane
2883 2431 3010 2484 talis
3050 2438 3171 2483 erat
3218 2430 3395 2484 Moses
3429 2428 3507 2482 in-

1928 2523 2171 2576 clamans
2206 2539 2219 2575 :
2264 2541 2282 2573 ι
2322 2521 2566 2577 Ostende
2602 2523 2736 2577 mihi
2780 2523 2977 2577 faciem
3022 2533 3193 2586 tuam,
3224 2522 3519 2590 perspicue

1931 2619 1992 2663 ut
2038 2610 2251 2663 videam
2291 2619 2344 2664 te
2376 2610 2444 2663 ⁸ο.
2500 2629 2518 2661 ι
2563 2611 2772 2665 lterum
2801 2628 2816 2665 :
2850 2630 2868 2663 ι
2918 2611 3185 2677 Quaesivi,
3217 2626 3378 2678 quem
3429 2608 3517 2659 di-

1932 2699 2065 2752 lcxit
2122 2700 2305 2753 anima
2359 2715 2480 2754 mea
2520 2718 2535 2754 :
2569 2702 2721 2754 tenui
2771 2717 2918 2762 cum,
2959 2717 3061 2755 nec
3109 2701 3387 2754 dimittam
3435 2700 3509 2766 ip.

1931 2806 2051 2843 sum
2083 2791 2147 2852 δ’,
2181 2790 2312 2860 quia
2339 2792 2624 2845 vulnerata
2650 2792 2922 2847 charitate
2948 2808 3051 2862 ego
3082 2792 3126 2822 “
3159 2807 3173 2845 :
3204 2791 3333 2860 quia
3360 2790 3521 2843 fortis

1930 2892 1990 2936 ut
2017 2900 2166 2937 mors
2202 2884 2465 2948 dilectio;
2516 2902 2656 2955 aqua
2695 2888 2868 2940 multa
2915 2902 3023 2938 non
3063 2884 3269 2954 poterit
3310 2882 3522 2934 exstin-

1929 2992 2094 3044 guere
2134 2977 2460 3031 charitatem
2492 2978 2561 3032 ⁵³.
2606 2978 2756 3033 Talis
2797 2978 2941 3033 l’etri
2975 2978 3179 3040 anima,
3214 2993 3338 3030 cum
3372 2976 3525 3028 dice-

1931 3076 2053 3120 t'cl:
2099 3086 2116 3117 ι
2159 3068 2411 3129 Domine,
2440 3084 2551 3137 quo
2575 3069 2821 3122 vadis“?
2859 3087 2876 3118 ι
2921 3068 2988 3121 Et
3018 3083 3032 3119 :
3067 3086 3083 3116 ι
3113 3066 3192 3120 Ad
3229 3081 3393 3134 quem
3427 3062 3525 3118 ibi-

248 3157 472 3210 mus“?
497 3178 513 3209 ι
540 3158 640 3213 Cui
663 3159 950 3218 Dominus.
987 3157 1187 3211 tertio:
1219 3176 1236 3207 ι
1261 3156 1443 3217 Petre,
1466 3170 1617 3208 amas
1646 3154 1771 3209 me?
1794 3175 1810 3205 ι
1856 3156 1949 3210 Ille
1975 3166 2192 3212 autem:
2220 3177 2239 3208 ι
2277 3157 2461 3224 Certe,
2493 3161 2741 3224 Domine,
2778 3169 2833 3213 tu
2859 3161 2969 3214 scis
2999 3157 3128 3227 quia
3189 3172 3312 3209 amo
3335 3165 3386 3209 tc
3406 3154 3472 3206 “.
3499 3174 3519 3207 ι

248 3249 514 3303 Dominus
560 3251 743 3303 denuo
788 3249 1077 3319 discipulis
1122 3248 1242 3303 suis
1300 3261 1315 3300 :

1384 3267 1403 3300 ι
1453 3247 1509 3301 Si
1557 3250 1682 3316 quis
1724 3248 1902 3318 diligit
1943 3266 2050 3314 me,
2080 3266 2392 3306 sermonem
2421 3269 2602 3306 meum
2643 3253 2906 3314 servabit,
2936 3261 2992 3304 et
3025 3251 3186 3305 Pater
3216 3264 3371 3303 meus
3398 3246 3527 3302 dili-

251 3350 344 3412 get
367 3356 517 3407 eunt,
542 3351 596 3396 et
622 3342 690 3396 ad
723 3357 851 3397 eum
885 3343 1192 3406 vcnienms,
1216 3350 1273 3395 et
1311 3341 1654 3395 mansionem
1685 3341 1830 3409 apud
1868 3356 1996 3394 eum
2023 3342 2290 3398 faciemus
2324 3343 2389 3397 ⁸⁷.
2422 3362 2441 3394 ι
2476 3344 2584 3412 lpsi
2621 3343 2796 3412 gloria
2820 3343 2875 3397 in
2905 3345 3128 3400 saecula.
3150 3344 3349 3398 Amen.

829 3457 1052 3510 ΛΟΓΟΣ
1081 3457 1255 3511 PKB'.

780 3569 919 3638 Περὶ
954 3570 1281 3634 υἱοθεσίας.

327 3684 465 3749 Δόξα
496 3686 565 3755 τῇ
612 3683 912 3755 ἅγαθότητί
965 3700 1084 3750 σου,
1139 3684 1413 3745 Δέσποτα,
1460 3680 1834 3751 φιλάνθρωπε,

254 3778 590 3847 φιλόπτωχε,
629 3777 975 3847 φιλόστοργε,
1016 3776 1302 3845 φιλόψυχε,
1332 3773 1621 3843 φιλάγαθε,
1658 3775 1838 3842 ἀμνη-

256 3871 454 3923 σὶκακε
495 3869 687 3938 Κύριε’
720 3867 779 3930 ὃς
811 3868 937 3929 τούς
991 3885 1122 3921 ποτε
1165 3868 1267 3937 τὴν
1308 3867 1366 3919 ὲν
1418 3864 1497 3935 τῷ
1527 3863 1840 3933 παραδείσῳ

256 3960 479 4028 ἐντολήν
531 3976 623 4012 σου
664 3958 1118 4027 ὲκφαυλίσαντας,
1176 3957 1271 4009 καὶ
1318 3956 1696 4026 νεκρωθέντας
1735 3956 1839 4007 ὑπὸ

254 4053 355 4120 τῆς
391 4051 682 4123 ἁμαρτίας,
722 4051 817 4102 καὶ
858 4050 946 4102 διὰ
982 4050 1076 4102 τοῦ
1132 4048 1261 4101 ἰδίου
1295 4048 1601 4118 θελήματος
1648 4046 1838 4117 ἡμῶν,

256 4146 317 4196 οὗ
355 4143 514 4213 μόνον
547 4140 941 4210 ὲλευθέρωσας,
977 4139 1115 4193 ἀλλὰ
1154 4141 1249 4192 καὶ
1282 4141 1457 4191 οἰκεῖα
1516 4138 1683 4191 τέκνα
1742 4139 1836 4189 ἀν·

257 4236 586 4304 ηγόρευσας⁸
619 4234 815 4295 οἵτινες
837 4234 942 4294 ἕως
972 4231 1066 4284 τοῦ
1097 4231 1191 4284 νῦν
1219 4230 1544 4299 ἀφυλάκτως
1582 4231 1710 4299 περὶ
1742 4228 1839 4289 τὰς

257 4328 481 4387 ἐντολάς
516 4343 611 4378 σου
656 4325 897 4394 βιοῦμεν,
932 4325 1008 4386 ὡς
1058 4325 1136 4386 εἰς
1171 4324 1319 4394 ἡμᾶς
1366 4321 1715 4394 πληρωθῆναι
1758 4320 1837 4384 τὸ,

265 4438 285 4469 ι
324 4419 489 4481 Υἱοὺς
524 4417 829 4486 ἐγέννησα,
872 4419 966 4469 καὶ
1001 4416 1213 4485 ῦψωσα,
1245 4416 1400 4469 αὐτοὶ
1440 4415 1496 4467 δέ
1533 4432 1600 4484 με
1639 4413 1839 4481 ἠθέτη-

259 4529 384 4565 σαν.
434 4530 452 4563 ι
494 4512 592 4574 Ti;
643 4511 931 4579 δυνήσεται
964 4508 1334 4578 διηγήσασθαι.
1375 4509 1436 4560 τὸ
1479 4507 1714 4571 πέλαγος
1742 4506 1840 4575 τῆς

257 4600 666 4671 εὐσπλαγχνίας
696 4617 812 4664 σου,
847 4600 1168 4670 μακρὸθυμε
1199 4598 1294 4651 καὶ
1318 4597 1570 4667 κηδεμὼν
1599 4596 1709 4648 τῶν
1733 4595 1839 4665 ψυ-

257 4689 372 4759 χῶν
394 4689 571 4765 ἠμῷν,
602 4689 703 4741 Θεὲ
733 4688 1150 4758 παντοκράτωρ,
1184 4690 1279 4740 καὶ
1306 4687 1501 4756 Κύριε,
1531 4686 1625 4738 τοῦ
1653 4686 1841 4748 ἐλέους

2307 3456 2516 3528 1241
2571 3456 2856 3511 llOMlLlA
2897 3457 2983 3511 CX
2996 3456 3135 3511 XIX.

2386 3568 2464 3621 De
2501 3569 2737 3636 ﬁliorum
2779 3571 3084 3640 adoptione.

2007 3680 2192 3735 Gloria
2248 3689 2369 3735 csto
2421 3679 2750 3750 benignitati
2810 3689 2941 3743 tuae,
2976 3678 3179 3732 eximie
3238 3676 3527 3730 hominum

1938 3781 2150 3826 amator
2182 3771 2434 3833 Domine,
2470 3770 2565 3838 qui
2616 3786 2719 3823 nos
2749 3785 2935 3825 rerum
2984 3767 3230 3822 omnium
3275 3767 3531 3836 indignos

1941 3875 2050 3919 tam
2084 3872 2334 3918 amanter
2369 3862 2600 3930 cvcipis,
2636 3862 2763 3918 ﬁliis
2794 3865 2907 3916 tuis
2952 3872 3063 3916 tam
3115 3860 3368 3929 indulges
3419 3858 3533 3913 cle-

1941 3965 2193 4021 menter;
2246 3954 2341 4025 qui
2396 3952 2620 4007 dcamas
2665 3954 2898 4014 animas.
2956 3954 3050 4021 qui
3103 3952 3240 4005 tanti
3289 3950 3532 4004 aestimas

1939 4047 2383 4116 qualemcunque
2426 4045 2552 4098 vita:
2595 4052 2798 4098 nostra:
2843 4044 3201 4113 probitatem,
3251 4056 3530 4110 quemque

1942 4139 2096 4191 nulla
2135 4147 2296 4203 urget
2347 4136 2613 4189 memoria
2640 4134 2933 4188 malorum.
2964 4133 3009 4188 Ο
3037 4132 3289 4194 Domine,
3323 4132 3531 4199 primos

1940 4229 2162 4298 quidem
2205 4229 2317 4297 jam
2353 4229 2483 4281 olim
2523 4225 2870 4293 (mandatum
2925 4225 3025 4279 abs
3061 4232 3113 4277 te
3146 4224 3527 4294 prmscriptum

1941 4337 2064 4376 cum
2098 4322 2150 4374 in
2187 4319 2443 4389 paradiso
2470 4318 2634 4388 positi
2664 4318 3025 4387 contemptim
3063 4315 3528 4384 transmisissent)

1941 4413 2135 4467 mortis
2186 4411 2460 4466 sententia
2510 4411 2772 4464 multatos
2823 4410 2894 4464 ob
2948 4418 3257 4477 peccatum,
3319 4422 3529 4474 uosque

1943 4501 2096 4569 priva
2136 4501 2420 4553 voluntate
2457 4498 2843 4559 mortificatos,
2895 4513 3005 4550 non
3049 4496 3302 4550 libertate
3349 4495 3527 4548 solum

1943 4592 2182 4656 donasti,
2233 4590 2329 4644 sed
2379 4600 2435 4644 et
2487 4589 2741 4660 proprios
2792 4589 2937 4642 lllios
2992 4586 3293 4641 deelarasti
3340 4604 3353 4637 :
3399 4602 3528 4638 cum

1944 4683 2149 4751 alioqui
2179 4683 2232 4735 in
2261 4683 2411 4735 hunc
2434 4696 2609 4750 usque
2634 4680 2781 4734 diem
2821 4679 3131 4748 improvide
3173 4687 3279 4731 tam
3305 4677 3526 4729 deside-

261 4798 389 4847 σου;
423 4783 601 4849 Ἐφης
630 4783 739 4851 γὰρ
763 4782 850 4834 διὰ
875 4780 969 4833 τοῦ
1002 4780 1285 4849 προφήτου
1318 4795 1409 4831 σου
1449 4778 1629 4847 Ὠσηὲ,
1672 4795 1691 4827 ι
1721 4778 1830 4828 Κα-

1944 4791 2066 4829 mus
2093 4775 2237 4829 circa
2271 4774 2723 4843 adimpletionem
2770 4772 3155 4826 mandatorum
3190 4779 3433 4829 tuorum,
3471 4779 3532 4822 ut

258 4874 404 4925 λέσω
426 4872 515 4925 τὸν
538 4873 612 4925 Οὐ
639 4872 766 4926 λαόν
797 4890 920 4944 μου,
951 4872 1096 4924 Λαόν
1136 4876 1236 4941 μου
1259 4886 1271 4900 ·
1302 4870 1397 4923 καὶ
1422 4870 1520 4939 τὴν
1550 4870 1663 4921 Οὐκ
1699 4871 1843 4938 ηγα-

260 4964 984 5035 πημένην,ΊΙγαπημένην’
1030 4964 1126 5016 καὶ
1176 4962 1328 5014 ἔσται
1372 4965 1429 5013 ὲν
1461 4960 1538 5030 τῷ
1586 4961 1737 5031 τόπῳ
1784 4955 1846 5013 οῦ

260 5057 486 5127 ὲρρἐη,
537 5055 597 5111 Ὀ
640 5056 768 5119 λαός
831 5074 930 5124 μου
981 5055 1162 5123 ὑμεῖς,
1196 5056 1310 5106 ἐκεῖ
1351 5052 1715 5122 κληθήσονται
1740 5052 1848 5104 υἱοὶ

261 5149 401 5202 Θεοῦ
423 5149 643 5213 ζῶντος.
660 5168 676 5199 ι
702 5151 811 5202 Καὶ
831 5151 858 5200 ὁ
873 5149 1150 5215 Ἰωάννης,
1181 5166 1199 5196 ι
1222 5146 1542 5213 Ἃγαπητοὶ,
1566 5144 1660 5195 νῦν
1681 5143 1845 5195 τέκνα

262 5240 402 5292 Θεοῦ
433 5242 619 5307 ἐσμεν.
655 5242 765 5293 Kal.
796 5238 950 5293 οὔπω
985 5236 1306 5307 ἐφανερώθη
1338 5237 1389 5289 τί
1411 5235 1839 5304 ὲσόμεθα.οἰ’δα-

269 5342 370 5395 μεν
398 5326 453 5378 δὲ
482 5327 566 5379 ὅτι
596 5327 691 5379 ἐὰν
723 5325 1036 5396 φανερωθῇ,
1063 5326 1241 5393 ὅμοιοι
1267 5324 1416 5393 αὑτῷ
1456 5321 1716 5388 ἐσόμεθα,
1755 5325 1842 5374 ὅτε

264 5418 510 5487 ὀψόμεθα
534 5418 695 5472 αὐτὸν
726 5419 908 5481 καθώς
935 5421 1105 5471 ἐστιν.
1135 5418 1243 5471 Kal.
1268 5418 1297 5469 ὁ
1328 5417 1558 5479 Παῦλος,
1609 5434 1626 5465 ι
1653 5416 1843 5483 Ἡμεῖς

266 5510 325 5562 δὲ
350 5510 550 5572 πάντες
580 5510 1083 5579 ἀνακεκαλυμμένῳ
1107 5508 1385 5579 προσώπῳ
1409 5508 1509 5577 τὴν
1538 5508 1694 5571 δόξαν
1731 5507 1845 5558 Κυ-

343 5663 389 5694 ιι
425 5660 664 5730 Philipp.
696 5660 862 5730 1,23.

268 5747 461 5793 ΠΧῚΙ,
500 5728 585 5785 l5.
614 5728 626 5730 ’
658 5731 700 5762 ⁸¹
741 5728 897 5784 Cant.
934 5746 1053 5786 xm.
1086 5731 1137 5783 4.

268 5803 318 5834 ⁸⁸
354 5801 511 5858 Joan.
562 5816 669 5864 ut,
713 5800 799 5854 l5.
874 5800 917 5828 ⁸⁷
956 5799 1111 5854 Joan.
1150 5815 1252 5862 xw,
1288 5798 1378 5851 25.

941 5660 983 5690 ³⁵
1021 5658 1177 5713 Cant.
1205 5675 1241 5716 ι.
1274 5659 1390 5713 ι-ι.

1251 5730 1293 5759 δ’
1331 5730 1467 5782 Cant
1521 5744 1589 5785 tv.
1620 5729 1671 5780 9.

1251 5846 1252 5849 η
1288 5798 1378 5849 9.5.
1458 5799 1499 5828 "
1543 5797 1640 5849 lsa.
1678 5815 1714 5849 ι.
1745 5796 1778 5847 2

1458 5804 1499 5828 "
1543 5804 1640 5851 lsa.
1678 5815 1714 5861 ι,
1745 5804 1796 5849 '2.

1469 5659 1513 5690 ³⁸
1555 5658 1786 5722 ibid.vt,
1824 5658 1906 5713 lii.

1788 5730 1831 5759 ⁵³
1872 5730 2028 5786 Cant.
2059 5749 2174 5793 vm,
2206 5734 2258 5791 ὕ,
2294 5729 2343 5781 7.

1944 4868 1998 4920 in
2032 4866 2193 4919 nobis
2226 4865 2442 4936 impleri
2496 4863 2629 4917 illud
2679 4864 2880 4918 merito
2910 4861 3088 4916 videri
3133 4862 3344 4930 possit:
3381 4879 3399 4911 ι
3445 4859 3531 4912 Fi-

1943 4958 2048 5011 lios
2078 4958 2243 5027 genui
2271 4956 2602 5021 etexaltavi,
2623 4955 2727 5025 ipsi
2748 4965 2931 5009 autem
2963 4965 3296 5023 spreverunt
3317 4966 3403 5005 me
3426 4952 3523 5003 ⁸⁸.)

1943 5050 2076 5117 Quis
2104 5066 2365 5105 enarrare
2398 5048 2632 5103 sulliciat
2668 5048 2894 5117 pelagus
2929 5055 3036 5101 tua:
3071 5063 3198 5115 erga
3231 5061 3332 5097 nos
3375 5057 3528 5097 com-

1946 5143 2352 5207 miserationis;
2402 5140 2497 5211 qui
2553 5138 2972 5210 longanimitate
3022 5147 3170 5191 tanta
3221 5136 3528 5189 animarum

1944 5243 2259 5287 nostrarum
2302 5248 2568 5302 procuras
2612 5232 2870 5292 salutem,
2902 5229 3047 5282 Deus
3078 5226 3429 5294 omnipotens
3475 5232 3532 5276 et

1945 5324 2177 5379 Domine
2224 5322 2652 5377 misericordia?
2701 5322 2805 5375 Per
2843 5319 2982 5373 Osee
3013 5319 3160 5372 enim
3202 5316 3527 5387 prophetam

1945 5416 2134 5469 dixisti
2163 5433 2177 5470 :
2213 5435 2229 5465 ι
2266 5414 2487 5470 Vocabo
2517 5429 2668 5476 eum,
2710 5412 2802 5480 qui
2840 5427 2947 5464 non
2979 5418 3063 5464 est
3090 5409 3324 5478 populus
3352 5420 3528 5468 meus,

1946 5507 2210 5576 populqu
2237 5521 2442 5572 meum,
2469 5515 2525 5560 et
2553 5521 2674 5575 qua:
2704 5519 2810 5557 non
2847 5511 2968 5557 erat
2991 5501 3214 5562 dilecta,
3233 5499 3490 5551 dilectam
3516 5512 3529 5548 :

2858 5648 2901 5685 ³⁵
2944 5653 3073 5708 ibid.
3108 5654 3187 5705 Η.
3267 5650 3313 5679 ⁵⁸⁵
3351 5647 3523 5701 Evild.

3035 5723 3079 5753 δ’
3118 5723 3275 5775 Joau.
3326 5735 3399 5781 vi,
3435 5716 3520 5769 69.

2475 5656 2519 5687 ³³
2562 5657 2695 5711 ibid.
2730 5657 2781 5711 7.

2425 5728 2465 5757 “
2492 5726 2645 5784 Joan.
2673 5742 2792 5791 xm,
2834 5725 2921 5779 36.

1988 5666 2029 5694 ³⁷
2070 5662 2227 5714 Cant.
2256 5674 2314 5718 ιι,
2342 5657 2395 5710 5.
