4178 6424
702 415 833 476 1839

1931 411 2288 469 ANTIOCHI
2337 412 2672 471 MUNACIII

3808 413 3939 470 1x10

693 540 749 578 et
779 526 905 587 erit,
945 524 996 576 in
1034 525 1154 575 loco
1192 522 1280 574 uhi
1322 522 1529 574 dictum
1557 530 1663 576 est.
1703 520 1938 589 pOpulus
1970 536 2125 572 meus
2151 535 2265 584 vos,

2385 523 2489 571 οίου
2521 521 3023 587 κατοπτριζόμενοι,
3041 521 3141 588 τὴν
3172 520 3338 588 αὐτὴν
3359 519 3537 572 εἰκόνα
3560 526 3938 587 μεταμορςνου-

698 619 810 670 illic
866 617 1208 668 vocabuntur
1260 615 1354 666 ﬁlii
1387 614 1626 666 viventis
1657 613 1723 664 δ’.
1774 631 1790 662 ι
1845 612 2085 665 Joannes
2120 614 2267 663 insu-

696 725 797 777 per
829 727 841 761 :
883 728 900 759 ι
940 705 1288 768 (lharissimi,
1322 723 1469 758 nunc
1519 705 1612 757 filii
1649 702 1740 756 Dei
1785 719 2000 766 sumus,
2034 714 2089 755 et
2127 719 2265 754 non-

697 802 827 852 dum
860 801 1114 867 apparuit
1142 799 1273 865 quid
1303 799 1508 850 erimus
1533 815 1544 849 :
1569 799 1772 849 scimus
1805 797 1930 862 quia
1962 796 2269 847 videbimus

697 906 821 943 eum
851 889 1012 943 siculi
1045 890 1209 941 est”.
1234 907 1249 936 ι
1277 889 1475 940 l’aulus
1505 905 1515 937 :
1549 905 1564 935 ι
1592 887 1699 938 Nos
1723 895 1903 937 autem
1941 902 2150 944 omnes,
2182 901 2267 934 re-

699 980 872 1030 velata
900 978 1036 1030 facie
1065 978 1290 1045 gloriam
1324 976 1536 1029 Domini
1558 977 1923 1044 speculantes,
1953 978 2005 1027 in
2023 974 2268 1026 eamdem

700 1069 992 1137 imaginem
1029 1068 1502 1130 transformamur,
1531 1084 1559 1118 a
1588 1067 1758 1133 gloria
1801 1067 1854 1118 in
1895 1067 2122 1132 gloriam
2156 1074 2271 1116 lan-

696 1175 860 1228 quam
889 1175 916 1211 a
943 1159 1156 1211 Domini
1191 1158 1485 1225 Spiritu".
1532 1178 1548 1207 ι
1587 1158 1828 1210 lterum:
1862 1175 1878 1204 ι
1919 1155 2021 1220 Qui
2059 1157 2112 1207 in
2141 1157 2272 1208 cha-

699 1252 864 1303 ritate
901 1249 1314 1317 prardestinabit
1376 1264 1475 1302 nos
1525 1249 1576 1301 in
1634 1247 1983 1314 ad0ptiouem
2035 1246 2272 1298 ﬁliorum

700 1359 794 1410 per
825 1343 1010 1394 les-um
1049 1341 1329 1394 Christum
1364 1342 1416 1393 in
1443 1342 1617 1408 ipsum
1645 1341 1709 1392 ⁸¹.
1740 1357 1866 1388 ι-ι
1895 1339 2081 1392 Eslote
2113 1338 2277 1403 igitur

701 1432 1007 1483 imitatores
1036 1430 1154 1492 Dei,
1197 1431 1339 1481 sicut
1380 1428 1473 1480 ﬁlii
1521 1428 1831 1480 eharissimi
1863 1445 1875 1480 :
1913 1437 1958 1471 αι
2000 1428 2276 1481 ambulate

702 1522 754 1574 in
811 1522 1128 1584 dilectione,
1180 1519 1321 1572 sicut
1365 1529 1420 1572 et
1463 1519 1717 1573 Christus
1765 1519 1955 1571 dilexit
1999 1534 2092 1570 vos
2137 1519 2202 1570 ⁸³.
2253 1537 2269 1566 ι

701 1613 902 1665 lterum
935 1629 947 1664 :
989 1631 1006 1661 ι
1045 1612 1161 1663 Νοιι
1193 1611 1367 1663 solmn
1403 1622 1610 1672 autem,
1644 1611 1738 1664 sed
1771 1620 1825 1664 et
1860 1611 1962 1677 ipsi
2006 1609 2277 1677 primitias

701 1703 942 1772 Spiritus
968 1703 1253 1766 habentes,
1291 1718 1390 1756 nos
1415 1704 1580 1755 etiam
1622 1703 1722 1770 ipsi
1761 1703 1812 1754 iu
1840 1701 2000 1753 nobis
2037 1700 2168 1769 ipsis
2197 1701 2278 1752 in-

701 1793 1051 1862 gemiseimus
1084 1793 1434 1861 adoptionem
1479 1793 1730 1860 corporis
1775 1790 1949 1843 nostri
1982 1792 2044 1842 “.
2083 1811 2099 1837 ι
2136 1791 2280 1842 Itur-

2373 611 2510 678 μείια
2535 612 2640 660 ἀπὸ
2661 611 2818 677 δόξης
2847 613 2925 671 εἰς
2945 610 3121 673 δόξαν,
3141 611 3388 679 καθάπερ
3419 612 3522 661 ἀπὸ
3550 612 3752 677 Κυρίου
3776 611 3942 660 Ilva-J-

2372 717 2556 766 ματος.
2597 719 2613 749 ι
2650 702 2754 751 Καὶ
2786 701 2968 755 πάλιν.
3011 721 3027 750 ι
3051 701 3138 752 Ἐν
3168 703 3356 768 ἀγάπῃ
3457 702 3766 767 προιὶιρισας
3797 700 3940 765 ἡμᾶς

2370 793 2446 852 εἰς
2467 792 2759 852 υἱοθεσίαν,
2784 792 2870 842 διὰ
2916 791 3089 855 Ἰησοῦ
3124 792 3356 857 Χριστοῦ
3393 793 3469 852 εἰς
3503 792 3661 841 alni}.
3726 790 3941 840 Γίνεσίιε

2369 877 2460 934 οῦν
2487 883 2717 950 μιμηταὶ
2751 883 2845 934 τοῦ
2881 883 3038 944 Θεοῦ,
3065 883 3139 944 ὡς
3177 885 3339 934 τέκνα
3371 881 3504 933 θεοῦ
3538 883 3816 946 ἀγαπητὰ,
3855 881 3943 931 καὶ

2373 974 2722 1038 περιπατεῖτε
2762 975 2818 1023 ὲν
2851 973 3058 1042 ἀγάπῃ,
3088 971 3270 1033 καθὼς
3313 975 3404 1023 καὶ

2373 1079 2545 1130 πησεν
2585 1064 2750 1129 ἡμᾶς.
2793 1083 2809 1112 ι
2843 1065 2951 1114 Καὶ
2994 1064 3180 1127 πάλιν,
3219 1083 3236 1113 ι
3280 1064 3354 1115 oo
3381 1063 3447 1129 μό
3513 1082 3538 1112 ν
3579 1063 3623 1114 δ’
3690 1062 3827 1113 ἀλλὰ
3856 1061 3946 1113 καὶ

3456 991 3476 1015 ἰ
3529 973 3567 1022 Χ
3583 973 3763 1038 ριστος
3806 971 3942 1036 ἠγα-

2373 1153 2525 1204 αύτοὶ
2568 1154 2728 1220 ἡμεῖς
2764 1154 2857 1221 τὴν
2909 1154 3160 1222 ἀπαρχὴν
3202 1153 3294 1204 τοῦ
3343 1152 3654 1220 Πνεύμστος
3705 1153 3944 1218 ἔχοντες,

2373 1245 2468 1296 καί
2495 1244 2646 1294 αὐτοὶ
2688 1245 2742 1294 ἐν
2770 1245 2982 1306 ἑαυτοῖς
3023 1245 3374 1311 στενάζομεν,
3407 1245 3680 1296 υῖοΟεσίαν
3713 1244 3949 1294 ἀπεκδε-

2376 1335 2591 1403 χόμενοι
2633 1334 2731 1404 τὴν
2785 1335 3055 1405 λύτρωσιν
3095 1335 3188 1387 τοῦ
3245 1338 3497 1404 σώματος
3545 1337 3725 1404 ἡμῶν..
3765 1355 3781 1384 ι
3841 1335 3950 1386 Καὶ

2376 1425 2551 1488 αὖθις,
2587 1448 2604 1477 ι
2637 1429 2757 1478 Ὅτι
2789 1428 2843 1480 δέ
2895 1430 3016 1480 ὲστε
3065 1429 3189 1490 υἱοὶ,
3246 1429 3624 1492 ἐξαπέστειλεν
3657 1430 3684 1480 ό
3727 1428 3858 1486 Θεὸς
3890 1427 3950 1476 τδ

2377 1520 2601 1590 Πνεῦμα
2629 1521 2722 1573 τοῦ
2757 1521 2884 1573 Υἱοῦ
2920 1521 3086 1573 αὑτοῦ
3116 1524 3193 1582 είς
3217 1524 3314 1584 τὰς
3346 1523 3569 1590 καρδίας
3605 1524 3776 1589 ὑμῶν,
3812 1521 3949 1585 κρᾶ-

2378 1612 2506 1674 ζων,
2558 1613 2724 1664 ’Λίϐα
2765 1614 2792 1662 ό
2835 1614 3041 1681 Πατήρ.
3084 1614 3246 1664 ’Ὥστε
3279 1614 3377 1665 οὐκ
3406 1614 3482 1664 ἔτι
3505 1610 3553 1664 εἷ
3579 1614 3783 1673 δοῦλος,
3818 1611 3953 1663 ἀλλὰ

2379 1701 2526 1762 υἱός·
2561 1702 2607 1752 εἰ
2649 1703 2705 1752 δὲ
2739 1701 2889 1764 υἱὸς,
2939 1702 3034 1754 καὶ
3080 1701 3415 1770 κληρονόμος
3457 1701 3593 1752 θεοῦ
3643 1703 3728 1753 διὰ
3773 1699 3951 1768 Ἰησοῦ

2379 1791 2638 1861 Χριστοῦ.
2687 1810 2705 1841 ι
2757 1793 2867 1844 Καὶ
2900 1793 3079 1845 πάλιν·
3118 1811 3136 1843 ‹
3168 1794 3320 1844 ’Όσοι
3362 1796 3469 1860 γὰρ
3501 1793 3775 1859 Πνεύματι
3817 1790 3952 1841 θεοῦ

703 1903 832 1943 sus;
864 1905 882 1936 ι
925 1887 1059 1950 Quia
1099 1897 1277 1938 autem
1315 1885 1449 1937 estis
1481 1884 1600 1945 ﬁlii,
1639 1883 1788 1936 misit
1832 1883 1977 1934 Deus
2019 1882 2272 1949 spiritum

2385 1887 2622 1952 ἄγονται,
2660 1877 2804 1936 οὗτοί
2853 1886 2990 1936 εἰσιν
3031 1885 3136 1937 υἱοὶ
3184 1883 3340 1937 Θεοῦ.
3393 1886 3466 1936 Οὐ
3521 1885 3628 1952 γὰρ
3687 1883 3954 1950 ὲλάίῖομεν

704 1978 824 2032 Filii
870 1978 952 2029 sui
993 1977 1046 2028 in
1081 1977 1244 2028 corda
1277 1986 1478 2038 vestra,
1513 1976 1839 2027 clamantem
1867 1990 1880 2024 :
1908 1973 2059 2026 Abba
2096 1981 2274 2040 pater.

703 2069 889 2136 Itaque
917 2083 1025 2119 non
1058 2069 1165 2135 jam
1197 2082 1256 2118 es
1284 2081 1496 2126 servus,
1530 2064 1623 2116 sed
1660 2064 1832 2126 ﬁlius;
1858 2063 2004 2130 quod
2033 2063 2075 2115 si
2107 2063 2276 2124 ﬁlius.

702 2166 758 2210 et
803 2157 978 2209 hmres
1023 2157 1116 2208 Dei
1159 2171 1257 2223 per
1287 2155 1568 2208 Christum
1602 2154 1668 2205 ".
1721 2171 1738 2202 ι
1792 2153 1994 2205 lterum
2029 2168 2043 2206 :
2087 2171 2104 2201 ι
2139 2151 2276 2214 Qui-

702 2263 920 2316 cunque
950 2249 1097 2300 enim
1123 2247 1331 2315 Spiritu
1368 2247 1460 2299 Dei
1496 2254 1755 2314 aguntur,
1783 2246 1836 2298 hi
1873 2245 1964 2297 lilii
1997 2243 2274 2297 suntDei:

702 2356 814 2394 non
851 2341 998 2393 enim
1040 2339 1354 2407 accepiums
1383 2339 1641 2406 spiritum
1671 2337 1954 2390 servitutis
1989 2336 2187 2389 iterum
2223 2335 2278 2386 in

707 2433 926 2492 timore,
973 2429 1068 2484 sed
1114 2431 1427 2498 accepimus
1457 2429 1714 2497 spiritum
1756 2428 1994 2480 ﬁliorqu
2025 2425 2280 2494 adoptio-

707 2523 814 2584 nis,
859 2523 912 2575 iu
946 2539 1054 2591 quo
1081 2524 1384 2575 clamamus
1411 2537 1424 2574 :
1447 2521 1598 2574 Abba
1625 2527 1798 2589 pater.
1835 2519 1953 2586 Ipse
1980 2518 2130 2570 enim
2154 2517 2280 2585 Spi-

706 2613 848 2667 ritus
891 2613 1265 2665 testimonium
1292 2611 1470 2663 reddit
1511 2608 1732 2678 Spiritui
1765 2615 1976 2669 nostro,
2000 2604 2146 2674 quod
2183 2620 2277 2656 su-

707 2720 830 2756 mus
866 2704 957 2756 ﬁlii
991 2705 1120 2766 Dei;
1164 2704 1206 2755 si
1235 2713 1419 2756 autem
1462 2701 1579 2762 ﬁlii,
1605 2711 1663 2754 et
1704 2699 1952 2752 haercdes
1987 2716 1998 2751 :
2037 2697 2282 2752 hmredes

707 2797 928 2865 quidem
974 2796 1092 2856 Dei,
1138 2795 1453 2848 colueredes
1479 2804 1662 2846 autem
1693 2793 1899 2847 Christi
1928 2793 1996 2842 ".
2036 2812 2052 2839 ι
2099 2792 2230 2845 Item
2263 2805 2278 2842 ι

714 2907 732 2937 ι
768 2888 886 2941 Filii
913 2888 1178 2941 Altissimi
1217 2888 1564 2940 vocabuntur
1586 2887 1683 2939 ".u
1721 2886 1908 2954 Itaque
1947 2901 2071 2938 cum
2105 2884 2285 2936 intue-

711 2980 915 3032 buntur
947 2995 1127 3048 regem
1160 2980 1328 3032 Deum
1367 2979 1418 3030 in
1451 2978 1642 3045 gloria,
1677 2977 1787 3030 illic
1824 2986 1996 3046 porta:
2027 2976 2146 3028 istis
2188 2975 2284 3028 ad-

707 3073 1026 3141 aperientur
1056 3071 1244 3139 regni;
1305 3069 1516 3139 1242
1568 3070 1854 3137 Patrisque
1888 3067 2168 3121 conclavia
2204 3067 2284 3120 in-

707 3163 1049 3231 gredientur,
1075 3163 1168 3230 qui
1199 3171 1256 3215 et
1289 3172 1505 3214 sanctos
1535 3176 1663 3213 suos
1689 3168 1980 3227 (quotquot
2004 3174 2032 3210 a
2063 3157 2284 3212 condito

708 3256 945 3323 primum
970 3255 1105 3306 orbe
1139 3255 1386 3312 luerunt)
1423 3253 1531 3306 illis
1553 3251 1812 3303 visendos
1841 3259 2132 3319 proponet,
2163 3249 2286 3302 Sol-

707 3361 814 3413 que
840 3345 1067 3414 justitize
1103 3345 1517 3398 interclarescct
1547 3343 1683 3395 istis.
1726 3342 1792 3395 Et
1825 3341 2078 3403 exibunt,
2114 3349 2170 3393 et
2203 3356 2288 3393 sa-

707 3437 845 3491 licnt
868 3436 1022 3503 quasi
1053 3436 1210 3489 vituli
1243 3435 1402 3488 laxati
1437 3450 1466 3488 a
1499 3434 1756 3493 vinculis,
1780 3444 2008 3500 tumque
2036 3451 2051 3481 ι
2084 3431 2290 3485 Traus-

710 3527 971 3580 Iormahit
1018 3543 1217 3595 corpus
1248 3526 1582 3580 humilitatis
1630 3535 1854 3584 nostraa.
1902 3525 2182 3578 conformo
2228 3533 2288 3576 ut

709 3621 781 3674 sit
811 3619 1034 3689 proprio
1075 3621 1293 3688 corpori
1338 3619 1524 3688 gloria:
1555 3633 1667 3671 suae
1714 3619 1780 3671 ⁸⁸,
1829 3637 1847 3668 ι
1881 3618 1996 3670 lllic
2041 3618 2285 3684 ipsorum

716 3711 1022 3764 «Juventus
1069 3711 1428 3764 renovabitur
1464 3718 1524 3763 ut
1563 3709 1761 3778 aquin
1793 3710 1871 3773 l";
1914 3727 1932 3758 ι
1977 3717 2288 3775 terramque

710 3802 1054 3871 conspicient
1088 3801 1496 3870 promissionis,
1541 3810 1598 3853 et
1632 3817 1800 3869 super
1829 3816 2006 3870 genua
2037 3800 2292 3853 consola-

712 3893 940 3944 buntur.
993 3892 1468 3957 Quemadmodum
1537 3901 1712 3945 mater
1753 3892 1796 3944 si
1840 3907 2004 3959 quem
2049 3890 2288 3944 ﬁliorum

711 3985 1063 4047 consoletur;
1121 3983 1193 4036 ita
1229 3983 1337 4037 illis
1380 3983 1664 4036 exorietur
1702 3982 1919 4036 Domini
1964 3983 2200 4052 justitia,
2236 3990 2293 4035 et

710 4074 1008 4125 exsultatio
1029 4074 1080 4127 in
1121 4072 1368 4125 omnium
1401 4080 1716 4140 prospectu,
1742 4073 1835 4140 qui
1869 4073 2045 4140 ipsum
2075 4073 2292 4126 sincero

713 4165 949 4233 diligunt
975 4164 1160 4217 corde.
1183 4165 1294 4218 Nos
1317 4165 1483 4234 igitur
1502 4164 1891 4234 (dilectissimi)
1920 4179 2045 4217 cum
2072 4165 2164 4233 qui
2193 4179 2295 4219 nos

717 4267 868 4310 tanto
910 4257 1092 4311 allecit
1135 4258 1367 4322 honore,
1417 4258 1470 4312 in
1518 4258 1683 4326 idque
1714 4261 1964 4328 provexit
2007 4260 2294 4327 dignitatis

716 4349 1016 4418 fastigium,
1061 4364 1434 4411 revereamur,
1474 4349 1852 4401 observemus.
1899 4348 1977 4401 llli
2003 4357 2059 4402 et
2081 4350 2293 4403 servia-

717 4456 842 4494 nms
892 4441 944 4493 in
995 4441 1222 4504 timore,
1275 4450 1534 4508 tanquam
1590 4439 1837 4509 legitimo
1884 4446 1942 4492 et
1988 4439 2291 4493 secundum

2376 1977 2598 2044 πνεῦμα
2644 1977 2894 2039 δουλείας
2945 1978 3107 2030 πάλιν
3156 1979 3233 2038 είς
3285 1978 3470 2044 φόϐον,
3527 1976 3640 2027 ἀλλ’
3683 1977 3956 2039 ἐλαῦομεν

2378 2066 2602 2135 Πνεῦμα
2645 2066 2935 2129 υἱοθεσίας,
2966 2068 3022 2118 ὲν
3141 2067 3439 2136 κράζομεν,
3483 2065 3649 2117 ἰὶϐὗα
3682 2067 3709 2116 ό
3740 2064 3952 2130 Πα-ήρο

2378 2161 2474 2212 καὶ
2501 2161 2634 2213 αὐτὸ
2659 2161 2720 2212 τὸ
2745 2161 2966 2228 Πνεῦμα
2989 2161 3461 2230 συμμαρτυρεῖτῷ
3485 2159 3752 2226 πνεύματι
3771 2158 3952 2225 ἡμῶν,

2378 2249 2458 2302 ὅτι
2489 2251 2655 2318 ἐσμὲν
2687 2251 2851 2302 τέκνα
2880 2250 3034 2302 Θεοῦ·
3069 2254 3114 2302 εἰ
3153 2251 3209 2302 δὲ
3251 2251 3440 2311 τέκνα,
3472 2251 3565 2302 καὶ
3593 2249 3954 2316 κληρονόμοι,

2378 2342 2706 2411 κληρονόμοι
2763 2341 2862 2409 μὲν
2897 2341 3054 2406 Θεοῦ,
3087 2341 3514 2408 συγκληρονόμοι
3549 2341 3604 2392 δὲ
3643 2338 3904 2406 Χριστοῦ.
3933 2357 3951 2388 ο

2377 2464 2448 2474 -—
2472 2453 2490 2484 ι
2518 2435 2580 2488 Οἱ
2625 2434 2680 2486 δὲ
2729 2433 2823 2486 τοῦ
2879 2433 3116 2504 Χριστοῦ
3169 2433 3627 2501 συγκληρονόμοι,
3659 2430 3765 2482 υἱοὶ
3797 2429 3958 2493 ’Υψίο

2382 2543 2510 2576 στου
2556 2524 2938 2594 κληθήσονται.
2977 2544 2994 2575 ι
3048 2526 3215 2575 Ὀταν
3246 2523 3465 2591 ὕψονται
3511 2520 3791 2590 βασιλείαν
3822 2515 3959 2568 θεοῦ

2384 2614 2522 2684 μετὰ
2555 2614 2742 2683 δόξης,
2797 2616 2916 2667 ἐκεῖ
2955 2615 3370 2682 ἀνοιχθήσονται
3427 2612 3610 2672 αὐτοῖς
3643 2608 3813 2660 πύλαι
3858 2607 3960 2673 τῆς

2386 2702 2684 2770 βασιλείας,
2717 2705 2809 2756 καὶ
2850 2706 3253 2756 εἰσελεύσονται
3281 2705 3358 2764 εἰς
3387 2703 3457 2755 τὰ
3491 2703 3691 2769 ταμεῖα
3724 2697 3815 2750 τοῦ
3850 2697 3964 2748 Πα-

2383 2797 2530 2865 τρδς,
2561 2797 2652 2850 καὶ
2677 2796 2839 2862 δείξει
2866 2798 3046 2858 αὐτοῖς
3066 2797 3094 2848 ό
3117 2795 3249 2856 Θεὸς
3277 2796 3402 2856 τοὺς
3432 2793 3525 2844 ἀπ’
3549 2793 3742 2852 αἰῶνος
3772 2790 3965 2855 ἁγίους

2384 2889 2570 2953 αὑτοῦ,
2609 2891 2700 2942 καὶ
2743 2891 3037 2958 ὀφθήσεται
3070 2892 3251 2951 αὐτοῖς
3285 2893 3311 2941 ὁ
3344 2887 3530 2949 Ἥλιος
3561 2885 3660 2953 τῆς
3689 2881 3967 2934 δικαιοσύ-

2382 2999 2500 3050 νης,
2527 2984 2619 3034 καὶ
2647 2981 3041 3045 ἐξελεύσονται,
3079 2983 3172 3034 καὶ
3200 2981 3607 3048 σκιρτήσουσιν,
3648 2978 3722 3039 ὡς
3753 2974 3965 3044 μοσχά-

2386 3090 2477 3142 ρια
2515 3073 2775 3140 ἀνειμένα
2816 3075 2879 3125 ὲκ
2911 3073 3147 3142 δεσμῶν.
3193 3091 3211 3122 ‹
3249 3073 3360 3126 Καὶ
3395 3068 3865 3139 μετασχηματίσει
3905 3064 3967 3116 τὸ

2397 3164 2559 3234 σῶμα
2600 3164 2698 3234 τῆς
2725 3163 3109 3226 ταπεινώσεως
3137 3164 3319 3233 ἡμῶν,
3352 3163 3674 3231 σύμμορφον
3703 3159 3795 3211 τοῦ
3833 3158 3968 3208 ἰδίου

2343 3254 2360 3275 ‘
2391 3255 2644 3323 σώματος
2689 3255 2788 3323 τῆς
2821 3254 2980 3323 δόξης
3011 3255 3200 3309 αὑτοῦ.
3243 3275 3260 3305 ι
3306 3255 3451 3306 Ἐκεῖ
3490 3272 3507 3302 ‹
3551 3248 3972 3314 Ἀνακαινισοή·

2390 3363 2538 3399 σεται
2573 3347 2648 3410 ὡς
2687 3347 2862 3400 ἀετῶν
2909 3348 2942 3416 ἠ
2988 3347 3176 3415 νεότης
3209 3365 3226 3396 ι
3263 3345 3462 3404 αὐτῶν,
3492 3343 3586 3396 καὶ
3623 3343 3842 3410 ὄψονται
3872 3340 3970 3406 τὴν

2387 3438 2492 3507 γῆν
2521 3439 2621 3507 τῆς
2653 3439 3036 3506 ἐπαγγελείας,
3083 3439 3178 3490 καὶ
3211 3439 3303 3490 ἐπὶ
3327 3439 3570 3504 γονάτων
3611 3433 3970 3504 παρακληθήο

2391 3545 2594 3591 σονται,
2625 3530 2699 3592 ὡς
2731 3530 2782 3582 εἴ
2809 3548 2931 3581 τινα
2969 3531 3157 3599 μήτηρ
3191 3527 3556 3597 παρακαλέσῃ
3580 3543 3593 3555 ο
3628 3525 3804 3586 οὕτως
3832 3526 3970 3577 ἀνα-

2387 3623 2534 3673 τελεῖ
2584 3623 2788 3691 Κύριος
2827 3621 3176 3690 δικαιοσύνην
3223 3621 3318 3673 καὶ
3367 3619 3681 3686 ἀγαλλίαμα
3725 3615 3972 3668 ἐναντίον

2390 3712 2609 3765 πάντων
2637 3713 2746 3764 τῶν
2776 3713 3116 3779 ἀγαπώντων
3154 3713 3316 3764 αὐτὸν
3347 3715 3403 3764 ἐν
3433 3711 3720 3778 εἰλικρινεῖ
3747 3707 3971 3776 καρδία.

2392 3807 2503 3857 Καὶ
2549 3805 2710 3874 ἡμεῖς
2754 3800 2868 3867 οὖν,
2909 3804 3207 3872 ἀγαπητοὶ,
3261 3801 3603 3869 αἱδεσθῶμεν
3657 3800 3752 3852 τὸν
3795 3799 3976 3859 οὕτως

2391 3897 2541 3967 ἡμᾶς
2571 3897 2902 3964 τιμήσαντα,
2928 3896 3024 3948 καὶ
3048 3899 3126 3958 είς
3153 3895 3405 3948 τοσοῦτον
3437 3894 3570 3962 ὕψος
3598 3892 3972 3958 ἀναγαγόντα*

2401 4009 2418 4039 ι
2463 3989 2571 4042 Καὶ
2600 3987 2976 4056 δουλεύσωμεν
3006 3987 3153 4056 αὑτῷ
3186 3989 3242 4039 ὲν
3269 3987 3419 4055 φόϐῳ
3446 3989 3521 4044 ὼς
3546 3986 3796 4056 Δεσπότῃ
3833 3986 3977 4036 κατὰ

2393 4081 2574 4150 φύσιν,
2601 4080 2696 4132 καὶ
2720 4079 3176 4148 ἀγαλλιασώμεθα
3193 4079 3340 4147 αύτῷ
3359 4081 3416 4131 ὲν
3435 4079 3643 4147 τρόμῳ.
3657 4097 3673 4127 ι
3701 4077 3776 4137 ὡς
3795 4077 3911 4127 Πατ
3924 4075 3978 4145 ρὶ

2395 4174 2534 4227 κατά
2563 4175 2743 4243 χάριν·
2779 4193 2795 4222 ι
2827 4174 3037 4242 μήποτε
3068 4172 3296 4242 ὀργισοῇ
3329 4171 3581 4240 Κύριος,ι
3612 4172 3701 4221 καί
3725 4170 3977 4220 ἐκπέσω-

2401 4287 2499 4340 μεν
2541 4269 2639 4338 τῆς
2693 4268 2949 4335 τοιαύτης
2997 4265 3289 4327 υἱοθεσίας.
3356 4265 3414 4316 Ὀ
3455 4264 3512 4316 δὲ
3560 4262 3761 4330 ταύτης
3820 4261 3979 4313 ἐκπί-

2394 4377 2579 4424 πτων,
2611 4362 2798 4428 ὅμοιος
2839 4359 3049 4426 γίνεται
3090 4357 3261 4425 Ἰούδα
3303 4355 3378 4423 τῷ
3416 4355 3650 4424 προδότῃ
3673 4397 3685 4415 ,
3717 4353 3832 4414 υἱὸς
3875 4354 3981 4402 ἀπ-

2394 4449 2611 4510 ωλείας,
2633 4447 2726 4499 καὶ
2749 4447 2995 4515 γεέννης,
3026 4445 3120 4497 καὶ
3153 4443 3248 4496 τοῦ
3287 4441 3736 4496 διαόὁλου.’Δλλὰ
3774 4443 3850 4509 μὴ
3890 4441 3983 4508 γέο

716 4541 971 4584 naturam
1018 4531 1294 4584 Domino:
1335 4551 1352 4582 ι
1408 4531 1760 4586 Exsultemus
1811 4530 1942 4583 item
1982 4530 2032 4583 ei
2083 4530 2137 4583 in
2188 4539 2283 4584 tre-

2400 4557 2542 4591 νοιτο
2587 4539 2734 4607 ἡμᾶς
2789 4537 3089 4602 ἀποστῆναι
3139 4534 3239 4603 τῆς
3299 4535 3521 4600 ἀγάπης
3581 4531 3676 4584 τοῦ
3726 4533 3984 4600 Σωτῆρος

717 4638 870 4675 more
894 4623 961 4683 ⁸ο,
1003 4641 1019 4671 ι
1057 4631 1116 4675 ιιι
1145 4623 1290 4676 Patri
1329 4639 1425 4692 per
1460 4622 1687 4692 gratiam
1725 4637 1739 4675 :
1781 4640 1798 4671 ι
1853 4621 2155 4690 Nequando
2188 4623 2296 4676 ira-

717 4723 905 4769 scatur
941 4715 1206 4769 Dominus
1248 4716 1314 4776 ⁶¹,
1366 4736 1381 4763 ι
1429 4725 1485 4768 et
1513 4713 1834 4767 exeidamus
1871 4715 1997 4784 jure
2044 4714 2208 4767 istius
2235 4714 2297 4766 Il-

719 4812 915 4864 liorum
951 4811 1284 4879 ad0ptionis.
1318 4810 1579 4878 Quisquis
1612 4808 1909 4878 ad0ptiouc
1953 4809 2055 4862 hac
2094 4808 2297 4876 Spolia-

720 4912 832 4964 tur,
866 4901 1019 4954 .ludze
1055 4901 1322 4969 proditori
1359 4900 1598 4954 cliieitur
1631 4900 1864 4954 similis:
1891 4899 2150 4952 nimirum
2179 4913 2300 4967 pcr-

720 4993 948 5046 ditionis
983 4994 1127 5047 illius
1165 5010 1228 5048 ac
1256 4994 1539 5064 geheume,
1573 4992 1680 5047 imo
1709 4993 1932 5046 diaboli.
1962 4992 2038 5046 Ne
2067 4990 2295 5061 (quieso)

721 5087 1002 5148 contingat
1023 5102 1121 5138 nos
1151 5087 1219 5140 ab
1242 5102 1309 5140 eo
1337 5087 1642 5140 desciscere
1679 5085 1894 5154 refugas
1922 5099 1935 5138 :
1969 5086 2062 5154 qui
2097 5095 2298 5137 nostra:

719 5187 804 5230 est
841 5179 1037 5231 vindex
1086 5179 1280 5232 salutis
1327 5187 1380 5231 et
1427 5179 1571 5231 Deus
1611 5185 1818 5230 noster.
1870 5177 1918 5230 Is
1961 5177 2108 5229 enim
2157 5177 2300 5230 hanc

725 5271 950 5322 indulsit
983 5270 1256 5339 benignus
1283 5279 1630 5338 potestatem,
1664 5270 1826 5322 nobis
1862 5277 1920 5320 ut
1960 5268 2121 5320 liceat
2151 5268 2300 5321 calce

723 5378 1008 5435 proterere
1092 5375 1397 5434 serpentes,

2402 4629 2560 4700 ἡμῶν
2605 4627 2777 4697 Ἰησοῦ
2827 4626 3063 4696 Χριστοῦ
3098 4627 3192 4679 καὶ
3222 4624 3358 4678 Θεοῦ
3399 4625 3576 4694 ήμῶν.
3615 4625 3825 4675 Ἔδωκε
3874 4626 3985 4692 γαρ

2404 4724 2535 4792 ἡμῖν
2568 4721 2817 4785 ἐξουσίαν
2850 4720 3040 4772 πατεῖν
3094 4719 3279 4771 ἐπάνω
3325 4717 3502 4784 ὄφεων
3545 4717 3639 4768 καὶ
3679 4717 3983 4784 σκορπίων,

2404 4816 2498 4868 καὶ
2540 4814 2632 4866 ὲπὶ
2657 4816 2836 4865 πᾶσαν
2871 4813 2971 4883 τὴν
3007 4811 3234 4880 δύναμιν
3269 4810 3363 4863 τοῦ
3388 4810 3606 4879 ἐχθροῦ.
3643 4828 3660 4860 ι
3686 4810 3846 4861 Ὀσοι
3875 4810 3987 4878 γὰρ

2404 4905 2670 4974 ἐλάϐομεν
2722 4904 2905 4968 αὑτὸν,
2941 4903 3141 4954 ἔδωκεν
3179 4904 3314 4972 ἡμῖν
3357 4899 3605 4965 ἐξουσίαν
3651 4901 3819 4954 τέκνα
3849 4898 3988 4952 Θεοῦ

2411 4993 2722 5062 γενέσθαιί
2745 4991 2968 5053 εἰπὼν,‹
2991 4991 3180 5060 Ὑμεῖς
3208 4991 3262 5042 δὲ
3288 4990 3361 5060 μὴ
3391 4990 3659 5057 καλέσητε
3697 4989 3855 5058 ὑμῶν
3885 5008 3990 5041 πα-

2404 5085 2538 5154 τέρα
2572 5084 2666 5135 ὲπὶ
2708 5085 2806 5151 τῆς
2850 5084 2974 5152 γῆς’
3032 5078 3111 5145 εἷς
3154 5083 3262 5150 γάρ
3297 5084 3445 5134 ὲστιν
3497 5085 3524 5135 ό
3558 5081 3747 5151 Πατὴρ
3776 5081 3936 5149 ὑμῶν
3965 5082 3990 5131 ό

2407 5177 2466 5227 ὲν
2499 5179 2611 5238 τοῖς
2655 5175 2928 5244 οὐρανοῖς.
2968 5195 2985 5224 ι
3021 5174 3178 5244 Αὐτῷ
3208 5176 3242 5245 ἡ
3281 5174 3408 5238 δόξα
3461 5175 3541 5236 εἰς
3585 5175 3708 5235 τοὺς
3760 5175 3986 5230 αἰῶνας.

2419 5269 2475 5319 ’Δ
2486 5270 2611 5338 μήν.

1474 5367 1825 5434 scorpiones,
1875 5379 2206 5432 omnemque
2291 5363 2499 5417 inimici
2578 5373 2901 5432 potestatem
2953 5363 3017 5420 θ’,
3074 5381 3092 5410 ι
3145 5360 3426 5428 Quotquot
3483 5358 3630 5412 enim
3673 5360 3992 5424 accepimus

723 5475 871 5521 eum,
920 5459 1073 5512 dedit
1114 5457 1271 5510 nobis
1305 5465 1630 5526 potestatem
1701 5455 1842 5509 ﬁlios
1885 5455 1976 5509 Dei
2021 5455 2134 5509 ﬁeri
2166 5457 2250 5506 “z
2298 5476 2315 5504 ι
2394 5456 2616 5525 quando
2659 5456 2837 5509 dixit:
2875 5473 2892 5504 ι
2933 5455 3042 5507 Vos
3089 5463 3270 5506 autem
3314 5451 3486 5505 nolite
3527 5465 3728 5502 vocare
3773 5460 3988 5518 patrem

727 5567 893 5621 super
925 5561 1145 5615 terram,
1181 5567 1322 5604 unus
1353 5551 1501 5605 enim
1532 5558 1616 5602 est
1663 5550 1824 5604 Pater
1861 5557 2044 5600 vester
2071 5548 2162 5616 qui
2213 5559 2296 5602 est
2339 5553 2391 5603 in
2422 5550 2577 5603 cwlis
2599 5549 2659 5596 “.
2703 5566 2720 5597 ι
2755 5547 2858 5616 Ipsi
2895 5546 3064 5615 gloria
3097 5545 3153 5598 in
3185 5544 3399 5598 secula.
3434 5544 3630 5597 Amen.

801 5689 842 5716 δ’
882 5688 1018 5740 Osee
1055 5705 1089 5748 ι,
1123 5687 1174 5749 9,
1211 5687 1294 5740 l0.
1373 5687 1417 5716 '°
1458 5686 1649 5739 lJoan.
1677 5701 1756 5745 ιιι.
1788 5687 1842 5738 ‘2.

727 5760 816 5810 Ἡ.
919 5760 962 5786 ³⁸
999 5759 1171 5811 (ἶιιιςιι.
1202 5775 1272 5814 ιν,
1302 5759 1353 5814 ti.
1388 5759 1436 5808 7.
1539 5758 1582 5786 "
1623 5756 1782 5809 Rom.
1827 5771 1941 5813 vlu.
1984 5756 2160 5810 H-i'i'.

731 5831 775 5857 "’
819 5829 958 5881 I'sal.
992 5844 1045 5888 ιι,
1086 5829 1164 5880 ll.
1244 5828 1284 5856 ‘”
1329 5828 1462 5879 ihid.
1519 5827 1599 5878 l2.
1679 5828 1721 5854 θ’
1759 5826 1890 5877 Luc.
1930 5825 2101 5886 32,19.

1919 5685 2189 5779 "lllqor.
2222 5683 2404 5779 ιιι..)ξέ
2480 5685 2524 5713 ⁸¹
2565 5683 2714 5779 Ερὶξρ

2275 5755 2315 5783 ³⁷
2362 5753 2516 5805 llom.
2548 5770 2620 5808 l\.
2648 5753 2735 5804 ‘26.

2179 5826 2222 5854 “
2263 5825 2419 5878 Joau.
2474 5840 2512 5877 I.
2558 5824 2641 5874 ll.
2720 5822 2735 5851 '

2480 5685 2524 5713 "
2565 5682 2890 5751 Eplies.t,5.
2968 5682 3013 5710 "
3052 5682 3253 5746 Ephes.
3287 5694 3339 5734 v.
3377 5682 3418 5736 ‘l,

2481 5770 2516 5805 ι.
2548 5770 2620 5808 I\.
2648 5753 2735 5804 ‘26.
2850 5751 2894 5778 “
2934 5749 3153 5817 Philipp
3223 5764 3302 5814 111,
3329 5748 3418 5800 21.

2720 5822 2765 5851 ⁸⁵
2805 5820 2994 5890 Matth.
3022 5835 3173 5872 nul.
3195 5819 3248 5871 9.

2968 5681 3013 5710 "
3052 5680 3253 5746 Ephes.
3287 5694 3352 5750 v._
3377 5677 3426 5750 l.
3460 5677 3565 5750 2.__
3589 5675 3640 5750 ’ζ
3676 5676 3814 5750 Rom
3870 5689 3990 5750 viti,

3528 5746 3569 5776 ¹⁹
3611 5746 3752 5800 Psal.
3800 5762 3895 5808 cu,
3938 5745 3988 5798 5.
