4178 6424
259 384 390 447 1841

836 524 1054 579 ΛΘΓΟΣ
1103 526 1228 580 PA'.

636 638 773 706 Περί
801 638 1123 703 βασιλείας
1150 637 1439 706 οὐρανῶν.

321 776 436 837 Τάς
470 774 862 845 προλεχθείσας
900 774 1119 837 ἐντολὰς
1161 774 1256 828 τοῦ
1298 773 1433 828 Θεοῦ
1460 774 1820 846 τηρήσαντες,

252 868 350 920 ἐπὶ
378 867 476 937 τὴν
514 865 793 936 βασιλείαν
816 868 925 919 τῶν
955 866 1200 937 οὐρανῶν
1228 868 1558 936 ὲπανίωμεν·
1595 868 1723 938 περὶ
1755 866 1822 939 ἦς

250 961 347 1013 καὶ
373 958 402 1008 ὁ
430 959 579 1024 ἀγὼν
611 958 798 1020 πολὺς,
834 959 929 1011 καλ⁵
953 959 1402 1027 ἀπειροπλασίως
1429 960 1461 1028 ὴ
1491 960 1817 1022 ἀνάπαυσις.

155 1087 158 1089 μ
251 1052 315 1103 El
334 1051 444 1120 γάρ
464 1053 491 1104 ὁ
516 1050 848 1120 ὀρεγόμενος
876 1050 975 1119 τῆς
1001 1050 1337 1121 προσκαίρου
1360 1050 1660 1119 βασιλείας,
1690 1051 1821 1103 πολ-

249 1142 349 1205 λάς
382 1140 748 1211 ἀνδραγαθίας
778 1140 1157 1205 ἐπιδείκνυσιν,
1187 1143 1244 1194 ἐν
1274 1142 1552 1210 πολέμοις,
1582 1142 1677 1194 καὶ
1704 1160 1823 1194 κιν-

248 1232 447 1296 δύνοις,
484 1233 577 1284 καὶ
616 1232 965 1301 ἀγρυπνίαις,
998 1231 1092 1285 καὶ
1140 1230 1455 1303 μερίμναις,
1482 1234 1577 1285 καὶ
1614 1233 1818 1297 πόνοις,

250 1325 347 1376 καὶ
366 1323 516 1376 οὐδὲν
542 1325 754 1392 ἡγεῖται
781 1323 959 1384 πάσας
982 1323 1080 1386 τὰς
1102 1323 1505 1392 συμϐαινούσας
1533 1322 1681 1393 αὐτῷ
1704 1324 1819 1376 θλί-

246 1414 394 1481 ψεις,
427 1416 491 1482 τῇ
541 1414 716 1466 ἑλπίδι
762 1413 863 1482 τῆς
917 1413 1455 1484 όνειροπωλουμένης
1485 1414 1632 1484 αὐτῷ
1674 1415 1820 1484 βασι-

248 1506 419 1567 λείας
449 1505 543 1558 καὶ
568 1504 741 1557 ταῦτα
769 1504 1104 1577 προσκαίρου
1130 1506 1225 1558 καὶ
1256 1507 1628 1559 ἀνυποστάτου
1652 1507 1822 1579 ὐπαρο

248 1597 477 1666 χούσης.
504 1597 691 1649 Ἔστιν
718 1596 774 1648 δὲ
802 1597 886 1648 ὅτε
909 1598 1002 1649 καὶ
1027 1596 1165 1665 μετὰ
1194 1597 1256 1649 τὸ
1282 1598 1462 1651 πάντα
1479 1599 1639 1651 πόνον
1664 1601 1819 1653 ἐκτε-

247 1689 406 1741 λέσαι
451 1689 632 1751 αὐτὸν,
677 1689 770 1741 καὶ⁵
808 1687 1049 1756 νομίζειν
1095 1688 1197 1758 ἤδη
1237 1690 1295 1741 ἐν
1340 1692 1530 1761 χερσὶν
1573 1692 1717 1760 ἔχειν
1751 1692 1821 1744 τά

246 1780 600 1848 ἐλπιζόμενα,
633 1780 997 1848 ἀνυπονόητος
1048 1780 1163 1832 ἀντ’
1213 1780 1398 1846 αὐτοῦ,
1448 1782 1708 1850 ἑφόρεσεν
1757 1783 1820 1834 τὸ

1121 391 1442 451 ΙΙΟΜΙΙᾸΑ
1485 394 1711 453 CXXX.
1741 417 1808 430 -
1842 394 1937 454 ΒΕ
1979 393 2234 457 REGNO
2272 395 2678 457 C(ELORUM.

3362 394 3499 459 1842

2447 530 2729 587 llOMlLlA
2769 529 2982 585 CXXX.

2421 644 2498 699 De
2535 659 2696 714 regno
2731 642 3000 697 caelorum.

1994 772 2246 827 Mandata
2270 772 2364 827 Del
2387 774 2640 843 superius
2673 773 2808 828 mihi
2849 771 3137 827 inducta-si
3168 770 3495 827 observave-

1926 865 2146 919 rimus:
2183 864 2374 932 utique
2408 863 2473 916 ad
2506 880 2734 932 regnum
2771 862 2963 919 licebit
3007 878 3105 916 ceu
3156 862 3494 932 postliminio

1927 956 2108 1010 redire
2134 967 2149 1007 ξ
2184 970 2282 1023 pro
2303 970 2412 1023 quo
2443 956 2600 1008 nobis
2624 971 2731 1009 non
2753 970 2895 1009 unus
2916 970 3054 1024 agon
3076 952 3372 1018 indicitur;
3400 953 3497 1007 sed

1926 1056 1982 1103 ct
2025 1062 2218 1102 secura
2258 1046 2476 1115 requies
2530 1046 2814 1114 multiplex
2860 1047 3224 1117 promittitur.
3248 1046 3495 1115 Regnum

1928 1138 2319 1207 temporarium
2359 1139 2532 1195 ambit
2559 1138 2834 1208 quis?hic
2875 1153 3100 1191 necesse
3151 1145 3236 1191 est
3268 1147 3329 1190 ut
3379 1151 3500 1190 exe-

1928 1242 2012 1286 rat
2041 1243 2206 1303 atque
2235 1242 2476 1289 ostentet
2506 1228 2857 1286 strenuitalis
2895 1230 3192 1298 plurinmm
3224 1230 3279 1283 in
3316 1228 3496 1291 hellis,

1926 1325 2206 1392 periculis,
2249 1325 2520 1387 excubiis,
2561 1322 2740 1377 anxiis
2788 1321 3272 1383 sollicitudinibus,
3306 1319 3501 1374 labori-

1928 1415 2029 1470 bus
2053 1418 2331 1486 perplexis
2364 1434 2377 1469 :
2408 1415 2544 1470 nihil
2576 1414 2732 1468 ducit
2770 1413 3159 1467 tribulationes
3188 1427 3378 1465 ouines
3405 1428 3502 1465 un-

1925 1505 2216 1575 decunque
2244 1506 2587 1575 contingant,
2618 1520 2713 1573 spe
2744 1504 2874 1557 dum
2904 1505 3069 1558 alitur
3100 1503 3254 1570 regni
3292 1502 3372 1555 vel
3402 1517 3499 1570 per

1927 1596 2260 1651 insomnium
2300 1596 2612 1666 cxcogitati.
2646 1596 2713 1650 Et
2753 1597 2865 1648 haec
2897 1596 3142 1649 comlitio
3168 1604 3250 1649 est
3291 1604 3500 1662 tempo-

1928 1689 2095 1754 rarii,
2154 1705 2257 1743 nec
2308 1704 2549 1758 unquam
2611 1688 3035 1742 constabiliendi
3096 1688 3266 1755 regni.
3320 1686 3496 1747 Adde,

1927 1779 2073 1849 quod
2140 1779 2289 1831 omni
2359 1780 2445 1831 vix
2498 1777 2778 1831 exantlato
2856 1777 3045 1830 labore
3114 1777 3258 1829 diem
3337 1792 3497 1830 suum

244 1869 519 1938 διάδημα·
567 1869 737 1921 ποίων
769 1868 997 1935 ἀγώνων
1029 1869 1218 1931 δεῖται,
1274 1873 1368 1923 καὶ
1416 1872 1675 1939 σπουδῆς,
1726 1873 1813 1923 καὶ

1922 1873 2070 1936 obit;
2133 1886 2368 1939 cumque
2415 1886 2473 1924 se
2535 1870 2814 1923 existimat
2860 1868 2913 1922 in
2985 1868 3237 1921 manibus
3296 1868 3500 1921 habere

247 1960 578 2030 προθυμίας,
640 1961 737 2014 καὶ
803 1961 1131 2030 ἀγρυπνίας,
1188 1964 1283 2015 καὶ
1358 1965 1672 2033 μερίμνης,
1727 1964 1820 2016 καὶ

246 2052 508 2104 κινδύνων
542 2093 557 2117 ,
615 2054 710 2104 καὶ
781 2053 1046 2122 θλίψεων,
1098 2054 1192 2106 καὶ
1243 2053 1580 2125 πειρασμῶν
1615 2096 1631 2120 ,
1685 2071 1822 2125 κρυ-

245 2142 399 2193 πτῶν
440 2160 501 2195 τε
538 2143 634 2195 καὶ
667 2145 947 2214 φανερῶν,
980 2146 1074 2197 καὶ
1112 2146 1389 2216 αἰκισμῶν
1426 2147 1522 2199 καὶ
1552 2144 1818 2209 θανάτων,

242 2234 273 2284 ὁ
324 2231 649 2301 βουλόμενος
709 2234 806 2286 σὺν
863 2234 1085 2303 Χριστῷ
1126 2235 1420 2304 ἀδιαδόχως
1478 2234 1816 2305 βασιλεύειν;

243 2324 347 2376 Διά
373 2323 530 2376 τοῦτο
559 2325 608 2376 oi
632 2323 998 2393 προλαϐόντες
1016 2306 1182 2392 ἅγιοι,
1207 2327 1399 2397 ἄνδρες
1420 2343 1481 2378 τε
1506 2328 1600 2379 κα)⁸
1629 2329 1819 2394 γυναῖ-

244 2431 364 2473 κες,
398 2416 493 2467 καὶ
518 2415 727 2480 παῖδες,
763 2415 926 2485 μέχρι
957 2415 1188 2469 θανάτου
1212 2418 1572 2486 ἠγωνίσαντο,
1608 2418 1693 2470 ἵνα
1726 2419 1822 2487 βα-

247 2503 458 2573 σιλείας
501 2503 748 2571 οὐρανῶν
795 2503 1150 2575 ἐπιτύχωσιν.
1200 2507 1404 2578 Βιαστὴ
1446 2509 1555 2577 γάρ
1590 2510 1738 2561 ἐστιν
1786 2510 1818 2577 ἡ

247 2592 496 2659 βασιλεία
549 2593 660 2646 τῶν
714 2594 982 2665 οὐρανῶν,
1037 2597 1132 2649 καὶ
1173 2599 1233 2650 ὲν
1285 2598 1449 2651 παντὶ
1508 2598 1820 2667 βιαζόμενοι

243 2682 476 2745 ἑαυτοὺς
501 2684 653 2736 αὐτοὶ
690 2686 1028 2753 ἁρπάζουσιν
1058 2688 1249 2758 αὐτήν.
1296 2688 1353 2740 Ὀ
1378 2688 1487 2759 γάρ
1515 2690 1682 2752 ὅντως
1740 2688 1821 2742 εὐ-

241 2772 498 2839 νουχίσας
538 2775 729 2826 ἑαυτὸν
777 2774 866 2826 διὰ
908 2776 1009 2843 τὴν
1042 2775 1320 2844 βασιλείαν
1347 2776 1458 2828 τῶν
1494 2777 1819 2847 οὐρανῶν,ἢ

244 2862 517 2932 παρθενεύ
527 2881 642 2925 σας,
658 2864 744 2917 διὰ
764 2865 984 2918 πάντων
1003 2865 1287 2935 ὀφειλέτης
1302 2867 1450 2919 ἐστὶν
1466 2868 1614 2931 ἄξιον
1631 2867 1822 2920 ἑαυτὸν

241 2953 524 3017 ἀποδεῖξαι
552 2954 646 3022 τῆς
676 2954 1059 3023 βασιλείας.υύ
1086 2955 1195 3024 γὰρ
1220 2955 1276 3006 ὲν
1298 2955 1462 3025 λόγῳ,
1495 2956 1528 3026 ἢ
1558 2958 1817 3026 σχήματι,

239 3046 275 3113 ἢ
312 3044 611 3115 όνὸματι,ἢ
641 3045 810 3112 γένει,
841 3045 873 3115 ἢ
908 3049 1111 3116 μορφῇ,
1140 3046 1171 3115 ἦ
1206 3046 1415 3115 ἰσχύῖ,ῆ
1448 3047 1697 3117 χρόνῳ,ή
1733 3047 1822 3115 βα-

241 3132 422 3185 σιλεία
451 3133 560 3184 τῶν
585 3132 834 3203 οὐρανῶν
872 3134 1377 3203 καταλαμϐάνεται,
1408 3134 1523 3187 ἀλλ’
1551 3136 1609 3186 ὲν
1660 3134 1820 3187 δυνά-

243 3241 337 3294 μει
369 3225 629 3287 πίστεως,
655 3224 1109 3294 ἐπιδεικνυμένης
1140 3224 1278 3294 ἔργα
1304 3225 1562 3290 πίστεως.
1581 3225 1817 3278 Ἐπιδει-

237 3314 520 3384 κνυμένην
548 3314 658 3385 γάρ
687 3315 872 3367 πίστιν
908 3314 1436 3383 ἀπαγγελείδίκαιος
1464 3307 1721 3386 ἐνεργῶς.
1753 3317 1817 3369 Τί

237 3406 300 3458 δέ
330 3406 502 3469 ἐστιν,
520 3404 823 3475 ἐνεργῶς,ἢ
845 3405 934 3458 διά
960 3404 1062 3474 τῆς
1087 3407 1400 3475 πρακτικῆς
1429 3406 1689 3475 ἐργασίας
1706 3405 1817 3459 τῶν

236 3497 471 3551 ἐντολῶν
498 3497 592 3551 τοῦ
624 3498 899 3566 Χριστούς
938 3498 1262 3566 Ἀπέχεσθαι
1295 3498 1353 3550 δὲ
1386 3498 1499 3551 τῶν
1532 3500 1814 3562 ἐναντίων,

232 3589 520 3642 τουτέστιν
545 3589 653 3642 τῶν
683 3588 987 3659 σαρκικῶν,
1023 3590 1213 3660 ἧγουν,
1252 3589 1576 3643 διαϐολικῶν
1610 3608 1816 3662 φρονηο

238 3686 452 3757 μάτων,
508 3687 668 3741 ἅτινά
736 3689 896 3751 εἰσιν,
929 3686 1178 3758 πορνεία,
1225 3685 1561 3757 ἀκαθαρσία,
1594 3685 1811 3739 εἰδωλοι-

233 3779 484 3847 λατρεία,
508 3780 871 3849 φαρμακεῖαι,
933 3778 1144 3849 ἔχθραι,
1180 3780 1346 3850 ερεις.
1402 3778 1575 3850 ζῆλοι,
1626 3780 1810 3851 θυμοὶ,

233 3869 492 3939 ὲριθεῖαι,
525 3869 872 3930 καταλαλιαί,
891 3868 1252 3939 διχοστασίαι,
1276 3869 1482 3938 φθόνοι,
1512 3870 1684 3939 φόνοι,
1714 3869 1815 3940 μὲ-

231 3961 350 4024 θαι,
376 3961 573 4029 κῶμοι,
604 3960 983 4030 εὐτραπελίαι,
1012 3960 1367 4030 μωρολογίαι,
1420 3960 1613 4025 γέλως,
1649 3961 1817 4029 ἀφροο

232 4051 396 4119 σύνη,
425 4049 753 4120 σκώμματα,
774 4049 1118 4122 ψιθυρισμοί,
1142 4050 1359 4120 πικρία,
1383 4050 1543 4121 ὀργὴ,
1571 4049 1810 4121 κραυγὴ,

232 4140 600 4211 βλασφημίαι,
649 4140 932 4209 φλυαρίαι,
966 4139 1178 4203 κακίαι,
1234 4140 1561 4211 ὲφευρὴσεις
1596 4140 1806 4203 κακῶν,

229 4229 533 4299 ἐπιορκίαι,
591 4228 932 4296 πολυλογίαι,
986 4228 1359 4298 πλοκολογίαι,
1433 4230 1801 4299 βαττολογίαι,

230 4321 550 4392 μοχθισμοὶ,
574 4319 879 4390 βαναυσίαι,
909 4320 1362 4391 διαπαρατριϐαὶ,
1413 4322 1807 4391 προσκλήσεις,

228 4412 516 4481 βλακεῖαι,
546 4411 737 4479 τύφος,
770 4410 1068 4480 φυσιώσεις
1095 4411 1307 4480 γένους,
1341 4414 1575 4484 μορφῆς,
1600 4412 1806 4484 χώρας,

1921 1980 2043 2033 qua:
2077 1979 2171 2030 spe
2201 1971 2619 2032 praecerpserat,
2664 1977 2808 2015 unus
2843 1960 3044 2029 aliquis
3081 1959 3217 2013 citra
3252 1961 3500 2012 omnium

1920 2057 2293 2125 suspicionem
2374 2071 2474 2125 pro
2550 2055 2643 2107 illo
2700 2054 3029 2122 plerumque
3094 2052 3347 2106 diadema
3424 2062 3502 2105 tu-

1919 2150 2005 2203 lit.
2062 2146 2279 2213 Quanto
2327 2161 2499 2215 agone
2552 2160 2713 2213 opus,
2754 2158 2865 2212 quo
2916 2144 3133 2207 studio,
3190 2159 3353 2212 quam
3406 2159 3504 2196 ex.

1920 2247 2173 2310 prompta
2222 2236 2391 2291 animi
2450 2236 2754 2298 alacritate,
2809 2234 3012 2303 quibus
3060 2234 3298 2304 vigiliis,
3346 2234 3501 2287 solli-

1922 2329 2286 2389 citudinibus,
2318 2327 2603 2397 periculis.
2660 2326 3130 2389 tribulationibus,
3185 2325 3500 2379 lentationi-

1922 2421 2026 2475 bus
2051 2421 2269 2475 areanis
2290 2419 2510 2489 quidem
2536 2428 2591 2472 et
2620 2419 2710 2471 vix
2749 2416 2843 2469 ulli
2876 2416 3177 2484 compertis
3204 2416 3497 2478 aerumnis;

1924 2510 2034 2563 imo
2092 2521 2149 2566 et
2207 2518 2341 2579 quot
2408 2508 2601 2561 mortis
2662 2506 2878 2574 Species
2946 2506 3212 2559 adeundzn
3270 2506 3502 2558 veniunt

1920 2603 1970 2655 ei
2040 2601 2135 2671 qui
2197 2617 2322 2655 cum
2381 2599 2605 2653 Christo
2657 2605 2927 2651 aeternum
2985 2598 3138 2665 cupit
3208 2597 3502 2666 regnare?

1922 2691 2004 2745 Ob
2035 2692 2139 2745 hoc
2165 2706 2333 2743 unum
2366 2690 2539 2742 sancti
2570 2703 2764 2741 omnes
2802 2687 2897 2756 qui
2935 2696 3179 2741 nostram
3215 2687 3357 2740 hanc
3389 2702 3493 2739 an-

1924 2788 2270 2833 teverterunt
2292 2786 2532 2837 (etatem,
2564 2776 2693 2842 viri,
2726 2777 3012 2837 mulieres,
3039 2774 3149 2828 imo
3173 2783 3229 2829 et
3249 2774 3406 2844 pueri
3432 2775 3500 2829 ad

1923 2881 2159 2924 mortem
2214 2886 2388 2938 usque
2447 2878 2674 2922 strenue
2735 2868 3206 2921 (Incertaveruut:
3240 2881 3352 2935 quo
3413 2866 3501 2920 vel

1924 2963 2141 3017 tandem
2205 2977 2375 3029 regno
2420 2960 2843 3029 perfruercntur
2898 2961 3192 3013 malorum.
3247 2960 3500 3029 Regnum

1922 3054 2201 3123 siquidem
2233 3052 2461 3107 cmleste
2495 3052 2602 3104 vim
2638 3051 2861 3120 patitur.
2890 3050 3030 3104 Illud
3082 3050 3228 3104 enim
3273 3050 3359 3118 pie
3411 3066 3501 3101 ra-

1924 3145 2105 3215 piunt,
2128 3145 2223 3212 qui
2257 3144 2313 3197 in
2341 3143 2602 3197 omnibus
2628 3159 2785 3196 suam
2822 3142 3063 3197 indolem
3096 3142 3163 3196 ad
3200 3142 3332 3196 vitia
3368 3156 3501 3211 pro-

1924 3236 2255 3304 pendentem
2309 3233 2535 3287 student
2581 3234 2865 3295 evincere,
2896 3234 2948 3289 vi
3010 3235 3247 3301 quadam
3297 3234 3501 3303 injecta

1922 3340 2036 3378 sua:
2071 3333 2302 3377 natum.
2336 3321 2599 3390 Quisquis
2628 3337 2728 3390 pro
2762 3322 3008 3376 caelestis
3039 3320 3192 3391 regni
3225 3337 3500 3375 consecu-

1920 3413 2071 3465 tione
2106 3427 2163 3465 se
2198 3427 2427 3480 prorsus
2458 3410 2758 3473 castravit,
2796 3419 2891 3464 aut
2918 3409 3137 3465 tuenda:
3164 3410 3501 3480 virginitatis

1916 3503 2212 3557 obstrinxit
2234 3503 2583 3568 voto,modis
2617 3503 2878 3556 omnibus
2910 3502 3087 3556 adniti
3118 3502 3311 3564 debet,
3350 3518 3407 3556 se
3440 3513 3501 3555 ut

1917 3595 2145 3663 dignum
2195 3611 2363 3664 regno
2411 3594 2623 3664 1243
2655 3594 2934 3648 exhibeat.
2987 3593 3175 3663 Neque
3230 3593 3379 3647 enim
3432 3593 3496 3647 ad

1918 3686 2142 3739 cmleste
2166 3684 2298 3738 illud
2334 3701 2560 3754 regnum
2590 3684 2915 3753 provehitur
2942 3685 3086 3753 quis.
3112 3684 3502 3745 sermone,ba-

1919 3777 2059 3843 bitu,
2108 3776 2403 3848 splendore
2438 3776 2697 3840 nominis,
2730 3777 2955 3849 generis
3000 3776 3500 3840 claritudine,fur-

1918 3890 2019 3928 ma:
2071 3873 2364 3942 elegantia,
2403 3870 2729 3925 fortitudine
2778 3870 3051 3939 corporis,
3090 3879 3187 3923 aut
3229 3869 3498 3938 temporis

1918 3960 2316 4031 prolixitudine
2354 3978 2367 4013 :
2402 3961 2498 4015 sed
2560 3961 2764 4015 virtute
2817 3960 2964 4021 tidei,
2989 3975 3158 4028 opera
3200 3958 3306 4013 fide
3334 3959 3497 4027 (ligna

1917 4054 2389 4124 reprmsentantis.
2424 4054 2566 4109 Sane
2601 4054 2764 4107 [idem
2818 4054 3092 4124 ejusmodi
3159 4053 3271 4107 vim
3335 4069 3495 4108 suam

1914 4153 2259 4211 exerentem,
2285 4144 2472 4215 justus
2501 4143 2810 4198 declarabit
2842 4144 3053 4199 eﬂicaci
3080 4152 3137 4198 et
3173 4143 3494 4213 operatoria

1916 4237 2236 4307 impletione
2314 4234 2699 4290 mandatorum
2785 4235 3016 4290 Christi.
3082 4236 3492 4290 Abstinendum

1914 4328 2149 4400 proinde
2165 4337 2252 4382 est
2278 4327 2348 4381 ab
2369 4326 2629 4381 omnibus
2660 4342 2783 4396 qua:
2816 4326 3092 4381 mandatis
3120 4341 3187 4380 ex
3215 4325 3496 4381 contrarie

1912 4418 2272 4473 obluctantur
2304 4434 2319 4471 :
2350 4417 2458 4471 hoc
2486 4423 2573 4470 est
2593 4458 2608 4481 ,
2635 4433 2665 4470 a
2683 4416 3003 4470 carnalibus
3036 4416 3210 4480 vitiis,
3237 4415 3499 4472 videlicet

224 4503 488 4569 πλούτου,
502 4502 752 4575 ἀνδρείας
775 4505 1064 4575 σαρκικῆς,
1078 4502 1255 4572 λόγου·
1277 4505 1486 4575 ἐριθεία
1504 4506 1643 4575 μετά
1658 4504 1811 4573 φιλο-

1917 4509 2246 4564 adiabolica
2302 4506 2455 4563 omni
2506 4506 2805 4577 prudentia
2852 4506 2919 4560 ad
2954 4522 3119 4576 quam
3173 4504 3496 4561 referuntur

226 4596 463 4662 νεικίας,
493 4599 669 4667 μῖσος,
701 4596 1061 4666 μνησικακία,
1088 4595 1338 4666 ὀξυχολία
1360 4636 1375 4660 ,
1422 4596 1603 4666 μῆνις,
1636 4596 1807 4661 δόλος,

221 4685 608 4751 ἀνταπόδοσις,
653 4685 1087 4757 γαστριμαργία,
1161 4686 1475 4754 ἀπληστία,
1527 4685 1810 4752 πλεονεξία

219 4777 351 4847 ἥτις
372 4778 519 4831 ἐστὶν
542 4776 955 4847 είδωλολατριία
970 4791 985 4805 ⁶
1011 4776 1366 4846 φιλαργυρία,
1382 4779 1415 4846 ἡ
1444 4774 1567 4847 ῥίζα
1589 4777 1810 4830 πάντων

221 4868 338 4922 τῶν
366 4867 575 4932 κακῶν,
612 4865 961 4937 φιλοκοσμία,
993 4865 1286 4930 κενοδοξία,
1321 4866 1606 4937 φιλαρχία,
1641 4868 1810 4921 αὐθά-

220 4963 367 5024 δεια,
420 4957 720 5029 θρασύτης,
776 4956 1059 5021 ἀλαζονία,
1125 4956 1160 5027 ἡ
1214 4956 1461 5009 καλεῖται
1513 4958 1802 5029 λοιμότηςο

222 5049 602 5120 ὑπερηφανία,
635 5042 722 5121 ᾖό
742 5048 876 5109 Θεὸς
921 5047 1325 5102 ἀντιτάσσεται.
1360 5048 1569 5112 Ταῦτα,
1594 5052 1688 5103 καὶ
1737 5053 1806 5104 τά

218 5141 434 5204 τούτοις
460 5142 625 5210 ὅμοια
648 5142 799 5203 ὅστις
823 5139 937 5211 ἔχει
959 5141 1018 5192 ὲν
1042 5138 1517 5211 ὲαυτῷ,σαρ›ιικός
1537 5144 1687 5195 ἐστιν
1710 5142 1803 5196 καὶ

219 5231 443 5296 υἱδςτοῢ
463 5231 730 5307 ἐναντίου.
756 5231 829 5285 Τὸ
848 5232 957 5301 γὰρ
977 5232 1341 5300 γεγενημένον
1366 5234 1431 5285 ὲκ
1456 5234 1554 5303 τῆς
1579 5234 1798 5304 σαρκὸς,

222 5324 365 5394 σάρξ
388 5326 537 5376 ὲστιν
559 5340 572 5353 ’
606 5325 701 5376 καὶ
722 5326 749 5376 ὁ
773 5325 839 5376 ὲκ
876 5323 976 5393 τῆς
1004 5326 1107 5392 γῆς
1136 5322 1232 5387 ῶν,
1258 5323 1327 5376 τά
1374 5326 1476 5394 τῆς
1504 5325 1607 5393 γῆς
1628 5324 1799 5390 λαλεῖ,

217 5418 290 5470 τὰ
317 5418 417 5484 τῆς
442 5418 545 5483 γῆς
565 5414 703 5485 ἔργα
733 5413 969 5484 φρονῶν.
1012 5414 1087 5466 Τὸ
1113 5413 1222 5484 γὰρ
1251 5414 1504 5484 φρόνημα
1532 5418 1633 5485 τῆς
1664 5434 1798 5485 σαρ-

219 5510 339 5573 κὸς,
367 5507 536 5578 εχθρα
565 5508 644 5569 είς
672 5506 804 5560 Θεόν
854 5508 1021 5560 ἐστιν.
1060 5505 1152 5576 τῷ
1211 5506 1318 5576 γάρ
1344 5505 1494 5576 νόμῳ
1536 5507 1629 5560 τοῦ
1663 5508 1798 5561 Θεοῦ

217 5600 319 5668 οὐχ
352 5596 721 5649 ὑποτάσσεται
741 5613 755 5629 ·
787 5596 907 5649 οὐδὲ
929 5596 1037 5666 γὰρ
1066 5595 1290 5648 δύναται
1315 5613 1328 5626 ·
1363 5597 1457 5649 καὶ
1494 5598 1553 5650 ἐν
1577 5597 1657 5667 τῷ
1683 5617 1797 5652 τοι..

216 5689 364 5759 ούτῳ
386 5688 485 5741 οὐκ
510 5690 652 5741 οἰκεῖ
672 5688 732 5741 τὸ
759 5687 985 5757 Πνεῦμα
1014 5687 1276 5742 τούθεοῦ.
1310 5706 1327 5740 ι
1358 5690 1431 5742 Οὐ
1465 5689 1538 5760 μὴ
1556 5693 1664 5762 γὰρ
1694 5711 1797 5746 κα-

218 5779 477 5850 ταμσίνῃ,
514 5779 700 5849 φησὶν.
734 5778 795 5832 τὸ
825 5778 1053 5850 Πνιῦμά
1085 5796 1183 5849 μου
1217 5780 1275 5832 ἐν
1315 5782 1429 5844 τοῖς
1485 5782 1792 5851 ἀνθρώποις

1917 4600 2035 4655 lucc
2067 4617 2080 4651 :
2110 4598 2431 4663 fornicatio,
2481 4596 2837 4652 immunditia
2859 4639 2873 4662 ,
2899 4597 3210 4652 idololatria
3233 4637 3249 4661 ,
3285 4595 3495 4651 veneﬁ-

1912 4694 2084 4758 cium,
2114 4691 2441 4757 inimicitiaa,
2468 4690 2877 4755 contentiones,
2896 4691 3067 4755 zelus,
3093 4689 3493 4752 animositates.

1913 4784 2067 4847 rixae,
2130 4783 2526 4848 detractiones,
2587 4781 2917 4845 seditiones,
2966 4780 3215 4845 invidize,
3262 4780 3443 4835 caedes
3475 4822 3491 4846 ,

1909 4875 2231 4940 ebrietates,
2257 4874 2769 4936 commessationes,
2808 4873 3216 4939 scurrilitates,
3249 4872 3494 4927 stultilo-

1907 4969 2057 5039 quia,
2093 4970 2261 5031 risus,
2299 4966 2693 5037 imprudentia,
2730 4965 2964 5021 dicteria
2997 4980 3095 5019 seu
3145 4964 3366 5028 cavilla,
3394 4978 3490 5018 su-

1907 5062 2109 5127 surria,
2143 5060 2476 5123 amaritudo,
2514 5060 2618 5123 ira,
2645 5060 2876 5121 clamor,
2903 5059 3274 5128 blasphemia,
3307 5073 3488 5127 nugae,

1906 5151 2136 5213 malitia,
2172 5150 2591 5205 adinventiones
2623 5151 2918 5212 malorum,
2944 5148 3209 5219 periuria,
3239 5147 3490 5201 multilo-

1905 5242 2059 5313 quia,
2088 5240 2263 5295 dolosi
2296 5254 2608 5304 sermones,
2642 5241 3021 5311 garrulitates,
3051 5240 3447 5294 insultationes
3467 5277 3485 5303 ,

1906 5342 2097 5402 turpes
2124 5341 2180 5386 et
2207 5330 2509 5386 illiberales
2528 5342 2696 5394 artes,
2733 5346 3009 5400 perversae
3030 5332 3484 5397 exercitationes,

1904 5421 1958 5476 in
2028 5423 2121 5492 jus
2184 5420 2546 5485 vocationes,
2598 5419 2868 5485 lascivim,
2922 5420 3107 5486 fatus,
3162 5422 3483 5489 arrogantia

1902 5523 2130 5583 propter
2153 5528 2346 5581 genus,
2377 5511 2633 5576 formam,
2677 5513 2935 5582 patriam,
2964 5514 3212 5578 divitias,
3250 5513 3480 5567 fortitu-

1901 5605 2086 5659 dinem
2118 5602 2390 5671 corporis,
2421 5617 2732 5658 sermonem
2763 5622 2776 5657 :
2819 5604 3107 5659 contentio
3135 5620 3262 5659 cum
3300 5605 3481 5673 pervi-

1899 5694 2073 5755 cacia,
2114 5694 2325 5755 odium,
2362 5693 2575 5764 injuria!
2603 5704 2841 5763 accepta:
2875 5695 3204 5760 recordatio,
3252 5695 3478 5749 iracun-

1898 5787 2009 5849 dia,
2048 5784 2411 5840 inveteratum
2442 5785 2653 5851 odium,
2678 5784 2861 5853 dolus,
2892 5786 3135 5843 vindicta
3171 5785 3475 5858 inexplebi-
