4178 6424
238 393 374 458 1845

1074 391 1408 453 HOMILIA
1443 388 1670 450 CXXX.
1693 409 1763 424 ·-·
1799 385 1898 446 DE
1926 383 2185 444 REGNO
2213 381 2618 444 C(ELORUM.

3351 373 3487 437 i856

236 524 348 563 non
375 509 487 578 jam
513 505 756 561 hominis
785 503 1008 558 nomine
1033 503 1365 571 appellatur,
1394 498 1490 553 sed
1517 510 1712 552 omnes
1731 494 1954 548 nomine
1972 494 2185 546 Domini
2211 494 2382 548 nostri
2411 492 2539 547 Jesu
2557 488 2764 546 Christl
2791 487 3088 544 Christiani
3116 486 3486 541 nominamur.

245 617 264 648 ι
299 575 488 667 Neque
507 597 656 652 enim
691 604 778 650 est
809 594 960 649 aliud
997 608 1199 646 nomen
1228 591 1330 644 sub
1352 590 1493 643 cmlo
1521 587 1708 640 datum
1733 583 2084 644 hominibus,
2111 583 2164 635 in
2189 597 2299 652 quo
2323 589 2578 652 oporteat
2603 594 2705 632 nos
2728 579 2909 632 salvos
2929 577 3044 630 ﬁeri
3069 576 3167 642 7°,»
3202 575 3307 629 nisi
3341 576 3491 631 solus

237 691 506 744 Dominus
525 691 685 746 Jesus
713 688 987 750 Christus,
1021 687 1076 740 in
1101 686 1335 754 gloriam
1361 683 1455 736 Dei
1486 682 1679 749 patris,
1713 695 1820 732 una
1844 693 1969 731 cum
2006 686 2200 730 sancto
2229 676 2440 744 Spiritu
2482 676 2536 729 in
2567 673 2788 728 secula.
2815 673 3010 725 Amen.

310 778 446 845 Περὶ
488 777 584 846 μὲν
613 772 706 829 οῦν
741 776 1000 840 πίστεως,
1036 776 1205 843 ἤγουν
1230 773 1669 841 ὁμοουσιότητος,
1697 767 1810 818 [Ια-

1985 767 2062 820 Ac
2114 766 2183 820 de
2235 765 2340 820 ﬁde
2375 766 2598 836 quidem
2651 763 2768 817 sive
2819 763 2886 815 de
2918 761 3492 815 consubstantialitate

239 871 388 936 τρὸς.
412 868 506 920 καὶ
533 866 664 920 Υἱοῦ
691 869 785 920 καὶ
810 867 964 932 ἀγίου
997 864 1335 933 Πνεύματος,
1362 865 1419 915 ὲν
1451 864 1590 932 ἀρχῇ
1621 858 1711 910 τοῦ
1737 857 1815 927 βι-

241 959 394 1011 ϐλίου
411 957 724 1028 ἀρκούντως
745 957 1040 1024 ὲξεθέμεθα
1059 972 1071 984 °
1099 955 1192 1007 νῦν
1207 956 1261 1008 δὲ
1279 955 1367 1007 διὰ
1389 955 1486 1021 τὴν
1503 953 1816 1022 κινηθεῖσαν

242 1056 476 1124 αἵρεσιν,
511 1053 649 1120 μετά
679 1051 994 1122 παρρησίας
1019 1049 1389 1119 ὁμολογοῦμεν
1423 1050 1515 1100 καὶ
1549 1045 1817 1115 κηρύττο-

245 1160 345 1213 μεν
383 1142 472 1193 τὸν
503 1141 707 1210 Κύριον
734 1141 891 1210 ημῶν
923 1143 1140 1211 Ἰησοῦν
1157 1142 1393 1211 Χριστὸν
1419 1139 1512 1192 τὸν
1550 1135 1817 1207 μονογενῆ

241 1230 369 1283 Υίὸν
392 1230 485 1282 καὶ
498 1231 669 1295 Λόγον
692 1229 783 1282 τοῦ
803 1229 1034 1298 Πατρὸς,
1053 1229 1169 1296 φῶς
1188 1231 1251 1280 ὲκ
1269 1229 1466 1296 φωτὸς,
1481 1229 1612 1278 Θεὸν
1635 1225 1820 1295 ἀληθι-

240 1323 330 1374 νὸν
344 1324 407 1372 ἐκ
419 1320 551 1372 Θεοῦ
570 1319 844 1387 ἀληθινοῦ,
864 1337 929 1371 σα
936 1319 1210 1389 ρκωθῆναί
1223 1337 1280 1371 τε
1295 1321 1386 1371 καὶ
1403 1319 1643 1387 ὲνανθρω
1652 1318 1819 1386 πῆσαι

241 1415 306 1464 ὲκ
342 1413 658 1482 Πνεῦματος
675 1411 856 1477 ἁγίου,
884 1413 976 1464 καὶ
1002 1414 1064 1464 ὲκ
1090 1412 1188 1480 τῆς
1208 1410 1368 1479 ἁγίας
1392 1411 1605 1475 ἐνδόξου
1631 1408 1822 1460 Θεοτό-

243 1521 362 1566 κου,
403 1505 494 1556 καὶ
529 1505 916 1574 ’Δειπαρθένου
951 1505 1188 1575 Μαρίας,
1216 1505 1348 1558 Θεὸν
1371 1505 1575 1557 τέλειον
1600 1503 1690 1556 τὸν
1724 1501 1821 1557 αύ-

244 1597 357 1657 τζν,
385 1596 478 1648 καὶ
526 1596 810 1666 ἄνθρωπον
831 1596 1054 1660 τέλειον,
1087 1597 1180 1648 ’ἐνα
1221 1595 1314 1648 καὶ
1349 1596 1510 1666 μόνον
1539 1596 1662 1648 Υἰὸν
1683 1612 1696 1624 ·
1727 1596 1824 1648 καὶ

246 1686 354 1754 πρὸ
382 1684 480 1752 τῆς
514 1684 867 1753 σαρκώσεως,
905 1687 999 1738 καὶ
1026 1687 1160 1755 μετά
1189 1686 1292 1756 τὴν
1326 1686 1600 1757 σάρκωσιν
1624 1703 1637 1716 ο
1687 1687 1822 1756 ὁμο·-

245 1776 425 1828 ούσιον
475 1775 552 1845 τῷ
604 1777 778 1846 Πατρὶ
824 1776 966 1828 κατά
987 1775 1088 1846 τὴν
1138 1777 1388 1846 θεότητα,
1415 1781 1507 1831 καὶ
1538 1777 1824 1847 ὁμοούσιον

245 1869 378 1935 ἡμῖν
405 1867 546 1918 κατά
600 1867 698 1936 τὴν
732 1866 1158 1937 ἀνθρωπότηταο
1215 1869 1353 1920 κατά
1405 1869 1583 1920 πάντα
1643 1870 1824 1935 ὅμοιον

248 1958 402 2022 ἡμῖν,
458 1957 626 2024 χωρὶς
671 1956 964 2023 ἁμαρτίας,
1016 1957 1309 2025 γενόμενον
1353 1958 1671 2026 ἄνθρωπον·
1719 1957 1825 2026 πρὸ

246 2043 462 2095 αἰώνων
493 2043 592 2110 μὲν
647 2044 716 2095 ἐκ
766 2042 858 2095 τοῦ
910 2042 1128 2113 Πατρὸς
1169 2042 1498 2113 γεννηθέντα
1546 2044 1685 2096 κατά
1729 2045 1825 2113 τὴν

1919 858 2097 912 Patris
2124 868 2180 911 et
2210 857 2354 916 Filii.
2381 865 2436 910 et
2467 856 2709 925 Spiritus
2731 854 2929 913 sancti,
2957 852 3297 907 suﬁicienter
3330 868 3357 904 a
3390 867 3495 904 no-

1919 949 2003 1003 bis
2033 950 2193 1003 initio
2231 949 2359 1002 libri
2384 949 2593 1002 dictqu
2621 958 2705 1001 est
2739 967 2750 1000 :
2780 949 2892 1018 jam
2941 961 3074 1000 vero
3113 954 3336 1014 pr0pter
3383 953 3496 997 hae—

1920 1041 2106 1102 resim,
2135 1057 2258 1110 quae
2303 1048 2494 1093 exorta
2535 1049 2640 1103 est,
2672 1055 2797 1093 cum
2841 1039 3040 1091 ﬁducia
3080 1037 3408 1090 conﬁtemur
3444 1046 3498 1091 ct

1923 1131 2285 1201 pradicamus
2326 1131 2620 1185 Dominum
2678 1139 2926 1181 nostrum
2983 1128 3170 1182 Jesuin
3216 1125 3500 1179 Christum

1923 1223 2270 1291 unigenitum
2332 1222 2531 1275 Filium
2569 1228 2625 1274 et
2683 1219 2924 1273 Verbum
2981 1217 3182 1278 Patris,
3216 1217 3402 1269 lumen
3431 1217 3500 1268 de

1921 1314 2154 1377 lumine,
2190 1315 2354 1366 Demn
2390 1312 2600 1382 1245
2647 1326 2837 1364 verum
2874 1309 2942 1362 de
2969 1310 3078 1362 Deo
3119 1324 3272 1369 vero,
3317 1308 3502 1362 incar-

1921 1415 2112 1460 natum
2139 1420 2258 1458 esse
2285 1415 2449 1474 atque
2481 1405 2760 1457 hominem
2795 1402 2999 1456 factum
3039 1416 3104 1453 ex
3131 1401 3340 1469 Spiritu
3378 1417 3506 1454 san-

1924 1505 2016 1552 cto
2049 1505 2104 1550 et
2147 1503 2338 1549 sancta
2386 1502 2442 1547 et
2491 1494 2728 1564 gloriosa
2765 1494 2860 1546 Dei
2892 1492 3170 1547 Genitiiee
3194 1506 3257 1544 ac
3287 1507 3504 1560 semper

1927 1590 2149 1659 Virgine
2200 1587 2366 1642 Maria
2402 1605 2414 1640 :
2449 1587 2543 1656 qui
2601 1588 2716 1656 ipse
2771 1588 3050 1654 perfectus
3099 1585 3206 1638 l'uit
3261 1585 3407 1639 Deus
3449 1592 3507 1636 et

1925 1682 2205 1753 perfectus
2261 1680 2447 1743 homo,
2485 1693 2630 1732 unus
2671 1689 2729 1732 et
2777 1678 2929 1730 solus
2966 1677 3138 1730 Filius
3169 1684 3223 1728 et
3250 1683 3377 1728 ante
3416 1673 3506 1726 iu-

1927 1773 2326 1833 caruationem,
2357 1782 2413 1825 et
2470 1781 2592 1839 post
2648 1769 3112 1830 incarnationem,
3143 1766 3510 1821 consubstan-

1931 1864 2074 1918 tialis
2107 1864 2252 1918 Patri
2284 1863 2590 1918 secundum
2621 1862 2971 1916 divinitatem
2999 1901 3012 1923 ,
3042 1868 3099 1914 et
3139 1857 3510 1912 consubstan-

1930 1958 2075 2011 tialis
2105 1957 2265 2011 nobis
2301 1955 2607 2010 secundum
2639 1954 3042 2007 humanitatem
3075 1972 3087 2005 :
3122 1951 3320 2006 similis
3347 1950 3510 2004 nobis

1931 2064 2027 2117 per
2056 2050 2240 2102 omnia
2264 2049 2444 2102 factus
2473 2047 2660 2106 homo,
2697 2054 2924 2110 excepto
2953 2053 3177 2112 peccato
3208 2061 3220 2095 :
3252 2042 3346 2112 qui
3381 2053 3508 2097 ante

249 2132 481 2202 θεότητα
504 2149 518 2162 ·
560 2135 644 2184 ἐπ’
670 2134 914 2202 ἐσχάτων
944 2135 1000 2187 δὲ
1049 2135 1156 2188 τῶν
1200 2137 1424 2206 ἡμερῶν
1458 2137 1548 2188 τὸν
1575 2136 1735 2188 αὑτὸν
1761 2136 1828 2188 δι’

1935 2140 2128 2192 εωουιο
2151 2139 2376 2208 quidem
2400 2154 2468 2192 ex
2507 2138 2665 2190 Patre
2702 2146 2865 2189 natus
2890 2144 2976 2187 est
3021 2133 3329 2188 secundum
3362 2133 3510 2186 divi-

247 2225 424 2291 ὴμᾶς,
450 2223 544 2277 καὶ
572 2224 658 2275 διὰ
680 2224 777 2293 τὴν
811 2227 1089 2296 ἡμετέραν
1117 2227 1409 2296 σωτηρίαν,
1440 2227 1652 2294 καὶτῆς
1671 2228 1828 2294 ἀγίας

245 2315 513 2364 Θεοτόκου
532 2315 627 2368 καὶ
643 2314 1027 2384 Ἀειπαρθένου
1042 2318 1279 2384 Μαρίας,
1295 2317 1391 2370 ἕνα
1405 2318 1494 2370 καὶ
1510 2318 1664 2388 μόνον
1681 2320 1826 2382 Υίὸν,

249 2407 310 2455 ὲν
362 2403 454 2456 δύο
499 2405 746 2474 φύσεσιν,
781 2407 1123 2478 ἀσυγχύτως,
1168 2409 1470 2479 ἀτρέπτως,
1511 2410 1830 2478 ἀδιαιρέτως

249 2497 673 2566 γνωριζόμενον.
691 2500 794 2551 Δύο
812 2500 920 2570 γὰρ
939 2501 1126 2568 φύσεις
1149 2500 1410 2570 συνῆλθον
1431 2502 1685 2571 ἀλλήλαις
1708 2504 1829 2553 καθ’

247 2587 357 2639 ἒνω
366 2605 445 2639 σιν
459 2589 842 2654 ἀδιάσπαστον,
861 2591 1182 2660 ἀχώριστον,
1198 2592 1524 2660 ἀσύγχυτον,
1538 2593 1827 2661 ἄτρεπτον.

264 2679 328 2728 Ἠ
351 2679 455 2748 γὰρ
478 2679 634 2748 σὰρξ,
659 2681 796 2749 σάρξ
818 2684 983 2746 ἐστιν,
1005 2684 1098 2734 καὶ
1122 2683 1182 2734 οὐ
1205 2683 1416 2752 θεότης,
1432 2685 1478 2734 εί
1502 2684 1591 2734 καὶ
1611 2683 1832 2750 γέγονεν

251 2768 391 2818 Θεοῦ
425 2769 560 2837 σὰρξ
584 2785 598 2798 ⁸
637 2771 838 2837 ὁμοίως
880 2774 972 2824 καὶ
1001 2775 1028 2825 ό
1061 2773 1253 2839 Λόγος,
1288 2773 1420 2836 Θεός
1465 2775 1600 2837 ἐστι,
1641 2777 1734 2827 καὶ
1771 2775 1831 2828 ού

254 2860 416 2928 σὰρξ,
449 2863 497 2912 εἰ
520 2863 612 2912 καὶ
636 2862 768 2913 ίδίαν
799 2864 1095 2934 ἐποιήσατο
1116 2863 1211 2933 τὴν
1242 2864 1421 2933 σάρκα
1453 2866 1829 2934 οἰκονομικῶς.

253 2952 361 3002 Δύο
401 2951 579 3004 τοίνυν
611 2953 707 3015 τὰς
730 2953 920 3022 φύσεις
951 2957 1129 3024 φαμὲν
1162 2953 1328 3009 εἶναι’
1365 2959 1461 3010 ἕνα
1491 2957 1545 3008 δὲ
1574 2957 1831 3024 Χριστὸν,

254 3044 354 3096 καὶ
390 3043 536 3108 Υίὸν,
565 3047 657 3097 καὶ
681 3047 905 3115 Κύριον,
925 3047 1013 3101 τὸν
1034 3048 1129 3101 τοῦ
1163 3049 1298 3102 Θεοῦ
1339 3050 1533 3118 Λόγον,
1565 3049 1835 3118 ὲνανθρω-

257 3137 511 3204 πήσαντα
545 3139 638 3189 καὶ
676 3141 1119 3209 σεσαρκωμένον.
1183 3141 1404 3210 Ἐπειδὴ
1435 3141 1685 3212 διάφοροι
1733 3141 1833 3210 μὲν

255 3227 316 3277 αἱ
359 3227 493 3295 πρὸς
541 3229 640 3295 τὴν
691 3229 947 3300 ἀληθινὴν
965 3232 1192 3300 ἑνότητα
1224 3232 1573 3302 συναχθεῖσαι
1611 3232 1830 3301 φύσεις⁶

255 3312 340 3380 εἷς
365 3318 418 3370 δὲ
455 3319 514 3382 ὲξ
541 3321 744 3389 ἀμφοῖν
769 3323 1002 3390 Χριστὸς
1034 3327 1126 3376 καὶ
1163 3325 1288 3384 Υἱός
1311 3340 1325 3354 ’
1350 3325 1447 3393 οὐχ
1489 3325 1562 3386 ὡς
1597 3324 1697 3393 τῆς
1725 3325 1834 3378 τῶν

258 3408 478 3476 φύσεων
497 3411 756 3481 διαφορᾶς
779 3415 1131 3485 ἀνῃρημένης
1158 3415 1243 3468 διὰ
1274 3416 1373 3485 τὴν
1394 3416 1611 3478 ἓνωσιν,
1634 3419 1834 3468 ἀποτε-

257 3500 506 3553 λεσασὼν
537 3501 592 3554 δὲ
627 3505 824 3573 μᾶλλον
862 3508 1016 3575 ἡμῖν,
1056 3508 1147 3558 τὸν
1185 3505 1407 3576 Κύριον,
1441 3508 1534 3558 καὶ
1571 3507 1826 3575 Χριστὸν,

258 3591 357 3640 καὶ
428 3591 592 3655 Υίὸν,
655 3592 908 3664 θεότητός
975 3612 1034 3646 τε
1104 3596 1199 3648 καὶ
1263 3596 1682 3665 ἀνθρωπότητος
1743 3596 1832 3649 διά

256 3683 362 3751 τῆς
391 3684 668 3752 ἀφράστου
707 3688 801 3740 καὶ
843 3688 1205 3758 ἀπερινοήτου
1255 3689 1391 3757 πρὸς
1437 3688 1666 3758 ἑνότητα
1705 3704 1833 3741 συν-

258 3773 485 3844 δρομῆς.

260 3881 364 3935 per
414 3867 548 3920 nulli
603 3870 987 3938 explicandum
1067 3883 1123 3926 et
1185 3872 1593 3942 incogitabilem
1647 3888 1876 3944 prorsus

263 3978 434 4015 unum
465 3963 757 4019 Dominum
793 3977 848 4020 et
883 3966 1162 4021 Christum
1185 3977 1241 4022 et
1270 3969 1488 4023 Filium.

335 4053 522 4115 (ὶῦτως
561 4056 655 4106 καὶ
683 4058 862 4124 ἡμεῖς,
893 4059 1009 4127 ἤτοι
1040 4060 1070 4126 ἡ
1110 4058 1371 4130 καθολικὴ
1390 4060 1704 4130 Ἐκκλησία,
1739 4075 1834 4113 πι-

265 4145 549 4212 στεύομεν,
580 4146 652 4207 ὼς
670 4149 765 4199 καὶ
781 4150 831 4199 oi
858 4149 1081 4217 μεγάλοι
1105 4153 1392 4220 φωστῆρες
1410 4153 1504 4202 καὶ
1530 4149 1837 4204 διδάσκαλοι

262 4233 363 4300 τῆς
409 4235 687 4306 ἀληθείας,
756 4238 1074 4300 Ἀθανάσιος
1102 4281 1115 4303 ,
1147 4240 1453 4305 Βασίλειος,
1515 4241 1834 4311 Γρηγόριος,

263 4323 538 4395 Ἰωάννης,
556 4332 650 4380 καὶ
684 4328 970 4398 Κύριλὶος,
998 4332 1026 4382 6
1051 4331 1151 4398 τῆς
1179 4331 1573 4402 ’Δλεξανδρὲων
1608 4331 1839 4401 μεγαλο-

263 4417 502 4480 πόλεως·
534 4418 625 4472 καὶ⁵
651 4421 776 4482 τοὺς
805 4421 878 4490 μὴ
912 4421 1084 4484 οὕτως
1128 4422 1479 4490 φρονοῦντας
1499 4421 1842 4492 ἀποστρεφόο

268 4506 408 4573 μεθα
431 4509 524 4560 καὶ
542 4508 1030 4580 ἀναθεματίζομεν,
1049 4511 1187 4581 μετὰ
1203 4511 1309 4564 τῶν
1328 4512 1837 4584 ὑπογεγραμμένων

265 4615 289 4648 ο
307 4597 532 4666 ίρέσεων
563 4598 672 4651 τῶν
699 4602 836 4669 μετὰ
869 4601 964 4670 τὴν
994 4603 1302 4671 παρουσίαν
1327 4603 1421 4656 τοῦ
1447 4604 1672 4672 Κυρίου,
1701 4603 1841 4657 κατά

261 4687 549 4757 (ῖιαφόρους
568 4689 791 4759 καιροὺς
809 4707 881 4741 πα
891 4692 1225 4759 ραφυέντωνσ
1243 4685 1317 4744 ὧν
1339 4691 1409 4744 τά
1429 4692 1670 4761 ὀνόματά
1689 4693 1838 4743 ἐστιν

262 4779 464 4831 ταῦτα·
493 4779 836 4849 Σιμωνιανοὶ,
851 4783 1263 4854 Μενανδριανοὶ,
1283 4784 1654 4852 Σατορνιανοὶ,
1675 4783 1839 4836 Βασι-

1933 2230 2529 2292 nitatem,novissimis
2581 2237 2767 2282 autem
2825 2228 3024 2280 diebus
3082 2227 3227 2280 idem
3283 2235 3512 2295 propter

1931 2337 2032 2375 nos
2062 2333 2118 2375 et
2151 2331 2379 2392 promer
2409 2330 2653 2375 nostram
2681 2320 2912 2374 salutem
2954 2337 3021 2373 ex
3059 2329 3253 2372 sancta
3280 2319 3370 2372 dei
3400 2318 3511 2373 Ge-

1933 2413 2134 2466 nitrice
2189 2428 2517 2481 semperque
2571 2413 2792 2480 Virgine
2849 2412 3013 2464 Maria
3045 2411 3253 2479 prodiit
3282 2426 3427 2465 unus
3454 2418 3514 2464 et

1932 2504 2083 2557 solus
2119 2503 2306 2567 Filius,
2339 2502 2434 2571 qui
2465 2503 2517 2556 iu
2549 2503 2765 2556 duabus
2813 2502 3027 2556 naturis
3076 2502 3385 2562 inconfuse,
3424 2501 3514 2553 in-

1935 2595 2298 2657 variahiliter,
2336 2595 2571 2648 indivise
2597 2594 2857 2648 inctaruit
2885 2605 3050 2662 atque
3097 2593 3336 2648 innotuit
3365 2593 3512 2647 orbi.

1935 2685 2064 2741 Dua:
2118 2687 2264 2740 enim
2322 2697 2553 2749 naturae,
2593 2687 2805 2740 unitate
2851 2700 3079 2753 prorsus
3115 2683 3510 2744 indissolubili,

1936 2778 2081 2832 inter
2114 2792 2234 2831 sese
2268 2785 2686 2832 convenerunt:
2723 2776 2934 2830 unitate
2960 2815 2973 2838 ,
3004 2776 3262 2844 inquam,
3291 2775 3513 2842 insepa-

1936 2870 2122 2930 rabili,
2144 2869 2452 2932 inconfusa,
2482 2868 2835 2922 immutabili.
2855 2866 2996 2920 Caro
3020 2868 3166 2920 enim
3193 2881 3322 2919 caro
3348 2874 3433 2918 est
3456 2873 3514 2918 et

1935 2977 2044 3015 non
2079 2963 2303 3015 Deitas:
2339 2961 2554 3014 tametsi
2610 2960 2752 3014 facta
2803 2969 2888 3012 cst
2945 2959 3039 3012 Dei
3107 2974 3257 3020 caro,
3295 2956 3512 3010 etiamsi

1937 3053 2344 3121 dispensatorie
2404 3051 2680 3122 proliriam
2740 3051 2845 3106 sibi
2909 3051 3042 3104 fecit
3103 3066 3223 3104 eam
3267 3064 3510 3104 carnem.

1937 3143 2083 3196 Duas
2111 3143 2294 3210 itaque
2323 3143 2648 3211 proﬁtemur
2679 3156 2800 3194 esse
2836 3149 3100 3203 naturas;
3134 3155 3305 3193 unum
3329 3147 3510 3191 autem

1937 3236 2238 3288 astruimus
2274 3250 2396 3288 esse
2450 3233 2756 3294 Christum,
2797 3232 3002 3285 Filium
3060 3241 3116 3286 et
3171 3233 3464 3285 Dominum
3497 3269 3512 3292 ,

1937 3325 2330 3387 Dei'Verhum,
2361 3334 2416 3379 et
2456 3326 2550 3394 qui
2604 3325 2768 3377 homo
2819 3325 2995 3377 factus
3054 3332 3158 3386 est,
3192 3331 3247 3376 et
3288 3337 3510 3375 carnem

1938 3419 2253 3487 assumpsit.
2283 3417 2402 3472 Jam
2459 3415 2681 3485 quando
2706 3415 3030 3469 diﬂerentes
3058 3414 3283 3483 quidem
3310 3413 3392 3465 ha:
3418 3428 3512 3464 ve-

1939 3510 2159 3564 rissima
2206 3510 2408 3564 unione
2446 3509 2682 3562 counitaa
2713 3518 2844 3561 sunt
2878 3517 3110 3567 naturae,
3145 3521 3288 3558 unus
3329 3514 3515 3558 autem

1939 3615 2004 3653 ex
2037 3609 2270 3669 utraque
2303 3608 2495 3652 natura
2526 3596 2780 3652 Christus
2806 3606 2862 3651 et
2891 3598 3034 3651 idem
3070 3597 3262 3659 Filius,
3295 3611 3404 3648 non
3435 3596 3518 3650 sic

1942 3691 2144 3759 alioqui
2176 3699 2382 3744 asserta
2419 3698 2740 3743 naturarum
2766 3689 3079 3742 diﬁcrentia
3103 3697 3330 3757 propter
3361 3686 3516 3738 unio-

1943 3798 2094 3844 nem,
2126 3781 2301 3850 magis
2354 3791 2560 3844 autem,
2590 3784 2718 3849 quia
2762 3781 2856 3833 Dei
2899 3780 3253 3846 hominisque
3302 3787 3516 3831 natura:

1950 3887 2282 3927 concursum
2341 3871 2410 3926 ad
2467 3871 2614 3927 illam
2682 3871 2946 3926 unionem
3002 3872 3164 3926 nobis
3221 3868 3521 3940 perﬁciunt

2013 4054 2106 4111 Sic
2136 4069 2239 4108 nos
2266 4054 2382 4108 sive
2410 4052 2677 4107 catholica
2707 4052 2954 4107 Ecclesia
2982 4050 3287 4116 credimus,
3319 4067 3518 4120 quem-

1941 4145 2238 4200 admodum
2272 4151 2330 4198 et
2359 4157 2551 4212 magna
2582 4142 2676 4195 illa
2702 4143 2963 4196 Ecclesia:
2983 4143 3276 4195 luminaria
3302 4158 3366 4196 ac
3385 4144 3519 4198 doc-

1944 4245 2093 4289 tores
2149 4233 2421 4299 veritatis,
2457 4233 2813 4296 Athanasius,
2868 4234 3129 4298 Basilius,
3171 4233 3472 4303 Gregorius
3499 4275 3515 4300 ,

1942 4324 2460 4395 Joannes,Cyrillus
2499 4339 2710 4392 magna:
2739 4324 3244 4380 Alexandrinorum
3277 4325 3521 4381 civitatis

1943 4417 2258 4486 episcopus.
2290 4416 2469 4482 Quare
2493 4416 2618 4469 illos
2657 4417 2750 4484 qui
2795 4427 2994 4485 praater
3025 4417 3225 4470 horum
3263 4418 3519 4482 dogmata

1938 4517 2255 4573 senserunt,
2275 4523 2618 4571 aversantur,
2653 4507 3011 4576 repudiamus
3033 4519 3088 4562 et
3141 4524 3515 4574 exsecramur,

1939 4618 2065 4658 cum
2106 4602 2436 4672 subscriptis
2479 4601 2785 4656 haeresibus
2813 4617 2935 4670 qua:
2970 4601 3329 4655 succedaueis
3378 4611 3516 4655 tem-

1939 4693 2170 4759 poribus
2193 4693 2408 4746 adnatat
2438 4701 2567 4747 sunt
2599 4701 2721 4761 post
2747 4692 2965 4744 Domini
2998 4691 3316 4744 adventum.
3353 4691 3515 4761 Ejus-

1941 4784 2088 4836 modi
2135 4783 2522 4837 haereticorum
2553 4782 2776 4835 nomina
2808 4793 2938 4836 sunt
2987 4782 3101 4836 inec
3133 4783 3223 4842 si,
3253 4782 3520 4837 Simonia-

264 4871 493 4922 λιδιανοὶ
514 4911 530 4935 ,
560 4872 878 4926 Νικολαῖται
904 4914 918 4937 ,
953 4874 1274 4936 Γνωστικοὶ,
1333 4875 1830 4944 Καρποκρατιανοὶ,

1941 4873 2024 4926 ni.
2055 4874 2111 4936 2,
2135 4873 2537 4927 Menandriaui.
2573 4873 2626 4935 5,
2673 4873 3011 4926 Satoruiani.
3067 4874 3121 4936 4,
3179 4873 3517 4930 Basilidiani.

268 4965 309 5014 K
321 4980 351 5030 η
361 4963 475 5032 ρινθ
486 4965 640 5030 ιανοὶ,
661 4965 1569 5036 Ναζωραῖοι,Ἀ6ιωναῖοι,ούαλεντ
1579 4966 1734 5030 ιανοὶ,
1750 4965 1836 5016 Σε-

264 5055 590 5116 κουνδιανοὶ,
605 5057 913 5126 Πολεμαίοι,
928 5058 1268 5126 Μαρκώσιοι,
1285 5058 1662 5128 Κολορόάτιοι,
1681 5058 1840 5127 Ἠρα-

265 5143 570 5211 κλεωνίται,
599 5149 827 5216 Ὀφῖται,
870 5150 1121 5215 Καῖανοὶ,
1160 5149 1430 5219 Σηθιανοὶ,
1475 5148 1834 5219 Ἀρχοντικοὶ,

263 5234 651 5304 Κερδωνιανοὶ,
685 5239 1120 5308 Μαρκιωνισταὶ,
1150 5243 1555 5305 Λουκιανισταὶ,
1584 5239 1837 5291 ’Δπελια-

263 5325 365 5388 νοὶ,
388 5325 723 5396 Σευηριανοὶ,
738 5330 1012 5396 Τατιανοὶ,
1031 5333 1415 5401 Ἐγκρατισταὶ
1435 5334 1597 5397 ,κατά
1613 5333 1835 5401 Φρυγα-

264 5416 429 5480 στῶν,
448 5418 544 5470 καὶ
571 5420 955 5474 Μοντανιστῶν
987 5426 1083 5475 καὶ
1109 5423 1587 5491 Ἀσκοδρουγιτῶν,
1623 5425 1836 5476 Πεπου-

264 5505 508 5578 ζιανοὶ,ἢ
527 5510 1005 5579 Πρισκιλλιανοὶ,οί
1019 5514 1440 5577 Κεκεντιλιανοὶ,
1452 5507 1532 5575 οἷς
1548 5513 1838 5566 συνάπτον-

260 5613 356 5650 ται
400 5597 811 5670 ’Δρτοτυρίται,
848 5604 1502 5676 Τεσσαρεσκαιδεκατίται
1525 5646 1538 5670 ,
1576 5604 1792 5673 Ἀλογοι
1820 5647 1833 5670 ,

335 5757 381 5788 ⁷⁸
406 5758 524 5809 Act.
547 5771 620 5820 iv,
649 5758 732 5811 12.

1940 4965 1994 5027 5,
2036 4964 2339 5020 Nicolaitaa.
2372 4964 2425 5028 6,
2467 4963 2736 5018 Gnostici.
2773 4966 2823 5029 7,
2855 4964 3297 5032 Carpocratiani.
3330 4969 3382 5028 8,
3410 4966 3517 5020 Na-

1942 5055 2192 5119 zarzei.9,
2228 5055 2529 5109 Hehionazi.
2561 5056 2647 5122 l0,
2676 5057 3002 5111 Valentiani.
3036 5057 3120 5121 ll,
3159 5056 3516 5112 Secundiani.

1945 5150 2031 5213 12,
2059 5147 2332 5202 Polemaei.
2366 5146 2451 5207 l5,
2471 5146 2746 5210 Marcosii,
2768 5148 2855 5209 Η,
2883 5147 3200 5202 Colorbatii.
3239 5148 3325 5211 l5,
3353 5149 3523 5202 Hera-

1943 5240 2213 5295 cleonitaa.
2254 5237 2590 5307 l6,0phita3.
2633 5239 2718 5302 l7,
2753 5238 2965 5292 Caiani.
3005 5239 3089 5300 l8,
3130 5237 3401 5292 Sithiani.
3433 5240 3516 5302 l9,

1945 5328 2285 5384 Archontici.
2338 5328 2429 5392 20,
2452 5328 2811 5382 Cerdouiani.
2861 5327 2925 5380 21
2955 5371 2968 5388 .
2996 5329 3379 5383 Ματςὶοηίειω.
3425 5328 3516 5392 22,

1945 5419 2290 5476 Lucianistaz.
2323 5419 2413 5483 25,
2452 5421 2749 5490 Apelliaui.
2798 5419 2889 5483 24,
2935 5420 3235 5476 Severiani.
3278 5419 3368 5482 25,
3413 5418 3519 5472 Ta-

1942 5513 2096 5566 tiani.
2156 5512 2246 5574 26,
2283 5511 2600 5566 Encratita.
2644 5514 2710 5566 27
2735 5553 2748 5576 ,
2778 5512 3045 5566 adversus
3102 5511 3431 5580 Phrygastas
3463 5521 3520 5564 et

1942 5601 2319 5666 Montanistas,
2380 5603 2844 5673 Ascodrougetas.
2894 5603 3000 5667 28,
3058 5601 3370 5671 Pepusiani.
3430 5599 3520 5670 2S),
