4178 6424
680 413 809 478 1841

1956 414 2313 476 ANTIOCHI
2360 412 2698 474 MUNAClll

3827 422 3956 484 184$

670 532 1027 596 Priscilhani,
1050 532 1436 598 Cecentiliani,
1462 548 1602 602 qnes
1638 541 2057 601 consequuntur
2097 534 2252 583 Arto-

2360 530 2699 599 ’Λδαμιανοί,
2719 533 3013 601 Σαμψαῖοι,
3033 534 3081 585 οἱ
3106 535 3198 586 καὶ
3215 534 3540 597 Ἐλκεσαῖοι,
3559 538 3653 590 καὶ⁵
3669 539 3957 591 Θεοδοτια-

670 625 808 678 ritas.
869 624 959 690 30,
1024 627 1716 680 Tessarcs-Kai-decatit:e.
1781 626 1870 690 5|,
1922 624 2099 693 Alogi.
2166 624 2254 685 52,

666 718 977 771 Adamiani.
1021 719 1108 781 55,
1155 718 1557 788 Sampsmi,qui
1586 718 1873 771 ctCelsmi.
1927 718 2017 781 51,
2069 715 2254 769 Theo-

664 809 898 863 dotiani.
951 809 1041 870 55,
1108 809 1603 863 Melchisedeeiani.
1645 809 1748 872 36,
1784 808 2113 862 Bardisiani.
2164 808 2253 871 57,

667 899 940 951 Νοριίειιιί.
984 900 1074 962 58,
1124 898 1347 953 Valesii.
1389 899 1603 969 1246
1625 900 1714 960 59,
1771 900 2035 962 Kathari,
2067 899 2161 967 qui
2200 907 2256 951 et

666 987 910 1042 Anabiti.
938 988 1028 1051 40,
1053 989 1318 1057 Angelici.
1347 989 1436 1049 41,
1459 988 1761 1055 Apostolici
1786 990 1879 1057 qui
1930 997 1985 1040 ct
2016 988 2252 1056 Apotac-

667 1078 835 1131 tiotzn.
868 1078 957 1141 42,
1008 1078 1328 1131 Sabelliani.
1370 1079 1459 1142 43,
1493 1078 1800 1147 Origcnarii
1834 1098 1847 1133 :
1885 1080 1979 1148 qui
2038 1088 2093 1132 ct
2149 1080 2250 1133 Es-

666 1166 938 1235 ehropwi.
975 1168 1064 1229 44,
1093 1167 1410 1235 Origeiiiani
1441 1168 1535 1221 alii
1568 1168 1660 1236 qni
1696 1178 1751 1221 ct
1782 1168 2117 1222 Adamantii.
2160 1170 2251 1229 45,

665 1259 867 1315 l'anius
922 1260 1348 1315 Samosatensis.
1399 1261 1468 1314 46
1494 1301 1508 1323 ,
1561 1261 1864 1315 Μωιίοιιευί.
1901 1263 1991 1325 47,
2028 1262 2250 1315 llicrar-

665 1352 807 1404 eine.
844 1352 931 1413 48,
963 1352 1359 1414 MelitianiJQ,
1387 1353 1597 1413 Ariani,
1634 1352 1726 1422 qui
1777 1361 1832 1407 et
1868 1353 2246 1408 Ario'nanita;.

665 1443 753 1507 fit),
786 1443 1046 1498 Andiani.
1110 1445 1199 1508 51,
1240 1444 1580 1498 Photiniani.
1638 1446 1725 1507 5’2,
1768 1445 2125 1500 Marisliiani.
2158 1447 2247 1509 55,

668 1536 953 1590 llemiarii.
1006 1539 1094 1599 fil,
1146 1538 1657 1591 l’neumatomachi.
1711 1538 1799 1602 55,
1851 1538 2099 1592 Acriani.
2155 1538 2247 1603 56,

668 1630 875 1694 Etiani,
903 1630 995 1700 qui
1021 1638 1076 1683 et
1098 1630 1342 1694 Anomii,
1372 1638 1426 1683 et
1454 1630 1807 1692 Ennomiani,
1832 1638 1887 1683 ct
1914 1628 2245 1683 Eudoxiani.

667 1717 757 1784 57,
791 1721 1111 1783 υἰιιιωτίῑω,
1140 1721 1235 1789 qui
1262 1730 1320 1774 et
1363 1720 1803 1790 Apollinaridmi.
1844 1720 1931 1785 58,
1957 1722 2245 1775 Antidico-

668 1811 1017 1867 niarianiue:
1053 1813 1144 1868 isti
1174 1813 1386 1867 faciunt
1422 1814 1488 1866 ad
1514 1812 1776 1867 invidiam
1802 1814 2065 1878 nominis,
2102 1814 2249 1868 inter

2366 622 2468 682 νοὶ,
2504 623 3003 691 Μελχισεδεκιανοὶ,
3031 624 3417 692 οΒαρδισιανοὶ,
3450 628 3763 696 Νοητιανοὶ,
3815 631 3955 683 Οὐα-

2364 711 2562 780 ὶήσιοι,
2599 715 2842 785 Καθαροί
2874 717 2924 768 οί
2958 718 3053 768 καὶ
3090 716 3381 780 ’Λναϐιτοὶ,
3428 719 3762 784 ’Λγγελ;κο“ι,
3792 722 3932 773 ’Λπο

2366 804 2620 867 στολικοὶ,
2664 808 2713 859 οἱ
2754 808 2849 859 καὶ
2884 809 3291 869 ’Λποτακτικοἰ,
3327 809 3703 875 Σαϐελλιανοτ,
3746 815 3928 880 Ὠριγε

2363 899 2554 955 νιανοὶ,
2580 896 2629 949 οἱ
2668 900 2763 950 καὶ
2794 901 3167 967 Αξσγροποιοὶ,
3188 902 3542 969 Ὠριγενιανοῖ.
3575 904 3725 955 ἄλλοι
3763 923 3820 956 τε
3864 908 3953 957 καὶ

2378 988 2812 1057 ’Λδαμαντιανο“ι,
2837 991 3046 1053 Παῦλος
3070 992 3929 1063 Σαμοσατεωτ,δια-μιχαῖοιδῈρα

2362 1086 2561 1145 κεῖται,
2612 1083 2950 1146 Μελιτιανοῖ,
2975 1085 3270 1153 Ἀρειανοὶ,
3306 1088 3353 1138 oi
3388 1090 3482 1139 καὶ
3520 1090 3951 1159 ’Λρειομανῐται,

2373 1167 2661 1235 ’Λνδιανοὶ,
2718 1174 3055 1238 Φωτινιανοὶ,
3121 1174 3571 1245 Μαρκελλιανοι,
3613 1180 3950 1247 ἸΙμιάρειο;,

2360 1262 2842 1333 Πνευματομάχοι,
2862 1266 3148 1336 ’Λεριανοὶ,
3168 1268 3455 1333 ’.λε-πιανῶ,
3499 1272 3547 1321 oi
3576 1272 3669 1322 καὶ
3693 1273 3948 1339 ’Λνομοι,

2358 1355 2709 1425 Εὑνομιανοὶ,
2744 1356 3077 1423 Εὐδοξιανοὶ,
3112 1362 3441 1430 Διμοιρϊται,
3473 1363 3520 1415 οί
3547 1363 3947 1416 καῖ’Λπολινα-

2359 1448 2525 1515 ρῐται,
2567 1446 3153 1517 Ἀντιδικομαριανίται
3175 1490 3190 1512 ,
3222 1452 3271 1502 oi
3305 1453 3387 1513 είς
3425 1454 3596 1522 ονομα
3626 1453 3726 1521 τῆς
3778 1457 3951 1521 αὐτῆς

2356 1538 2577 1607 Μαρίας
2628 1540 2957 1610 κολλυρίδας
2997 1542 3313 1605 ποιοῦντες*
3359 1545 3718 1609 Μεσαλιανοὶ,
3752 1548 3801 1597 οἱ
3857 1548 3950 1599 καὶ

2357 1629 2758 1698 Εὑχῖται.”Εως
2793 1628 2902 1683 τῶν
2944 1626 3044 1684 ὧδε
3077 1635 3103 1685 6
3145 1632 3298 1700 ἃγιος
3342 1633 3661 1703 Ἐπιφάνιος
3707 1638 3946 1701 ἐξέθετο.

2355 1722 2511 1774 Μετὰ
2540 1721 2597 1773 δὲ
2619 1723 2841 1786 τούτους
2865 1723 3175 1790 γεγόνασιν,
3197 1726 3481 1795 Εύάγριος,
3509 1729 3601 1779 καὶ
3622 1728 3857 1795 Δίδυμος
3881 1728 3949 1778 τὰ

2368 1812 2677 1880 Ὠριγένους
2713 1815 3034 1883 φρονοῦντες
3074 1816 3211 1885 πρὸς
3250 1817 3482 1887 ὓπαρξιν
3526 1821 3621 1870 καὶ
3659 1820 3946 1871 ἀποκατά-

666 1905 1013 1974 placentulas
1084 1920 1223 1973 quas
1281 1916 1499 1967 vocant,
1558 1904 1851 1975 collyridas
1904 1905 2105 1960 Μαι-ἰαὶ.
2160 1907 2247 1969 59,

2360 1918 2571 1967 στασιν,
2596 1904 2869 1973 θεόδωρος
2896 1905 2922 1955 6
2950 1906 3346 1974 Μοψουεστίας,
3367 1910 3461 1961 καὶ
3488 1910 3774 1979 Διόδωρος,
3795 1913 3891 1963 καί
3921 1912 3949 1962 6

668 1996 970 2050 Mesaliani.
1004 1997 1096 2058 60,
1130 1997 1397 2049 Euchitae.
1432 1996 1728 2066 llucusquc
1762 2009 1987 2053 sanctus
2016 1998 2251 2067 Epipha-

666 2089 794 2143 nius
819 2089 1093 2157 exposuit.
1130 2089 1376 2143 l‘osthmc
1405 2090 1691 2143 luereseon
1738 2100 1993 2159 portenta
2024 2093 2249 2146 fuerunt

667 2178 723 2231 hi
759 2195 771 2230 :
803 2178 1072 2247 Evagrius
1099 2190 1153 2233 et
1183 2180 1464 2250 Didymus,
1501 2181 1594 2249 qui
1627 2181 1935 2235 secundum
1986 2182 2243 2252 dogmata

666 2270 943 2340 Origenis,
972 2280 1101 2341 puta
1134 2274 1624 2340 przcexsistentiam
1654 2290 1837 2327 rermn
1865 2284 2030 2344 atque
2054 2291 2247 2329 carum

669 2361 1083 2415 restitutionem
1129 2370 1451 2417 senserunt.
1492 2364 1821 2418 Theodorus
1856 2365 2246 2435 .‘llopsncstius,

668 2448 944 2506 Diodorus
971 2462 1025 2505 et
1051 2453 1341 2507 Nestorins
1362 2454 1454 2523 qui
1488 2470 1589 2507 suo
1632 2470 1796 2508 sensu
1841 2459 1953 2509 duo
1990 2466 2251 2510 astruunt

668 2558 792 2598 esse
844 2544 1003 2598 filios.
1049 2544 1145 2598 llis
1184 2546 1431 2599 concinit
1481 2546 1656 2600 Mares
1689 2547 1773 2600 vir
1811 2548 1996 2610 Persa,
2030 2555 2087 2601 et
2118 2548 2249 2617 Epi-

669 2637 810 2690 stola
870 2653 993 2705 qua:
1027 2637 1253 2701 dicitur,
1280 2639 1392 2691 lba.
1436 2638 1753 2693 Secundum
1795 2640 1897 2692 hos
1950 2640 2246 2710 Eutychos,

672 2731 1145 2800 imaginationem,
1197 2731 1516 2800 opinionem
1577 2740 1632 2787 et
1675 2732 2059 2786 confusionem
2120 2748 2248 2785 sen—

674 2822 857 2875 tiens:
894 2838 1058 2891 quem
1098 2823 1322 2892 quidem
1368 2833 1681 2892 sequuntur
1720 2824 2033 2888 Dioscorus,
2072 2825 2252 2878 Theo-

670 2914 887 2978 dosius,
916 2914 1171 2978 (Su-anus,
1196 2914 1522 2970 Timotheus
1556 2916 1650 2985 qui
1674 2925 1730 2970 et
1760 2916 2032 2977 llaalurus.
2053 2917 2251 2969 Petrus

669 3004 767 3075 qui
814 3012 871 3059 et
919 3005 1053 3059 illud
1102 3015 1456 3060 commentus
1489 3016 1575 3060 est
1608 3024 1620 3059 :
1651 3022 1872 3075 nempe,
1904 3015 1965 3059 ut
2001 3005 2253 3074 Trisagio

673 3095 876 3168 hymno
905 3098 1201 3151 accederet
1233 3107 1468 3167 quartus
1501 3097 1859 3169 σταυρωοεὶς,
1880 3096 1931 3149 id
1966 3095 2251 3149 estcruci-

674 3194 833 3245 fixus.
874 3194 1070 3246 Petrus
1114 3192 1367 3261 Mungus,
1393 3192 1745 3246 Severusille
1778 3191 2108 3261 Aecphalus,
2147 3190 2250 3242 So-

674 3285 922 3339 terichus
954 3302 1021 3338 ex
1047 3285 1297 3339 Cmsarca
1335 3284 1716 3355 Cappadocim,
1754 3284 2090 3339 Philoxenns
2122 3283 2253 3337 llic-

674 3376 1042 3445 rapolitanus,
1077 3376 1501 3445 Amphilochius
1551 3374 1796 3437 Pisidiae,
1851 3374 2089 3429 Jacobus
2148 3374 2249 3444 Sy-

678 3478 811 3528 rus,
872 3474 929 3520 et
984 3466 1240 3521 Julianus
1297 3485 1311 3520 :
1371 3475 1427 3521 et
1493 3466 1541 3521 si
1612 3466 1738 3535 quis
1794 3465 2100 3519 secundum
2153 3464 2255 3518 hos

676 3559 802 3613 talis
860 3558 1051 3613 fuerit.
1108 3558 1234 3612 llrec
1291 3558 1539 3627 quidem,
1574 3559 1627 3611 in
1690 3557 1770 3611 tui
1823 3557 2054 3626 gratiam
2120 3570 2254 3609 eon-

676 3652 839 3716 traxi,
898 3652 1237 3705 venerabilis
1302 3651 1465 3704 Pater
1516 3650 1769 3704 Eustathi
1806 3667 1818 3702 :
1856 3659 1919 3702 ut
1972 3648 2249 3702 declarem

673 3744 822 3814 quod
867 3759 1214 3813 unaqumque
1268 3742 1464 3796 harum
1505 3742 1788 3796 hazrescon
1827 3741 1896 3794 ab
1924 3753 2036 3792 uno
2066 3739 2254 3806 aliquo

676 3835 899 3889 homine
924 3834 1412 3887 momcnelaturam
1437 3833 1822 3903 cognominem
1848 3830 2064 3895 sortita,
2093 3828 2256 3881 docet

673 3927 947 3999 ejusmodi
982 3927 1161 3981 virum
1202 3926 1547 3980 desertorem
1577 3940 1699 3979 esse
1729 3940 1794 3978 ac
1825 3923 2069 3992 refugam
2094 3920 2256 3975 Chri-

675 4022 769 4077 sti.
804 4022 995 4091 Neque
1026 4021 1173 4074 enim
1217 4018 1307 4072 isti
1339 4018 1582 4071 tolerant
1619 4015 1727 4070 dici
1757 4030 1815 4068 se
1851 4014 2199 4069 Christianos
2237 4031 2250 4067 :

675 4114 850 4184 magis
912 4125 1097 4165 autem
1158 4120 1523 4165 aSsectatores
1579 4116 1743 4161 secta:
1777 4107 1861 4160 vel
1892 4104 2252 4169 Nestorianze,

675 4203 1027 4267 Severiamc,
1089 4201 1445 4262 Jacobitieaa,
1500 4210 1596 4253 aut
1663 4199 1995 4268 cognomine
2052 4197 2253 4267 quovis

676 4295 1151 4366 praescriptorum.
1184 4293 1349 4362 Atqui
1397 4292 1787 4361 tempestivum
1833 4290 1943 4361 jam
1970 4298 2075 4353 cst,
2108 4298 2168 4343 ut
2189 4305 2257 4344 ex

677 4385 887 4456 ingenti
943 4392 1273 4454 tempestate
1308 4382 1411 4436 hac
1439 4383 1608 4437 nimis
1644 4397 1811 4451 quam
1864 4382 2167 4452 proccllosa
2201 4387 2258 4434 et

676 4477 1017 4537 turbulenta,
1050 4474 1315 4542 deinceps
1351 4472 1714 4543 enavigemus
1745 4488 1758 4525 :
1793 4471 1863 4526 ab
1887 4472 2121 4541 impuris
2146 4471 2259 4540 spi-

2358 1995 2656 2064 Νεστόριος
2683 1996 2762 2047 ἑνὶ
2797 1998 3107 2068 φρονήματι
3141 1998 3234 2050 δύο
3255 2001 3405 2062 υἱοὺς
3433 2001 3947 2067 λέγοντες.Τούτοις

2361 2091 2645 2155 συμφωνεῖ
2664 2088 2845 2157 Μάρις
2862 2090 2890 2140 6
2910 2090 3148 2159 11ἐρσηςο
3174 2093 3267 2142 καὶ
3289 2092 3321 2159 ἡ
3339 2088 3610 2163 λεγομένη
3644 2093 3783 2144 ’11εὰ
3802 2093 3950 2145 Ἐπι-

2359 2178 2519 2248 στολή
2542 2195 2557 2211 ⁸
2598 2181 2736 2248 μετά
2762 2180 2991 2243 τούτους
3015 2183 3287 2252 Εὐτυχὴς,
3313 2186 3643 2251 φαντασίαν,
3666 2186 3757 2237 καὶ
3783 2186 3947 2254 δόκη-

2360 2287 2463 2331 σιν,
2496 2271 2590 2322 καὶ
2612 2271 2877 2340 σύγχυσιν
2906 2272 3118 2340 φρονῶν
3143 2289 3159 2304 ⁸
3206 2268 3357 2340 ᾧτινι
3388 2277 3580 2328 ἕπεται
3622 2278 3942 2344 Διόσκορος,

2357 2361 2654 2425 θεοδόσιος,
2674 2361 2920 2424 Γαῖανὸς,
2941 2361 3202 2430 Τιμόθεος
3221 2364 3248 2414 6
3269 2363 3427 2415 Ᾱῖλου
3436 2382 3543 2433 ρος,
3572 2367 3796 2435 Πέτρος,
3816 2369 3844 2418 6
3866 2366 3945 2430 τὸ,

2357 2453 2391 2505 ὁ
2421 2456 2806 2521 σταυρωθεὶς,
2840 2455 2918 2517 είς
2954 2454 3015 2507 τὸ
3045 2454 3339 2525 Τρισάγιον
3383 2458 3696 2527 ἐπινοήσας,
3739 2459 3946 2525 Πέτρος

2357 2546 2386 2597 6
2438 2545 2714 2612 Μουγγὸς,
2768 2547 3007 2617 Σευῆρος
3042 2551 3071 2600 6
3116 2548 3437 2617 Ἀκέφαλος,
3490 2552 3824 2619 Σωτήριχος,
3882 2554 3945 2602 ὲκ

2358 2633 2647 2704 Σαμαρίας
2697 2637 3123 2701 Καππαδοκίας,
3167 2638 3445 2701 Φιλόξενος
3504 2639 3677 2707 Ἱερᾶς
3710 2640 3943 2703 πόλεως,

2372 2726 2723 2795 Ἀμφιλόχιος
2760 2730 2787 2780 6
2815 2729 3062 2798 Πισίδης,
3098 2730 3354 2792 Ἰάκωϐος
3381 2734 3408 2783 ὁ
3443 2731 3636 2801 Σῦρος,
3671 2733 3766 2785 καὶ
3812 2734 3945 2784 ’1ου-

2358 2816 2572 2880 λιανός·
2610 2820 2702 2870 καὶ
2737 2821 2901 2881 εἴτις
2935 2821 3058 2873 κατ’
3091 2823 3291 2883 αὐτοὺς
3337 2823 3601 2885 τοιοῦτος.
3646 2823 3835 2877 Ταῦτά
3863 2842 3947 2878 σοι

2358 2907 2675 2971 ἀπέστειλα,
2710 2911 2861 2977 τέμιε
2896 2911 3077 2980 Πάτερ
3110 2912 3399 2976 Εὑστάθιε,
3430 2913 3664 2977 δεικνὺς,
3701 2916 3783 2966 ὅτι
3814 2918 3949 2967 ἑκάς

2360 3016 2459 3069 στη
2499 3000 2730 3071 αἵρεσις,
2757 3002 2844 3054 ἐπ’
2880 3002 3107 3071 (τνόματί
3136 3020 3281 3068 τινος
3332 3007 3625 3077 ἀνθρώπου
3681 3009 3948 3077 ὀνομαζο-

2364 3091 2878 3161 μένη,ἁποστασίαν
2902 3095 3009 3146 ἀπὸ
3038 3096 3274 3164 Χριστοῦ
3295 3097 3559 3152 διδάσκει.
3609 3100 3681 3151 0-3
3712 3099 3824 3169 γάρ
3853 3102 3951 3151 ἁν-

2362 3184 2575 3251 έχονται
2607 3185 2931 3254 Χριστιανοὶ
2961 3187 3263 3250 καλεῖσθαι,
3286 3188 3423 3240 ἀλλὰ
3441 3190 3821 3261 Νεστοριανοὶ,
3848 3192 3947 3243 κα1⁵

2359 3275 2704 3344 Σευηριανοὶ,
2739 3279 2833 3329 καὶ
2862 3277 3195 3343 Ἰακωοῐται,
3218 3280 3251 3349 ἦ
3278 3282 3374 3332 καὶ
3410 3281 3554 3350 ἄλλῳ
3574 3283 3801 3351 ὀνόματι
3835 3282 3947 3334 τῶν

2356 3371 2894 3439 προγεγραμμένων.
2917 3371 3077 3424 ’Λλλὰ
3106 3374 3472 3443 ἁνανήψωμεν
3503 3375 3688 3426 λοιπὸν
3735 3377 3799 3427 ἐκ
3845 3376 3945 3444 τῆς

2356 3456 2661 3521 ζαλοειδοῦς
2685 3462 3004 3530 τρικυμίας,
3023 3464 3240 3516 καὶτῶν
3263 3464 3594 3535 ἀκαθάρτων
3617 3467 3948 3535 πνευμάτων

2354 3549 2449 3602 τοῦ
2467 3550 2632 3619 βυθοῦ
2646 3553 2755 3604 τῶν
2774 3554 3043 3623 αἱρέσεων
3056 3556 3148 3607 ἐπὶ
3165 3556 3255 3608 τὸν
3265 3555 3442 3609 εὕδιον
3460 3557 3653 3627 λιμένα
3674 3559 3773 3627 τῆς
3789 3558 3947 3626 βασι-

2356 3641 2503 3701 λείας
2520 3643 2629 3695 τῶν
2648 3644 2897 3713 οὐρανῶν
2924 3661 2937 3674 ·
2974 3647 3069 3699 καὶ
3117 3647 3475 3718 ἁναλάόωμεν
3507 3650 3598 3702 τὸν
3638 3650 3796 3717 λόγον
3825 3653 3947 3713 ταῖς

2356 3734 2553 3803 αὖραις
2568 3734 2662 3787 τοῦ
2686 3738 2844 3806 ἁγίου
2863 3739 3201 3808 Πνεύματος,
3220 3742 3345 3794 ὅθεν
3366 3742 3529 3794 αὐτὸν
3549 3744 3941 3812 κατελίπομεν.

2357 3822 2621 3894 Λέγωμεν
2648 3827 2831 3879 τοίνυν
2859 3830 2941 3882 ὅτι
2973 3830 3171 3884 πολλοῦ
3199 3832 3411 3899 ἀγῶνος
3437 3835 3530 3886 καὶ
3555 3836 3724 3888 κόπου
3755 3838 3940 3906 χρεία,

2357 3915 2443 3968 ἴνα
2458 3916 2599 3990 τύχῃ
2613 3935 2697 3981 τις
2711 3919 2812 3988 τῆς
2828 3921 3102 3989 βασιλείας
3119 3923 3226 3975 τῶν
3248 3925 3495 3995 οὐρανῶν
3512 3942 3526 3955 ·
3545 3927 3665 3979 οὐδὲ
3686 3929 3756 3995 γὰ
3765 3947 3797 3998 ρ
3815 3932 3945 4000 περὶ

2356 4010 2829 4080 προσκαίρου,καὶ
2860 4012 3262 4085 μεθισταμένης
3289 4017 3503 4085 ἡμέρας
3532 4018 3560 4069 6
3592 4019 3771 4087 λόγος,
3806 4022 3943 4074 ἀλλά

2358 4098 2489 4167 περὶ
2512 4099 2681 4151 ἀϊδίου
2703 4100 2849 4169 ζωῆς
2880 4104 2907 4153 6
2934 4102 3085 4170 ἁγὼν
3114 4106 3209 4156 καὶ
3242 4104 3520 4174 βασιλείας
3544 4108 3815 4179 διαδόχου.
3833 4113 3943 4179 Φη-

2358 4190 2443 4241 σὶν
2468 4190 2577 4261 γάρ
2601 4193 2628 4243 6
2656 4194 2853 4262 Δανιήλ
2874 4209 2889 4225 ·
2910 4212 2929 4245 ι
2966 4194 3293 4266 Ἐθεώρουν,
3328 4197 3421 4249 καλ⁵
3454 4198 3516 4250 τὸ
3569 4199 3738 4269 κέρας
3765 4203 3945 4253 ἐκεῖνο

2357 4280 2533 4334 ἐποίει
2559 4282 2795 4351 πόλεμον
2821 4283 2961 4353 μετὰ
2985 4285 3093 4337 τῶν
3113 4286 3308 4353 ἁγίων,
3324 4288 3419 4339 κα1⁵
3446 4289 3663 4357 ἴσχυσεν
3681 4291 3823 4359 πρὸς
3848 4292 3944 4343 αὺ-

2356 4372 2505 4435 τοὺς,
2519 4370 2625 4435 ’ἕως
2644 4368 2705 4425 οὗ
2723 4369 2886 4444 ἦλθεν
2901 4376 2930 4426 6
2948 4374 3177 4439 παλαιὸς
3196 4376 3307 4428 τῶν
3324 4379 3570 4448 ἡμερῶν,
3583 4380 3675 4431 καὶ
3703 4382 3754 4433 τὸ
3766 4383 3944 4450 κρῖμα

2359 4462 2559 4515 ἔδωκεν
2587 4464 2767 4531 ἁγίοις
2806 4463 3067 4534 Ὑψίστου
3088 4481 3104 4497 ·
3141 4467 3236 4520 καὶ
3269 4468 3297 4519 6
3335 4469 3529 4539 καιρὸς
3553 4470 3811 4537 ἔφθασεν,
3847 4474 3945 4525 καὶ

676 4570 880 4623 ritibus
910 4566 1195 4637 profunda:
1235 4564 1515 4634 voraginis
1546 4564 1832 4618 haereseon
1876 4579 1979 4617 nos
2018 4562 2252 4631 recipia-

2360 4556 2459 4625 τὴν
2491 4556 2771 4625 βασιλείαν
2814 4558 3081 4628 κατέσχον
3119 4560 3168 4611 oi
3218 4558 3399 4627 ἁγιοι·
3450 4562 3541 4614 καὶ
3578 4564 3611 4632 ἡ
3668 4562 3941 4631 βασιλεία,

674 4674 803 4715 mus
839 4658 907 4713 ad
938 4656 1292 4726 tranquillum
1324 4663 1548 4724 portum
1570 4653 1813 4707 cmlcstis
1840 4652 1994 4723 regni
2029 4668 2042 4704 :
2087 4661 2256 4719 utque

675 4752 879 4809 leniter
921 4749 1201 4819 aspirante
1234 4762 1368 4801 aura
1412 4745 1655 4816 Spiritus
1707 4744 1905 4808 sancti,
1942 4757 2255 4797 sermonem

677 4846 833 4904 illine
874 4844 1265 4899 redordiamur
1308 4840 1456 4895 unde
1483 4853 1706 4893 eramus
1737 4837 1993 4907 digressi.
2025 4836 2257 4890 Diceba-

677 4957 803 4997 mus
830 4954 961 4994 sane
991 4952 1115 4992 esse
1142 4950 1282 5007 opus
1311 4950 1421 4989 non
1457 4932 1723 4987 mediocri
1765 4946 1939 5001 agone
1966 4938 2023 4983 et
2064 4929 2259 4998 fatiga-

678 5034 855 5097 tione,
886 5040 947 5085 ut
980 5028 1334 5100 perfruamur
1378 5024 1590 5080 ccelesti
1634 5039 1826 5093 regno.
1864 5022 2053 5093 Neque
2107 5021 2256 5075 enim

677 5125 747 5178 de
798 5118 1190 5177 consecutione
1246 5115 1567 5185 temporarii
1623 5113 1931 5184 cujuspiam
1985 5112 2161 5181 regni,
2202 5119 2260 5165 et

677 5214 827 5285 quod
862 5230 891 5267 a
926 5220 1087 5283 gente
1137 5208 1190 5263 in
1235 5217 1451 5278 gentem
1484 5204 1837 5265 transfertur.
1868 5203 2029 5257 nobis
2074 5217 2258 5257 sermo

678 5309 786 5364 cst,
811 5301 907 5353 sed
931 5313 1031 5368 pro
1053 5297 1167 5350 vita
1198 5295 1350 5349 nullo
1377 5295 1482 5348 fine
1509 5293 1934 5362 intercipienda,
1960 5308 2060 5363 pro
2088 5309 2256 5363 regno

680 5392 893 5445 nullum
917 5388 1230 5441 admissuro
1246 5382 2093 5447 ειιεςθάαιιευηι1ιαιτοι1εηι,ἰειε
2118 5397 2254 5446 agon

680 5480 1010 5552 pr0p0nitur
1054 5476 1399 5533 subeundus.
1448 5475 1539 5529 Ait
1578 5475 1727 5527 enim
1766 5474 1959 5527 Daniel
1996 5493 2009 5526 :
2041 5492 2058 5523 ι
2093 5474 2252 5542 Aspi-

680 5572 917 5634 ciebam,
941 5579 997 5624 et
1050 5583 1222 5622 cornu
1282 5564 1417 5621 illud
1464 5564 1699 5619 faciebat
1731 5565 1937 5619 bellum
1969 5580 2092 5617 cum
2136 5581 2259 5618 san-

682 5669 807 5728 ctis,
850 5674 907 5718 et
938 5661 1266 5732 prmvalcbat
1293 5659 1562 5713 adversus
1584 5674 1681 5712 eos
1702 5658 1878 5711 donec
1907 5658 2056 5711 venit
2100 5658 2256 5711 Anti-

684 5772 827 5825 qnus
852 5755 1090 5817 dierum,
1117 5764 1172 5808 et
1200 5753 1471 5824 judicium
1504 5751 1658 5805 dedit
1706 5752 1911 5805 sanctis
1941 5750 2206 5805 Altissimi
2239 5765 2253 5802 :

686 5860 742 5898 rt.
762 5860 974 5918 tempus
1002 5847 1275 5917 pervenit,
1308 5856 1365 5901 ct
1394 5859 1622 5915 regnum
1659 5844 2020 5899 obtinuerunt
2043 5843 2252 5898 sancti:

2362 4648 2454 4699 καὶ
2486 4650 2519 4716 ἡ
2553 4649 2795 4713 ἐξουσία,
2832 4651 2927 4703 κα)⁸
2954 4653 2987 4717 ἠ
3019 4651 3376 4721 μεγαλωσύνη
3408 4653 3517 4704 τῶν
3544 4652 3812 4723 βασιλέων
3836 4659 3944 4711 ὑπὸ

2359 4741 2511 4793 κάτω
2542 4742 2745 4803 παντὸς
2762 4742 2857 4795 τοῦ
2888 4742 3143 4813 οὐρανοῦ,
3175 4745 3332 4814 ἐδόθη
3374 4746 3551 4812 ἁγίοις
3595 4746 3875 4817 Ὑψίστου.
3919 4769 3938 4803 ι

2359 4832 2472 4884 Καὶ
2502 4833 2531 4884 6
2567 4832 2821 4903 Ἰωάννης
2843 4851 2858 4865 σ
2882 4853 2901 4886 ι
2938 4835 3089 4905 Αὕτη
3107 4837 3253 4888 ἐστὶν
3280 4837 3313 4906 η
3338 4838 3643 4904 ἐπαγγελία
3679 4842 3745 4910 ἣν
3764 4844 3945 4910 ἐπηγ-

2359 4924 2579 4988 γείλατο
2604 4926 2733 4993 ἡμῖν
2760 4924 2967 4990 δοῦναι,
2988 4926 3088 4997 τὴν
3124 4926 3270 4995 ζωὴν
3300 4928 3401 4997 τὴν
3427 4928 3666 4985 αἰώνιον.
3704 4950 3723 4981 ι
3758 4932 3870 4984 Καὶ
3919 4936 3948 4986 ὀ

2360 5015 2639 5077 Παῦλος.“‹
2687 5017 2877 5085 Ἰιμῶν
2903 5017 2966 5070 τὸ
2992 5017 3297 5088 πολίτευμα
3327 5019 3385 5071 ὲν
3405 5022 3660 5090 οὐρανοῖς
3681 5021 3945 5093 ὑπάρχει,

2360 5109 2420 5173 ἐξ
2444 5104 2505 5164 οὗ
2534 5110 2628 5163 καὶ
2657 5112 2886 5181 Σωτῆρα
2914 5114 3335 5185 ἀπεκδεχόμεθα
3385 5115 3477 5167 τὸν
3509 5115 3716 5187 Κύριον
3779 5117 3943 5187 ἡμῶν

2372 5202 2581 5273 Ἰησοῦν
2623 5204 2878 5271 Χριστὸν,
2919 5204 2977 5270 ὃς
3011 5206 3485 5276 μετασχηματίσει
3522 5208 3584 5260 τὸ
3632 5208 3793 5277 σῶμα
3842 5210 3945 5279 τῆς

2358 5295 2741 5358 ταπεινώσεως
2776 5297 2932 5365 ἡμῶν
2960 5300 3285 5369 σύμμορφον
3303 5299 3382 5370 τῷ
3414 5298 3626 5370 σώματι
3653 5301 3753 5369 τῆς
3781 5302 3943 5372 δόξης

2359 5386 2549 5441 αὐτοῦ.
2602 5406 2620 5439 ι
2666 5389 2776 5441 Καὶ
2816 5389 2980 5441 πάλιν
3004 5402 3021 5417 '
3060 5408 3079 5441 ε
3118 5392 3214 5454 ’ος
3266 5389 3537 5460 ἐρρύσατο
3565 5393 3710 5462 ἡμᾶς
3739 5394 3804 5444 ἐκ
3842 5395 3943 5463 τῆς

2359 5478 2607 5541 ἐξουσίας
2638 5480 2730 5531 τοῦ
2768 5480 3014 5546 σκότους,
3046 5481 3141 5535 καὶ
3169 5482 3503 5553 μετέστησεν
3537 5486 3617 5546 είς
3654 5485 3754 5553 τὴν
3793 5485 3944 5554 βασι-

2360 5568 2511 5622 λείαν
2533 5571 2627 5623 τοῦ
2648 5570 2775 5623 Υίοῦ
2800 5572 2901 5641 τῆς
2922 5574 3248 5643 ἀγαπήσεως
3273 5575 3458 5629 αὑτοῦ.
3495 5595 3513 5626 ι
3540 5576 3630 5628 Διὸ
3664 5576 3943 5645 βασιλείαν

2360 5661 2659 5715 ἀσάλευτον
2712 5664 3230 5733 παραλαμϐάνοντες
3284 5666 3483 5736 ἔχομεν
3530 5670 3715 5737 χάριν,
3749 5669 3821 5721 δι’
3868 5665 3935 5739 ἧς

2359 5750 2693 5821 λατρεύομεν
2714 5752 3024 5821 εὐαρέστως
3052 5754 3131 5825 τῷ
3148 5754 3288 5824 Θεῷ.
3321 5756 3556 5825 Οἴδαμεν
3578 5757 3688 5825 γάρ
3732 5758 3815 5809 ὅτι
3844 5759 3941 5809 ἐάν

2359 5844 2393 5913 ἡ
2434 5843 2674 5911 ἐπίγειος
2702 5844 2859 5913 ἡμῶν
2891 5846 3067 5899 οἰκεία
3110 5845 3204 5899 τοῦ
3242 5850 3473 5919 σκήνους
3496 5849 3798 5919 καταλυθῇ,
3858 5852 3935 5903 ol-
