4178 6424
235 422 377 487 1840

1580 421 2083 484 EXOMOLOGES
2096 425 2161 481 lS
2170 468 2183 484 .

3354 376 3560 486 1&50'

232 540 474 611 κοδομὴν
530 539 594 593 ἑκ
644 540 781 594 Θεοῦ
816 539 1034 609 ἔχομεν,
1072 536 1252 592 οικίαν
1299 536 1719 607 ἀχειροποίητον
1752 536 1810 589 tv

1916 546 1971 589 et
2028 551 2258 603 regnum
2310 545 2364 591 et
2417 543 2685 605 potestas,
2717 544 2775 589 et
2832 534 3094 605 maiestas
3143 551 3333 605 regum
3393 538 3491 606 qui

230 633 347 693 τοῖς
370 633 639 700 ουρανοῖς.
690 650 709 683 ι
752 633 863 684 Καὶ
889 633 918 684 6
949 632 1178 700 Πέτρος,
1227 648 1246 682 ι
1278 630 1466 693 Οὕτως
1496 630 1606 699 γὰρ
1651 636 1813 681 πλου-

233 723 370 784 σίως
420 724 957 793 ἐπιχορηγηθήσεται
986 726 1119 793 ἡμῖν
1149 723 1406 792 ήεῖσοδος
1446 723 1523 784 εἰς
1558 720 1656 791 τὴν
1686 720 1812 773 αἱὼ-

231 831 346 863 νιον
391 813 665 881 βασιλείαν
705 813 795 865 τοῦ
833 814 1036 879 Κυρίου
1068 812 1227 882 ἡμῶν
1268 812 1441 877 Ἰησοῦ
1491 810 1750 882 Χριστοῦ.
1789 828 1808 862 t

243 904 301 957 Ὀ
319 905 373 955 δὲ
404 904 604 973 Κύριος
631 905 785 973 ἡμῶν
814 908 905 957 καὶ
925 906 1136 973 Σωτὴρ.
1168 922 1185 955 ι
1229 904 1295 955 ’11
1326 903 1592 973 βασιλεία,
1627 903 1813 972 φησίν,

228 997 340 1048 τῶν
371 997 616 1063 οὐρανῶν
647 998 912 1064 βιάζεται,
941 999 1036 1048 καὶ
1092 997 1311 1065 βιασταὶ
1348 996 1693 1066 ἁρπάζουσιν
1720 996 1817 1047 αὑ-

227 1089 354 1155 τήν.
381 1106 398 1137 ι
428 1090 570 1140 Καί·
617 1107 634 1138 ι
680 1088 743 1140 ’11
778 1088 1024 1158 βασιλεία
1046 1088 1156 1140 τῶν
1208 1088 1455 1159 οὐρανῶν
1488 1088 1637 1149 ἐντὸς
1661 1087 1816 1156 ὑμῶν

231 1178 405 1231 ἐστιν.
446 1198 464 1231 ι
498 1181 605 1232 Καὶ
632 1180 813 1243 πάλιν,
856 1198 873 1230 ι
912 1180 1195 1250 Μακάριοι
1227 1181 1276 1233 οί
1307 1181 1515 1250 πτωχοὶ
1546 1180 1625 1251 τῷ
1653 1178 1815 1233 πνεύ-

235 1285 421 1337 ματι.»
447 1271 574 1333 Καὶ,
606 1290 623 1322 ι
646 1273 923 1342 Μακάριοι
944 1274 991 1324 οἱ
1020 1272 1579 1341 δεδιωγμένοιένεκεν
1607 1272 1815 1325 δικαιο-

234 1362 424 1431 σύνης.
439 1364 521 1415 ὅτι
550 1364 726 1415 αὐτῶν
744 1366 894 1416 ἐστιν
919 1366 951 1432 ἡ
970 1364 1215 1433 βασιλεία
1237 1363 1347 1416 τῶν
1364 1364 1629 1435 οὐρανῶν.
1646 1381 1664 1414 ι
1687 1365 1814 1427 Καὶ,

239 1474 259 1506 ι
290 1455 458 1508 Δεῦτε
514 1456 568 1508 οἵ
606 1456 963 1525 εὐλογημένοι
1019 1456 1115 1509 τοῦ
1149 1456 1361 1525 Πατρός
1395 1472 1522 1523 μου,
1559 1454 1819 1524 κληρονο-

235 1549 449 1615 μήσατε
480 1549 579 1617 τὴν
601 1550 1014 1617 ἡτοιμασμένην
1054 1548 1183 1619 ὑμῖν
1214 1548 1513 1617 βασιλείαν.
1559 1547 1816 1598 ’Λποστε-

232 1637 317 1689 λεῖ
345 1640 454 1707 γὰρ
476 1640 503 1690 6
544 1640 667 1701 Υἱὸς
690 1639 781 1691 τοῦ
814 1640 1130 1709 ανθρώπου,
1158 1639 1284 1699 τοὺς
1332 1636 1598 1704 ἀγγέλους
1629 1635 1814 1699 αὐτοῦ,

232 1733 331 1782 καὶ
364 1733 582 1796 συνάξει
608 1734 671 1783 ἐκ
696 1733 796 1800 τῆς
828 1730 1104 1800 βασιλείας
1142 1729 1306 1782 αὑτοῦ
1339 1731 1517 1783 πάντα
1546 1729 1615 1781 τὰ
1654 1730 1818 1782 σκάν-

230 1825 389 1887 δαλα,
432 1829 524 1877 καὶ
551 1825 679 1886 τοὺς
698 1825 992 1887 ποιοῦντας
1026 1822 1127 1893 τὴν
1183 1823 1435 1889 ἀνομίαν,
1469 1822 1562 1874 καὶ
1591 1820 1815 1889 βάλλου-

1916 627 2109 682 subter
2131 641 2294 681 onme
2325 629 2548 692 omium,
2569 629 2693 682 data
2711 636 2842 682 sunt
2864 630 3072 682 sanctis
3093 628 3357 684 Altissimi
3374 633 3438 683 ⁷⁸.
3469 652 3486 682 ι

1916 726 1972 773 et
2000 718 2287 772 Joannes:
2334 737 2352 769 ι
2394 719 2519 773 llaec
2577 729 2665 774 est
2714 720 3007 790 promissio
3031 738 3195 791 quam
3240 724 3495 790 promisit

1916 813 2100 877 nobis,
2122 814 2234 867 vita
2253 825 2458 869 mterna
2481 816 2525 846 "
2553 834 2570 866 ι
2595 815 2802 885 1247
2825 817 3026 870 Paulus
3049 834 3061 869 :
3087 836 3103 863 ι
3131 817 3328 870 Nostra
3355 833 3491 869 con-

1917 907 2161 962 versatio
2210 907 2265 960 in
2295 908 2452 961 coriis
2480 918 2584 971 est,
2627 910 2773 963 unde
2804 911 2969 963 etiam
3009 910 3353 963 Salvatorem
3394 925 3491 963 exe

1916 1010 2237 1067 spectamus
2259 999 2553 1053 Dominum
2580 1010 2835 1053 nostrum
2860 1001 3046 1053 Jesum
3068 1002 3377 1063 Christum,
3397 1002 3491 1069 qui

1920 1093 2244 1145 rci'ormabit
2267 1107 2472 1161 corpus
2501 1091 2829 1147 humilitatis
2855 1102 3058 1147 nostra:
3089 1093 3490 1161 coniiguratunt

1918 1184 2136 1251 corpori
2178 1185 2451 1237 clari:atis
2484 1184 2707 1237 ειιευπ.»
2732 1184 2937 1237 lterum
2957 1203 2969 1237 :
2990 1204 3006 1234 ι
3028 1184 3129 1250 Qui
3156 1184 3363 1253 eripuit
3392 1200 3494 1237 nos

1918 1273 1987 1327 de
2036 1281 2306 1343 potestate
2353 1276 2704 1329 tenebrarum
2758 1284 2816 1329 et
2857 1277 3139 1328 transtulit
3172 1276 3227 1328 in
3261 1290 3493 1344 regnttnt

1920 1365 2043 1420 Filii
2076 1365 2396 1420 dilectionis
2423 1382 2538 1421 sua:
2562 1367 2630 1420 7".
2667 1385 2792 1417 t—c
2829 1367 3062 1435 PrOpter
3081 1367 3228 1434 quod
3262 1380 3492 1436 regnum

1918 1456 2114 1511 stabile
2145 1468 2201 1510 et
2236 1457 2623 1511 inconcussum
2655 1458 3023 1527 accipientes,
3066 1458 3333 1511 habemus
3366 1474 3493 1527 gra-

1920 1549 2083 1613 tiam,
2112 1563 2211 1617 per
2246 1564 2411 1617 quam
2450 1548 2563 1601 Deo
2590 1548 2802 1616 placide
2836 1548 3196 1616 obsequimur
3225 1547 3494 1602 ".—Sei-

1919 1656 2042 1693 mus
2069 1642 2217 1693 enim
2246 1641 2372 1709 quia
2391 1640 2437 1693 si
2470 1642 2967 1694 terrestrisdomus
2993 1651 3179 1695 nostra
3213 1640 3379 1709 hujus
3409 1646 3498 1693 ha-

1917 1732 2207 1785 bitationis
2251 1731 2614 1797 dissolvatur,
2647 1731 2792 1802 quod
2822 1733 3244 1787 aediﬁcationem
3277 1748 3342 1785 ex
3384 1732 3496 1786 Deo

1920 1823 2210 1885 habemus,
2248 1824 2474 1876 domum
2521 1838 2628 1877 non
2686 1825 3079 1882 manul‘actam.
3124 1831 3390 1877 aeternam
3440 1824 3494 1877 ιιι

234 1931 321 1966 σιν
343 1917 539 1979 αὐτοὺς
589 1918 669 1978 είς
695 1916 795 1985 τὴν
837 1916 1071 1985 κάμινον
1111 1912 1206 1966 τοῦ
1240 1913 1433 1981 πυρός.
1474 1914 1607 1963 Τότε
1658 1912 1707 1961 οἱ
1737 1911 1810 1961 δί-

1923 1915 2077 1967 coelis
2104 1913 2170 1965 ".
2196 1934 2212 1964 ι
2252 1915 2451 1967 l‘etrus
2481 1915 2641 1968 item:
2673 1934 2691 1965 ι
2736 1916 2828 1969 Sic
2858 1916 3007 1969 enim
3027 1915 3373 1968 abundanter
3395 1914 3497 1967 ad-

231 2024 380 2059 καιοι
428 2008 804 2077 ἐκλάμψουσιν
848 2008 923 2070 ὡς
951 2010 979 2061 6
1010 2007 1161 2077 ἥλιος
1214 2008 1272 2057 tv
1316 2007 1385 2074 τῇ
1435 2003 1688 2073 βασιλεία
1719 2004 1810 2055 τοῦ

1923 2006 2333 2059 ministrabitur
2359 2006 2518 2059 vobis
2545 2006 2806 2059 introitus
2853 2008 2911 2060 in
2948 2017 3213 2061 aeternum
3264 2021 3496 2076 regnum

232 2096 447 2168 Πατρὸς
495 2100 698 2153 αὐτῶν.
739 2118 757 2150 ι
793 2100 915 2151 Ὅτι
951 2096 1117 2150 αὑτοῦ
1150 2099 1296 2149 ἐστιν
1330 2098 1362 2165 ἡ
1415 2094 1690 2164 βασιλεία,
1720 2094 1810 2146 καὶ

1914 2097 2128 2150 Domini
2183 2098 2355 2151 nostri
2399 2098 2528 2152 Jesu
2558 2098 2764 2152 Christi
2794 2096 2859 2152 ⁷⁷.
2910 2117 2929 2149 ι
2974 2099 3241 2151 Dominus
3273 2113 3496 2167 quoque

229 2192 264 2260 ἡ
301 2191 551 2259 δύναμις,
572 2192 666 2244 καὶ
692 2195 725 2261 ὴ
757 2191 883 2253 δόξα
918 2190 1012 2242 τοῦ
1044 2190 1278 2258 Πατρὸς,
1300 2186 1510 2241 καὶτοῦ
1533 2186 1687 2249 Υίοῦ,
1721 2185 1810 2237 καὶ

1913 2199 2205 2252 nuster,et
2264 2198 2468 2244 nostra:
2528 2191 2778 2244 omnium
2825 2191 3023 2245 salutis
3084 2190 3306 2253 vindex,
3370 2191 3491 2243 ait:

1916 2301 1935 2329 4
1974 2281 2222 2347 Regnum
2250 2282 2518 2333 eminrum
2540 2282 2649 2333 vim
2677 2282 2906 2349 patitur,
2930 2289 2987 2334 et
3017 2280 3246 2334 violenti
3273 2281 3498 2349 rapiunt

229 2381 359 2439 τοὺς
382 2378 587 2440 αἰῶνας
619 2380 728 2429 τῶν
761 2378 991 2429 αἰώνων.
1043 2379 1097 2430 ’Λ
1110 2379 1238 2446 μὴν.

1913 2370 2045 2424 illud
2080 2371 2145 2422 ⁷⁸.
2191 2390 2209 2420 ι
2250 2372 2315 2423 Ει
2343 2388 2356 2422 :
2385 2391 2401 2420 ι
2425 2371 2673 2437 Regnum
2698 2372 2961 2426 caelorum
2988 2371 3133 2424 intra
3166 2387 3263 2425 vos
3280 2380 3364 2425 cst
3389 2372 3489 2424 ".t

230 2463 440 2519 lterum
480 2484 494 2519 :
548 2485 566 2517 ⁴ι
619 2466 771 2520 Beati
837 2480 1111 2535 pauperes
1170 2464 1370 2533 spiritu
1401 2463 1467 2526 ⁸ο,
1504 2480 1522 2512 ι
1564 2471 1621 2515 ct
1653 2480 1671 2512 ι
1717 2459 1820 2525 Qui
1857 2460 2296 2528 persecutionem
2350 2462 2638 2529 patiuntur
2687 2470 2915 2530 propter
2987 2463 3297 2531 justitiam,
3358 2476 3498 2531 quo-

232 2557 381 2609 niam
443 2557 686 2626 ipsorum
738 2567 823 2610 est
883 2572 1115 2626 regnum
1178 2556 1447 2609 caelorum
1474 2553 1542 2606 ⁸³.
1585 2571 1603 2603 t
1638 2553 1703 2606 Et
1732 2570 1743 2605 :
1778 2571 1796 2603 ι
1830 2552 2040 2614 Venite,
2068 2551 2341 2605 benedicti
2374 2552 2553 2605 Patris
2585 2553 2713 2616 mei,
2748 2554 3023 2622 possidete
3055 2564 3305 2623 paratum
3336 2553 3497 2607 vobis

234 2666 467 2719 regnum
508 2668 537 2705 a
575 2652 967 2705 constitutione
994 2651 1184 2705 mundi
1210 2652 1276 2704 ⁸³.
1311 2670 1416 2701 ι-
1466 2668 1484 2700 ι
1514 2650 1695 2702 Mittet
1738 2649 1885 2701 enim
1918 2646 2087 2699 Filius
2110 2646 2351 2699 hominis
2368 2648 2592 2715 angelos
2612 2663 2763 2711 suos,
2789 2649 3217 2717 eteongregabit
3238 2649 3304 2703 de
3327 2663 3496 2717 regno

232 2764 336 2801 suo
372 2749 556 2801 omnia
584 2749 861 2807 scandala,
903 2757 957 2801 et
990 2749 1085 2817 qui
1114 2747 1324 2800 iaciunt
1363 2746 1712 2813 iniquitatem
1746 2760 1759 2795 :
1792 2751 1848 2795 et
1891 2741 2116 2795 mittent
2146 2757 2243 2796 eos
2275 2743 2328 2796 in
2358 2742 2633 2795 caminum
2658 2745 2819 2813 ignis.
2848 2744 3002 2798 Tunc
3036 2744 3167 2813 justi
3210 2742 3498 2812 fulgebunt

232 2842 379 2894 sicut
401 2842 479 2895 soi
517 2842 569 2894 in
594 2857 762 2910 regno
793 2842 973 2895 Patris
991 2855 1186 2894 eorum
1213 2839 1281 2891 ⁸³.
1322 2857 1340 2888 ι
1398 2838 1503 2908 Ipsi
1541 2837 1690 2891 enim
1733 2845 1821 2889 est
1856 2848 2087 2903 regnum
2117 2844 2173 2887 et
2203 2834 2446 2904 potentia
2481 2844 2538 2889 et
2568 2836 2739 2904 gloria
2773 2836 2970 2898 Patris,
2997 2847 3055 2888 et
3082 2834 3242 2900 Filii,
3274 2842 3332 2888 et
3368 2832 3495 2903 Spi-

234 2932 377 2984 ritus
404 2931 617 2996 sancti;
678 2932 855 2985 ubivis
904 2932 1150 2985 locorum
1189 2939 1245 2985 et
1278 2945 1447 2994 nunc,
1476 2937 1531 2983 et
1552 2943 1788 2997 semper,
1818 2936 1873 2979 et
1906 2927 1959 2980 in
1983 2927 2182 2981 sarcula
2210 2928 2503 2982 intermina
2526 2929 2872 2984 seculorum.
2896 2928 3093 2983 Amen.

1666 3068 1713 3098 "
1746 3067 1889 3121 Phil.
1922 3083 2015 3131 ιιι,
2047 3068 2138 3130 2i,
2173 3068 2263 3121 22.
2376 3067 2421 3098 ⁷⁸
2456 3068 2672 3123 Coloss.
2706 3079 2745 3126 t.
2768 3068 2856 3123 i3.
2956 3069 3003 3100 "
3027 3068 3195 3125 Hebr.
3236 3085 3345 3133 xu,
3402 3067 3491 3122 28.

1945 3137 1989 3168 ⁷⁸
2027 3137 2163 3192 Luc.
2197 3138 2435 3205 xvu,21.
2537 3140 2583 3171 ⁸⁸
2610 3138 2802 3193 Matth.
2839 3155 2869 3194 ν
2896 3180 2911 3207 ,
2942 3138 2996 3193 5.
3100 3140 3145 3171 ⁸¹
3209 3139 3343 3194 ibid.
3405 3137 3496 3192 10.

229 2286 327 2337 τοῦ
346 2288 502 2352 ἁγίου
522 2288 869 2356 Ιινεύματος,
894 2287 1128 2339 πάντοτε
1154 2285 1249 2337 νῦν
1300 2285 1393 2336 καὶ
1432 2284 1517 2335 ἀεὶ
1540 2325 1553 2346 ,
1603 2284 1695 2333 καὶ
1733 2283 1812 2342 εἰς

306 3072 347 3100 τ’
384 3071 517 3124 Dan.
547 3088 640 3135 vn,
664 3073 755 3136 2i,
774 3072 864 3133 22,
889 3072 977 3124 27.
1087 3073 1133 3102 "’
1163 3071 1362 3126 lJoan.
1388 3087 1445 3130 ll,
1468 3070 1559 3122 25.

231 3141 280 3172 "
310 3140 353 3194 ll
392 3140 519 3194 Cor.
553 3158 607 3205 v,
639 3144 687 3194 1.
764 3142 807 3173 ⁷⁷
838 3143 878 3195 ll
906 3143 1049 3195 Petr.
1089 3159 1125 3204 ι,
1156 3144 1243 3193 ii.
1355 3141 1398 3170 ⁷⁸
1425 3139 1614 3194 Matth.
1647 3154 1721 3201 xu,
1748 3137 1836 3191 12.

230 3210 278 3242 ⁸³
305 3209 495 3265 Matth.
523 3227 649 3278 xxv,
683 3212 773 3267 36.
850 3213 896 3243 ⁸³
917 3212 1107 3267 Matth.
1141 3227 1258 3275 xui,
1290 3210 1483 3265 11-43.

1838 3376 1908 3390 —

668 3499 929 3588 ΠΕΡΙ
1003 3496 1704 3591 ΠΡΟΣΕΥΧΗΣ,
1775 3495 1970 3579 ΚΑΙ
2042 3485 3059 3580 ΕΞΟΜΟΛΟΓΗΣΕΩΣ.

849 3766 1796 3861 EXOMOLOGESIS
1880 3772 1977 3858 S.
2063 3772 2165 3859 P.
2241 3766 2878 3860 ANTIOCHI.

303 4070 476 4140 Κύριε
498 4108 513 4131 ,
561 4069 589 4120 6
618 4069 752 4132 Θεὸς
782 4068 811 4120 6
836 4069 1258 4140 παντοκράτωρ,
1293 4071 1321 4123 6
1353 4070 1527 4141 μέγας
1556 4073 1651 4125 καὶ
1678 4074 1810 4127 θαυ-

1984 4075 2241 4141 Domine,
2279 4077 2429 4131 Deus
2458 4084 2835 4146 omnipotens,
2865 4095 3096 4150 magnus
3134 4089 3190 4136 tu
3228 4091 3283 4137 et
3314 4082 3496 4140 admi-

235 4164 464 4235 μαστὸς,
500 4164 528 4214 6
560 4162 851 4229 φυλάσσων
880 4160 979 4230 τὴν
1006 4162 1273 4232 διαθήκην
1303 4180 1419 4225 σου,
1453 4165 1547 4217 καὶ
1576 4166 1637 4218 τὸ
1664 4167 1809 4231 ἔλεός

232 4271 331 4309 σου
386 4257 499 4316 τοῖς
546 4252 804 4321 ἀγαπῶσί
852 4269 912 4305 σε
962 4254 1056 4305 καὶ
1093 4256 1205 4316 τοῖς
1237 4254 1569 4321 φυλάσσουσι
1598 4258 1697 4320 τὰς
1726 4260 1810 4310 έν-

229 4347 394 4406 τολάς
440 4362 533 4398 σου
553 4385 567 4408 ,
621 4344 889 4415 μνήσθητι
909 4344 1016 4397 τῶν
1039 4345 1339 4415 οἰκτιρμῶν
1363 4362 1456 4398 σου
1487 4346 1667 4400 καὶτὰ
1685 4347 1809 4419 ὲλέη

232 4454 352 4501 σου,
383 4437 465 4490 ὅτι
494 4436 601 4488 ἀπὸ
629 4435 721 4487 τοῦ
750 4436 944 4497 αἰῶνος
973 4436 1109 4487 εἰσίν
1129 4451 1143 4465 '
1196 4438 1292 4488 καὶ
1339 4437 1415 4507 μὴ
1445 4438 1678 4510 έπιλάθῃ
1711 4443 1809 4508 τῆς

231 4528 504 4597 διαθήκης
554 4525 649 4579 σοῦ
694 4526 903 4594 λέγων’
964 4545 981 4577 ι
1021 4525 1147 4578 Ἐὰν
1190 4526 1292 4588 τὰς
1336 4527 1553 4590 ἐντολάς
1588 4545 1690 4597 μου
1732 4530 1808 4601 μὴ

229 4621 528 4691 φυλάξητε,
562 4618 937 4689 ἐπισκέψομαι
966 4619 1023 4671 tv
1045 4619 1228 4689 ρἀδῳ
1254 4619 1351 4681 τὰς
1373 4619 1604 4688 ἀνομίας
1628 4621 1807 4692 ὑμῶν,

228 4714 331 4769 καὶ
375 4715 435 4766 tv
475 4712 696 4783 μάστιξι
740 4714 839 4774 τὰς
868 4711 1079 4772 ἀδικίας
1109 4710 1263 4781 ὑμῶν
1283 4727 1297 4742 ·
1355 4712 1413 4764 τὸ
1442 4711 1498 4764 δὲ
1528 4712 1674 4776 ἔλεός
1704 4730 1807 4782 μου

227 4806 294 4858 οὐ
346 4804 423 4875 μὴ
469 4803 811 4857 διασκεδάσω
840 4802 934 4869 ἀφ’
964 4801 1139 4871 ὑμῶν,
1179 4800 1275 4853 καὶ
1302 4800 1373 4853 τὰ
1399 4802 1808 4872 ἐκπορευόμενα

226 4895 321 4951 διὰ
370 4895 477 4950 τῶν
524 4894 750 4964 χειλέων
798 4910 901 4964 μου
949 4893 1010 4946 οὺ
1063 4892 1140 4963 μὴ
1175 4892 1483 4964 ἀθετήσω.»
1524 4895 1797 4966 Πιστωθή-

225 5003 413 5041 τωσαν
460 4986 511 5039 οἱ
559 4984 710 5053 λόγοι
752 5000 877 5047 σου,
910 4982 1155 5035 Δέσποτα
1186 4983 1390 5049 ἀγαθὲ,
1427 4983 1518 5035 καὶ
1546 4979 1680 5055 ἆρον
1708 4990 1808 5049 τὰς

228 5077 512 5150 ἁμαρτίας
540 5076 722 5146 ἡμῶν,
756 5078 785 5128 6
814 5074 1116 5144 οἰκτίρμων
1159 5076 1253 5126 καὶ
1286 5073 1676 5145 μακρόθυμος·
1724 5077 1808 5129 ὅτι

226 5170 350 5234 σοὶ,
396 5168 587 5239 Κυρίῳ
628 5166 707 5237 τῷ
747 5166 865 5236 Θεῷ
895 5166 1052 5235 ἡμῶν
1074 5206 1089 5229 ,
1123 5168 1157 5237 ὴ
1190 5166 1527 5238 δικαιοσύνη.
1569 5168 1727 5238 Ἡμῖν
1752 5168 1807 5222 δὲ

225 5264 261 5333 ἡ
291 5261 522 5332 αίσχύνη
553 5261 664 5313 τῶν
690 5258 999 5330 προσώπων
1023 5258 1314 5329 ἐκάλυψεν,
1337 5260 1412 5323 ὡς
1434 5260 1619 5329 ἡμέρα
1643 5259 1806 5332 αὕτη,

224 5355 311 5408 ὅτι
358 5354 682 5425 ἡμάρτομεν
731 5352 977 5405 ἐναντίον
1014 5369 1131 5418 σου,
1162 5351 1357 5423 Κύριε,
1393 5352 1488 5405 καὶ
1536 5354 1635 5405 οὐκ
1691 5354 1802 5406 είσ-

1912 4169 2130 4234 rabilis,
2162 4167 2258 4238 qui
2290 4166 2542 4222 custodis
2584 4177 2976 4224 testamentum
3007 4179 3163 4226 tuum
3188 4182 3245 4228 et
3269 4177 3490 4231 miseri-

1911 4262 2159 4315 cordiam
2217 4268 2365 4314 tuam
2408 4260 2494 4314 his
2537 4259 2630 4329 qui
2666 4269 2720 4314 te
2772 4261 3013 4333 diligunt
3070 4271 3127 4319 et
3167 4268 3491 4322 custodiunt

1910 4352 2170 4406 mamlata
2210 4351 2336 4405 tua!
2392 4350 2600 4405 Memor
2643 4360 2765 4405 esto
2812 4354 3229 4409 miserationum
3265 4366 3489 4412 tuarum

1909 4450 1966 4497 et
1990 4442 2234 4511 copiosae
2267 4439 2674 4495 misericordia:
2706 4449 2834 4505 ture,
2868 4458 2991 4510 quae
3018 4458 3046 4495 a
3093 4444 3300 4498 szeculo
3334 4454 3480 4499 sunt.

1908 4534 1987 4589 Ne
2019 4533 2366 4588 obliviscaris
2410 4531 2727 4587 testamenti
2761 4533 2840 4586 ιιι-ἰ
2882 4572 2897 4595 ,
2930 4533 3021 4603 qui
3070 4533 3258 4589 dixisti
3306 4552 3319 4589 :
3359 4555 3378 4587 ι
3426 4536 3484 4592 Si

1909 4624 2168 4679 mandata
2207 4638 2329 4677 mea
2359 4638 2471 4678 non
2506 4623 2904 4686 custodieritis,
2949 4624 3189 4678 visitabo
3227 4625 3284 4679 in
3331 4627 3484 4697 virga

1910 4717 2231 4787 iniquitates
2258 4723 2495 4781 vestras,
2532 4724 2591 4770 et
2620 4714 2674 4769 in
2704 4716 3034 4772 verberibus
3065 4718 3363 4789 injustitias
3392 4736 3489 4775 ve-

1906 4818 2051 4863 stras
2080 4826 2093 4861 :
2125 4808 2569 4862 misericordiam
2601 4816 2785 4861 autem
2816 4824 2991 4862 meam
3028 4826 3139 4863 non
3170 4810 3483 4882 dispergam

1909 4917 1939 4956 a
1974 4900 2132 4955 vobis
2164 4917 2177 4953 :
2215 4911 2273 4955 et
2303 4916 2426 4970 qua:
2458 4899 2769 4969 procedunt
2798 4916 2896 4969 per
2919 4901 3066 4955 labia
3099 4918 3242 4965 mea,
3273 4920 3381 4957 non
3412 4906 3487 4957 fa-

1908 4993 2050 5047 ciam
2089 4992 2246 5046 irrita
2288 4993 2355 5045 ‘5.
2399 5010 2416 5042 ι
2462 4990 2874 5046 Coniirmentur
2915 5008 3205 5048 sermones
3250 4994 3337 5048 isti
3382 4997 3486 5058 tui,

1908 5082 2055 5137 llere
2071 5082 2467 5151 benignissime
2490 5097 2503 5132 :
2530 5088 2586 5134 et
2607 5079 2761 5134 aufer
2795 5090 3019 5150 peccata
3038 5089 3248 5140 nostra,
3278 5084 3485 5152 quippe

1908 5174 2003 5244 qui
2057 5174 2351 5229 miserator
2384 5188 2445 5226 es
2492 5171 2845 5241 longanimis.
2879 5171 3003 5226 Tibi
3049 5174 3197 5227 enim
3252 5174 3486 5227 Domino

1909 5268 2021 5321 Deo
2051 5276 2262 5330 nostro,
2292 5264 2546 5336 justitia;
2602 5267 2765 5319 nobis
2798 5276 2983 5320 autem
3033 5266 3286 5321 confusio
3319 5269 3488 5323 facies

1908 5366 2133 5412 nostras
2169 5356 2482 5425 adoperuit,
2519 5366 2581 5410 ut
2621 5356 2739 5410 haec
2786 5356 2907 5411 dies
2954 5358 3192 5426 probat:
3230 5360 3322 5427 qui
3361 5375 3486 5427 pet:—

224 5447 545 5519 ηκούσαμεν
592 5447 693 5516 τῆς
723 5446 909 5516 φωνῆς
945 5464 1072 5511 σου,
1104 5445 1199 5499 τοῦ
1253 5447 1583 5517 πορεύεσθαι
1615 5450 1671 5501 tv
1693 5451 1804 5513 τοῖς

1913 5450 2158 5504 cavimus
2189 5464 2376 5505 coram
2405 5459 2479 5507 te.
2499 5449 2947 5518 Dumine,neque
2976 5451 3359 5504 exaudivimus
3392 5467 3487 5504 vo-

225 5538 619 5610 προστάγμασί
647 5556 764 5599 σου,
790 5532 872 5601 οἷς
902 5538 1112 5601 ἔδωκας
1138 5538 1281 5591 κατὰ
1309 5539 1601 5609 πρόσωπον
1623 5539 1799 5610 ἡμῶν.

236 5632 383 5687 Ἀλλ’
428 5630 780 5702 ήθετήσαμέν
830 5647 922 5693 σε,
978 5629 1183 5701 Κύριε,
1232 5631 1261 5682 6
1305 5630 1441 5695 Θεὸς
1486 5632 1673 5703 ἡμῶν,
1710 5633 1805 5684 καὶ

222 5722 493 5793 ἐκολλήθη
538 5723 617 5786 είς
649 5722 794 5791 ἡμᾶς
835 5720 904 5774 τὰ
933 5721 1079 5775 κακὰ
1112 5719 1180 5774 τὰ
1210 5720 1424 5792 μεγάλα
1452 5721 1644 5775 ταῦτα.
1697 5722 1807 5775 Καὶ

290 5863 337 5891 ⁸⁸
369 5862 511 5919 Psal.
543 5877 793 5926 tun-tn,
817 5859 997 5915 52-33.

1912 5556 2031 5594 cem
2071 5548 2244 5605 tuam,
2275 5548 2335 5592 ut
2382 5539 2796 5593 ambularemus
2827 5539 2881 5591 in
2914 5539 3189 5593 mandatis
3233 5540 3343 5594 tuis
3365 5557 3488 5608 qua:

1913 5631 2115 5685 dedisti
2142 5632 2194 5685 in
2224 5640 2527 5700 conspectu
2561 5638 2783 5684 nostro:
2815 5629 2911 5683 sed
2942 5630 3380 5699 contempsimus
3410 5640 3484 5694 te,

1913 5722 2144 5776 Domine
2180 5722 2325 5779 Deus
2367 5731 2577 5786 noster,
2620 5737 2800 5793 eoque
2826 5722 3178 5778 cohzeserunt
3209 5722 3371 5778 nobis
3405 5724 3492 5777 in-
