4178 6424
710 406 846 472 1851

1955 409 2324 470 ANTIOCHI
2364 407 2708 470 MONACHI

3838 403 3978 468 1852

707 519 893 588 gentia
943 517 1083 570 mala
1128 517 1263 572 haec.
1300 518 1379 572 Ne
1423 519 1503 572 sic
1539 519 1762 588 quidem
1794 520 2052 574 conversi
2095 537 2280 573 sumus

2392 518 2502 571 οὐδ’
2535 515 2712 578 οὕτως
2743 517 2840 567 ἐπε
2853 514 3167 585 στρέψαμεν
3196 514 3430 583 φυλάξαι
3472 514 3541 569 τά
3569 516 3979 586 προστάγματά

707 612 776 665 ad
835 611 1143 665 custodiam
1196 611 1581 664 mandatorum
1631 621 1886 675 tuorum,
1937 609 2151 680 1248
2188 611 2284 665 sed

705 702 1381 770 abivinmsunusquisque
1411 702 1462 754 in
1492 717 1654 756 sensu
1688 701 1840 770 pravi
1869 703 2054 755 cordis
2083 704 2283 766 nostri,

708 801 769 844 ut
826 795 1131 847 faceremus
1184 810 1306 862 qua:
1352 793 1490 847 mala
1539 801 1669 846 sunt
1702 809 1889 847 coram
1939 795 2118 849 oculis
2151 795 2282 858 tuis,

709 886 962 939 Domine.

779 976 918 1027 Ecce
962 974 1277 1028 sanctuaria
1328 984 1515 1028 nostra
1563 975 1680 1029 haec
1714 975 1932 1030 deserta
1967 993 1980 1029 :
2015 976 2286 1030 Divinitas

710 1065 819 1133 igni
850 1080 1115 1117 succensa
1147 1073 1253 1127 est,
1296 1067 1535 1133 populus
1571 1067 1624 1118 in
1665 1066 2042 1134 captivitatem
2073 1068 2284 1122 abduc-

710 1164 819 1219 tus,
854 1155 979 1208 facti
1010 1171 1200 1209 sumus
1243 1156 1296 1208 in
1321 1157 1682 1225 opprobrium
1710 1158 1793 1211 his
1825 1159 1918 1226 qui
1953 1159 2006 1212 in
2040 1159 2281 1214 circuitu

710 1258 903 1301 nostro
927 1258 1076 1301 sunt.
1109 1249 1461 1302 Factisumus
1485 1251 1680 1303 subtus
1707 1260 1764 1303 et
1782 1267 1890 1302 non
1916 1267 2080 1319 supra
2107 1270 2119 1304 :
2153 1253 2282 1320 quia

709 1340 1060 1407 peccavimus
1094 1341 1192 1393 tibi
1235 1341 1467 1394 Domino
1498 1340 1609 1393 Deo
1649 1348 1861 1405 nostro,
1892 1357 1959 1393 eo
1992 1343 2140 1409 quod
2174 1360 2283 1396 non

707 1429 1020 1484 audivimus
1059 1446 1247 1485 vocem
1297 1440 1468 1485 tuam.
1514 1431 1598 1486 Ob
1636 1433 1740 1486 hoc
1764 1434 2023 1500 expulisti
2069 1449 2189 1491 nos.
2228 1445 2283 1489 ct

709 1524 1057 1577 commovisti
1093 1534 1296 1577 terram
1349 1532 1406 1577 et
1448 1525 1794 1579 conturbasti
1834 1541 1977 1578 eam:
2007 1525 2280 1578 Caeterum

709 1622 766 1666 tu
793 1615 1122 1683 longanimis
1150 1633 1274 1670 cum
1293 1617 1371 1671 sis
1388 1626 1443 1671 et
1469 1619 1706 1685 copiosa:
1730 1617 2122 1672 misericordiae
2153 1634 2280 1673 sana

707 1705 1074 1761 contritiones
1112 1709 1253 1777 ejus,
1286 1709 1416 1777 quia
1446 1718 1719 1762 commota
1763 1719 1853 1764 est
1899 1711 2280 1765 vehementer.

705 1799 950 1867 Populus
992 1801 1140 1854 enim
1187 1810 1318 1855 tuus
1353 1809 1618 1870 expertus
1655 1814 1742 1856 est
1778 1803 1938 1866 dura,
1969 1820 2138 1871 super
2169 1821 2280 1872 quo

704 1887 912 1944 frustra
945 1891 1260 1946 invocatum
1307 1902 1394 1947 est
1425 1909 1628 1947 nomen
1669 1903 1846 1948 tuum.
1883 1895 2098 1964 lmpleti
2152 1904 2281 1950 sunt

705 1996 996 2037 sermones
1049 1985 1447 2053 pr0phetarum
1514 1992 1737 2038 tuorum
1794 2002 1963 2056 super
2006 2003 2126 2050 nos,
2151 1990 2281 2056 quia

711 2092 729 2122 ι
773 2073 1057 2130 Venerunt
1085 2086 1278 2144 gentes
1315 2079 1367 2130 in
1400 2078 1784 2132 hereditatem
1839 2088 2011 2143 tuam,
2056 2090 2112 2133 et
2159 2082 2280 2148 pol-

705 2165 929 2219 luerunt
979 2169 1242 2236 templum
1281 2177 1434 2222 tuum
1482 2167 1551 2233 ⁸⁵,
1597 2187 1616 2218 ι
1677 2169 1732 2221 in
1785 2185 1896 2238 quo
1953 2171 2278 2239 mysterium

707 2252 1009 2319 perfectum
1036 2264 1119 2308 est
1155 2257 1584 2325 dispensationis
1620 2258 1899 2328 Unigeniti
1925 2261 2028 2322 tui,
2057 2270 2112 2313 et
2149 2278 2277 2315 san-

705 2346 977 2399 ctuarium
1011 2356 1164 2401 tuum
1203 2349 1312 2418 igni
1364 2351 1812 2417 succenderunt;
1850 2354 1982 2420 quin
2019 2365 2098 2416 et,
2132 2373 2150 2404 ι
2189 2355 2280 2409 Je-

709 2437 942 2490 rusalem
991 2449 1297 2506 posuerunt
1356 2442 1411 2494 in
1461 2457 1750 2510 pomorum
1799 2445 2106 2499 custodiam
2151 2447 2217 2500 “.
2256 2467 2274 2498 ι

704 2526 993 2581 Morticina
1031 2544 1320 2583 servorum
1369 2540 1588 2586 tuorum
1621 2534 1675 2586 in
1707 2535 1894 2588 medio
1929 2537 2085 2605 juxta
2123 2553 2188 2591 ac
2221 2539 2278 2592 in

705 2616 938 2669 circuitu
970 2617 1274 2672 Jerusalem
1303 2620 1502 2687 passim
1533 2621 1763 2691 disiecta
1798 2636 1951 2687 sunt,
1977 2645 1995 2675 ι
2017 2627 2130 2680 Nec
2160 2634 2280 2680 erat

706 2708 799 2774 qui
825 2708 1084 2775 sepeliret
1113 2707 1159 2739 ⁸⁷
1193 2729 1210 2760 ι
1244 2708 1648 2765 Fortitudinem
1672 2723 1941 2779 nostram,
1980 2731 2278 2771 ornamen-

708 2805 822 2850 tum
857 2813 922 2851 ac
942 2798 1146 2862 decus;
1170 2801 1363 2856 salutis
1389 2803 1610 2871 inquam
1645 2815 1849 2860 nostra:
1878 2822 2054 2875 spem,
2079 2825 2277 2878 nempe

706 2902 925 2941 crucem
989 2889 1234 2955 Christi,
1272 2894 1547 2948 tradidisti
1599 2895 1727 2949 fidei
1780 2896 2119 2952 adversariis
2172 2900 2273 2969 (l).

709 2976 857 3030 Facti
892 2995 1085 3034 sumus
1147 2985 1508 3053 opprobrium
1561 2995 1670 3040 tam
1723 2988 1923 3042 vicinis
1967 3006 2132 3058 quam
2181 2991 2275 3060 qui

708 3067 1026 3136 longissime
1058 3070 1237 3126 ilissiti
1278 3084 1428 3140 sunt,
1452 3076 1811 3133 subsannatio
1839 3089 1894 3133 et
1930 3080 2134 3134 derisio
2161 3098 2278 3134 om-

709 3159 876 3213 nibus
905 3164 1183 3230 gentibus.
1226 3168 1484 3220 Avertisti
1513 3169 1662 3221 enim
1697 3186 1798 3223 nos
1828 3179 2127 3225 retrorsum
2155 3182 2278 3241 post

709 3250 964 3305 inimicos
999 3263 1239 3320 nostros,
1295 3265 1350 3310 et
1378 3259 1472 3327 qui
1503 3259 1741 3313 oderunt
1782 3277 1915 3326 nos,
1945 3262 2282 3332 diripiebant

708 3342 1066 3397 sibi.Dedisti
1100 3360 1203 3399 nos
1240 3354 1498 3416 tanquam
1529 3365 1660 3402 oves
1688 3349 1755 3402 ad
1776 3365 1958 3405 escam
1987 3355 2281 3421 expositas,

709 3443 764 3486 ct
792 3434 933 3487 inter
967 3443 1159 3504 gentes
1183 3436 1494 3506 dispersisti
1523 3455 1644 3493 nos.
1674 3439 1984 3496 Vendidisti
2020 3445 2282 3513 populum

712 3534 867 3578 tuum
903 3526 1024 3580 sine
1059 3527 1258 3595 pretio,
1291 3537 1348 3582 ct
1393 3544 1501 3582 non
1535 3539 1654 3584 erat
1699 3533 1996 3587 multitudo
2034 3535 2090 3588 in
2130 3551 2286 3590 com-

713 3616 1113 3671 mutationibus
1151 3620 1370 3672 nostris.
1407 3621 1705 3676 Tradidisti
1737 3639 1836 3678 nos
1867 3624 1921 3678 in
1951 3641 2145 3679 manus
2175 3626 2285 3679 ini-

713 3707 983 3761 micorum
1015 3710 1290 3778 exlegum,
1321 3727 1385 3766 ac
1415 3713 1528 3780 regi
1558 3713 1770 3782 iniquo,
1802 3715 2160 3785 omniumque
2185 3718 2281 3786 qui

716 3814 815 3866 per
845 3800 1161 3854 universam
1196 3810 1396 3854 terram
1444 3801 1772 3871 gradiuntur
1803 3803 1965 3874 longe
1998 3806 2282 3877 malignis-

713 3890 851 3943 simo
879 3889 1135 3942 addixisti
1188 3906 1307 3944 nos.
1369 3891 1446 3945 Ne
1498 3891 1579 3945 sic
1610 3893 1832 3961 quidem
1874 3895 2149 3951 universis
2180 3897 2280 3952 ﬂa-

711 3979 866 4048 gellis
903 3981 1015 4034 tuis
1054 3981 1230 4033 attriti
1272 3981 1611 4036 indoluimus
1659 4001 1671 4035 :
1714 3984 1852 4038 adeo
1888 4000 2081 4042 sensus
2103 3987 2279 4042 nostri

711 4067 878 4120 nimia
904 4069 1255 4123 contentione
1286 4085 1350 4122 ac
1377 4069 1558 4124 studio
1594 4071 1648 4124 in
1689 4074 1895 4126 malum
1923 4075 2280 4143 propendent

2392 627 2485 663 σου
2506 626 2520 640 ο
2577 610 2691 662 ἀλλ’
2724 610 3001 679 ἐρχόμεθα
3033 611 3268 672 ἕκαστος
3315 613 3378 663 ἐκ
3410 610 3651 673 διανοίας
3681 610 3842 677 ἡμῶν
3877 611 3978 679 τῆς

2389 702 2632 770 πονηρᾶς
2680 698 2906 771 ποιῆσαι
2953 699 3024 754 τὰ
3065 701 3284 771 πονηρά
3337 702 3459 756 κατ’
3505 702 3807 771 ὀφθαλμῶν
3853 719 3972 767 σου,

2387 793 2585 864 Κύριε.

2457 974 2568 1028 Καὶ
2602 974 2712 1028 ἰδοὺ
2743 973 2813 1027 τά
2841 975 2970 1042 ἆγια
2999 974 3161 1043 ἡμῶν
3188 973 3393 1043 ἔρημα,
3430 974 3528 1026 καὶ
3558 975 3592 1042 ἠ
3622 973 3782 1033 πόλις
3813 974 3974 1040 nupt-

2386 1083 2658 1130 καυστος,
2715 1068 2810 1118 καὶ
2857 1067 2886 1119 ό
2930 1065 3059 1127 λαὸς
3105 1065 3483 1133 αἰχμάλωτος,
3531 1065 3624 1116 καὶ
3661 1062 3971 1132 ἐγενόμεθα

2388 1158 2466 1218 εἰς
2515 1156 2852 1224 ὀνειδισμὸν,
2913 1155 3009 1206 καὶ
3058 1155 3138 1217 εἰς
3173 1155 3375 1208 ἄϐατον
3408 1157 3521 1216 τοῖς
3555 1154 3743 1223 κύκλῳ
3775 1153 3968 1221 ἡμῶν·

2385 1251 2479 1301 καὶ
2506 1249 2840 1317 ἐγενήθημεν
2865 1248 2967 1299 ὑπὸ
2993 1250 3168 1308 κάτω,
3209 1251 3299 1300 καὶ
3326 1249 3427 1301 οὐκ
3451 1239 3657 1310 ἐπάνω,
3685 1247 3766 1299 ὃτι
3791 1248 3972 1314 ἡμάρ-

2385 1341 2551 1407 τομέν
2583 1357 2684 1397 σοι.
2721 1341 2912 1410 Κυρίῳ
2939 1341 3014 1410 τῷ
3043 1342 3163 1411 Θεῷ
3189 1342 3368 1412 ἡμῶν,
3398 1341 3538 1410 πρὸς
3560 1341 3621 1392 τὸ
3649 1338 3724 1408 μὴ
3746 1338 3969 1391 ἀκούειν

2381 1431 2483 1498 τῆς
2531 1431 2712 1500 φωνῆς
2752 1449 2865 1486 σου.
2915 1432 3011 1484 Διά
3042 1433 3198 1485 τοῦτο
3228 1433 3435 1488 ἀπώσω
3462 1434 3628 1503 ἡμᾶς,
3662 1432 3756 1482 καὶ
3785 1431 3967 1483 καθεῖ-

2382 1522 2473 1584 λες
2502 1525 2669 1591 ἡμᾶς,
2704 1525 2800 1576 καὶ
2832 1524 3146 1588 συνέσεισας
3176 1526 3272 1594 τὴν
3296 1527 3430 1595 γῆν,
3473 1525 3570 1578 καὶ
3596 1524 3970 1592 συνετάραξας

2384 1615 2576 1686 αὑτήν.
2624 1614 2764 1670 Ἀλλ’
2809 1616 2885 1679 ὡς
2939 1617 3291 1686 μακρόθυμος
3340 1618 3435 1670 καὶ
3467 1617 3776 1678 πολυέλεος,
3818 1617 3969 1667 ἴασαι

2382 1709 2452 1762 τά
2480 1709 2869 1780 συντρίμματα
2891 1711 3084 1780 αὐτῆς,
3117 1712 3200 1764 ὅτι
3230 1710 3497 1779 ἐσαλεύθη
3527 1710 3754 1778 σφόδρα.
3773 1709 3837 1761 Ὀ
3865 1708 3973 1777 γὰρ

2386 1801 2516 1863 λαός
2564 1818 2656 1854 σου
2705 1801 2817 1854 ῐδεν
2852 1801 3068 1872 σκληρά
3088 1845 3100 1869 ,
3155 1795 3216 1855 οὗ
3264 1804 3327 1856 τὸ
3359 1804 3531 1871 ὄνομά
3563 1819 3658 1854 σου
3691 1800 3754 1852 ea
3787 1801 3974 1852 xmva

2388 1892 2751 1961 ἐπικέκληται
2785 1893 2872 1944 ἐπ’
2901 1894 3084 1947 αὐτόν.
3143 1894 3579 1965 Ἐπληρώθησαν
3606 1894 3715 1962 γὰρ
3741 1894 3791 1944 oi
3821 1892 3973 1956 λόγοι

2386 1981 2497 2034 τῶν
2547 1982 2845 2051 προφητῶν
2891 1999 2985 2036 σου
3035 1983 3121 2050 ἐφ’
3151 1984 3337 2052 ἡμᾶς,
3374 1984 3458 2035 ὅτι
3499 1981 3811 2034 ιἬλθοσαν
3843 1980 3972 2047 ἔθνη

2387 2075 2466 2135 είς
2495 2071 2592 2142 τὴν
2621 2072 2988 2143 κληρονομίαν
3016 2092 3110 2126 σου
3130 2114 3145 2135 ,
3195 2075 3290 2127 καὶ
3318 2074 3554 2144 ἐμίαναν
3583 2074 3674 2126 τὸν
3703 2073 3841 2125 ναὸν
3874 2071 3967 2124 τὸν

2387 2165 2541 2231 ἅγιόν
2577 2181 2694 2225 σου,
2729 2184 2747 2216 ι
2786 2167 2843 2217 ἐν
2872 2158 2916 2230 ᾧ
2947 2167 3008 2218 τὸ
3036 2167 3136 2233 τῆς
3165 2165 3480 2234 οἰκονομίας
3511 2164 3606 2218 τοῦ
3643 2162 3972 2232 μονογενοῦς

2388 2270 2480 2305 σου
2522 2253 2645 2306 Υ·ἱοῦ
2680 2254 3133 2325 ἐτελεσιουργήθη
3170 2258 3491 2325 μυστήριον,
3528 2257 3624 2308 καὶ
3657 2257 3972 2324 ἐνέπρησαν

2387 2351 2520 2420 πυρὶ
2550 2351 2609 2403 τὸ
2638 2351 2996 2418 ἀγιαστὴριὸν
3023 2367 3117 2402 σου
3142 2390 3158 2413 ,
3197 2369 3216 2402 ι
3256 2352 3366 2404 Καὶ
3395 2352 3582 2404 ἔθεντο
3613 2350 3968 2418 Ἰερουσαλὴμ

2388 2441 2465 2500 ὡς
2493 2441 2965 2510 όπωροφυλάκιον,
2997 2460 3014 2492 ι
3076 2442 3170 2494 καὶ
3202 2441 3272 2495 τά
3302 2442 3606 2510 θνησιμαῖα
3634 2442 3743 2493 τῶν
3766 2441 3970 2492 δούλων

2387 2553 2515 2601 σου,
2548 2537 2606 2588 ἐν
2639 2536 2790 2605 μέσῳ
2820 2538 2912 2588 καὶ
2937 2536 3125 2604 κύκλῳ
3157 2534 3514 2603 Ἰερουσαλήμ
3537 2549 3552 2562 ο
3615 2551 3633 2582 ι
3663 2531 3777 2583 Καὶ
3807 2531 3836 2580 ό
3867 2530 3967 2583 θά-

2387 2644 2538 2679 πτων
2569 2628 2670 2679 οὐκ
2696 2622 2786 2696 ἦν.
2814 2645 2832 2678 ο
2874 2627 2985 2680 Καὶ
3017 2627 3118 2695 τὴν
3151 2627 3304 2695 ἰσχὺν
3335 2623 3524 2693 ἡμῶν,
3557 2625 3651 2675 καὶ
3681 2620 3968 2690 καλλονὴν,

2383 2717 2478 2770 καὶ
2509 2716 2572 2768 τὸ
2601 2718 2873 2784 σωτήριον
2900 2715 3062 2785 ἡμῶν
3092 2716 3184 2768 τὸν
3214 2715 3449 2783 σταυρὸν
3478 2713 3574 2766 τοῦ
3603 2712 3845 2782 Χριστοῦ
3877 2728 3970 2764 σου

2385 2808 2713 2876 παρέδωκας
2744 2811 2858 2868 τοῖς
2887 2807 3251 2868 ὑπεναντίοις,
3280 2807 3376 2858 καὶ
3400 2804 3742 2874 ἐγενήθημεν
3765 2803 3973 2865 ὄνειδος

2383 2899 2495 2958 τοῖς
2531 2897 2768 2964 γείτοσιν
2801 2894 2958 2965 ἡμῶν
2983 2935 2997 2957 ,
3051 2897 3147 2948 καὶ
3193 2898 3305 2958 τοῖς
3338 2895 3558 2964 μακρὰν
3587 2892 3972 2963 μυκτηρισμδς

2383 2990 2478 3041 καὶ
2528 2987 2840 3056 χλευασμὸς
2893 2988 3031 3040 πᾶσι
3077 2989 3192 3048 τοῖς
3235 2986 3451 3047 ἔθνεσι,
3505 2986 3584 3037 ὅτι
3619 2984 3972 3051 ἀπέστρεψας

2382 3081 2532 3149 ἡμᾶς
2581 3080 2661 3141 είς
2702 3080 2770 3131 τά
2802 3078 2984 3131 ὀπίσω
3019 3079 3172 3146 παρά
3202 3077 3329 3138 τοὺς
3359 3075 3590 3145 ἐχθροὺς
3616 3075 3797 3142 ⁴ἡμῶν.
3858 3074 3970 3126 Καὶ

2381 3171 2432 3221 oi
2470 3169 2754 3236 μισοῦντες
2786 3170 2934 3237 ἡμᾶς
2966 3165 3264 3236 διήρπαζον
3294 3167 3529 3226 ἑαυτοῖς.
3585 3165 3832 3225 Ἐδωκας
3860 3163 3972 3229 γάρ

2393 3262 2543 3329 ἡμᾶς
2599 3259 2675 3322 ὡς
2730 3259 2980 3328 πρόϐατα
3034 3257 3312 3326 βρώσεως,
3347 3256 3442 3307 καὶ
3498 3256 3554 3306 ἐν
3600 3255 3712 3316 τοῖς
3758 3253 3972 3305 ἐθνεσιν

2385 3352 2705 3420 διέσπειρας
2728 3352 2900 3419 ἡμᾶς,
2919 3351 3011 3404 καὶ
3034 3350 3234 3404 ἀπέδου
3259 3350 3350 3401 τὸν
3372 3347 3501 3399 λαόν
3521 3363 3612 3400 σου
3630 3346 3758 3399 ἀνευ
3775 3345 3970 3413 τιμῆς,

2387 3443 2482 3496 καὶ
2509 3444 2607 3496 οὐκ
2630 3439 2698 3512 ἦν
2729 3441 2938 3512 πλῆθος
2968 3443 3027 3494 ἐν
3054 3444 3169 3506 τοῖς
3197 3438 3585 3508 ἀλαλάγμασιν
3610 3438 3791 3508 ἡμῶν.
3821 3438 3972 3504 Παρ-

2387 3535 2596 3597 έδωκας
2643 3534 2752 3604 γὰρ
2803 3535 2949 3604 ἡμᾶς
3005 3535 3086 3596 είς
3127 3535 3322 3602 χεῖρας
3356 3530 3563 3601 ἐχθρῶν
3593 3527 3835 3598 ἀνόμων,
3872 3528 3971 3580 καὶ

2392 3625 2603 3695 βασιλεῖ
2627 3624 2796 3694 ἀδίκῳ
2825 3627 2922 3676 καὶ
2948 3624 3306 3694 πονηροτάτῳ
3333 3621 3485 3691 παρά
3513 3622 3695 3674 πᾶσαν
3715 3619 3818 3685 τὴν
3840 3618 3968 3686 γῆν·

2387 3718 2484 3771 καὶ
2533 3718 2591 3770 ἐν
2638 3717 2839 3778 πάσαις
2887 3717 3007 3778 ταῖς
3053 3713 3303 3785 μάστιξιν
3346 3713 3573 3775 ταύταις
3632 3709 3732 3764 οὐκ
3785 3707 3968 3760 ἐπονέ·

2389 3822 2590 3875 σαμεν,
2635 3805 2772 3857 διότι
2823 3803 3101 3873 ἐπιμελῶς
3129 3803 3358 3870 ἔγγυται
3392 3803 3425 3869 ἡ
3453 3800 3660 3854 διάνοια
3687 3797 3847 3866 ἡμῶν
3879 3797 3974 3848 ἐπὶ

2386 3895 2456 3948 τά
2488 3895 2727 3964 πονηρὰ,
2781 3896 2845 3946 ἐκ
2877 3895 3128 3962 νεότητος
3158 3892 3318 3962 ἡμῶν
3342 3907 3357 3921 ⁸
3421 3891 3520 3944 καὶ
3566 3888 3844 3959 περισσῶς
3877 3887 3972 3938 ἐπὶ

2384 3988 2498 4048 τοῖς
2529 3987 2718 4047 κακοῖς
2763 3984 3148 4055 ἀνδριούμεθα.
3181 3985 3392 4046 Ὄντως
3421 3983 3628 4044 δίκαιος
3651 3975 3732 4042 εἷ,
3768 3978 3968 4048 Κύριε,

2388 4078 2482 4130 ἐπὶ
2529 4078 2697 4129 πᾶσιν
2743 4071 2826 4140 οἷς
2869 4076 3133 4147 ἐποίησας
3175 4076 3327 4146 ἡμῖν.
3394 4074 3630 4143 Οἴδαμεν
3675 4070 3817 4138 γὰρ,
3881 4071 3961 4122 ὅτι

709 4158 955 4226 abusque
987 4159 1244 4226 pueritia.
1277 4159 1383 4213 Sed
1414 4167 1470 4213 et
1499 4160 1566 4214 ad
1597 4178 1772 4215 annos
1796 4164 2044 4231 provecti
2066 4165 2278 4231 viriles,

2387 4168 2445 4221 αἱ
2491 4168 2756 4239 ἁμαρτίαι
2795 4168 2952 4238 ⁴ἡμῶν
2998 4168 3332 4237 ἀντέστησαν
3371 4168 3538 4235 ἡμῖν,
3574 4166 3656 4217 ὅτι
3689 4159 3886 4214 πολλαὶ
3915 4161 3970 4214 αί

713 4249 769 4302 in
812 4248 1127 4317 huiusmodi
1173 4251 1322 4304 vitiis
1365 4253 1528 4305 solito
1563 4254 1800 4321 amplius
1834 4255 2277 4311 occallescimus.

2386 4259 2604 4328 ἀνομίαι
2633 4258 2790 4328 ἡμῶν
2824 4257 3029 4329 σφόδρα
3055 4258 3295 4310 ἐναντίον
3320 4274 3435 4317 σου,
3463 4254 3657 4324 Κύριε.

709 4342 945 4396 Prorsus
974 4341 1226 4405 Domine,
1263 4343 1446 4412 justus
1510 4352 1590 4407 tu,
1619 4344 1673 4396 in
1707 4344 1969 4398 omnibus
2012 4362 2136 4414 qua:
2173 4345 2354 4402 fecisti
2394 4349 2588 4414 nobis;
2625 4362 2775 4402 nunc
2822 4347 3042 4402 demum
3083 4347 3317 4411 scimus,
3353 4345 3484 4422 quia
3521 4352 3744 4414 peccata
3781 4354 3968 4399 nostra

713 4439 826 4507 ipsa
863 4440 1184 4495 restiterunt
1213 4441 1371 4495 nobis
1406 4457 1422 4494 :
1459 4446 1681 4509 peccata
1708 4439 1857 4493 enim
1885 4450 2074 4494 nostra
2099 4439 2263 4496 nimis
2299 4459 2466 4512 quam
2495 4443 2668 4496 multa
2699 4443 3058 4497 increverunt
3083 4442 3139 4495 in
3162 4450 3461 4508 conspectu
3491 4449 3609 4501 tuo,
3639 4438 3898 4492 Domine.

780 4527 890 4583 Sed
914 4531 1288 4586 misericordia
1313 4540 1426 4594 tua,
1444 4530 1695 4594 Domine,
1711 4531 1978 4600 anticipet
2009 4548 2133 4596 nos,
2154 4533 2280 4602 quia

2465 4533 2618 4592 .‘An'
2664 4535 2696 4603 ὴ
2746 4532 3088 4604 ἐλεημοσύνη
3135 4549 3258 4594 σου,
3315 4531 3518 4601 Κύριε,
3573 4529 3838 4598 φθασάτω
3887 4530 3972 4596 ἐφ’

709 4629 767 4673 ιιι
791 4619 846 4674 in
881 4621 1058 4686 nobis,
1082 4623 1331 4688 Domine,
1352 4633 1409 4676 et
1435 4639 1636 4677 nomen
1661 4633 1818 4677 tuum
1839 4634 2092 4678 sanctum
2123 4625 2280 4680 invo-

2387 4629 2572 4698 ἠμᾶς,
2632 4628 2714 4681 ὅτι
2767 4627 2833 4680 σὺ
2881 4628 2937 4677 ἐν
2978 4626 3133 4694 ἡμῖν,
3166 4624 3377 4694 Κύριε,
3429 4623 3527 4674 καὶ
3571 4621 3636 4674 τδ
3668 4622 3844 4690 δνομά
3876 4637 3970 4672 σου

708 4723 891 4766 catum
921 4723 1006 4767 est
1034 4731 1201 4783 super
1231 4733 1350 4770 nos.
1376 4715 1632 4782 Quiescat
1661 4714 1934 4787 (obsecro)
1956 4717 2038 4771 ira
2063 4717 2270 4773 furoris

2386 4719 2448 4770 τὸ
2481 4719 2635 4785 ἆγιον
2680 4718 3039 4787 ἐπικέκληται
3074 4715 3158 4784 ἐφ’
3190 4715 3362 4784 ἡμᾶς.
3412 4712 3671 4765 Κόπασον
3701 4712 3769 4764 δι’
3799 4711 3970 4781 ὀργὴν

711 4803 811 4865 tui,
842 4812 900 4857 et
938 4820 1006 4858 ne
1039 4804 1349 4860 confundas
1373 4821 1476 4859 nos
1501 4806 1556 4859 in
1587 4805 1774 4870 ﬁnem,
1803 4821 1984 4875 neque
2007 4808 2280 4862 memine-

2387 4808 2561 4878 θυμοῦ
2615 4825 2747 4874 σου,
2800 4808 2896 4861 καὶ
2953 4807 3028 4878 μὴ
3077 4804 3450 4875 καταισχύνῃς
3481 4805 3633 4873 ἡμᾶς
3679 4807 3763 4867 εἰς
3791 4803 3969 4866 τέλος,

710 4894 787 4947 ris
825 4895 1179 4963 iniquitatum
1227 4908 1540 4953 nostrarum
1588 4899 1962 4967 antiquarum,
2001 4914 2087 4962 ac,
2139 4915 2210 4954 ne
2253 4916 2280 4953 a

2390 4902 2527 4971 μηδέ
2557 4902 2803 4971 μνησθῇς
2826 4899 2985 4970 ἡμῶν
3010 4897 3254 4968 ἀνομιῶν
3273 4899 3546 4969 ἀρχαίων,
3565 4896 3706 4966 μηδέ
3728 4896 3973 4965 προσφά-

707 4985 872 5040 nobis
910 4987 1134 5054 quidem
1182 5005 1372 5044 recens
1414 4992 1855 5055 commissarum,
1886 5007 1997 5045 neu
2029 4992 2280 5061 indignos

2386 5009 2515 5057 των,
2547 4994 2683 5063 μηδέ
2709 4992 2966 5059 ἀναξίους
2990 4991 3185 5062 κρίνῃς
3205 4991 3355 5059 ἡμᾶς
3376 4989 3488 5041 τῶν
3510 4988 3621 5040 σῶν
3641 4986 3966 5056 οἰκτιρμῶν⁸

709 5092 810 5130 nos
861 5080 1188 5147 pronunties
1238 5083 1349 5135 tuis
1400 5081 1851 5137 miserationibus
1887 5084 2064 5151 :quin
2095 5084 2279 5152 potius

2386 5082 2517 5138 ἀλλά
2568 5084 2868 5154 μνήσθητι,
2931 5084 3014 5136 ὅτι
3057 5081 3134 5153 τῷ
3176 5081 3342 5150 τιμίῳ
3389 5079 3584 5149 αἵματί
3636 5095 3730 5131 σου
3773 5076 3971 5146 ἐξηγό-

710 5175 1088 5240 reminiscere,
1129 5175 1258 5242 quia
1285 5176 1419 5228 tanti
1449 5190 1549 5228 nos
1571 5175 1865 5229 aestimavit
1893 5185 1986 5229 tua
2019 5176 2274 5246 benigni-

2386 5192 2556 5245 ρασας
2585 5175 2755 5245 ἡμᾶς.
2783 5173 3170 5245 Ἠμάρτομεν,
3209 5171 3480 5241 ἱλάσθητι,
3514 5171 3717 5238 Κύριε·
3759 5169 3972 5238 ἡνομή-

711 5272 815 5329 tas,
852 5281 992 5333 quos
1017 5265 1264 5335 pretioso
1292 5274 1386 5318 tuo
1413 5267 1678 5336 sanguine
1720 5268 2045 5323 redimercs.
2072 5270 2277 5324 Pecca-

2386 5283 2600 5335 σαμεν,
2658 5264 3052 5337 συγχώρησον,
3105 5264 3393 5318 Δέσποτα·
3454 5260 3968 5333 προσεκρούσαμεν,

711 5354 915 5417 vimus,
964 5355 1184 5424 placare
1244 5357 1476 5410 Domine
1530 5374 1544 5410 :
1591 5356 1779 5427 inique
1835 5361 2154 5429 gessimus:
2189 5369 2280 5416 tua

2386 5359 2721 5428 διαλλάγηθι.
2753 5359 2898 5426 ἀγιε,
2933 5358 3026 5410 καὶ
3048 5357 3336 5425 ἐπίφανον,
3361 5353 3556 5423 Κύριε,
3587 5353 3648 5406 τὸ
3673 5352 3970 5423 πρόσωπόν

711 5441 851 5496 Here
872 5442 1150 5497 condonet
1182 5444 1553 5514 indulgentia;
1583 5445 1938 5512 oﬂ‘endimus,
1965 5450 2280 5504 conciliator

2391 5467 2486 5504 σου
2538 5451 2632 5503 ἐπὶ
2679 5452 2804 5513 τοὺς
2853 5450 2911 5501 ἐν
2956 5449 3229 5518 ἀπαγωγῇ
3274 5445 3498 5508 δούλους
3541 5460 3634 5496 σου
3659 5482 3675 5506 ,
3730 5441 3830 5495 καὶ
3870 5443 3970 5511 τὴν

711 5533 1154 5588 sancte.lllustra
1187 5533 1378 5589 faciem
1403 5544 1573 5600 tuam,
1606 5536 1858 5603 Domine,
1889 5554 2062 5609 super
2089 5557 2280 5597 servos

2386 5541 2537 5614 παρά
2563 5542 2658 5596 σοῦ
2690 5541 2942 5614 βοήθειαν
2971 5539 3373 5606 ἐξαπόστειλον,
3401 5535 3616 5600 δυνατέ,
3663 5533 3761 5588 καὶ
3785 5531 3969 5600 ἐξελοῦ

785 5639 833 5674 ⁸⁸
859 5644 1001 5699 Psal.
1034 5661 1251 5714 Lxxvm,
1281 5648 1333 5703 l.
1406 5648 1455 5682 ⁸⁸
1487 5649 1625 5705 ibid.
1698 5649 1745 5684 "
1773 5651 1912 5707 ibid.

2223 5720 2453 5777 NOTAE.

791 5805 868 5871 (Ι)
898 5805 1228 5865 Antiochum
1267 5809 1465 5866 vixisse
1492 5813 1595 5868 sub
1628 5812 1879 5868 Heraclio
1903 5821 1958 5869 et
1988 5812 2255 5878 Cosdroa,
2284 5814 2368 5868 vel
2411 5814 2538 5868 hinc
2570 5811 2731 5868 liceat
2768 5811 3044 5882 colligere.
