4178 6424
263 404 401 468 1853

1604 413 2010 477 EYOMOLOG
2022 418 2137 480 ES]
2148 424 2207 483 Β.

3383 422 3521 485 1854

256 523 349 571 τὸν
379 518 507 572 λαόν
537 536 632 573 σου
669 520 731 573 ὲκ
766 521 947 593 πάσης
973 526 1065 577 τα)
1080 527 1383 595 αιπωρίας,
1433 530 1527 583 καὶ
1557 528 1836 599 λύτρωσον

1966 546 2067 585 uos
2113 534 2207 602 qui
2242 537 2527 606 tyrannica
2578 534 2940 607 impressione
2981 542 3315 605 premuntur
3348 533 3523 588 incle-

257 610 369 664 ἀπὸ
410 612 595 681 πάσης
631 616 1003 683 παρανομίας,
1035 618 1128 670 καὶ
1158 619 1222 671 ὲκ
1246 620 1427 690 χειρὸς
1455 620 1835 691 παρανομούν-

255 718 403 769 των,
459 706 554 757 καὶ
599 705 989 769 διασκέδασον,
1036 710 1315 774 Δέσποτα,
1360 712 1539 765 πᾶντα
1571 713 1837 774 κίνδυνον,

254 796 347 847 διὰ
376 795 476 864 τὴν
507 797 873 867 εύσπλαχνίαν
903 817 996 852 σου
1015 841 1028 863 ,
1066 801 1161 853 καὶ
1196 801 1269 871 μὴ
1296 804 1376 864 είς
1397 802 1549 865 τέλος
1581 801 1842 872 παραδῷς

257 889 359 957 τὴν
390 890 759 959 κληρονομίαν
790 909 886 945 σου
920 895 1000 956 εἰς
1025 894 1326 960 ἀπώλειαν,
1362 895 1451 948 διὰ
1482 896 1581 957 τὰς
1611 894 1842 963 ἀνομίας

259 980 450 1049 ἡμῶν,
500 981 635 1034 ἀλλὰ
681 984 816 1052 ταχῦ
865 987 1432 1055 προκαταλαϐἐτωσαν
1478 991 1625 1058 ἡμᾶς
1672 990 1720 1040 οί
1761 990 1843 1040 οἱ-

260 1073 479 1141 κτιρμοί
528 1090 651 1138 σου,
700 1075 894 1144 Κύριε,
926 1077 953 1127 ὁ
976 1077 1108 1139 θεὸς
1136 1079 1327 1146 ἡμῶν,
1376 1080 1458 1131 ὅτι
1492 1080 1559 1132 τὰ
1592 1080 1714 1148 ὲλέη
1750 1095 1843 1130 σου

260 1161 355 1212 ἀπ’
391 1161 588 1224 αἰῶνος
642 1166 732 1215 ἐπὶ
778 1166 877 1232 τὴν
927 1165 1106 1217 κτίσιν
1148 1184 1266 1219 σου.
1310 1168 1420 1221 Καὶ
1455 1170 1517 1220 σὺ
1550 1168 1844 1237 καταφυγὴ

261 1254 482 1306 πάντων
510 1255 664 1323 ἡμῶν
693 1257 993 1324 ὲγενήθης,
1047 1259 1143 1310 καὶ
1190 1260 1434 1329 σωτηρία
1462 1264 1570 1312 των
1602 1259 1846 1322 ἐλπιζόν-

262 1369 371 1402 των
407 1352 497 1402 επὶ
530 1352 607 1403 σέ.
662 1350 824 1402 Γενοῦ
857 1354 1009 1419 ἡμῖν,
1042 1352 1247 1418 Κύριε,
1282 1352 1493 1422 πύργος
1526 1354 1708 1419 ἰσχύος
1738 1350 1846 1402 ἀπὸ

267 1442 562 1509 προσώπου
611 1442 721 1493 τῶν
758 1444 967 1511 ἐχυρῶν
1008 1444 1199 1511 ἡμῶν,
1251 1444 1347 1497 καὶ
1380 1444 1454 1512 μὴ
1482 1446 1846 1513 συγχωρήσῃς

266 1534 564 1586 ἀπολέσθαι
598 1536 676 1596 εἰς
708 1539 894 1603 χεῖρας
928 1536 1035 1586 τῶν
1068 1537 1142 1604 μὴ
1172 1537 1391 1589 εἰδότων
1418 1554 1501 1599 σε,
1528 1535 1705 1604 ψυχὰς
1762 1535 1849 1600 ὲξ-

264 1627 720 1693 ομολογουμένων
755 1644 857 1679 σοι.
884 1628 973 1694 Μὴ
1006 1627 1292 1698 καταδέξῃ.
1319 1628 1512 1696 Κύριε,
1545 1626 1847 1695 ἀτιμασοῆ-

265 1735 356 1770 ναι
402 1722 499 1785 τὴν
544 1717 909 1788 κληρονομίαν
934 1736 1031 1769 σου
1067 1718 1156 1769 ὑπ’
1185 1719 1371 1780 ἔθνους
1397 1717 1672 1780 ἀναιδοῦς,
1712 1715 1849 1768 ἀλλὰ

1937 632 2187 691 menter;
2236 629 2449 699 1249
2478 643 2619 697 eque
2648 627 2787 683 solio
2819 627 3043 681 sublimi
3093 636 3189 681 tuo
3225 626 3415 680 emitte
3439 626 3524 679 eis

1938 727 1995 772 et
2037 734 2269 788 suggere
2303 721 2590 783 auxilium,
2624 738 2657 776 0
2699 728 2917 790 potens,
2950 720 3211 787 populum
3252 727 3410 771 tuum
3450 716 3522 772 ab

1939 811 2087 864 omni
2122 811 2455 875 calamitate,
2510 814 2599 867 cui
2629 815 2833 867 misere
2886 812 3217 873 succumbit,
3253 811 3431 880 eripe,
3466 818 3524 864 et

1941 901 2010 955 ab
2044 904 2193 956 omni
2244 902 2379 972 legis
2415 913 2519 955 tua:
2552 902 3008 972 prmvarieationc
3050 899 3329 961 redimito,
3378 910 3435 955 ct
3486 914 3521 954 e

1944 1011 2109 1048 nianu
2139 994 2625 1063 pr:cvaricatorum
2659 995 2873 1048 subduc
2906 994 3047 1047 illos.
3077 993 3182 1046 Per
3213 1000 3319 1045 tum
3342 992 3524 1047 visce—

1945 1099 2006 1137 ra
2054 1086 2278 1153 pietatis
2328 1095 2526 1140 excute
2580 1101 2608 1139 a
2659 1085 2840 1148 nobis,
2874 1085 3128 1146 Domine,
3161 1098 3225 1137 ac
3270 1082 3526 1150 disperge

1945 1174 2272 1243 impendens
2301 1192 2466 1229 omne
2512 1176 2639 1230 vitm
2688 1175 3022 1235 discrimen;
3061 1188 3242 1242 neque
3274 1172 3327 1226 in
3360 1171 3527 1225 finem

1946 1277 2096 1321 tuam
2137 1268 2205 1321 ba
2226 1283 2281 1320 te
2313 1268 2690 1322 bmrcditatem
2740 1265 3035 1319 tradideris
3082 1266 3137 1318 in
3197 1263 3529 1317 internecio-

1946 1375 2096 1423 nem,
2127 1359 2345 1412 tametsi
2398 1369 2599 1412 nostrze
2640 1359 2961 1426 iniquitates
2997 1357 3048 1409 id
3082 1363 3523 1424 promcreanlur.

1946 1449 2088 1515 Quin
2124 1451 2329 1519 potius,
2358 1459 2464 1504 tuae
2512 1466 2613 1503 nos
2651 1450 2956 1518 anticipent
2980 1447 3388 1507 miserationes,
3418 1446 3529 1497 Do-

1947 1545 2119 1603 mine,
2159 1544 2306 1597 Deus
2338 1551 2525 1596 noster
2559 1558 2572 1594 :
2605 1542 2824 1595 Etenim
2859 1557 2888 1593 a
2937 1541 3138 1593 smeulo
3178 1554 3287 1592 non
3319 1536 3530 1590 desinis

1947 1637 2186 1704 c0piosaz
2211 1642 2269 1689 et
2294 1633 2656 1689 exuberantis
2686 1630 3083 1687 misericordia:
3119 1639 3227 1684 tuae
3266 1630 3407 1683 dona
3446 1627 3530 1682 ef~

1948 1727 2183 1782 ftnnlcre
2233 1726 2287 1779 in
2337 1740 2559 1779 onmem
2605 1732 2917 1778 creaturam
2969 1730 3140 1775 tuam.
3179 1721 3259 1774 Tu
3305 1718 3531 1788 quidem

268 1811 473 1872 κλῖνον,
501 1809 693 1878 Κύριε.
728 1810 790 1861 τὸ
819 1807 911 1871 οὖς
941 1826 1058 1873 σου⁹
1090 1810 1186 1862 καὶ
1213 1811 1544 1871 ἐπάκουσον,
1579 1809 1672 1861 καὶ
1698 1807 1848 1860 ἔπιδε

1966 1819 2197 1873 )mnium
2221 1826 2475 1871 nostrum
2514 1815 2787 1884 refugium
2821 1814 3000 1867 factus
3025 1828 3117 1876 es;
3141 1820 3198 1864 et
3229 1812 3285 1864 in
3318 1820 3372 1863 te
3402 1823 3531 1877 spe-

269 1905 329 1969 ἐξ
364 1904 597 1973 ούρανοῦ
630 1904 787 1971 ἁγίου
818 1921 913 1955 σου
948 1905 1040 1956 ἐπὶ
1066 1904 1161 1957 τὸν
1185 1904 1497 1972 ἀφανισμὸν
1524 1905 1712 1973 ἡμῶν,
1755 1905 1851 1956 καὶ

268 1998 370 2065 τῆς
418 1996 627 2059 πόλεώς
672 2013 765 2048 σου
800 1995 1189 2065 Ἰερουσαλὴμ,
1248 1996 1333 2063 ἐφ’
1376 1991 1444 2063 ἦς
1491 1995 1853 2064 ἐπικέκληται

270 2092 335 2143 τὸ
360 2091 533 2159 ὄνομα
560 2107 653 2142 σου
683 2090 770 2142 ἐπ’
799 2090 992 2158 αὐτῆς,
1022 2091 1116 2142 καὶ
1138 2088 1232 2141 ἐπὶ
1252 2087 1352 2158 τὴν
1381 2086 1710 2157 Ἐκκλησίαν
1734 2102 1851 2149 σου,

270 2185 341 2252 ἦν
384 2182 740 2252 ᾡκοδόμησας
794 2182 885 2234 ἐπὶ
929 2180 1027 2249 τὴν
1068 2179 1315 2249 πέτραν,
1368 2178 1572 2245 λέγων·
1630 2197 1650 2229 ι
1680 2176 1853 2229 Πύλαι

270 2275 402 2345 ᾅδου
439 2276 499 2326 οὐ
535 2273 956 2341 κατισχύσουσιν
980 2272 1173 2339 αὐτῆς.
1204 2291 1222 2323 ι
1264 2271 1619 2330 Είσάκουσον,
1656 2268 1852 2337 Κύριε,

272 2371 376 2437 τῆς
427 2368 738 2437 προσευχῆς
785 2366 895 2419 τῶν
940 2365 1141 2418 δούλων
1174 2383 1268 2416 σου
1292 2405 1306 2427 ,
1363 2366 1455 2416 καὶ
1489 2364 1588 2429 τῆς
1619 2362 1856 2433 δεήσεως

275 2460 437 2529 ἡμῶν
465 2458 719 2511 ὲνὼτισαι
745 2498 760 2521 ,
813 2458 905 2510 καὶ
934 2457 1199 2523 ὲπίφανον
1228 2456 1287 2507 τὸ
1314 2455 1609 2524 πρόσωπόν
1638 2472 1732 2505 σου
1763 2453 1856 2505 ἐπὶ

275 2551 337 2601 τὸ
364 2548 614 2617 ἁγίασμά
646 2565 758 2610 σου,
797 2548 880 2598 ὃτι
915 2545 1017 2597 οὐκ
1043 2545 1135 2596 ἐπὶ
1160 2544 1278 2605 ταῖς
1301 2543 1677 2602 δικαιοσύναις
1696 2538 1857 2609 ἡμῶν

275 2639 614 2711 θαρροῦντες
658 2636 1048 2708 προσφέρομέν
1083 2654 1165 2688 σοι
1198 2636 1296 2704 τὴν
1326 2634 1538 2687 ἱκεσίαν
1589 2632 1718 2701 (ἀεὶ
1748 2630 1857 2697 γὰρ

276 2729 658 2801 παροξύνομὲν
691 2732 803 2790 σε),
837 2727 951 2778 ἀλλ’
987 2727 1080 2778 ἐπὶ
1109 2726 1233 2786 τοὺς
1257 2723 1575 2790 οἱκτιρμούς
1601 2737 1716 2781 σου,
1747 2721 1859 2772 Κυ-

280 2840 401 2892 ριε,
450 2823 577 2882 τοὺς
628 2819 880 2882 πολλούς.
940 2817 1296 2878 Εξσάκουσον,
1334 2813 1538 2883 Κύριε,
1587 2812 1856 2874 ἱλάσθητι,

278 2911 488 2979 Κύριε,
540 2910 808 2979 πρόσχες,
841 2896 1047 2974 ’φεῖσαι
1097 2907 1193 2958 τοῦ
1242 2904 1371 2958 λαοῦ
1403 2921 1533 2964 σου,
1585 2903 1856 2964 Δέσποτα,

284 3022 305 3054 ι
339 3004 450 3056 Καὶ
489 3003 563 3069 μὴ
595 3000 700 3069 δῷς
745 3002 843 3067 τὴν
878 2998 1244 3066 κληρονομίαν
1278 3014 1371 3048 σου
1404 2997 1483 3056 εἱς
1511 2994 1732 3054 ὄνειδος.
1766 2990 1859 3043 τοῦ

279 3097 591 3164 καταρᾶσαι
621 3094 791 3161 αὐτὴν
819 3093 970 3158 ἔθνη.
1002 3094 1151 3152 ὅπως
1186 3090 1259 3158 μὴ
1284 3088 1535 3147 εἴπωσιν.
1569 3085 1681 3138 Ποῦ
1710 3088 1860 3136 ἐστιν

1954 1909 2195 1963 rautium
2226 1909 2437 1977 asylum
2465 1907 2723 1960 salutare.
2757 1906 2887 1961 Esto
2916 1905 3099 1967 nobis,
3134 1904 3388 1965 Domine,
3417 1910 3535 1955 tur-

1954 2002 2032 2056 ris
2061 2000 2404 2055 fortitudinis
2435 2015 2464 2052 a
2495 1999 2632 2055 facie
2660 1999 3008 2053 inimicorum
3035 2008 3386 2061 nostrorum;
3424 2012 3533 2050 neu

1954 2094 2107 2147 sinas
2137 2092 2205 2147 ad
2241 2092 2675 2147 internecionem
2711 2100 2768 2144 et
2802 2092 3013 2146 clad“!!!
3056 2100 3359 2145 extremam
3388 2087 3535 2144 tradi

1955 2186 2009 2241 in
2030 2201 2222 2239 eorum
2252 2200 2451 2239 manus
2481 2184 2574 2252 qui
2607 2191 2659 2237 te
2686 2199 2795 2236 non
2830 2191 3127 2245 noverunt,
3163 2181 3374 2235 animas
3402 2196 3538 2235 eon-

1956 2277 2230 2330 ﬁtentium
2256 2276 2393 2339 tibi;
2424 2290 2603 2343 neque
2635 2273 2886 2342 patiaris,
2915 2273 3167 2337 Domine,
3193 2281 3301 2326 tam
3333 2270 3535 2339 insigni

1958 2367 2261 2437 ignominia
2316 2367 2529 2436 aspergi
2591 2366 2968 2420 hmreditatem
3000 2373 3147 2418 tuam
3195 2379 3224 2417 a
3264 2373 3426 2431 gente
3456 2361 3539 2417 sic

1956 2456 2149 2510 effreni
2196 2467 2252 2509 et
2296 2455 2628 2523 impudenti.
2676 2454 2844 2523 Magis
2883 2462 2961 2513 tu,
3003 2454 3230 2514 inclina,
3279 2453 3535 2517 Domine,

1957 2564 2149 2602 aurem
2198 2556 2368 2607 tuam,
2398 2557 2452 2600 et
2486 2545 2685 2599 exaudi
2715 2561 2779 2599 ac
2803 2545 3038 2613 'respice
3064 2544 3132 2598 de
3172 2545 3314 2599 coelo
3344 2551 3537 2597 saneto

1960 2648 2056 2692 tuo
2082 2639 2149 2692 ad
2180 2639 2323 2692 lianc
2365 2647 2609 2692 nostram
2652 2638 3110 2699 exinanitionem,
3137 2638 3201 2691 ad
3225 2637 3540 2691 demolitio-

1958 2745 2085 2783 nem
2117 2738 2174 2782 et
2199 2729 2478 2783 excidium
2509 2728 2751 2782 civitatis
2783 2738 2888 2782 tum
2917 2729 3224 2783 Jerusalem
3247 2770 3261 2793 ,
3294 2745 3395 2797 pro
3431 2744 3540 2797 qua

1962 2823 2279 2876 invocatum
2306 2830 2393 2875 est
2428 2836 2631 2873 nomen
2674 2828 2851 2883 tuum,
2885 2836 3052 2889 super
3081 2820 3253 2889 ipsam
3286 2829 3541 2874 cunctam

1961 2915 2265 2968 Ecelcsiam
2299 2921 2450 2966 tuam
2480 2928 2497 2977 ς
2538 2912 2694 2979 cujus
2715 2910 3184 2964 substructionem
3210 2928 3372 2979 supra
3408 2912 3544 2965 soli-

1961 3006 2086 3058 dam
2127 3014 2338 3073 petram
2375 3002 2680 3065 collocasti,
2707 3002 2901 3055 dicens
2929 3020 2942 3056 :
2985 3021 3003 3052 ι
3032 3004 3213 3056 Porta:
3243 3003 3401 3056 inferi
3432 3018 3544 3057 non

1963 3095 2339 3164 prrevalebunt
2396 3094 2662 3147 adversus
2708 3108 2827 3147 eam
2863 3094 2929 3147 ⁸⁸.
2973 3113 2990 3144 ι
3025 3094 3258 3156 Exaudi,
3292 3094 3544 3157 Domine,

278 3192 311 3243 ὁ
337 3189 468 3250 Θεὸς
497 3188 671 3239 αὐτῶν
696 3204 743 3250 ς»
782 3185 934 3254 Μηδὲ
966 3184 1052 3236 διὰ
1079 3184 1177 3244 τὰς
1199 3180 1427 3249 ἀνομίας
1450 3179 1608 3249 ἡμῶν
1633 3176 1863 3245 βλασφη-

1966 3186 2274 3239 orationem
2309 3198 2595 3238 servorum
2651 3192 2912 3247 tuorum;
2968 3199 3244 3253 auresque
3290 3193 3411 3239 tuas
3456 3200 3548 3238 ac-

285 3282 435 3350 μηθῇ
461 3279 521 3331 τὸ
540 3278 712 3346 ὄνομά
734 3294 827 3329 σου
855 3278 913 3327 ἐν
936 3277 1047 3338 τοῖς
1072 3274 1301 3333 ἔθνεσιν,
1334 3274 1447 3333 τοῖς
1471 3272 1543 3339 μὴ
1563 3269 1758 3321 εἰδόσιν
1781 3283 1858 3319 σε.

282 3373 409 3434 Σοὶ,
464 3369 655 3438 Κυρίῳ
700 3368 777 3436 τῷ
818 3367 936 3435 Θεῷ
978 3366 1153 3436 ἡμῶν,
1190 3366 1223 3432 ἠ
1255 3361 1568 3430 δικαιοσύνη
1594 3400 1608 3423 ,
1650 3361 1782 3427 ἡμῖν
1808 3358 1867 3409 δὲ

282 3466 321 3534 ἠ
351 3462 581 3532 αἰσχύνη
613 3461 721 3513 τῶν
751 3458 1060 3528 προσώπων
1091 3456 1196 3518 ἕως
1224 3454 1320 3506 τοῦ
1349 3453 1470 3505 νῦν·
1507 3453 1589 3503 ὅτι
1615 3450 1720 3511 ἓως
1745 3446 1867 3501 τού-

282 3574 396 3609 των
429 3556 530 3608 ούκ
560 3552 975 3619 ὲνετράπημεν,
1002 3548 1139 3601 διότι
1176 3542 1642 3615 σχληροτράχηλοί
1670 3543 1864 3610 ἐσμεν·

292 3667 315 3699 ι
367 3648 427 3700 Et
472 3645 691 3710 ἀλλάξει
734 3642 945 3704 Λῐοίωψ
989 3640 1050 3691 τὸ
1094 3639 1270 3708 δέρμα
1312 3634 1541 3695 αὑτοῦ,›
1582 3632 1677 3685 καὶ
1708 3632 1869 3701 ἡμεῖς

287 3741 393 3810 τὴν
438 3738 708 3804 κακίστην
756 3732 1083 3802 προαίρεσιν
1131 3727 1311 3798 ἡμῶν.
1373 3727 1561 3778 Πάντα
1609 3724 1677 3776 τὰ
1722 3722 1871 3775 κακὰ

288 3833 469 3886 ταῦτα
519 3824 681 3898 ἦλθεν
726 3824 811 3894 ἐφ’
843 3825 1026 3893 ἡμᾶς,
1074 3821 1168 3873 καὶ
1212 3818 1312 3870 οὐκ
1355 3816 1740 3884 ὲνετράπημεν
1772 3811 1868 3865 τοῦ

296 3920 670 3989 μετανοῆσαι,
727 3915 863 3968 ἀλλᾶ
898 3914 991 3965 και
1028 3909 1454 3981 προσεθήκαμεν
1481 3906 1758 3974 ἁμαρτίας
1787 3903 1873 3972 ἐφ’

291 4010 569 4081 ἁμαρτίας
596 4007 777 4077 ἡμῶν,
814 4005 935 4058 οὐδὲ
970 4002 1275 4072 ἐδεήθημεν
1305 3996 1400 4050 τοῦ
1428 3996 1722 4068 προσώπου
1754 4012 1872 4058 σου,

296 4106 495 4173 Κύριε,
524 4101 619 4154 τοῦ
650 4098 960 4165 ἀποστῆναι
990 4094 1098 4147 τῶν
1125 4090 1502 4160 διανοημάτων
1524 4089 1623 4157 τῆς
1646 4087 1875 4157 καρδίας

292 4194 457 4265 ἡμῶν
506 4191 606 4259 τῆς
650 4189 929 4257 πονηρᾶς·
986 4185 1082 4238 καὶ
1127 4183 1531 4252 ἐγρηγόρησας,
1561 4178 1754 4247 Κύριε.
1782 4177 1874 4229 ἐπὶ

295 4292 411 4349 τοῖς
449 4286 642 4345 κακοῖς
681 4284 713 4349 ἠ
724 4280 870 4349 μῶν,
921 4280 1017 4331 καὶ
1047 4276 1330 4345 ἐπήγαγες
1362 4274 1448 4342 ἐφ’
1475 4273 1622 4342 ἡμᾶς
1652 4270 1749 4339 τὴν
1776 4268 1873 4338 ῥάν.

298 4383 425 4434 εδον
451 4377 544 4432 τού
571 4375 745 4444 θυμοῦ
775 4390 902 4439 σου,
938 4373 1018 4424 ὅτι
1044 4369 1252 4430 δίκαιος
1276 4362 1346 4432 εἴ,
1373 4364 1571 4435 Κύριε,
1600 4366 1657 4416 ἐν
1684 4364 1875 4427 πᾶσιν,

299 4476 384 4525 ὅτι
437 4470 539 4523 οὐκ
587 4466 908 4534 ἠκούσαμεν
966 4462 1064 4528 τῆς
1117 4460 1302 4527 φωνῆς
1349 4472 1482 4521 σου,
1548 4451 1877 4523 πορεύεσθαι

300 4568 361 4618 ἐν
385 4566 507 4622 ταῖς
534 4558 776 4619 ἐντολαῖς
805 4572 919 4608 σου.
958 4551 1121 4605 Ἀλλὰ
1147 4550 1261 4611 νῦν,
1288 4549 1480 4617 Κύριε,
1498 4548 1526 4598 ὁ
1546 4544 1678 4608 θεὸς
1700 4547 1732 4614 ἡ
1742 4544 1878 4613 μῶν,

299 4656 361 4719 ὂς
405 4652 588 4723 ἑρύσω
635 4650 699 4701 ὲκ
744 4647 845 4713 τῆς
888 4643 1101 4712 πλάνης
1134 4642 1244 4694 τῶν
1274 4639 1510 4692 εἰδώλων
1548 4640 1606 4690 ὲν
1636 4636 1884 4705 σημείοις

304 4747 402 4800 καὶ
425 4743 675 4813 τέρασιν.
706 4739 803 4793 καὶ
828 4737 1093 4805 ἐποίησας
1119 4731 1296 4802 ἑαυτῷ
1320 4731 1490 4799 ὄνομα
1517 4729 1622 4792 ἓως
1647 4728 1739 4781 τοῦ
1763 4727 1881 4791 νῦν,

304 4839 579 4896 κόπασον,
624 4834 833 4901 Κύριεο
888 4830 973 4882 ὅτι
1018 4824 1448 4893 κατελήφθημεν
1480 4822 1747 4889 ὀλιγοστοὶ
1789 4819 1886 4873 ἐπὶ

305 4927 446 4994 γῆς,
497 4923 591 4975 καὶ
637 4917 977 4987 ἐγενήθημεν
1008 4916 1083 4977 ὠς
1112 4913 1413 4982 ἀκάθαρτοι
1468 4912 1666 4973 πάντες
1694 4912 1881 4979 ἡμεῖς.

316 5018 408 5078 Ὠς
444 5016 555 5083 γὰρ
602 5012 766 5081 ῥάκος
795 5008 1221 5076 ἀποκαθημένης
1267 5008 1299 5070 ἡ
1346 5004 1659 5073 δικαιοσύνη
1706 5002 1885 5071 ἡμῶν,

308 5105 404 5158 καὶ
438 5100 781 5172 ἐξερρύημεν
826 5098 904 5160 ὡς
944 5097 1122 5166 φύλλα
1166 5095 1256 5148 διὰ
1283 5096 1381 5155 τὰς
1403 5092 1682 5163 ἁμαρτίας
1705 5091 1885 5161 ἡμῶν.

312 5198 423 5252 Καὶ
451 5194 569 5258 νῦν,
602 5193 798 5264 Κύριε,
831 5192 1024 5260 Πατὴρ
1045 5188 1202 5260 ἡμῶν
1236 5188 1299 5240 σὺ
1325 5182 1398 5249 εἴ,
1426 5187 1590 5255 ἡμεῖς
1612 5185 1669 5237 δὲ
1695 5183 1886 5253 πηλὸς,

313 5289 451 5358 ἔργα
479 5285 675 5355 χειρῶν
717 5299 809 5335 σου
840 5281 1072 5343 πάντεςο
1128 5279 1203 5349 μὴ
1242 5276 1461 5349 ὀργίζου
1491 5278 1623 5345 ἡμῖν
1659 5276 1886 5345 σφόδρα,

313 5380 408 5433 καὶ
443 5378 518 5448 μὴ
548 5379 606 5430 ἐν
630 5376 811 5447 καιρῷ
845 5374 1092 5445 μνησθῇς
1120 5371 1405 5443 ἁμαρτιῶν
1427 5370 1605 5439 ἡμῶν,
1631 5369 1746 5422 ἀλλ’
1768 5369 1890 5421 ἐπί-

315 5470 534 5539 ϐλεψον,
566 5468 760 5538 Κύριε.
798 5468 879 5520 ὅτι
907 5467 1035 5529 λαός
1061 5481 1155 5517 σου
1185 5464 1387 5526 πάντες
1417 5462 1602 5532 ἡμεῖς.
1640 5460 1707 5513 'll
1736 5460 1892 5523 πόλις

314 5561 412 5617 τοῦ
461 5562 617 5629 ἁγίου
665 5578 758 5613 σου
802 5560 1038 5629 ἐγενήθη
1083 5556 1318 5627 ἔρημος,
1373 5553 1471 5607 καὶ
1514 5554 1548 5622 ἡ
1589 5551 1715 5615 δόξα
1754 5550 1892 5603 Σιὼν

317 5654 553 5725 ἐγενήθη
606 5653 1013 5725 πυρίκαυστος,
1067 5650 1161 5703 καὶ
1206 5648 1385 5702 πάντα
1420 5645 1490 5699 τὰ
1518 5643 1703 5710 ἔνδοξα
1732 5646 1894 5713 ἡμῶν

402 5835 450 5865 ⁸⁸
482 5831 646 5889 Matth
701 5846 807 5895 tm,
834 5830 917 5884 l8.
995 5827 1040 5861 ³³
1069 5828 1205 5886 Jocl.
1241 5843 1297 5894 ιι,
1330 5830 1408 5884 17.

1965 3279 2256 3332 commoda
2297 3276 2500 3330 nostris
2542 3274 3051 3342 deprecationibus.
3097 3277 3315 3329 lllustra
3350 3274 3547 3329 faciem

1969 3377 2116 3422 tuam
2152 3384 2322 3436 super
2360 3370 2737 3423 sanctuarium
2785 3379 2982 3431 tuum;
3018 3383 3199 3435 neque
3225 3367 3375 3422 enim
3409 3367 3554 3419 fidu-

1967 3462 2051 3516 cia
2103 3462 2326 3516 subnixi
2365 3462 2825 3530 justifieationum
2888 3468 3246 3523 nostrarum,
3305 3468 3550 3514 nostram

1974 3554 2118 3608 banc
2159 3554 2621 3623 supplicationem
2654 3565 2761 3609 tute
2790 3553 3061 3623 maiestati
3093 3552 3379 3607 offerimus
3405 3552 3552 3621 (nam

1968 3663 2076 3716 qua
2108 3647 2287 3701 fronte
2318 3649 2370 3701 id
2408 3650 2616 3711 ausint,
2658 3647 2755 3716 qui
2790 3656 2843 3700 te
2872 3645 3195 3716 quotidiana
3234 3644 3553 3698 accessione

1969 3749 2320 3810 peccatorum
2350 3739 2745 3807 exacerbant?)
2793 3738 2970 3807 magis
3001 3752 3138 3791 vero
3168 3735 3272 3790 sub
3300 3735 3554 3789 umbram

1970 3839 2188 3885 tuarum
2244 3830 2598 3899 confugimus
2670 3829 3115 3883 miserationem.
3174 3827 3358 3882 Multa:
3404 3825 3555 3882 enim

1972 3932 2118 3987 sunt,
2140 3921 2635 3986 Dominc,exaudi;
2662 3931 2804 3984 esto,
2830 3921 3080 3981 Domine.
3107 3918 3414 3991 placabilis,
3446 3919 3556 3972 Do-

1972 4016 2119 4069 mine
2150 4013 2376 4068 attende
2415 4028 2428 4064 :
2463 4028 2629 4082 parce
2660 4012 2823 4075 mihi,
2857 4010 3087 4066 Domine
3110 4050 3125 4075 ,
3169 4009 3379 4080 populo
3417 4016 3511 4061 tuo
3540 4021 3555 4059 :

1979 4124 1997 4156 ι
2034 4106 2102 4159 Ει
2145 4120 2216 4159 ne
2254 4103 2353 4158 des
2386 4103 2765 4157 ha'reditatem
2801 4111 2947 4155 tuam
2982 4102 3035 4155 in
3081 4100 3466 4170 opprobrium,
3497 4106 3560 4151 ut

1974 4193 2330 4247 dominentur
2371 4192 2421 4246 ei
2471 4201 2680 4261 gentes,
2709 4206 2779 4244 ne
2805 4189 3030 4259 quando
3072 4189 3260 4243 dicant
3290 4205 3304 4241 :
3340 4187 3445 4243 Ubi
3477 4194 3561 4241 est

1975 4286 2123 4340 Deus
2155 4299 2349 4339 eorum
2388 4282 2483 4336 ὀἳ
2526 4302 2544 4334 ι
2597 4284 2788 4352 Neque
2817 4293 3045 4352 propter
3098 4281 3419 4351 iniquitates
3463 4295 3564 4333 no-

1980 4386 2125 4428 stras
2166 4390 2409 4445 unquam
2456 4374 2785 4443 permiseris
2814 4382 2874 4427 ut
2899 4389 3101 4427 nomen
3130 4382 3283 4426 tuum
3312 4379 3560 4425 sanetum

1982 4463 2395 4531 blasphemetur
2446 4462 2502 4514 in
2532 4460 2811 4530 gentibus,
2857 4476 2979 4528 qua:
3020 4467 3075 4514 te
3114 4474 3221 4512 non
3262 4465 3561 4511 noverunt.

1985 4555 2109 4608 Tibi
2144 4553 2374 4607 Domino
2424 4553 2539 4607 Dco
2578 4561 2776 4606 nostro
2830 4551 3049 4620 justitia
3080 4590 3096 4615 ,
3158 4548 3321 4603 nobis
3379 4557 3562 4601 autem

1985 4644 2240 4700 confusio
2260 4644 2473 4705 vultus,
2495 4660 2667 4712 usque
2690 4645 2742 4696 in
2774 4658 3038 4713 prmsens.
3062 4644 3181 4698 Huc
3210 4642 3357 4697 enim
3392 4658 3565 4711 usque

1985 4735 2332 4803 negleximus
2360 4734 2427 4787 ad
2461 4742 2516 4789 te
2541 4734 2820 4797 converti;
2857 4735 3075 4787 callosa:
3113 4733 3251 4787 adeo
3278 4748 3470 4787 sumus
3504 4747 3568 4785 ac

1984 4826 2253 4896 praedura:
2300 4824 2557 4879 cervicis.
2616 4842 2635 4875 ι
2681 4824 2737 4879 Si
2788 4826 3024 4879 mutabit
3068 4823 3324 4894 Ethiops
3369 4826 3566 4894 pellem

1987 4931 2146 4970 suam
2172 4916 2219 4948 ⁸ο
2245 4932 2260 4981 ;
2305 4934 2322 4965 ι
2357 4922 2414 4968 et
2444 4930 2544 4968 nos
2577 4915 2704 4969 vita:
2738 4915 3009 4970 hactenus
3035 4915 3277 4984 pessime
3307 4916 3571 4970 instituta:

1993 5006 2337 5077 propositum
2372 5006 2813 5060 immutabimus.
2850 5007 3016 5061 Plane
3062 5007 3205 5060 mala
3238 5006 3355 5060 hate
3384 5006 3571 5058 omnia

1992 5098 2050 5152 in
2084 5113 2185 5152 nos
2226 5107 2519 5167 propterea
2552 5096 2871 5151 reciderunt
2911 5141 2926 5161 ,
2960 5112 3141 5167 neque
3182 5097 3262 5151 sic
3301 5096 3367 5149 ad
3397 5095 3572 5165 pomi-

1995 5190 2180 5243 tentize
2204 5196 2425 5258 portum
2451 5204 2551 5243 nos
2577 5191 2892 5258 recepimus
2921 5201 3017 5243 aut
3046 5190 3380 5259 resipnimus
3411 5206 3424 5241 :
3460 5204 3574 5241 ma-

1994 5281 2079 5351 gis
2115 5295 2249 5334 vero
2276 5280 2561 5350 prioribus
2588 5281 2832 5349 peccatis
2860 5290 3085 5349 peccata
3122 5280 3451 5347 adjecimus.
3492 5279 3572 5332 Ne

1996 5374 2079 5427 sic
2112 5370 2358 5442 quidem,
2390 5371 2642 5437 Domine,
2691 5372 3009 5441 rogavimus
3061 5370 3259 5425 faciem
3296 5380 3469 5435 tuam,
3513 5378 3576 5424 ut

1997 5466 2083 5519 vel
2129 5480 2251 5518 sero
2301 5478 2561 5517 avocares
2605 5478 2706 5517 nos
2734 5479 2765 5516 a
2795 5464 3225 5533 cogitationibus
3253 5463 3440 5517 cordis
3472 5477 3573 5517 no-'

1999 5555 2097 5609 stri
2132 5552 2376 5623 pessimi.
2408 5553 2690 5622 Evigilasti
2720 5553 2961 5616 tandem,
2991 5553 3242 5617 Domine,
3283 5568 3575 5622 exsperre—

2001 5654 2124 5702 ctus
2157 5660 2326 5714 super
2363 5644 2585 5715 flagitiis
2614 5644 2857 5712 nostris;
2896 5653 2957 5699 et
2986 5658 3153 5716 super
3180 5659 3282 5700 nos
3311 5643 3575 5699 induxisti

1486 5831 1530 5863 ⁹⁰
1561 5830 1764 5884 Jcrcm.
1798 5844 1911 5890 Mil,
1946 5829 2036 5883 ‘23.
