4178 6424
698 401 838 464 1855

1651 397 2012 459 ANTIOCHI
2054 396 2401 457 MONACIIl
2459 396 2991 456 EXOMULOGESI
3005 396 3068 455 S.

3835 395 3965 456 13.56

699 519 906 585 virgam
938 514 1145 568 furoris
1178 512 1294 576 tui;
1327 509 1601 581 siquidem
1624 512 1809 580 justus
1836 525 1916 570 es,
1938 509 2187 573 Domine,
2221 510 2275 563 in

2383 509 2717 573 συνέπεσεν,
2770 510 2864 560 καὶ
2912 510 3004 559 ἐπὶ
3037 508 3203 559 πᾶσιν
3227 506 3444 568 τούτοις
3474 505 3728 575 ἀνέσχον,
3768 506 3962 574 Κύριε,

695 607 957 662 ontnibus
992 624 1005 658 :
1034 620 1143 658 non
1172 603 1322 658 enim
1348 602 1738 658 exaudivitnus
1775 616 1965 654 vocem
1995 612 2173 665 tuam,
2216 612 2276 655 ut

697 714 797 769 per
842 700 983 752 viam
1016 695 1399 749 mandatorum
1440 706 1662 749 tuorum
1701 692 2140 761 ingrederentur.
2170 692 2275 747 Sed

696 801 754 844 et
794 806 959 848 nunc.
998 790 1252 853 Domine,
1273 790 1420 841 Deus
1450 795 1660 849 noster,
1684 784 1900 853 1250
1924 785 2276 854 quandoqui-

696 887 820 939 detn
855 886 907 937 itt
937 884 1109 952 signis
1139 892 1195 937 et
1232 884 1501 952 portentis
1528 883 1597 935 ab
1626 883 1820 935 insano
1860 895 2054 934 errore
2098 877 2275 931 idolo-

697 976 868 1028 latria:
916 975 1243 1028 subtnovisti
1291 990 1413 1037 nos,
1455 973 1747 1043 fecistique
1791 973 1887 1026 tibi
1922 972 2022 1040 ipsi
2074 985 2273 1043 nomen

697 1085 869 1136 usque
901 1069 953 1120 itt
982 1083 1222 1137 przesens
1257 1084 1269 1118 :
1312 1066 1561 1135 quiesce,
1594 1066 1848 1127 obsecro,
1882 1064 2129 1118 Domine.
2174 1062 2276 1116 lm-

695 1160 894 1211 minuti
928 1160 1075 1211 cnitn
1105 1174 1299 1211 sumus
1325 1175 1495 1226 super
1536 1168 1759 1221 terrain,
1793 1166 1851 1209 et
1883 1167 2140 1223 tanquam
2176 1156 2278 1207 im-

693 1252 885 1303 tnnmli
917 1265 1110 1304 omnes
1146 1266 1247 1303 nos
1286 1252 1489 1303 :tll'eeti.
1521 1249 1685 1313 Quasi
1718 1249 1865 1301 enim
1903 1264 2118 1316 pannus
2150 1263 2274 1300 tnu-

692 1341 847 1395 lieris
881 1351 1168 1396 menstruo
1218 1344 1487 1412 sanguine
1518 1342 1741 1395 ﬂuentis
1777 1342 1995 1411 justitia
2043 1350 2270 1394 nostra:

693 1434 858 1503 inque
885 1451 1093 1488 tnoretn
1121 1435 1580 1487 marcescentiutn
1615 1434 1873 1492 foliorum
1910 1434 2010 1501 ipsi
2043 1432 2275 1485 deﬂuxi-

693 1543 816 1581 mus
840 1537 1063 1596 pr0pter
1106 1526 1431 1595 iniquitates
1465 1537 1682 1580 nostras
1712 1546 1722 1580 :
1753 1542 1860 1579 non
1892 1526 2046 1578 enim
2079 1540 2275 1593 super-

692 1630 797 1680 est,
829 1620 922 1686 qtti
961 1619 1183 1672 invocet
1224 1634 1426 1671 nomen
1486 1627 1662 1672 tuum.
1721 1618 1861 1672 Sane
1908 1634 2075 1687 quam
2125 1619 2274 1688 justc

690 1711 940 1763 avertisti
989 1727 1019 1764 a
1062 1711 1225 1763 nobis
1258 1709 1452 1763 faciem
1487 1720 1654 1763 tuam.
1701 1711 1768 1764 Et
1814 1728 1984 1775 nunc,
2016 1713 2273 1776 Domine,

696 1804 852 1856 Pater
900 1811 1089 1857 noster
1140 1812 1197 1855 tu
1246 1818 1306 1856 es
1333 1819 1345 1853 :
1378 1819 1480 1855 nos
1507 1812 1687 1855 autem
1729 1803 1929 1866 lutum,
1961 1819 2128 1871 opera
2160 1819 2274 1856 ma-

692 1911 863 1948 nuum
899 1906 1118 1947 tuarum
1164 1912 1285 1948 nos.
1329 1895 1406 1948 Ne
1438 1894 1693 1946 irascaris
1728 1892 1891 1946 nobis
1920 1895 2100 1955 valde,
2134 1908 2271 1947 neve

694 1987 749 2039 in
805 1998 1049 2055 tempore
1114 1986 1431 2039 memineris
1494 1993 1848 2053 peccatorum
1902 1995 2271 2039 nostrorum:

691 2078 826 2145 quin
854 2077 1037 2144 potius
1055 2076 1197 2137 vide,
1217 2077 1466 2137 Domine,
1493 2076 1621 2144 quia
1649 2076 1888 2144 populus
1924 2085 2053 2129 tuus
2081 2092 2276 2130 omnes

693 2185 814 2223 nos.
842 2170 1052 2223 Civitas
1083 2169 1260 2222 sancti
1312 2168 1502 2236 templi
1556 2168 1633 2221 tui
1685 2169 1738 2221 in
1785 2168 2142 2222 solitudinem
2190 2184 2277 2222 re-

692 2260 852 2313 dacta
907 2268 1012 2323 est,
1048 2268 1103 2312 et
1155 2260 1329 2328 gloria
1389 2261 1519 2312 Sion
1573 2259 1832 2313 incendio
1878 2260 2271 2329 conﬂagravit,

693 2349 967 2415 simulque
999 2356 1355 2401 monumenta
1386 2347 1575 2415 gloriae
1617 2358 1820 2401 nostra:
1850 2350 2106 2402 universa
2139 2365 2274 2403 cott-

693 2442 971 2494 ciderunt.
1008 2438 1089 2492 Ad
1138 2440 1253 2491 btnc
1292 2438 1460 2490 ctiam
1501 2439 1686 2490 omnia
1733 2438 1953 2490 allisisti
2006 2454 2128 2499 nos,
2166 2438 2275 2490 Do-

694 2532 864 2596 mine,
888 2530 1164 2590 validc.et
1187 2529 1489 2581 ltutniliasti
1519 2528 2098 2596 vehementer.Neque
2126 2531 2273 2582 enim

693 2624 838 2675 viam
873 2621 1136 2675 inivitnus
1160 2621 1282 2673 vita:
1314 2620 1585 2685 melioris,
1624 2620 1791 2689 magis
1824 2630 2007 2673 autem
2040 2637 2137 2688 per
2167 2622 2277 2674 cal-

698 2716 776 2767 les
815 2714 1048 2777 devios,
1108 2729 1307 2781 nempe
1348 2722 1472 2781 post
1525 2723 1749 2780 peceata
1801 2722 2010 2767 nostra.
2065 2714 2274 2778 l'arce,

696 2807 948 2869 Domine,
974 2807 1177 2875 popqu
1211 2816 1305 2859 tuo
1336 2818 1391 2859 et
1428 2806 1736 2859 lnereditati
1761 2814 1890 2869 tuae,
1924 2822 2133 2874 proque
2161 2809 2279 2875 glo-

698 2905 777 2956 ria
841 2903 1081 2955 notninis
1119 2902 1199 2955 tui
1242 2917 1374 2955 erue
1434 2916 1536 2954 nos
1592 2901 1660 2954 de
1711 2917 1874 2953 manu
1926 2900 2276 2953 inin'ticornm

698 3002 1043 3055 nostrorum,
1088 3001 1148 3044 ut
1193 2991 1413 3043 noverit
1444 2999 1592 3044 terra
1619 2991 1820 3053 omnis,
1842 2992 1971 3058 quia
2004 3000 2059 3043 ιιι
2092 2992 2278 3044 Domi-

696 3098 802 3134 nus
832 3082 976 3134 Deus
1012 3089 1203 3134 noster
1246 3080 1302 3132 in
1346 3080 1492 3135 bello
1523 3091 1743 3149 potens,
1795 3090 1852 3134 et
1894 3082 2277 3135 mtserationcs

2381 601 2476 652 καὶ
2505 601 2882 662 ἐταπείνωπας
2908 600 3054 669 ἡμᾶς
3084 599 3313 669 σᾳοξρα,
3346 601 3429 651 ὅτι
3458 599 3557 650 οὐκ
3582 599 3964 667 ἐπορεύθημεν

2379 694 2437 745 ὲν
2482 691 2587 760 ὁδῷ
2630 692 2811 761 ἀγαίιῇ
2838 732 2853 754 ,
2914 690 3031 744 ἀλλ’
3067 691 3244 742 ὀπίσω
3293 691 3403 743 τῶν
3447 690 3736 760 ἁμαρτιῶν
3767 691 3958 760 ἡμῶν·

2378 785 2515 839 ἀλλὰ
2546 788 2751 851 φεῖσαι,
2788 784 2959 852 Κύριε
2982 823 2996 846 ,
3049 783 3142 835 τοῦ
3188 782 3319 835 λαοῦ
3364 801 3479 845 σου,
3515 786 3608 835 καὶ
3639 785 3739 848 τῆς
3766 783 3962 853 κληρο-

2378 876 2571 943 νομίας
2604 891 2697 926 σου
2718 917 2732 940 ,
2788 877 2880 927 καὶ
2916 874 3101 940 ἐξελοῦ
3131 875 3278 942 ἡμᾶς
3310 877 3374 925 ἐκ
3402 876 3582 943 χειρθς
3614 875 3724 926 τῶν
3752 874 3963 944 ἐχθρῶν

2377 968 2555 1036 ἡμῶν,
2591 968 2777 1021 ἕνεκεν
2810 965 2907 1019 τοῦ
2936 968 3203 1036 ονοματος
3234 983 3351 1030 σου,
3390 967 3477 1018 ἵνα
3509 967 3622 1036 γνῷ
3652 969 3804 1019 πᾶσα
3832 969 3865 1035 ἡ
3895 968 3961 1036 γῆ

2376 1062 2459 1114 ὅτι
2509 1062 2605 1122 σὺ,
2650 1060 2858 1129 Κύριε,
2905 1061 2932 1110 ὁ
2975 1059 3108 1121 Θεὸς
3148 1060 3327 1127 ἡμῶν,
3365 1058 3591 1121 δυνατὸς
3626 1060 3684 1109 ἐν
3716 1058 3958 1125 πολέμῳ,

2378 1155 2471 1206 καὶ
2520 1154 2571 1204 οἰ
2613 1151 2893 1220 οἰκτιρμοί
2938 1168 3030 1202 σου
3074 1153 3153 1212 εἰς
3184 1150 3379 1217 γενεὰν
3409 1150 3501 1200 καὶ
3528 1150 3724 1215 γενεὰν
3750 1148 3962 1216 λαμϐα-

2377 1266 2560 1303 νουσιν
2608 1249 2689 1309 εἰς
2725 1247 2852 1298 λαὸν
2897 1246 3350 1315 ἀπεγνωσμένον.
3393 1244 3551 1296 Ἀλλὰ
3579 1245 3631 1295 τί
3657 1242 3962 1312 προσευξό-

2379 1344 2519 1415 μεθα
2564 1345 2730 1413 ἡμεῖς
2777 1343 2827 1394 οἱ
2868 1341 3209 1410 ἁμαρτωλοὶ,
3241 1341 3286 1392 ὦ
3310 1341 3557 1392 Δέσποτα
3582 1338 3962 1407 φιλάνθρωπε,

2376 1436 2498 1490 καθ’
2525 1435 2555 1487 ὃ
2585 1436 2664 1487 δεῖ
2711 1434 2811 1487 οὐκ
2841 1434 3099 1501 οἴδαμεν,
3138 1433 3207 1501 γῆ
3243 1433 3337 1483 καὶ
3371 1432 3564 1492 σποδὸς
3597 1431 3961 1501 ὑπάρχοντες.

2379 1529 2619 1597 Ἐχομεν
2663 1527 2720 1580 δὲ
2776 1526 3137 1595 ιΙαράκ).ητον
3190 1525 3331 1593 ὑπὲρ
3366 1526 3525 1593 ἡμῶν
3559 1525 3696 1593 πρὸς
3732 1523 3831 1591 τὴν
3867 1524 3964 1591 σὴν

2374 1618 2689 1687 ἁγαοότητα
2720 1618 2811 1670 τὸν
2837 1619 3107 1687 ἄχραντον
3142 1634 3236 1670 σου
3266 1617 3443 1683 λόγον,
3476 1616 3537 1667 ὃν
3565 1616 3652 1667 δια
3678 1615 3964 1683 σπλάγχνα

2375 1711 2560 1773 ἐλέους
2595 1727 2690 1762 σου
2730 1709 3062 1772 ἀπέστειλας
3095 1708 3541 1762 ἀνακαλέσασθαι
3569 1707 3633 1759 το
3665 1708 3797 1759 ἴδιον
3827 1707 3966 1758 :15:-

2377 1817 2512 1868 σμα,
2543 1799 2635 1851 τὸν
2663 1800 3042 1869 σαρκωοέντα,
3069 1800 3166 1852 καὶ
3196 1798 3585 1866 σταυρωθέντα
3615 1797 3759 1867 ὑπὲρ
3780 1797 3961 1866 ἡμῶν.

2374 1892 2545 1954 Αὐτὸς
2576 1891 2863 1958 ἐξαλείψας
2893 1891 2953 1942 τὸ
2982 1890 3105 1942 καθ’
3132 1890 3290 1958 ἡμῶν
3318 1891 3707 1960 χειρόγραφον,
3738 1890 3966 1956 ἱλασμὸς

2374 1985 2598 2052 γέγονεν
2624 1986 2730 2037 τῶν
2750 1984 3035 2051 ἁμαρτιῶν
3059 1984 3239 2051 ἡμῶν.
3257 1985 3367 2035 Καὶ
3383 1984 3441 2034 τὸ
3457 1983 3679 2052 Πνεῦμα
3702 1984 3761 2035 δέ
3790 2000 3887 2034 σου
3910 1984 3967 2034 τὸ

2376 2078 2533 2143 ἆγιον
2559 2080 2653 2129 καὶ
2694 2079 2827 2130 αὐτὸ
2865 2077 3185 2143 ἐντυγχάνει
3211 2076 3349 2145 ὑπὲρ
3371 2077 3550 2145 ἡμῶν,
3576 2077 3638 2127 οὑ
3674 2075 3963 2137 δουλικῶς,

2377 2170 2515 2222 ἀλλὰ
2549 2170 2873 2239 οεοπρεπῶς
2896 2211 2910 2232 ,
2969 2173 3063 2222 καὶ
3104 2169 3504 2238 φιλανθρώπως
3536 2170 3843 2239 κηδόμενον
3872 2168 3963 2220 τοῦ

2380 2262 2512 2313 ἰδίου
2559 2261 2879 2329 πλάσματός
2924 2275 3044 2310 σου.
3103 2260 3425 2329 Μνήσϋητι,
3469 2254 3514 2312 ὦ
3551 2262 3830 2323 Δέσποτα,
3866 2259 3965 2329 τῆς

2376 2353 2648 2422 τοσαύτης
2677 2370 2773 2404 σου
2798 2354 2926 2423 περὶ
2945 2354 3093 2421 ἡμᾶς
3116 2354 3478 2422 ἁγαθότητος,
3499 2352 3703 2405 καὶτοῦ
3723 2354 3964 2422 στου.)μῦ

2376 2446 2472 2499 τοῦ
2527 2446 2853 2515 μονογενοῦς
2900 2464 2994 2497 σου
3041 2445 3210 2510 Υἱοῦ,
3279 2447 3369 2499 καὶ
3419 2446 3784 2515 κατάπεμψον
3834 2449 3966 2515 ἡμῖν

2377 2541 2504 2602 τοὺς
2536 2537 2857 2606 οἰκτιρμούς
2886 2556 2980 2591 σου
3013 2530 3109 2591 καὶ
3138 2540 3239 2609 τὴν
3265 2538 3427 2608 χάριν
3450 2579 3465 2602 ,
3502 2541 3596 2592 καὶ
3627 2539 3726 2600 τὴν
3751 2540 3966 2607 δωρεὰν

2376 2632 2472 2684 τοῦ
2508 2633 2667 2699 ἁγίου
2696 2648 2791 2683 σου
2819 2630 3164 2700 Πνεύματος,
3203 2632 3289 2683 ἵνα
3317 2634 3383 2700 τῇ
3417 2631 3601 2702 ἁγαῡῃ
3627 2631 3795 2684 αὐτοῦ
3825 2649 3967 2702 παρ-

2379 2727 2537 2793 ουσίᾳ
2563 2725 2810 2792 ὁδηγήσῃ
2835 2725 2984 2793 ἡμᾶς
3012 2725 3091 2785 εἰς
3116 2724 3179 2774 τὸ
3205 2722 3273 2773 τὰ
3296 2724 3572 2792 εὐάρεστὰ
3598 2741 3677 2776 σοι
3701 2725 3969 2793 διαπρατ-

2378 2818 2599 2878 τεσθαι,
2656 2815 2752 2867 καὶ
2803 2817 2990 2883 τυχεῖν
3035 2815 3135 2882 τῆς
3177 2814 3402 2867 αἰωνίου
3444 2816 3609 2884 ζωῆς.
3647 2817 3841 2885 Ἡμεῖς
3874 2814 3969 2871 οὖν

2378 2908 2427 2959 οἱ
2472 2906 2715 2969 ἀνάξιοι,
2761 2909 3040 2967 Δέσποτα,
3091 2906 3425 2977 θαρροῦντες
3462 2908 3725 2977 αἰτοῦμεν
3756 2910 3846 2960 διὰ
3877 2910 3969 2961 τὸν

2380 2996 2605 3048 εἰπόντα
2651 2994 2879 3062 ἄχρονον
2924 2995 3052 3046 Υἰον
3105 2998 3201 3046 καὶ
3250 2996 3423 3063 Λόγον
3470 2997 3565 3049 σοῦ
3618 2998 3710 3049 τοῦ
3753 3000 3970 3067 Ματρὸς

2380 3086 2471 3137 τὸν
2512 3086 2719 3153 Κύριον
2760 3084 2917 3153 ἡμῶν
2956 3084 3166 3154 Ἰησοῦν
3206 3087 3476 3156 Χριστόν·
3539 3107 3558 3139 ι
3596 3090 3835 3154 Αἰτεῖτε,
3875 3091 3970 3143 καὶ

696 3185 805 3227 tua:
835 3174 888 3227 in
924 3175 1339 3242 generationem
1370 3182 1427 3226 et
1462 3172 1877 3242 generationem
1915 3183 2274 3240 perseverant

2378 3176 2664 3246 δοθήσεται
2709 3177 2874 3243 ὑμῖν·
2930 3175 3184 3244 ζητεῖτε,
3237 3180 3333 3230 καὶ
3373 3180 3671 3249 εὑρήσετεσ
3711 3182 3968 3251 κρούετε,

697 3282 864 3335 super
895 3267 1160 3334 populum
1199 3277 1377 3330 tuum,
1407 3265 1475 3319 de
1516 3283 1574 3319 se
1615 3266 1823 3333 alioqui
1857 3265 2039 3319 minus
2066 3282 2277 3334 praesu-

696 3367 958 3411 mentem.
993 3356 1291 3420 Creterum,
1326 3372 1360 3408 υ
1393 3356 1681 3409 hominum
1715 3364 1929 3408 amator
1962 3356 2277 3409 clementis-

694 3448 854 3510 sime,
889 3448 1022 3515 quid
1055 3456 1105 3501 te
1147 3463 1369 3501 oremus
1410 3457 1748 3517 peceatores,
1778 3456 1875 3499 aut
1911 3462 2277 3515 appreccmur

695 3540 857 3593 nobis
880 3540 1183 3594 secundum
1210 3540 1354 3609 quod
1379 3549 1620 3608 oportet,
1654 3540 1817 3608 plane
1850 3541 2147 3602 nescimus,
2179 3541 2274 3609 qui

695 3649 889 3687 sumus
926 3643 1073 3687 terra
1116 3643 1172 3688 et
1221 3634 1391 3693 cinis;
1421 3635 1687 3686 habemus
1723 3642 1904 3686 tamen
1944 3633 2088 3700 apud
2126 3644 2275 3685 tuam

696 3723 1118 3793 benignitatem,
1175 3724 1269 3793 qui
1313 3739 1412 3793 pro
1451 3724 1611 3776 nobis
1670 3722 1987 3790 interpellet
2028 3739 2040 3774 :
2078 3738 2276 3791 nempe

696 3814 939 3868 Verbum
979 3824 1135 3868 tuum
1165 3816 1314 3867 nulla
1362 3830 1595 3883 prorsus
1615 3813 1905 3882 aspergine
1938 3813 2146 3881 peccati
2176 3813 2277 3867 de-

693 3908 1022 3970 coloratum,
1060 3922 1222 3976 quem
1250 3923 1347 3975 per
1374 3915 1479 3958 tua:
1506 3909 1720 3959 viscera
1749 3904 2141 3958 misericordiae
2172 3905 2277 3956 nti-

695 3994 836 4057 sisti,
867 4012 1028 4049 suum
1062 4006 1121 4048 ut
1152 3996 1357 4065 plasma
1404 4005 1695 4049 revocaret
1741 3994 1794 4048 in
1823 3996 1989 4048 viam.
2023 3993 2164 4048 Caro
2195 3994 2276 4048 la-

2378 3269 2472 3318 καὶ
2513 3267 2870 3337 ἀνοιγήσεται
2914 3268 3068 3337 ὑμῖν.
3111 3268 3225 3332 Πᾶς
3260 3272 3370 3338 γὰρ
3404 3273 3433 3321 ὁ
3464 3271 3635 3323 αέτῶν
3671 3274 3967 3341 λαμϐάνει,

2378 3360 2473 3411 καὶ
2492 3361 2519 3411 ὁ
2544 3359 2725 3425 ζητῶν
2748 3359 3014 3427 εὑρίσκει,
3041 3363 3134 3411 καὶ
3159 3361 3237 3430 τῷ
3259 3361 3510 3431 κρούοντι
3538 3366 3911 3431 ἀνοιγήσεται.
3945 3384 3965 3415 ι

2378 3451 2487 3503 Καὶ
2517 3448 2681 3502 πάλιν
2707 3464 2723 3479 ⁶
2782 3467 2801 3500 ι
2834 3449 2895 3501 Εἰ
2921 3446 3014 3502 οὖν
3040 3451 3199 3518 ὑμεῖς
3227 3455 3457 3521 πονηροὶ
3498 3455 3651 3516 ὄντες
3680 3456 3861 3508 οἴδατε
3886 3458 3972 3510 δόο

2384 3558 2529 3611 ματα
2560 3540 2746 3607 ἀγαθὰ
2772 3540 2973 3592 διδόναι
3002 3544 3113 3603 τοῖς
3138 3542 3349 3606 τέκνοις
3378 3546 3551 3614 ὑμῶν,
3582 3546 3734 3616 πόσῳ
3764 3549 3970 3616 μᾶλλον

2376 3633 2405 3683 ὁ
2433 3630 2623 3698 Πατὴρ
2658 3628 2810 3696 ὑμῶν
2858 3630 2886 3681 ὁ
2917 3630 3170 3698 οὐράνιος
3204 3632 3368 3684 δώσει
3406 3634 3630 3703 Πνεῦμα
3660 3635 3819 3701 ἅγιον
3852 3640 3969 3699 τοῖς

2377 3721 2624 3775 αἰτοῦσιν
2656 3720 2849 3773 αὑτόνί
2879 3739 2897 3771 ι
2939 3722 3062 3773 Ὅτι
3100 3738 3183 3774 σοι
3219 3724 3417 3793 τρέπει
3447 3727 3601 3778 πᾶσα
3627 3725 3776 3790 δόξα,
3808 3730 3967 3797 τιμὴ,

2379 3815 2473 3865 καὶ
2502 3810 2873 3881 προσκύνησις
2903 3810 2980 3879 τῷ
3007 3813 3198 3884 "arpi,
3227 3818 3320 3868 καὶ
3346 3816 3423 3887 τῷ
3450 3819 3584 3889 Υἰῷ,
3612 3820 3701 3873 καὶ
3726 3820 3805 3889 τῷ
3828 3823 3971 3891 ἁγίῳ

2381 3904 2689 3972 Πνεύματι,
2717 3902 2814 3954 νῦν
2847 3903 2938 3955 καὶ
2962 3904 3071 3969 ἀεὶ,
3101 3907 3197 3959 καὶ
3223 3909 3303 3971 εἰς
3328 3910 3456 3972 τοὺς
3477 3912 3678 3975 αἰῶνας
3704 3913 3815 3965 τῶν
3836 3914 3969 3967 αἰῶ-

2378 4011 2507 4046 νων.
2549 3994 2605 4044 ’Λ
2615 3993 2745 4063 μήν.

693 4096 819 4141 ctus
857 4088 1031 4141 nostri
1059 4104 1222 4141 causa
1260 4103 1452 4156 passus
1481 4098 1567 4141 est
1596 4086 1749 4141 cruci
1813 4102 1871 4140 se
1942 4086 2105 4155 aﬂigi.
2165 4087 2213 4141 Is
2278 4087 2519 4140 abolevit
2557 4088 2705 4155 quod
2748 4090 3041 4145 adversum
3096 4106 3199 4145 nos
3246 4101 3386 4157 erat,
3431 4093 3867 4163 chirographum
3897 4098 3966 4163 ",

696 4189 1046 4247 peccatorum
1078 4190 1393 4234 nostrorum
1428 4179 1605 4232 laetus
1668 4178 1985 4248 propitiatio
2015 4179 2083 4230 ν’.
2116 4176 2223 4231 Sed
2254 4188 2311 4233 et
2349 4178 2614 4247 Spiritum
2680 4192 2932 4235 sanetum
2986 4193 3140 4236 tuum
3191 4183 3360 4236 totius
3407 4184 3715 4239 sanctitatis
3754 4187 3969 4242 infuso-

697 4284 812 4322 rem
846 4270 1015 4324 misit.
1060 4270 1127 4323 Et
1171 4270 1261 4323 hic
1291 4286 1390 4339 pro
1424 4270 1585 4323 nobis
1627 4284 1849 4336 quoque
1886 4268 2272 4336 interpellat”
2312 4284 2423 4322 non
2481 4269 2707 4336 quidem
2776 4274 2970 4326 servili
3014 4288 3188 4336 more,
3217 4274 3312 4326 sed
3354 4286 3520 4343 prout
3558 4285 3762 4329 tantam
3798 4279 3968 4333 adde-

699 4372 791 4417 cet
829 4365 1169 4433 majeslatem
1224 4373 1282 4418 et
1325 4370 1587 4417 consueta
1641 4363 1698 4417 in
1744 4378 1847 4416 nos
1890 4362 2268 4430 benignitate;
2309 4362 2397 4415 cui
2462 4362 2630 4416 etiam
2692 4379 2840 4418 etme
2868 4377 2951 4420 est
2984 4376 3141 4420 tnum
3169 4366 3275 4421 hoc
3301 4368 3529 4436 plasma.
3562 4368 3701 4423 Here
3722 4372 3819 4437 mi,
3852 4391 3964 4431 me-

695 4469 817 4508 mor
851 4463 969 4507 esto
999 4462 1162 4507 tanta:
1192 4453 1339 4507 illius
1366 4462 1474 4506 tua:
1497 4469 1625 4521 erga
1689 4469 1791 4507 nos
1861 4453 2189 4507 clementiae.
2250 4452 2447 4507 Crucis
2488 4455 2795 4509 etiamnum
2834 4458 3196 4512 reminiscere
3237 4457 3519 4528 Unigeniti
3564 4461 3666 4525 tui,
3692 4473 3746 4517 et
3781 4481 3812 4518 a
3850 4483 3967 4520 ma-

692 4545 986 4616 gnitudine
1046 4544 1233 4611 gloriae
1283 4552 1387 4598 tua:
1444 4543 1605 4598 nobis
1657 4544 1844 4597 emitte
1890 4542 2277 4598 miserationes
2315 4552 2457 4607 tuas,
2512 4559 2695 4613 neque
2729 4562 2840 4601 non
2880 4548 3111 4615 gratiam
3146 4563 3212 4603 ac
3270 4548 3477 4603 donum
3509 4552 3685 4606 sancti
3723 4555 3805 4608 tui
3845 4556 3968 4626 Spi.

696 4636 834 4690 ritus
864 4655 876 4689 :
903 4634 997 4704 qni
1022 4648 1123 4687 suo
1148 4633 1216 4687 ad
1246 4649 1347 4687 nos
1368 4635 1609 4703 gratioso
1639 4635 1902 4699 adventu,
1944 4643 2096 4689 recta
2130 4635 2401 4704 provehat
2458 4635 2524 4689 ad
2589 4651 2652 4690 ea
2709 4640 2962 4708 exempla
2998 4657 3124 4710 qua:
3189 4642 3289 4696 tibi
3322 4657 3450 4695 cum
3483 4645 3678 4710 primis
3699 4647 3961 4715 placent:

692 4742 757 4779 ac
790 4725 1012 4778 demum
1042 4725 1209 4777 vitatu
1247 4725 1394 4777 illam
1456 4725 1675 4794 assequi
1713 4742 2131 4795 promereamur
2189 4737 2472 4781 aeternam.
2524 4728 2636 4782 Nos
2684 4728 2851 4797 igitur
2912 4731 3123 4801 indigni
3186 4733 3338 4797 licet,
3379 4750 3413 4787 o
3461 4734 3713 4801 Domine,
3758 4740 3964 4795 ﬁducia

693 4828 875 4871 tamen
907 4815 1129 4869 subnixi
1169 4823 1277 4868 tute
1321 4816 1495 4869 solius
1519 4817 1737 4885 gratiae;
1774 4817 2015 4885 petimus
2043 4830 2271 4887 propter
2312 4819 2723 4873 immaculatum
2765 4820 2964 4875 Filium
3029 4839 3096 4878 ac
3153 4825 3394 4880 Verbum
3432 4828 3629 4893 Patris,
3665 4830 3961 4891 Dominum

688 4908 877 4961 Jesnm
932 4905 1212 4959 Christum
1249 4924 1262 4959 :
1294 4908 1389 4975 qui
1422 4908 1558 4961 dixit
1591 4924 1604 4961 :
1634 4929 1651 4959 ι
1694 4909 1899 4975 Petite,
1937 4921 1994 4965 et
2029 4911 2253 4965 dabitur
2308 4912 2466 4966 vobis
2499 4930 2512 4966 :
2545 4914 2795 4982 quaerite,
2822 4923 2879 4969 et
2914 4917 3210 4975 invenietis
3251 4937 3264 4972 :
3310 4921 3545 4990 pulsate,
3573 4931 3631 4976 et
3679 4928 3963 4994 aperietur

691 4997 870 5049 vobis.
936 4994 1127 5052 Omnis
1181 4998 1330 5052 enim
1397 5000 1491 5068 qui
1558 5002 1715 5070 petit,
1758 5003 1959 5072 accipit
1992 5012 2085 5058 :et
2114 5005 2207 5073 qui
2250 5007 2471 5073 quaerit,
2515 5006 2745 5070 invenit,
2792 5014 2849 5061 et
2906 5009 3148 5077 pulsanti
3191 5012 3476 5081 aperietur
3511 5015 3575 5067 νδ.
3615 5034 3635 5066 ›
3693 5017 3903 5074 lterum
3943 5042 3958 5077 τ

696 5107 715 5138 ι
756 5086 812 5139 Si
858 5086 1021 5155 igitur
1062 5102 1160 5142 vos
1198 5105 1321 5143 eum
1365 5091 1487 5145 sitis
1527 5094 1677 5157 mali,
1709 5095 1884 5148 nostis
1929 5094 2074 5149 dona
2112 5096 2255 5149 bona
2300 5095 2433 5149 dare
2494 5098 2621 5152 [iliis
2653 5101 2853 5154 vestris
2893 5112 3144 5170 :quanto
3178 5106 3348 5175 magis
3412 5107 3571 5160 Pater
3609 5119 3795 5163 vester
3852 5126 3961 5165 cte-

692 5176 845 5245 testis
890 5177 1044 5270 dabit
1094 5180 1358 5270 Spiritum
1407 5194 1656 5238 sanctum
1692 5187 2009 5255 petentibus
2041 5203 2099 5243 se
2128 5189 2141 5242 i
2174 5190 2240 5243 ".
2282 5208 2301 5240 ι
2346 5189 2536 5259 quue
2572 5199 2624 5247 te
2658 5192 2820 5250 decet
2855 5195 3027 5264 gloria
3067 5197 3267 5263 omnis,
3307 5198 3483 5252 honor
3540 5201 3955 5270 suspiciendus,

692 5272 749 5317 et
776 5265 1007 5334 supplex
1036 5269 1238 5334 cultus,
1264 5286 1296 5322 o
1333 5270 1513 5336 Pater,
1546 5272 1670 5338 Fili,
1696 5282 1753 5329 et
1778 5275 2016 5344 Spiritus
2054 5283 2262 5342 sancte,
2281 5292 2430 5333 nunc
2462 5287 2520 5333 et
2561 5296 2801 5351 semper,
2840 5291 2897 5337 et
2926 5282 2980 5337 in
3006 5286 3201 5340 sarcula
3235 5290 3583 5343 saeculorum.
3612 5265 3813 5349 A-men.

760 5422 804 5454 "
827 5420 1043 5478 Coloss.
1065 5436 1122 5489 ιι,
1150 5424 1234 5479 14.
1310 5425 1355 5457 ⁹²
1380 5423 1532 5483 Joan.
1560 5442 1617 5491 tt,
1645 5423 1700 5480 2.
1776 5427 1822 5459 ⁸³
1850 5426 2020 5483 llebr.
2042 5445 2138 5496 ut,
2166 5430 2256 5485 25.

2377 5449 2381 5460 ν
2410 5430 2599 5489 Matth.
2640 5450 2733 5502 vu,
2756 5438 2806 5505 7,
2843 5436 2895 5492 8.
2973 5439 3019 5471 "
3042 5439 3179 5496 Luc.
3210 5457 3285 5509 XI,
3330 5443 3413 5498 15.
