4000 6334
549 398 606 452 ii
1903 392 2193 450 scaenis
2226 394 2412 450 rara
3716 371 3824 458 »η’

531 511 672 566 duas
702 515 877 577 partes
903 503 1105 560 divisus
1135 511 1235 567 est,
1268 511 1320 556 et
1368 518 1468 556 una
1524 503 1736 573 quidem
1780 518 1903 572 pars
1958 504 2118 573 elegit
2149 513 2195 565 Α
2226 516 2409 554 sonam
2441 502 2765 556 deniiniinati
2806 504 2976 574 Sergii
3020 513 3039 543 ⁸
3082 504 3401 560 venerabilis
3431 514 3552 561 tunc
3588 511 3802 580 presby-

526 598 878 655 "l‘beodorum
931 593 1488 662 archipresbyterum;
1536 594 1637 647 alia
1679 607 1804 647 vero
1830 607 1949 661 pars
1973 601 1999 629 ι
2022 592 2122 646 Pa-

540 687 781 742 sclialem
804 682 1256 739 archi‘diaconum.
1286 682 1351 735 Et
1374 682 1585 752 quidem
1616 682 1928 737 Theodorus
1951 683 2125 738 archi-

542 779 818 848 presbyter
844 790 963 830 cum
994 774 1185 842 populo
1211 774 1301 843 qui
1348 773 1395 827 ei
1427 773 1638 830 favebat
1679 775 2012 844 perveniens,
2043 776 2122 830 in—

2232 594 2326 645 teri
2361 594 2748 648 t-oiicordantes
2779 609 2837 648 se
2865 595 3225 659 contulerunt,
3257 610 3488 665 eumque
3518 596 3585 652 tle
3630 600 3802 653 medio

2230 684 2409 752 populi
2443 683 2689 738 tollentes
2721 686 2770 738 iii
2801 686 3072 740 oraculum
3104 686 3241 741 beati
3287 687 3504 741 Caesarii
3559 691 3801 760 martyris

2225 776 2446 841 Christi,
2483 776 2504 809 '
2534 776 2671 842 quod
2705 785 2788 829 cst
2808 776 2942 830 intra
2967 787 3363 831 sacrosanctum
3387 783 3797 848 suprascriptum

538 871 793 925 seriorem
837 877 1040 936 partem
1077 865 1376 933 patriarcliii
1435 866 1625 921 tenuit.
1679 867 1951 924 Paschalis
1998 884 2125 924 vero
2226 865 2496 934 palatium,
2554 866 2985 933 introduxerunt,
3018 878 3073 921 et
3124 869 3319 921 exinde
3359 869 3413 922 in
3444 868 3799 925 Lateranensa

539 960 858 1015 exteriorem
882 967 1082 1026 partem
1107 958 1175 1010 ab
1197 958 1430 1015 oratorio
1446 957 1895 1025 sanctiSilvestri,
1928 961 2003 1015 et‘
2029 960 2122 1014 ba-

541 1049 747 1104 silica'm
788 1051 980 1103 domus
1013 1048 1186 1115 iuliae,
1217 1062 1335 1118 quin
1380 1060 1541 1115 super
1588 1061 1835 1117 campum
1882 1047 2117 1117 respicit,

538 1139 838 1209 occupavit.
866 1140 1104 1208 Cumque
1141 1153 1278 1193 unus
1306 1148 1327 1177 ι
1355 1136 1462 1192 alio
1508 1137 1681 1192 locum
1737 1152 1842 1193 non
1883 1138 2117 1203 cederet,

539 1229 636 1284 sed
662 1229 873 1299 utrique
898 1228 920 1260 ³
950 1230 1252 1282 immaniter
1293 1225 1663 1295 perdurarent,
1695 1237 1755 1281 ut
1793 1240 1929 1281 unus
1957 1230 2117 1283 alium

535 1329 834 1390 superaret,
865 1319 995 1373 inito
1022 1318 1246 1373 consilio
1269 1319 1522 1387 primates
1546 1316 1805 1386 judicum,
1835 1326 1889 1371 et
1915 1319 2119 1373 exercio

536 1424 618 1464 ius
644 1412 897 1465 Romana:
920 1410 1143 1477 militiai,
1172 1410 1254 1464 vel
1277 1409 1296 1439 ‘
1325 1410 1454 1464 cleii
1480 1410 1703 1479 plurima
1733 1424 1879 1479 pars,
1908 1419 1961 1465 et
1983 1426 2116 1480 pra:-

509 1503 714 1555 ~sertim
740 1501 1102 1567 sacerdotum,
1131 1511 1289 1571 atque
1317 1502 1510 1555 civium
1556 1500 1857 1569 multitudo,
1892 1499 1918 1538 δ
1944 1502 2011 1556 ad
2033 1517 2117 1556 sa-

530 1607 678 1647 crum
706 1594 957 1661 palatium
982 1601 1349 1663 perrexerunt,
1373 1601 1427 1646 et
1451 1592 1539 1646 diu
1563 1602 1967 1661 pertractantes,
1990 1595 2113 1663 quid

533 1683 644 1737 ﬁeri
673 1682 915 1750 deberet,
960 1683 1257 1754 qualiterve
1302 1684 1533 1764 duorum
1578 1684 1949 1740 altercantium
2006 1688 2116 1743 ele-

510 1784 738 1832 ctorum
774 1778 1039 1847 sopiretur
1065 1776 1087 1808 ⁸
1111 1777 1407 1843 contentio,
1438 1775 1549 1833 Deo
1596 1787 1888 1842 annuente,
1915 1779 1968 1833 in
1994 1793 2117 1848 per-

2228 957 2557 1026 episcopiutn
2588 974 2705 1011 cuni
2747 958 2960 1011 laudum
2998 959 3021 990 ⁸
3048 958 3526 1013 declamationibus
3570 960 3800 1014 deduxe-

2223 1056 2366 1103 runt.
2405 1049 2469 1103 Et
2489 1050 2733 1118 quamvis
2764 1048 2904 1102 iures
2944 1050 3252 1116 patriareliii
3288 1049 3603 1102 intrinsecus
3625 1059 3801 1103 essent

2228 1139 2468 1203 munitae,
2501 1152 2553 1193 et
2579 1141 2793 1201 elati-iu,
2825 1152 3003 1192 tamen
3030 1153 3173 1208 pars,
3205 1153 3322 1207 quas
3374 1138 3683 1205 praedictum
3716 1154 3801 1192 ve-

2222 1231 2508 1285 nerabilem
2541 1232 2715 1282 virum
2742 1233 2995 1297 elegerat,
3019 1229 3140 1298 quia
3173 1242 3227 1283 et
3257 1229 3487 1289 validior
3514 1240 3649 1294 exat,
3675 1244 3803 1298 pra:-

2221 1321 2404 1388 valiiit,
2428 1329 2482 1374 et
2511 1322 2746 1389 ingressa
2772 1331 2876 1374 est.
3474 1308 3479 1313 ’

2288 1414 2402 1481 Quo
2423 1415 2663 1482 ingressu
2686 1427 2822 1467 unus
2849 1427 2878 1466 c
2905 1411 3116 1467 duobus
3132 1411 3335 1475 elecds,
3380 1411 3429 1466 id
3455 1420 3539 1467 est
3561 1411 3813 1467 Theodo‘

2220 1521 2311 1559 riis
2357 1505 2791 1574 aicliipiesbyter
2839 1504 2980 1557 illico
3010 1502 3213 1572 quievit
3235 1519 3297 1557 ac
3326 1519 3385 1557 se
3418 1503 3739 1558 liumiliavit.
3772 1512 3795 1541 ⁸

2221 1599 2286 1653 Et
2316 1599 2591 1666 ingressus
2614 1596 3018 1652 denominatum
3048 1595 3442 1650 sanctissimum
3464 1596 3692 1651 electum
3715 1609 3799 1649 sa-

2218 1692 2401 1746 lutavit
2458 1707 2518 1746 ac
2548 1694 2821 1746 oscillattis
2847 1700 2949 1746 est.
2973 1689 3287 1744 Pascltalem
3317 1704 3445 1743 vero
3466 1688 3612 1743 nullo
3642 1688 3802 1741 modo

2217 1785 2238 1816 ’
2268 1785 2446 1839 cordis
2473 1784 2667 1839 duritia
2702 1785 2751 1837 id
2786 1786 2960 1838 facere
3011 1783 3239 1847 sinebat,
3273 1783 3444 1838 donec
3472 1791 3715 1848 coactus,
3745 1787 3803 1837 et

1754 1913 2144 1975 VARIANTES
2183 1919 2591 1977 LECTIONES.

578 2040 617 2069 ‘t
648 2027 780 2082 Cod.
819 2026 971 2091 Luc.,
1002 2023 1233 2078 basilica.

599 2103 619 2133 ³
649 2100 784 2153 Cod.
813 2098 964 2163 Lttc.,
994 2097 1105 2150 alii.

601 2169 773 2223 'Cod.
810 2168 961 2229 l.uc.,
993 2166 1322 2219 unanimiter.

642 2240 773 2295 Cod.
807 2238 962 2302 Luc.,
987 2239 1107 2291 cleri
1130 2235 1391 2301 seditiosi;
1429 2234 1524 2300 al.,
1549 2235 1669 2289 cieri
1694 2235 1738 2289 si
1767 2236 1869 2290 dici
1896 2246 1968 2291 est
2000 2239 2111 2307 plu-

518 2327 674 2374 mna.

2289 2030 2310 2061 ⁸
2340 2028 2475 2083 Cod.
2510 2029 2635 2083 Luc.
2661 2039 2713 2081 et
2742 2029 2837 2095 a|.,
2863 2030 3093 2082 intentio.

2289 2100 2311 2130 ⁸
2343 2099 2452 2166 AL,
2480 2110 2716 2153 venerunt
2738 2111 2858 2153 tunc
2880 2099 3175 2168 presbyteri.

2289 2169 2309 2200 '
2342 2171 2447 2239 ᾼΙ..
2476 2173 2611 2239 quod
2637 2182 2709 2223 est
2737 2172 2876 2239 intra
2901 2171 3149 2236 palatium
3173 2170 3583 2224 introduxerunt.

2290 2239 2313 2271 ⁸
2339 2237 2451 2293 Cod
2478 2237 2629 2307 Luc.,
2657 2238 3123 2293 acclamationibus.

2292 2311 2314 2343 ⁸
2343 2310 2451 2377 AL,
2488 2327 2593 2381 pra:
2623 2311 2793 2365 cordis
2820 2312 3028 2363 duritia.

1882 2418 2242 2477 VARIORUM
2285 2422 2513 2478 NOTAE.

528 2551 656 2596 terra
682 2541 880 2593 diversa
901 2538 1171 2589 missarum
1198 2533 1445 2587 solemnia
1491 2533 1791 2587 celebrabat.
1818 2532 1871 2586 In
1901 2548 2101 2589 cmme-

470 2652 479 2661 .
532 2614 677 2667 terils
721 2617 874 2664 erant
916 2607 1167 2668 oratoria,
1195 2618 1286 2658 seu
1338 2602 1547 2672 altaria,
1582 2604 1632 2657 in
1663 2603 1857 2672 quibus
1910 2605 2105 2658 lieliaut

525 2684 785 2736 stationes
811 2689 861 2733 et
888 2685 1186 2731 conventus
1213 2671 1639 2728 Christianorum
1684 2671 1949 2729 orationis
1980 2690 2105 2728 cau-

527 2742 619 2815 sa,‘
640 2760 697 2805 et
723 2752 899 2803 missa:
925 2746 1351 2800 celebrabantur.
1372 2744 1651 2815 Atiastas.,
1673 2744 1724 2797 in
1749 2742 1974 2815 Gregor.
2001 2745 2066 2800 ΙΙΙ
2095 2764 2106 2798 :

525 2813 659 2875 Item
698 2822 752 2873 in
784 2817 1066 2872 caemeterio
1118 2825 1305 2869 sanctw
1355 2813 1686 2868 Pretronillie
1729 2813 2113 2869 stationeman-

527 2907 679 2945 nuam
725 2890 838 2942 dari
887 2887 1133 2941 instituit.
1187 2885 1320 2938 llinc
1382 2894 1621 2951 tempore
1679 2883 1819 2937 Decii
1887 2886 2107 2940 vetitum

525 2959 845 3017 Christianis
873 2972 939 3012 ne
982 2959 1033 3010 in
1079 2956 1385 3010 cmmeteria
1420 2955 1609 3023 pedem
1648 2954 1926 3008 inferrent.
1970 2955 2116 3009 Pon-

527 3036 628 3087 tius
657 3032 937 3094 diaconus,
976 3029 1027 3081 in
1076 3026 1182 3080 Vit.
1213 3024 1483 3095 Cypriani,
1515 3026 1652 3092 apud
1686 3026 1924 3087 Sttrititti,
1956 3028 2105 3093 Sept.

526 3105 594 3157 14
629 3122 641 3156 :
677 3100 1039 3171 Prwreperunt
1078 3094 1317 3171 etiamne
1343 3095 1393 3146 in
1424 3094 1676 3171 aliquibus
1701 3098 1823 3171 locis
1851 3097 2109 3171 _conc_il_ia-

2210 2548 2507 2605 praesentem
2554 2540 2709 2591 diem.
2760 2537 3187 2592 Consuetudinem
3228 2552 3344 2591 vero
3388 2537 3653 2600 Ecclesia,
3688 2555 3801 2608 qua

2211 2608 2264 2659 in
2284 2608 2498 2676 singulis
2532 2608 2870 2661 voluminibus
2913 2622 3002 2675 per
3030 2612 3418 2677 unumquodque
3443 2611 3665 2678 oﬁicium
3692 2617 3798 2663 erat

2215 2680 2427 2742 scripta,
2452 2679 2682 2741 abstulit,
2716 2688 2761 2730 et
2801 2680 2916 2745 igne
2959 2678 3235 2731 consumit.
3262 2678 3391 2741 Qua:
3425 2682 3633 2734 scilicet
3674 2695 3794 2733 oni-

2216 2749 2301 2869 ﬂia
2346 2758 2501 2800 erant
2529 2749 2596 2800 ab
2625 2747 3004 2802 archidiacono
3053 2748 3445 2803 Ravennatensi
3499 2751 3790 2805 custodita.

2260 2832 2499 2869 ENCINUS.

2260 2832 2499 2871 ENCINUS.

2276 2887 2311 2925 -δ
2330 2890 2408 2940 Ad
2424 2903 2621 2940 socrum
2631 2885 2893 2941 Palatium
2908 2896 3252 2955 perrexerunt.
3272 2885 3491 2942 Sacrum
3519 2890 3795 2956 palatium,

2214 2957 2278 3012 ad
2327 2958 2468 3027 quod
2514 2974 2543 3010 c
2595 2958 2859 3011 Laterano
2907 2958 3073 3025 major
3117 2971 3240 3025 pars
3277 2958 3403 3013 cleri
3449 2970 3502 3013 et
3546 2962 3796 3028 primates

2214 3030 2486 3082 exercitus
2515 3037 2890 3096 perrexerunt,
2923 3036 2981 3080 ut
3008 3030 3075 3081 de
3101 3028 3477 3097 restinguendo
3502 3030 3796 3084 schismata

2215 3100 2352 3151 inter
2381 3098 2722 3152 Theodorum
2746 3098 3265 3168 arcliipresbyterutn
3292 3107 3346 3152 et
3372 3099 3684 3154 l’asclialeni
3706 3114 3794 3151 ar-

525 3155 644 3228 bula
673 3174 823 3240 ﬁant,
852 3155 942 3223 iiec
981 3166 1263 3240 cmmeteria
1293 3155 1665 3240 ingrediantur.
1700 3165 1953 3240 Populum
1986 3167 2108 3240 Ale-
2135 3155 2178 3215 C
2211 3168 2579 3240 cliidiaconutii
2601 3209 2618 3234 ,
2664 3155 2942 3240 consilium
2992 3155 3211 3240 iiii'rent,
3236 3170 3394 3223 situm
3444 3181 3565 3223 erat
3606 3184 3712 3223 non
3742 3169 3793 3240 in

526 3235 844 3298 xandriiiuni
881 3254 949 3294 ne
995 3235 1418 3292 communicaret
1447 3251 1564 3289 cum
1613 3235 1843 3304 Georgio
1883 3238 2107 3303 pseudo-

523 3318 773 3385 ep‘iscopo
810 3309 1088 3385 orationis
1116 3320 1273 3361 causa
1317 3306 1369 3358 in
1398 3306 1776 3385 cyzmeteriuni
1818 3310 2110 3385 secessisse

522 3375 1004 3445 narrat'b‘ocrates,
1036 3380 1147 3450 lib._
1181 3392 1240 3450 tt,
1271 3390 1390 3450 cap.
1420 3377 1489 3429 25
1520 3394 1531 3427 :
1563 3385 1638 3450 Τῇ
1688 3375 1931 3450 ἐϐδομὰδι
1976 3381 2109 3445 μετά

522 3463 612 3514 τήν
643 3456 786 3527 ἁγίαν
838 3448 1180 3527 πεντηὲοστὴν
1214 3446 1397 3527 ὁλωεὸς
1432 3446 1717 3527 νησαιςεῦσςς
1756 3447 1919 3509 ἐξῆλθε
1968 3451 2111 3523 παρὰ

524 3529 584 3582 τὸ
611 3516 936 3598 κοίμητῄριον
965 3520 1221 3584 εὔξασθαι.
1250 3516 1582 3598 Hebdomade
1603 3518 1741 3598 enim
1758 3533 1870 3585 qua:
1896 3530 1968 3570 est
1998 3516 2110 3598 post

526 3589 757 3648 sanctam
788 3589 1143 3653 Pentecosteii,
1188 3590 1410 3658 populus
1454 3603 1565 3638 cum
1584 3589 1895 3659 jejunasset,
1920 3590 2110 3659 oratio-

528 3670 607 3719 nis
631 3681 809 3729 causa,
834 3676 1093 3734 regressus
1117 3670 1187 3713 est
1213 3662 1277 3710 ad
1300 3657 1652 3711 cwmeterium.
1686 3657 1830 3712 Ideni
1861 3658 2111 3713 Theodo-

531 3740 642 3801 iit.,
676 3735 768 3789 lib.
800 3750 856 3799 tt,
887 3730 1009 3800 cap.
1035 3730 1121 3784 Μ.
1154 3733 1500 3783 Amasenus.

609 3797 638 3843 ἰ’
666 3797 971 3859 Pasclialeni
1000 3800 1439 3854 archidiaionum.
1473 3797 1623 3863 Quod
1659 3799 1708 3851 in
1742 3798 2109 3864 superioribus

531 3878 678 3930 circa
714 3872 966 3929 Bonil'acii
1001 3872 1067 3926 111
1113 3870 1459 3924 constitutum
1507 3872 1908 3935 annotavinius,
1936 3870 2027 3938 qui
2054 3871 2107 3923 in

529 3946 735 4017 synodo
781 3959 928 3998 Lxsn
974 3943 1344 4017 episcoporum
1369 3938 1644 4017 delinierat
1673 3948 1727 3991 ut
1757 3940 1948 4002 nullus,
1980 3956 2113 4017 pon-f

529 4010 661 4080 ti'ﬁce
682 4015 871 4068 vivente
906 4022 992 4065 aut
1014 4016 1247 4082 episcopo
1284 4010 1499 4082 ciuitatis
1526 4025 1652 4073 suw,
1678 4022 1950 4082 pra’suniat
1972 4010 2111 4080 loqui

529 4088 593 4140 de
620 4098 927 4146 successore,
956 4080 1049 4135 aut
1071 4092 1237 4150 partes
1266 4080 1361 4133 sibi
1385 4081 1580 4149 facere,
1605 4080 1703 4133 nisi
1740 4082 1897 4150 tertio
1918 4080 2000 4134 die
2021 4083 2111 4134 de-

527 4156 812 4230 positionis
838 4154 973 4230 ejus,
1003 4148 1079 4206 id
1114 4148 1429 4230 luculentius
1482 4160 1708 4230 apparet
1738 4148 1787 4229 in
1848 4151 2111 4230 electione

531 4220 730 4294 Sergii,
764 4220 1015 4279 ubi'ratio
1042 4231 1095 4275 et
1126 4223 1419 4294 necessitas
1442 4220 1580 4294 editi“
1594 4220 1864 4294 constituti
1887 4224 1951 4294 ad
1977 4238 2111 4294 pra:-

530 4290 764 4351 cavenda
794 4295 930 4348 mala
961 4308 1078 4362 qua:
1094 4291 1388 4362 exambita
1415 4290 1819 4362 candidatorum
1864 4291 2112 4362 orieban-

536 4378 620 4420 tur
644 4376 828 4434 aperte
850 4359 1289 4432 deprehenditur.
1335 4360 1545 4434 Conon,
1575 4359 1859 4434 Attastasio
1899 4366 2032 4434 teste
2057 4359 2108 4413 iit

533 4439 650 4506 ejus
681 4429 819 4503 Vita,
862 4429 958 4502 pro
1010 4447 1157 4506 ruga,
1202 4444 1294 4483 seu
1340 4429 1689 4506 presbyterio,
1744 4432 2105 4506 ut_vocabant,

536 4498 747 4561 clericis
792 4498 1098 4572 largiendo;
1134 4498 1479 4572 certam‘auri
1525 4512 1784 4572 summam
1817 4498 2102 4568 legaverat,

532 4578 752 4647 ejusque
782 4568 1139 4647 dist'ijibutioiii
1182 4571 1491 4647 plerumque
1534 4568 1937 4647 archidiaconus
1969 4585 2105 4637 pra:-

531 4639 681 4701 ξεῖ-ιιι]
703 4645 973 4703 Paschalis
1005 4644 1164 4712 igitur
1204 4639 1632 4704 archidiaconus,
1662 4639 1879 4712 Conone
1901 4710 1906 4712 _
1928 4654 2102 4712 :ngrog

532 4729 699 4781 tante,
759 4728 947 4768 aurutn
1004 4709 1131 4767 illud
1195 4712 1604 4781 haudquaquam
1640 4709 1956 4781 distribuit,
2011 4711 2104 4763 sed

531 4780 722 4840 .Ioaiini
742 4785 985 4839 exarcbo
1015 4780 1275 4851 promisit,
1307 4780 1465 4851 modo
1486 4793 1619 4851 eum
1638 4777 1691 4831 in
1732 4777 1992 4851 electione
2015 4782 2103 4833 ad-

530 4857 760 4928 juvaret.
794 4848 1123 4928 Hinc_ortum
1159 4849 1559 4928 scliismainter
1605 4848 1909 4928 l’aschalem
1933 4852 2108 4928 archi-

533 4918 815 4981 diacnnum
840 4935 893 4978 et
916 4924 1253 4977 Theodorum
1272 4918 1809 4987 arcliipresbyieruni.
1839 4922 1911 4972 De
1931 4921 2108 4973 archi-

535 4997 749 5052 diaconi
777 4998 1091 5048 auctoritate
1117 4991 1169 5045 iti
1186 4991 1332 5044 clero
1352 4991 1611 5060 regundo,
1642 4991 1896 5043 videndus
1919 4991 2108 5058 Agnet-

532 5069 615 5121 lns
645 5069 697 5120 in
726 5065 840 5119 Vita
872 5062 1138 5117 Theodori
1184 5060 1627 5113 Raveniiaiensis.
1659 5061 1849 5113 Narrat
1870 5060 2011 5113 enim
2040 5062 2108 5115 de

530 5151 738 5193 summa
764 5136 1008 5189 frumenti
1047 5132 1267 5187 caritate
1294 5144 1457 5200 agens
1504 5147 1516 5181 :
1569 5129 1697 5182 Cum
1734 5140 1903 5183 autem
1940 5146 2106 5183 sacer-

531 5213 674 5261 dotes
728 5221 829 5258 non
874 5204 1150 5256 invenirent
1187 5203 1319 5253 unde
1367 5209 1600 5263 emerent,
1630 5200 1797 5253 ierunt
1845 5201 1913 5251 ad
1959 5200 2106 5253 illum

529 5279 897 5342 supplicantes,
928 5284 988 5326 ut
1016 5273 1265 5326 auxilium
1294 5270 1549 5342 tribuereg
1555 5270 1683 5323 illis.
1706 5269 1805 5323 Ille
1833 5282 2008 5342 autent
2023 5286 2106 5322 ac-

530 5339 774 5400 ceisitum
804 5344 1244 5405 archidiaconum,
1277 5344 1480 5395 nomine
1509 5339 1951 5393 Theodorum.....
1976 5340 2105 5391 dixit

531 5422 599 5469 ad
623 5433 706 5469 eos
735 5432 751 5469 :
782 5414 948 5469 Dicite
969 5413 1306 5468 sacerdotibus
1334 5412 1591 5473 Ecclesiae,
1619 5420 1664 5463 et
1687 5412 1820 5463 clero
1842 5411 2108 5462 universo:

540 5504 559 5537 ι
576 5488 743 5553 Quare
768 5503 853 5539 vos
872 5486 1046 5555 inopia
1069 5485 1214 5541 {amis
1230 5484 1519 5536 consumit?
1546 5481 1607 5535 Si
1639 5481 2107 5555 diiiiittitisemnem

531 5551 765 5628 quartam
814 5551 1077 5622 Ecclesiae,
1110 5565 1159 5628 et
1181 5563 1390 5628 tantum
1437 5567 1525 5628 per
1580 5552 1723 5628 anni_
1744 5551 1985 5628 circulum
2016 5566 2107 5617 pro

526 5621 715 5697 quarta
743 5628 931 5680 donum
957 5621 1250 5697 accipiatis,
1279 5623 1555 5697 secundum
1580 5621 1949 5697 providentiam
1971 5634 2109 5697 pon-

531 5689 706 5766 t'iﬁcis,
733 5701 882 5751 modo
909 5689 1138 5766 relevabo
1153 5689 1378 5763 inopiam
1404 5689 1637 5744 vestram.
1654 5708 1672 5740 s
1714 5689 1921 5766 Qui‘diu
1945 5691 2108 5742 casti-

533 5754 662 5842 gati,
686 5754 1015 5842 gravescente
1034 5770 1189 5842 fame,
1217 5754 1596 5842 consenserunt,
1615 5771 1677 5842 et
1697 5758 1865 5842 abillo
1887 5769 2109 5840 tempore

530 5832 709 5905 quarta
734 5854 768 5892 a
796 5838 990 5891 cleiicis
1034 5832 1177 5889 illius
1222 5832 1462 5886 Erctesiw
1514 5832 1712 5886 sublata
1752 5841 1822 5885 est
1860 5847 2019 5899 usque
2057 5833 2107 5883 in

2216 3239 2480 3304 Palatino,
2527 3240 2613 3293 ubi
2663 3237 2790 3292 olim
2835 3239 3101 3292 Caesarum
3138 3239 3281 3293 mdes
3312 3240 3481 3306 luere,
3516 3241 3612 3295 sed
3656 3237 3795 3292 haud

2216 3310 2397 3375 procul
2422 3327 2449 3362 a
2481 3310 2633 3361 titulo
2659 3309 2826 3362 sancti
2855 3309 2993 3379 Sisti
3024 3310 3074 3361 in
3107 3324 3171 3362 eo
3202 3311 3317 3363 loco
3342 3309 3430 3363 ubi
3460 3312 3549 3365 via
3574 3311 3738 3379 Appia
3760 3324 3791 3362 a

2215 3380 2401 3432 Latina
2431 3380 2665 3432 dit'crtit.
2698 3378 2990 3447 Peramplic
3022 3381 3217 3432 etenim
3251 3380 3393 3433 mdes
3440 3380 3553 3436 illic
3580 3378 3792 3444 conspi-

2213 3449 2491 3503 ciebantur
2514 3449 2670 3502 dicta}
2704 3465 2905 3502 sacrum
2930 3449 3211 3517 palatium,
3243 3458 3497 3513 erantque
3533 3450 3648 3505 usui
3679 3452 3792 3503 sive

2215 3520 2499 3588 pontilicis,
2530 3520 2642 3573 sive
2669 3520 3029 3588 imperatoris,
3058 3522 3100 3572 si
3142 3522 3351 3586 quando
3388 3519 3573 3574 Romae
3596 3520 3785 3573 adesse

2214 3590 2566 3659 contingeret.
2596 3590 2736 3659 intra
2786 3604 2993 3643 sacrum
3048 3589 3298 3657 palatium
3352 3595 3649 3645 oratorium
3707 3589 3788 3659 vel

2214 3657 2445 3714 ecclesia
2484 3661 2651 3714 sancti
2701 3657 2917 3713 Caesarii
2961 3668 3262 3713 constructa
3304 3668 3441 3725 erat,
3487 3676 3645 3730 quam
3688 3657 3787 3711 sub

2213 3732 2430 3785 nomine
2470 3731 2604 3783 tituli
2649 3730 2817 3784 sancti
2852 3730 3065 3784 Caesarii
3114 3730 3164 3783 iii
3205 3730 3404 3783 Palatio
3455 3732 3784 3785 noliilitatam

2214 3802 2401 3867 luisse,
2431 3810 2541 3853 tum
2586 3801 2866 3867 complura
2904 3809 3108 3854 vetusta
3151 3801 3473 3855 monimenta
3504 3810 3782 3863 testantur,

2215 3879 2325 3923 ttittt
2350 3880 2463 3926 acta
2480 3884 2646 3924 sacra:
2663 3871 2851 3939 synodi
2866 3870 3212 3933 Trideiitinze,
3232 3872 3425 3939 quibus
3448 3871 3781 3934 subscriptus

2217 3942 2405 4009 legitur
2428 3941 2844 4007 Cliristoplioriis
2876 3941 3160 3992 Cili‘tillllsila
3183 3942 3477 3993 Matii-ticius
3502 3940 3779 4008 presbyter

2213 4011 2382 4064 sancti
2413 4012 2628 4063 Ca-sarii
2655 4027 2703 4061 in
2730 4010 2947 4063 Palatio.
2997 4012 3063 4062 At
3091 4026 3121 4062 e
3152 4026 3372 4064 numero
3401 4012 3665 4062 titulorum
3690 4022 3785 4059 ex-

2216 4081 2401 4148 punxit
2423 4081 2703 4135 ecclesiam
2738 4081 2871 4134 lianc
2898 4080 3080 4133 Sixtus
3112 4079 3178 4143 ν,
3219 4082 3381 4150 quod,
3415 4081 3574 4133 nimia
3608 4086 3784 4150 vetus-

2215 4147 2321 4204 tate
2342 4150 2595 4218 collapsa,
2628 4152 2938 4219 penitusque
2986 4147 3257 4205 inaccessa
3284 4165 3375 4203 sua
3399 4159 3556 4205 nitate
3594 4147 3781 4203 eadem

2211 4220 2418 4273 erat.ln
2449 4229 2680 4275 veterem
2716 4230 2891 4273 tamen
2924 4219 3145 4273 formam
3179 4221 3315 4273 liaud
3347 4226 3511 4273 inulto
3539 4231 3675 4289 post,
3700 4231 3786 4270 se-

2212 4292 2376 4345 dente
2412 4290 2682 4345 Clemente
2734 4289 2877 4355 \’lll,
2910 4289 3006 4342 fuit
3046 4291 3293 4354 excitata,
3324 4291 3410 4357 qui
3454 4292 3689 4356 insuper,
3725 4295 3783 4339 ut

2215 4363 2489 4426 pristinam
2522 4361 2827 4428 dignitatem
2856 4359 3095 4411 CCCiebiilf
3119 4359 3189 4410 illi
3217 4372 3411 4412 sartum
3440 4370 3630 4412 tectam
3658 4370 3783 4425 pos-

2216 4432 2408 4485 teritati
2432 4434 2703 4492 retine-ret,
2731 4429 2970 4479 eamdem
2990 4428 3163 4480 denuo
3189 4429 3238 4479 in
3270 4444 3487 4481 numero
3505 4430 3780 4485 titulorum

2214 4502 2509 4567 descripsit.
2540 4501 2662 4552 Ilaec
2684 4498 3047 4551 animadverto
3071 4512 3133 4549 σοι
3163 4498 3523 4553 eruditissimo
3551 4499 3781 4552 Uaronio

2212 4573 2300 4636 (ad
2322 4588 2513 4622 annum
2540 4572 2664 4633 (503,
2688 4585 2827 4621 num.
2859 4568 2935 4634 ἓ).
2971 4569 3210 4623 Marsus.

2284 4651 2304 4677 ε
2332 4638 2399 4691 Et
2427 4642 2679 4708 ingressus
2722 4637 3519 4708 denominatumsanctissimum
3567 4636 3780 4691 electum

2214 4710 2457 4763 salutavit
2483 4707 2543 4761 ac
2560 4707 2817 4762 osculatus
2841 4719 2933 4760 est.
2955 4707 3234 4761 Theodoro
3249 4709 3551 4763 etPascliali
3576 4712 3625 4762 iii
3650 4721 3780 4759 con-
3808 4762 3819 4771 _

2214 4796 2371 4832 cursu
2407 4782 2589 4833 electis
2612 4820 2625 4843 ,
2660 4780 2950 4847 Sergioque
2980 4778 3280 4832 scliismatis
3329 4781 3563 4832 solvendi
3612 4788 3773 4847 causa

2210 4854 2405 4914 electo,
2426 4849 2732 4903 Theodorus
2756 4845 2890 4901 unus
2913 4863 2945 4902 e
2965 4848 3168 4902 duobus
3192 4848 3243 4901 in
3275 4848 3563 4903 schismate
3597 4845 3782 4905 electis

2211 4922 2273 4972 ad
2321 4922 2560 4987 Sergium
2608 4918 2829 4972 accessit
2871 4933 2964 4987 per
3005 4919 3365 4972 adorationetn
3412 4929 3466 4973 et
3512 4918 3775 4987 osculum.

2212 4985 2521 5043 Cardinales
2551 4998 2604 5042 ct
2630 4985 3257 5058 episcopiiadmiituntur
3286 4996 3432 5058 quasi
3480 4989 3670 5043 fratres
3706 4985 3771 5035 ad

2211 5061 2472 5113 osculum.
2508 5058 2701 5112 sumini
2728 5056 3007 5127 pontiﬁcis,
3035 5060 3141 5112 imo
3159 5071 3211 5113 et
3234 5056 3330 5127 ipsi
3349 5061 3775 5113 abbatesexeni-

2212 5133 2282 5195 pti
2300 5129 2451 5198 (Cap.
2482 5127 2609 5181 Cum
2630 5129 2772 5192 olim,
2798 5126 3174 5200 dePrivileg.).
3195 5127 3439 5199 Episcopi
3469 5132 3629 5183 etiam
3664 5139 3781 5191 pru-

2211 5212 2327 5267 pter
2381 5200 2728 5253 teveretitiatii
2776 5198 2976 5252 ordinis
3022 5198 3487 5253 aditiittuiitur'ad
3539 5201 3774 5253 osculum

2212 5269 2483 5335 principis.
2517 5268 2787 5332 Ambros,
2821 5270 2975 5333 epist.
2998 5270 3089 5333 27,
3122 5270 3187 5324 de
3217 5272 3479 5339 legatione
3515 5271 3580 5323 ad
3614 5267 3780 5319 Maxi-

2213 5356 2352 5391 muin
2383 5340 2685 5408 Tyrannum
2707 5339 2938 5392 Treviris
2960 5342 3233 5393 sedentem
3262 5358 3273 5393 :
3308 5339 3405 5393 Ubi
3425 5342 3553 5393 sedit
3577 5343 3630 5391 in
3660 5347 3780 5385 con-

2210 5410 2430 5475 sistorio,
2462 5413 2710 5477 ingressus
2742 5425 2874 5471 sum,
2920 5413 3197 5463 assurrexit
3246 5421 3313 5477 ut,
3345 5413 3577 5463 osculum
3616 5409 3778 5477 dure!-

2215 5478 2380 5531 llilar.
2411 5478 2633 5543 l’ictav.,
2657 5488 2838 5531 contra
2851 5479 3217 5533 Constantium
3240 5497 3252 5532 :
3284 5476 3471 5533 Oscula
3495 5476 3779 5536 sacerdotes

2210 5550 2420 5620 excipis,
2442 5564 2540 5617 quo
2568 5560 2613 5601 et
2638 5546 2868 5620 Christus
2900 5552 3133 5620 proditus
3162 5561 3251 5603 est.
3282 5552 3421 5604 Lai‘ei
3472 5553 3522 5604 in
3568 5548 3778 5620 ordina-

2214 5620 2355 5673 tione
2388 5619 2542 5675 Rom.
2575 5618 2838 5687 potitilics
2861 5618 3169 5675 uacultiiitur
3196 5625 3373 5687 pedes.
3422 5625 3691 5675 Anastas..
3722 5618 3773 5661 i”

2218 5689 2494 5743 Valentino
2528 5705 2540 5740 :
2585 5691 2655 5741 Ac
2699 5693 2880 5742 deinde
2920 5691 3181 5759 condignis
3222 5691 3399 5759 gloria
3455 5690 3692 5744 laudibus
3734 5688 3778 5759 cl

2213 5760 2421 5813 honoris
2454 5762 2789 5831 amplitudine
2826 5761 2895 5831 ad
2931 5751 3267 5831 Later'anens'e
3306 5762 3680 5831 patriarcliium
3706 5751 3777 5831 .th

2214 5832 2337 5900 ipsis
2365 5823 2630 5898 deductus,
2656 5841 2699 5881 et
2722 5832 2771 5881 in
2801 5826 3083 5898 poritiﬁcali
3106 5842 3175 5882 est
3199 5823 3389 5898 positus
3407 5832 3610 5885 throno,
3629 5823 3775 5893 cuthQ
