4000 6334
174 349 247 412 ιι
1109 354 1383 411 ΝΟΤΙΊῚΑ
1423 354 1784 412 HISTORICA
1827 355 1891 409 ΙΝ
1931 355 2234 413 SERGIUM
2276 359 2527 415 PAPAM.
3379 364 3444 417 Η

170 470 457 538 confusus,
489 468 677 525 volens
710 467 919 533 nolens,
951 482 1105 524 suum
1152 468 1422 522 dominum
1453 477 1507 523 et
1530 468 1756 522 electum
1785 470 1833 526 A
1864 471 1879 499 ¹
1904 471 2044 540 quod
2074 470 2142 525 ab
2166 470 2352 527 eodem
2377 470 2621 528 Paschali
2670 472 3034 544 suprascripto
3057 474 3288 531 exarcho
3316 490 3442 545 pro-

178 563 459 629 ingressus
501 562 781 614 salutaret.
832 560 932 627 Qui
979 562 1139 615 etiam
1188 560 1461 614 Paschalis
1519 561 1761 615 clanculo

176 667 287 708 non
309 652 543 705 cessavit
566 650 884 705 Ravennam
907 665 1036 705 suos
1063 652 1273 705 mittere
1297 651 1509 716 missos,
1538 653 1763 719 promis-

174 756 342 813 saque
371 743 597 811 pecunia
616 743 696 796 vel
727 742 845 796 aliis
863 742 1087 796 diversis
1114 739 1291 807 donis,
1312 740 1573 796 Joannem
1598 742 1763 812 patri-

178 835 341 897 cium,
372 843 430 889 et
477 834 797 898 exarcltnm,
846 844 1201 902 cognomento
1232 834 1441 906 Platyn,
1483 850 1603 889 cum
1653 837 1763 891 suis

182 924 469 994 jodicibus,
503 926 715 978 nemine
738 925 939 979 sciente
962 923 1185 978 Romam
1218 925 1400 979 venire
1417 925 1759 995 persuadere.

182 1017 277 1085 Qui
308 1019 388 1072 sic
419 1016 603 1071 abdite
634 1018 799 1081 venit,
833 1025 892 1069 ut
936 1030 1036 1071 nec
1083 1016 1257 1085 signa,
1284 1031 1383 1071 nec
1427 1017 1596 1071 banda
1642 1032 1764 1071 cum

182 1107 368 1163 militia
400 1107 630 1161 Romani
675 1109 944 1162 exercitus
972 1109 1335 1162 occurrissent
1365 1108 1414 1163 ei
1438 1108 1595 1177 juxta
1637 1124 1767 1163 con-

181 1200 515 1255 suetudinem
562 1200 618 1254 in
664 1201 991 1267 competenti
1042 1199 1182 1265 loco,
1241 1200 1345 1255 nisi
1384 1216 1413 1254 a
1465 1201 1765 1271 propinquo

185 1291 436 1345 Rauenna:
481 1290 745 1345 civitatis.
784 1288 887 1357 Qui
925 1290 1052 1344 dum
1102 1289 1356 1356 venisset,
1386 1280 1441 1345 et
1487 1305 1677 1346 omnes
1709 1292 1763 1345 in

188 1398 465 1450 personam
496 1382 670 1451 Sergii
716 1382 1042 1437 sanctissimi
1075 1382 1363 1436 invenisset
1407 1383 1762 1448 consensisse,

186 1475 248 1531 illi
292 1476 508 1545 quidem
561 1475 843 1545 sull'ragari
888 1491 992 1530 non
1047 1475 1232 1530 valuit.
1293 1475 1545 1531 Ecclesia:
1589 1488 1763 1531 tamen

191 1566 324 1621 beati
351 1567 495 1623 Petri
538 1567 765 1636 apostoli
806 1566 945 1622 idem
969 1567 1235 1621 exarchus
1267 1580 1362 1635 per
1397 1566 1634 1635 ejusdem
1659 1568 1767 1621 l’a-

1865 562 2083 616 missum
2114 563 2305 628 fuerat,
2338 562 2389 619 id
2420 572 2523 630 est,
2556 573 2769 619 centum
2797 566 2910 619 auri
2955 563 3206 621 librarum
3234 582 3262 621 a
3292 578 3443 638 parte

1867 655 2117 709 Ecclesia:
2162 664 2461 725 expetente,
2497 658 2684 727 Sergio
2725 658 3062 713 sanctissimo
3102 661 3277 716 electo
3325 677 3447 732 pro-

1866 746 2149 813 clamante,
2181 748 2318 815 quod
2353 763 2523 816 neque
2546 750 2877 818 promisisset
2925 750 3072 817 dare,
3103 768 3277 824 neque
3323 769 3444 822 posc

1867 837 2095 892 sibilitas
2130 838 2290 891 dandi
2340 848 2607 907 suppetat,
2657 848 2709 893 et
2757 850 2813 893 ut
2863 842 2927 895 ad
2978 844 3442 912 compunctionem

1867 929 2077 984 animos
2105 930 2396 984 videntium
2447 942 2833 1001 commoveret,
2864 933 3168 1000 cantharus,
3199 945 3252 989 et
3286 950 3447 989 coro-

1870 1035 1987 1085 nas,
2012 1035 2131 1098 qnaa
2173 1031 2298 1074 ante
2332 1035 2544 1074 sacrum
2576 1023 2744 1075 altare
2782 1033 2837 1077 et
2872 1026 3264 1080 confessionem
3306 1027 3446 1080 beati

1874 1110 2013 1164 Petri
2040 1110 2267 1176 apostoli
2288 1125 2350 1164 ex
2376 1110 2594 1179 antiquo
2623 1111 2941 1181 pendebant,
2966 1114 3160 1183 deponi
3181 1116 3326 1181 fecit,
3343 1124 3400 1172 et
3420 1125 3446 1151 ει

1870 1200 2076 1270 pignori
2103 1200 2260 1255 tradi.
2286 1200 2392 1254 Sed
2422 1216 2521 1255 nec
2551 1202 2601 1254 in
2633 1202 2733 1257 hoc
2752 1203 2887 1257 ﬂexa
2912 1213 2993 1257 est
3018 1205 3255 1273 ejusdem
3282 1220 3443 1261 exar-

1870 1291 1956 1346 chi
1987 1291 2202 1353 duritia,
2237 1292 2405 1346 donec
2433 1301 2668 1356 centum,
2697 1305 2751 1346 ut
2781 1294 2979 1349 dictum
3007 1305 3109 1362 est,
3138 1306 3160 1334 ²
3190 1296 3443 1351 librarum

1872 1377 1989 1432 auri
2030 1379 2261 1447 accepit.
2309 1379 2375 1432 Et
2425 1378 2570 1443 licet,
2598 1379 2702 1431 nt'
2729 1381 3010 1449 praefatum
3057 1390 3158 1446 est,
3192 1382 3444 1437 Ecclesiai

1871 1472 2090 1539 Christi,
2117 1472 2139 1503 δ
2167 1473 2287 1527 ideo
2331 1473 2662 1528 miserrimus
2692 1473 2964 1530 Paschalis
3014 1475 3354 1544 dispendium
3384 1486 3443 1533 et

1874 1561 2128 1618 damnum
2157 1564 2179 1595 ⁸
2222 1561 2416 1629 infixit,
2473 1572 2651 1618 tamen
2701 1563 2916 1619 Christo
2960 1564 3170 1620 favente
3222 1564 3443 1633 Sergius

184 1657 375 1713 scholis
448 1657 722 1713 miseriam
769 1656 1090 1728 stipendium
1148 1667 1202 1711 et
1271 1658 1522 1711 damnum
1565 1658 1765 1728 intulit,
1800 1653 1844 1714 B
1875 1656 2153 1727 presbyter
2173 1662 2229 1711 et
2249 1655 2449 1709 electus
2471 1656 2522 1708 in
2546 1653 2673 1710 sede
2695 1653 2834 1710 beati
2857 1655 3278 1724 Petriapostolib
3301 1653 3443 1711 Pon-

1428 1768 1821 1826 VARIANTES
1864 1766 2264 1823 LECTIONES.

249 1873 269 1905 ι
299 1863 435 1919 Cod.
460 1862 617 1927 Luc.,
649 1877 709 1917 co
733 1861 890 1931 quod.

249 1938 272 1969 ³
302 1935 413 2000 AL,
443 1935 620 1987 libras.

246 2005 271 2038 ³
299 2005 413 2068 AL,
442 2004 764 2073 pradiclum.

1945 1859 1966 1889 ⁸
1997 1858 2101 1919 AL,
2134 1858 2287 1908 idem.

1942 1930 1966 1960 ⁸
1994 1926 2100 1992 AL,
2130 1927 2375 1996 inﬁxerit.

1537 2088 1889 2148 VABIORUM
1934 2088 2154 2145 NOTAE.

187 2220 387 2266 oronter
410 2208 473 2261 ab
498 2208 637 2261 omni
671 2203 1018 2260 Romanorum
1045 2214 1223 2259 senatu
1250 2206 1459 2275 pedibus
1494 2208 1757 2272 osculatis,

188 2294 289 2338 etc.
322 2282 491 2334 Etiam
515 2277 808 2332 cardinales
832 2278 883 2329 in
911 2276 1242 2330 ordinatione
1273 2276 1533 2344 pontillcis
1564 2276 1757 2329 demit-

188 2361 302 2406 tunt
325 2365 386 2403 se
407 2350 470 2402 ad
499 2348 737 2403 osculum
768 2346 980 2413 pedum.
1012 2344 1289 2407 Radevic.,
1320 2346 1388 2400 de
1410 2354 1545 2412 gest.
1574 2346 1761 2401 Fride-

188 2424 305 2483 ric.,
337 2420 431 2473 lib.
462 2435 520 2484 tt,
553 2433 652 2484 eap
679 2416 748 2471 66
782 2432 795 2471 :
828 2416 1023 2469 Deinde
1067 2416 1195 2468 sicut
1251 2431 1360 2469 mos
1416 2426 1505 2480 est,
1555 2417 1759 2469 Domini

188 2492 470 2546 cardinales
492 2500 538 2542 et
563 2490 729 2541 clerus
756 2488 1035 2549 Romanus,
1060 2496 1192 2539 totus
1213 2488 1296 2554 qui
1320 2501 1538 2553 praesens
1560 2497 1687 2550 erat,
1711 2495 1759 2539 et

187 2566 453 2632 quiposlea
480 2561 816 2632 conﬂuxerat,
847 2558 1114 2632 populique
1141 2555 1492 2632 Romanipais
1514 2559 1753 2632 maxima,

194 2627 335 2696 pedes
363 2632 478 2700 ejus
509 2627 719 2700 osculari
746 2639 881 2681 sunt.
907 2627 970 2679 Et
1002 2627 1191 2680 Petrus
1224 2627 1759 2700 [lamianiucardina-

192 2684 348 2759 iis}:
384 2684 695 2754 “ostiensis
742 2702 1045 2765 episcopus,
1076 2697 1351 2751 consultus
1388 2684 1760 2750 de'Cadalono

192 2775 455 2839 antipapa,
486 2781 540 2824 et
585 2770 888 2824 Alexandro
917 2768 978 2832 ll,
1003 2777 1307 2839 uter_verus
1328 2766 1586 2839 pontifex
1616 2768 1764 2839 judi-

196 2835 386 2898 candus
411 2848 584 2906 esset,
608 2840 702 2893 lib.
726 2853 804 2902 ut,
823 2839 981 2906 epist.
999 2840 1061 2890 ιε
1091 2836 1278 2890 Manus
1302 2837 1390 2900 do,
1409 2835 1594 2905 inquit,
1617 2835 1763 2902 plan-

198 2925 261 2967 ια
283 2914 506 2977 osculor,
538 2920 585 2963 et
606 2924 706 2961 non
729 2908 882 2962 modo
916 2909 1079 2974 ipsum
1105 2908 1457 2975 apostolicum,
1492 2908 1580 2960 sed
1606 2909 1762 2961 etiam

203 2987 494 3050 apostolum,
524 2981 570 3034 si
592 2979 803 3047 jubetis,
826 2977 1052 3050 appello.
1082 2977 1254 3031 Etiam
1284 2978 1385 3050 ipsi
1412 2978 1761 3050 imperatores

1937 2205 1964 2245 ι’
1996 2204 2237 2275 Pontifex
2280 2207 2545 2259 ordinatus
2583 2216 2675 2260 est.
2721 2207 3023 2275 Paschalis,
3058 2208 3307 2264 Ecclesiae
3340 2210 3446 2266 Ro-

1868 2292 2038 2330 manae
2074 2277 2361 2336 diaconus.
2417 2292 2525 2346 quo
2554 2278 2759 2331 facilius
2790 2288 2909 2346 post
2935 2279 3171 2333 Cononis
3219 2290 3444 2335 mortem

1868 2346 2227 2416 pontiﬁcatum
2240 2346 2644 2413 adipisceretur,
2661 2348 2863 2402 litteras
2886 2348 2951 2403 ad
2966 2348 3221 2403 Joannem
3252 2365 3446 2406 novum

1864 2416 2150 2496 exarchum
2216 2416 2674 2500 liaventiatensem
2722 2416 2896 2481 misit,
2947 2421 3102 2500 eique
3161 2435 3279 2473 eam
3333 2425 3447 2475 auri

1865 2486 2235 2555 quantitatem,
2259 2499 2415 2552 quam
2437 2485 2751 2540 Benedictus
2781 2502 2913 2554 papa
2932 2485 3241 2556 reliquerat,
3260 2505 3449 2555 quain-

1865 2571 1968 2625 qne
1996 2567 2105 2629 tum
2134 2560 2299 2629 clero,
2332 2564 2439 2629 tum
2486 2557 2821 2629 monasteriis
2850 2558 3032 2612 Conon
3065 2558 3307 2612 diStrihui
3330 2560 3451 2629 jus-

1866 2636 2041 2698 serat,
2060 2625 2269 2689 obtulit,
2301 2626 2344 2678 si
2373 2626 2490 2698 ejus
2531 2640 2698 2698 opera
2727 2627 2793 2698 ad
2826 2629 3188 2694 pontificatum
3225 2625 3452 2698 eligere-

1867 2706 1972 2751 tur.
2024 2697 2149 2751 Post
2186 2703 2389 2761 septem
2431 2696 2544 2750 dies
2574 2694 2619 2749 'a
2670 2694 2922 2751 defuncto
2972 2698 3141 2752 beata:
3173 2694 3449 2754 memorias

1866 2767 2102 2831 Conone,
2150 2776 2205 2819 ut
2255 2766 2367 2820 lieri
2410 2780 2525 2819 mos
2554 2774 2697 2831 erat,
2729 2770 2794 2821 de
2815 2769 3141 2823 successoris
3185 2771 3449 2825 electione

1866 2838 1949 2907 agi
1972 2847 2227 2906 emptum.
2260 2835 2611 2903 Populoduas
2635 2835 2686 2891 in
2714 2837 2970 2893 factiones
2990 2839 3182 2903 diviso,
3214 2840 3449 2895 schisma

1866 2908 2062 2962 factum
2094 2918 2196 2980 est.
2228 2907 2359 2980 Pars
2382 2921 2494 2980 una
2515 2907 2801 2980 Theodoro
2825 2909 3313 2980 arcltipresbytero,
3346 2912 3452 2965 Pa-

1867 2979 2033 3032 schali
2064 2978 2441 3033 arcliidiacono
2470 2976 2687 3032 favebat
2710 2984 2898 3033 altera.
2946 2979 3057 3033 Una
3088 2976 3248 3047 elegit
3275 2982 3451 3034 'l'heo-

200 3039 491 3107 osculantur
520 3039 682 3119 pedes
705 3039 989 3117 pontificis.
1020 3039 1353 3119 Constantini
1381 3039 1646 3116 pontillcis
1671 3063 1760 3116 pe-
1789 3039 1834 3100 C
1868 3047 2081 3119 dorum,
2104 3050 2267 3103 altera
2293 3046 2627 3102 Paschalem.
2654 3048 2965 3103 Theodorus
2992 3063 3113 3102 ctnn
3141 3039 3335 3118 populo
3359 3051 3452 3118 qui

195 3128 280 3177 des
300 3117 573 3177 osculatus
601 3128 684 3174 est
709 3120 1040 3172 Justinianus
1082 3117 1144 3180 ll,
1177 3118 1245 3172 de
1274 3134 1379 3187 quo
1427 3120 1678 3173 Anastas.
1710 3118 1762 3173 in

193 3194 532 3249 ϐοηθητιιίηο
565 3207 579 3244 :
608 3188 673 3242 In
698 3189 783 3242 die
820 3201 990 3243 autem
1030 3205 1129 3254 qua
1165 3204 1218 3240 se
1258 3189 1466 3242 invicem
1505 3189 1761 3254 viderunt,

192 3266 445 3333 Augustus
467 3262 929 3333 Christianissimus
952 3275 1068 3333 cum
1089 3274 1243 3333 regno
1264 3259 1315 3333 in
1332 3259 1496 3333 capite
1515 3274 1621 3333 sese
1641 3276 1764 3326 pro-

189 3328 380 3396 stravit,
409 3334 558 3399 pedes
605 3331 843 3387 osculans
887 3330 1162 3397 pontiﬁcis.
1191 3328 1480 3397 Siginolfus
1520 3329 1765 3398 princeps

192 3403 687 3459 Beueventanorum
716 3416 744 3453 a
770 3400 956 3469 Sergio
986 3400 1027 3453 ll
1054 3400 1475 3453 benedictionem
1502 3400 1763 3469 suscepit,
1796 3444 1797 3447 η

199 3476 341 3541 prius
360 3476 624 3527 osculatus
641 3473 806 3539 pedes
830 3468 1116 3537 pontiﬁcis.
1132 3470 1402 3541 Anastas.,
1417 3469 1469 3523 in
1489 3468 1675 3539 Sergio
1694 3470 1762 3522 ll:

197 3540 353 3608 Qum
381 3542 563 3614 priests!
589 3541 1039 3614 cumsuscepisset,
1062 3540 1172 3593 solo
1198 3550 1500 3614 prostratus.
1525 3542 1766 3614 pretiosos

188 3614 349 3681 ipsius
374 3609 524 3680 pedes
545 3612 807 3665 humiliter
852 3612 1110 3663 osculatus
1135 3621 1229 3675 est,
1279 3620 1324 3662 et
1351 3610 1413 3663 ab
1442 3625 1502 3663 eo
1531 3609 1766 3681 benedic-

189 3679 323 3739 tione
347 3679 603 3752 suscepta.
630 3682 694 3735 ab
723 3683 836 3752 ejus
860 3692 1127 3750 conspectu
1149 3696 1381 3750 egressus
1407 3691 1499 3752 est.
1531 3679 1768 3752 Denique

190 3756 244 3809 in
273 3750 541 3811 electione
572 3752 726 3806 Rom.
748 3750 1023 3820 ponttlicis
1051 3765 1171 3804 mos
1199 3752 1445 3817 antiquus
1478 3750 1575 3803 fuit
1602 3764 1764 3805 oscu-

186 3826 325 3880 landi
366 3826 543 3892 pedes
590 3820 773 3876 electi.
799 3824 938 3874 ldeni
986 3822 1036 3874 in
1087 3820 1368 3892 LeonelV
1401 3838 1416 3874 :
1453 3821 1552 3885 Qui
1580 3837 1769 3875 morem

181 3891 542 3951 construentes
594 3896 879 3961 utiquam,
910 3906 1108 3961 Womncs
1147 3891 1362 3943 osculati
1414 3903 1531 3944 sunt
1593 3894 1761 3960 pedes.

185 3968 321 4022 Ideni
352 3969 407 4022 in
442 3960 731 4018 Benedicto
756 3963 859 4015 Ill:
894 3960 957 4013 Et
988 3961 1313 4030 procedentes
1349 3964 1557 4032 vestigia
1605 3963 1766 4030 ipsius

179 4039 404 4092 (mutari
435 4043 711 4105 creperum.
738 4034 1070 4105 A_LTASEBR.\.

243 4112 271 4145 ⁸
302 4101 533 4178 Pignori
563 4104 718 4158 trudi.
749 4102 994 4178 Episcopi
1027 4108 1077 4178 in
1130 4102 1355 4178 publicis
1382 4101 1634 4156 Ecclesia:
1661 4116 1769 4178 _ne-

180 4170 529 4233 cessitaiibus
549 4188 700 4227 sacra
723 4188 846 4225 vasa
878 4171 1081 4239 pignori
1104 4172 1319 4233 dabant,
1344 4173 1589 4239 ipsasque
1606 4170 1765 4225 etiam

180 4264 441 4315 personas
474 4260 596 4312 qua!
638 4243 857 4297 servitio
884 4243 1138 4315 Ecclesiae
1188 4242 1413 4315 addicta:
1454 4250 1637 4315 erant.
1668 4240 1769 4315 _Sic

178 4309 384 4377 (iouini.
417 4309 549 4371 cuin
575 4316 607 4367 ii
634 4314 727 4381 qui
772 4317 821 4366 in
853 4314 1029 4368 Sicilia
1059 4313 1124 4364 ad
1150 4312 1442 4364 curandum
1471 4312 1640 4365 sancti
1663 4309 1766 4365 Pe-

181 4389 241 4442 tri
290 4386 685 4458 patrimonium
735 4384 1079 4458 morabantur
1122 4382 1261 4458 loco_
1298 4384 1528 4458 pignoris
1558 4392 1768 4458 essent

177 4451 309 4523 apud
342 4459 621 4521 militiam,
673 4453 934 4511 redimere
962 4468 1057 4507 eos
1084 4451 1308 4505 curavit.
1364 4452 1513 4506 Unde
1557 4455 1608 4505 in
1653 4453 1768 4521 ejus

183 4522 288 4583 Vita
320 4526 683 4584 Anastasius:
716 4528 887 4578 Altum
903 4524 1187 4594 jussianem
1217 4522 1509 4594 direxittut
1530 4524 1770 4594 restitue—

179 4612 308 4653 retur
349 4600 564 4666 [uitalia
613 4591 947 4662 suprascrip'ti
980 4593 1301 4666 patrimonii,
1331 4603 1376 4644 et
1408 4591 1624 4666 Sicilire,
1657 4609 1771 4662 quae

177 4671 228 4721 in
254 4662 478 4742 pignore
507 4688 536 4719 ιι
567 4667 751 4742 militia
790 4666 1122 4742 detinebatur.
1164 4662 1365 4742 Pariter
1406 4678 1525 4714 cum
1556 4662 1773 4742 Agapef

179 4734 264 4793 tus
285 4734 557 4809 pontifex,
582 4739 648 4790 ad
678 4736 782 4791 iter
804 4736 994 4809 tiplim.
1035 4749 1130 4801 pro
1162 4734 1413 4786 Ecclesia}
1446 4734 1772 4809 necessitati-

177 4810 270 4864 bus
286 4804 748 4879 suscipiendum,
792 4807 1124 4879 pignorasset
1137 4818 1300 4879 sacra
1316 4817 1456 4879 _va_sa
1496 4804 1656 4879 regiis
1673 4818 1773 4879 _ar-

175 4883 353 4945 cariis,
408 4874 729 4946 re’cogttita,
757 4888 972 4930 senator
1015 4874 1176 4940 jussit
1205 4874 1432 4946 restitui,
1453 4875 1557 4946 put,
1585 4876 1775 4946 legitur

174 4953 307 5018 apud
329 4943 747 5010 Cassiodornm,
776 4948 867 5018 lib.
896 4959 989 5009 xtt,
1021 4946 1177 5011 epist.
1203 4943 1291 5018 20,
1313 4957 1431 5012 pag.
1462 4944 1560 5018 197
1587 4961 1599 5018 ς
1633 4944 1774 5018 Qua-

174 5014 383 5090 prOpter
415 5028 600 5075 nostra
629 5017 964 5087 prazccptione
990 5016 1307 5090 commoniti,
1338 5025 1382 5067 et
1411 5015 1548 5090 regia
1570 5014 1771 5090 jussiol-z

175 5083 233 5143 ire
258 5083 461 5159 securi,
483 5083 778 5159 sanctorum
809 5102 930 5159 uasa
956 5086 1405 5159 cumobligatione
1434 5083 1774 5159 Chirograplti

174 5152 456 5216 actoribus
484 5152 651 5214 Sancti
710 5156 852 5212 Petri
894 5155 1113 5226 apostoli
1150 5152 1270 5226 sine
1310 5153 1483 5223 aliqua
1528 5152 1772 5226 dilatione

174 5235 441 5301 refundit:
459 5240 549 5300 ,ut
574 5232 776 5283 lucrosa
800 5224 997 5280 reddita
1011 5224 1236 5301 celeriter
1265 5226 1535 5301 impetrata
1560 5224 1772 5301 uidean-

176 5295 275 5366 tur,-
304 5295 497 5374 optata
533 5341 548 5363 ,
577 5305 867 5374 referantur
913 5296 1452 5374 manibus-levitarum
1501 5295 1780 5374 ministeria

175 5382 278 5427 toto
299 5366 432 5428 orbe
456 5371 754 5434 narranda;
792 5368 1009 5421 donetur
1033 5368 1169 5435 quod
1188 5368 1462 5434 proprium
1491 5366 1612 5434 fuit,
1639 5381 1739 5427 quo
1758 5395 1771 5405 -

176 5448 315 5497 niam
334 5448 491 5516 ju8l¢
517 5457 606 5512 per
631 5441 919 5516 largitatem
940 5439 1143 5516 recepit.
1170 5435 1405 5516 Pignora.
1421 5450 1769 5516 personarum

176 5504 395 5569 sustulit
414 5504 652 5568 Jacobus
678 5504 744 5574 li,
774 5526 867 5564 rex
891 5509 1195 5577 Aragoniai,
1231 5504 1356 5561 ann.
1388 5504 1559 5561 1269:
1597 5504 1771 5560 Nolu-

177 5601 288 5639 ms
311 5589 469 5655 quod
501 5597 727 5655 persona
749 5580 971 5647 alicujus
999 5580 1314 5655 pignorctur,
1345 5577 1774 5655 oel_ra_tionc_.ali-

176 5648 595 5729 quus'pignoris
609 5652 867 5721 capiatur,
889 5662 977 5703 aut
1002 5652 1285 5729 detineatur
1297 5665 1388 5718 pro
1409 5648 1575 5729 debito
1592 5648 1771 5728 alieno

178 5718 631 5781 ilt'terra'nostra.
650 5718 702 5779 ,⁷.
748 5737 987 5792 quoniam
1022 5737 1137 5774 cum
1165 5721 1355 5773 vicinus
1386 5734 1477 5790 pro
1496 5718 1668 5792 uicina
1696 5718 1773 5785 pi-

177 5810 468 5862 gnorat”,
500 5796 694 5867 sufﬁcit
725 5789 861 5862 quod
889 5808 966 5845 res
989 5801 1034 5844 et
1068 5806 1166 5844 non
1194 5789 1409 5860 persona
1454 5789 1774 5860 pignoretur.

180 5867 478 5921 limes.

1865 3122 1911 3173 ei
1965 3118 2179 3174 favebat
2227 3119 2537 3178 interiorem
2570 3128 2772 3187 partem
2804 3120 3105 3187 p.ttriarchii
3135 3121 3321 3185 tenuit,
3352 3120 3453 3174 Pa-

1866 3190 2060 3246 schalis
2082 3191 2401 3244 exteriorem
2450 3197 2651 3256 partem
2681 3192 2748 3244 ab
2775 3192 3013 3245 oratorio
3058 3190 3227 3244 sancti
3273 3191 3451 3245 Silve-

1866 3261 1959 3314 Stri
1989 3272 2043 3314 et
2059 3260 2276 3315 basilica
2305 3260 2494 3330 domus
2521 3259 2696 3320 iuliae,
2727 3275 2847 3326 qua:
2894 3274 3057 3330 super
3085 3275 3329 3327 campum
3363 3277 3453 3315 re-

1866 3332 2043 3398 spicit,
2075 3329 2647 3399 occnpavit.’Cumque
2684 3344 2823 3383 unus
2860 3331 3013 3385 alteri
3045 3330 3218 3384 locum
3258 3331 3455 3387 cedere

1868 3404 2052 3465 nollet,
2085 3401 2339 3471 primates
2376 3398 2614 3468 judicum
2645 3408 2703 3455 et
2729 3404 2997 3455 exercitus
3029 3400 3283 3454 Romamn
3312 3402 3455 3456 utili-

1870 3473 1975 3533 tite,
2005 3482 2061 3527 et
2086 3471 2214 3525 cleri
2247 3471 2474 3539 plurima
2506 3484 2628 3539 pars
2656 3479 2709 3524 et
2750 3473 3048 3540 prmsertim
3079 3473 3451 3537 sacerdotum,

1868 3543 1931 3596 ad
1954 3557 2164 3596 sacrum
2191 3543 2441 3609 palatium
2467 3555 2778 3607 perrexere,
2810 3551 2866 3596 et
2900 3542 2992 3595 diu
3030 3542 3157 3610 quid
3188 3543 3452 3610 agendum

1867 3623 2008 3667 esset
2039 3621 2422 3680 pertractantes
2442 3654 2458 3678 ,
2491 3610 2602 3664 Deo
2630 3622 2917 3675 annuente,
2948 3626 3159 3666 summo
3179 3626 3449 3667 consensu

1871 3687 2085 3737 tertium
2113 3684 2409 3752 elegerunt.
2440 3680 2686 3751 Sergium
2716 3683 2919 3737 scilicet
2945 3683 3002 3737 S.
3032 3682 3097 3736 Β.
3142 3682 3202 3736 Ε.
3228 3684 3449 3752 ρτθδϋγέ

1869 3764 2064 3821 termn,
2112 3756 2324 3807 natione
2365 3752 2578 3822 Syrum,
2613 3752 2780 3820 patria
2809 3752 3221 3815 Antiocltenum,
3252 3751 3455 3805 Tiberii

1870 3823 2055 3889 lilium,
2087 3824 2335 3877 Panormi
2368 3821 2420 3876 in
2437 3821 2613 3877 Sicilia
2637 3822 2944 3889 educatum,
2965 3839 3118 3888 quem
3142 3822 3453 3875 Adeodatus

1870 3896 2107 3964 pontifex
2137 3896 2188 3948 in
2227 3892 2523 3964 Romanum
2556 3892 3236 3964 clerum_ad0ptaverat,_et
3262 3893 3370 3945 Leo
3402 3890 3449 3964 li

1869 3961 2240 4036 presbyterum
2269 3962 2727 4036 ordinaratlEnm
2761 3961 2940 4036 itaque
2966 3961 3035 4015 de
3063 3961 3456 4036 mediopopuli

1871 4028 2118 4089 tollcn'tes
2143 4036 2193 4103 in
2237 4032 2509 4103 oraculum
2551 4028 2875 4103 B.fCa:sarii
2917 4028 3165 4103 martyris
3209 4028 3450 4103 ChriSti,

1868 4109 2005 4173 quod
2037 4112 2119 4157 est
2155 4100 2293 4157 intra
2324 4102 2598 4173 palatium,
2630 4100 3070 4173 introduxerunt,
3089 4110 3144 4156 et
3166 4101 3364 4173 exinde
3394 4103 3449 4156 in

1868 4172 2226 4228 Laterancnse
2270 4172 2598 4239 episcopium
2636 4184 2758 4224 cum
2806 4172 3020 4225 laudum
3064 4172 3454 4226 acclamatione

1868 4245 2223 4297 deduxerunt.
2272 4243 2460 4311 Sergio
2500 4240 2735 4311 legitimo
2778 4243 3010 4309 pontilici
3055 4252 3246 4309 sponte
3288 4242 3457 4295 cessit

1871 4312 2216 4379 Theodorus;
2242 4311 2530 4378 Paschalis,
2555 4315 2608 4366 in
2630 4311 2916 4365 schismate
2944 4313 3216 4379 pertinax,
3235 4320 3458 4366 coactus

1796 4403 1850 4466 Β
1875 4386 2045 4454 ipsum
2077 4384 2357 4466 salutavit,
2376 4384 2467 4466 sed
2503 4398 2613 4466 suae
2643 4382 2887 4436 lactionis
2914 4380 3218 4436 hominibus
3249 4383 3458 4466 [favens

1875 4451 1996 4508 nam
2048 4456 2258 4513 missis,
2307 4454 2507 4507 dictum
2546 4451 2807 4507 Joannem
2857 4464 3210 4523 cognomento
3256 4451 3456 4523 Platyn

1872 4526 2159 4579 exarchnm
2220 4525 2442 4577 Romam
2491 4523 2790 4586 advocavit,
2836 4521 2945 4592 qui'
2975 4523 3073 4591 ipsi
3121 4521 3454 4592 pontiﬁcium

1875 4611 2070 4650 nomen
2095 4609 2157 4649 ac
2179 4592 2483 4663 dignitatem
2513 4603 2817 4647 assereret:
2849 4591 3142 4657 esarcltns,
3173 4607 3293 4645 cum
3323 4591 3454 4645 Ser-

1872 4666 2013 4735 gium
2049 4662 2298 4734 legitimis
2319 4662 2583 4735 sullragiis
2602 4678 2667 4716 ex
2688 4665 2956 4735 communi
2976 4677 3249 4735 consensu
3279 4663 3457 4735 vidis-

1874 4732 1954 4789 set
1983 4736 2034 4788 in
2065 4732 2195 4789 sede
2216 4734 2383 4787 sancti
2415 4732 2555 4787 Petri
2599 4734 2938 4797 collocatum,
2970 4732 3212 4787 Paschali
3258 4732 3462 4786 sull‘ra-

1875 4808 1987 4876 gari
2019 4821 2124 4859 non
2155 4805 2335 4867 valuit,
2380 4808 2472 4857 sed
2503 4817 2533 4855 a
2564 4802 2750 4876 Sergio
2775 4804 2953 4876 exegit
2977 4812 3189 4876 centum
3237 4802 3354 4855 auri
3390 4801 3463 4855 li-

1878 4872 2020 4940 bras,
2047 4891 2178 4944 quas
2209 4876 2309 4943 ipsi
2354 4872 2683 4941 promiserat
2719 4872 3009 4927 Paschalis.
3038 4875 3183 4944 Quas
3228 4885 3350 4944 cum
3400 4887 3464 4925 se

1877 4961 1976 5001 nec
1999 4942 2303 5014 promisisse
2327 4953 2713 4999 contestaretur
2729 4944 2968 5013 Sergius,
2994 4958 3091 5014 nec
3121 4943 3229 4998 illis
3249 4942 3464 5014 solven-

1876 5020 1959 5071 dis
1989 5012 2281 5070 Ecclesiam
2309 5015 2436 5069 satis
2459 5029 2602 5079 esse,
2626 5024 2681 5067 et
2705 5015 2773 5068 ad
2817 5012 3134 5068 ﬂectendum
3160 5012 3458 5067 exarchum

1875 5089 2159 5143 cantharus
2204 5096 2259 5140 et
2299 5099 2546 5148 coronas,
2588 5099 2710 5155 quae
2752 5096 2879 5137 ante
2927 5099 3137 5137 sacrum
3168 5087 3460 5155 altare,_et

1875 5160 2265 5214 confessionem
2304 5155 2444 5210 beati
2485 5151 2623 5210 Petri
2650 5169 2714 5209 ex
2745 5155 2961 5223 antiquo
3000 5156 3323 5224 pendebant,
3359 5151 3456 5204 de-

1877 5229 2001 5298 poni
2025 5230 2293 5297 iussisset,
2324 5235 2379 5281 et
2420 5228 2473 5280 in
2515 5227 2704 5295 pignus
2730 5226 2892 5298 tradi,
2927 5225 3095 5298 nihilo
3117 5224 3286 5298 magis
3308 5234 3459 5275 com-

1876 5292 2055 5354 inotus
2080 5308 2164 5353 est
2194 5292 2353 5371 homo
2382 5292 2619 5365 pecunia:
2657 5297 2866 5361 avidus,
2914 5309 3013 5371 nec
3037 5292 3310 5371 “Ecclesia:
3340 5304 3458 5371 nio-

1876 5373 2047 5424 lestus
2071 5383 2192 5424 esse
2220 5367 2401 5431 deoill,
2431 5370 2604 5422 donec
2630 5375 2844 5421 centum
2875 5367 2989 5420 auri
3036 5365 3196 5418 libras
3214 5365 3455 5426 accepis-

1875 5451 1977 5495 set.
2035 5438 2150 5493 Non
2192 5438 2360 5492 multo
2412 5446 2531 5506 post
2582 5438 2769 5506 magiae
2818 5440 3089 5492 convictus
3115 5431 3406 5510 faschalis
3434 5466 3465 5495 ,λ

1875 5511 2143 5581 pontillcis
2170 5501 2436 5582 sententia
2462 5511 2531 5561 ab
2568 5501 3029 5582 arcliidiaconatus
3073 5501 3253 5582 officio
3304 5501 3469 5581 dejeg

1873 5576 1992 5636 ctus
2017 5592 2120 5647 est,
2150 5590 2206 5633 et
2234 5580 2286 5632 in
2335 5578 2715 5635 monasterium
2743 5580 3014 5637 detrusus,
3045 5576 3133 5625 ubi
3164 5576 3461 5640 postqn'tll-

1876 5653 2165 5720 quennium
2196 5653 2536 5718 impcenitens
2577 5649 2732 5705 obiit.
2762 5649 2889 5704 Hae
2922 5650 3175 5700 constant
3201 5656 3266 5698 ex
3308 5649 3459 5696 Ana-

1884 5725 2071 5775 stasio.
2106 5721 2315 5775 PAGIUB.
3446 5733 3453 5739 ν

1884 5725 2071 5776 stssio.
2106 5725 2315 5776 PAGIUB.
3446 5733 3470 5751 ο.

3989 192 3991 217 l

3989 322 3991 345 ι

3990 352 3991 405 l

3989 426 3991 481 4

3990 548 3991 567 l

3989 590 3991 627 l

3990 684 3991 709 ι
