4000 6334
561 315 627 369 I9
1923 315 2211 372 SERGIUS
2252 314 2452 369 PAPA.
3747 326 3818 381 go

558 436 580 463 ι
613 427 744 493 Qum
788 434 844 481 et
885 428 1033 496 quasi
1062 426 1396 497 synodaliter
1421 426 1662 492 dellnita,
1692 438 1746 481 et
1773 426 1825 479 in
1855 440 1948 481 sex
1972 427 2135 481 tomis
2162 431 2211 491 Α
2236 425 2426 481 urbem
2456 427 2520 480 ad
2552 429 2999 493 confirmandum,
3027 431 3106 483 vel
3142 431 3193 483 in
3241 430 3502 498 superiori
3549 433 3666 487 loco
3691 436 3816 489 sub-

554 516 823 585 descripta
850 518 1079 571 a'tribus
1120 519 1453 588 patriarehis,
1484 518 1537 572 id
1572 529 1651 572 est
1671 527 1713 583 ι,
1746 516 2127 581 Alexandrino,

557 605 1179 677 Constantinopolitano,
1223 617 1279 665 et
1325 607 1689 674 Antiocheno,
1746 608 1828 662 vel
1874 608 2132 663 caeteris‘

2234 519 2576 574 scribendum
2624 522 2811 591 Sergio
2863 522 3120 591 pontiﬁci,
3169 532 3352 591 utpote
3376 524 3534 594 capiti
3576 526 3817 581 omnium

2236 613 2600 676 sacerdotum,
2654 610 2865 668 direxit.
2918 614 3017 681 Qui
3061 614 3400 669 beatissimus
3451 615 3709 684 pontifex,
3761 628 3818 674 ut

554 698 885 765 consulibus,
909 699 1043 769 qui'
1071 700 1122 754 in
1155 709 1395 768 tempore
1435 700 1546 754 illic
1572 707 1955 763 convenerant,
1996 699 2135 752 sub-
2235 701 2434 757 dictum
2466 713 2571 768 est,
2617 704 2826 772 penitus
2864 706 3036 759 eidem
3087 705 3388 759 Justiniano
3424 706 3662 775 Augusto
3709 722 3813 760 non

553 788 752 857 scripta
782 799 953 855 erant,
986 805 1250 860 manuque
1279 792 1537 859 imperiali
1561 788 2137 857 corit‘trniata,bmissis

556 879 605 930 in
632 879 919 946 Lucellum,
934 882 1073 952 quod
1097 881 1119 913 δ
1141 882 1387 936 scebrum
1401 884 1615 936 carnale
1637 881 1898 935 vocitatur
1918 881 1969 933 iu
1998 881 2131 934 hanc

2236 792 2521 860 acquievit,
2547 808 2645 848 nec
2676 795 2891 849 eosdem
2915 803 3089 849 tomos
3115 797 3407 862 suscipere,
3434 807 3523 849 aut
3546 796 3567 827 '
3586 798 3817 852 lectione

2238 883 2473 952 pandere
2508 899 2691 952 passus
2712 894 2814 938 est.
2850 894 2871 923 ο
2899 885 3060 939 Porro
3086 899 3180 939 eos
3210 895 3265 939 ut
3296 885 3561 939 invalidos
3590 889 3815 953 respuit,

1748 993 2140 1048 VAIKIANTISS
2178 992 2576 1052 LECTIONES.

627 1091 643 1120 '
669 1089 777 1155 Al._,
806 1086 1094 1150 Constant.,
1128 1087 1378 1142 Alexand.

625 1161 645 1190 ⁸
668 1158 800 1212 Cod.
845 1159 970 1212 Luc.
998 1169 1050 1213 et
1076 1159 1173 1222 al.,
1203 1156 1522 1225 prwsulibus.

625 1229 650 1261 ⁸
675 1226 806 1283 Cod.
841 1228 993 1293 l.uc.,
1026 1245 1083 1281 eo
1110 1238 1354 1298 tempore.
1406 1264 1413 1269 -

2312 1087 2333 1117 ⁸
2359 1088 2493 1142 Cod.
2525 1089 2676 1152 an.,
2703 1088 2929 1143 chartale
2954 1105 2972 1154 ,'
3007 1089 3153 1144 locus
3178 1100 3492 1159 corruptus;
3524 1092 3620 1155 al.,
3645 1096 3824 1150 scebro

2238 1159 2436 1210 carnali
2458 1162 2723 1212 vocitatur.

2308 1225 2332 1260 ⁵
2358 1228 2492 1284 Cod.
2516 1229 2671 1298 Luc.,
2699 1229 2918 1285 lectioni.

1863 1337 2219 1395 VARIORUM
2259 1339 2490 1396 ΝΟΤᾸζ.

554 1455 1012 1519 tuetropolitanus,
1055 1467 1174 1507 eam
1216 1452 1533 1522 legationem
1566 1460 1691 1506 tunc
1734 1451 1883 1507 solus
1912 1450 2121 1515 obibat,

554 1528 694 1579 unde
736 1526 788 1579 iu
814 1524 960 1594 calce
999 1521 1477 1594 canonum'synodi
1516 1536 1575 1576 se
1606 1521 1848 1594 inscribit
1893 1521 2123 1594 legatum

558 1595 716 1647 totius
732 1593 920 1665 synodi
946 1594 1197 1665 Ecclesite
1223 1591 1497 1665 Bouiania,
1517 1591 1762 1665 exemplo
1785 1592 1943 1665 trium
1977 1593 2122 1659 lega-

553 1675 725 1717 torum
756 1660 1047 1731 Agathonis
1076 1674 1131 1718 et
1157 1664 1347 1733 synodi
1368 1662 1747 1727 Occidentalis,
1770 1660 1862 1730 qui
1890 1660 1944 1716 in
1974 1670 2122 1715 sexta

550 1735 757 1806 synodo
780 1733 881 1787 hoc
908 1748 1101 1788 nomen
1129 1741 1550 1806 assumpseraut.

624 1804 848 1859 Centum
878 1813 931 1857 et
957 1805 1060 1858 duo
1082 1818 1311 1859 canones
1339 1804 1393 1857 in
1435 1804 1534 1857 hac
1574 1800 1778 1872 synodo
1806 1801 1933 1856 editi
1976 1810 2121 1865 sunt,

558 1885 612 1927 nt
648 1882 911 1928 testantur
954 1885 1170 1928 sanctus
1216 1874 1494 1942 Tarasius,
1527 1872 1755 1935 septima
1797 1872 2126 1942 synodusiu

553 1946 873 1999 refutatione
908 1953 1206 1999 conventus
1248 1942 1633 2006 iconoclastici,
1667 1942 1887 1995 Pbotius
1937 1944 1990 1995 in
2019 1941 2124 1996 No-

555 2029 873 2076 niocziuone,
896 2024 950 2070 et
987 2024 1173 2069 auctor
1201 2014 1364 2069 libelli
1408 2012 1671 2078 synodici.
1708 2012 1785 2065 Ex
1818 2012 1917 2065 illis
1946 2014 2126 2079 plures

552 2085 909 2151 sunt-optimi,
938 2094 992 2140 et
1018 2085 1107 2152 qui
1133 2085 1403 2140 autimam
1436 2083 1690 2138 Ecclesiae
1712 2080 2042 2150 disciplinam
2071 2089 2129 2152 ut

554 2157 841 2219 plurimum
882 2151 1148 2210 redolent.
1193 2155 1344 2210 Unde
1391 2167 1511 2207 cum
1539 2152 1748 2222 plurimi
1780 2156 1885 2204 sint
1931 2151 2124 2206 laudati

550 2226 778 2297 iureque
806 2225 1080 2297 laudandi,
1120 2239 1225 2278 non
1266 2234 1390 2278 sunt
1417 2237 1605 2297 omnes
1650 2224 1716 2275 ab
1748 2223 1983 2276 Ecclesia
2023 2224 2129 2297 lto-

554 2289 712 2351 inana
741 2295 950 2366 rejecti,
989 2294 1087 2366 sed
1132 2304 1337 2348 tantum
1361 2295 1617 2363 quinque,
1649 2307 1839 2359 nempe
1868 2306 2039 2344 canon
2069 2289 2125 2354 9.,

557 2382 663 2436 quo
692 2364 960 2436 octoginta
1001 2364 1237 2435 quinque
1263 2366 1624 2436 apostolorum
1656 2371 1966 2436 canoneset
1998 2376 2129 2414 cou-

556 2431 863 2491 ﬂitutionés
913 2431 1273 2489 decernuntur
1303 2431 1664 2487 admittenda:
1689 2474 1705 2499 ,
1744 2431 1900 2486 sicuti
1941 2441 1994 2485 et
2036 2446 2128 2484 ca-

558 2522 662 2560 non
700 2506 784 2570 l3,
813 2522 920 2574 quo
949 2507 1028 2561 lex
1058 2504 1407 2559 ecclesiastici
1430 2503 1703 2558 cmlibatus
1724 2501 2047 2574 concutitur,
2076 2510 2130 2574 et

555 2571 853 2632 castissima
914 2577 1167 2629 Romana:
1217 2574 1472 2628 Ecclesia:
1524 2571 1933 2641 reprelienditur
1972 2571 2132 2624 disci-

557 2649 722 2713 plina,
759 2662 859 2716 qua
901 2650 1071 2699 sacris
1117 2646 1374 2699 ministris
1423 2659 1548 2716 usus
1598 2643 1830 2716 conjugii
1862 2642 2131 2716 interdici-

555 2711 664 2771 tur.
699 2711 837 2784 Quin
866 2718 1026 2770 etiam
1063 2729 1157 2769 eos
1201 2716 1289 2782 qui
1335 2715 1683 2784 presbyteris,
1716 2711 1976 2773 diacouis,
2006 2711 2131 2784 sub-

555 2782 795 2840 diaconis
824 2786 1258 2855 conjunctionetu
1298 2794 1351 2838 et
1381 2783 1827 2855 consuetudinem
1855 2796 1975 2834 cum
2004 2782 2130 2849 legi-

557 2857 685 2910 tima
715 2870 880 2910 uxore
912 2852 1642 2922 prohibuerintanathemate
1668 2853 1787 2905 l'erit
1816 2852 1916 2905 iste
1931 2866 2129 2922 canon.

561 2926 678 2980 Non
708 2935 791 2980 est
814 2921 978 2979 etiam
1023 2925 1351 2993 approbatus
1394 2939 1562 2975 canon
1603 2924 1694 2985 55,
1721 2921 2131 2993 quoqjejunium

553 2994 767 3051 Subhati
793 2997 846 3049 in
882 2991 1112 3049 Ecclesia
1137 2995 1372 3049 Romana
1398 2993 1804 3048 celeberrimum
1828 2991 2128 3044 damnatur.

557 3067 666 3121 Nec
696 3068 855 3120 etiam
878 3081 1051 3119 canon
1082 3065 1172 3129 67,
1206 3065 1581 3118 abstinentiam
1608 3079 1637 3115 a
1661 3064 1915 3130 sanguine
1940 3070 1998 3116 et
2023 3061 2121 3116 sui

559 3136 740 3192 t‘ocato
764 3134 1103 3195 clericis,sub
1124 3135 1472 3202 (ICpOaiIltlllIS
1496 3149 1646 3201 parua
1673 3133 1823 3186 laicis
1849 3135 1948 3185 sub
1977 3146 2128 3198 paena

556 3205 1145 3269 excommunicationis,
1177 3206 1485 3272 prohibens,
1505 3218 1727 3270 eantque
1757 3203 2127 3255 abstinentiam

560 3278 705 3333 velut
740 3292 804 3331 ex
835 3276 1027 3330 divina:
1057 3276 1347 3343 Scriptura:
1390 3275 1639 3326 mandato
1684 3274 1976 3327 etiamnum
2002 3277 2132 3324 obli-

557 3359 716 3417 gante
754 3348 1051 3414 imponens.
1098 3347 1203 3417 Nec
1238 3345 1383 3398 omni
1415 3360 1480 3397 ex
1500 3354 1660 3417 parte
1686 3347 2011 3417 approbatus
2051 3350 2132 3417 est

558 3413 726 3474 canon
771 3413 861 3482 δέ,
884 3433 989 3481 quo
1038 3415 1348 3483 prohibetur
1377 3429 1443 3468 ne
1472 3415 1712 3469 Christus
1756 3413 1995 3465 Salvator
2039 3416 2131 3466 de-

562 3489 812 3557 pingzitur
841 3489 890 3540 in
923 3487 1150 3555 imagine
1172 3485 1477 3557 agni,rsicu_t
1512 3494 1759 3557 ostensus
1785 3492 1866 3535 est
1896 3484 2132 3557 patribus

562 3554 610 3611 in
663 3554 823 3626 iigura
854 3597 871 3622 ,
930 3554 1047 3611 sed,
1080 3556 1131 3610 in
1179 3556 1406 3620 imagine
1454 3554 1720 3619 hominis,
1766 3566 1869 3621 qua
1917 3554 2129 3606 demum

560 3644 744 3684 omnes
771 3637 893 3682 sunt
920 3627 1223 3695 adimpletm
1261 3626 1461 3694 ligone.

631 3699 733 3753 Alii
763 3713 1018 3763 canones,
1058 3692 1191 3766 quos
1222 3692 1345 3765 jure
1378 3694 1667 3748 laudandos
1695 3692 1945 3766 diximus,
1979 3702 2034 3746 ut
2064 3708 2125 3747 ex

560 3784 745 3825 eorum
777 3768 1006 3823 lectione
1029 3764 1350 3821 etexaiiiine
1375 3767 1593 3821 cuilibet
1621 3764 1838 3834 patebit,
1867 3779 1973 3817 non
2006 3776 2133 3818 sunt

559 3841 629 3895 ab
660 3840 897 3893 Ecclesia
939 3838 1176 3892 Romana
1219 3836 1427 3905 rejecti.
1461 3837 1526 3891 Ut
1556 3851 1697 3889 enim
1729 3834 1815 3888 hic
1859 3834 1927 3887 de
1958 3838 2131 3900 primo

560 3918 618 3963 et
643 3910 829 3963 ultimo
873 3916 1076 3962 tantum
1104 3907 1313 3972 loquar,
1348 3908 1550 3972 primus
1582 3907 1737 3960 litletu
1767 3919 1795 3956 a
1835 3918 1928 3958 ses
1955 3906 2134 3958 conci-

563 3979 646 4032 liis
674 3978 1021 4033 (BCMIIelllClS
1046 3978 1411 4031 conﬁrmatam
1442 3985 1495 4029 et
1536 3979 1601 4028 ab
1631 3976 1939 4042 :tptistnlzcis
1966 3978 2130 4028 tradi-

565 4060 674 4102 tam
721 4048 1096 4103 inviolabiliter
1146 4048 1462 4100 Set‘vultdatn
1516 4062 1637 4101 esse
1678 4049 1853 4099 docet.
1906 4045 2132 4100 Ultimus

565 4134 693 4172 vero
733 4119 1196 4184 praestantissimus
1229 4134 1321 4183 pro
1349 4118 1665 4185 excipienda
1691 4115 2029 4178 confessione
2054 4119 2131 4170 le-

563 4204 655 4259 ges
697 4196 752 4243 et
799 4198 1060 4255 prtecepta
1089 4188 1348 4250 continet,
1377 4198 1432 4241 et
1470 4202 1628 4259 quam
1671 4187 1963 4259 prudenter
2005 4202 2132 4257 erga

566 4258 880 4329 pmttitentes
912 4259 1160 4329 sacerdos
1184 4273 1243 4312 se
1269 4273 1455 4327 gerere
1479 4258 1691 4329 debeat.
1729 4258 1905 4324 Ipsum
1936 4272 2131 4329 nempe

565 4328 907 4385 Considerare
953 4328 1154 4383 debere
1201 4332 1402 4392 peccati
1441 4328 1776 4399 qualitatem,
1831 4328 2130 4399 peccatoris

564 4414 663 4469 pro
688 4399 1035 4453 conversione
1061 4407 1293 4452 :estuans
1322 4399 1667 4457 desiderium,
1699 4404 1753 4451 et
1792 4398 1977 4449 morbo
1999 4410 2123 4469 cou-

2231 1466 2357 1504 num
2387 1452 2447 1507 ll.
2476 1452 2653 1510 Satius
2677 1454 2780 1509 erit
2811 1455 3157 1510 Anastasisna
3187 1456 3347 1509 verba
3371 1456 3497 1510 huic
3535 1457 3651 1511 loco
3680 1459 3815 1512 sub-

2226 1520 2413 1593 jicere,
2447 1533 2503 1577 ut
2546 1526 2769 1593 quisque
2800 1529 2955 1581 unico
2999 1526 3186 1578 obtutu
3235 1527 3601 1593 deprehendat
3635 1542 3700 1581 an
3743 1529 3821 1581 ab

2228 1591 2415 1665 eodem
2443 1594 2647 1648 calamo
2687 1591 2958 1662 potuerint
3008 1591 3432 1660 proliciscipium
3478 1612 3537 1647 ea
3580 1612 3698 1665 qua:
3744 1597 3817 1653 de

2229 1661 2438 1735 duobus
2460 1678 2620 1733 supra
2646 1661 2859 1719 centum
2890 1666 3181 1720 cananibus
3220 1668 3406 1735 synodi
3435 1661 3679 1720 erraticas
3726 1667 3817 1723 hic

2151 1753 2201 1815 Β
2233 1732 2500 1815 leguntur,
2530 1732 2655 1815 tum
2685 1750 2745 1790 ea
2776 1751 2893 1815 qua:
2923 1738 2989 1815 de
3035 1736 3234 1815 eisdem
3251 1732 3335 1815 liu_
3369 1748 3592 1815 utraque
3623 1738 3817 1815 praefa-

2232 1804 2373 1873 tjoue
2416 1807 2775 1860 euuntiantur.
2815 1807 2869 1860 in
2903 1808 3069 1873 prima
3111 1806 3221 1858 lucc
3254 1806 3409 1859 habet
3458 1807 3815 1861 Auasrasius:

2231 1871 2451 1937 Regulos
2476 1892 2603 1941 quas
2644 1875 2813 1928 Grmci
2856 1894 2887 1929 a
2906 1871 2967 1928 ‘vt
2993 1876 3188 1944 synodo
3218 1875 3479 1942 perhibent
3520 1878 3716 1938 editas,
3746 1880 3823 1932 ita

2226 1945 2280 1995 in
2305 1944 2400 1995 hac
2428 1961 2520 2012 syn
2540 1946 2624 1997 )dU
2654 1947 2949 2014 principalis
2970 1948 3114 1998 sedes
3148 1947 3392 2009 admittit,
3435 1956 3488 1998 ut
3519 1946 3815 2000 nullatenus

2226 2027 2290 2085 ea:
2329 2014 2411 2085 his
2437 2015 2544 2067 illa:
2591 2017 2923 2085 recipiantur,
2954 2029 3071 2083 qua:
3110 2016 3365 2077 prioribus
3412 2017 3690 2070 rationibus
3734 2019 3813 2071 vel

2227 2082 2440 2155 decretis
2490 2082 2785 2138 sanctorum
2832 2086 2989 2155 hujus
3034 2085 3170 2137 sedis
3215 2086 3532 2153 pontiﬁcum,
3567 2097 3653 2139 aut
3681 2097 3818 2139 certe

2228 2154 2369 2205 bonis
2420 2156 2679 2217 moribus,
2714 2154 3038 2209 inveniuntur
3077 2155 3319 2218 adversar,
3373 2157 3599 2222 quamvis
3643 2173 3823 2212 omnes

2229 2223 2473 2297 hactenus
2506 2241 2568 2278 ea:
2587 2234 2690 2277 toto
2713 2235 2953 2297 maneant
2974 2224 3113 2291 apud
3144 2223 3349 2281 Latinos
3378 2227 3668 2297 incognitae,
3689 2230 3817 2286 quia

2232 2309 2320 2345 nec
2344 2295 2707 2363 interpretatio.
2737 2294 2842 2350 διά
2873 2312 2964 2348 nec
2993 2298 3045 2347 in
3066 2305 3363 2350 ca'tcrarum
3392 2294 3819 2364 patriam/talium

2230 2365 2448 2436 sedium.
2479 2366 2590 2417 licet
2616 2364 2799 2419 erca
2825 2376 3031 2418 utantur
3060 2367 3254 2432 linquo.
3286 2368 3611 2436 reperiuntur
3642 2368 3816 2420 archi-

2231 2434 2322 2494 vis,
2375 2434 2617 2488 nimirum
2643 2438 2765 2505 quia
2811 2438 2951 2490 nulla
2979 2452 3185 2499 earum,
3231 2434 3351 2489 cum
3386 2438 3674 2501 ederentur,
3726 2448 3817 2491 aut

2202 2558 2205 2561 ἰ
2231 2508 2596 2569 promulqans,
2626 2512 2714 2559 aut
2760 2509 3093 2570 consentiens,
3132 2517 3219 2557 aut
3249 2509 3429 2559 saltent
3475 2522 3697 2573 praesens
3741 2509 3820 2561 in-

2232 2584 2379 2625 venta
2406 2587 2499 2629 est.
2535 2575 2839 2641 Quanquam
2868 2577 3069 2629 eosdem
3119 2576 3232 2628 Pati
3245 2592 3297 2628 es
3344 2576 3459 2628 illas
3496 2574 3663 2629 (ἔτιτσί
3693 2594 3821 2645 pro-

2236 2648 2468 2714 mitigare
2492 2647 2810 2713 perhibeant,
2838 2647 2924 2709 qui
2965 2647 3016 2697 in
3045 2654 3185 2698 sexta
3221 2645 3419 2714 synodo
3446 2656 3564 2697 sunt
3605 2648 3820 2703 inventi.

2235 2712 2342 2767 Sed
2372 2718 2467 2767 hoc
2496 2712 2663 2767 nullis
2712 2720 2925 2780 probare
2966 2718 3111 2768 certis
3156 2712 3363 2778 possunt
3391 2715 3619 2768 iudiciis.
3654 2718 3707 2769 In
3738 2723 3822 2771 al-

2236 2795 2345 2835 tera
2378 2800 2505 2838 vero
2535 2787 2841 2852 praefatione
2873 2802 2885 2837 :
2915 2783 3105 2851 (ἐτωσὶ,
3135 2785 3324 2853 inquit,
3351 2793 3396 2835 et
3416 2785 3519 2837 alia
3544 2789 3824 2841 ostendunt

2235 2854 2529 2921 regularum
2561 2872 2829 2908 numerosa
2874 2864 2921 2908 et
2966 2867 3374 2921 prwsumptuosa
3411 2860 3535 2908 satis
3566 2858 3825 2924 capitula,

2234 2930 2415 2991 priscae
2441 2926 2707 2978 traditioni
2736 2942 2861 2990 pene
2888 2925 3060 2977 omnia
3081 2927 3226 2978 valde
3252 2929 3532 2987 contraria,
3565 2942 3677 2989 qua:
3706 2944 3742 2979 a
3768 2943 3819 2981 Vl

2234 2994 2430 3061 synodo
2455 2996 2717 3063 perhibent
2753 2996 3096 3065 promulgata,
3125 3012 3244 3048 cum
3286 2998 3587 3065 vrsynodus
3617 2998 3822 3050 nullam

2236 3067 2497 3131 pertulerit
2526 3075 2709 3133 praeter
2738 3064 2858 3134 ﬁdei
2889 3066 3141 3133 regulam.
3174 3066 3280 3119 Sed
3310 3064 3436 3133 quas
3476 3069 3587 3133 ejus
3613 3084 3825 3121 asseve-

2236 3144 2349 3186 rant
2375 3138 2601 3204 regulas,
2633 3134 2783 3205 longe
2803 3146 2912 3203 post
2939 3150 2989 3188 Vl
3016 3137 3270 3204 synodum
3291 3141 3427 3203 apud
3456 3138 3594 3206 ipsos
3616 3147 3823 3191 constat

2233 3221 2388 3276 penes
2413 3223 2465 3257 se
2492 3206 2824 3274 privatimque
2853 3206 3195 3276 depromptas.
3231 3206 3470 3259 Mart-ms.

2307 3275 2332 3310 ι’
2366 3275 2415 3327 Μ
2427 3277 2553 3329 issus
2583 3278 2636 3328 in
2660 3275 2923 3341 locellum,
2948 3277 3087 3345 quod
3115 3280 3348 3331 scebrutn
3389 3278 3591 3331 carnale
3618 3279 3824 3331 vocita—

2236 3353 2338 3405 tur,
2365 3347 2419 3398 in
2448 3346 2581 3399 hanc
2610 3345 2897 3398 Romanam
2930 3348 3099 3400 urbem
3138 3347 3204 3399 ad
3234 3347 3659 3415 conﬁrmandum.
3687 3349 3827 3405 Sce-

2237 3415 2386 3488 lirum
2431 3425 2535 3488 est;
2562 3417 2849 3488 horreum,
2897 3417 3023 3488 inde
3043 3418 3442 3488 Aemeiidandus
3487 3418 3825 3488 lngulphos,

2237 3485 2287 3557 iu
2342 3485 2593 3540 Chronic.
2647 3486 2979 3557 Croylauil.:
3026 3484 3224 3552 prit,
3268 3486 3517 3556 largiente
3550 3484 3828 3554 Domino,

2234 3553 2377 3608 bonis
2401 3560 2632 3610 omnibus
2656 3553 2936 3620 abundare,
2967 3565 3020 3608 ut
3055 3567 3158 3609 tam
3186 3560 3237 3610 in
3265 3553 3516 3610 theiauris
3553 3574 3613 3609 ac
3666 3553 3825 3612 scan;

2234 3626 2320 3688 ris,
2350 3643 2503 3694 quant
2527 3628 2581 3679 in
2621 3628 2766 3679 terris
2792 3642 2853 3678 ac
2886 3628 3199 3690 tenementis,
3224 3628 3271 3680 ei
3292 3644 3383 3696 pro
3416 3629 3593 3693 primis
3617 3631 3826 3683 amissis

2233 3697 2463 3767 duplicia
2516 3698 2835 3762 postmodum
2888 3698 3238 3751 redderentur.
3282 3700 3384 3751 l’ro
3411 3700 3641 3762 scauris,
3699 3701 3825 3767 lege

2233 3766 2437 3827 scebris.
2475 3768 2555 3821 vel
2586 3767 2792 3821 securis.
2828 3772 3139 3820 ALTASEMM
3169 3806 3183 3820 .

2310 3849 2331 3874 ε
2369 3837 2530 3890 l’orro
2582 3855 2664 3889 eos
2714 3849 2767 3890 ut
2816 3838 3065 3890 invalidos
3104 3838 3319 3905 respuit.
3362 3837 3514 3901 Quod
3544 3840 3825 3904 praecipue

2235 3909 2400 3959 movit
2442 3907 2745 3974 pontiﬁcem
2778 3909 2841 3960 ad
2874 3906 2923 3959 id
2951 3908 3241 3960 concilium
3293 3907 3661 3974 rejiciendum,
3716 3909 3825 3963 fuit

2234 3979 2605 4045 episcoporum
2659 3977 2889 4030 Orientis
2935 3979 3228 4039 temeritas,
3254 3977 3341 4043 qui
3378 3977 3637 4030 adversus
3662 3979 3822 4033 casti-

2236 4046 2417 4099 batum
2448 4050 2881 4114 presbyterorum
2915 4057 2967 4098 et
2996 4048 3360 4108 diaronorum,
3391 4061 3513 4100 eum
3541 4052 3823 4102 «vertendi

2234 4118 2434 4183 animo,
2471 4118 2540 4170 ita
2568 4119 2828 4171 deliuiunt
2854 4134 2865 4168 :
2896 4116 3148 4181 Quoniam
3181 4116 3427 4170 Romana:
3468 4117 3705 4170 Ecclesia:
3727 4136 3833 4182 pro

2233 4202 2429 4241 canone
2489 4187 2731 4240 traditum
2780 4205 2885 4239 esse
2939 4189 3264 4257 cognovimus
3310 4198 3364 4239 ut
3396 4189 3720 4256 promovendi
3754 4192 3826 4243 ad

2234 4260 2581 4320 diaconatum,
2634 4260 2708 4310 vel
2759 4259 3192 4324 presbyterorum,
3246 4259 3581 4324 proﬁteantur
3633 4273 3687 4310 se
3717 4275 3830 4313 non

2234 4330 2458 4388 amplius
2498 4331 2605 4381 suis
2634 4329 2875 4379 uxoribus
2922 4328 3322 4394 conjungendos,
3384 4344 3495 4383 nos.
3553 4334 3828 4390 antiquum

2236 4413 2481 4449 canoneut
2526 4398 2820 4463 apostolica:
2849 4396 3170 4465 perfectionis
3220 4396 3515 4465 ordinisqne
3545 4412 3828 4463 servantes,

564 4457 868 4523 'venientcm
896 4470 1235 4523 medicinam.
1270 4469 1474 4524 Debere
1500 4470 1804 4521 examinare
1838 4482 1903 4518 an
1932 4467 2127 4519 malum
2159 4457 2213 4517 D
2236 4469 2303 4520 lio
2326 4468 2499 4520 uinum
2525 4457 2611 4534 qui
2643 4478 2757 4518 sunt
2782 4457 3014 4519 insuerit
3055 4465 3281 4533 leqitima
3306 4457 3544 4536 conjiigia
3583 4457 3830 4537 deincepi

563 4544 768 4593 oriatur
787 4554 850 4593 es
877 4539 1085 4604 habitu,
1111 4554 1177 4591 an
1213 4555 1275 4592 ex
1310 4538 1633 4599 inﬁrmitate,
1662 4552 1729 4591 an
1772 4551 1835 4590 ex
1870 4551 2025 4603 prava
2053 4538 2131 4589 al-

565 4609 812 4664 lecttone.
847 4610 1080 4677 Denique
1103 4609 1385 4677 pastoralis
1424 4610 1587 4675 ipsius
1614 4621 1734 4662 esse
1754 4607 1914 4660 allicit
1946 4621 2133 4660 erran-

568 4689 673 4734 tem
702 4695 854 4733 ovem
893 4680 1173 4742 reducere,
1206 4679 1431 4746 ideoque
1458 4694 1615 4747 neque
1641 4694 1729 4747 per
1770 4679 2134 4746 desperationis

567 4750 850 4820 precipitia
897 4750 1121 4816 impellat
1154 4761 1508 4817 peceatotetn,
1543 4764 1631 4799 nec
1660 4749 1726 4799 ad
1755 4750 1867 4820 vitta
1906 4748 2132 4820 dissolu-

566 4818 752 4873 tionem
778 4829 823 4873 et
850 4829 1182 4890 contemptum
1206 4823 1351 4889 frena
1374 4824 1584 4871 relaxet.
1614 4818 1955 4890 Deioiiinibus
1976 4818 2132 4870 Trul-

568 4892 704 4944 lauat
730 4889 919 4961 synodi
951 4888 1379 4961 canonibustani
1424 4889 1730 4961 approbatis
1757 4902 1912 4961 quam
1947 4902 2132 4952 repro-

567 4961 706 5015 batis
738 4958 991 5030 legendus
1015 4959 1215 5026 Lupus,
1247 4958 1300 5013 in
1326 4958 1467 5013 notis
1490 4967 1544 5013 et
1570 4959 1789 5013 scholiis
1810 4958 1874 5012 ad
1899 4972 2136 5012 canones

566 5030 782 5086 concilii
806 5030 1060 5084 'I‘rullam.
1095 5031 1304 5083 PAGIUS.

639 5111 666 5139 α
695 5101 822 5165 θείω
840 5110 887 5153 et
912 5102 1060 5170 quasi
1084 5100 1397 5168 synodaliter
1418 5097 1663 5170 deﬁnita.
1684 5098 1781 5152 llic
1810 5098 1957 5152 locus
1978 5099 2137 5151 etiam

568 5171 689 5225 addi
718 5178 892 5239 potest
923 5166 1318 5239 probationibus
1346 5184 1479 5236 quas
1518 5166 1909 5239 eruditissimus
1952 5171 2141 5239 pricsul

567 5237 879 5306 Ciainpiuus
925 5237 1146 5294 adduxit
1192 5237 1291 5308 (In
1343 5238 1591 5308 Examine
1629 5237 1750 5308 libri
1799 5238 2139 5305 Pontiﬁcalis,

567 5320 690 5365 sect.
720 5310 778 5379 6)
807 5319 863 5363 ut
888 5313 1182 5373 evinceret,
1204 5306 1540 5379 ‘Anastasiutu
1565 5307 2024 5379 Bibliotliecarium
2049 5325 2146 5361 au-

566 5378 768 5435 ctorem
797 5395 901 5433 non
930 5393 1051 5433 esse
1074 5378 1311 5432 omnium
1345 5378 1577 5430 Vitarum
1608 5378 1913 5444 pontiﬁcum
1942 5392 2060 5444 qun
2092 5379 2142 5432 in

567 5453 754 5506 eodem
773 5449 1060 5504 Pontilicali
1084 5458 1208 5501 sunt
1228 5446 1438 5514 scriptae
1465 5483 1482 5509 ,
1526 5464 1643 5515 qua:
1663 5450 1765 5501 sub
1788 5448 1901 5513 ejus
1933 5449 2146 5503 nomine

569 5521 958 5592 typisvulgatte
984 5525 1127 5592 sunt.
1174 5522 1371 5571 Auctor
1396 5517 1536 5592 enim
1571 5516 1725 5592 hujus
1767 5515 1897 5592 Vita:
1925 5517 2094 5587 Sergii
2128 5521 2144 5573 Ι

571 5587 753 5645 scribit
789 5587 840 5643 iu
871 5589 969 5642 hac
996 5587 1231 5642 sectione
1263 5587 1543 5655 pugnantia
1567 5589 1789 5640 adversa
1821 5588 1994 5641 fronte
2022 5604 2144 5643 cum

571 5660 636 5715 iis
663 5673 783 5729 qua:
805 5660 1109 5729 Anastasius
1125 5655 1284 5710 refert
1302 5657 1353 5710 in
1364 5655 1780 5729 praefationibus
1800 5658 2147 5729 synodorum,

570 5725 969 5799 litut'septtitn-a:
993 5726 1056 5780 'ad
1082 5726 1338 5799 Joannem
1364 5725 1499 5796 VIII,
1521 5735 1631 5782 lutn
1654 5725 1851 5783 octavae
1872 5727 1941 5781 ad
1960 5725 2145 5784 Adriaé

2238 4553 2433 4606 quoque
2486 4538 2639 4605 ﬁrma
2683 4547 2729 4589 et
2773 4537 2975 4588 stabilia
3022 4551 3130 4587 esse
3188 4538 3451 4599 volumus,
3505 4553 3832 4605 nequaquam

2238 4624 2412 4660 eorum
2463 4624 2578 4660 cum
2614 4606 2854 4660 uxoribus
2885 4608 3291 4676 conjunrtiouem
3339 4607 3693 4671 dissoluentes,
3746 4613 3831 4663 vel

2236 4694 2339 4736 eos,
2366 4689 2537 4729 mutua
2570 4686 2789 4745 tempore
2812 4676 3121 4730 convenieati
3146 4678 3510 4733 consuetudine
3540 4681 3825 4746 privantes.

2243 4749 2577 4813 Quamobrem
2607 4750 2650 4800 si
2702 4746 2815 4815 quis
2860 4748 3052 4816 dignus
3074 4748 3303 4800 iuventus
3333 4751 3507 4815 fuerit,
3534 4749 3621 4816 qui
3650 4750 3828 4816 hypo-

2238 4820 2505 4882 diaconus,
2548 4817 2625 4870 vel
2657 4814 2939 4880 diaconus,
2976 4814 3053 4870 vel
3087 4814 3344 4886 presbyter
3370 4814 3650 4884 ordinetur,
3674 4814 3727 4870 is
3748 4821 3825 4871 ad

2241 4891 2391 4943 talem
2422 4888 2640 4958 gradum
2668 4888 2858 4941 assuuti
2887 4903 3205 4955 nequaquam
3242 4889 3566 4952 prohibeatur
3604 4889 3647 4941 si
3699 4905 3826 4942 cunt

2244 4957 2468 5030 legitima
2500 4975 2657 5012 uxore
2704 4957 2973 5011 cohabitet.
3006 4958 3115 5030 Sed
3142 4972 3301 5018 neque
3325 4960 3661 5010 ordinationis
3692 4967 3826 5011 tem-

2245 5028 2365 5092 pore
2405 5028 2468 5081 ab
2517 5044 2575 5082 ea
2604 5030 2886 5095 postuletur
2906 5036 2959 5079 ut
2984 5028 3286 5096 prpﬁteatur
3312 5044 3364 5081 se
3392 5044 3424 5078 a
3454 5030 3676 5095 legitima
3704 5044 3827 5082 cum

2246 5116 2403 5153 uxore
2417 5099 2780 5161 consuetudine
2809 5099 3250 5169 absteuturum....
3284 5096 3345 5152 Si
3374 5099 3484 5164 quis
3510 5115 3631 5169 ergo
3664 5100 3826 5165 fuerit

2242 5186 2420 5237 ausus,
2463 5181 2645 5237 prater
2686 5167 2993 5236 apostolicos
3022 5184 3240 5220 canones
3283 5170 3543 5231 incitatus,
3572 5167 3822 5237 aliquem

2243 5254 2421 5293 eorum
2448 5240 2533 5304 qui
2562 5248 2677 5292 sunt
2699 5241 2751 5290 in
2771 5241 2954 5299 sacris,
2980 5242 3388 5307 presbyterorum
3431 5238 3707 5305 inquimus,
3741 5241 3825 5292 vel

2244 5310 2596 5373 diarouorum,
2631 5308 2707 5361 vel
2758 5309 3245 5377 hypodiaconorum,
3293 5311 3655 5374 coniunctione
3698 5325 3822 5362 cum

2248 5380 2472 5449 legitima
2496 5394 2653 5432 uxore
2678 5387 2722 5432 et
2757 5379 3119 5431 consuetudine
3149 5378 3369 5449 privare,
3396 5385 3702 5445 deponatur.
3731 5378 3826 5433 Si-

2248 5447 2433 5502 militer
2456 5460 2502 5501 et
2529 5450 2573 5502 si
2597 5449 2710 5518 quis
2738 5449 3013 5518 presbyter,
3045 5449 3119 5500 vel
3141 5447 3571 5513 diaconus,suam
3603 5464 3820 5501 uxorem

2247 5521 2444 5589 pietatis
2466 5528 2711 5589 prwtextu
2748 5520 2969 5589 ejecerit,
2998 5529 3326 5588 segregatur;
3353 5529 3398 5571 et
3423 5520 3467 5571 si
3523 5528 3823 5583 perseveret,

2248 5588 2529 5657 deponatur
2547 5588 2693 5655 (Can.
2723 5588 2827 5652 I5).

2318 5660 2585 5714 Praeterea
2631 5660 2732 5713 hoc
2778 5658 3074 5712 Concilium
3122 5671 3354 5711 canones
3410 5657 3641 5712 habebat
3685 5658 3824 5712 alios

2252 5730 2467 5786 minime
2493 5729 2848 5800 recipiendos,
2881 5739 2932 5782 ut
2959 5726 3044 5797 qui
3078 5726 3285 5782 admitti
3330 5728 3739 5799 jul;etqutnque
3769 5745 3828 5783 or
