4000 6334
243 317 312 371 25
1154 312 1427 368 NUTITIA
1475 309 1833 368 lllSTOlllCA
1880 311 1942 365 IN
1982 308 2283 368 SERGlUM
2330 310 2579 365 ΡΑΡᾹΜ.
3433 311 3507 365 ’Ξεὶ

242 448 332 503 pro
350 430 527 485 salute
551 426 773 484 humani
796 426 1008 496 generis
1038 426 1104 478 ab
1125 424 1267 478 omni
1296 424 1490 493 populo
1509 422 1815 477 Christiano
1846 434 1891 490 Α
1921 423 2155 491 singulos
2202 423 2367 477 libras
2422 423 2653 491 triginta,
2706 424 2793 493 qui
2848 433 2973 479 sunt
3018 439 3181 494 super
3208 426 3388 480 trabes
3437 428 3504 479 ad

241 526 321 577 die
348 520 705 577 Exaltationis
753 528 952 573 sanctae
977 517 1151 572 crucis
1182 518 1233 569 in
1263 515 1481 568 basilica
1512 515 1823 579 Salvatnris,

243 631 353 685 qua:
368 611 1144 683 appellaturConstantiniana,
1184 609 1452 662 osculatur
1468 621 1528 659 ac
1551 606 1822 659 adorator.

246 707 333 760 ilic
347 704 473 759 fecit
486 702 772 771 imaginem
788 700 950 755 ‘beati
970 700 1106 753 Petri
1125 699 1373 765 apostoli,
1389 712 1507 765 quae
1522 707 1596 750 est
1613 696 1664 749 in
1681 706 1828 764 parte

245 798 551 852 mulierum.
574 803 602 831 ⁸
630 793 727 849 Hic
743 793 865 849 fecit
885 791 1371 863 thymiamaterium
1401 803 1620 843 aui-eum
1653 787 1828 855 majus

248 907 362 945 cum
388 888 693 952 columnis,
729 896 786 941 et
831 884 1174 954 coeperculo.
1204 882 1345 945 quod
1387 880 1662 950 suspendit
1703 888 1829 932 ante

250 986 505 1055 imagines
559 993 666 1039 tres
723 997 910 1037 aureas
968 979 1109 1035 beati
1167 977 1305 1033 Petri
1338 975 1591 1043 apostoli,
1641 973 1692 1026 in
1724 987 1831 1042 quo

252 1079 525 1131 incensum
552 1083 608 1129 et
637 1074 774 1127 odor
799 1060 1081 1126 suavitatis
1110 1067 1179 1123 fe-
1193 1068 1259 1122 tis
1281 1067 1469 1122 diebus
1494 1065 1617 1118 dum
1642 1061 1830 1117 missa-

254 1167 671 1233 rumsolemnia
731 1164 1071 1219 celebrantur
1134 1157 1488 1227 omnipotenti
1540 1155 1652 1210 Deo
1696 1168 1830 1222 opu—

254 1258 443 1311 lentius
499 1253 748 1308 mittitur.
804 1251 898 1306 Hic
949 1248 1212 1318 disposuit
1258 1247 1311 1301 in
1361 1244 1547 1299 absida
1594 1241 1829 1297 basilicae

255 1345 636 1415 suprascripta:
683 1357 846 1411 super
876 1340 1058 1396 sedem
1090 1341 1111 1371 ⁸
1139 1338 1461 1408 apallaream
1491 1341 1821 1412 argenteam,

259 1448 565 1506 pensantem
597 1435 794 1505 singul.
824 1433 985 1488 libras
1012 1440 1226 1486 centum
1259 1428 1464 1498 viginti.
1508 1426 1603 1481 llic
1628 1424 1750 1478 fecit
1777 1423 1831 1477 in

257 1528 468 1585 basilica
498 1525 865 1598 suprascripta
894 1523 1035 1578 faros
1067 1529 1350 1591 argenteos
1371 1533 1489 1583 sex,
1510 1517 1531 1547 ³
1553 1524 1836 1585 pensantes

1929 512 2229 579 ingressum
2259 511 2632 567 confessionis.

2003 603 2096 657 Hic
2142 602 2269 657 fecit
2310 606 2359 657 in
2414 604 2637 658 circuitu
2688 605 2875 660 altaris
2925 607 3162 662 basilica:
3203 611 3505 676 suprascri-

1930 702 2033 761 pta:
2057 693 2079 724 ⁸
2100 695 2339 748 tetravila
2370 706 2513 761 octo,
2549 705 2777 765 quatuor
2800 698 2819 729 ⁸
2842 713 2909 752 ex
2955 700 3111 765 albis,
3152 709 3207 754 et
3236 699 3258 731 ⁸
3280 710 3506 769 quatuor

1930 800 1998 838 ex
2033 785 2271 840 coccino.
2331 788 2446 851 llic,
2469 790 2489 820 "
2514 796 2711 845 tectum
2758 800 2811 843 et
2854 792 3097 847 cubicula
3130 807 3250 862 qua:
3279 793 3509 847 circum-

1932 890 2143 945 quaque
2172 878 2409 945 ejusdem
2443 881 2675 935 basilicaa
2710 893 2855 946 sunt,
2890 900 3008 954 qua:
3050 900 3143 953 per
3172 885 3328 955 longa
3361 894 3508 938 tem-

1933 981 2059 1033 pora
2091 968 2379 1024 stillicidiis
2405 979 2460 1025 et
2499 972 2779 1028 ruderibus
2803 973 3016 1029 fuerant
3037 975 3060 1006 ⁸
3082 974 3346 1044 disrupta,
3391 984 3535 1043 stu-1

1932 1057 2135 1111 diosius
2167 1058 2467 1125 innovavit,
2499 1078 2560 1115 ac
2601 1066 2887 1133 reparavit.
2915 1065 3013 1119 llic
3042 1065 3334 1131 musivum,
3365 1064 3507 1133 quod

1931 1162 1998 1200 ex
2031 1159 2180 1215 parte
2226 1150 2278 1204 in
2312 1151 2487 1205 fronte
2530 1153 2651 1206 atrii
2683 1155 2928 1223 ejusdem
2959 1156 3194 1211 basilica:
3224 1156 3399 1211 fuerat
3432 1156 3514 1209 di-

1931 1249 2133 1304 rutum,
2169 1242 2459 1297 innovavit.
2492 1243 2755 1301 Similiter
2803 1257 2857 1302 et
2886 1249 3101 1317 specula
3137 1247 3381 1317 ejusdem
3423 1262 3514 1301 ec-

1934 1332 2135 1397 c'esite,
2162 1336 2326 1403 'quae
2375 1350 2539 1405 super
2584 1337 2770 1392 sedem
2818 1347 2963 1406 sunt,
3004 1342 3089 1394 vel
3138 1339 3317 1408 regios
3357 1353 3515 1394 arcus

1937 1421 2170 1489 majores
2198 1435 2347 1489 sunt,
2394 1429 2691 1483 renovavit.
2722 1428 2748 1466 δ
2772 1427 2871 1483 Hic
2919 1444 3111 1498 corpus
3148 1428 3288 1484 beati
3323 1428 3515 1483 Leonis

1941 1514 2303 1581 probatissimi
2342 1518 2535 1585 Patris,
2567 1532 2726 1591 atque
2772 1521 3057 1593 pontiﬁcis,
3098 1524 3236 1592 quod
3269 1522 3321 1577 iii
3352 1523 3395 1555 '°
3423 1524 3516 1577 alio

1489 1629 1885 1688 VARIANTES
1926 1630 2325 1691 LECTIONES.

324 1738 343 1770 ⁸
372 1736 484 1802 AL,
511 1736 789 1806 imaginem
809 1748 1043 1806 auream.

324 1808 347 1841 ⁸
368 1808 501 1862 Cod.
537 1804 1079 1872 Luc.,‘appellariam.

325 1879 344 1909 ³
372 1879 479 1940 AL,
505 1869 777 1947 pensantes
795 1869 962 1947 libras
981 1869 1191 1947 VCIXX.

325 1949 345 1979 ⁸
362 1941 677 2012 ϐῡά.ἰυε.,
710 1946 910 2011 trabes;
942 1946 1038 2011 al.,
1060 1953 1191 1997 tetra
1215 1941 1349 1996 velas
1372 1952 1504 2004 octo,
1530 1950 1746 2009 quatuor
1770 1953 1833 1992 ea:

263 2034 482 2075 COCCUIO.

326 2091 347 2122 ⁸
365 2088 496 2141 Cod.
529 2087 687 2153 Luc.,
711 2102 773 2139 ea:
798 2086 871 2139 eis
894 2084 1056 2139 albos.

329 2160 350 2191 ⁸
371 2158 500 2213 Cod.
536 2158 692 2226 Luc.,
711 2167 928 2220 quatuor
960 2155 1234 2210 coccineos.

2002 1728 2022 1759 "
2046 1729 2130 1783 Al.
2145 1771 2157 1789 .
2190 1740 2413 1799 tegnum.

2002 1800 2023 1829 ⁸
2044 1801 2176 1854 Cod.
2206 1802 2353 1858 Luc...
2390 1800 2651 1869 dissipata.

2004 1872 2025 1905 ⁸
2048 1871 2159 1934 ΑΙ..
2189 1881 2291 1923 tam
2322 1870 2565 1923 Ecclesitz
2588 1881 2689 1923 tam
2718 1886 2831 1937 quia
2854 1887 3007 1944 super
3034 1872 3205 1926 sedem
3251 1871 3329 1927 vel
3354 1873 3516 1944 regias

1908 1951 2197 2010 argenteas
2219 1943 2440 2010 majores
2459 1950 2596 2005 sunt,
2630 1941 2905 1997 renovavit.

1973 2084 1984 2094 .
2009 2011 2208 2135 “fod.
2252 2013 2405 2078 Luc.,
2435 2010 2622 2063 abditis
2669 2012 2996 2080 interioribus
3016 2028 3034 2077 ,'
3058 2014 3155 2079 al.,
3184 2014 3358 2068 abdito
3388 2015 3520 2082 infe-

1973 2098 2060 2135 iori
2098 2098 2177 2135 us.

1938 2098 2177 2136 τιοηυῑιο.

1226 2303 1237 2313 .
1573 2246 1930 2303 νιιηθιιυιι
1968 2240 2193 2300 ΝΟΤιΕ.

336 2353 360 2426 ξ
387 2343 648 2426 μέρμιθι
690 2341 1199 2426 maritimarum:
1227 2338 1392 2426 υξεπιι
1416 2424 1425 2426 Α
1445 2355 1603 2426 βαῖνε»
1648 2356 1837 2426 sortem
1877 2345 1918 2402 Β
1944 2331 3519 2426 91'!‘P?1's-_'1'3;";.£“..8-...1'€2.932_'91°"detia.a9°?

265 2416 349 2471 vel
388 2410 640 2470 similium
672 2410 945 2472 vasorum.
981 2413 1033 2464 in
1060 2412 1253 2477 quibus
1280 2410 1437 2462 thura
1468 2422 1521 2464 et
1552 2411 1680 2464 varii
1711 2412 1841 2465 odo-

266 2502 352 2540 res
388 2486 747 2540 incenduntur
779 2485 830 2535 in
856 2482 1085 2537 solemni
1117 2481 1406 2541 oblatione,
1453 2496 1517 2534 ex
1549 2482 1841 2547 apostolica

268 2557 555 2610 traditione
611 2564 664 2607 et
733 2552 978 2606 Mosaira:
1040 2552 1170 2612 lepis
1220 2551 1466 2617 exemplo
1526 2550 1846 2616 proﬂuxisse

265 2628 499 2681 ostendit
542 2624 833 2678 eardinalis
886 2622 1052 2683 Bona,
1087 2622 1180 2676 lib.
1215 2636 1231 2673 ι
1264 2620 1388 2676 Rer.
1436 2621 1696 2690 Iiturgic.,
1721 2636 1843 2689 cap.

264 2700 353 2753 25.
385 2712 537 2750 tium.
561 2696 595 2749 9
622 2711 637 2759 ;
667 2695 913 2748 solemne
959 2694 1103 2746 enim
1136 2691 1236 2744 fuit
1260 2692 1405 2744 omni
1448 2690 1649 2745 nationi
1679 2706 1845 2761 quan-

271 2770 462 2821 tumvis
491 2767 760 2827 barbataz,
788 2773 843 2817 et
886 2779 1023 2816 verm
1053 2762 1324 2829 religiOuis
1355 2763 1586 2829 experti,
1642 2772 1697 2815 ut
1728 2763 1845 2815 ttul-

270 2838 374 2891 luut
411 2835 743 2890 sacrificium
798 2836 901 2887 rite
930 2833 1111 2900 peragi
1142 2846 1303 2901 posse
1352 2830 1682 2886 crediderint
1729 2835 1847 2886 sine

269 2909 505 2971 incenso,
569 2907 652 2959 vel
708 2905 887 2971 aliquo
937 2904 1129 2957 saltem
1185 2902 1459 2955 odorifero
1511 2903 1844 2956 sullimento.

274 2978 399 3045 Magi
427 2980 587 3029 thure
606 2977 876 3029 Christum
901 2973 1064 3045 Deum
1091 2973 1329 3027 venerati
1359 2982 1412 3024 et
1441 2972 1667 3045 professi
1691 2984 1846 3045 sunt;

271 3043 426 3102 simili
459 3047 625 3100 modo
657 3057 825 3109 poetic
855 3061 881 3094 a
923 3043 1220 3096 diiuitatis
1264 3043 1647 3109 protestatione
1678 3044 1848 3097 thuris

273 3119 601 3173 oblationem
626 3114 1035 3181 inseparabilem
1062 3127 1181 3168 esse
1205 3113 1478 3179 putahint.
1500 3115 1565 3166 U\
1583 3113 1717 3165 illius
1738 3112 1809 3166 ait
1832 3131 1846 3167 :

385 3208 590 3271 Templa
617 3210 704 3257 tibi
729 3214 965 3264 statuam,
989 3206 1185 3254 reddam
1211 3207 1297 3254 tibi
1324 3206 1479 3254 thuris
1505 3205 1755 3254 honorem.

275 3299 327 3351 ος
352 3300 656 3352 nstantinus
692 3296 935 3363 Magnus,
968 3295 1230 3347 referente
1260 3295 1448 3347 eodem
1481 3301 1698 3345 auctore
1730 3291 1846 3363 libri

277 3367 603 3422 Pontiﬁcalis
639 3367 690 3417 iti
721 3362 1000 3434 Silvestre,
1036 3364 1223 3416 obtulit
1274 3363 1698 3434 thymiamateria
1720 3362 1851 3434 Adno

278 3456 342 3491 ex
376 3453 509 3491 auro
531 3436 843 3505 purissimo.
872 3432 1043 3505 Usum
1071 3447 1198 3486 vero
1226 3432 1470 3505 adoletnli
1501 3434 1683 3505 altaria
1718 3432 1855 3505 intra

280 3503 545 3562 solemnia
592 3505 757 3559 divini
804 3503 965 3557 officii
1015 3503 1432 3557 vetustissimum
1481 3518 1601 3556 esse
1659 3504 1745 3557 ind
1771 3516 1855 3557 cat

280 3579 620 3639 Ambrosius,
669 3578 732 3627 ad
778 3590 897 3642 cap.
931 3590 945 3628 t
981 3574 1157 3638 Luem,
1203 3573 1425 3627 dicens:
1459 3575 1616 3641 Atque
1664 3575 1856 3627 utinam

281 3650 425 3702 nobis
455 3663 656 3717 quoque
684 3646 1003 3717 adulantibus
1024 3644 1211 3717 altaria
1238 3645 1547 3717 sacri/icium
1582 3643 1855 3717 deferenti-

284 3720 374 3772 bus
400 3713 610 3771 assistat
633 3716 881 3782 angelus!
921 3715 1075 3769 Plura
1108 3716 1205 3768 hac
1231 3713 1299 3767 de
1330 3730 1388 3768 re
1419 3715 1559 3767 Bona
1592 3714 1851 3768 laudatus.

287 3790 488 3854 Quibus
543 3787 874 3840 ornamentis
931 3785 1179 3839 basilicas
1239 3794 1541 3838 sanctorum
1604 3785 1743 3839 Petri
1803 3794 1857 3839 et

292 3860 458 3920 l’auli,
491 3858 731 3922 aliasiiue
759 3857 904 3910 urbis
925 3856 1288 3920 exornaverit,
1313 3865 1491 3907 narrat
1522 3857 1855 3923 Anastasius,

292 3931 377 3997 qui
409 3940 465 3983 et
494 3928 683 3983 scribit
709 3927 1254 3997 ipsuinconstituiSse
1298 3934 1356 3997 ut
1390 3924 1586 3985 litanize
1614 3940 1643 3978 a
1672 3936 1859 3980 sancto

294 3995 526 4052 Adriano
556 3999 842 4063 quotannis
873 3996 1180 4050 dicerentur
1207 3995 1393 4049 diebus
1424 3996 1858 4051 Annuntiationis

294 4070 526 4131 Domini,
559 4068 865 4121 Nativitatis
892 4076 947 4120 et
972 4066 1314 4119 Durmitionis
1350 4076 1547 4118 sancta:
1581 4065 1671 4118 Dei
1699 4064 1861 4119 Geni-

291 4140 460 4205 tricis,
499 4152 814 4205 semperque
843 4136 1062 4201 virginis
1095 4136 1293 4196 Marize.
1333 4151 1396 4189 ac
1441 4135 1609 4188 sancti
1652 4136 1863 4191 Simeo-

292 4211 393 4275 nis,
421 4204 585 4272 quam
612 4204 973 4279 liypapantem
999 4204 1193 4279 Grzeci.
1222 4205 1865 4279 Latiniglfurilicationetn

290 4280 595 4348 appellant.
616 4275 766 4344 Quod
794 4278 932 4348 idem
964 4277 1128 4330 habet
1152 4277 1373 4330 Albinus
1400 4276 1640 4348 Flaccus,
1672 4275 1764 4330 lib.
1793 4278 1861 4330 de

292 4346 450 4404 ulivin.
502 4347 686 4410 Ollic..
732 4347 1012 4401 dominicae
1060 4348 1233 4400 crucis
1279 4359 1481 4415 partem
1533 4346 1585 4399 in
1642 4349 1857 4413 capsula

292 4428 561 4490 argentea,
597 4419 937 4490 reconditiori
976 4417 1093 4471 loco
1133 4417 1523 4490 absconditam,
1552 4417 1856 4490 ltotiestiori

294 4487 369 4543 ac'
392 4487 682 4544 celebriori
726 4492 844 4542 loco
873 4492 1133 4555 reposuit.
1165 4488 1437 4541 Ordinavit
1475 4502 1569 4556 per
1617 4488 1860 4542 diversas

297 4561 593 4621 provincias
614 4559 895 4626 episcopos
927 4559 1210 4626 nonaginta
1238 4567 1468 4625 septem.
1505 4556 1650 4611 Fecit
1680 4568 1855 4612 autem

295 4630 653 4684 ordinationes
697 4629 828 4682 duas
865 4644 959 4697 per
983 4643 1220 4682 mensem
1258 4629 1502 4682 Martium
1526 4668 1541 4692 ,
1572 4626 1863 4682 ordinavit-

295 4715 392 4766 que
422 4704 768 4770 presbyteros
794 4699 980 4752 decem
1030 4706 1085 4752 et
1124 4708 1273 4767 octo,
1311 4698 1564 4759 diaconos
1612 4708 1858 4770 quatuor.

299 4774 367 4823 ιι
398 4766 483 4824 bis
513 4766 778 4826 Anastasii
826 4769 1005 4823 verbis
1044 4766 1299 4823 refellitur
1339 4784 1529 4823 eorum
1562 4766 1741 4838 opinio
1772 4771 1859 4836 qui

299 4851 543 4895 asserunt
572 4841 764 4901 festum
791 4838 1156 4903 Dormitionis,
1182 4853 1275 4893 seu
1296 4839 1711 4907 Assuinptiunis,
1740 4840 1863 4892 bea—

296 4920 361 4972 te
390 4909 572 4964 Marias
599 4910 824 4979 virginis
870 4911 1067 4963 sa-culo
1113 4920 1314 4963 tantum
1362 4919 1555 4965 oetavo
1598 4910 1861 4979 celebrari

297 4979 554 5047 coepisse;
589 4989 648 5033 tit
670 4982 813 5033 enim
831 4981 1078 5034 observat
1102 4979 1415 5033 Franciscus
1444 4980 1603 5039 Maria
1634 4978 1861 5042 Floren-

298 5050 473 5122 tinius,
510 5051 562 5104 in
606 5050 747 5122 notis
775 5051 839 5102 ad
882 5050 1851 5122 Martyrologittnt_llieropymiantnn,

301 5120 361 5177 ad
387 5122 529 5175 diem
558 5121 627 5174 18
654 5122 854 5174 mensis
878 5122 1132 5183 Januarii,
1159 5129 1284 5174 ante
1314 5120 1862 5188 Mauricii‘imperamo

302 5192 370 5245 ris
397 5200 661 5260 tempora,
707 5189 934 5259 ideoque
976 5202 1098 5245 ante
1135 5190 1277 5245 sexti
1319 5191 1499 5245 saeculi
1558 5192 1716 5245 finem
1761 5193 1865 5246 As-

305 5262 617 5331 sumptionis
651 5263 844 5316 festum
896 5261 1286 5331 celebrabatur,
1321 5270 1373 5314 et
1403 5260 1617 5330 quidem
1658 5261 1744 5314 die
1769 5262 1863 5316 de-

306 5330 429 5385 cima
460 5341 651 5390 octava
679 5330 936 5386 Januarii.
969 5330 1023 5385 Id
1054 5341 1233 5386 autem
1286 5331 1477 5399 probat
1520 5342 1630 5384 tum
1662 5348 1724 5384 ex
1774 5349 1867 5388 eo«

309 5399 422 5456 dem
450 5402 834 5472 Martyrologio
861 5410 1049 5472 sancto
1083 5401 1405 5472 Hieronymo
1434 5405 1711 5466 attrihuto,
1745 5410 1800 5455 et
1835 5420 1862 5457 a

311 5486 365 5525 se
388 5472 554 5536 alito,
587 5471 698 5526 tum
728 5487 794 5526 ex
820 5471 937 5524 aliis
957 5488 1076 5538 quae
1104 5471 1300 5525 laudat.
1328 5473 1466 5525 Fuse
1495 5473 1635 5526 enim
1662 5473 1726 5526 de
1748 5472 1864 5542 ejus

311 5541 422 5611 festi
451 5543 790 5598 institutione
819 5542 1050 5605 disserit,
1078 5550 1422 5611 autumatque
1453 5543 1577 5596 illud
1601 5557 1631 5595 a
1664 5546 1864 5598 mensis

308 5609 534 5675 Januarii
576 5614 665 5668 die
692 5611 905 5667 decimo
948 5622 1157 5677 octavo,
1205 5612 1271 5665 ad
1308 5609 1574 5675 decimum
1618 5615 1858 5682 quintum

312 5683 500 5737 mensis
528 5682 778 5751 Augusti,
825 5697 854 5735 a
905 5683 1158 5737 Mauricio
1195 5684 1514 5747 imperatore
1544 5684 1857 5737 translatum

309 5754 481 5809 fuisse.
531 5754 624 5809 His
671 5754 813 5815 addit
847 5753 1081 5817 Jo‘nues
1119 5751 1475 5820 Mabillonius,
1519 5756 1568 5813 in
1612 5752 1859 5825 Liturgite

1948 2407 2167 2461 beiense
2197 2417 2411 2470 nempe,
2453 2405 2592 2469 quod
2634 2403 2721 2454 vix
2772 2401 2997 2469 amplius
3044 2420 3150 2458 uno
3181 2417 3299 2472 post
3328 2406 3524 2462 Mauri-

1943 2478 2082 2531 cium
2112 2474 2307 2527 saeculo
2348 2482 2623 2542 esaratum
2653 2472 2803 2536 dicit,
2839 2474 2892 2525 in
2917 2488 3023 2542 quo
3048 2476 3112 2526 ad
3152 2492 3217 2529 sv
3256 2475 3523 2535 Kalendas

1947 2543 2220 2601 Februarii
2254 2544 2445 2615 legitur
2470 2541 2735 2615 depositio
2764 2552 2960 2597 sanctae
2978 2544 3155 2599 Maria:
3181 2548 3432 2615 virginis;
3466 2561 3521 2605 et

1945 2633 2013 2672 ex
2047 2616 2153 2669 alio
2191 2612 2507 2681 perantiquo
2543 2611 2898 2677 Floriacensi,
2931 2616 2981 2666 in
3014 2630 3141 2681 quo,
3170 2611 3361 2670 eodem
3409 2619 3515 2681 die,

1946 2704 2009 2743 ea
2040 2682 2305 2754 depositio
2351 2681 2904 2754 annotatur.‘Festutn
2934 2695 3110 2737 autem
3145 2687 3269 2740 illud
3298 2703 3328 2740 a
3371 2687 3525 2742 Mau-

1949 2758 2082 2811 ricio
2116 2752 2468 2822 imperatore
2507 2754 2570 2803 ad
2619 2752 2759 2806 diem
2811 2768 2876 2806 xv
2934 2756 3153 2822 Augusti
3208 2758 3524 2813 translatum

1950 2842 2071 2880 esse
2099 2826 2284 2894 probat
2317 2823 2680 2894 Florentinius
2707 2822 2954 2894 laudatus
2983 2839 3045 2877 ex
3072 2825 3360 2894 iNicephori
3392 2829 3521 2883 Cal-

1951 2898 2056 2950 listi
2087 2891 2178 2950 lib.
2205 2910 2334 2957 xvii,
2376 2908 2495 2965 cap.
2527 2891 2619 2965 28,
2667 2892 2754 2946 uhi
2793 2893 2978 2965 scribit
3015 2912 3026 2947 :
3059 2893 3206 2949 Idem
3250 2899 3528 2965 imperator

1951 2969 2170 3034 (nempe
2198 2963 2550 3031 Justiniauus)
2580 2971 2691 3016 tum
2721 2964 2943 3034 primum
2965 2966 3257 3020 Servatoris
3278 2963 3529 3033 erceptio-

1953 3054 2065 3091 nem
2094 3033 2168 3105 (id
2191 3047 2271 3090 est
2287 3048 2578 3105 occursum
2610 3048 2705 3086 seu
2750 3033 3140 3102 llypapauteui,
3165 3053 3321 3104 quam
3370 3039 3525 3092 Puri-

1954 3103 2252 3161 licationem
2286 3103 2516 3172 Virginis
2542 3104 2805 3172 dicimus),
2831 3116 2932 3156 toto
2960 3106 3078 3158 orbe
3122 3103 3374 3161 terrarum
3398 3110 3525 3172 {esto

1954 3179 2036 3230 die
2064 3178 2317 3231 honorare
2344 3171 2587 3235 instituit,
2617 3175 2748 3226 sicut
2775 3171 3012 3228 Ju.-.tinus
3040 3178 3104 3228 de
3153 3189 3331 3232 sancta
3375 3171 3526 3233 Chri-

1952 3249 2017 3318 sti
2052 3247 2331 3301 Nativitate
2358 3246 2498 3310 fecit.
2531 3245 2716 3318 Atque_
2734 3246 2944 3318 ngon_ita
2975 3247 3130 3313 longo
3171 3258 3280 3318 post
3305 3259 3531 3318 tempore

1957 3317 2243 3371 Mauricius
2289 3325 2624 3369 sacrosanctae
2676 3311 2771 3367 Dei
2822 3311 3098 3369 Genitricis
3157 3311 3528 3374 Deﬁnitio-nem

1954 3388 2274 3460 quindecitno
2323 3385 2774 3460 Augustumensis
2830 3386 2917 3460 die
2965 3386 3218 3460 celebrari
3266 3393 3528 3460 prwcepit.

1956 3453 2157 3524 Quibus
2178 3474 2242 3512 es
2288 3457 2463 3509 verbis
2494 3454 2656 3508 refert
2686 3453 3066 3525 Florentinius,
3098 3460 3237 3525 ipind
3266 3453 3402 3515 'cum
3436 3453 3537 3515 Ni-

1957 3529 2245 3595 cephorus,
2276 3529 2327 3581 in
2350 3526 2632 3579 Justiniani
2660 3536 2713 3578 et
2739 3524 2930 3579 Justini
2969 3524 3360 3595 sanctionibus,
3396 3534 3527 3586 nihil

1958 3602 2025 3652 de
2042 3599 2334 3654 constituto
2353 3596 2443 3651 die
2471 3595 2758 3657 addiderit,
2793 3596 2860 3649 de
2900 3596 3035 3651 festo
3080 3613 3207 3652 vero
3242 3602 3530 3655 Dormitin-

1885 3688 1930 3751 ρ
1965 3673 2048 3751 uis
2080 3671 2131 3723 iii
2157 3668 2411 3751 Mauricii
2434 3664 2839 3751 Constitutione
2866 3668 3009 3721 diem
3042 3668 3107 3747 l5
3132 3671 3357 3751 augusti
3390 3687 3529 3739 pras-

1964 3744 2074 3809 eise
2127 3736 2441 3809 signaverit,
2482 3750 2604 3789 eum
2633 3751 2757 3809 ιιοιιί
2791 3738 3019 3793 obscure
3071 3738 3306 3793 indicare
3337 3736 3531 3797 festum

1965 3808 2067 3865 huc
2097 3816 2148 3864 in
2177 3808 2320 3863 illum
2362 3808 2504 3861 diem
2537 3808 2759 3879 Augusti
2790 3810 3326 3879 mensistranslatum
3358 3814 3532 3879 potius

1962 3878 2127 3934 fuisse
2158 3894 2315 3949 quam
2344 3885 2588 3949 recenter
2616 3877 2938 3949 institutum.
2988 3878 3093 3933 Sed
3126 3881 3169 3932 si
3198 3895 3319 3933 vera
3350 3877 3536 3937 scribit

1965 3947 2297 4017 Nicepliorus
2323 3948 2391 4017 de
2427 3948 2699 4004 Mauricio.
2734 3947 2863 4000 mihi
2891 3957 3065 4002 tamen
3100 3951 3308 4004 videtur
3335 3952 3445 4008 falli
3480 3956 3531 4009 in

1962 4036 2030 4075 eo
2059 4016 2199 4088 quod
2232 4022 2324 4079 ait,
2367 4016 2639 4077 Iustinum
2677 4017 2810 4083 imp.
2852 4021 3199 4075 ceustituisse
3244 4030 3301 4073 ut
3345 4025 3533 4079 festum

1961 4090 2165 4145 Natalis
2186 4088 2383 4149 Christi
2417 4101 2508 4154 per
2539 4095 2707 4141 totum
2734 4088 2915 4143 orbein
2950 4100 3212 4144 terrarum
3234 4092 3536 4151 celebrare-

1965 4171 2049 4213 tur
2078 4176 2093 4225 ;
2125 4162 2177 4213 in
2209 4159 2348 4231 Julio
2376 4158 2517 4231 enim
2549 4158 3062 4231 papadosteudimus
3089 4162 3243 4231 longe
3274 4173 3401 4218 ante
3442 4165 3536 4220 Ju-

1963 4232 2159 4283 stinum
2190 4229 2404 4302 festum
2453 4227 2653 4302 Natalis
2682 4228 2914 4302 gltrjsti,
2972 4239 3079 4302 tum
3127 4227 3532 4302 iu'Occideutc,

1966 4312 2077 4355 tum
2104 4302 2155 4354 in
2180 4300 2418 4366 Oriente,
2452 4299 2535 4352 vel
2563 4297 2649 4351 die
2677 4297 2748 4351 25
2783 4298 3112 4364 Decembris,
3148 4303 3230 4363 vel
3261 4305 3349 4358 die
3376 4297 3525 4358 sext-i

1963 4371 2199 4425 Januarii
2250 4373 2491 4424 solemne
2518 4368 2704 4432 fuisse,
2757 4380 2811 4429 et
2837 4370 3196 4425 Justinianunt
3233 4389 3374 4427 anno
3404 4373 3531 4437 551.

1965 4457 2068 4495 non
2100 4442 2387 4506 Justinum,
2424 4440 2525 4492 lata
2560 4441 2677 4507 lege
2707 4441 2960 4494 statuisse
2999 4451 3056 4495 ιιι
3085 4443 3170 4496 die
3212 4445 3281 4500 25
3316 4446 3538 4501 Decem-

1965 4512 2076 4565 bris
2104 4514 2370 4566 coleretur
2391 4527 2429 4581 ;7
2458 4512 2595 4579 quod
2628 4512 2768 4581 idem
2812 4522 2969 4581 antea
3002 4525 3327 4581 prmceperat
3356 4515 3530 4570 defe-

1944 4594 2047 4636 ~sto
2075 4580 2487 4643 Purilicationis,
2528 4581 2669 4646 quod
2718 4580 2824 4633 diei
2868 4580 3117 4635 secunda:
3150 4585 3425 4638 Februarii
3456 4591 3533 4638 al-

1967 4653 2099 4717 lixit,
2134 4664 2187 4705 ut
2219 4661 2431 4705 constat
2457 4666 2518 4703 es
2555 4651 2639 4703 his
2660 4650 3023 4715 ‘lheOpbanis.
3047 4652 3138 4705 lib.
3166 4671 3249 4707 xvi
3295 4656 3453 4717 Hist.,
3478 4668 3536 4710 et

1966 4722 2264 4790 Laudulphi
2297 4719 2533 4791 Sagacis,
2561 4720 2611 4772 iri
2647 4719 2765 4772 Vita
2793 4720 3104 4787 Justiniani,
3128 4726 3305 4779 verbis
3344 4742 3358 4778 :
3390 4730 3540 4780 Anno

1963 4795 2143 4863 quinto
2170 4790 2591 4867 decimoimperii
2614 4790 2913 4867 ustiniani,
2955 4808 3121 4846 mense
3153 4794 3377 4867 Octobri,
3403 4797 3537 4867 facta

1964 4860 2038 4922 est
2081 4864 2364 4938 mortalitas
2409 4860 2669 4938 Byzantii,
2716 4872 2760 4913 et
2815 4863 2991 4915 eodem
3038 4881 3175 4938 anno
3224 4860 3549 4938 Ηῃρσραηιε.

1966 4934 2182 5007 sumpsit
2211 4935 2434 5007 initium,
2464 4942 2519 5007 ut
2565 4935 2913 5007 ιτιριδιιιῖιιοιιιιν⁸
2944 4935 3082 5001 apud
3121 4933 3428 5007 Byzantium
3459 4941 3540 4990 die

1968 5004 2193 5059 secunda
2247 5001 2541 5066 Februarii.
2599 5002 2674 5056 De
2722 5002 2916 5057 Justiui
2973 5001 3354 5063 constitutione
3405 5010 3543 5061 nihil

1890 5059 1947 5120 Β
1968 5076 2093 5129 alibi
2134 5060 2388 5147 scriptu-ii
2440 5074 2618 5147 inveni
2647 5089 2666 5139 ;
2694 5089 2814 5142 quae
2844 5075 2888 5125 si
2930 5090 3053 5128 vera
3090 5059 3192 5144 sit,
3225 5059 3532 5147 dieivpossoi

1966 5160 2084 5198 caui
2118 5159 2146 5198 a
2173 5146 2475 5200 Justiniano
2525 5146 2844 5212 imperatore
2893 5146 3201 5200 innovatam
3252 5146 3437 5212 fuisSe,
3471 5164 3535 5200 eo

1966 5216 2106 5283 quod
2136 5230 2239 5270 non
2271 5216 2667 5269 observaretur.
2699 5215 2772 5269 De
2804 5218 2939 5286 testo
2980 5215 3388 5281 Purilieationis,
3422 5219 3536 5286 lege

1964 5287 2214 5347 Criticatn
2259 5286 2491 5348 Baronii,
2543 5286 2617 5341 ad.
2638 5299 2836 5341 annum
2862 5285 2989 5344 5H.
3032 5286 3102 5342 de
3147 5297 3371 5356 utroque
3412 5285 3536 5342 vero

1965 5358 2105 5411 festo
2128 5360 2244 5426 lege
2261 5358 2506 5412 eumdem
2531 5356 2890 5410 Mabillonium
2918 5357 3186 5413 laudatum
3218 5371 3270 5411 et
3305 5358 3529 5413 Edmun'

1964 5429 2090 5485 dum
2134 5428 2392 5488 Martene,
2429 5439 2561 5479 tom.
2596 5426 2659 5479 IV
2688 5428 2756 5481 de
2794 5427 3026 5496 Antiqua
3075 5428 3330 5483 Ecclesia:
3374 5429 3540 5484 disci-

1965 5500 2105 5565 plina
2129 5497 2183 5552 in
2213 5498 2411 5554 divinis
2440 5496 2775 5555 celebrandis
2811 5499 3025 5551 ofﬁciis.
3060 5497 3135 5552 De
3157 5500 3295 5553 festo
3318 5503 3533 5553 tandem

1966 5569 2263 5693 metiteita'tis
2312 5571 2482 5622 beata:
2528 5567 2704 5621 Maria:
2749 5569 2863 5637 lege
2905 5567 3127 5621 dicenda
3178 5571 3229 5623 iii
3284 5572 3541 5625 Innocen-

1969 5651 2042 5693 tto
2139 5678 2154 5693 .
2211 5648 2398 5693 'acws.

1969 5639 2042 5694 tio
2068 5639 2154 5693 IV.
2188 5641 2398 5695 l'acws.

2041 5734 2065 5771 ιι
2118 5733 2220 5788 Hic
2273 5750 2459 5804 corpus
2489 5733 2621 5788 beati
2655 5731 2838 5788 Leonis
2866 5730 3212 5802 probatissimi
3238 5731 3433 5806 Patris,
3466 5742 3535 5790 at-
