4000 6334
439 326 503 379 37
1793 313 2084 371 SERUIL‘S
2126 316 2320 369 PAPA.
3613 313 3685 370 28

438 446 551 499 dito
580 437 852 492 inferioris
890 438 1161 493 sccrcturii
1196 436 1465 504 praedicta:
1516 429 1748 484 basilica:
1782 428 2011 498 positum
2044 446 2086 495 Α
2120 429 2332 482 basilica
2362 435 2667 481 sanctorum
2697 425 2906 479 Cosma:
2938 433 2991 478 et
3023 423 3286 488 Damiani,
3322 422 3408 476 ubi
3436 430 3489 477 et
3517 427 3683 480 multa

439 536 631 594 fuerat,
661 533 793 586 facta
835 529 1139 598 diligentius
1167 526 1371 591 tumba,
1401 525 1455 578 in
1482 523 1824 578 denominata
1869 522 2010 575 basi-

439 626 536 679 lica
584 622 795 693 publico
825 621 945 675 loco
982 621 1025 689 (ί
1052 620 1138 674 tibi
1168 618 1268 672 sibi
1302 618 1473 670 inerat
1501 614 1819 683 relevatum)
1852 627 2009 680 repo-

440 720 564 777 suit,
598 728 660 767 ac
692 713 868 766 locum
898 712 1073 777 ipsum
1095 710 1327 763 ornavit.
1362 706 1456 759 llic
1495 705 1620 759 iecit
1649 712 1893 772 patenam
1923 717 2008 755 au-

443 820 591 860 ream
632 807 886 871 majorem
931 804 1213 857 habentem
1238 801 1260 833 ⁹
1286 814 1526 867 gemmas
1574 812 1637 852 ex
1682 796 1841 860 albis,
1871 804 1926 849 et
1954 794 2006 847 in

444 897 620 950 medio
645 911 708 950 ex
734 893 1009 965 hyacinto,
1038 903 1092 946 et
1115 892 1421 959 smaragdo,
1452 903 1665 943 crucem
1697 893 2006 955 pensantem

443 983 605 1042 libras
636 988 840 1057 viginti.
886 978 981 1039 llic
1004 983 1023 1015 '
1057 993 1252 1038 tectum
1298 990 1355 1037 et
1389 983 1627 1035 cubicula
1676 978 1919 1032 universa
1955 975 2006 1029 in

442 1078 666 1130 circuitu
696 1076 924 1129 basilica:
955 1073 1093 1129 beati
1131 1072 1275 1125 l’auli
1305 1070 1555 1140 apostoli,
1586 1083 1702 1137 qme
1730 1067 1881 1135 longa
1914 1080 2008 1133 per

447 1175 685 1231 tempora
714 1175 976 1220 vetustate
1013 1164 1258 1219 coniecta
1288 1161 1515 1223 fuerant,
1545 1158 1832 1213 studiosius
1861 1158 2011 1211 inuo-

446 1258 593 1311 vavit
630 1273 693 1311 ac
723 1259 1011 1326 reparavit.
1041 1257 1300 1310 Similiter
1328 1263 1382 1307 et
1413 1252 1586 1306 trabes
1608 1249 1737 1304 fecit
1764 1247 1831 1302 de
1855 1248 2010 1301 Cala-

445 1347 560 1401 Lria
587 1348 801 1412 adduci.
825 1357 879 1402 et
919 1364 1037 1417 qua:
1068 1348 1119 1400 in
1159 1344 1346 1399 eadem
1376 1344 1588 1395 basilica
1622 1340 2011 1392 vetustissimas

447 1440 649 1493 invenit
694 1442 992 1496 renovavit.
1046 1440 1139 1492 llic
1195 1435 1535 1505 ‘imaginem
1582 1442 1609 1470 ει
1636 1432 2011 1500 apostolorum

446 1533 888 1593 vetustissimam,
925 1544 1049 1599 quae
1076 1537 1189 1580 erat
1234 1539 1395 1593 super
1425 1524 1568 1578 iores
1601 1523 1838 1592 ejusdem
1872 1523 2013 1576 basi-

444 1624 559 1678 lic‘e
591 1627 833 1679 mutavit.
869 1625 961 1678 llic
1003 1620 1124 1676 fecit
1167 1621 1475 1682 ambonem,
1522 1628 1576 1672 et
1607 1618 1628 1648 ⁵
1651 1618 1932 1688 cyburium
1962 1616 2014 1668 in

2113 520 2249 573 dona
2280 519 2491 573 obtulit.
2520 517 2546 556 δ
2571 517 2809 573 Trullum
2850 530 2980 571 vero
3006 516 3249 584 ejusdem
3278 515 3522 569 ecclesia:
3552 516 3684 571 fusis

2113 610 2310 665 chartis
2336 611 2595 679 plumbeis
2620 609 2896 678 cooperuit
2929 616 3091 676 atque
3118 607 3367 661 munivit.
3395 606 3492 661 llic
3520 608 3685 677 cybo-

2114 701 2249 755 rintn
2281 702 2512 755 basilica:
2551 711 2753 754 sancta:
2801 699 3086 761 Susanuie,
3118 698 3258 767 quod
3300 709 3426 752 ante
3454 700 3685 768 ligneum

2116 790 2308 856 fuerat,
2356 806 2417 843 ex
2464 805 2731 843 marmore
2781 789 2923 851 fecit,
2972 788 3179 843 diversa
3211 804 3423 857 quoque
3472 792 3686 860 cymilia

2114 895 2293 945 aurea,
2323 891 2376 933 et
2403 889 2674 946 argentea,
2721 881 2802 933 vel
2849 879 3139 932 immobilia
3174 879 3286 932 loca
3310 879 3330 909 ‘
3381 879 3509 933 illuc
3552 894 3688 933 cou-

2114 970 2348 1023 donavit.
2391 972 2484 1023 llic
2523 970 2799 1024 basilicam
2842 980 3041 1022 sancta:
3073 969 3404 1037 Euphemize,
3436 985 3555 1037 quas
3595 986 3688 1039 per

2117 1063 2280 1115 multa
2314 1074 2549 1130 tempora
2584 1062 2752 1116 luerat
2794 1061 3025 1123 detecta,
3054 1063 3354 1128 cooperuit,
3382 1074 3438 1116 et
3465 1079 3692 1117 renova-

2120 1156 2212 1208 vit.
2249 1157 2345 1210 llic
2372 1167 2394 1194 ε
2425 1157 2695 1208 basilicam
2740 1166 2936 1208 sancta.-
2964 1156 3153 1207 Aureae
3200 1155 3251 1208 in
3286 1153 3307 1185 '
3348 1155 3524 1218 ostiis,
3568 1171 3690 1224 qua:

2116 1248 2362 1301 similiter
2414 1245 2587 1301 fuerat
2624 1247 2646 1277 ⁸
2687 1246 2918 1307 detecta,
2975 1246 3059 1298 vel
3105 1245 3340 1312 dirupta,
3391 1245 3691 1313 cooperuit,

2118 1354 2320 1409 suoque
2342 1340 2521 1395 studio
2550 1339 2840 1393 renovavit.
2875 1340 2896 1370 ⁹
2926 1339 3022 1391 llic
3060 1340 3354 1391 oratorium
3386 1341 3552 1391 sancti
3583 1342 3694 1392 An-

2119 1428 2262 1484 dreae
2301 1430 2549 1499 apostoli,
2588 1429 2728 1497 quod
2755 1428 2802 1463 ⁸⁸
2833 1427 3045 1496 ponitur
3072 1427 3360 1495 Lavicana,
3394 1443 3423 1480 a
3454 1430 3572 1483 solo
3606 1443 3695 1483 re-

2120 1519 2266 1574 fecit.

2191 1608 2217 1649 δ
2251 1611 2349 1667 llic
2395 1613 2587 1666 statuit
2628 1621 2684 1665 ut
2732 1621 2973 1681 tempore
3023 1612 3407 1668 conlractiunis
3447 1612 3697 1669 dominici

1682 1722 2071 1782 VABIANTES
2108 1720 2502 1777 LECTIONES.

521 1828 536 1860 ⁸
568 1825 757 1890 Labb.,
789 1836 862 1879 ut.

518 1898 539 1929 ⁸
562 1896 668 1956 AL,
699 1888 955 1950 habentem
987 1895 1038 1946 in
1076 1907 1202 1964 gyro
1243 1905 1500 1961 gemmas;
1525 1888 1659 1945 Cod.
1698 1888 1854 1954 Luc.,
1876 1904 2018 1959 gent-

449 1982 557 2022 mas
585 1967 743 2019 albas.

520 2036 540 2068 ³
561 2040 668 2101 ΛΙ.,
700 2045 922 2104 trgnum.

515 2106 537 2137 ⁵
559 2108 665 2169 AL,
698 2101 1010 2172 iniagines...
1041 2101 1421 2155 vetustissimas.

519 2176 540 2208 ⁸
568 2177 697 2230 (10d.
726 2177 878 2237 Luc.,
910 2173 1172 2225 cibarium.

2202 1814 2225 1841 "
2249 1812 2380 1867 Cod.
2415 1814 2565 1878 Luc.,
2594 1812 2717 1867 illis.

2200 1885 2219 1915 ⁷
2239 1883 2372 1936 Cod.
2409 1884 2558 1947 Luc.,
2589 1886 2729 1936 ostiis
2758 1883 3076 1954 (Tiberinis).

2194 1955 2217 1987 ⁸
2239 1955 2349 2015 AL,
2379 1956 2589 2023 disiecta
2618 1957 2874 2023 cooperuit
2901 1969 2948 2007 et
2976 1957 3245 2009 renovavit.

2196 2027 2216 2056 '
2242 2025 2321 2077 Al.
2350 2037 2458 2077 om.
2488 2022 2675 2077 Ilia...
2702 2026 2897 2093 refecit.

2198 2094 2240 2125 ὀ
2259 2094 2373 2158 Al.,
2407 2094 2627 2163 positum
2655 2104 2761 2161 est;
2791 2095 2924 2149 Cod.
2956 2094 3109 2158 Luc.,
3142 2096 3346 2165 ponitur
3384 2099 3481 2151 ria.

1785 2278 2147 2334 VARIURUM
2188 2277 2418 2333 NOTAE.

447 2400 543 2454 qua
595 2380 868 2454 pontiﬁcis.
917 2379 1122 2454 Corpus
1172 2377 1350 2454 Sancti
1400 2375 1597 2454 Leonis
1627 2375 1795 2454 Magni
1822 2377 2018 2454 dicitur
2050 2381 2097 2439 B

451 2446 675 2522 primum
704 2450 885 2522 inisse,
918 2449 1151 2522 quodex
1182 2446 1580 2522 coniessoribus
1599 2446 1936 2522 pomilicibns
1966 2448 2015 2498 in

457 2517 755 2577 Vaticanum
786 2517 1049 2573 basdicam
1076 2519 1293 2570 honoris
1320 2533 1477 2571 causa
1508 2518 1710 2569 illatntn
1739 2519 1829 2581 sit,
1855 2517 2019 2582 depo-

450 2597 717 2655 situnnpie
776 2592 825 2643 in
878 2590 1107 2641 basilica:
1160 2589 1399 2655 ejusdem
1425 2587 1708 2641 vestibulo.
1747 2587 1872 2639 Post
1896 2600 2019 2638 San-

451 2675 592 2719 ctum
634 2655 867 2715 Leonem
908 2661 979 2711 ita
1039 2658 1189 2712 inulti
1236 2658 1513 2711 oontil‘ices
1543 2657 1740 2709 ibidem
1775 2655 2017 2708 tumulati

452 2741 595 2795 sunt,
655 2742 705 2783 ιιι
739 2730 852 2798 ejus
883 2730 1182 2795 sepulcrum
1213 2728 1438 2781 aliorum
1473 2728 1738 2798 sepulcris
1766 2729 2017 2779 obrutum

453 2796 819 2862 delitesceret,
869 2813 988 2851 cum
1031 2813 1059 2851 a
1109 2797 1294 2865 Sergio
1339 2798 1518 2865 lpapa
1552 2796 1809 2850 diVittlltlS
1833 2799 2022 2848 admo-

455 2876 587 2937 nito,
640 2882 830 2933 corpus
877 2870 1044 2921 Sancti
1095 2866 1357 2934 pottttticis
1414 2882 1446 2919 e
1493 2869 1612 2918 loco
1636 2868 1943 2920 obscuriore
1968 2866 2021 2918 in

456 2943 814 2996 decentiorem
846 2939 1161 2991 translatum
1182 2937 1542 2999 cst,vtdelicet
1568 2937 1621 2988 in
1647 2938 1931 2987 oratorium
1955 2937 2021 2989 ad

460 3014 717 3067 dexteram
771 3011 980 3062 ina'oris
1024 3008 1214 3061 obsidis
1237 3024 1391 3076 prope
1417 3010 1577 3058 sancti
1610 3005 1754 3059 Petri
1778 3021 1941 3071 urant,
1967 3014 2025 3059 ut

464 3095 649 3137 auctir
700 3080 872 3132 Iionue
904 3084 1245 3131 subterraneae
1296 3087 1537 3130 testatur.
1575 3077 1695 3130 lla-c
1728 3076 1821 3128 luit
1856 3091 2022 3144 pruna

464 3153 739 3205 tran~lntio
794 3165 1031 3215 corporis
1080 3149 1247 3200 sancti
1299 3147 1491 3200 Leonis
1524 3148 1664 3213 (alite
1694 3148 1835 3199 enim
1870 3147 2023 3200 facite

459 3229 584 3276 sunt
610 3221 956 3288 sequentibus
984 3220 1211 3285 saxulis)
1227 3218 1293 3269 ah
1314 3219 1592 3269 Anastasio
1615 3226 1847 3281 narrata,
1864 3231 2021 3288 quant

460 3286 741 3345 cculirutat
795 3298 1061 3341 vetustum
1114 3289 1466 3356 epitaphium,
1503 3288 1641 3355 quod
1673 3288 1810 3340 inter
1838 3287 1937 3338 alia
1968 3286 2023 3356 in

461 3363 675 3417 basilica
725 3370 891 3412 sancti
947 3358 1087 3411 l’etri
1146 3352 1411 3424 repertum
1463 3352 1531 3409 cl.
1565 3357 1902 3410 Mabillonius
1932 3352 2027 3423 (In

457 3430 732 3494 Anulectis,
762 3440 895 3481 tonio
922 3427 1037 3494 ΙΙΙ)
1072 3429 1197 3481 fecit
1231 3427 1418 3492 publici
1437 3426 1599 3495 juris,
1628 3436 1683 3481 et
1703 3437 2026 3497 estsequens

457 3506 523 3555 ad
554 3503 914 3555 Uxoniensem
944 3499 1190 3551 Codicem
1224 3499 1561 3551 emendatum
1583 3538 1595 3550 .

579 3583 736 3644 Hujus
757 3587 1001 3648 apostolici
1027 3590 1226 3647 primum
1252 3598 1325 3635 est
1344 3586 1422 3635 hic
1444 3592 1614 3646 corpus
1638 3586 1902 3649 humatum,

637 3649 773 3707 Quod
799 3653 924 3697 t'oret
949 3656 1000 3696 et
1023 3650 1207 3695 tumulo
1228 3649 1405 3709 dignus
1424 3652 1471 3695 In
1494 3661 1605 3696 arce
1634 3648 1780 3694 Petri.

579 3710 701 3761 Hinc
720 3719 875 3760 vatum
896 3721 1251 3771 pret-eruntque
1268 3712 1457 3769 cohors,
1472 3721 1593 3769 quos
1611 3711 1774 3757 cernis
1788 3708 1982 3769 adesse,

644 3773 856 3820 Membra
879 3772 968 3819 sub
992 3782 1198 3830 egregia
1216 3778 1328 3818 sunt
1351 3772 1579 3829 adoperta
1602 3773 1762 3819 domo.

582 3833 679 3882 Sed
697 3834 873 3881 dudum
898 3843 949 3880 ut
969 3840 1129 3893 pastor
1150 3845 1356 3891 magnus
1384 3831 1482 3880 Leo
1500 3839 1641 3890 septa
1666 3842 1975 3892 gregemque

644 3893 974 3942 Christicolum
998 3906 1197 3941 servans
1218 3895 1393 3953 jauitor
1414 3895 1541 3940 arcis
1563 3903 1684 3940 erat.

586 3954 864 4017 commonet
890 3968 917 4017 ε
944 3954 1156 4011 ιυιιιιιΙο,
1179 3957 1306 4017 quod
1332 3964 1551 4017 gesserat
1573 3954 1680 4013 ipso
1703 3961 1971 4017 superstes,

645 4016 717 4064 Ne
750 4017 888 4076 lupus
910 4016 1139 4063 insidians
1167 4014 1321 4064 tastet
1339 4014 1468 4064 oiile
1495 4014 1600 4062 Dei.

583 4076 845 4126 Testantur
867 4079 1000 4126 missi
1028 4086 1268 4138 prore-ctu
1289 4078 1515 4137 dogmate
1543 4077 1670 4131 libri.

640 4140 770 4196 Quos
790 4150 867 4199 pta
890 4137 1036 4186 corda
1054 4137 1244 4195 coluut,
1271 4152 1394 4199 quos
1416 4138 1537 4199 ntala
1564 4138 1703 4185 turba
1726 4138 1878 4187 timet.

578 4198 764 4260 Rugiit,
790 4198 841 4247 et
864 4202 1027 4260 patida
1051 4198 1341 4257 sttit-uerunt
1366 4198 1506 4246 corda
1530 4199 1766 4261 ferarum;

640 4261 954 4320 Pastorisque
971 4266 1042 4307 sui
1062 4262 1192 4318 juosa
1214 4270 1488 4321 sequuntur
1508 4272 1643 4307 oves.

582 4320 671 4370 llic
695 4329 855 4369 tamen
883 4333 1108 4370 extremo
1134 4324 1276 4375 iacuit
1296 4320 1391 4368 'sub
1414 4334 1652 4368 marmore
1675 4321 1863 4382 templi,

643 4386 796 4439 Quem
818 4382 913 4441 jam
935 4384 1210 4441 pulllilit'um
1237 4382 1611 4444 plurarsepulcra
1637 4390 1829 4444 tegunt.

579 4443 785 4501 Sergius
810 4448 1031 4504 autisws,
1058 4445 1218 4490 divino
1242 4443 1473 4503 impulsus
1494 4457 1677 4503 amore,

645 4505 783 4552 Hunc
808 4505 854 4551 in
878 4503 1035 4553 fronte
1059 4517 1209 4553 sacrae
1230 4506 1471 4553 transtulit
1496 4506 1605 4553 inde
1630 4512 1815 4554 domus.

583 4565 833 4613 Exornans
853 4568 1039 4613 rutilam
1065 4570 1277 4626 pretioso
1297 4578 1530 4614 marmore
1556 4569 1787 4627 tumbam,

644 4626 695 4674 lu
718 4639 814 4687 quo
837 4634 1094 4685 poscentes
1113 4632 1228 4674 inira
1252 4641 1461 4687 superna
1488 4626 1667 4675 vident.

581 4687 638 4736 Et
654 4688 767 4747 quia
793 4690 1061 4748 prtemicuit
1084 4690 1218 4737 miris
1251 4690 1510 4737 virtutibus
1531 4687 1663 4747 olnn,

645 4748 815 4796 Ultima
843 4750 1075 4809 wittilicis
1096 4751 1188 4808 gloi
1204 4751 1246 4797 ia
1273 4751 1416 4809 major
1443 4756 1557 4797 erit.

528 4830 607 4883 Ad
657 4830 815 4898 hujus
871 4832 1122 4899 epitaphii
1162 4832 1361 4883 calcem
1399 4831 1592 4899 legitur
1619 4831 1756 4895 apud
1789 4831 2030 4884 Mahlllo-

465 4902 607 4953 nium
642 4900 742 4952 hoc
782 4901 1092 4953 chronicum
1144 4900 1561 4954 additamentum
1598 4918 1611 4953 :
1643 4901 1789 4955 Sedit
1824 4902 1873 4952 in
1902 4901 2034 4968 epis-

458 4981 643 5037 copatu
692 4986 857 5021 annos
904 4985 1009 5034 xu,
1046 4987 1261 5023 mensem
1310 4988 1483 5030 unum,
1520 4973 1627 5023 dies
1656 4986 1773 5025 xm.
1806 4970 2034 5037 Deposi-

461 5053 538 5091 tus
565 5051 637 5092 cst
667 5050 812 5092 tertio
844 5037 1086 5092 ldtts.....
1116 5042 1301 5108 sup..|e
1331 5044 1554 5104 Apriles,
1586 5050 1629 5093 et
1662 5043 1843 5093 iterum
1869 5053 2031 5094 trans-

460 5109 588 5180 latus
664 5112 760 5161 huc
813 5111 956 5163 beato
1015 5110 1198 5180 Sergio
1248 5128 1297 5163 tv
1342 5111 1466 5164 lt'al.
1512 5110 1663 5174 Julii,
1724 5111 1905 5163 indict.
1964 5129 2017 5175 ρ.

460 5179 790 5232 Bullandiani
823 5181 979 5247 (tonio
1004 5179 1225 5233 secundo
1256 5186 1441 5234 mensis
1474 5183 1685 5247 Aprilis,
1716 5184 1900 5249 pagina
1927 5181 2019 5247 21)

464 5250 738 5303 historiam
787 5251 1059 5318 proferunt
1105 5254 1293 5305 elevati
1340 5265 1393 5305 et
1419 5253 1656 5303 translati
1681 5253 1923 5315 corporis
1954 5266 2019 5302 ex

463 5333 563 5371 ins.
615 5323 855 5389 catalogo
908 5324 1148 5376 ecclesia:
1192 5325 1361 5376 sancti
1419 5323 1578 5379 l’etri,
1626 5336 1782 5387 quam
1809 5321 1943 5389 lege,
1975 5338 2019 5373 si

464 5389 613 5454 plura
664 5390 732 5442 de
783 5392 1217 5447 ttattslaliuttihus
1276 5396 1443 5444 sancti
1506 5392 1695 5444 Leonis
1722 5392 2017 5444 desudetas.

469 5458 594 5513 Vide
648 5462 805 5513 etiam
850 5466 1042 5516 Attuvt.
1091 5463 1432 5517 illustrissimi
1478 5462 1713 5526 pra'sulis
1744 5460 2019 5513 Blanchiui

462 5528 587 5593 (tom
628 5528 759 5602 _lll,
791 5549 907 5602 pag.
946 5532 1043 5585 159
1071 5535 1222 5599 Itujus
1250 5532 1532 5599 editionis).
1566 5532 1802 5584 Marsus.

536 5608 558 5631 "
615 5598 897 5668 Imaginem
954 5598 1303 5669 apostolorum
1334 5598 1743 5654 vetustissimam.
1789 5602 2017 5669 Apparet

464 5667 585 5721 hinc
607 5667 854 5739 antitjuus
902 5667 1173 5724 sacrarum
1220 5673 1503 5735 imaginum
1560 5687 1705 5734 usus,
1734 5667 2025 5739 carumque

464 5754 513 5789 ιιι
544 5740 783 5793 eccle~ns
807 5741 1108 5796 collocatio.
1149 5744 1261 5806 Qua
1294 5742 1357 5793 de
1384 5756 1440 5795 re
1461 5743 1821 5797 consulendus
1844 5742 2025 5797 Ciam—

462 5808 611 5875 pinus
638 5812 690 5863 iu
714 5825 873 5879 opere
900 5811 966 5865 de
996 5810 1230 5864 Musivn.
1268 5812 1547 5867 Bescrxus.

2194 2374 2221 2450 Ρ
2247 2373 2484 2429 Trnllum
2516 2392 2629 2430 vero
2659 2379 2889 2448 ejusdem
2912 2381 3134 2433 ecclesiis
3162 2381 3291 2445 fusis
3315 2382 3512 2434 chartis
3529 2381 3700 2450 plum-

2124 2446 2225 2499 beis
2271 2450 2554 2512 cooperuit,
2608 2446 2759 2514 atque
2809 2453 3038 2503 munivit.
3084 2452 3258 2503 Trulla
3314 2466 3407 2503 vas
3437 2446 3696 2503 vinarium

2127 2533 2440 2569 concavum.
2503 2518 2566 2571 Μ.
2597 2517 2763 2581 Tnll.,
2812 2519 2963 2573 Verr.
2984 2522 3016 2574 6
3051 2537 3061 2572 :
3109 2518 3234 2573 Erat
3265 2521 3414 2573 etiam
3445 2537 3531 2574 vas
3554 2522 3698 2573 vina-

2126 2603 2282 2649 rium,
2307 2602 2501 2658 expuna
2532 2605 2724 2657 gemma
2753 2591 3278 2658 pergrandi.Apititis,
3301 2592 3368 2643 de
3397 2591 3471 2643 lie
3504 2592 3695 2655 culin.,

2127 2658 2217 2711 lib.
2247 2657 2280 2710 4
2313 2674 2325 2709 :
2354 2656 2621 2729 Quotquot
2644 2656 2825 2729 lagano
2845 2656 3189 2726 posueris,‘tot
3212 2662 3362 2713 etiam
3393 2663 3575 2713 trullas
3602 2662 3696 2712 im-

2127 2730 2282 2794 pleto,
2327 2727 2546 2795 desuper
2576 2727 2789 2799 adjicies
2812 2733 3004 2783 vinum.
3038 2732 3169 2783 Ilinc
3212 2731 3493 2784 detrullare
3522 2731 3694 2783 eidem

2130 2799 2282 2863 [allio
2314 2809 2457 2861 ante,
2495 2813 2587 2869 ιιιο
2624 2814 2655 2852 e
2682 2799 3150 2854 ttulladiil‘ondere
3184 2819 3195 2853 :
3233 2800 3297 2853 Et
3323 2819 3372 2853 tn
3404 2802 3593 2869 patella
3618 2806 3696 2853 al-

2132 2869 2285 2919 ternis
2346 2868 2625 2921 detrullnre
2666 2873 2914 2921 convenit.
2948 2871 3122 2923 Trulla
3156 2868 3411 2925 excavata
3434 2888 3552 2925 cum
3587 2888 3698 2923 uia-

2130 2938 2321 2990 tmbrio
2342 2952 2525 2991 aureo.
2557 2939 2689 2991 Hinc
2725 2943 2913 2993 lrullns
2939 2939 3041 2993 dici
3090 2956 3249 3009 potuit
3286 2942 3457 2995 fornix
3482 2957 3575 2994 seu
3608 2957 3695 2994 ca-

2128 3023 2269 3074 mera
2321 3010 2582 3073 ecclosiee,
2642 3024 2762 3077 quia
2790 3018 2908 3063 erat
2938 3010 2988 3062 iii
3020 3014 3233 3064 modum
3267 3015 3460 3073 trulla»,
3493 3023 3546 3063 ct
3573 3011 3695 3064 inde

2128 3078 2313 3149 LI'UIIIIS
2365 3092 2555 3149 nomen
2613 3082 2786 3146 palatii
2840 3082 3178 3147 imperatoris
3209 3081 3692 3149 Co..statititiupoti.

2127 3146 2345 3200 Tectum
2378 3148 2638 3213 ecclesiae,
2670 3168 2699 3202 e
2727 3146 2949 3213 chartis,
2982 3152 3030 3203 id
3062 3162 3164 3207 est.
3195 3146 3695 3219 tabulisplumbeis.

2128 3223 2401 3287 Anastas”
2463 3221 2512 3269 ιιι
2559 3219 2782 3287 Gri-gor.
2840 3222 2947 3273 Ill:
2992 3219 3125 3273 Item
3169 3224 3220 3274 in
3250 3221 3471 3274 Basili-'a
3501 3232 3691 3275 sancta!

2127 3285 2221 3339 Dei
2247 3285 2537 3350 Genitricis,
2567 3285 2687 3353 ante
2708 3306 2774 3342 AD
2806 3306 3075 3345 manus
3101 3292 3305 3355 dicitur,
3338 3302 3523 3343 tectum
3549 3304 3691 3343 vetu-

2126 3367 2203 3409 sta
2258 3357 2823 3430 itcuriademolitum,
2879 3363 3091 3430 purgari
3140 3363 3258 3429 fecit
3297 3362 3363 3413 ad
3413 3378 3616 3427 purum.
3649 3374 3697 3415 et

2128 3442 2242 3478 cum
2270 3430 2407 3502 calce
2434 3427 2996 3483 abundantissime—seti
3017 3427 3203 3485 chartis
3232 3431 3481 3502 plumbeis
3502 3448 3533 3484 a
3570 3448 3698 3484 novo

2129 3501 2445 3551 restauravit.
2477 3502 2819 3553 ALTAIsEthA.

2206 3580 2227 3604 ε
2256 3566 2525 3620 Basilicam
2547 3582 2734 3623 sancta:
2760 3570 2935 3624 Aurea:
2964 3572 3014 3623 in
3044 3572 3203 3623 ostiis.
3234 3571 3356 3625 llaec
3370 3581 3451 3625 est
3476 3570 3700 3624 basilica

2132 3647 2330 3709 sani-ta:
2356 3642 2550 3709 Aurea:
2582 3641 2803 3709 virginis
2830 3650 2885 3692 et
2928 3645 3175 3709 martyris
3207 3643 3257 3693 in
3286 3645 3437 3694 ostiis
3466 3641 3695 3695 Tiberis.

2060 3743 2106 3800 α
2137 3707 2436 3800 ἔξιθι-ψ’υῆ
2459 3709 2547 3789 Β..
2565 3707 2647 3791 .25
2672 3707 2896 3800 August.
2925 3727 2939 3792 ξ
2972 3707 3123 3800 Apud
3147 3711 3291 3764 Ostia
3319 3710 3701 3800 Ίςιὺσςιηαβαιι-

2080 3782 2106 3806 -⁶
2141 3787 2235 3831 ctu:
2257 3781 2437 3831 Aurea:
2453 3781 2653 3849 virginis
2670 3788 2717 3834 et
2732 3781 2985 3848 martyris.
3008 3786 3137 3834 tlinc
3162 3784 3530 3837 emendandus
3552 3784 3700 3836 locus

2140 3849 2429 3902 mendosus
2468 3854 2711 3903 Atiastas.
2766 3850 2818 3902 in
2852 3855 3027 3902 Leone
3057 3851 3118 3904 ΙΙΙ
3162 3870 3174 3903 :
3229 3852 3383 3907 Suria
3423 3860 3551 3903 tecta
3583 3867 3699 3903 vero

2137 3918 2359 3972 ecclesia:
2387 3920 2541 3989 beatis
2566 3921 2745 3972 Aureae
2767 3917 2892 3989 (sic)
2918 3923 3030 3973 sine
3054 3923 3104 3974 in
3135 3924 3285 3984 ostia,
3310 3924 3480 3973 omnia
3504 3924 3700 3975 nouiter

2137 3990 2406 4057 reparavit.
2439 3987 2577 4057 Lege
2607 3987 2805 4042 Aurem.
2850 3987 2995 4043 Hauc
3038 3993 3459 4045 etot-odationetn
3522 4002 3700 4043 tuetur

2136 4057 2245 4112 Leo
2276 4059 2360 4126 IV,
2391 4060 2441 4112 in
2468 4074 2586 4113 cau.
2620 4057 2788 4128 Igitur
2806 4058 2896 4125 25,
2922 4078 2974 4127 q.
3001 4062 3034 4113 8
3066 4079 3079 4114 :
3112 4061 3353 4116 Summus
3381 4072 3545 4114 autem
3567 4077 3700 4129 prte-

2134 4130 2216 4182 sul
2243 4131 2448 4184 missam
2486 4131 2540 4182 in
2565 4133 2773 4184 ecclesia
2802 4129 2959 4183 beatte
2986 4131 3165 4184 Aurea:
3195 4133 3480 4184 celebrauit.
3509 4134 3698 4185 Aurea:

2138 4213 2331 4254 nomen
2359 4199 2612 4253 tributum
2649 4200 2947 4254 l’etronillte
2979 4201 3115 4254 Petri
3148 4202 3372 4268 apostoli
3404 4202 3541 4254 filiae.
3569 4201 3698 4267 Ejus

2136 4279 2481 4323 monumento
2508 4270 2840 4338 ittsciiptum,
2870 4272 3051 4323 Aurem
3084 4270 3395 4332 Petronillae,
3424 4272 3585 4324 refert
3616 4272 3700 4326 Sa-

2136 4342 2340 4406 gebert.
2371 4346 2420 4392 in
2448 4341 2721 4402 Clironic.,
2759 4341 2823 4394 ad
2854 4355 2979 4394 ann.
3012 4339 3135 4393 758.
3171 4346 3514 4393 Amasenus.

2208 4408 2231 4445 d
2264 4410 2365 4462 Hic
2410 4412 2585 4461 statuit
2614 4420 2666 4461 ut
2696 4420 2918 4475 tempore
2938 4409 3300 4476 confractioms
3324 4410 3562 4461 dominici
3588 4424 3699 4462 cor-

2136 4484 2292 4546 poris,
2328 4480 2502 4534 Aca‘us
2528 4479 2645 4543 DEI,
2664 4496 2751 4543 QUI
2776 4494 2957 4533 ToLLts
2981 4493 3215 4533 PECCATA
3236 4494 3416 4541 unum,
3437 4494 3699 4534 MISEREItR

2138 4563 2302 4614 NOJIS,
2335 4566 2365 4601 α
2387 4550 2521 4603 clero
2550 4560 2595 4602 et
2626 4552 2815 4619 populo
2836 4551 3203 4601 decantaretnr.
3230 4551 3446 4617 Sergius
3466 4554 3695 4615 pontifex

2136 4621 2202 4690 ab
2230 4622 2505 4690 Anastasio
2533 4620 2723 4690 dicitur
2751 4632 2937 4672 anetor
2966 4620 3121 4686 hujus
3155 4621 3402 4684 instituti,
3436 4630 3492 4673 ut
3518 4625 3695 4690 Agnus

2139 4687 2234 4739 Dei
2257 4688 2565 4743 decantetur
2592 4688 2644 4741 in
2667 4690 3022 4742 celebratione
3046 4690 3242 4743 missas.
3270 4691 3438 4758 Hujus
3468 4687 3694 4744 instituti

2136 4761 2375 4810 meminit
2423 4759 2697 4821 Alcuinus,
2751 4760 2818 4811 de
2864 4759 3030 4813 divm.
3074 4760 3253 4824 ωηο..
3309 4777 3428 4827 cap.
3475 4760 3563 4814 to.
3594 4761 3695 4814 Alit

2141 4837 2311 4898 tamen
2346 4828 2527 4881 volunt
2556 4836 2654 4882 hoc
2677 4830 2972 4882 institutum
2997 4831 3046 4883 iu
3075 4832 3264 4884 concil.
3293 4831 3532 4895 Nicacno,
3554 4834 3692 4898 quod

2138 4896 2362 4960 probant
2412 4914 2476 4951 ex
2529 4901 2643 4965 ipso
2679 4915 2831 4953 conc.
2855 4899 3053 4953 Nicmn.
3081 4900 3327 4954 Arabico.
3376 4903 3530 4954 Anno
3561 4896 3701 4953 i185

2138 4967 2354 5039 Mariam
2409 4967 2675 5036 Virginem
2699 4969 2873 5039 labro
2922 4970 3146 5037 lignarto
3175 4973 3509 5038 apparuisse,
3540 4974 3694 5039 eique

2138 5037 2416 5092 tradidisse
2441 5040 2666 5107 sigillum
2697 5038 2924 5107 imagine
2950 5056 3044 5092 sua
3076 5037 3342 5095 ettlliristi
3366 5043 3473 5094 nati
3504 5037 3698 5093 inscul-

2064 5093 2109 5150 ί)
2136 5118 2277 5182 ptum
2332 5112 2433 5182 hac
2464 5093 3301 5182 ιδειτιριἰοιιθυρίιειιιιιδίειιιιιιιιιι
3331 5093 3345 5163 ξ
3377 5093 3549 5182 Agnus
3580 5110 3695 5172 Dei,

2128 5180 2214 5250 qui
2269 5180 2402 5231 loliis
2452 5191 2653 5248 peccata
2703 5183 2904 5245 mundi,
2962 5180 3096 5233 dona
3136 5183 3277 5235 nobis
3304 5180 3500 5250 pacem,
3537 5182 3699 5235 tradit

2133 5249 2346 5300 ltubert.
2377 5252 2541 5302 abbas
2586 5252 2743 5303 Mont.
2765 5253 2896 5314 usis,
2926 5251 2978 5303 iti
3004 5253 3275 5319 Snpplem.
3301 5249 3565 5319 διεσώθη.
3598 5255 3694 5306 Δι’

2128 5333 2253 5371 ’[ΔΒΙ.
2266 5335 2385 5372 ιιιιιι.

2203 5386 2300 5439 llic
2344 5390 2537 5451 statuit,
2583 5400 2687 5441 etc.
2720 5389 2939 5457 Sergius
2978 5407 3109 5458 papa
3157 5394 3327 5444 statuit
3378 5401 3434 5445 ut
3480 5401 3703 5458 tempore

2128 5460 2484 5525 coitfractionis
2508 5458 2757 5512 Dominici
2779 5464 3028 5527 corporis,
3060 5468 3234 5517 Acxus
3262 5466 3377 5525 υει,
3402 5477 3487 5525 om
3515 5478 3700 5516 'rouns

2129 5544 2365 5582 vaccam
2415 5544 2598 5600 uuam,
2631 5546 2895 5585 HISEBERE
2944 5548 3111 5597 NttBlS,
3154 5542 3191 5584 ‘a
3233 5533 3366 5584 clero
3414 5543 3461 5586 et
3511 5535 3703 5600 populo

2129 5602 2442 5663 decantetur,
2485 5599 2651 5666 inquit
2685 5613 2868 5654 auctor
2916 5604 3033 5655 libri
3067 5602 3411 5657 [’omiticalis.
3466 5601 3531 5655 Et
3578 5599 3702 5658 Ser-

2127 5674 2245 5738 gius
2290 5671 2503 5739 quidem
2553 5670 2788 5724 instituit
2836 5682 2915 5723 ter
2958 5672 3061 5723 diti
3110 5676 3342 5725 miserere
3390 5673 3565 5736 nobis;
3606 5677 3705 5727 sed

2133 5741 2312 5804 multis
2346 5754 2523 5811 posma
2567 5741 2934 5811 ingruentibus
2961 5740 3231 5811 Ecclesiae,
3266 5741 3700 5805 adversitatibus,

2135 5821 2190 5865 ut
2233 5821 2305 5864 ait
2351 5810 2688 5867 Innocentius
2721 5812 2804 5878 Ill,
2853 5813 2946 5864 lib.
2995 5825 3043 5863 vt
3074 5810 3142 5864 de
3189 5810 3454 5879 Mystciiis
3497 5815 3697 5882 missa,
