4000 6334
327 363 384 417 5t
1247 330 1255 344 ’
1570 326 1573 329 ’
1689 362 1981 423 SEltGlUS
2020 366 2220 420 PAPA.
3514 363 3584 417 se

324 489 377 532 et
406 476 471 529 ad
499 484 737 531 sanctam
772 477 989 532 Mariam
1022 478 1245 549 populus
1268 488 1538 534 occurrat.
1566 478 1660 534 llic
1687 478 1818 533 tecit
1843 479 1895 534 in
1925 484 1975 541 Α
2004 478 2247 547 quintum
2290 473 2594 531 universale
2619 476 2929 540 concilium,
2963 481 3145 543 utpote
3168 482 3440 540 errantes,
3468 486 3586 528 sus-
3676 512 3695 519 α

326 565 540 621 basilica
597 566 767 621 sancti
820 566 1092 622 Laurentii
1145 568 1415 639 martyris,
1446 584 1567 638 qua:
1589 567 1893 638 appellatur

326 658 506 711 titulus
562 657 798 724 Lucinae,
838 672 996 712 arcus
1046 669 1332 725 argenteos
1383 668 1637 730 quatuor.
1674 668 1698 695 ⁸
1730 660 1900 731 ilnjus

327 750 654 819 temporibus
683 748 709 786 δ
741 750 1130 820 Aquilegiensis
1171 751 1421 807 Ecclesia:
1446 751 1899 821 archiepiscopus,

324 851 378 896 et
402 842 659 912 synodus,
689 857 808 911 qua:
830 843 931 897 sub
950 858 1016 899 eo
1045 854 1363 914 congregata
1396 853 1500 910 est,
1534 844 1626 914 qui
1653 851 1897 898 sanctum

2001 570 2182 638 cipere
2228 565 2561 631 diffidebant,
2609 565 2849 635 ejusdem
2897 562 3197 620 beatissimi
3230 578 3393 632 papa:
3420 564 3438 594 ι
3465 576 3582 618 mo-

2004 660 2129 714 nitis
2179 666 2338 726 atque
2382 656 2641 712 doctrinis
2663 655 2927 718 instructi.
2956 651 3197 710 conversi
3225 663 3377 718 sunt,
3399 653 3587 710 iidem-

2005 764 2110 817 que
2154 748 2461 804 venerabile
2507 747 2792 803 concilium
2820 748 2841 778 ¹
2870 761 2992 801 cum
3020 744 3381 801 satisfactione
3404 760 3586 802 susce-

2011 848 2224 911 perunt.
2282 841 2349 896 Et
2398 841 2489 911 qui
2549 840 2695 911 prius
2732 841 2832 896 sub
2855 842 3059 897 erroris
3084 840 3216 894 vitio
3244 840 3585 904 tenebantur,

1568 950 1962 1007 VAllIANTES
2006 950 2409 1007 LECTIONES.

402 1047 416 1077 ⁸
450 1046 558 1108 AL,
592 1044 956 1109 Spiritualibus
984 1046 1210 1099 monitis.

2075 1042 2094 1070 ‘
2123 1040 2253 1095 Cod.
2288 1041 2442 1111 Luc.,
2478 1042 2765 1111 Satisfacti,
2797 1054 2893 1111 pro
2914 1057 3030 1094 cum
3055 1039 3426 1111 satisfactione.

1697 1153 2051 1210 VARIORUM
2095 1155 2324 1213 NOTE.

404 1258 429 1285 ⁸
451 1248 624 1319 Hujus
646 1250 950 1316 temporibus
966 1250 1352 1319 Aquilegiensis,
1372 1258 1473 1302 etc.
1500 1248 1695 1303 Eadem
1716 1247 1905 1303 scribit

336 1320 528 1374 Paulus
562 1319 843 1381 Diaconus.
876 1319 1028 1383 lib.v,
1054 1335 1171 1386 cap.
1200 1321 1282 1372 lt.
1320 1320 1434 1371 BIN.
1465 1328 1513 1371 et
1545 1320 1703 1372 LABB.

406 1388 583 1461 Hujus
613 1391 919 1458 temporibus
950 1390 1312 1461 Aquilegiensis
1342 1388 1589 1461 Ecclesia.
1619 1391 1773 1461 Anno
1800 1389 1898 1442 cir-

333 1460 466 1514 citer
490 1458 880 1515 sexcentesimo
906 1459 1248 1527 nonagesimo
1274 1468 1483 1518 octavo.
1508 1458 1726 1513 Tiberio
1751 1460 1906 1525 Apsi-

337 1544 487 1584 inaro
531 1529 866 1597 imperante,
912 1540 965 1584 et
1011 1528 1197 1592 Sergio
1244 1543 1376 1596 papa
1431 1528 1614 1583 Romae
1661 1528 1900 1593 sedente,

334 1599 494 1655 ﬁnem
526 1600 727 1671 accepit
756 1599 985 1671 schisma
1026 1598 1277 1671 Ecclesia:
1317 1600 1670 1671 Aquileiensis
1708 1599 1775 1671 de
1804 1600 1905 1671 tri-

337 1671 436 1725 bus
456 1667 723 1735 capitulis.
756 1669 951 1723 l'aulus
979 1668 1117 1720 enim
1162 1668 1448 1734 Diaconns,
1500 1670 1591 1723 lib.
1630 1669 1698 1724 de
1730 1667 1908 1723 Gestis

338 1740 701 1808 Longobard.,
732 1754 849 1805 cap.
892 1738 980 1802 tl,
1010 1747 1285 1808 postquam
1314 1738 1584 1792 Tiberium
1629 1739 1908 1806 imperium

337 1807 592 1864 invasisse
620 1810 874 1866 narravit.
904 1809 1042 1875 quod
1075 1807 1295 1873 c0ntigit
1340 1824 1482 1863 anno
1524 1809 1647 1875 698,
1678 1809 1866 1863 scribit
1893 1826 1904 1860 :

339 1880 458 1934 Hoc
497 1889 717 1947 tempore
763 1882 989 1947 synodus
1020 1879 1263 1945 Aquileiae
1304 1882 1460 1947 facta,
1500 1880 1559 1931 ob
1606 1880 1910 1949 imperitiam

2013 1257 2139 1302 sunt
2167 1264 2288 1317 quae
2318 1264 2384 1304 ex
2412 1249 2549 1303 Beda
2580 1249 2877 1303 retulimus.
2902 1249 3186 1304 timemus.

2085 1316 2417 1401 Aquileiensis
2464 1318 2707 1401 Ecclesia:
2748 1316 3593 1401 parchiepjscoinssmeﬁSgnodus

2049 1404 2128 1461 uti:
2159 1389 2219 1441 ab
2249 1406 2306 1444 eo
2337 1400 2639 1461 congregata
2686 1399 2777 1444 est.
2820 1388 3173 1461 Aquileiensis
3198 1387 3436 1443 Ecclesia
3464 1404 3593 1461 cum

2064 1461 2361 1513 enetiarum
2404 1458 2560 1527 atque
2604 1460 2769 1513 lstrim
2814 1459 3081 1529 episcopis
3109 1458 3201 1513 diu
3242 1468 3427 1513 contra
3474 1460 3595 1513 uni-

2015 1531 2276 1582 versalem
2327 1530 2585 1595 synodum
2635 1530 2883 1597 Quintam
2932 1529 3294 1598 depugnavit,
3343 1529 3481 1597 tria,
3532 1538 3593 1583 ut

2015 1599 2194 1662 aiunt,
2251 1600 2479 1663 capitula
2528 1614 2557 1652 a
2612 1599 3136 1655 Chalcedonensibus
3186 1598 3430 1653 Patrihus
3484 1613 3587 1652 non

2020 1669 2331 1739 proscripta,
2368 1684 2398 1722 a
2425 1684 2687 1739 quoquam
2734 1684 2933 1735 negans
2959 1685 3118 1738 posse
3146 1669 3422 1738 proscribi.
3458 1667 3596 1723 Pau-

2017 1738 2156 1791 linus
2199 1738 2575 1806 Aquileiensis,
2623 1740 2891 1794 cathedrze
2935 1741 3169 1801 invasor.
3216 1749 3269 1791 et
3319 1739 3589 1792 turbarum

2018 1806 2276 1873 incentor,
2308 1810 2566 1877 Aquileia!
2611 1824 2731 1864 cum
2782 1812 2893 1865 suis
2924 1809 3276 1866 schismaticis
3323 1808 3591 1877 episcopis

2018 1886 2203 1949 contra
2237 1879 2511 1949 Synodum
2538 1880 2814 1944 Quintam,
2848 1881 2898 1933 in
2928 1895 3029 1946 qua
3066 1880 3320 1934 adversus
3363 1878 3460 1931 tria
3503 1895 3597 1931 ca-

338 1951 478 2019 ﬁdei,
508 1949 1062 2022 quintunt‘unit-ersnle
1108 1950 1379 2022 concilium
1424 1948 1685 2022 suscipere
1705 1949 1909 2018 difﬁdit,
1948 1963 1990 2022 Β
2020 1948 2180 2022 pitula
2230 1948 2623 2022 pronuntiatum
2661 1960 2789 2022 erat
2827 1950 3133 2022 anathema,
3181 1948 3601 2022 conciliabulum

339 2018 500 2101 donec
525 2018 834 2072 salutaribus
852 2019 1002 2102 .belafi
1024 2034 1180 2102 popli
1204 2018 1373 2102 ερρξὶ
1401 2021 1604 2073 monitis
1642 2022 1910 2101 instructa,

339 2101 388 2142 et
412 2091 525 2155 ipsa
548 2106 667 2141 cum
694 2090 889 2143 ueteris
914 2088 1101 2143 Christi
1131 2088 1378 2143 Ecclesiis
1402 2105 1623 2143 annnere
1643 2092 1909 2145 consentit.

346 2160 543 2212 Eadem
575 2160 685 2213 fere
712 2158 874 2212 verba
907 2160 1067 2214 habet
1097 2163 1148 2212 in
1176 2161 1365 2227 Sergio
1395 2169 1579 2213 auctor
1623 2160 1739 2214 libri
1772 2160 1906 2213 Pon-

341 2228 573 2291 tiftcalis,
605 2243 789 2283 errore
825 2230 1030 2297 vulgari
1062 2230 1343 2285 Anastasio
1383 2230 1644 2295 attributi,
1672 2231 1764 2297 qui
1811 2229 1913 2284 hoc

340 2300 457 2367 ipso
513 2308 749 2365 tempore
806 2299 1041 2355 vivebat.
1086 2300 1275 2354 Paulus
1323 2314 1450 2354 vero
1502 2302 1762 2355 Diaconns
1807 2316 1913 2355 non

344 2370 511 2439 multo
541 2376 660 2439 post
688 2369 789 2423 hoc
818 2377 1025 2439 tempus
1053 2369 1202 2424 vixit.
1245 2369 1541 2425 Cardinalis
1565 2370 1776 2438 quidem
1809 2371 1914 2424 Νυ-

344 2438 526 2503 risius,
577 2438 628 2511 in
674 2440 891 2494 dissert.
928 2438 1029 2511 ne,
1055 2442 1232 2508 quinta
1278 2443 1503 2511 synodo.
1554 2455 1671 2507 cap.
1714 2442 1769 2504 9,
1800 2440 1827 2509 ς
1862 2441 1915 2504 l,

344 2509 620 2562 contendit
664 2524 731 2563 ex
778 2511 897 2565 loco
928 2510 1104 2574 Bedre,
1146 2510 1199 2564 in
1248 2509 1339 2565 lib.
1374 2511 1440 2565 de
1487 2512 1591 2567 Sex
1644 2512 1913 2572 aetatibus.

343 2580 615 2651 synodum~
634 2579 777 2651 illam
816 2578 1210 2651 Aquileiensem
1251 2596 1373 2636 esse
1403 2581 1664 2651 synodum
1707 2596 1735 2632 a
1785 2580 1917 2633 Pau-

346 2648 455 2703 lino
484 2648 807 2721 Aquileiensi
837 2648 1137 2717 patriarcha
1165 2660 1346 2721 contra
1382 2648 1616 2719 quintam
1654 2654 1915 2721 synodum

345 2720 544 2774 saeculo
585 2720 853 2791 superiori
892 2730 1129 2774 coactam
1158 2739 1169 2773 :
1198 2720 1461 2791 Synodus,
1520 2721 1686 2787 inquit
1745 2720 1915 2787 Beda,

343 2791 588 2854 Aquileiae
615 2793 773 2857 facta,
803 2789 864 2843 ob
905 2791 1209 2857 imperitiam
1245 2789 1406 2860 'ﬁdei,
1438 2792 1670 2859 quintum
1715 2791 1916 2843 univer-

344 2861 454 2913 sale
501 2860 772 2913 concilium
823 2862 1080 2927 suscipere
1127 2861 1347 2930 difﬁdit,
1399 2866 1557 2914 donec
1609 2860 1917 2914 salutaribus

346 2930 480 3012 beati
504 2946 663 3012 parite.
691 2930 876 3012 Sergi:
898 2933 1103 3012 monitis
1130 2933 1377 3012 instructa
1406 2940 1450 2985 et
1484 2932 1619 3012 ipsa.
1642 2932 1759 2983 huic
1802 2947 1919 2983 cum

348 2999 544 3053 ceteris
600 2999 804 3054 Christi
828 3000 1072 3056 Ecclesiis
1119 3003 1344 3056 adnuere
1390 2999 1670 3066 consensit,
1719 3017 1824 3067 quo
1853 3018 1917 3056 ex

346 3070 624 3130 adverbio.
656 3072 836 3137 donec,
878 3072 1164 3127 cardinalis
1193 3071 1532 3125 doctissimus
1562 3086 1665 3125 non
1696 3074 1921 3125 obscure

348 3140 527 3207 colligi
571 3140 647 3194 ait
678 3140 874 3210 [tedam
928 3143 1068 3209 loqui
1115 3142 1183 3196 de
1230 3142 1457 3196 concilio
1502 3152 1629 3195 ante
1672 3141 1918 3210 Sergium

349 3223 689 3282 congregato.
729 3209 835 3266 Sed
880 3212 1419 3282 prmterquaquuod
1466 3209 1919 3267 verosimilc’non

349 3278 473 3346 est,
500 3278 722 3335 Paulum
754 3278 1041 3337 Diacbnum
1074 3278 1124 3336 iit
1156 3278 1310 3336 Βεάώ
1338 3298 1555 3337 sensum
1612 3298 1715 3335 non
1762 3297 1922 3349 pene-

353 3360 557 3417 trasse;
590 3353 795 3405 etiamsi
849 3353 949 3407 huc
992 3353 1396 3414 concederetur,
1444 3368 1547 3406 non
1580 3361 1762 3405 tamen
1802 3353 1924 3407 inde

352 3432 665 3491 sequeretur
693 3424 924 3477 schisma
964 3423 1323 3491 Aquileiensis
1353 3422 1605 3476 Ecclesia:
1634 3433 1758 3475 ante
1800 3425 1926 3477 Ser-

351 3494 495 3559 gium
528 3493 737 3561 penitus
765 3491 1086 3547 exsdnctum
1118 3508 1260 3558 esse,
1287 3507 1407 3545 cum
1441 3493 1634 3547 ibidem
1661 3493 1800 3547 Beda
1840 3510 1926 3546 as-

354 3571 497 3615 serat
524 3563 680 3633 illam
722 3561 1037 3627 Ecclesiam,
1067 3563 1369 3617 salutaribus
1407 3564 1536 3617 beati
1567 3579 1716 3631 papa:
1755 3564 1927 3633 Sergii

353 3632 558 3686 monitis
588 3634 919 3701 instructam,
952 3635 1134 3700 quinto
1164 3634 1395 3688 concilio
1422 3651 1535 3687 cum
1561 3634 1752 3687 caeteris
1779 3632 1928 3687 Chri-

354 3702 419 3754 sti
442 3701 679 3757 Ecclesiis
704 3704 928 3757 adnuere
954 3705 1285 3759 consensisse.
1318 3705 1396 3757 Ad
1423 3705 1654 3758 rationes
1683 3706 1923 3770 ejusdem

355 3772 644 3845 cardinalis
675 3776 1046 3842 respondimus
1077 3777 1129 3828 in
1173 3775 1476 3842 pontificatu
1522 3776 1693 3845 sancti
1723 3772 1927 3845 Grego-

357 3842 446 3896 tii.
496 3846 627 3898 Acta
672 3845 844 3899 Sancti
890 3844 1162 3900 Aldhelmi
1205 3845 1410 3898 abbatis
1438 3842 1926 3901 hlaltttesburictisis

360 3913 413 3986 in
447 3916 1071 3986 Anglia,_qum_exstant
1117 3915 1254 3986 apud
1296 3915 1530 3980 Surium,
1564 3916 1630 3969 ad
1673 3915 1813 3969 diem
1856 3917 1930 3973 25

363 3982 508 4047 Maii,
551 3982 781 4053 produnt
827 3984 1069 4054 Sergium
1119 3982 1304 4054 papam
1336 3986 1654 4041 calumniam
1687 3999 1923 4055 passum,

358 4055 508 4125 quasi
555 4055 724 4122 stupri
776 4070 899 4109 reus
946 4066 1106 4121 esset,
1160 4056 1301 4125 quod
1352 4072 1544 4125 nempe
1595 4066 1745 4125 pater
1785 4071 1927 4114 esset

363 4124 508 4188 pueri
534 4139 720 4196 recens
763 4126 891 4193 nati,
923 4142 1078 4196 quem
1118 4124 1239 4181 cum
1266 4124 1782 4183 Altllielmusltontte
1806 4132 1922 4183 exi-

361 4204 507 4247 stens
552 4193 866 4260 baptizarcl,
909 4193 1088 4250 coram
1119 4199 1412 4251 astantibus
1441 4199 1489 4250 ei
1539 4202 1783 4264 praecepit
1811 4201 1927 4255 edi-

360 4276 503 4327 cere,
535 4266 579 4317 si
611 4276 760 4335 pater
784 4266 901 4335 ejus
926 4278 1068 4322 esset
1092 4268 1136 4321 is
1162 4268 1249 4335 qui
1279 4268 1441 4337 vulgo
1467 4268 1767 4336 dicebatur;
1796 4285 1928 4338 pue-

363 4349 477 4387 rum
525 4350 655 4389 vcro
710 4338 1067 4403 restiondisse,
1113 4354 1213 4391 non
1246 4354 1319 4408 pse
1355 4352 1464 4391 esse
1514 4340 1734 4408 genitum
1785 4341 1928 4395 illius

362 4418 907 4480 apere_quem_vauus
936 4409 987 4460 in
1037 4408 1131 4480 (ioc
1172 4406 1416 4480 referebat
1465 4406 1704 4476 populus,
1747 4412 1929 4480 sicque

364 4473 663 4541 pontificem
690 4476 758 4531 ab
784 4476 1000 4531 infamia
1043 4473 1342 4533 liberatum.
1386 4473 1493 4532 Sed
1537 4473 1650 4533 haec
1690 4473 1930 4537 narratio

358 4543 481 4617 jure
522 4545 714 4599 merito
755 4562 784 4600 a
829 4547 1057 4601 Baronio
1102 4547 1155 4605 in
1202 4547 1419 4602 dubium
1469 4560 1706 4617 voratur,
1741 4568 1927 4607 revera

364 4616 506 4685 enim
531 4629 634 4668 non
660 4617 888 4671 habetur
910 4618 959 4669 itt
980 4619 1147 4672 sancti
1172 4617 1435 4672 Aldhelmi
1455 4619 1594 4685 Vita,
1609 4637 1638 4675 a
1659 4622 1928 4677 Willelmo

364 4683 822 4758 Malmesbnriensi
850 4688 1179 4752 elucubrata,
1214 4690 1341 4743 licet
1364 4673 1646 4758 legatur'in
1675 4673 1925 4748 inﬂa;
1960 4673 2009 4733 υ

363 4756 851 4832 εξιιιριξβιιηιιιιηιίΡ
881 4760 1077 4832 scripta
1109 4759 1177 4832 ab
1205 4756 1434 4813 auctore
1458 4776 1725 4832 anonymo
1754 4778 1937 4816 mona-

362 4828 466 4898 cbo
510 4823 1005 4889 Malmesburiensi;
1060 4828 1153 4897 qui
1201 4832 1359 4898 paulo
1409 4845 1535 4886 ante
1593 4823 1934 4887 thhelmum

365 4894 890 4968 blalmesbur'tensetu
950 4894 1111 4963 vixit,
1161 4894 1217 4952 ut
1267 4901 1503 4955 ostendit
1550 4902 1932 4968 ileoschenius,

361 4964 458 5034 qui
479 4982 595 5034 eam
621 4968 924 5034 publicavit,
947 4968 1013 5022 ad
1035 4968 1179 5023 diem
1201 4970 1271 5026 25
1294 4970 1433 5025 Maii.
1461 4973 1726 5026 Aldhelmi
1765 4964 1934 5027 Vitam

361 5050 390 5109 ξι
421 5032 694 5109 Willelmo
721 5032 1179 5099 Matinesburiensi
1217 5052 1470 5109 scnptam
1523 5045 1712 5096 recitat
1747 5044 1933 5098 Mabil-

364 5106 535 5158 tonius
566 5120 714 5173 parte
741 5124 755 5161 ι
787 5111 923 5162 ὃαεε.
948 5125 1003 5163 ιν
1030 5106 1377 5165 Benedictitii.
1408 5112 1622 5167 Paetis.

422 5174 459 5253 ,ι’
489 5176 857 5253 Aquilegieusis
1069 5181 1339 5253 ASynodus.
1370 5187 1682 5237 Anastasius
1708 5183 1842 5246 hmc,
1875 5192 1934 5235 ut

365 5244 466 5322 a_l_ia
520 5244 794 5322 nonnulla,
823 5249 1103 5319 descripsit
1121 5244 1188 5306 Ex
1222 5253 1382 5317 netia,
1414 5258 1501 5322 qui
1527 5271 1577 5305 ιιι
1606 5252 1696 5306 lib.
1724 5252 1794 5306 de
1830 5244 1929 5306 'sex

361 5312 531 5393 βίω.
570 5321 654 5393 ait
680 5335 695 5375 :
728 5312 979 5393 synodus
1003 5312 1254 5393 Aquileia:
1274 5312 1413 5393 facta
1433 5312 1503 5375 ὀὺ
1530 5323 1845 5393 imperitiam
1868 5325 1931 5389 [i-

360 5387 441 5462 dsi
493 5387 725 5462 quintum
770 5387 1075 5462 universale
1102 5387 1371 5447 concilium
1412 5387 1666 5462 suscipere
1694 5387 1926 5461 difﬁdit,

361 5455 542 5534 donec,
572 5459 885 5534 salutaribus
909 5461 1041 5516 beati
1067 5479 1216 5534 papa?
1239 5464 1411 5534 Seggii
1431 5455 1635 5516 monitis
1661 5455 1925 5524 instructa,

361 5538 406 5575 et
431 5526 544 5592 ipsa
572 5528 689 5583 huic
716 5545 831 5587 cum
854 5536 1047 5588 caneris
1067 5526 1258 5586 Christi
1289 5526 1531 5586 Ect'lesiis
1558 5535 1780 5587 adnuere
1807 5548 1928 5586 con-

361 5597 531 5659 sentit.
564 5596 758 5673 Paulus
788 5618 997 5673 quoque
1028 5604 1310 5673 Diaconns,
1342 5604 1434 5657 lib.
1467 5618 1535 5665 ti,
1567 5618 1619 5657 c.
1672 5601 1759 5668 Μ,
1806 5619 1925 5657 cum

361 5680 659 5725 enarrasset
685 5672 965 5741 imperium
1018 5688 1157 5727 anno
1205 5672 1272 5726 98
1304 5673 1566 5726 aTiberto
1584 5672 1751 5727 fuisse
1777 5675 1924 5727 inva-

363 5750 500 5813 smn,
552 5743 780 5813 scribit:
818 5742 933 5797 Hoc
981 5753 1201 5811 tempore
1230 5744 1456 5812 synodus
1494 5744 1742 5812 Aquileia:
1760 5748 1920 5813 facta,

365 5805 425 5864 ob
477 5812 775 5879 imperitiam
822 5815 966 5884 ﬁdei,
1017 5805 1122 5868 Cll‘.
1151 5805 1278 5883 Qua?
1305 5805 1599 5884 sequuntur
1621 5805 1829 5886 gemina
1857 5805 1922 5871 iis

2020 2017 2199 2071 habuit
2248 2020 2387 2074 circa
2434 2036 2629 2073 annum
2657 2019 2780 2086 557,
2824 2021 3043 2075 sedente
3084 2021 3136 2074 in
3181 2019 3416 2072 Romana
3463 2020 3594 2072 sede

2022 2086 2233 2155 Vigilio.
2261 2089 2448 2157 Sergio
2469 2091 2629 2144 etiam
2658 2091 2838 2144 Roma:
2859 2092 3106 2153 sedente,
3131 2089 3288 2143 aliam
3312 2090 3378 2141 de
3404 2089 3591 2143 eadem

2016 2172 2173 2211 causa
2207 2160 2669 2226 pseudosynodum
2705 2161 2937 2214 habitam
2986 2160 3170 2225 fuisse,
3203 2160 3303 2212 hoc
3338 2167 3423 2212 est
3449 2158 3592 2213 circa

2017 2242 2215 2283 annum
2247 2228 2374 2292 698,
2406 2228 2601 2284 Noster
2631 2230 2731 2284 hoc
2763 2231 2881 2285 loco
2911 2239 3162 2293 testatur,
3209 2244 3238 2281 a
3270 2244 3373 2294 quo
3407 2228 3596 2297 Sergio

2018 2297 2233 2353 tandem
2263 2300 2634 2368 Aquileienses
2662 2301 2931 2367 instructi,
2952 2298 3313 2355 venerabilem
3355 2297 3591 2366 quintam

2016 2369 2278 2441 synodum
2316 2384 2613 2441 suscepere!
2631 2370 2696 2424 ad
2729 2371 2985 2425 unitatem
3018 2369 3269 2441 Ecclesia:
3291 2368 3592 2441 catholicas.

2018 2434 2226 2505 ejurato
2272 2434 2581 2503 schismate,
2636 2441 2944 2495 redeuntes.
2987 2439 3287 2494 Cardinalis
3332 2434 3591 2499 Nurisius,

2018 2508 2071 2561 in
2106 2509 2322 2563 dissert.
2367 2511 2435 2582 de
2480 2526 2510 2562 v
2554 2511 2955 2582 synodo_(t.'ap.
2986 2511 3042 2573 9,
3088 2526 3267 2582 parag.
3302 2512 3403 2577 p.),
3448 2517 3599 2576 putat

2018 2594 2210 2651 novum
2252 2579 2659 2634 conciliabulum
2706 2579 2821 2634 sub
2852 2582 3040 2651 Sergio
3085 2579 3301 2651 minime
3350 2587 3593 2651 coactum

2021 2649 2201 2709 fuisse.
2234 2659 2417 2703 contra
2445 2665 2605 2717 quam
2654 2659 2900 2704 narratur
2940 2647 3007 2705 εἰ)
3055 2649 3353 2703 Anastasio.
3398 2647 3595 2702 Bedsm

2020 2732 2145 2792 vero
2184 2733 2306 2772 cum
2352 2729 2536 2792 nostro
2574 2724 2996 2792 consentientem
3047 2720 3194 2792 (nam
3226 2721 3278 2772 in
3325 2718 3617 2777 Chronico

2019 2789 2087 2842 de
2132 2802 2227 2843 sex
2274 2790 2540 2853 aetatibus.
2570 2791 2785 2845 Tiberio
2832 2789 3114 2845 Absimaro
3159 2791 3455 2857 imperante
3502 2806 3598 2843 an-

2020 2872 2091 2910 no
2113 2859 2166 2925 7,
2191 2873 2297 2932 quo
2325 2868 2564 2932 tempore
2592 2860 2809 2932 Sergius
2835 2861 3128 2914 Romanam
3167 2856 3383 2932 regebat
3415 2856 3600 2914 Eccle-

2021 2943 2152 3000 sium
2180 2946 2190 2981 :
2228 2930 2492 2999 Synodus,
2522 2930 2715 2997 inquit,
2745 2933 2992 2997 Aquileia:
3014 2932 3172 3000 facta,
3198 2931 3260 2983 ob
3291 2930 3600 2999 imperitiam

2020 2999 2165 3065 ﬁdei,
2199 3003 2430 3067 quintum
2472 3018 2538 3054 un
2552 3001 2751 3055 ’vvrsale
2795 2999 3066 3056 concilium
3102 3003 3358 3069 suscipere
3387 3000 3594 3070 difﬁdit,

2021 3074 2200 3141 donec.
2215 3070 2525 3124 salutaribus
2549 3073 2677 3125 benti
2693 3073 2859 3141 Sergii
2885 3089 3030 3139 papae
3049 3072 3253 3125 monitis
3268 3073 3600 3133 instructa,“

2021 3139 2135 3205 ipsa
2156 3141 2275 3192 huic
2288 3156 2402 3193 cum
2413 3144 2605 3196 steteris
2618 3139 2806 3197 Christi
2835 3143 3070 3197 Ecclesiis
3092 3157 3315 3195 annuere
3333 3142 3600 3207 consentit)

2026 3209 2094 3260 ita
2146 3210 2541 3278 interpretatur,
2592 3224 2650 3266 ut
2677 3214 2960 3267 concilium
3012 3228 3041 3265 a
3092 3212 3314 3267 Paulino
3343 3222 3527 3266 contra
3569 3227 3602 3262 ν

2028 3281 2288 3345 synodum
2320 3282 2572 3355 habitum
2626 3284 2765 3337 Beda
2822 3283 3116 3355 significet.
3159 3283 3307 3355 cujus
3342 3297 3504 3355 error
3546 3291 3604 3337 et.

2032 3363 2253 3423 pravum
2302 3350 2385 3423 de
2411 3356 2616 3423 synodo
2667 3371 2695 3404 v
2740 3350 2992 3418 judicium
3022 3352 3110 3407 diu
3156 3353 3398 3423 invaluit,
3432 3352 3601 3405 donec

2031 3421 2203 3488 Sergii
2247 3421 2462 3476 monitis
2504 3424 2877 3491 Aquileienses
2925 3422 3191 3486 instructi,
3232 3438 3372 3487 eam,
3416 3438 3609 3476 errore

2029 3490 2288 3558 deposito,
2318 3507 2437 3545 cum
2477 3490 2686 3549 czcteris
2717 3494 2972 3549 Ecclesiis
3010 3504 3376 3561 susceperunt.
3424 3492 3479 3546 ld
3509 3507 3600 3545 au-

2032 3568 2139 3612 tem
2186 3561 2585 3632 eruditissimus
2640 3563 2924 3619 cardinalis
2970 3579 3036 3618 ex
3082 3578 3147 3617 eo
3201 3564 3409 3628 probat,
3459 3563 3605 3632 quod.

2029 3631 2234 3701 synodo
2284 3632 2630 3688 Lateranensi
2683 3634 2876 3688 habitas
2924 3649 3065 3688 anno
3114 3632 3218 3689 (illi
3270 3631 3603 3701 subscriptus

2031 3700 2222 3770 lt-gitur
2245 3702 2501 3774 maximus
2527 3704 2883 3774 Aquileiensis
2923 3705 3236 3772 episcotms;
3274 3715 3327 3757 et
3356 3703 3455 3757 sub
3482 3700 3604 3756 San-

2030 3785 2119 3825 eto
2163 3773 2442 3844 Agathone
2490 3773 2645 3842 papa,
2686 3776 2775 3844 qui
2819 3776 2991 3841 Sergii
3040 3775 3403 3839 pontilicatum
3450 3775 3603 3840 quin-

2030 3858 2262 3914 qui-nmo
2288 3843 2459 3897 solum
2486 3843 2777 3913 prrecessu.
2810 3846 3027 3899 adfuere
3054 3846 3107 3897 in
3134 3845 3368 3897 Romana
3398 3844 3605 3914 synodo

2029 3929 2148 3964 cum
2196 3912 2839 3982 AgathoneAqnileicnsi
2890 3916 3224 3983 metropolita
3270 3912 3450 3968 caueri
3493 3914 3606 3968 suf-

2031 3983 2264 4055 fraganei
2301 3985 2507 4038 litteras
2547 3986 2964 4050 subscribentes,
3008 4001 3071 4040 ex
3115 3984 3307 4054 quibus
3336 3985 3608 4055 colligitur

2030 4054 2294 4123 synodum
2323 4057 2565 4124 quintam
2590 4071 2684 4110 eos
2711 4058 3029 4126 suscepisse.
3060 4058 3165 4113 Sed
3200 4055 3308 4109 duo
3328 4064 3453 4109 sunt
3473 4054 3607 4124 quo-

2032 4140 2147 4178 rum
2196 4139 2354 4180 causa
2379 4126 2693 4181 doctissimo
2721 4128 2927 4181 Norisio
2956 4144 3061 4184 non
3115 4130 3376 4192 as~cntio,
3407 4126 3609 4179 credo-

2029 4211 2131 4263 que
2176 4196 2309 4251 duas
2356 4198 2796 4268 pseudosynodos
2842 4200 3101 4266 Aquileia:
3151 4208 3364 4268 coactas
3394 4196 3602 4268 fuisse:

2031 4280 2209 4331 uuam,
2233 4265 2376 4322 anno
2396 4265 2522 4334 557,
2547 4285 2575 4321 a
2595 4265 2846 4335 Paulino,-
2874 4265 3114 4333 alteram,
3142 4282 3281 4322 auito
3299 4266 3424 4330 698.
3455 4281 3483 4317 a
3509 4266 3607 4321 Pe-

2032 4345 2133 4403 tro,
2160 4342 2247 4404 qui
2272 4339 2664 4407 Aquileiensem
2691 4340 2872 4395 sedem
2906 4352 3015 4395 tum
3043 4338 3332 4393 obtinebat.
3368 4337 3605 4407 Primum

2030 4418 2110 4458 est
2136 4406 2398 4481 synodum
2431 4426 2459 4462 a
2482 4410 2705 4481 Paulino
2725 4422 3097 4481 congregatum
3125 4410 3304 4481 fuisse,
3336 4406 3609 4481 utdijudi-

2029 4476 2176 4532 caret
2201 4480 2268 4533 de
2295 4480 2531 4551 generali
2559 4482 2763 4551 synodo
2809 4476 2864 4545 v",
2894 4476 3052 4551 quam
3088 4479 3376 4551 rcjecit,ut
3405 4476 3608 4551 labefa-

2030 4558 2261 4601 ctantem
2299 4548 3042 4606 concilium‘Chalcedotiense
3077 4550 3418 4604 damnatione
3447 4548 3607 4602 trium

2035 4620 2411 4686 capitulorum,
2440 4622 2582 4687 quod
2627 4631 2838 4675 constat
2865 4638 2931 4677 ex
2973 4624 3039 4676 iis
3068 4622 3379 4688 lragmentis
3406 4618 3607 4685 episui.

2041 4690 2206 4742 larum
2242 4689 2433 4759 Pelagii
2460 4692 2478 4745 Ι
2508 4707 2626 4759 qua:
2651 4706 2682 4745 e
2722 4693 2954 4746 tenebris
2993 4694 3222 4760 primum
3267 4691 3404 4744 eruit
3439 4690 3615 4744 Lucas

2044 4760 2366 4830 llolstenius.
2422 4762 2477 4814 In
2526 4764 2682 4815 tertio
2726 4763 2984 4830 siquidem
3041 4764 3231 4829 legitur
3262 4778 3275 4814 :
3311 4760 3419 4813 Nec
3465 4761 3610 4813 licuit

2039 4829 2338 4902 aliquando,
2365 4847 2455 4884 nec
2475 4832 2662 4895 licebit,
2698 4829 3059 4900 particularem
3082 4834 3334 4902 synodum
3364 4830 3431 4902 ad
3464 4831 3612 4902 diju-

2039 4900 2313 4954 dicandum
2355 4902 2640 4972 generalem
2684 4902 2937 4971 synodum
2993 4900 3314 4973 congregari.
3356 4900 3610 4973 Synodus

2039 4985 2166 5024 vero
2195 4987 2222 5022 a
2254 4973 2395 5027 Beda
2419 4983 2708 5028 memorata
2740 4973 2809 5025 ob
2829 4971 3146 5037 ittttteritiam
3187 4971 3307 5024 litlci
3336 4971 3614 5026 diffidebat

2038 5042 2293 5113 duntaxat
2313 5044 2550 5111 quintam
2572 5044 2833 5113 synodum
2856 5046 3157 5112 generalem
3174 5043 3437 5110 recipere.
3454 5042 3609 5096 Aliud

2037 5112 2301 5178 siquidem
2333 5125 2414 5167 est
2454 5112 2753 5167 universale
2778 5114 3060 5167 concilium
3092 5113 3337 5181 rejicere,
3370 5113 3511 5165 aliud
3542 5113 3614 5167 ob

2037 5181 2356 5250 imperitiam
2386 5183 2509 5235 illud
2546 5199 2648 5235 non
2681 5185 2974 5251 suscipere.
3002 5185 3233 5238 Primum
3260 5191 3344 5237 est
3369 5198 3462 5250 per
3482 5198 3615 5236 con-

2039 5253 2321 5307 tumaciam
2347 5254 2643 5306 universale
2672 5256 2957 5307 concilium
2986 5265 3353 5317 contemnere,
3383 5254 3621 5308 alterum.

2035 5322 2105 5392 ob
2134 5323 2486 5392 ignorantiam
2523 5323 2589 5376 de
2618 5324 2709 5377 illo
2736 5324 3073 5391 suscipiendo
3110 5325 3371 5377 diffidere.
3404 5323 3613 5379 Secun-

2034 5391 2177 5444 dum’
2210 5402 2295 5446 est
2349 5392 2682 5460 perspicuum
2732 5394 3090 5448 testimonium
3141 5392 3289 5447 Pauli
3335 5394 3614 5460 scriptoris

2039 5462 2391 5534 Aquileiensis
2434 5464 2737 5531 provinciae,
2782 5478 2837 5519 et
2883 5465 3093 5519 diaconi
3118 5466 3475 5534 Aquileiensis
3506 5464 3613 5519 Ec-

2034 5532 2232 5606 clesite,
2256 5544 2446 5606 oetavo
2471 5536 2663 5588 sarculo
2690 5538 2795 5589 vita
2820 5536 3018 5606 functi;
3049 5532 3331 5605 quia'sijn
3363 5537 3460 5587 hac
3486 5549 3617 5606 syn-

2035 5603 2139 5657 odo
2188 5604 2466 5659 indicanda
2515 5606 2653 5657 Beda
2696 5603 3299 5669 hallucinatus‘luissct,
3332 5603 3615 5659 eruendas-

2032 5682 2112 5743 set
2161 5674 2307 5729 illum
2354 5678 2470 5728 sine
2506 5676 2689 5740 dubio,
2721 5692 2823 5728 non
2849 5677 2991 5729 illius
3022 5680 3185 5730 verba
3218 5676 3612 5743 exscripsisset.

2035 5742 2229 5799 Paulus
2276 5747 2433 5815 igitur
2463 5745 2600 5813 (Lib.
2626 5762 2674 5798 Vt
2712 5745 2856 5800 Hist.
2887 5747 3140 5813 Lnngob.,
3182 5762 3304 5813 cup.
3349 5742 3439 5813 η)
3469 5761 3627 5801 assea

2033 5815 2099 5869 rit
2127 5817 2627 5886 synodutuscdente
2654 5819 2840 5889 Sergio
2868 5820 3121 5885 Aquileiae
3152 5823 3394 5873 coactam
3425 5817 3603 5873 luisse.
