4000 6334
302 286 370 347 εδ
1167 294 1393 352 εεῐιϐιι
1435 296 1639 354 ΡΑΡΛΕ
1679 298 1696 354 l
1742 297 2069 355 EPISTULA
2109 301 2197 355 AD
2234 299 2675 357 CEOLFIHDUM
3478 307 3549 365 ει

303 404 542 462 doctrina
594 408 902 478 apostolica:
929 408 1076 464 sedis
1108 408 1410 476 illuminati,
1442 427 1562 466 cum
1596 428 1722 480 pace
1746 428 1875 469 con-
1902 424 1948 479 Α
1978 418 2079 473 nia:
2106 416 2584 488 archiepiscopum.
2613 418 2712 474 ilic
2733 420 3002 478 ordinavit
3040 436 3135 494 per
3158 423 3399 482 diversas
3422 439 3548 495 pro-

299 509 547 557 sonantes
577 500 812 569 veritati,
859 500 928 555 ad
958 502 1170 571 propria
1199 505 1212 533 ¹
1247 502 1468 557 relaxati
1493 516 1636 558 sunt.
1673 504 1769 559 Hie
1797 506 1874 561 ie-

299 592 365 646 cit
407 591 765 661 coopertoria,
816 590 904 646 vel
928 606 1055 647 vasa
1094 607 1277 660 aurea,
1309 602 1364 648 et
1390 602 1642 663 argentea
1671 597 1691 627 ²
1719 596 1870 664 plura

298 699 386 753 per
400 683 651 738 diversas
677 683 958 749 ecclesias,
992 684 1058 738 ad
1086 699 1241 739 usum
1267 694 1321 739 et
1350 694 1594 740 ornatum
1624 687 1873 742 ecclesia-

297 789 408 826 rum
425 770 649 828 Christi.
672 772 769 828 Hic
790 772 1389 845 ordinavitpamianum
1409 774 1869 845 archiepiscopum

292 875 489 918 sanctas
543 864 798 920 Ecclesiae
848 864 1217 933 Ravennatis,
1265 864 1289 897 ³
1327 874 1488 933 atque
1539 864 1869 923 Clementem

292 953 313 984 ⁸
338 956 711 1012 Frisonorum.
740 956 839 1013 Hic
865 958 1133 1012 ordinavit
1158 958 1179 989 ⁸
1209 957 1631 1028 Berechyaldum
1662 958 1870 1016 Britan-

1976 508 2176 565 vincias
2223 509 2500 578 episcopos
2524 511 2809 581 nonaginta
2840 521 3071 583 septem.
3102 513 3251 570 Fecit
3278 526 3455 571 autem
3486 529 3544 574 et

1977 599 2341 656 ordinationes
2389 600 2522 656 duas
2575 616 2671 671 per
2706 617 2947 659 mensem
2976 603 3171 670 Martii,
3205 605 3547 678 presbyteros

1979 688 2403 755 xvnt,diaconos
2419 701 2663 762 quatuor,
2684 694 2772 763 qui
2789 693 2947 750 etiam
2968 696 3205 764 sepultus
3225 705 3310 752 est
3335 698 3400 752 ad
3420 697 3547 754 bea-

1976 787 2085 833 tum
2131 780 2345 836 Petrum
2385 784 2688 851 apostolum
2732 783 2755 816 ⁸
2809 800 2861 840 vt
2911 786 3033 840 Idus
3078 786 3433 856 Septembris,
3463 789 3547 843 in-

1978 869 2207 926 dictione
2235 872 2256 903 τ
2286 887 2375 939 xv,
2407 872 2622 928 Tiberio
2648 876 2909 945 Augusto,
2941 887 2994 933 et
3014 878 3243 934 cessavit
3271 880 3547 951 episcopa-

1977 969 2060 1014 tus
2086 975 2323 1016 mensem
2354 978 2538 1031 unum,
2568 965 2681 1021 dies
2708 967 2912 1035 viginti.

1505 1065 1899 1125 VARIANTES
1939 1068 2343 1127 LECTIUNES.

358 1168 373 1196 ι
401 1157 539 1212 Cod.
574 1156 727 1220 Lttc.,
753 1160 961 1213 reversi.

358 1229 379 1257 ’
403 1229 488 1281 AI.
520 1243 632 1281 nm.
670 1228 841 1295 plura.

358 1297 379 1327 ⁸
409 1299 494 1351 Al.
531 1297 862 1351 Ravennatis.
903 1296 1006 1351 Hic
1028 1298 1282 1352 ordinavit
1311 1297 1644 1351 Bertoaldum
1664 1298 1864 1351 archie-

294 1368 570 1437 piscopum,
594 1378 747 1436 atque
760 1368 1067 1422 Clementem
1089 1372 1142 1423 in
1161 1382 1359 1439 gentem
1373 1366 1733 1423 Frisonorum.
1759 1367 1865 1421 Hic

295 1439 541 1491 ordinavit
566 1455 658 1509 per
680 1440 925 1503 diversas,
952 1450 1054 1493 etc.

2046 1161 2067 1191 "
2095 1164 2226 1216 Cod.
2263 1163 2417 1227 Luc.,
2450 1165 2748 1221 Frisonum.

2049 1234 2067 1262 ³
2096 1232 2231 1289 Cod.
2267 1233 2421 1299 Lttc.,
2450 1234 2864 1297 Berectualdttm.

2046 1301 2067 1376 ξ
2095 1304 2229 1376 God.
2262 1303 2415 1369 Luc.,
2445 1309 2639 1376 quinta.

2044 1370 2064 1403 ’
2095 1372 2204 1437 AL,
2240 1387 2348 1428 xiv.

1562 1532 1922 1590 VARIORUM
1960 1529 2167 1586 ΝΟΤιΕ
2195 1566 2213 1585 .

296 1636 565 1694 postquam
594 1624 737 1678 enim
768 1625 1038 1679 Tiberium
1068 1626 1403 1681 Absimarum
1443 1624 1706 1680 tnrasisse
1744 1640 1867 1678 nar-

296 1698 425 1747 ravit
454 1695 737 1766 imperium
766 1713 779 1748 :
806 1695 920 1748 Hoc
950 1704 1195 1763 tempore,
1227 1696 1426 1758 subdit,
1452 1697 1677 1766 synodus
1706 1696 1866 1764 Aqui-

1979 1622 2391 1701 :{tquileiensesg
2424 1638 2543 1701 nam
2569 1632 2726 1679 erant
2763 1625 3009 1701 catholici
3049 1629 3401 1701 metropolitte
3428 1630 3549 1701 ejus

1972 1693 2247 1760 Ecclesiae,
2293 1694 2345 1747 in
2376 1696 2545 1748 insula
2587 1704 2763 1751 tamen
2804 1696 2980 1751 Grado
3006 1693 3257 1756 ordinati.
3288 1693 3532 1756 Nondum

294 1766 397 1815 lein:
437 1765 607 1835 facta,
660 1765 721 1817 ob
769 1766 1079 1835 imperitiam
1121 1768 1264 1833 ﬁdei,
1314 1764 1544 1834 quintum
1585 1766 1866 1819 universale
1968 1764 2113 1835 enim
2160 1764 2471 1835 metmpolis
2516 1765 2772 1835 Aquileia:
2813 1768 2867 1821 in
2908 1768 3041 1823 duas
3071 1770 3299 1825 dissecta
3346 1773 3545 1834 fuerat,

291 1833 556 1887 concilium
596 1833 853 1901 suscipere
874 1836 1076 1904 άὲᾒίιιὶι,
1123 1840 1285 1889 donec
1324 1833 1453 1890 beati
1501 1836 1672 1905 Sergii
1717 1851 1864 1904 papa:
1902 1835 1945 1899 Β
1973 1833 2113 1901 quod
2158 1842 2343 1905 postea
2372 1833 2610 1902 Gregorii
2639 1834 2681 1889 ll
2709 1838 3027 1893 auctoritate
3065 1838 3259 1894 factum
3288 1839 3403 1894 fuit.
3428 1833 3541 1895 Una

293 1906 486 1958 monitis
511 1906 680 1957 instra
711 1916 780 1969 ta,
807 1914 855 1959 et
893 1910 1006 1972 ipsa
1035 1923 1154 1959 cum
1188 1908 1382 1961 ueteris
1404 1904 1867 1960 Christi’Ecclesit's

292 1988 504 2027 annuet:
553 1978 821 2028 consentit.
893 1977 1019 2029 llaec
1078 1976 1189 2044 jam
1260 1977 1739 2031 animadverteram
1796 1980 1864 2029 de

291 2048 443 2116 altera
510 2044 924 2116 pseudosynodo
983 2047 1311 2114 Aquileiensi
1382 2056 1566 2101 contra
1620 2048 1861 2114 quintum

300 2114 585 2168 universale
606 2114 916 2175 c0ncilium,
950 2131 1069 2169 cum
1113 2119 1178 2169 ad
1226 2132 1413 2170 manus
1441 2118 1582 2172 venit
1610 2116 1860 2170 eruditis-

297 2199 420 2254 sttna
447 2186 759 2239 dissertatio
788 2188 856 2240 de
894 2186 1180 2239 schismate
1213 2187 1466 2241 Ecclesia:
1497 2185 1859 2254 Aquileiensis

296 2251 551 2327 rI._Potris
578 2254 844 2327 liernardi
873 2256 1051 2309 Maria:
1077 2257 1144 2310 de
1168 2257 1387 2320 Rubeis,
1422 2258 1473 2310 in
1495 2251 1600 2325 qua
1625 2254 1776 2327 (Cap.
1800 2254 1853 2321 5,

293 2324 377 2396 l9)
404 2325 635 2378 oSIentlit
677 2327 938 2396 synodum
985 2327 1251 2380 diversam
1283 2328 1351 2381 ab
1381 2326 1470 2381 illa
1516 2324 1732 2380 Paulini
1756 2326 1854 2396 Be-

294 2392 408 2445 dam
454 2392 778 2461 signiﬁcare.
828 2396 909 2449 Ad
957 2398 1261 2464 appositam
1306 2411 1431 2451 vero
1480 2398 1743 2449 rationem
1766 2394 1859 2449 de-

291 2474 544 2528 sumptatn
588 2475 697 2517 tum
726 2481 791 2519 ex
836 2466 1228 2534 subscriptione
1258 2466 1469 2522 Maximi
1501 2466 1855 2534 Aquileiensis

286 2535 499 2607 synodo
526 2535 895 2601 Lateranensi,
925 2545 1032 2589 tum
1060 2551 1126 2591 ex
1163 2538 1417 2607 synodica
1446 2536 1702 2589 Romamn
1727 2549 1855 2605 syn-

286 2603 367 2653 odi
417 2603 522 2658 sub
564 2615 751 2659 sancto
796 2608 1110 2673 Agathone,
1157 2603 1240 2660 citi
1284 2607 1598 2673 subscripsit
1649 2603 1855 2674 Agatho

285 2674 637 2740 Aquileiensis
676 2691 794 2745 cum
825 2677 938 2728 suis
982 2677 1349 2745 Stiliiaganeis,
1385 2676 1671 2745 respondet
1716 2676 1854 2729 idem

283 2745 619 2816 doctissimus
644 2744 894 2813 script0r,
915 2744 1199 2800 Maximum
1224 2757 1276 2800 et
1302 2744 1634 2816 AgathOnem
1657 2760 1759 2799 non
1787 2747 1851 2798 ad

284 2814 672 2884 Aquileiensem
705 2818 1022 2880 bcclesiam,
1055 2818 1148 2871 sed
1177 2820 1242 2870 ad
1272 2814 1599 2872 Gradensem
1642 2826 1823 2884 specta

282 2896 353 2935 re.
379 2880 567 2953 Neque
595 2900 722 2940 vero
767 2890 1065 2941 mirandum
1111 2897 1195 2941 est
1236 2902 1330 2941 eos
1367 2902 1428 2942 se
1472 2880 1854 2953 subscripsisse

1973 1904 2285 1978 metropolis
2328 1913 2463 1978 erat,
2496 1906 2665 1974 inquit
2708 1906 2953 1962 laudatus
2991 1919 3196 1975 auctor,
3227 1924 3350 1978 qua:
3396 1912 3545 1963 schi-

1972 1972 2538 2050 smatelacerabatur;
2566 1972 2734 2050 unum
2756 1992 3097 2050 corpuscum
3124 1972 3320 2050 duplici
3345 1981 3542 2049 capite,

1969 2044 2140 2097 altero
2183 2042 2545 2108 schismatico,
2588 2046 2758 2099 altero
2792 2042 3089 2113 catholico;
3130 2042 3385 2104 ac'alteri
3410 2042 3545 2103 Sana

1969 2114 2206 2167 membra
2253 2113 2637 2181 adhaerebant,
2688 2116 2841 2170 alteri
2906 2119 3177 2174 morbosa.
3237 2119 3542 2174 Catholicus

1968 2183 2307 2257 metropolita
2354 2184 2646 2257 dicebatur,
2678 2184 3005 2255 Gradensis,
3063 2189 3205 2257 quod
3260 2190 3311 2243 in
3366 2190 3536 2243 insula

1966 2252 2145 2327 _Grado
2167 2255 2488 2327 eligeretur;
2536 2255 2909 2310 schismaticus
2936 2252 3231 2327 appellatus
3259 2267 3342 2313 est
3375 2261 3541 2326 Aqui-

1966 2322 2203 2398 ieiensis,
2228 2320 2647 2398 quoddoanncs,
2670 2327 2933 2398 catholico
2948 2320 3218 2383 Caindiann
3244 2320 3545 2398 Oppositus,

1961 2391 2013 2468 in
2046 2402 2228 2468 vetere
2255 2394 2411 2468 fuerit
2452 2395 2735 2468 ordinatus
2753 2397 3016 2468 aquileia.
3046 2391 3363 2468 Uterque-se
3390 2391 3544 2468 gere;

1962 2462 2053 2537 bat
2078 2478 2173 2537 pro
2204 2463 2556 2537 Qqu‘ileiengi,
2583 2478 2647 2517 ac
2676 2464 2776 2537 sibi
2794 2462 3009 2537 juragin
3062 2462 3221 2522 totam
3270 2462 3540 2537 metfopo-

1962 2528 2424 2603 lim—vindicabat.
2481 2530 2686 2603 Favore
2716 2528 3213 2603 ‘Langobardorum
3262 2528 3542 2591 fruebatur
3644 2528 3652 2548 '

1966 2601 2344 2677 schismaticus
2352 2618 2383 2677 ἐ
2393 2601 2675 2677 catholico
2696 2600 2956 2677 favebant
2989 2607 3209 2661 Romani
3241 2608 3539 2677 pontiﬁces,

1963 2672 2203 2744 exarchi,
2231 2682 2302 2744 _et
2344 2671 2799 2744 Christianissima
2852 2675 3173 2731 Venetorum
3216 2671 3535 2744 reSpoblica.

1959 2743 2061 2816 Sed
2092 2742 2159 2796 de
2189 2742 2591 2816 historialnijus
2618 2744 2919 2816 schisinatis
2942 2747 3092 2813 plura
3127 2748 3219 2816 qui
3244 2742 3536 2810 desiderat,

1961 2814 2101 2885 legat
2128 2813 2371 2885 eamdem
2398 2811 2848 2885 dissertationem,
2880 2829 2908 2867 a
2940 2811 3041 2882 qua
3070 2811 3344 2872 schisntati
3375 2815 3538 2885 Aqui.

1963 2883 2150 2937 leiensi
2175 2881 2403 2935 multum
2429 2882 2563 2936 lucis
2591 2884 2901 2939 aliunditur.
2922 2881 3156 2941 Marsus.

1038 3145 1468 3251 SEBGII
1545 3138 1918 3245 PAst
1998 3143 2035 3244 1
2112 3136 2745 3244 EPISTOLA

513 3327 619 3387 AD
664 3327 1180 3390 CEOLFBIDUM
1229 3328 1604 3389 ABBATEM
1659 3324 2148 3387 MONASTERII
2197 3325 2563 3387 DIVOBUM
2609 3327 2841 3388 PETRI
2888 3328 2991 3387 ET
3036 3327 3298 3403 PAULI,

1179 3486 1350 3540 QUOD
1395 3486 1507 3529 EST
1550 3486 1632 3528 AD
1677 3482 2108 3531 WIBIMUNDARI
2155 3484 2236 3526 ET
2280 3484 2645 3542 INGERVUM,

1058 3611 1140 3664 DE
1215 3610 1383 3660 BEDA
1457 3589 1841 3659 VBNEBABlLI
1913 3605 2139 3657 DOMAM
2209 3607 2764 3661 TRANSMITTENDO.

1521 3804 1694 3866 (Mans.
1718 3802 1836 3853 Coll.
1862 3802 2005 3851 Conc.
2029 3809 2147 3853 tom.
2168 3799 2298 3865 XII.)

341 3989 571 4061 Sergius
618 3987 900 4058 cpiscopus
947 4003 1133 4044 servus
1162 4003 1442 4044 servorum
1476 3989 1569 4045 Dei
1600 3990 1863 4047 Ceolfrido
1893 3995 1937 4053 Ω
1970 3988 2250 4044 ferendum
2278 3999 2393 4041 arte
2437 3987 2749 4041 litteraturte
2786 3972 2996 4051 imbuti,
3038 3986 3178 4042 sicut
3223 3989 3379 4045 decet
3430 3982 3538 4048 Deo

267 4080 529 4151 religioso
558 4077 737 4133 abbati
765 4077 1016 4133 salutem.

329 4171 547 4236 Quibus
590 4169 768 4223 verbis
814 4183 879 4223 ac
926 4168 1097 4223 modis
1147 4169 1487 4224 clementiam
1536 4169 1627 4223 Dei
1684 4170 1853 4223 nostri

263 4274 416 4330 atque
452 4260 881 4318 inenarrabilem
934 4263 1327 4332 providentiam
1368 4277 1651 4334 possumus
1680 4261 1853 4326 eﬂari,

262 4362 313 4401 et
337 4352 547 4420 dignas
573 4352 867 4418 gratiarum
888 4354 1128 4407 actiones
1159 4369 1257 4422 pro
1275 4353 1554 4409 immensis
1582 4354 1723 4408 circa
1757 4369 1857 4408 nos

262 4442 371 4510 ejus
403 4443 697 4498 heneliciis
729 4444 1068 4512 persolvere,
1111 4445 1202 4514 qui
1237 4445 1290 4499 in
1323 4445 1558 4500 tenebris
1587 4456 1640 4498 et
1670 4445 1854 4498 umbra

261 4538 450 4590 mortis
502 4536 709 4604 positos
754 4535 821 4589 ad
869 4537 1048 4590 lumen
1078 4537 1316 4590 scientia:
1348 4535 1593 4605 producit
1621 4536 1643 4589 2
1674 4534 1741 4588 Et
1770 4536 1853 4589 in-

263 4626 359 4695 fra.
394 4626 803 4682 Benedictionis
844 4627 1049 4683 interea
1095 4629 1341 4696 gratiam,
1388 4644 1546 4695 quam
1579 4626 1732 4682 nobis
1764 4643 1855 4696 per

263 4728 594 4781 [instantem
655 4716 976 4785 portitorem
1008 4725 1094 4771 tua
1143 4718 1288 4771 misit
1314 4717 1506 4773 devota
1552 4718 1761 4785 religio,
1795 4718 1857 4770 Ii-

260 4808 447 4863 benter
472 4816 539 4864 et
579 4806 738 4861 hilari
761 4808 963 4873 animo,
998 4809 1154 4862 sicuti
1184 4808 1251 4862 ab
1280 4822 1342 4863 ea
1369 4808 1570 4862 directa
1606 4815 1706 4872 est,
1757 4822 1853 4861 nos

259 4900 573 4969 suscepisse
604 4912 899 4968 cognosce.
933 4899 1262 4968 Upportunis
1290 4912 1418 4968 ergo
1447 4912 1508 4951 ac
1536 4897 1709 4966 dignis
1735 4912 1852 4950 am-

260 4992 703 5061 plectendsetum
747 4992 1127 5047 sollicitudinis
1160 4992 1510 5062 petitionibus
1552 4990 1853 5046 arctissima

259 5083 562 5138 devotione
592 5082 856 5148 faventes,
911 5081 1189 5136 hortamur
1223 5082 1332 5136 Deo
1357 5081 1612 5163 dilectam
1638 5088 1745 5135 tute
1771 5095 1857 5134 rc-

258 5171 569 5243 ligiositatis
598 5172 924 5243 bonitatem,
957 5179 1014 5228 ut
1042 5174 1163 5243 quia
1193 5172 1397 5228 exortis
1423 5170 1739 5243 quibusdam
1768 5187 1853 5227 ec-

258 5262 694 5319 clesiasticarum
717 5277 997 5319 causarum
1028 5263 1278 5334 capitulis
1305 5278 1412 5317 non
1435 5261 1553 5317 sine
1579 5263 1855 5317 examina-

260 5352 399 5411 tione
429 5356 651 5425 longius
678 5354 1098 5423 innotescendis,
1141 5369 1276 5426 opus
1308 5355 1459 5411 nobis
1488 5362 1612 5410 sunt
1634 5352 1699 5407 ad
1721 5367 1849 5408 con-

1959 4081 2209 4133 devotum
2234 4078 2603 4131 auxiliatorem
2634 4087 2834 4131 sanctae
2860 4079 3046 4132 matris
3087 4079 3409 4137 universalis
3442 4085 3539 4140 Ec-

1958 4167 2162 4232 clesiae,
2196 4165 2537 4221 obedientem
2567 4164 2910 4220 devotionem
2940 4164 3061 4221 huic
3108 4177 3304 4225 nostrae
3349 4172 3538 4228 horta-

1959 4255 2090 4312 tioni
2118 4272 2223 4311 non
2249 4255 2481 4310 desistas
2507 4255 2939 4321 accommodare,
2991 4257 3083 4310 sed
3115 4257 3317 4327 absque
3362 4261 3535 4333 aliqua

1959 4349 2318 4405 retnoratione
2347 4347 2652 4416 religiosum
2690 4346 2781 4401 Dei
2812 4347 3066 4401 [amulum
3099 4348 3315 4416 Bedam,
3366 4356 3535 4409 vene-

1960 4441 2140 4496 rabilis
2163 4439 2472 4495 monasterii
2493 4441 2565 4493 tui
2593 4438 2984 4509 presbyterum,
3007 4439 3072 4493 ad
3102 4439 3279 4496 limina
3310 4454 3538 4511 aposto-

1958 4532 2133 4588 lorum
2154 4534 2455 4604 principum
2486 4531 2823 4586 dominnrum
2857 4547 3097 4586 meorum
3128 4533 3266 4588 Petri
3297 4546 3352 4590 et
3387 4536 3537 4601 Pauli

1959 4638 2259 4682 amatorum
2291 4635 2505 4680 tuorum
2534 4639 2598 4679 ac
2634 4633 3018 4693 protectorum,
3071 4626 3136 4678 atl
3181 4636 3378 4683 nostra:
3426 4644 3539 4686 me-

1960 4718 2257 4773 diocritatis
2297 4725 2646 4785 conSpectum
2678 4729 2781 4769 non
2812 4718 3040 4770 moreris
3070 4717 3318 4786 dirigere,
3350 4733 3535 4789 quem,

1960 4810 2174 4864 favente
2204 4808 2313 4864 Deo
2333 4848 2349 4873 ,
2392 4806 2591 4862 sanctis
2621 4805 2725 4861 tuis
2754 4806 3001 4874 precibus
3034 4822 3139 4861 non
3170 4809 3382 4864 difﬁdas
3412 4826 3537 4880 pro-

1959 4917 2002 4968 s;
2023 4916 2116 4956 ere
2142 4900 2206 4954 ad
2241 4909 2291 4953 te
2328 4897 2529 4962 redire,
2582 4908 2793 4967 peracta
2833 4897 3231 4965 prtemissorum
3277 4899 3537 4969 capitulo-

1958 5008 2077 5048 rum
2122 5007 2244 5046 cum
2292 4989 2493 5045 auxilio
2522 4990 2614 5044 Dei
2660 4988 2962 5045 desiderata
3007 4989 3391 5057 solemnitate;
3435 4992 3536 5047 erit

1959 5083 2123 5149 enim,
2156 5090 2211 5135 ut
2239 5082 2585 5147 conﬁdimus,
2614 5084 2780 5137 etiam
2812 5083 3020 5138 cunctis
3044 5081 3139 5138 tibi
3168 5084 3383 5139 creditis
3410 5099 3535 5154 pro-

1959 5176 2193 5231 futurum
2223 5171 2477 5246 quidquid
2495 5176 2750 5233 Ecclesiae
2776 5176 3007 5246 generali
3034 5175 3283 5232 claruerit
3303 5190 3398 5245 per
3417 5174 3534 5245 ejus

1959 5268 2321 5339 praestantiam
2344 5268 2695 5338 impertitum.
