  <div class='ocr_page' id='page_1' title='image "/cluster/home/n/w/nwhite01/storage/ocr_20150623/89/hvd.32044014480099/023.png"; bbox 0 0 4000 6334; ppageno 0'>
   <div class='ocr_carea' id='block_1_1' title="bbox 413 286 1986 348">
    <p class='ocr_par' dir='ltr' id='par_1_1' title="bbox 413 286 1983 348">
     <span class='ocr_line' id='line_1_1' title="bbox 413 286 1983 348; baseline -0.003 0"><span class='ocrx_word' id='word_1_1' title='bbox 413 291 487 348; x_wconf 74' lang='lat'><strong>35</strong></span> <span class='ocrx_word' id='word_1_2' title='bbox 1727 286 1983 346; x_wconf 77' lang='lat' dir='ltr'><strong>JOANNE</strong></span> 
     </span>
    </p>
   </div>
   <div class='ocr_carea' id='block_1_2' title="bbox 2095 286 3675 348">
    <p class='ocr_par' dir='ltr' id='par_1_2' title="bbox 2095 286 3675 345">
     <span class='ocr_line' id='line_1_2' title="bbox 2095 286 3675 345; baseline -0.001 -1"><span class='ocrx_word' id='word_1_3' title='bbox 2095 289 2240 344; x_wconf 81' lang='grc' dir='ltr'><strong>ἈΡΑ</strong></span> <span class='ocrx_word' id='word_1_4' title='bbox 2283 286 2366 345; x_wconf 77' lang='lat' dir='ltr'><strong>Vi.</strong></span> <span class='ocrx_word' id='word_1_5' title='bbox 3608 289 3675 343; x_wconf 71' lang='grc'><strong>56</strong></span> 
     </span>
    </p>
   </div>
   <div class='ocr_carea' id='block_1_3' title="bbox 493 544 3590 612">
    <p class='ocr_par' dir='ltr' id='par_1_3' title="bbox 493 544 3590 612">
     <span class='ocr_line' id='line_1_3' title="bbox 493 544 3590 612; baseline -0.001 -1"><span class='ocrx_word' id='word_1_6' title='bbox 493 546 1016 612; x_wconf 76' lang='lat' dir='ltr'><strong>PRIVILEGIUM</strong></span> <span class='ocrx_word' id='word_1_7' title='bbox 1055 547 1104 606; x_wconf 82' lang='lat' dir='ltr'><strong>A</strong></span> <span class='ocrx_word' id='word_1_8' title='bbox 1140 545 1429 608; x_wconf 84' lang='lat' dir='ltr'><strong>SERGIO</strong></span> <span class='ocrx_word' id='word_1_9' title='bbox 1476 548 1564 608; x_wconf 84' lang='lat' dir='ltr'><strong>PA</strong></span> <span class='ocrx_word' id='word_1_10' title='bbox 1581 548 1671 607; x_wconf 86' lang='lat' dir='ltr'><strong>PA</strong></span> <span class='ocrx_word' id='word_1_11' title='bbox 1709 547 1728 607; x_wconf 93' lang='lat' dir='ltr'>I</span> <span class='ocrx_word' id='word_1_12' title='bbox 1763 547 1867 606; x_wconf 83' lang='lat' dir='ltr'><strong>AD</strong></span> <span class='ocrx_word' id='word_1_13' title='bbox 1906 547 2297 608; x_wconf 82' lang='lat' dir='ltr'><strong>HERONEM</strong></span> <span class='ocrx_word' id='word_1_14' title='bbox 2346 545 2760 609; x_wconf 76' lang='lat' dir='ltr'><strong>LINGONUM</strong></span> <span class='ocrx_word' id='word_1_15' title='bbox 2806 544 3249 609; x_wconf 68' lang='lat' dir='ltr'><strong>PRESULEM</strong></span> <span class='ocrx_word' id='word_1_16' title='bbox 3287 546 3590 611; x_wconf 76' lang='lat' dir='ltr'><strong>DATUM.</strong></span> 
     </span>
    </p>
   </div>
   <div class='ocr_carea' id='block_1_4' title="bbox 484 713 3677 787">
    <p class='ocr_par' dir='ltr' id='par_1_4' title="bbox 484 713 3677 787">
     <span class='ocr_line' id='line_1_4' title="bbox 484 713 3677 787; baseline -0 -15"><span class='ocrx_word' id='word_1_17' title='bbox 484 716 706 787; x_wconf 77' lang='lat' dir='ltr'><strong>Sergius</strong></span> <span class='ocrx_word' id='word_1_18' title='bbox 734 715 901 785; x_wconf 88' lang='lat' dir='ltr'><strong>gratia</strong></span> <span class='ocrx_word' id='word_1_19' title='bbox 932 715 1021 769; x_wconf 86' lang='lat' dir='ltr'><strong>Dei</strong></span> <span class='ocrx_word' id='word_1_20' title='bbox 1054 714 1291 785; x_wconf 77' lang='lat' dir='ltr'><strong>pontifex</strong></span> <span class='ocrx_word' id='word_1_21' title='bbox 1326 713 1600 769; x_wconf 82' lang='lat' dir='ltr'><strong>Romanus</strong></span> <span class='ocrx_word' id='word_1_22' title='bbox 1641 714 1837 770; x_wconf 87' lang='lat' dir='ltr'><strong>lleroni</strong></span> <span class='ocrx_word' id='word_1_23' title='bbox 1866 715 1990 769; x_wconf 80' lang='lat' dir='ltr'><strong>Lin—</strong></span> <span class='ocrx_word' id='word_1_24' title='bbox 2019 722 2065 782; x_wconf 79' lang='grc' dir='ltr'><strong>Α</strong></span> <span class='ocrx_word' id='word_1_25' title='bbox 2098 718 2349 772; x_wconf 84' lang='lat' dir='ltr'><strong>decessor</strong></span> <span class='ocrx_word' id='word_1_26' title='bbox 2373 723 2567 778; x_wconf 81' lang='lat' dir='ltr'><strong>vester,</strong></span> <span class='ocrx_word' id='word_1_27' title='bbox 2616 713 2901 768; x_wconf 76' lang='lat' dir='ltr'><strong>adhortatu</strong></span> <span class='ocrx_word' id='word_1_28' title='bbox 2934 713 3136 782; x_wconf 65' lang='lat' dir='ltr'><strong>praefati</strong></span> <span class='ocrx_word' id='word_1_29' title='bbox 3170 715 3443 786; x_wconf 89' lang='lat' dir='ltr'><strong>martyris,</strong></span> <span class='ocrx_word' id='word_1_30' title='bbox 3491 732 3677 772; x_wconf 64' lang='lat' dir='ltr'><strong>monac</strong></span> 
     </span>
    </p>
   </div>
   <div class='ocr_carea' id='block_1_5' title="bbox 413 808 1991 879">
    <p class='ocr_par' dir='ltr' id='par_1_5' title="bbox 413 808 1991 879">
     <span class='ocr_line' id='line_1_5' title="bbox 413 808 1991 879; baseline -0.003 -13"><span class='ocrx_word' id='word_1_31' title='bbox 413 827 612 879; x_wconf 79' lang='lat' dir='ltr'><strong>gonum</strong></span> <span class='ocrx_word' id='word_1_32' title='bbox 643 810 853 866; x_wconf 70' lang='lat' dir='ltr'><strong>ormsuli</strong></span> <span class='ocrx_word' id='word_1_33' title='bbox 899 810 1126 863; x_wconf 75' lang='lat' dir='ltr'><strong>salutem</strong></span> <span class='ocrx_word' id='word_1_34' title='bbox 1158 817 1215 863; x_wconf 91' lang='lat' dir='ltr'><strong>et</strong></span> <span class='ocrx_word' id='word_1_35' title='bbox 1261 808 1609 878; x_wconf 89' lang='lat' dir='ltr'><strong>apostolicam</strong></span> <span class='ocrx_word' id='word_1_36' title='bbox 1660 808 1991 863; x_wconf 86' lang='lat' dir='ltr'><strong>benedictio-</strong></span> 
     </span>
    </p>
   </div>
   <div class='ocr_carea' id='block_1_6' title="bbox 413 919 556 959">
    <p class='ocr_par' dir='ltr' id='par_1_6' title="bbox 413 919 556 959">
     <span class='ocr_line' id='line_1_6' title="bbox 413 919 556 959; baseline 0 -2"><span class='ocrx_word' id='word_1_37' title='bbox 413 919 556 959; x_wconf 76' lang='grc' dir='ltr'><strong>ιιεῐη.</strong></span> 
     </span>
    </p>
   </div>
   <div class='ocr_carea' id='block_1_7' title="bbox 481 977 1992 1060">
    <p class='ocr_par' dir='ltr' id='par_1_7' title="bbox 481 977 1992 1060">
     <span class='ocr_line' id='line_1_7' title="bbox 481 977 1992 1060; baseline -0.001 -16"><span class='ocrx_word' id='word_1_38' title='bbox 481 993 886 1060; x_wconf 83' lang='lat' dir='ltr'><strong>Quamprimum</strong></span> <span class='ocrx_word' id='word_1_39' title='bbox 916 990 1071 1043; x_wconf 88' lang='lat' dir='ltr'><strong>nobis</strong></span> <span class='ocrx_word' id='word_1_40' title='bbox 1102 977 1507 1053; x_wconf 82' lang='lat' dir='ltr'><strong>attendendum,</strong></span> <span class='ocrx_word' id='word_1_41' title='bbox 1539 985 1872 1053; x_wconf 75' lang='lat' dir='ltr'><strong>citatissime,</strong></span> <span class='ocrx_word' id='word_1_42' title='bbox 1924 1004 1992 1043; x_wconf 91' lang='lat' dir='ltr'><strong>ne</strong></span> 
     </span>
    </p>
   </div>
   <div class='ocr_carea' id='block_1_8' title="bbox 414 1081 1994 1151">
    <p class='ocr_par' dir='ltr' id='par_1_8' title="bbox 414 1081 1994 1151">
     <span class='ocr_line' id='line_1_8' title="bbox 414 1081 1994 1151; baseline -0.001 -15"><span class='ocrx_word' id='word_1_43' title='bbox 414 1083 582 1137; x_wconf 90' lang='lat' dir='ltr'><strong>hostis</strong></span> <span class='ocrx_word' id='word_1_44' title='bbox 606 1084 875 1151; x_wconf 81' lang='lat' dir='ltr'><strong>malignus</strong></span> <span class='ocrx_word' id='word_1_45' title='bbox 904 1098 1121 1151; x_wconf 79' lang='lat' dir='ltr'><strong>gregem</strong></span> <span class='ocrx_word' id='word_1_46' title='bbox 1151 1082 1348 1135; x_wconf 77' lang='lat' dir='ltr'><strong>Christi</strong></span> <span class='ocrx_word' id='word_1_47' title='bbox 1397 1081 1669 1149; x_wconf 87' lang='lat' dir='ltr'><strong>perturbet</strong></span> <span class='ocrx_word' id='word_1_48' title='bbox 1705 1082 1877 1149; x_wconf 89' lang='lat' dir='ltr'><strong>aliqua</strong></span> <span class='ocrx_word' id='word_1_49' title='bbox 1904 1098 1994 1135; x_wconf 85' lang='lat' dir='ltr'><strong>uc-</strong></span> 
     </span>
    </p>
   </div>
   <div class='ocr_carea' id='block_1_9' title="bbox 412 1171 1993 1238">
    <p class='ocr_par' dir='ltr' id='par_1_9' title="bbox 412 1171 1993 1238">
     <span class='ocr_line' id='line_1_9' title="bbox 412 1171 1993 1238; baseline -0.003 -11"><span class='ocrx_word' id='word_1_50' title='bbox 412 1175 631 1228; x_wconf 85' lang='lat' dir='ltr'><strong>casione</strong></span> <span class='ocrx_word' id='word_1_51' title='bbox 658 1190 672 1238; x_wconf 91' lang='lat'><strong>;</strong></span> <span class='ocrx_word' id='word_1_52' title='bbox 733 1174 1134 1226; x_wconf 81' lang='lat' dir='ltr'><strong>Divinnensiunt</strong></span> <span class='ocrx_word' id='word_1_53' title='bbox 1163 1186 1389 1238; x_wconf 81' lang='lat' dir='ltr'><strong>namque</strong></span> <span class='ocrx_word' id='word_1_54' title='bbox 1420 1171 1801 1224; x_wconf 81' lang='lat' dir='ltr'><strong>monachorum</strong></span> <span class='ocrx_word' id='word_1_55' title='bbox 1848 1185 1993 1223; x_wconf 83' lang='lat' dir='ltr'><strong>mar-</strong></span> 
     </span>
    </p>
   </div>
   <div class='ocr_carea' id='block_1_10' title="bbox 416 1261 1990 1335">
    <p class='ocr_par' dir='ltr' id='par_1_10' title="bbox 416 1261 1990 1335">
     <span class='ocr_line' id='line_1_10' title="bbox 416 1261 1990 1335; baseline -0.002 -17"><span class='ocrx_word' id='word_1_56' title='bbox 416 1269 518 1335; x_wconf 87' lang='lat' dir='ltr'><strong>tyri</strong></span> <span class='ocrx_word' id='word_1_57' title='bbox 555 1266 792 1334; x_wconf 84' lang='lat' dir='ltr'><strong>Benigno</strong></span> <span class='ocrx_word' id='word_1_58' title='bbox 819 1266 917 1317; x_wconf 88' lang='lat' dir='ltr'><strong>sub</strong></span> <span class='ocrx_word' id='word_1_59' title='bbox 946 1264 1160 1331; x_wconf 80' lang='lat' dir='ltr'><strong>rcgione</strong></span> <span class='ocrx_word' id='word_1_60' title='bbox 1180 1262 1547 1317; x_wconf 79' lang='lat' dir='ltr'><strong>Wlfechranni</strong></span> <span class='ocrx_word' id='word_1_61' title='bbox 1571 1261 1774 1315; x_wconf 81' lang='lat' dir='ltr'><strong>abbatis</strong></span> <span class='ocrx_word' id='word_1_62' title='bbox 1794 1262 1990 1315; x_wconf 86' lang='lat' dir='ltr'><strong>devote</strong></span> 
     </span>
    </p>
   </div>
   <div class='ocr_carea' id='block_1_11' title="bbox 415 1354 1991 1421">
    <p class='ocr_par' dir='ltr' id='par_1_11' title="bbox 415 1354 1991 1421">
     <span class='ocr_line' id='line_1_11' title="bbox 415 1354 1991 1421; baseline -0.001 -11"><span class='ocrx_word' id='word_1_63' title='bbox 415 1356 782 1410; x_wconf 81' lang='lat' dir='ltr'><strong>famulantium</strong></span> <span class='ocrx_word' id='word_1_64' title='bbox 828 1355 1140 1409; x_wconf 86' lang='lat' dir='ltr'><strong>reclaniatio</strong></span> <span class='ocrx_word' id='word_1_65' title='bbox 1186 1354 1252 1407; x_wconf 85' lang='lat' dir='ltr'><strong>ad</strong></span> <span class='ocrx_word' id='word_1_66' title='bbox 1297 1369 1395 1407; x_wconf 89' lang='lat' dir='ltr'><strong>nos</strong></span> <span class='ocrx_word' id='word_1_67' title='bbox 1450 1356 1712 1421; x_wconf 76' lang='lat' dir='ltr'><strong>pervenit,</strong></span> <span class='ocrx_word' id='word_1_68' title='bbox 1762 1354 1991 1408; x_wconf 82' lang='lat' dir='ltr'><strong>clericos</strong></span> 
     </span>
    </p>
   </div>
   <div class='ocr_carea' id='block_1_12' title="bbox 415 1446 1965 1515">
    <p class='ocr_par' dir='ltr' id='par_1_12' title="bbox 415 1446 1965 1515">
     <span class='ocr_line' id='line_1_12' title="bbox 415 1446 1965 1515; baseline 0.001 -15"><span class='ocrx_word' id='word_1_69' title='bbox 415 1450 521 1515; x_wconf 86' lang='lat' dir='ltr'><strong>jam</strong></span> <span class='ocrx_word' id='word_1_70' title='bbox 545 1448 672 1501; x_wconf 91' lang='lat' dir='ltr'><strong>dicti</strong></span> <span class='ocrx_word' id='word_1_71' title='bbox 705 1446 868 1502; x_wconf 79' lang='lat' dir='ltr'><strong>castri</strong></span> <span class='ocrx_word' id='word_1_72' title='bbox 905 1447 970 1500; x_wconf 90' lang='lat' dir='ltr'><strong>ad</strong></span> <span class='ocrx_word' id='word_1_73' title='bbox 1002 1462 1060 1500; x_wconf 87' lang='lat' dir='ltr'><strong>se</strong></span> <span class='ocrx_word' id='word_1_74' title='bbox 1090 1462 1380 1514; x_wconf 91' lang='lat' dir='ltr'><strong>eorumque</strong></span> <span class='ocrx_word' id='word_1_75' title='bbox 1428 1447 1792 1501; x_wconf 74' lang='lat' dir='ltr'><strong>cmmeterimn</strong></span> <span class='ocrx_word' id='word_1_76' title='bbox 1821 1458 1965 1501; x_wconf 90' lang='lat' dir='ltr'><strong>trans</strong></span> 
     </span>
    </p>
   </div>
   <div class='ocr_carea' id='block_1_13' title="bbox 413 1540 1967 1607">
    <p class='ocr_par' dir='ltr' id='par_1_13' title="bbox 413 1540 1967 1607">
     <span class='ocr_line' id='line_1_13' title="bbox 413 1540 1967 1607; baseline 0.001 -15"><span class='ocrx_word' id='word_1_77' title='bbox 413 1543 479 1593; x_wconf 77' lang='lat' dir='ltr'><strong>tet</strong></span> <span class='ocrx_word' id='word_1_78' title='bbox 494 1556 550 1593; x_wconf 91' lang='lat' dir='ltr'><strong>re</strong></span> <span class='ocrx_word' id='word_1_79' title='bbox 580 1540 783 1594; x_wconf 89' lang='lat' dir='ltr'><strong>conari.</strong></span> <span class='ocrx_word' id='word_1_80' title='bbox 826 1540 959 1605; x_wconf 90' lang='lat' dir='ltr'><strong>lloc,</strong></span> <span class='ocrx_word' id='word_1_81' title='bbox 987 1541 1107 1607; x_wconf 85' lang='lat' dir='ltr'><strong>quia</strong></span> <span class='ocrx_word' id='word_1_82' title='bbox 1156 1541 1567 1606; x_wconf 85' lang='lat' dir='ltr'><strong>pra-decessoris</strong></span> <span class='ocrx_word' id='word_1_83' title='bbox 1595 1542 1700 1594; x_wconf 94' lang='lat' dir='ltr'><strong>mei</strong></span> <span class='ocrx_word' id='word_1_84' title='bbox 1746 1540 1967 1594; x_wconf 86' lang='lat' dir='ltr'><strong>Joannis</strong></span> 
     </span>
    </p>
   </div>
   <div class='ocr_carea' id='block_1_14' title="bbox 410 1629 1985 1699">
    <p class='ocr_par' dir='ltr' id='par_1_14' title="bbox 410 1629 1985 1699">
     <span class='ocr_line' id='line_1_14' title="bbox 410 1629 1985 1699; baseline 0 -14"><span class='ocrx_word' id='word_1_85' title='bbox 410 1630 685 1685; x_wconf 81' lang='lat' dir='ltr'><strong>Benedicti</strong></span> <span class='ocrx_word' id='word_1_86' title='bbox 736 1630 917 1699; x_wconf 84' lang='lat' dir='ltr'><strong>utique</strong></span> <span class='ocrx_word' id='word_1_87' title='bbox 964 1631 1312 1692; x_wconf 85' lang='lat' dir='ltr'><strong>successoris,</strong></span> <span class='ocrx_word' id='word_1_88' title='bbox 1367 1631 1684 1685; x_wconf 81' lang='lat' dir='ltr'><strong>contradicit</strong></span> <span class='ocrx_word' id='word_1_89' title='bbox 1732 1629 1985 1696; x_wconf 87' lang='lat' dir='ltr'><strong>decretis,</strong></span> 
     </span>
    </p>
   </div>
   <div class='ocr_carea' id='block_1_15' title="bbox 415 1719 1987 1788">
    <p class='ocr_par' dir='ltr' id='par_1_15' title="bbox 415 1719 1987 1788">
     <span class='ocr_line' id='line_1_15' title="bbox 415 1719 1987 1788; baseline 0 -15"><span class='ocrx_word' id='word_1_90' title='bbox 415 1720 736 1775; x_wconf 74' lang='lat' dir='ltr'><strong>auctoritate</strong></span> <span class='ocrx_word' id='word_1_91' title='bbox 762 1721 903 1775; x_wconf 87' lang='lat' dir='ltr'><strong>bcati</strong></span> <span class='ocrx_word' id='word_1_92' title='bbox 935 1719 1076 1774; x_wconf 88' lang='lat' dir='ltr'><strong>Petri</strong></span> <span class='ocrx_word' id='word_1_93' title='bbox 1100 1733 1151 1773; x_wconf 91' lang='lat' dir='ltr'><strong>et</strong></span> <span class='ocrx_word' id='word_1_94' title='bbox 1186 1731 1367 1774; x_wconf 87' lang='lat' dir='ltr'><strong>nostra</strong></span> <span class='ocrx_word' id='word_1_95' title='bbox 1410 1722 1719 1788; x_wconf 88' lang='lat' dir='ltr'><strong>prohibetur</strong></span> <span class='ocrx_word' id='word_1_96' title='bbox 1748 1722 1848 1774; x_wconf 89' lang='lat' dir='ltr'><strong>sub</strong></span> <span class='ocrx_word' id='word_1_97' title='bbox 1874 1736 1987 1784; x_wconf 87' lang='lat' dir='ltr'><strong>per-</strong></span> 
     </span>
    </p>
   </div>
   <div class='ocr_carea' id='block_1_16' title="bbox 421 1808 1992 1879">
    <p class='ocr_par' dir='ltr' id='par_1_16' title="bbox 421 1808 1992 1879">
     <span class='ocr_line' id='line_1_16' title="bbox 421 1808 1992 1879; baseline 0.001 -17"><span class='ocrx_word' id='word_1_98' title='bbox 421 1810 668 1865; x_wconf 88' lang='lat' dir='ltr'><strong>cussione</strong></span> <span class='ocrx_word' id='word_1_99' title='bbox 689 1810 1065 1864; x_wconf 88' lang='lat' dir='ltr'><strong>anathematis.</strong></span> <span class='ocrx_word' id='word_1_100' title='bbox 1088 1811 1215 1864; x_wconf 78' lang='lat' dir='ltr'><strong>Nam</strong></span> <span class='ocrx_word' id='word_1_101' title='bbox 1242 1810 1377 1862; x_wconf 84' lang='lat' dir='ltr'><strong>sicut</strong></span> <span class='ocrx_word' id='word_1_102' title='bbox 1398 1808 1684 1879; x_wconf 80' lang='lat' dir='ltr'><strong>Gregorius</strong></span> <span class='ocrx_word' id='word_1_103' title='bbox 1706 1808 1831 1864; x_wconf 89' lang='lat' dir='ltr'><strong>olim</strong></span> <span class='ocrx_word' id='word_1_104' title='bbox 1855 1823 1992 1879; x_wconf 74' lang='lat' dir='ltr'><strong>prte-</strong></span> 
     </span>
    </p>
   </div>
   <div class='ocr_carea' id='block_1_17' title="bbox 1826 1954 2073 1963">
    <p class='ocr_par' dir='ltr' id='par_1_17' title="bbox 1826 1954 2073 1963">
     <span class='ocr_line' id='line_1_17' title="bbox 1826 1954 2073 1963; baseline -0.012 1"><span class='ocrx_word' id='word_1_105' title='bbox 1826 1954 2073 1963; x_wconf 64' lang='lat'><strong>———-.——..</strong></span> 
     </span>
    </p>
   </div>
   <div class='ocr_carea' id='block_1_18' title="bbox 2094 804 3667 875">
    <p class='ocr_par' dir='ltr' id='par_1_18' title="bbox 2094 804 3667 875">
     <span class='ocr_line' id='line_1_18' title="bbox 2094 804 3667 875; baseline 0.002 -15"><span class='ocrx_word' id='word_1_106' title='bbox 2094 808 2242 861; x_wconf 84' lang='lat' dir='ltr'><strong>sterii</strong></span> <span class='ocrx_word' id='word_1_107' title='bbox 2265 804 2430 875; x_wconf 83' lang='lat' dir='ltr'><strong>ipsius</strong></span> <span class='ocrx_word' id='word_1_108' title='bbox 2455 813 2811 868; x_wconf 77' lang='lat' dir='ltr'><strong>constructor,</strong></span> <span class='ocrx_word' id='word_1_109' title='bbox 2835 805 3075 873; x_wconf 88' lang='lat' dir='ltr'><strong>utrisque</strong></span> <span class='ocrx_word' id='word_1_110' title='bbox 3099 804 3231 858; x_wconf 88' lang='lat' dir='ltr'><strong>vivis</strong></span> <span class='ocrx_word' id='word_1_111' title='bbox 3254 807 3480 859; x_wconf 83' lang='lat' dir='ltr'><strong>sancivit</strong></span> <span class='ocrx_word' id='word_1_112' title='bbox 3504 823 3667 863; x_wconf 81' lang='lat' dir='ltr'><strong>unum</strong></span> 
     </span>
    </p>
   </div>
   <div class='ocr_carea' id='block_1_19' title="bbox 2094 893 3678 965">
    <p class='ocr_par' dir='ltr' id='par_1_19' title="bbox 2094 893 3678 965">
     <span class='ocr_line' id='line_1_19' title="bbox 2094 893 3678 965; baseline 0 -17"><span class='ocrx_word' id='word_1_113' title='bbox 2094 911 2201 965; x_wconf 92' lang='lat' dir='ltr'><strong>quo</strong></span> <span class='ocrx_word' id='word_1_114' title='bbox 2230 907 2447 950; x_wconf 84' lang='lat' dir='ltr'><strong>sanctus</strong></span> <span class='ocrx_word' id='word_1_115' title='bbox 2474 894 2616 963; x_wconf 84' lang='lat' dir='ltr'><strong>jacet</strong></span> <span class='ocrx_word' id='word_1_116' title='bbox 2651 894 2988 947; x_wconf 85' lang='lat' dir='ltr'><strong>concorditer</strong></span> <span class='ocrx_word' id='word_1_117' title='bbox 3036 893 3428 959; x_wconf 76' lang='lat' dir='ltr'><strong>cmmeteriutn,</strong></span> <span class='ocrx_word' id='word_1_118' title='bbox 3479 896 3549 950; x_wconf 87' lang='lat' dir='ltr'><strong>ita</strong></span> <span class='ocrx_word' id='word_1_119' title='bbox 3579 914 3678 950; x_wconf 84' lang='lat' dir='ltr'><strong>no-</strong></span> 
     </span>
    </p>
   </div>
   <div class='ocr_carea' id='block_1_20' title="bbox 2097 987 3671 1044">
    <p class='ocr_par' dir='ltr' id='par_1_20' title="bbox 2097 987 3671 1044">
     <span class='ocr_line' id='line_1_20' title="bbox 2097 987 3671 1044; baseline 0.001 -2"><span class='ocrx_word' id='word_1_120' title='bbox 2097 998 2224 1042; x_wconf 65' lang='lat' dir='ltr'><strong>strae</strong></span> <span class='ocrx_word' id='word_1_121' title='bbox 2252 988 2583 1042; x_wconf 87' lang='lat' dir='ltr'><strong>auctoritatis</strong></span> <span class='ocrx_word' id='word_1_122' title='bbox 2614 987 2801 1041; x_wconf 70' lang='lat' dir='ltr'><strong>litterae</strong></span> <span class='ocrx_word' id='word_1_123' title='bbox 2833 999 3158 1041; x_wconf 88' lang='lat' dir='ltr'><strong>censuerunt</strong></span> <span class='ocrx_word' id='word_1_124' title='bbox 3188 987 3671 1044; x_wconf 88' lang='lat' dir='ltr'><strong>corroborandnm.</strong></span> 
     </span>
    </p>
   </div>
   <div class='ocr_carea' id='block_1_21' title="bbox 2093 1078 3672 1151">
    <p class='ocr_par' dir='ltr' id='par_1_21' title="bbox 2093 1078 3672 1151">
     <span class='ocr_line' id='line_1_21' title="bbox 2093 1078 3672 1151; baseline -0.003 -16"><span class='ocrx_word' id='word_1_125' title='bbox 2093 1083 2300 1151; x_wconf 83' lang='lat' dir='ltr'><strong>Quique</strong></span> <span class='ocrx_word' id='word_1_126' title='bbox 2329 1082 2486 1135; x_wconf 91' lang='lat' dir='ltr'><strong>etiam</strong></span> <span class='ocrx_word' id='word_1_127' title='bbox 2527 1095 2556 1133; x_wconf 91' lang='lat' dir='ltr'><strong>a</strong></span> <span class='ocrx_word' id='word_1_128' title='bbox 2588 1088 2824 1134; x_wconf 89' lang='lat' dir='ltr'><strong>torrente</strong></span> <span class='ocrx_word' id='word_1_129' title='bbox 2849 1079 2939 1148; x_wconf 89' lang='lat' dir='ltr'><strong>qui</strong></span> <span class='ocrx_word' id='word_1_130' title='bbox 2970 1087 3254 1147; x_wconf 91' lang='lat' dir='ltr'><strong>utrumque</strong></span> <span class='ocrx_word' id='word_1_131' title='bbox 3284 1078 3511 1147; x_wconf 83' lang='lat' dir='ltr'><strong>Burgum</strong></span> <span class='ocrx_word' id='word_1_132' title='bbox 3534 1080 3672 1133; x_wconf 79' lang='lat' dir='ltr'><strong>divi-</strong></span> 
     </span>
    </p>
   </div>
   <div class='ocr_carea' id='block_1_22' title="bbox 2099 1168 3675 1240">
    <p class='ocr_par' dir='ltr' id='par_1_22' title="bbox 2099 1168 3675 1240">
     <span class='ocr_line' id='line_1_22' title="bbox 2099 1168 3675 1240; baseline -0.002 -14"><span class='ocrx_word' id='word_1_133' title='bbox 2099 1175 2177 1226; x_wconf 87' lang='lat' dir='ltr'><strong>dit</strong></span> <span class='ocrx_word' id='word_1_134' title='bbox 2195 1174 2406 1226; x_wconf 78' lang='lat' dir='ltr'><strong>autcrre</strong></span> <span class='ocrx_word' id='word_1_135' title='bbox 2434 1171 2502 1224; x_wconf 89' lang='lat' dir='ltr'><strong>ab</strong></span> <span class='ocrx_word' id='word_1_136' title='bbox 2529 1186 2594 1225; x_wconf 93' lang='lat' dir='ltr'><strong>eo</strong></span> <span class='ocrx_word' id='word_1_137' title='bbox 2611 1171 2787 1240; x_wconf 89' lang='lat' dir='ltr'><strong>Borgo</strong></span> <span class='ocrx_word' id='word_1_138' title='bbox 2817 1170 2900 1224; x_wconf 90' lang='lat' dir='ltr'><strong>vel</strong></span> <span class='ocrx_word' id='word_1_139' title='bbox 2928 1169 3164 1224; x_wconf 89' lang='lat' dir='ltr'><strong>claustro</strong></span> <span class='ocrx_word' id='word_1_140' title='bbox 3192 1168 3417 1236; x_wconf 81' lang='lat' dir='ltr'><strong>aliquid,</strong></span> <span class='ocrx_word' id='word_1_141' title='bbox 3449 1180 3675 1238; x_wconf 77' lang='lat' dir='ltr'><strong>excepto</strong></span> 
     </span>
    </p>
   </div>
   <div class='ocr_carea' id='block_1_23' title="bbox 2097 1258 3671 1331">
    <p class='ocr_par' dir='ltr' id='par_1_23' title="bbox 2097 1258 3671 1331">
     <span class='ocr_line' id='line_1_23' title="bbox 2097 1258 3671 1331; baseline -0.002 -13"><span class='ocrx_word' id='word_1_142' title='bbox 2097 1265 2292 1319; x_wconf 72' lang='lat' dir='ltr'><strong>abbate</strong></span> <span class='ocrx_word' id='word_1_143' title='bbox 2324 1264 2408 1317; x_wconf 88' lang='lat' dir='ltr'><strong>vel</strong></span> <span class='ocrx_word' id='word_1_144' title='bbox 2439 1260 2737 1325; x_wconf 86' lang='lat' dir='ltr'><strong>monachis,</strong></span> <span class='ocrx_word' id='word_1_145' title='bbox 2768 1259 3189 1331; x_wconf 66' lang='lat' dir='ltr'><strong>prmsumpserit,</strong></span> <span class='ocrx_word' id='word_1_146' title='bbox 3222 1258 3381 1314; x_wconf 87' lang='lat' dir='ltr'><strong>simili</strong></span> <span class='ocrx_word' id='word_1_147' title='bbox 3410 1261 3671 1315; x_wconf 85' lang='lat' dir='ltr'><strong>sententia</strong></span> 
     </span>
    </p>
   </div>
   <div class='ocr_carea' id='block_1_24' title="bbox 2094 1350 3675 1420">
    <p class='ocr_par' dir='ltr' id='par_1_24' title="bbox 2094 1350 3675 1420">
     <span class='ocr_line' id='line_1_24' title="bbox 2094 1350 3675 1420; baseline -0.002 -11"><span class='ocrx_word' id='word_1_148' title='bbox 2094 1369 2151 1409; x_wconf 91' lang='lat' dir='ltr'><strong>se</strong></span> <span class='ocrx_word' id='word_1_149' title='bbox 2174 1356 2485 1408; x_wconf 87' lang='lat' dir='ltr'><strong>damnatum</strong></span> <span class='ocrx_word' id='word_1_150' title='bbox 2518 1350 2746 1406; x_wconf 84' lang='lat' dir='ltr'><strong>noverit.</strong></span> <span class='ocrx_word' id='word_1_151' title='bbox 2796 1352 2938 1406; x_wconf 82' lang='lat' dir='ltr'><strong>Bene</strong></span> <span class='ocrx_word' id='word_1_152' title='bbox 2967 1351 3158 1405; x_wconf 79' lang='lat' dir='ltr'><strong>valete.</strong></span> <span class='ocrx_word' id='word_1_153' title='bbox 3198 1350 3325 1404; x_wconf 88' lang='lat' dir='ltr'><strong>Data</strong></span> <span class='ocrx_word' id='word_1_154' title='bbox 3359 1366 3453 1420; x_wconf 90' lang='lat' dir='ltr'><strong>per</strong></span> <span class='ocrx_word' id='word_1_155' title='bbox 3481 1365 3675 1406; x_wconf 79' lang='lat' dir='ltr'><strong>manus</strong></span> 
     </span>
    </p>
   </div>
   <div class='ocr_carea' id='block_1_25' title="bbox 2092 1440 3674 1511">
    <p class='ocr_par' dir='ltr' id='par_1_25' title="bbox 2092 1440 3674 1511">
     <span class='ocr_line' id='line_1_25' title="bbox 2092 1440 3674 1511; baseline -0.004 -10"><span class='ocrx_word' id='word_1_156' title='bbox 2092 1445 2334 1511; x_wconf 83' lang='lat' dir='ltr'><strong>Joannis,</strong></span> <span class='ocrx_word' id='word_1_157' title='bbox 2367 1442 2757 1499; x_wconf 85' lang='lat' dir='ltr'><strong>bibliothecarii</strong></span> <span class='ocrx_word' id='word_1_158' title='bbox 2789 1450 2993 1496; x_wconf 68' lang='lat' dir='ltr'><strong>sancta!</strong></span> <span class='ocrx_word' id='word_1_159' title='bbox 3014 1440 3157 1495; x_wconf 86' lang='lat' dir='ltr'><strong>sedis</strong></span> <span class='ocrx_word' id='word_1_160' title='bbox 3180 1442 3509 1510; x_wconf 73' lang='lat' dir='ltr'><strong>apostolicae,</strong></span> <span class='ocrx_word' id='word_1_161' title='bbox 3530 1458 3674 1495; x_wconf 80' lang='lat' dir='ltr'><strong>anno</strong></span> 
     </span>
    </p>
   </div>
   <div class='ocr_carea' id='block_1_26' title="bbox 2094 1533 3673 1608">
    <p class='ocr_par' dir='ltr' id='par_1_26' title="bbox 2094 1533 3673 1608">
     <span class='ocr_line' id='line_1_26' title="bbox 2094 1533 3673 1608; baseline -0.004 -14"><span class='ocrx_word' id='word_1_162' title='bbox 2094 1540 2430 1608; x_wconf 79' lang='lat' dir='ltr'><strong>pontiﬁcatus</strong></span> <span class='ocrx_word' id='word_1_163' title='bbox 2461 1537 2663 1591; x_wconf 88' lang='lat' dir='ltr'><strong>domini</strong></span> <span class='ocrx_word' id='word_1_164' title='bbox 2706 1534 2882 1606; x_wconf 84' lang='lat' dir='ltr'><strong>Sergii</strong></span> <span class='ocrx_word' id='word_1_165' title='bbox 2915 1533 3232 1590; x_wconf 81' lang='lat' dir='ltr'><strong>universalis</strong></span> <span class='ocrx_word' id='word_1_166' title='bbox 3261 1549 3411 1603; x_wconf 61' lang='lat' dir='ltr'><strong>papa:</strong></span> <span class='ocrx_word' id='word_1_167' title='bbox 3437 1534 3673 1599; x_wconf 90' lang='lat' dir='ltr'><strong>decimo,</strong></span> 
     </span>
    </p>
   </div>
   <div class='ocr_carea' id='block_1_27' title="bbox 2097 1616 3678 1695">
    <p class='ocr_par' dir='ltr' id='par_1_27' title="bbox 2097 1616 3678 1695">
     <span class='ocr_line' id='line_1_27' title="bbox 2097 1616 3678 1695; baseline -0.004 -9"><span class='ocrx_word' id='word_1_168' title='bbox 2097 1632 2149 1686; x_wconf 91' lang='lat' dir='ltr'><strong>in</strong></span> <span class='ocrx_word' id='word_1_169' title='bbox 2180 1616 2537 1684; x_wconf 78' lang='lat' dir='ltr'><strong>sacratissima</strong></span> <span class='ocrx_word' id='word_1_170' title='bbox 2586 1627 2717 1684; x_wconf 78' lang='lat' dir='ltr'><strong>sede</strong></span> <span class='ocrx_word' id='word_1_171' title='bbox 2746 1627 2888 1684; x_wconf 82' lang='lat' dir='ltr'><strong>beati</strong></span> <span class='ocrx_word' id='word_1_172' title='bbox 2924 1624 3068 1682; x_wconf 89' lang='lat' dir='ltr'><strong>Petri</strong></span> <span class='ocrx_word' id='word_1_173' title='bbox 3095 1626 3346 1695; x_wconf 85' lang='lat' dir='ltr'><strong>apostoli,</strong></span> <span class='ocrx_word' id='word_1_174' title='bbox 3383 1624 3678 1680; x_wconf 70' lang='lat' dir='ltr'><strong>indictione</strong></span> 
     </span>
    </p>
   </div>
   <div class='ocr_carea' id='block_1_28' title="bbox 2098 1722 2397 1776">
    <p class='ocr_par' dir='ltr' id='par_1_28' title="bbox 2098 1722 2397 1776">
     <span class='ocr_line' id='line_1_28' title="bbox 2098 1722 2397 1776; baseline -0.007 -1"><span class='ocrx_word' id='word_1_175' title='bbox 2098 1722 2397 1776; x_wconf 84' lang='lat' dir='ltr'><strong>undecima.</strong></span> 
     </span>
    </p>
   </div>
   <div class='ocr_carea' id='block_1_29' title="bbox 407 1946 3677 2013">
    <p class='ocr_par' dir='ltr' id='par_1_29' title="bbox 421 1991 3595 2013">
     <span class='ocr_line' id='line_1_29' title="bbox 421 1991 3595 2013; baseline -0.003 -2"><span class='ocrx_word' id='word_1_176' title='bbox 421 2002 475 2013; x_wconf 54' lang='grc' dir='ltr'><strong>,ι</strong></span> <span class='ocrx_word' id='word_1_177' title='bbox 540 2004 560 2008; x_wconf 45' lang='grc' dir='ltr'>η</span> <span class='ocrx_word' id='word_1_178' title='bbox 586 2002 913 2009; x_wconf 37' lang='grc' dir='ltr'><strong>---μη-,ψ</strong></span> <span class='ocrx_word' id='word_1_179' title='bbox 958 2000 1101 2008; x_wconf 79' lang='lat'><strong>___._</strong></span> <span class='ocrx_word' id='word_1_180' title='bbox 1142 2000 1190 2007; x_wconf 88' lang='grc'><strong>..-</strong></span> <span class='ocrx_word' id='word_1_181' title='bbox 1338 1998 1447 2006; x_wconf 86' lang='grc'><strong>-.-.</strong></span> <span class='ocrx_word' id='word_1_182' title='bbox 1477 1994 2871 2007; x_wconf 58' lang='lat'><strong>___..______~___.___.__.-____</strong></span> <span class='ocrx_word' id='word_1_183' title='bbox 2946 1997 3101 2000; x_wconf 41' lang='lat' dir='ltr'><strong>HN..-</strong></span> <span class='ocrx_word' id='word_1_184' title='bbox 3436 1996 3443 1997; x_wconf 37' lang='grc' dir='ltr'>κ</span> <span class='ocrx_word' id='word_1_185' title='bbox 3474 1991 3595 1999; x_wconf 54' lang='grc' dir='ltr'><strong>-..κ</strong></span> 
     </span>
    </p>
   </div>
   <div class='ocr_carea' id='block_1_30' title="bbox 1704 2124 2355 2171">
    <p class='ocr_par' dir='ltr' id='par_1_30' title="bbox 1704 2124 2355 2171">
     <span class='ocr_line' id='line_1_30' title="bbox 1704 2124 2355 2171; baseline -0.014 0"><span class='ocrx_word' id='word_1_186' title='bbox 1704 2128 1871 2171; x_wconf 72' lang='lat' dir='ltr'><strong>ANNO</strong></span> <span class='ocrx_word' id='word_1_187' title='bbox 1918 2128 2143 2170; x_wconf 74' lang='lat' dir='ltr'><strong>DOMI‘NI</strong></span> <span class='ocrx_word' id='word_1_188' title='bbox 2195 2125 2309 2166; x_wconf 84' lang='lat' dir='ltr'><strong>DCC</strong></span> <span class='ocrx_word' id='word_1_189' title='bbox 2324 2124 2355 2162; x_wconf 76' lang='grc' dir='ltr'><strong>ν</strong></span> 
     </span>
    </p>
   </div>
   <div class='ocr_carea' id='block_1_31' title="bbox 1031 2313 3048 2572">
    <p class='ocr_par' dir='ltr' id='par_1_31' title="bbox 1031 2313 3048 2572">
     <span class='ocr_line' id='line_1_31' title="bbox 1031 2313 3048 2572; baseline -0.008 -24"><span class='ocrx_word' id='word_1_190' title='bbox 1031 2313 2436 2547; x_wconf 85' lang='lat' dir='ltr'><strong>JOANNES</strong></span> <span class='ocrx_word' id='word_1_191' title='bbox 2615 2318 3048 2572; x_wconf 77' lang='lat' dir='ltr'><strong>Vl,</strong></span> 
     </span>
    </p>
   </div>
   <div class='ocr_carea' id='block_1_32' title="bbox 1699 2644 2754 2747">
    <p class='ocr_par' dir='ltr' id='par_1_32' title="bbox 1699 2644 2754 2747">
     <span class='ocr_line' id='line_1_32' title="bbox 1699 2644 2754 2747; baseline -0.016 -34"><span class='ocrx_word' id='word_1_192' title='bbox 1699 2661 1997 2713; x_wconf 74' lang='lat' dir='ltr'><strong>“ONANUS</strong></span> <span class='ocrx_word' id='word_1_193' title='bbox 2028 2657 2363 2710; x_wconf 65' lang='lat' dir='ltr'><strong>PONTIFEX.</strong></span> <span class='ocrx_word' id='word_1_194' title='bbox 2432 2650 2575 2747; x_wconf 48' lang='grc' dir='ltr'><strong>Ἴος</strong></span> <span class='ocrx_word' id='word_1_195' title='bbox 2608 2678 2655 2691; x_wconf 87' lang='lat'><strong>-</strong></span> <span class='ocrx_word' id='word_1_196' title='bbox 2684 2644 2754 2705; x_wconf 77' lang='grc' dir='ltr'><strong>’ς</strong></span> 
     </span>
    </p>
   </div>
   <div class='ocr_carea' id='block_1_33' title="bbox 1868 2785 2204 2801">
    <p class='ocr_par' dir='ltr' id='par_1_33' title="bbox 1868 2785 2204 2801">
     <span class='ocr_line' id='line_1_33' title="bbox 1868 2785 2204 2801; baseline 0 -3"><span class='ocrx_word' id='word_1_197' title='bbox 1868 2785 2204 2801; x_wconf 45' lang='lat' dir='ltr'><strong>W-</strong></span> 
     </span>
    </p>
   </div>
   <div class='ocr_carea' id='block_1_34' title="bbox 848 2880 1986 2975">
    <p class='ocr_par' dir='ltr' id='par_1_34' title="bbox 848 2884 1986 2975">
     <span class='ocr_line' id='line_1_34' title="bbox 848 2884 1986 2975; baseline -0.013 -1"><span class='ocrx_word' id='word_1_198' title='bbox 848 2894 1283 2975; x_wconf 82' lang='grc' dir='ltr'><strong>ΝΟΤΙΤΙΑ</strong></span> <span class='ocrx_word' id='word_1_199' title='bbox 1338 2886 1874 2970; x_wconf 80' lang='lat' dir='ltr'><strong>HISTOBICA</strong></span> <span class='ocrx_word' id='word_1_200' title='bbox 1938 2884 1986 2960; x_wconf 79' lang='grc' dir='ltr'><strong>Ι]</strong></span> 
     </span>
    </p>
   </div>
   <div class='ocr_carea' id='block_1_35' title="bbox 2095 2880 3199 2975">
    <p class='ocr_par' dir='ltr' id='par_1_35' title="bbox 2102 2880 3199 2969">
     <span class='ocr_line' id='line_1_35' title="bbox 2102 2880 3199 2969; baseline 0 -11"><span class='ocrx_word' id='word_1_201' title='bbox 2102 2881 2578 2959; x_wconf 83' lang='lat' dir='ltr'><strong>JOANNEM</strong></span> <span class='ocrx_word' id='word_1_202' title='bbox 2639 2880 2974 2958; x_wconf 78' lang='lat' dir='ltr'><strong>PAPAM</strong></span> <span class='ocrx_word' id='word_1_203' title='bbox 3033 2882 3137 2961; x_wconf 74' lang='lat' dir='ltr'><strong>VI</strong></span> <span class='ocrx_word' id='word_1_204' title='bbox 3180 2940 3199 2969; x_wconf 92' lang='lat'><strong>,</strong></span> 
     </span>
    </p>
   </div>
   <div class='ocr_carea' id='block_1_36' title="bbox 1908 3024 2129 3035">
    <p class='ocr_par' dir='ltr' id='par_1_36' title="bbox 1908 3024 2129 3035">
     <span class='ocr_line' id='line_1_36' title="bbox 1908 3024 2129 3035; baseline -0.018 0"><span class='ocrx_word' id='word_1_205' title='bbox 1908 3024 2129 3035; x_wconf 75' lang='lat'><strong>———-——</strong></span> 
     </span>
    </p>
   </div>
   <div class='ocr_carea' id='block_1_37' title="bbox 1586 3078 2494 3146">
    <p class='ocr_par' dir='ltr' id='par_1_37' title="bbox 1586 3078 2494 3146">
     <span class='ocr_line' id='line_1_37' title="bbox 1586 3078 2494 3146; baseline -0.009 -15"><span class='ocrx_word' id='word_1_206' title='bbox 1586 3084 1757 3146; x_wconf 86' lang='lat' dir='ltr'><strong>(Liber</strong></span> <span class='ocrx_word' id='word_1_207' title='bbox 1798 3082 2106 3137; x_wconf 73' lang='lat' dir='ltr'><strong>Pontiﬁcaiis,</strong></span> <span class='ocrx_word' id='word_1_208' title='bbox 2138 3094 2198 3129; x_wconf 69' lang='lat' dir='ltr'><strong>ex</strong></span> <span class='ocrx_word' id='word_1_209' title='bbox 2229 3092 2328 3128; x_wconf 76' lang='lat' dir='ltr'><strong>var.</strong></span> <span class='ocrx_word' id='word_1_210' title='bbox 2358 3078 2494 3139; x_wconf 82' lang='lat' dir='ltr'><strong>edd.)</strong></span> 
     </span>
    </p>
   </div>
   <div class='ocr_carea' id='block_1_38' title="bbox 481 3249 3668 3330">
    <p class='ocr_par' dir='ltr' id='par_1_38' title="bbox 481 3249 3668 3330">
     <span class='ocr_line' id='line_1_38' title="bbox 481 3249 3668 3330; baseline -0.001 -11"><span class='ocrx_word' id='word_1_211' title='bbox 481 3273 506 3303; x_wconf 72' lang='grc' dir='ltr'>ι</span> <span class='ocrx_word' id='word_1_212' title='bbox 534 3266 766 3319; x_wconf 83' lang='lat' dir='ltr'><strong>Joannes</strong></span> <span class='ocrx_word' id='word_1_213' title='bbox 805 3259 864 3312; x_wconf 67' lang='grc' dir='ltr'><strong>γι</strong></span> <span class='ocrx_word' id='word_1_214' title='bbox 895 3299 909 3320; x_wconf 90' lang='grc'><em>,</em></span> <span class='ocrx_word' id='word_1_215' title='bbox 961 3257 1174 3311; x_wconf 86' lang='lat' dir='ltr'><strong>natione</strong></span> <span class='ocrx_word' id='word_1_216' title='bbox 1223 3251 1463 3319; x_wconf 74' lang='lat' dir='ltr'><strong>Graccus,</strong></span> <span class='ocrx_word' id='word_1_217' title='bbox 1496 3254 1633 3308; x_wconf 88' lang='lat' dir='ltr'><strong>sedit</strong></span> <span class='ocrx_word' id='word_1_218' title='bbox 1661 3268 1828 3307; x_wconf 86' lang='lat' dir='ltr'><strong>annos</strong></span> <span class='ocrx_word' id='word_1_219' title='bbox 1858 3264 1985 3319; x_wconf 88' lang='lat' dir='ltr'><strong>tres,</strong></span> <span class='ocrx_word' id='word_1_220' title='bbox 2025 3260 2064 3315; x_wconf 80' lang='grc' dir='ltr'><strong>Β</strong></span> <span class='ocrx_word' id='word_1_221' title='bbox 2094 3267 2305 3306; x_wconf 91' lang='lat' dir='ltr'><strong>menses</strong></span> <span class='ocrx_word' id='word_1_222' title='bbox 2334 3252 2487 3312; x_wconf 85' lang='lat' dir='ltr'><strong>duos,</strong></span> <span class='ocrx_word' id='word_1_223' title='bbox 2513 3251 2629 3306; x_wconf 87' lang='lat' dir='ltr'><strong>dies</strong></span> <span class='ocrx_word' id='word_1_224' title='bbox 2678 3249 2979 3306; x_wconf 88' lang='lat' dir='ltr'><strong>duodecim.</strong></span> <span class='ocrx_word' id='word_1_225' title='bbox 3012 3253 3028 3285; x_wconf 82' lang='grc'><strong><em>⁸</em></strong></span> <span class='ocrx_word' id='word_1_226' title='bbox 3061 3254 3179 3309; x_wconf 77' lang='lat' dir='ltr'><strong>Fuit</strong></span> <span class='ocrx_word' id='word_1_227' title='bbox 3204 3266 3380 3311; x_wconf 87' lang='lat' dir='ltr'><strong>autem</strong></span> <span class='ocrx_word' id='word_1_228' title='bbox 3414 3263 3668 3330; x_wconf 80' lang='lat' dir='ltr'><strong>tempori-</strong></span> 
     </span>
    </p>
   </div>
   <div class='ocr_carea' id='block_1_39' title="bbox 1608 3348 2448 3423">
    <p class='ocr_par' dir='ltr' id='par_1_39' title="bbox 1608 3348 2448 3423">
     <span class='ocr_line' id='line_1_39' title="bbox 1608 3348 2448 3423; baseline -0.006 0"><span class='ocrx_word' id='word_1_229' title='bbox 1608 3348 2003 3423; x_wconf 66' lang='lat' dir='ltr'><strong>umamcs</strong></span> <span class='ocrx_word' id='word_1_230' title='bbox 2044 3364 2448 3422; x_wconf 73' lang='lat' dir='ltr'><strong>LECTIUNES.</strong></span> 
     </span>
    </p>
   </div>
   <div class='ocr_carea' id='block_1_40' title="bbox 477 3458 2154 3529">
    <p class='ocr_par' dir='ltr' id='par_1_40' title="bbox 477 3458 2154 3529">
     <span class='ocr_line' id='line_1_40' title="bbox 477 3458 2154 3529; baseline -0.007 -7"><span class='ocrx_word' id='word_1_231' title='bbox 477 3472 491 3502; x_wconf 86' lang='grc'>¹</span> <span class='ocrx_word' id='word_1_232' title='bbox 540 3467 665 3522; x_wconf 80' lang='lat' dir='ltr'><strong>Fuit</strong></span> <span class='ocrx_word' id='word_1_233' title='bbox 725 3474 893 3519; x_wconf 77' lang='lat' dir='ltr'><strong>autent</strong></span> <span class='ocrx_word' id='word_1_234' title='bbox 942 3461 1245 3529; x_wconf 78' lang='lat' dir='ltr'><strong>temporibus</strong></span> <span class='ocrx_word' id='word_1_235' title='bbox 1301 3459 1489 3513; x_wconf 78' lang='lat' dir='ltr'><strong>Tiberii</strong></span> <span class='ocrx_word' id='word_1_236' title='bbox 1551 3460 1769 3527; x_wconf 77' lang='lat' dir='ltr'><strong>Augusti</strong></span> <span class='ocrx_word' id='word_1_237' title='bbox 1820 3460 1971 3514; x_wconf 91' lang='lat' dir='ltr'><strong>deest</strong></span> <span class='ocrx_word' id='word_1_238' title='bbox 2011 3460 2059 3512; x_wconf 92' lang='lat' dir='ltr'><strong>in</strong></span> <span class='ocrx_word' id='word_1_239' title='bbox 2083 3458 2154 3511; x_wconf 87' lang='lat' dir='ltr'><strong>al.</strong></span> 
     </span>
    </p>
   </div>
   <div class='ocr_carea' id='block_1_41' title="bbox 1650 3574 2335 3631">
    <p class='ocr_par' dir='ltr' id='par_1_41' title="bbox 1650 3574 2335 3631">
     <span class='ocr_line' id='line_1_41' title="bbox 1650 3574 2335 3631; baseline 0.003 -4"><span class='ocrx_word' id='word_1_240' title='bbox 1650 3602 1684 3619; x_wconf 62' lang='grc' dir='ltr'><em>ι</em></span> <span class='ocrx_word' id='word_1_241' title='bbox 1715 3574 2065 3631; x_wconf 73' lang='lat' dir='ltr'><strong>VARIORUM</strong></span> <span class='ocrx_word' id='word_1_242' title='bbox 2106 3575 2335 3629; x_wconf 72' lang='grc' dir='ltr'><strong>ΝυΤΑΞ.</strong></span> 
     </span>
    </p>
   </div>
   <div class='ocr_carea' id='block_1_42' title="bbox 488 3666 1982 3737">
    <p class='ocr_par' dir='ltr' id='par_1_42' title="bbox 488 3666 1982 3737">
     <span class='ocr_line' id='line_1_42' title="bbox 488 3666 1982 3737; baseline -0.005 -9"><span class='ocrx_word' id='word_1_243' title='bbox 488 3682 514 3711; x_wconf 75' lang='grc'><strong><em>⁸</em></strong></span> <span class='ocrx_word' id='word_1_244' title='bbox 537 3671 769 3727; x_wconf 74' lang='lat' dir='ltr'><strong>Joannes</strong></span> <span class='ocrx_word' id='word_1_245' title='bbox 794 3667 881 3722; x_wconf 81' lang='lat' dir='ltr'><strong>Vl.</strong></span> <span class='ocrx_word' id='word_1_246' title='bbox 914 3667 1012 3733; x_wconf 89' lang='lat' dir='ltr'><strong>Qui</strong></span> <span class='ocrx_word' id='word_1_247' title='bbox 1038 3681 1067 3721; x_wconf 90' lang='lat' dir='ltr'><strong>a</strong></span> <span class='ocrx_word' id='word_1_248' title='bbox 1098 3666 1286 3737; x_wconf 83' lang='lat' dir='ltr'><strong>Sergio</strong></span> <span class='ocrx_word' id='word_1_249' title='bbox 1306 3666 1371 3720; x_wconf 90' lang='lat' dir='ltr'><strong>ad</strong></span> <span class='ocrx_word' id='word_1_250' title='bbox 1394 3666 1707 3736; x_wconf 83' lang='lat' dir='ltr'><strong>Gregorium</strong></span> <span class='ocrx_word' id='word_1_251' title='bbox 1747 3667 1813 3718; x_wconf 89' lang='lat' dir='ltr'><strong>Ill</strong></span> <span class='ocrx_word' id='word_1_252' title='bbox 1835 3679 1982 3735; x_wconf 84' lang='lat' dir='ltr'><strong>gesta</strong></span> 
     </span>
    </p>
   </div>
   <div class='ocr_carea' id='block_1_43' title="bbox 428 3738 1982 3812">
    <p class='ocr_par' dir='ltr' id='par_1_43' title="bbox 428 3738 1982 3812">
     <span class='ocr_line' id='line_1_43' title="bbox 428 3738 1982 3812; baseline -0.003 -17"><span class='ocrx_word' id='word_1_253' title='bbox 428 3745 732 3812; x_wconf 82' lang='lat' dir='ltr'><strong>pontittcnni</strong></span> <span class='ocrx_word' id='word_1_254' title='bbox 783 3740 1056 3812; x_wconf 83' lang='lat' dir='ltr'><strong>collegit,_</strong></span> <span class='ocrx_word' id='word_1_255' title='bbox 1092 3738 1635 3812; x_wconf 27' lang='lat' dir='ltr'><strong>pra’tcrq‘uamnnod</strong></span> <span class='ocrx_word' id='word_1_256' title='bbox 1690 3738 1982 3812; x_wconf 46' lang='lat' dir='ltr'><strong>litterarum</strong></span> 
     </span>
    </p>
   </div>
   <div class='ocr_carea' id='block_1_44' title="bbox 411 3806 1982 3883">
    <p class='ocr_par' dir='ltr' id='par_1_44' title="bbox 411 3806 1982 3883">
     <span class='ocr_line' id='line_1_44' title="bbox 411 3806 1982 3883; baseline -0.006 -16"><span class='ocrx_word' id='word_1_257' title='bbox 411 3806 604 3883; x_wconf 66' lang='lat' dir='ltr'><strong>expers</strong></span> <span class='ocrx_word' id='word_1_258' title='bbox 652 3820 809 3883; x_wconf 72' lang='lat' dir='ltr'><strong>erat,</strong></span> <span class='ocrx_word' id='word_1_259' title='bbox 837 3820 894 3861; x_wconf 91' lang='lat' dir='ltr'><strong>ut</strong></span> <span class='ocrx_word' id='word_1_260' title='bbox 937 3808 1082 3860; x_wconf 85' lang='lat' dir='ltr'><strong>novit</strong></span> <span class='ocrx_word' id='word_1_261' title='bbox 1126 3806 1434 3872; x_wconf 86' lang='lat' dir='ltr'><strong>Ciampinus</strong></span> <span class='ocrx_word' id='word_1_262' title='bbox 1459 3806 1671 3883; x_wconf 68' lang='lat' dir='ltr'><strong>(Erant.</strong></span> <span class='ocrx_word' id='word_1_263' title='bbox 1702 3807 1791 3859; x_wconf 85' lang='lat' dir='ltr'><strong>lib.</strong></span> <span class='ocrx_word' id='word_1_264' title='bbox 1828 3806 1982 3883; x_wconf 74' lang='lat' dir='ltr'><strong>Poni.</strong></span> 
     </span>
    </p>
   </div>
   <div class='ocr_carea' id='block_1_45' title="bbox 414 3877 1984 3952">
    <p class='ocr_par' dir='ltr' id='par_1_45' title="bbox 414 3877 1984 3952">
     <span class='ocr_line' id='line_1_45' title="bbox 414 3877 1984 3952; baseline -0.005 -13"><span class='ocrx_word' id='word_1_265' title='bbox 414 3877 539 3939; x_wconf 60' lang='lat' dir='ltr'><strong>scit.</strong></span> <span class='ocrx_word' id='word_1_266' title='bbox 587 3882 669 3952; x_wconf 81' lang='lat'><strong>5),</strong></span> <span class='ocrx_word' id='word_1_267' title='bbox 718 3882 976 3935; x_wconf 86' lang='lat' dir='ltr'><strong>rationem</strong></span> <span class='ocrx_word' id='word_1_268' title='bbox 1020 3888 1316 3952; x_wconf 68' lang='lat' dir='ltr'><strong>temporum</strong></span> <span class='ocrx_word' id='word_1_269' title='bbox 1362 3891 1526 3944; x_wconf 83' lang='lat' dir='ltr'><strong>usque</strong></span> <span class='ocrx_word' id='word_1_270' title='bbox 1562 3877 1697 3952; x_wconf 82' lang='lat' dir='ltr'><strong>adeo</strong></span> <span class='ocrx_word' id='word_1_271' title='bbox 1725 3879 1984 3946; x_wconf 70' lang='lat' dir='ltr'><strong>neglexit,</strong></span> 
     </span>
    </p>
   </div>
   <div class='ocr_carea' id='block_1_46' title="bbox 418 3947 1983 4016">
    <p class='ocr_par' dir='ltr' id='par_1_46' title="bbox 418 3947 1983 4016">
     <span class='ocr_line' id='line_1_46' title="bbox 418 3947 1983 4016; baseline -0.004 -8"><span class='ocrx_word' id='word_1_272' title='bbox 418 3964 476 4009; x_wconf 89' lang='lat' dir='ltr'><strong>ut</strong></span> <span class='ocrx_word' id='word_1_273' title='bbox 509 3954 599 4008; x_wconf 89' lang='lat' dir='ltr'><strong>diu</strong></span> <span class='ocrx_word' id='word_1_274' title='bbox 624 3947 973 4013; x_wconf 44' lang='lat' dir='ltr'><strong>&quot;multumque</strong></span> <span class='ocrx_word' id='word_1_275' title='bbox 1011 3947 1380 4016; x_wconf 78' lang='lat' dir='ltr'><strong>Chronologos</strong></span> <span class='ocrx_word' id='word_1_276' title='bbox 1408 3949 1729 4000; x_wconf 88' lang='lat' dir='ltr'><strong>recentiores</strong></span> <span class='ocrx_word' id='word_1_277' title='bbox 1755 3962 1983 4002; x_wconf 69' lang='lat' dir='ltr'><strong>vexave-</strong></span> 
     </span>
    </p>
   </div>
   <div class='ocr_carea' id='block_1_47' title="bbox 413 4016 1983 4086">
    <p class='ocr_par' dir='ltr' id='par_1_47' title="bbox 413 4016 1983 4086">
     <span class='ocr_line' id='line_1_47' title="bbox 413 4016 1983 4086; baseline -0.006 -8"><span class='ocrx_word' id='word_1_278' title='bbox 413 4026 502 4078; x_wconf 89' lang='lat' dir='ltr'><strong>rit.</strong></span> <span class='ocrx_word' id='word_1_279' title='bbox 553 4023 818 4077; x_wconf 68' lang='lat' dir='ltr'><strong>Prazterea</strong></span> <span class='ocrx_word' id='word_1_280' title='bbox 858 4019 1051 4083; x_wconf 88' lang='lat' dir='ltr'><strong>Codd.,</strong></span> <span class='ocrx_word' id='word_1_281' title='bbox 1103 4025 1157 4070; x_wconf 91' lang='lat' dir='ltr'><strong>et</strong></span> <span class='ocrx_word' id='word_1_282' title='bbox 1195 4016 1519 4086; x_wconf 84' lang='lat' dir='ltr'><strong>Catalogor.,</strong></span> <span class='ocrx_word' id='word_1_283' title='bbox 1554 4032 1656 4085; x_wconf 88' lang='lat' dir='ltr'><strong>qua</strong></span> <span class='ocrx_word' id='word_1_284' title='bbox 1689 4018 1983 4081; x_wconf 85' lang='lat' dir='ltr'><strong>silentium,</strong></span> 
     </span>
    </p>
   </div>
   <div class='ocr_carea' id='block_1_48' title="bbox 410 4087 1982 4163">
    <p class='ocr_par' dir='ltr' id='par_1_48' title="bbox 410 4087 1982 4163">
     <span class='ocr_line' id='line_1_48' title="bbox 410 4087 1982 4163; baseline -0.004 -17"><span class='ocrx_word' id='word_1_285' title='bbox 410 4109 511 4163; x_wconf 87' lang='lat' dir='ltr'><strong>qua</strong></span> <span class='ocrx_word' id='word_1_286' title='bbox 542 4090 917 4158; x_wconf 84' lang='lat' dir='ltr'><strong>discrepantia,</strong></span> <span class='ocrx_word' id='word_1_287' title='bbox 953 4089 1087 4163; x_wconf 82' lang='lat' dir='ltr'><strong>alios</strong></span> <span class='ocrx_word' id='word_1_288' title='bbox 1133 4089 1181 4139; x_wconf 90' lang='lat' dir='ltr'><strong>in</strong></span> <span class='ocrx_word' id='word_1_289' title='bbox 1222 4087 1380 4163; x_wconf 86' lang='lat' dir='ltr'><strong>aliam</strong></span> <span class='ocrx_word' id='word_1_290' title='bbox 1425 4087 1982 4163; x_wconf 63' lang='lat' dir='ltr'><strong>sententiam__pertrao</strong></span> 
     </span>
    </p>
   </div>
   <div class='ocr_carea' id='block_1_49' title="bbox 404 4156 1982 4225">
    <p class='ocr_par' dir='ltr' id='par_1_49' title="bbox 404 4156 1982 4225">
     <span class='ocr_line' id='line_1_49' title="bbox 404 4156 1982 4225; baseline -0.004 -7"><span class='ocrx_word' id='word_1_291' title='bbox 404 4156 613 4218; x_wconf 66' lang='lat' dir='ltr'><strong>xerunt.</strong></span> <span class='ocrx_word' id='word_1_292' title='bbox 652 4156 762 4214; x_wconf 86' lang='lat' dir='ltr'><strong>Duo</strong></span> <span class='ocrx_word' id='word_1_293' title='bbox 794 4160 1084 4225; x_wconf 69' lang='lat' dir='ltr'><strong>prwsertim</strong></span> <span class='ocrx_word' id='word_1_294' title='bbox 1130 4159 1429 4223; x_wconf 86' lang='lat' dir='ltr'><strong>pootilices,</strong></span> <span class='ocrx_word' id='word_1_295' title='bbox 1458 4156 1692 4211; x_wconf 80' lang='lat' dir='ltr'><strong>Joannes</strong></span> <span class='ocrx_word' id='word_1_296' title='bbox 1724 4157 1784 4211; x_wconf 84' lang='lat' dir='ltr'><strong>VI</strong></span> <span class='ocrx_word' id='word_1_297' title='bbox 1815 4169 1869 4210; x_wconf 88' lang='lat' dir='ltr'><strong>et</strong></span> <span class='ocrx_word' id='word_1_298' title='bbox 1897 4159 1982 4211; x_wconf 70' lang='lat' dir='ltr'><strong>Si-</strong></span> 
     </span>
    </p>
   </div>
   <div class='ocr_carea' id='block_1_50' title="bbox 402 4226 1980 4299">
    <p class='ocr_par' dir='ltr' id='par_1_50' title="bbox 402 4226 1980 4299">
     <span class='ocr_line' id='line_1_50' title="bbox 402 4226 1980 4299; baseline -0.004 -12"><span class='ocrx_word' id='word_1_299' title='bbox 402 4234 628 4295; x_wconf 87' lang='lat' dir='ltr'><strong>sinnius,</strong></span> <span class='ocrx_word' id='word_1_300' title='bbox 674 4232 822 4299; x_wconf 82' lang='lat' dir='ltr'><strong>juxta</strong></span> <span class='ocrx_word' id='word_1_301' title='bbox 871 4228 1281 4299; x_wconf 75' lang='lat' dir='ltr'><strong>Chronologiam</strong></span> <span class='ocrx_word' id='word_1_302' title='bbox 1324 4228 1441 4280; x_wconf 87' lang='lat' dir='ltr'><strong>lihri</strong></span> <span class='ocrx_word' id='word_1_303' title='bbox 1475 4226 1803 4282; x_wconf 75' lang='lat' dir='ltr'><strong>I’ontilicalis</strong></span> <span class='ocrx_word' id='word_1_304' title='bbox 1835 4231 1980 4281; x_wconf 88' lang='lat' dir='ltr'><strong>ordi-</strong></span> 
     </span>
    </p>
   </div>
   <div class='ocr_carea' id='block_1_51' title="bbox 407 4298 1978 4359">
    <p class='ocr_par' dir='ltr' id='par_1_51' title="bbox 407 4298 1978 4359">
     <span class='ocr_line' id='line_1_51' title="bbox 407 4298 1978 4359; baseline -0.003 -3"><span class='ocrx_word' id='word_1_305' title='bbox 407 4304 514 4357; x_wconf 89' lang='lat' dir='ltr'><strong>nati</strong></span> <span class='ocrx_word' id='word_1_306' title='bbox 554 4298 798 4355; x_wconf 89' lang='lat' dir='ltr'><strong>videntur</strong></span> <span class='ocrx_word' id='word_1_307' title='bbox 844 4309 996 4351; x_wconf 78' lang='lat' dir='ltr'><strong>extra</strong></span> <span class='ocrx_word' id='word_1_308' title='bbox 1047 4298 1187 4350; x_wconf 90' lang='lat' dir='ltr'><strong>diem</strong></span> <span class='ocrx_word' id='word_1_309' title='bbox 1244 4298 1602 4359; x_wconf 86' lang='lat' dir='ltr'><strong>Dominicam;</strong></span> <span class='ocrx_word' id='word_1_310' title='bbox 1656 4308 1710 4350; x_wconf 88' lang='lat' dir='ltr'><strong>et</strong></span> <span class='ocrx_word' id='word_1_311' title='bbox 1756 4304 1823 4350; x_wconf 89' lang='lat' dir='ltr'><strong>ita</strong></span> <span class='ocrx_word' id='word_1_312' title='bbox 1857 4314 1978 4351; x_wconf 65' lang='lat' dir='ltr'><strong>esse</strong></span> 
     </span>
    </p>
   </div>
   <div class='ocr_carea' id='block_1_52' title="bbox 402 4367 1975 4437">
    <p class='ocr_par' dir='ltr' id='par_1_52' title="bbox 402 4367 1975 4437">
     <span class='ocr_line' id='line_1_52' title="bbox 402 4367 1975 4437; baseline -0.01 -10"><span class='ocrx_word' id='word_1_313' title='bbox 402 4376 598 4427; x_wconf 76' lang='lat' dir='ltr'><strong>factum</strong></span> <span class='ocrx_word' id='word_1_314' title='bbox 629 4371 805 4425; x_wconf 87' lang='lat' dir='ltr'><strong>docuit</strong></span> <span class='ocrx_word' id='word_1_315' title='bbox 829 4369 1088 4421; x_wconf 84' lang='lat' dir='ltr'><strong>Antonius</strong></span> <span class='ocrx_word' id='word_1_316' title='bbox 1113 4367 1325 4437; x_wconf 83' lang='lat' dir='ltr'><strong>Pagins,</strong></span> <span class='ocrx_word' id='word_1_317' title='bbox 1358 4383 1515 4434; x_wconf 85' lang='lat' dir='ltr'><strong>quem</strong></span> <span class='ocrx_word' id='word_1_318' title='bbox 1546 4367 1671 4421; x_wconf 79' lang='lat' dir='ltr'><strong>alibi</strong></span> <span class='ocrx_word' id='word_1_319' title='bbox 1703 4370 1800 4421; x_wconf 71' lang='lat' dir='ltr'><strong>hac</strong></span> <span class='ocrx_word' id='word_1_320' title='bbox 1833 4369 1884 4420; x_wconf 82' lang='lat' dir='ltr'><strong>in</strong></span> <span class='ocrx_word' id='word_1_321' title='bbox 1918 4386 1975 4422; x_wconf 65' lang='grc' dir='ltr'><strong>ιθ</strong></span> 
     </span>
    </p>
   </div>
   <div class='ocr_carea' id='block_1_53' title="bbox 405 4415 2046 4511">
    <p class='ocr_par' dir='ltr' id='par_1_53' title="bbox 405 4415 2046 4511">
     <span class='ocr_line' id='line_1_53' title="bbox 405 4415 2046 4511; baseline -0.003 -16"><span class='ocrx_word' id='word_1_322' title='bbox 405 4446 683 4511; x_wconf 75' lang='lat' dir='ltr'><strong>dereptum</strong></span> <span class='ocrx_word' id='word_1_323' title='bbox 734 4441 983 4499; x_wconf 84' lang='lat' dir='ltr'><strong>vidimus,</strong></span> <span class='ocrx_word' id='word_1_324' title='bbox 1018 4453 1077 4489; x_wconf 85' lang='lat' dir='ltr'><strong>ac</strong></span> <span class='ocrx_word' id='word_1_325' title='bbox 1108 4415 1327 4511; x_wconf 66' lang='lat' dir='ltr'><strong>t-rtiiiide</strong></span> <span class='ocrx_word' id='word_1_326' title='bbox 1355 4415 1459 4490; x_wconf 78' lang='lat' dir='ltr'><strong>lion</strong></span> <span class='ocrx_word' id='word_1_327' title='bbox 1490 4438 1590 4491; x_wconf 87' lang='lat' dir='ltr'><strong>erit</strong></span> <span class='ocrx_word' id='word_1_328' title='bbox 1626 4442 1855 4491; x_wconf 82' lang='lat' dir='ltr'><strong>insolens</strong></span> <span class='ocrx_word' id='word_1_329' title='bbox 1879 4454 1973 4490; x_wconf 83' lang='lat' dir='ltr'><strong>no-</strong></span> <span class='ocrx_word' id='word_1_330' title='bbox 2004 4415 2046 4476; x_wconf 62' lang='grc' dir='ltr'><strong>(ἶ</strong></span> 
     </span>
    </p>
   </div>
   <div class='ocr_carea' id='block_1_54' title="bbox 404 4508 1968 4581">
    <p class='ocr_par' dir='ltr' id='par_1_54' title="bbox 404 4508 1968 4581">
     <span class='ocr_line' id='line_1_54' title="bbox 404 4508 1968 4581; baseline -0.003 -16"><span class='ocrx_word' id='word_1_331' title='bbox 404 4529 498 4567; x_wconf 83' lang='lat' dir='ltr'><strong>vos</strong></span> <span class='ocrx_word' id='word_1_332' title='bbox 541 4508 657 4581; x_wconf 61' lang='lat' dir='ltr'><strong>ejus</strong></span> <span class='ocrx_word' id='word_1_333' title='bbox 695 4513 874 4579; x_wconf 88' lang='lat' dir='ltr'><strong>lapsus</strong></span> <span class='ocrx_word' id='word_1_334' title='bbox 922 4510 1190 4581; x_wconf 69' lang='lat' dir='ltr'><strong>detegere.</strong></span> <span class='ocrx_word' id='word_1_335' title='bbox 1227 4508 1297 4560; x_wconf 87' lang='lat' dir='ltr'><strong>De</strong></span> <span class='ocrx_word' id='word_1_336' title='bbox 1328 4517 1759 4581; x_wconf 79' lang='lat' dir='ltr'><strong>utroqueautem</strong></span> <span class='ocrx_word' id='word_1_337' title='bbox 1795 4510 1968 4577; x_wconf 82' lang='lat' dir='ltr'><strong>poni-</strong></span> 
     </span>
    </p>
   </div>
   <div class='ocr_carea' id='block_1_55' title="bbox 404 4578 1975 4638">
    <p class='ocr_par' dir='ltr' id='par_1_55' title="bbox 404 4578 1975 4638">
     <span class='ocr_line' id='line_1_55' title="bbox 404 4578 1975 4638; baseline -0.005 0"><span class='ocrx_word' id='word_1_338' title='bbox 404 4583 503 4638; x_wconf 79' lang='lat' dir='ltr'><strong>ﬂce</strong></span> <span class='ocrx_word' id='word_1_339' title='bbox 531 4578 651 4635; x_wconf 82' lang='lat' dir='ltr'><strong>cum</strong></span> <span class='ocrx_word' id='word_1_340' title='bbox 692 4578 789 4632; x_wconf 86' lang='lat' dir='ltr'><strong>suo</strong></span> <span class='ocrx_word' id='word_1_341' title='bbox 831 4584 945 4630; x_wconf 90' lang='lat' dir='ltr'><strong>loco</strong></span> <span class='ocrx_word' id='word_1_342' title='bbox 990 4580 1273 4630; x_wconf 84' lang='lat' dir='ltr'><strong>dicendum</strong></span> <span class='ocrx_word' id='word_1_343' title='bbox 1306 4581 1393 4635; x_wconf 87' lang='lat' dir='ltr'><strong>sit.</strong></span> <span class='ocrx_word' id='word_1_344' title='bbox 1419 4578 1503 4631; x_wconf 92' lang='lat' dir='ltr'><strong>hic</strong></span> <span class='ocrx_word' id='word_1_345' title='bbox 1542 4579 1607 4631; x_wconf 81' lang='lat' dir='ltr'><strong>de</strong></span> <span class='ocrx_word' id='word_1_346' title='bbox 1652 4580 1857 4633; x_wconf 86' lang='lat' dir='ltr'><strong>Joanne</strong></span> <span class='ocrx_word' id='word_1_347' title='bbox 1897 4582 1975 4631; x_wconf 90' lang='lat' dir='ltr'><strong>lo-</strong></span> 
     </span>
    </p>
   </div>
   <div class='ocr_carea' id='block_1_56' title="bbox 400 4648 1973 4722">
    <p class='ocr_par' dir='ltr' id='par_1_56' title="bbox 400 4648 1973 4722">
     <span class='ocr_line' id='line_1_56' title="bbox 400 4648 1973 4722; baseline -0.001 -18"><span class='ocrx_word' id='word_1_348' title='bbox 400 4668 556 4722; x_wconf 87' lang='lat' dir='ltr'><strong>quar,</strong></span> <span class='ocrx_word' id='word_1_349' title='bbox 604 4654 843 4722; x_wconf 67' lang='lat' dir='ltr'><strong>dicturus</strong></span> <span class='ocrx_word' id='word_1_350' title='bbox 897 4650 1173 4722; x_wconf 81' lang='lat' dir='ltr'><strong>postmodo</strong></span> <span class='ocrx_word' id='word_1_351' title='bbox 1218 4650 1286 4699; x_wconf 89' lang='lat' dir='ltr'><strong>de</strong></span> <span class='ocrx_word' id='word_1_352' title='bbox 1335 4648 1574 4722; x_wconf 60' lang='lat' dir='ltr'><strong>Sisinnio</strong></span> <span class='ocrx_word' id='word_1_353' title='bbox 1619 4649 1863 4722; x_wconf 86' lang='lat' dir='ltr'><strong>in_notis</strong></span> <span class='ocrx_word' id='word_1_354' title='bbox 1908 4649 1973 4722; x_wconf 88' lang='lat' dir='ltr'><strong>ad</strong></span> 
     </span>
    </p>
   </div>
   <div class='ocr_carea' id='block_1_57' title="bbox 403 4719 1976 4790">
    <p class='ocr_par' dir='ltr' id='par_1_57' title="bbox 403 4719 1976 4790">
     <span class='ocr_line' id='line_1_57' title="bbox 403 4719 1976 4790; baseline -0.001 -15"><span class='ocrx_word' id='word_1_355' title='bbox 403 4719 523 4775; x_wconf 68' lang='lat' dir='ltr'><strong>eunt</strong></span> <span class='ocrx_word' id='word_1_356' title='bbox 580 4721 963 4790; x_wconf 74' lang='lat' dir='ltr'><strong>spectantibus.</strong></span> <span class='ocrx_word' id='word_1_357' title='bbox 1017 4719 1289 4771; x_wconf 84' lang='lat' dir='ltr'><strong>Antlientla</strong></span> <span class='ocrx_word' id='word_1_358' title='bbox 1347 4720 1505 4785; x_wconf 77' lang='lat' dir='ltr'><strong>igitur</strong></span> <span class='ocrx_word' id='word_1_359' title='bbox 1554 4730 1632 4770; x_wconf 68' lang='lat' dir='ltr'><strong>est</strong></span> <span class='ocrx_word' id='word_1_360' title='bbox 1684 4719 1976 4790; x_wconf 78' lang='lat' dir='ltr'><strong>inprimis</strong></span> 
     </span>
    </p>
   </div>
   <div class='ocr_carea' id='block_1_58' title="bbox 403 4789 1975 4858">
    <p class='ocr_par' dir='ltr' id='par_1_58' title="bbox 403 4789 1975 4858">
     <span class='ocr_line' id='line_1_58' title="bbox 403 4789 1975 4858; baseline -0.003 -12"><span class='ocrx_word' id='word_1_361' title='bbox 403 4794 641 4846; x_wconf 84' lang='lat' dir='ltr'><strong>doctrina</strong></span> <span class='ocrx_word' id='word_1_362' title='bbox 679 4792 819 4858; x_wconf 77' lang='lat' dir='ltr'><strong>l’agii</strong></span> <span class='ocrx_word' id='word_1_363' title='bbox 844 4794 909 4842; x_wconf 89' lang='lat' dir='ltr'><strong>de</strong></span> <span class='ocrx_word' id='word_1_364' title='bbox 935 4791 1215 4855; x_wconf 86' lang='lat' dir='ltr'><strong>pontiiiciis</strong></span> <span class='ocrx_word' id='word_1_365' title='bbox 1238 4790 1693 4842; x_wconf 89' lang='lat' dir='ltr'><strong>ordinationibus.</strong></span> <span class='ocrx_word' id='word_1_366' title='bbox 1731 4789 1834 4841; x_wconf 83' lang='lat' dir='ltr'><strong>llas</strong></span> <span class='ocrx_word' id='word_1_367' title='bbox 1862 4792 1975 4842; x_wconf 86' lang='lat' dir='ltr'><strong>lieri</strong></span> 
     </span>
    </p>
   </div>
   <div class='ocr_carea' id='block_1_59' title="bbox 407 4859 1978 4929">
    <p class='ocr_par' dir='ltr' id='par_1_59' title="bbox 407 4859 1978 4929">
     <span class='ocr_line' id='line_1_59' title="bbox 407 4859 1978 4929; baseline -0.003 -14"><span class='ocrx_word' id='word_1_368' title='bbox 407 4877 610 4929; x_wconf 73' lang='lat' dir='ltr'><strong>emptas</strong></span> <span class='ocrx_word' id='word_1_369' title='bbox 658 4864 813 4914; x_wconf 77' lang='lat' dir='ltr'><strong>d0(&#39;et</strong></span> <span class='ocrx_word' id='word_1_370' title='bbox 851 4869 967 4926; x_wconf 89' lang='lat' dir='ltr'><strong>post</strong></span> <span class='ocrx_word' id='word_1_371' title='bbox 1007 4860 1270 4929; x_wconf 70' lang='lat' dir='ltr'><strong>ili-victum</strong></span> <span class='ocrx_word' id='word_1_372' title='bbox 1302 4874 1329 4911; x_wconf 89' lang='lat' dir='ltr'><strong>a</strong></span> <span class='ocrx_word' id='word_1_373' title='bbox 1361 4861 1712 4913; x_wconf 77' lang='lat' dir='ltr'><strong>Constantino</strong></span> <span class='ocrx_word' id='word_1_374' title='bbox 1760 4859 1978 4911; x_wconf 81' lang='lat' dir='ltr'><strong>Maxen-</strong></span> 
     </span>
    </p>
   </div>
   <div class='ocr_carea' id='block_1_60' title="bbox 404 4928 1977 4997">
    <p class='ocr_par' dir='ltr' id='par_1_60' title="bbox 404 4928 1977 4997">
     <span class='ocr_line' id='line_1_60' title="bbox 404 4928 1977 4997; baseline -0.001 -14"><span class='ocrx_word' id='word_1_375' title='bbox 404 4928 553 4995; x_wconf 88' lang='lat' dir='ltr'><strong>tium,</strong></span> <span class='ocrx_word' id='word_1_376' title='bbox 606 4946 896 4997; x_wconf 84' lang='lat' dir='ltr'><strong>pacemque</strong></span> <span class='ocrx_word' id='word_1_377' title='bbox 947 4928 1201 4982; x_wconf 70' lang='lat' dir='ltr'><strong>Ecclcsize</strong></span> <span class='ocrx_word' id='word_1_378' title='bbox 1250 4929 1508 4981; x_wconf 76' lang='lat' dir='ltr'><strong>redditam</strong></span> <span class='ocrx_word' id='word_1_379' title='bbox 1565 4930 1680 4995; x_wconf 77' lang='lat' dir='ltr'><strong>(Ad</strong></span> <span class='ocrx_word' id='word_1_380' title='bbox 1733 4946 1820 4980; x_wconf 85' lang='lat' dir='ltr'><strong>an.</strong></span> <span class='ocrx_word' id='word_1_381' title='bbox 1873 4931 1977 4994; x_wconf 79' lang='grc'><strong>68,</strong></span> 
     </span>
    </p>
   </div>
   <div class='ocr_carea' id='block_1_61' title="bbox 403 4999 1974 5070">
    <p class='ocr_par' dir='ltr' id='par_1_61' title="bbox 403 4999 1974 5070">
     <span class='ocr_line' id='line_1_61' title="bbox 403 4999 1974 5070; baseline -0.002 -17"><span class='ocrx_word' id='word_1_382' title='bbox 403 5019 545 5055; x_wconf 82' lang='lat' dir='ltr'><strong>num.</strong></span> <span class='ocrx_word' id='word_1_383' title='bbox 583 5003 675 5070; x_wconf 71' lang='lat'><strong>&#39;20)</strong></span> <span class='ocrx_word' id='word_1_384' title='bbox 701 5012 792 5052; x_wconf 85' lang='lat' dir='ltr'><strong>aut</strong></span> <span class='ocrx_word' id='word_1_385' title='bbox 838 4999 1151 5066; x_wconf 84' lang='lat' dir='ltr'><strong>Dominicis,</strong></span> <span class='ocrx_word' id='word_1_386' title='bbox 1196 5011 1288 5051; x_wconf 89' lang='lat' dir='ltr'><strong>aut</strong></span> <span class='ocrx_word' id='word_1_387' title='bbox 1328 5001 1723 5052; x_wconf 82' lang='lat' dir='ltr'><strong>Sotcnnioribos</strong></span> <span class='ocrx_word' id='word_1_388' title='bbox 1767 4999 1974 5052; x_wconf 88' lang='lat' dir='ltr'><strong>diebus.</strong></span> 
     </span>
    </p>
   </div>
   <div class='ocr_carea' id='block_1_62' title="bbox 405 5070 1977 5140">
    <p class='ocr_par' dir='ltr' id='par_1_62' title="bbox 405 5070 1977 5140">
     <span class='ocr_line' id='line_1_62' title="bbox 405 5070 1977 5140; baseline -0.001 -17"><span class='ocrx_word' id='word_1_389' title='bbox 405 5074 537 5124; x_wconf 83' lang='lat' dir='ltr'><strong>tlinc</strong></span> <span class='ocrx_word' id='word_1_390' title='bbox 564 5082 649 5125; x_wconf 80' lang='lat' dir='ltr'><strong>est</strong></span> <span class='ocrx_word' id='word_1_391' title='bbox 676 5072 816 5140; x_wconf 79' lang='lat' dir='ltr'><strong>quod</strong></span> <span class='ocrx_word' id='word_1_392' title='bbox 861 5084 1003 5135; x_wconf 67' lang='lat' dir='ltr'><strong>sa&#39;pe</strong></span> <span class='ocrx_word' id='word_1_393' title='bbox 1044 5070 1323 5140; x_wconf 84' lang='lat' dir='ltr'><strong>Baroniutn</strong></span> <span class='ocrx_word' id='word_1_394' title='bbox 1354 5085 1512 5121; x_wconf 60' lang='lat' dir='ltr'><strong>secus</strong></span> <span class='ocrx_word' id='word_1_395' title='bbox 1542 5073 1861 5121; x_wconf 75' lang='lat' dir='ltr'><strong>sentientem</strong></span> <span class='ocrx_word' id='word_1_396' title='bbox 1890 5084 1977 5140; x_wconf 19' lang='lat' dir='ltr'><strong>re»-</strong></span> 
     </span>
    </p>
   </div>
   <div class='ocr_carea' id='block_1_63' title="bbox 406 5138 1977 5209">
    <p class='ocr_par' dir='ltr' id='par_1_63' title="bbox 406 5138 1977 5209">
     <span class='ocr_line' id='line_1_63' title="bbox 406 5138 1977 5209; baseline -0.002 -17"><span class='ocrx_word' id='word_1_397' title='bbox 406 5138 707 5209; x_wconf 69' lang='lat' dir='ltr'><strong>priehcndit,</strong></span> <span class='ocrx_word' id='word_1_398' title='bbox 758 5141 1013 5206; x_wconf 66' lang='lat' dir='ltr'><strong>incipiens</strong></span> <span class='ocrx_word' id='word_1_399' title='bbox 1062 5141 1128 5192; x_wconf 90' lang='lat' dir='ltr'><strong>ab</strong></span> <span class='ocrx_word' id='word_1_400' title='bbox 1172 5139 1283 5209; x_wconf 80' lang='lat' dir='ltr'><strong>ipsa</strong></span> <span class='ocrx_word' id='word_1_401' title='bbox 1331 5141 1663 5192; x_wconf 76' lang='lat' dir='ltr'><strong>ordinatione</strong></span> <span class='ocrx_word' id='word_1_402' title='bbox 1713 5138 1977 5203; x_wconf 82' lang='lat' dir='ltr'><strong>Silvestri,</strong></span> 
     </span>
    </p>
   </div>
   <div class='ocr_carea' id='block_1_64' title="bbox 407 5211 1978 5280">
    <p class='ocr_par' dir='ltr' id='par_1_64' title="bbox 407 5211 1978 5280">
     <span class='ocr_line' id='line_1_64' title="bbox 407 5211 1978 5280; baseline -0.001 -19"><span class='ocrx_word' id='word_1_403' title='bbox 407 5227 597 5279; x_wconf 89' lang='lat' dir='ltr'><strong>nempe</strong></span> <span class='ocrx_word' id='word_1_404' title='bbox 626 5214 693 5265; x_wconf 88' lang='lat' dir='ltr'><strong>ab</strong></span> <span class='ocrx_word' id='word_1_405' title='bbox 724 5214 839 5280; x_wconf 89' lang='lat' dir='ltr'><strong>ipso</strong></span> <span class='ocrx_word' id='word_1_406' title='bbox 862 5224 1004 5263; x_wconf 87' lang='lat' dir='ltr'><strong>anno</strong></span> <span class='ocrx_word' id='word_1_407' title='bbox 1033 5213 1179 5276; x_wconf 83' lang='lat' dir='ltr'><strong>pacis</strong></span> <span class='ocrx_word' id='word_1_408' title='bbox 1211 5211 1430 5262; x_wconf 77' lang='lat' dir='ltr'><strong>reddita:</strong></span> <span class='ocrx_word' id='word_1_409' title='bbox 1460 5211 1775 5280; x_wconf 40' lang='lat' dir='ltr'><strong>Stegmann</strong></span> <span class='ocrx_word' id='word_1_410' title='bbox 1809 5220 1978 5280; x_wconf 62' lang='lat' dir='ltr'><strong>retia-</strong></span> 
     </span>
    </p>
   </div>
   <div class='ocr_carea' id='block_1_65' title="bbox 406 5278 1976 5347">
    <p class='ocr_par' dir='ltr' id='par_1_65' title="bbox 406 5278 1976 5347">
     <span class='ocr_line' id='line_1_65' title="bbox 406 5278 1976 5347; baseline -0.003 -11"><span class='ocrx_word' id='word_1_411' title='bbox 406 5284 483 5336; x_wconf 88' lang='lat' dir='ltr'><strong>liit</strong></span> <span class='ocrx_word' id='word_1_412' title='bbox 530 5278 595 5335; x_wconf 79' lang='lat' dir='ltr'><strong>ad</strong></span> <span class='ocrx_word' id='word_1_413' title='bbox 645 5278 950 5347; x_wconf 82' lang='lat' dir='ltr'><strong>supremum</strong></span> <span class='ocrx_word' id='word_1_414' title='bbox 1004 5279 1236 5332; x_wconf 84' lang='lat' dir='ltr'><strong>Januarii</strong></span> <span class='ocrx_word' id='word_1_415' title='bbox 1287 5281 1430 5334; x_wconf 80' lang='lat' dir='ltr'><strong>diem</strong></span> <span class='ocrx_word' id='word_1_416' title='bbox 1481 5296 1548 5333; x_wconf 81' lang='lat' dir='ltr'><strong>ex</strong></span> <span class='ocrx_word' id='word_1_417' title='bbox 1594 5279 1849 5332; x_wconf 81' lang='lat' dir='ltr'><strong>Kalendis</strong></span> <span class='ocrx_word' id='word_1_418' title='bbox 1878 5278 1976 5332; x_wconf 80' lang='lat' dir='ltr'><strong>Fe-</strong></span> 
     </span>
    </p>
   </div>
   <div class='ocr_carea' id='block_1_66' title="bbox 406 5349 1979 5419">
    <p class='ocr_par' dir='ltr' id='par_1_66' title="bbox 406 5349 1979 5419">
     <span class='ocr_line' id='line_1_66' title="bbox 406 5349 1979 5419; baseline -0.003 -14"><span class='ocrx_word' id='word_1_419' title='bbox 406 5355 655 5415; x_wconf 81' lang='lat' dir='ltr'><strong>bruariis,</strong></span> <span class='ocrx_word' id='word_1_420' title='bbox 690 5353 1003 5419; x_wconf 86' lang='lat' dir='ltr'><strong>quibuscum</strong></span> <span class='ocrx_word' id='word_1_421' title='bbox 1036 5350 1295 5401; x_wconf 83' lang='lat' dir='ltr'><strong>Batonius</strong></span> <span class='ocrx_word' id='word_1_422' title='bbox 1316 5365 1431 5403; x_wconf 87' lang='lat' dir='ltr'><strong>eam</strong></span> <span class='ocrx_word' id='word_1_423' title='bbox 1463 5351 1781 5417; x_wconf 77' lang='lat' dir='ltr'><strong>illigaverat.</strong></span> <span class='ocrx_word' id='word_1_424' title='bbox 1816 5349 1979 5416; x_wconf 71' lang='lat' dir='ltr'><strong>Cujus</strong></span> 
     </span>
    </p>
   </div>
   <div class='ocr_carea' id='block_1_67' title="bbox 404 5420 1979 5488">
    <p class='ocr_par' dir='ltr' id='par_1_67' title="bbox 404 5420 1979 5488">
     <span class='ocr_line' id='line_1_67' title="bbox 404 5420 1979 5488; baseline -0.001 -14"><span class='ocrx_word' id='word_1_425' title='bbox 404 5423 662 5476; x_wconf 76' lang='lat' dir='ltr'><strong>doctrinae</strong></span> <span class='ocrx_word' id='word_1_426' title='bbox 703 5432 901 5485; x_wconf 82' lang='lat' dir='ltr'><strong>partem</strong></span> <span class='ocrx_word' id='word_1_427' title='bbox 946 5420 1194 5488; x_wconf 87' lang='lat' dir='ltr'><strong>primam,</strong></span> <span class='ocrx_word' id='word_1_428' title='bbox 1238 5434 1427 5487; x_wconf 89' lang='lat' dir='ltr'><strong>nempe</strong></span> <span class='ocrx_word' id='word_1_429' title='bbox 1457 5422 1734 5488; x_wconf 81' lang='lat' dir='ltr'><strong>pontilices</strong></span> <span class='ocrx_word' id='word_1_430' title='bbox 1765 5422 1979 5472; x_wconf 80' lang='lat' dir='ltr'><strong>ordina-</strong></span> 
     </span>
    </p>
   </div>
   <div class='ocr_carea' id='block_1_68' title="bbox 410 5490 1977 5554">
    <p class='ocr_par' dir='ltr' id='par_1_68' title="bbox 410 5490 1977 5554">
     <span class='ocr_line' id='line_1_68' title="bbox 410 5490 1977 5554; baseline 0 -11"><span class='ocrx_word' id='word_1_431' title='bbox 410 5504 491 5545; x_wconf 89' lang='lat' dir='ltr'><strong>tos</strong></span> <span class='ocrx_word' id='word_1_432' title='bbox 520 5505 642 5544; x_wconf 82' lang='lat' dir='ltr'><strong>esse</strong></span> <span class='ocrx_word' id='word_1_433' title='bbox 680 5491 867 5545; x_wconf 84' lang='lat' dir='ltr'><strong>diebus</strong></span> <span class='ocrx_word' id='word_1_434' title='bbox 899 5490 1212 5554; x_wconf 82' lang='lat' dir='ltr'><strong>Dominicis,</strong></span> <span class='ocrx_word' id='word_1_435' title='bbox 1244 5490 1444 5543; x_wconf 84' lang='lat' dir='ltr'><strong>eruditi</strong></span> <span class='ocrx_word' id='word_1_436' title='bbox 1479 5492 1566 5543; x_wconf 84' lang='lat' dir='ltr'><strong>alii</strong></span> <span class='ocrx_word' id='word_1_437' title='bbox 1596 5503 1718 5543; x_wconf 88' lang='lat' dir='ltr'><strong>ante</strong></span> <span class='ocrx_word' id='word_1_438' title='bbox 1764 5491 1977 5553; x_wconf 66' lang='lat' dir='ltr'><strong>l’agiunt</strong></span> 
     </span>
    </p>
   </div>
   <div class='ocr_carea' id='block_1_69' title="bbox 407 5561 1982 5628">
    <p class='ocr_par' dir='ltr' id='par_1_69' title="bbox 407 5561 1982 5628">
     <span class='ocr_line' id='line_1_69' title="bbox 407 5561 1982 5628; baseline -0.001 -14"><span class='ocrx_word' id='word_1_439' title='bbox 407 5561 846 5625; x_wconf 81' lang='lat' dir='ltr'><strong>tradiderunt,et</strong></span> <span class='ocrx_word' id='word_1_440' title='bbox 866 5570 985 5628; x_wconf 83' lang='lat' dir='ltr'><strong>post</strong></span> <span class='ocrx_word' id='word_1_441' title='bbox 1014 5574 1135 5612; x_wconf 91' lang='lat' dir='ltr'><strong>eum</strong></span> <span class='ocrx_word' id='word_1_442' title='bbox 1169 5563 1318 5611; x_wconf 89' lang='lat' dir='ltr'><strong>inulti</strong></span> <span class='ocrx_word' id='word_1_443' title='bbox 1349 5564 1517 5613; x_wconf 81' lang='lat' dir='ltr'><strong>secuti</strong></span> <span class='ocrx_word' id='word_1_444' title='bbox 1546 5571 1687 5613; x_wconf 88' lang='lat' dir='ltr'><strong>sunt.</strong></span> <span class='ocrx_word' id='word_1_445' title='bbox 1725 5562 1839 5613; x_wconf 78' lang='lat' dir='ltr'><strong>l’ra:</strong></span> <span class='ocrx_word' id='word_1_446' title='bbox 1862 5564 1982 5612; x_wconf 86' lang='lat' dir='ltr'><strong>aliis</strong></span> 
     </span>
    </p>
   </div>
   <div class='ocr_carea' id='block_1_70' title="bbox 409 5630 1981 5699">
    <p class='ocr_par' dir='ltr' id='par_1_70' title="bbox 409 5630 1981 5699">
     <span class='ocr_line' id='line_1_70' title="bbox 409 5630 1981 5699; baseline -0.001 -15"><span class='ocrx_word' id='word_1_447' title='bbox 409 5632 751 5691; x_wconf 83' lang='lat' dir='ltr'><strong>Blancltinus,</strong></span> <span class='ocrx_word' id='word_1_448' title='bbox 798 5633 949 5697; x_wconf 73' lang='lat' dir='ltr'><strong>cujus</strong></span> <span class='ocrx_word' id='word_1_449' title='bbox 989 5643 1088 5695; x_wconf 82' lang='lat' dir='ltr'><strong>ego</strong></span> <span class='ocrx_word' id='word_1_450' title='bbox 1130 5630 1365 5699; x_wconf 70' lang='lat' dir='ltr'><strong>vestigiis</strong></span> <span class='ocrx_word' id='word_1_451' title='bbox 1407 5632 1619 5694; x_wconf 81' lang='lat' dir='ltr'><strong>insisto,</strong></span> <span class='ocrx_word' id='word_1_452' title='bbox 1667 5647 1769 5683; x_wconf 91' lang='lat' dir='ltr'><strong>non</strong></span> <span class='ocrx_word' id='word_1_453' title='bbox 1823 5637 1981 5682; x_wconf 82' lang='lat' dir='ltr'><strong>modo</strong></span> 
     </span>
    </p>
   </div>
   <div class='ocr_carea' id='block_1_71' title="bbox 408 5700 1980 5768">
    <p class='ocr_par' dir='ltr' id='par_1_71' title="bbox 408 5700 1980 5768">
     <span class='ocr_line' id='line_1_71' title="bbox 408 5700 1980 5768; baseline -0.001 -15"><span class='ocrx_word' id='word_1_454' title='bbox 408 5703 687 5755; x_wconf 79' lang='lat' dir='ltr'><strong>oontiftees</strong></span> <span class='ocrx_word' id='word_1_455' title='bbox 736 5706 1027 5762; x_wconf 51' lang='lat' dir='ltr'><strong>Romanos,</strong></span> <span class='ocrx_word' id='word_1_456' title='bbox 1081 5714 1260 5749; x_wconf 70' lang='lat' dir='ltr'><strong>vrrum</strong></span> <span class='ocrx_word' id='word_1_457' title='bbox 1312 5700 1469 5751; x_wconf 52' lang='lat' dir='ltr'><strong>e‘iain</strong></span> <span class='ocrx_word' id='word_1_458' title='bbox 1527 5716 1805 5768; x_wconf 78' lang='lat' dir='ltr'><strong>episcopos</strong></span> <span class='ocrx_word' id='word_1_459' title='bbox 1847 5702 1980 5752; x_wconf 82' lang='lat' dir='ltr'><strong>alios</strong></span> 
     </span>
    </p>
   </div>
   <div class='ocr_carea' id='block_1_72' title="bbox 2093 3666 3664 3741">
    <p class='ocr_par' dir='ltr' id='par_1_72' title="bbox 2093 3666 3664 3741">
     <span class='ocr_line' id='line_1_72' title="bbox 2093 3666 3664 3741; baseline 0.004 -22"><span class='ocrx_word' id='word_1_460' title='bbox 2093 3668 2310 3741; x_wconf 72' lang='lat' dir='ltr'><strong>diebns_</strong></span> <span class='ocrx_word' id='word_1_461' title='bbox 2341 3667 2629 3741; x_wconf 62' lang='lat' dir='ltr'><strong>Dominicis</strong></span> <span class='ocrx_word' id='word_1_462' title='bbox 2674 3666 2948 3741; x_wconf 78' lang='lat' dir='ltr'><strong>ordinatos</strong></span> <span class='ocrx_word' id='word_1_463' title='bbox 2989 3680 3108 3722; x_wconf 85' lang='lat' dir='ltr'><strong>esse</strong></span> <span class='ocrx_word' id='word_1_464' title='bbox 3157 3667 3429 3741; x_wconf 80' lang='lat' dir='ltr'><strong>contendit</strong></span> <span class='ocrx_word' id='word_1_465' title='bbox 3475 3669 3664 3741; x_wconf 61' lang='grc' dir='ltr'><strong>(δίψη</strong></span> 
     </span>
    </p>
   </div>
   <div class='ocr_carea' id='block_1_73' title="bbox 2093 3735 3665 3807">
    <p class='ocr_par' dir='ltr' id='par_1_73' title="bbox 2093 3735 3665 3807">
     <span class='ocr_line' id='line_1_73' title="bbox 2093 3735 3665 3807; baseline 0.004 -18"><span class='ocrx_word' id='word_1_466' title='bbox 2093 3748 2217 3790; x_wconf 86' lang='lat' dir='ltr'><strong>tam.</strong></span> <span class='ocrx_word' id='word_1_467' title='bbox 2246 3735 2331 3801; x_wconf 86' lang='lat' dir='ltr'><strong>II,</strong></span> <span class='ocrx_word' id='word_1_468' title='bbox 2383 3756 2504 3807; x_wconf 79' lang='lat' dir='ltr'><strong>pag.</strong></span> <span class='ocrx_word' id='word_1_469' title='bbox 2548 3736 2665 3803; x_wconf 69' lang='grc'><strong>25).</strong></span> <span class='ocrx_word' id='word_1_470' title='bbox 2714 3738 2876 3804; x_wconf 86' lang='lat' dir='ltr'><strong>quue</strong></span> <span class='ocrx_word' id='word_1_471' title='bbox 2923 3740 3284 3791; x_wconf 75' lang='lat' dir='ltr'><strong>monumentis</strong></span> <span class='ocrx_word' id='word_1_472' title='bbox 3323 3735 3665 3807; x_wconf 79' lang='lat' dir='ltr'><strong>comprobari</strong></span> 
     </span>
    </p>
   </div>
   <div class='ocr_carea' id='block_1_74' title="bbox 2091 3806 3661 3878">
    <p class='ocr_par' dir='ltr' id='par_1_74' title="bbox 2091 3806 3661 3878">
     <span class='ocr_line' id='line_1_74' title="bbox 2091 3806 3661 3878; baseline 0.004 -19"><span class='ocrx_word' id='word_1_473' title='bbox 2091 3806 2391 3872; x_wconf 80' lang='lat' dir='ltr'><strong>atlirnians,</strong></span> <span class='ocrx_word' id='word_1_474' title='bbox 2416 3824 2480 3860; x_wconf 80' lang='lat' dir='ltr'><strong>ex</strong></span> <span class='ocrx_word' id='word_1_475' title='bbox 2513 3808 2647 3860; x_wconf 86' lang='lat' dir='ltr'><strong>libro</strong></span> <span class='ocrx_word' id='word_1_476' title='bbox 2676 3806 2794 3874; x_wconf 88' lang='lat' dir='ltr'><strong>ipso</strong></span> <span class='ocrx_word' id='word_1_477' title='bbox 2828 3806 3459 3878; x_wconf 44' lang='lat' dir='ltr'><strong>Pontillcal[exemplum</strong></span> <span class='ocrx_word' id='word_1_478' title='bbox 3481 3812 3661 3878; x_wconf 84' lang='lat' dir='ltr'><strong>att&#39;ert,</strong></span> 
     </span>
    </p>
   </div>
   <div class='ocr_carea' id='block_1_75' title="bbox 2093 3877 3663 3946">
    <p class='ocr_par' dir='ltr' id='par_1_75' title="bbox 2093 3877 3663 3946">
     <span class='ocr_line' id='line_1_75' title="bbox 2093 3877 3663 3946; baseline 0.006 -17"><span class='ocrx_word' id='word_1_479' title='bbox 2093 3893 2283 3943; x_wconf 86' lang='lat' dir='ltr'><strong>nempe</strong></span> <span class='ocrx_word' id='word_1_480' title='bbox 2330 3878 2740 3931; x_wconf 82' lang='lat' dir='ltr'><strong>Interamnensis</strong></span> <span class='ocrx_word' id='word_1_481' title='bbox 2778 3877 3014 3946; x_wconf 85' lang='lat' dir='ltr'><strong>episc0pi</strong></span> <span class='ocrx_word' id='word_1_482' title='bbox 3055 3893 3084 3930; x_wconf 93' lang='lat' dir='ltr'><strong>a</strong></span> <span class='ocrx_word' id='word_1_483' title='bbox 3126 3877 3380 3931; x_wconf 84' lang='lat' dir='ltr'><strong>Zacliaria</strong></span> <span class='ocrx_word' id='word_1_484' title='bbox 3430 3877 3663 3939; x_wconf 81' lang='lat' dir='ltr'><strong>ordinati</strong></span> 
     </span>
    </p>
   </div>
   <div class='ocr_carea' id='block_1_76' title="bbox 2090 3947 3665 4017">
    <p class='ocr_par' dir='ltr' id='par_1_76' title="bbox 2090 3947 3665 4017">
     <span class='ocr_line' id='line_1_76' title="bbox 2090 3947 3665 4017; baseline -0.002 -17"><span class='ocrx_word' id='word_1_485' title='bbox 2090 3950 2175 4002; x_wconf 89' lang='lat' dir='ltr'><strong>die</strong></span> <span class='ocrx_word' id='word_1_486' title='bbox 2223 3949 2510 4000; x_wconf 73' lang='lat' dir='ltr'><strong>Dominica.</strong></span> <span class='ocrx_word' id='word_1_487' title='bbox 2558 3948 2693 4014; x_wconf 90' lang='lat' dir='ltr'><strong>Quin</strong></span> <span class='ocrx_word' id='word_1_488' title='bbox 2740 3951 2923 4016; x_wconf 89' lang='lat' dir='ltr'><strong>etiam,</strong></span> <span class='ocrx_word' id='word_1_489' title='bbox 2973 3947 3113 4017; x_wconf 88' lang='lat' dir='ltr'><strong>quod</strong></span> <span class='ocrx_word' id='word_1_490' title='bbox 3154 3948 3425 4001; x_wconf 80' lang='lat' dir='ltr'><strong>Blanchini</strong></span> <span class='ocrx_word' id='word_1_491' title='bbox 3453 3951 3665 4017; x_wconf 83' lang='lat' dir='ltr'><strong>Opinio.</strong></span> 
     </span>
    </p>
   </div>
   <div class='ocr_carea' id='block_1_77' title="bbox 2095 4019 3659 4090">
    <p class='ocr_par' dir='ltr' id='par_1_77' title="bbox 2095 4019 3659 4090">
     <span class='ocr_line' id='line_1_77' title="bbox 2095 4019 3659 4090; baseline 0.006 -21"><span class='ocrx_word' id='word_1_492' title='bbox 2095 4033 2213 4071; x_wconf 87' lang='lat' dir='ltr'><strong>nem</strong></span> <span class='ocrx_word' id='word_1_493' title='bbox 2243 4021 2408 4090; x_wconf 67' lang='lat' dir='ltr'><strong>magis</strong></span> <span class='ocrx_word' id='word_1_494' title='bbox 2432 4022 2643 4090; x_wconf 73' lang='lat' dir='ltr'><strong>astruit,</strong></span> <span class='ocrx_word' id='word_1_495' title='bbox 2669 4019 3130 4090; x_wconf 70' lang='lat' dir='ltr'><strong>animadversione</strong></span> <span class='ocrx_word' id='word_1_496' title='bbox 3150 4019 3368 4087; x_wconf 79' lang='lat' dir='ltr'><strong>dignum</strong></span> <span class='ocrx_word' id='word_1_497' title='bbox 3391 4030 3493 4082; x_wconf 82' lang='lat' dir='ltr'><strong>est,</strong></span> <span class='ocrx_word' id='word_1_498' title='bbox 3517 4026 3659 4090; x_wconf 88' lang='lat' dir='ltr'><strong>quod</strong></span> 
     </span>
    </p>
   </div>
   <div class='ocr_carea' id='block_1_78' title="bbox 2091 4087 3661 4146">
    <p class='ocr_par' dir='ltr' id='par_1_78' title="bbox 2091 4087 3661 4146">
     <span class='ocr_line' id='line_1_78' title="bbox 2091 4087 3661 4146; baseline 0.003 -5"><span class='ocrx_word' id='word_1_499' title='bbox 2091 4090 2223 4143; x_wconf 74' lang='lat' dir='ltr'><strong>lilier</strong></span> <span class='ocrx_word' id='word_1_500' title='bbox 2269 4089 2407 4140; x_wconf 86' lang='lat' dir='ltr'><strong>idem</strong></span> <span class='ocrx_word' id='word_1_501' title='bbox 2449 4087 2772 4142; x_wconf 83' lang='lat' dir='ltr'><strong>Pontilicalis</strong></span> <span class='ocrx_word' id='word_1_502' title='bbox 2814 4088 3085 4144; x_wconf 67' lang='lat' dir='ltr'><strong>Zachariae</strong></span> <span class='ocrx_word' id='word_1_503' title='bbox 3132 4090 3463 4143; x_wconf 82' lang='lat' dir='ltr'><strong>itinerarium</strong></span> <span class='ocrx_word' id='word_1_504' title='bbox 3502 4087 3661 4146; x_wconf 80' lang='lat' dir='ltr'><strong>enar-</strong></span> 
     </span>
    </p>
   </div>
   <div class='ocr_carea' id='block_1_79' title="bbox 2087 4156 3657 4227">
    <p class='ocr_par' dir='ltr' id='par_1_79' title="bbox 2087 4156 3657 4227">
     <span class='ocr_line' id='line_1_79' title="bbox 2087 4156 3657 4227; baseline 0.003 -16"><span class='ocrx_word' id='word_1_505' title='bbox 2087 4174 2229 4217; x_wconf 87' lang='lat' dir='ltr'><strong>rans.</strong></span> <span class='ocrx_word' id='word_1_506' title='bbox 2282 4170 2415 4214; x_wconf 76' lang='lat' dir='ltr'><strong>sect.</strong></span> <span class='ocrx_word' id='word_1_507' title='bbox 2464 4156 2570 4213; x_wconf 76' lang='grc'><strong>209</strong></span> <span class='ocrx_word' id='word_1_508' title='bbox 2599 4169 2653 4211; x_wconf 91' lang='lat' dir='ltr'><strong>et</strong></span> <span class='ocrx_word' id='word_1_509' title='bbox 2692 4174 2869 4225; x_wconf 51' lang='lat' dir='ltr'><strong>seqq”</strong></span> <span class='ocrx_word' id='word_1_510' title='bbox 2895 4160 3013 4213; x_wconf 82' lang='lat' dir='ltr'><strong>dies</strong></span> <span class='ocrx_word' id='word_1_511' title='bbox 3059 4161 3295 4227; x_wconf 80' lang='lat' dir='ltr'><strong>singulos</strong></span> <span class='ocrx_word' id='word_1_512' title='bbox 3324 4165 3657 4216; x_wconf 83' lang='lat' dir='ltr'><strong>numerando</strong></span> 
     </span>
    </p>
   </div>
   <div class='ocr_carea' id='block_1_80' title="bbox 2087 4230 3658 4293">
    <p class='ocr_par' dir='ltr' id='par_1_80' title="bbox 2087 4230 3658 4293">
     <span class='ocr_line' id='line_1_80' title="bbox 2087 4230 3658 4293; baseline 0.004 -14"><span class='ocrx_word' id='word_1_513' title='bbox 2087 4239 2333 4281; x_wconf 86' lang='lat' dir='ltr'><strong>recenset</strong></span> <span class='ocrx_word' id='word_1_514' title='bbox 2360 4246 2375 4293; x_wconf 89' lang='lat'><strong>;</strong></span> <span class='ocrx_word' id='word_1_515' title='bbox 2408 4242 2462 4281; x_wconf 90' lang='lat' dir='ltr'><strong>at</strong></span> <span class='ocrx_word' id='word_1_516' title='bbox 2490 4231 2709 4282; x_wconf 83' lang='lat' dir='ltr'><strong>veniens</strong></span> <span class='ocrx_word' id='word_1_517' title='bbox 2732 4231 2795 4282; x_wconf 90' lang='lat' dir='ltr'><strong>ad</strong></span> <span class='ocrx_word' id='word_1_518' title='bbox 2827 4232 2964 4281; x_wconf 70' lang='lat' dir='ltr'><strong>dicm</strong></span> <span class='ocrx_word' id='word_1_519' title='bbox 2995 4230 3339 4293; x_wconf 88' lang='lat' dir='ltr'><strong>Dominicam,</strong></span> <span class='ocrx_word' id='word_1_520' title='bbox 3370 4246 3475 4283; x_wconf 90' lang='lat' dir='ltr'><strong>non</strong></span> <span class='ocrx_word' id='word_1_521' title='bbox 3503 4249 3658 4288; x_wconf 75' lang='lat' dir='ltr'><strong>secus</strong></span> 
     </span>
    </p>
   </div>
   <div class='ocr_carea' id='block_1_81' title="bbox 2085 4300 3653 4370">
    <p class='ocr_par' dir='ltr' id='par_1_81' title="bbox 2085 4300 3653 4370">
     <span class='ocr_line' id='line_1_81' title="bbox 2085 4300 3653 4370; baseline 0.005 -21"><span class='ocrx_word' id='word_1_522' title='bbox 2085 4310 2242 4365; x_wconf 85' lang='lat' dir='ltr'><strong>atque</strong></span> <span class='ocrx_word' id='word_1_523' title='bbox 2291 4314 2383 4367; x_wconf 90' lang='lat' dir='ltr'><strong>per</strong></span> <span class='ocrx_word' id='word_1_524' title='bbox 2426 4300 2815 4352; x_wconf 79' lang='lat' dir='ltr'><strong>ordinationem</strong></span> <span class='ocrx_word' id='word_1_525' title='bbox 2848 4302 3079 4368; x_wconf 84' lang='lat' dir='ltr'><strong>episcopi</strong></span> <span class='ocrx_word' id='word_1_526' title='bbox 3110 4302 3223 4353; x_wconf 88' lang='lat' dir='ltr'><strong>dics</strong></span> <span class='ocrx_word' id='word_1_527' title='bbox 3254 4312 3653 4370; x_wconf 66' lang='lat' dir='ltr'><strong>agnosceretur,</strong></span> 
     </span>
    </p>
   </div>
   <div class='ocr_carea' id='block_1_82' title="bbox 2084 4370 3658 4436">
    <p class='ocr_par' dir='ltr' id='par_1_82' title="bbox 2084 4370 3658 4436">
     <span class='ocr_line' id='line_1_82' title="bbox 2084 4370 3658 4436; baseline 0.005 -17"><span class='ocrx_word' id='word_1_528' title='bbox 2084 4384 2199 4421; x_wconf 83' lang='lat' dir='ltr'><strong>eam</strong></span> <span class='ocrx_word' id='word_1_529' title='bbox 2233 4385 2566 4436; x_wconf 82' lang='lat' dir='ltr'><strong>nequaquam</strong></span> <span class='ocrx_word' id='word_1_530' title='bbox 2592 4373 2862 4433; x_wconf 88' lang='lat' dir='ltr'><strong>nominat;</strong></span> <span class='ocrx_word' id='word_1_531' title='bbox 2897 4375 3091 4422; x_wconf 79' lang='lat' dir='ltr'><strong>deinde</strong></span> <span class='ocrx_word' id='word_1_532' title='bbox 3119 4372 3182 4421; x_wconf 90' lang='lat' dir='ltr'><strong>ad</strong></span> <span class='ocrx_word' id='word_1_533' title='bbox 3207 4370 3338 4422; x_wconf 85' lang='lat' dir='ltr'><strong>alias</strong></span> <span class='ocrx_word' id='word_1_534' title='bbox 3368 4386 3452 4423; x_wconf 72' lang='lat' dir='ltr'><strong>res</strong></span> <span class='ocrx_word' id='word_1_535' title='bbox 3481 4382 3658 4427; x_wconf 81' lang='lat' dir='ltr'><strong>trans-</strong></span> 
     </span>
    </p>
   </div>
   <div class='ocr_carea' id='block_1_83' title="bbox 2086 4438 3655 4507">
    <p class='ocr_par' dir='ltr' id='par_1_83' title="bbox 2086 4438 3655 4507">
     <span class='ocr_line' id='line_1_83' title="bbox 2086 4438 3655 4507; baseline 0.003 -17"><span class='ocrx_word' id='word_1_536' title='bbox 2086 4438 2223 4502; x_wconf 89' lang='lat' dir='ltr'><strong>iens,</strong></span> <span class='ocrx_word' id='word_1_537' title='bbox 2273 4440 2606 4507; x_wconf 81' lang='lat' dir='ltr'><strong>prosequitur</strong></span> <span class='ocrx_word' id='word_1_538' title='bbox 2635 4457 2645 4490; x_wconf 91' lang='lat'><strong>:</strong></span> <span class='ocrx_word' id='word_1_539' title='bbox 2676 4440 2867 4492; x_wconf 76' lang='lat' dir='ltr'><strong>Eodem</strong></span> <span class='ocrx_word' id='word_1_540' title='bbox 2894 4441 2977 4492; x_wconf 81' lang='lat' dir='ltr'><strong>die</strong></span> <span class='ocrx_word' id='word_1_541' title='bbox 3012 4438 3302 4500; x_wconf 82' lang='lat' dir='ltr'><strong>Dominica,</strong></span> <span class='ocrx_word' id='word_1_542' title='bbox 3328 4451 3431 4494; x_wconf 86' lang='lat' dir='ltr'><strong>etc.</strong></span> <span class='ocrx_word' id='word_1_543' title='bbox 3466 4444 3531 4495; x_wconf 81' lang='lat' dir='ltr'><strong>At</strong></span> <span class='ocrx_word' id='word_1_544' title='bbox 3562 4459 3655 4495; x_wconf 84' lang='lat' dir='ltr'><strong>or-</strong></span> 
     </span>
    </p>
   </div>
   <div class='ocr_carea' id='block_1_84' title="bbox 2084 4510 3657 4575">
    <p class='ocr_par' dir='ltr' id='par_1_84' title="bbox 2084 4510 3657 4575">
     <span class='ocr_line' id='line_1_84' title="bbox 2084 4510 3657 4575; baseline 0.004 -17"><span class='ocrx_word' id='word_1_545' title='bbox 2084 4510 2396 4561; x_wconf 72' lang='lat' dir='ltr'><strong>dinarentur</strong></span> <span class='ocrx_word' id='word_1_546' title='bbox 2429 4524 2595 4560; x_wconf 70' lang='lat' dir='ltr'><strong>nvcnc</strong></span> <span class='ocrx_word' id='word_1_547' title='bbox 2629 4511 2805 4561; x_wconf 69' lang='lat' dir='ltr'><strong>moturi</strong></span> <span class='ocrx_word' id='word_1_548' title='bbox 2837 4526 3026 4561; x_wconf 88' lang='lat' dir='ltr'><strong>omnes</strong></span> <span class='ocrx_word' id='word_1_549' title='bbox 3063 4511 3296 4575; x_wconf 66' lang='grc' dir='ltr'><strong>ειη-(ξυιιί</strong></span> <span class='ocrx_word' id='word_1_550' title='bbox 3328 4512 3517 4565; x_wconf 80' lang='lat' dir='ltr'><strong>diebus</strong></span> <span class='ocrx_word' id='word_1_551' title='bbox 3554 4514 3657 4565; x_wconf 72' lang='lat' dir='ltr'><strong>llo-</strong></span> 
     </span>
    </p>
   </div>
   <div class='ocr_carea' id='block_1_85' title="bbox 2084 4578 3660 4645">
    <p class='ocr_par' dir='ltr' id='par_1_85' title="bbox 2084 4578 3660 4645">
     <span class='ocr_line' id='line_1_85' title="bbox 2084 4578 3660 4645; baseline 0.003 -15"><span class='ocrx_word' id='word_1_552' title='bbox 2084 4580 2318 4640; x_wconf 85' lang='lat' dir='ltr'><strong>minicis,</strong></span> <span class='ocrx_word' id='word_1_553' title='bbox 2366 4594 2464 4631; x_wconf 90' lang='lat' dir='ltr'><strong>nec</strong></span> <span class='ocrx_word' id='word_1_554' title='bbox 2501 4578 2657 4645; x_wconf 77' lang='lat' dir='ltr'><strong>linjos</strong></span> <span class='ocrx_word' id='word_1_555' title='bbox 2706 4581 2828 4641; x_wconf 85' lang='lat' dir='ltr'><strong>loci,</strong></span> <span class='ocrx_word' id='word_1_556' title='bbox 2877 4595 2975 4632; x_wconf 88' lang='lat' dir='ltr'><strong>nec</strong></span> <span class='ocrx_word' id='word_1_557' title='bbox 3008 4582 3109 4631; x_wconf 89' lang='lat' dir='ltr'><strong>mei</strong></span> <span class='ocrx_word' id='word_1_558' title='bbox 3141 4582 3361 4633; x_wconf 64' lang='lat' dir='ltr'><strong>instituti</strong></span> <span class='ocrx_word' id='word_1_559' title='bbox 3394 4593 3475 4633; x_wconf 66' lang='lat' dir='ltr'><strong>est</strong></span> <span class='ocrx_word' id='word_1_560' title='bbox 3508 4586 3660 4635; x_wconf 72' lang='lat' dir='ltr'><strong>inda-</strong></span> 
     </span>
    </p>
   </div>
   <div class='ocr_carea' id='block_1_86' title="bbox 2082 4648 3652 4717">
    <p class='ocr_par' dir='ltr' id='par_1_86' title="bbox 2082 4648 3652 4717">
     <span class='ocr_line' id='line_1_86' title="bbox 2082 4648 3652 4717; baseline 0.003 -18"><span class='ocrx_word' id='word_1_561' title='bbox 2082 4664 2245 4714; x_wconf 83' lang='lat' dir='ltr'><strong>gare;</strong></span> <span class='ocrx_word' id='word_1_562' title='bbox 2292 4651 2357 4699; x_wconf 88' lang='lat' dir='ltr'><strong>ad</strong></span> <span class='ocrx_word' id='word_1_563' title='bbox 2412 4649 2705 4714; x_wconf 82' lang='lat' dir='ltr'><strong>ponttlicias</strong></span> <span class='ocrx_word' id='word_1_564' title='bbox 2760 4648 2922 4717; x_wconf 78' lang='lat' dir='ltr'><strong>igitur</strong></span> <span class='ocrx_word' id='word_1_565' title='bbox 2969 4651 3332 4704; x_wconf 83' lang='lat' dir='ltr'><strong>ordinationes</strong></span> <span class='ocrx_word' id='word_1_566' title='bbox 3385 4664 3652 4706; x_wconf 85' lang='lat' dir='ltr'><strong>revertor.</strong></span> 
     </span>
    </p>
   </div>
   <div class='ocr_carea' id='block_1_87' title="bbox 2088 4720 3659 4791">
    <p class='ocr_par' dir='ltr' id='par_1_87' title="bbox 2088 4720 3659 4791">
     <span class='ocr_line' id='line_1_87' title="bbox 2088 4720 3659 4791; baseline 0.005 -22"><span class='ocrx_word' id='word_1_567' title='bbox 2088 4722 2229 4791; x_wconf 78' lang='lat' dir='ltr'><strong>inter</strong></span> <span class='ocrx_word' id='word_1_568' title='bbox 2278 4720 2628 4771; x_wconf 76' lang='lat' dir='ltr'><strong>soletnnioies</strong></span> <span class='ocrx_word' id='word_1_569' title='bbox 2666 4720 2780 4774; x_wconf 89' lang='lat' dir='ltr'><strong>dies</strong></span> <span class='ocrx_word' id='word_1_570' title='bbox 2811 4738 2837 4770; x_wconf 87' lang='lat' dir='ltr'><strong>a</strong></span> <span class='ocrx_word' id='word_1_571' title='bbox 2874 4720 3035 4787; x_wconf 68' lang='lat' dir='ltr'><strong>l‘agio</strong></span> <span class='ocrx_word' id='word_1_572' title='bbox 3075 4732 3417 4785; x_wconf 79' lang='lat' dir='ltr'><strong>memoratos,</strong></span> <span class='ocrx_word' id='word_1_573' title='bbox 3462 4723 3659 4791; x_wconf 82' lang='lat' dir='ltr'><strong>quibus</strong></span> 
     </span>
    </p>
   </div>
   <div class='ocr_carea' id='block_1_88' title="bbox 2086 4790 3659 4858">
    <p class='ocr_par' dir='ltr' id='par_1_88' title="bbox 2086 4790 3659 4858">
     <span class='ocr_line' id='line_1_88' title="bbox 2086 4790 3659 4858; baseline 0.002 -18"><span class='ocrx_word' id='word_1_574' title='bbox 2086 4790 2196 4843; x_wconf 88' lang='lat' dir='ltr'><strong>lieri</strong></span> <span class='ocrx_word' id='word_1_575' title='bbox 2236 4799 2477 4842; x_wconf 85' lang='lat' dir='ltr'><strong>autumat</strong></span> <span class='ocrx_word' id='word_1_576' title='bbox 2513 4790 2938 4843; x_wconf 51' lang='lat' dir='ltr'><strong>Cotisecrationes</strong></span> <span class='ocrx_word' id='word_1_577' title='bbox 2972 4793 3305 4858; x_wconf 82' lang='lat' dir='ltr'><strong>pontilicum.</strong></span> <span class='ocrx_word' id='word_1_578' title='bbox 3331 4791 3467 4844; x_wconf 84' lang='lat' dir='ltr'><strong>haud</strong></span> <span class='ocrx_word' id='word_1_579' title='bbox 3497 4793 3659 4848; x_wconf 79' lang='lat' dir='ltr'><strong>dubie</strong></span> 
     </span>
    </p>
   </div>
   <div class='ocr_carea' id='block_1_89' title="bbox 2086 4858 3657 4923">
    <p class='ocr_par' dir='ltr' id='par_1_89' title="bbox 2086 4858 3657 4923">
     <span class='ocr_line' id='line_1_89' title="bbox 2086 4858 3657 4923; baseline 0.003 -13"><span class='ocrx_word' id='word_1_580' title='bbox 2086 4868 2435 4913; x_wconf 82' lang='lat' dir='ltr'><strong>recensentur</strong></span> <span class='ocrx_word' id='word_1_581' title='bbox 2475 4858 2731 4912; x_wconf 75' lang='lat' dir='ltr'><strong>Nnttvitas</strong></span> <span class='ocrx_word' id='word_1_582' title='bbox 2772 4860 3014 4923; x_wconf 81' lang='lat' dir='ltr'><strong>Domini,</strong></span> <span class='ocrx_word' id='word_1_583' title='bbox 3079 4862 3426 4915; x_wconf 66' lang='lat' dir='ltr'><strong>Annnntiatio</strong></span> <span class='ocrx_word' id='word_1_584' title='bbox 3475 4861 3657 4916; x_wconf 83' lang='lat' dir='ltr'><strong>Domi-</strong></span> 
     </span>
    </p>
   </div>
   <div class='ocr_carea' id='block_1_90' title="bbox 2087 4930 3652 4997">
    <p class='ocr_par' dir='ltr' id='par_1_90' title="bbox 2087 4930 3652 4997">
     <span class='ocr_line' id='line_1_90' title="bbox 2087 4930 3652 4997; baseline 0.004 -19"><span class='ocrx_word' id='word_1_585' title='bbox 2087 4930 2219 4982; x_wconf 65' lang='grc' dir='ltr'><strong>μίαν</strong></span> <span class='ocrx_word' id='word_1_586' title='bbox 2251 4931 2634 4983; x_wconf 71' lang='lat' dir='ltr'><strong>[incarnationis</strong></span> <span class='ocrx_word' id='word_1_587' title='bbox 2658 4970 2672 4992; x_wconf 93' lang='lat'><strong>,</strong></span> <span class='ocrx_word' id='word_1_588' title='bbox 2703 4940 2756 4983; x_wconf 92' lang='lat' dir='ltr'><strong>et</strong></span> <span class='ocrx_word' id='word_1_589' title='bbox 2782 4931 3027 4983; x_wconf 65' lang='lat' dir='ltr'><strong>nativitas</strong></span> <span class='ocrx_word' id='word_1_590' title='bbox 3052 4933 3397 4997; x_wconf 65' lang='lat' dir='ltr'><strong>pramorsoris</strong></span> <span class='ocrx_word' id='word_1_591' title='bbox 3418 4931 3652 4997; x_wconf 82' lang='lat' dir='ltr'><strong>Christi;</strong></span> 
     </span>
    </p>
   </div>
   <div class='ocr_carea' id='block_1_91' title="bbox 2086 4997 3649 5070">
    <p class='ocr_par' dir='ltr' id='par_1_91' title="bbox 2086 4997 3649 5070">
     <span class='ocr_line' id='line_1_91' title="bbox 2086 4997 3649 5070; baseline 0.003 -20"><span class='ocrx_word' id='word_1_592' title='bbox 2086 4997 2151 5050; x_wconf 85' lang='lat' dir='ltr'><strong>iis</strong></span> <span class='ocrx_word' id='word_1_593' title='bbox 2180 5012 2354 5052; x_wconf 64' lang='lat' dir='ltr'><strong>tamen</strong></span> <span class='ocrx_word' id='word_1_594' title='bbox 2385 5000 2593 5062; x_wconf 71' lang='lat' dir='ltr'><strong>dii-bus,</strong></span> <span class='ocrx_word' id='word_1_595' title='bbox 2632 5016 2765 5066; x_wconf 91' lang='lat' dir='ltr'><strong>quos</strong></span> <span class='ocrx_word' id='word_1_596' title='bbox 2805 5017 2912 5069; x_wconf 64' lang='lat' dir='ltr'><strong>prie</strong></span> <span class='ocrx_word' id='word_1_597' title='bbox 2944 5002 3063 5054; x_wconf 85' lang='lat' dir='ltr'><strong>aliis</strong></span> <span class='ocrx_word' id='word_1_598' title='bbox 3088 5018 3325 5062; x_wconf 80' lang='lat' dir='ltr'><strong>nomino,</strong></span> <span class='ocrx_word' id='word_1_599' title='bbox 3355 5006 3479 5067; x_wconf 85' lang='lat' dir='ltr'><strong>quia</strong></span> <span class='ocrx_word' id='word_1_600' title='bbox 3510 5017 3649 5070; x_wconf 84' lang='lat' dir='ltr'><strong>poo-</strong></span> 
     </span>
    </p>
   </div>
   <div class='ocr_carea' id='block_1_92' title="bbox 2090 5070 3653 5139">
    <p class='ocr_par' dir='ltr' id='par_1_92' title="bbox 2090 5070 3653 5139">
     <span class='ocr_line' id='line_1_92' title="bbox 2090 5070 3653 5139; baseline 0.003 -20"><span class='ocrx_word' id='word_1_601' title='bbox 2090 5070 2258 5122; x_wconf 89' lang='lat' dir='ltr'><strong>tilices</strong></span> <span class='ocrx_word' id='word_1_602' title='bbox 2285 5072 2455 5138; x_wconf 85' lang='lat' dir='ltr'><strong>quarti</strong></span> <span class='ocrx_word' id='word_1_603' title='bbox 2483 5070 2641 5139; x_wconf 89' lang='lat' dir='ltr'><strong>hujus</strong></span> <span class='ocrx_word' id='word_1_604' title='bbox 2668 5076 2792 5123; x_wconf 87' lang='lat' dir='ltr'><strong>tonii</strong></span> <span class='ocrx_word' id='word_1_605' title='bbox 2821 5072 3139 5137; x_wconf 69' lang='lat' dir='ltr'><strong>spectandos</strong></span> <span class='ocrx_word' id='word_1_606' title='bbox 3172 5086 3307 5139; x_wconf 88' lang='lat' dir='ltr'><strong>prop</strong></span> <span class='ocrx_word' id='word_1_607' title='bbox 3328 5086 3437 5136; x_wconf 56' lang='lat' dir='ltr'><strong>ino,</strong></span> <span class='ocrx_word' id='word_1_608' title='bbox 3472 5072 3653 5126; x_wconf 82' lang='lat' dir='ltr'><strong>Donu-</strong></span> 
     </span>
    </p>
   </div>
   <div class='ocr_carea' id='block_1_93' title="bbox 2085 5139 3651 5208">
    <p class='ocr_par' dir='ltr' id='par_1_93' title="bbox 2085 5139 3651 5208">
     <span class='ocr_line' id='line_1_93' title="bbox 2085 5139 3651 5208; baseline 0.004 -18"><span class='ocrx_word' id='word_1_609' title='bbox 2085 5139 2231 5192; x_wconf 90' lang='lat' dir='ltr'><strong>nicas</strong></span> <span class='ocrx_word' id='word_1_610' title='bbox 2263 5144 2507 5208; x_wconf 69' lang='lat' dir='ltr'><strong>praelatos</strong></span> <span class='ocrx_word' id='word_1_611' title='bbox 2534 5156 2676 5204; x_wconf 85' lang='lat' dir='ltr'><strong>esse,</strong></span> <span class='ocrx_word' id='word_1_612' title='bbox 2716 5151 2805 5192; x_wconf 88' lang='lat' dir='ltr'><strong>aut</strong></span> <span class='ocrx_word' id='word_1_613' title='bbox 2837 5143 3208 5208; x_wconf 70' lang='lat' dir='ltr'><strong>pracvenicndo</strong></span> <span class='ocrx_word' id='word_1_614' title='bbox 3238 5141 3651 5205; x_wconf 85' lang='lat' dir='ltr'><strong>ordinationem,</strong></span> 
     </span>
    </p>
   </div>
   <div class='ocr_carea' id='block_1_94' title="bbox 2084 5211 3658 5279">
    <p class='ocr_par' dir='ltr' id='par_1_94' title="bbox 2084 5211 3658 5279">
     <span class='ocr_line' id='line_1_94' title="bbox 2084 5211 3658 5279; baseline 0.003 -19"><span class='ocrx_word' id='word_1_615' title='bbox 2084 5211 2126 5261; x_wconf 93' lang='lat' dir='ltr'><strong>si</strong></span> <span class='ocrx_word' id='word_1_616' title='bbox 2173 5212 2543 5277; x_wconf 69' lang='lat' dir='ltr'><strong>praecedebant</strong></span> <span class='ocrx_word' id='word_1_617' title='bbox 2574 5222 2657 5262; x_wconf 90' lang='lat' dir='ltr'><strong>aut</strong></span> <span class='ocrx_word' id='word_1_618' title='bbox 2692 5212 3063 5278; x_wconf 53' lang='lat' dir='ltr'><strong>praetereundo</strong></span> <span class='ocrx_word' id='word_1_619' title='bbox 3086 5228 3128 5264; x_wconf 88' lang='lat' dir='ltr'><strong>St</strong></span> <span class='ocrx_word' id='word_1_620' title='bbox 3155 5216 3532 5277; x_wconf 85' lang='lat' dir='ltr'><strong>sequebantur,</strong></span> <span class='ocrx_word' id='word_1_621' title='bbox 3562 5229 3658 5279; x_wconf 80' lang='lat' dir='ltr'><strong>pa-</strong></span> 
     </span>
    </p>
   </div>
   <div class='ocr_carea' id='block_1_95' title="bbox 2085 5280 3659 5351">
    <p class='ocr_par' dir='ltr' id='par_1_95' title="bbox 2085 5280 3659 5351">
     <span class='ocr_line' id='line_1_95' title="bbox 2085 5280 3659 5351; baseline 0.003 -21"><span class='ocrx_word' id='word_1_622' title='bbox 2085 5281 2190 5333; x_wconf 86' lang='lat' dir='ltr'><strong>lam</strong></span> <span class='ocrx_word' id='word_1_623' title='bbox 2240 5281 2441 5334; x_wconf 76' lang='lat' dir='ltr'><strong>faciunt</strong></span> <span class='ocrx_word' id='word_1_624' title='bbox 2487 5281 2807 5351; x_wconf 78' lang='lat' dir='ltr'><strong>Bonifacius</strong></span> <span class='ocrx_word' id='word_1_625' title='bbox 2840 5281 2897 5347; x_wconf 72' lang='grc' dir='ltr'><strong>ν,</strong></span> <span class='ocrx_word' id='word_1_626' title='bbox 2944 5280 3174 5334; x_wconf 83' lang='lat' dir='ltr'><strong>Joannes</strong></span> <span class='ocrx_word' id='word_1_627' title='bbox 3219 5280 3281 5335; x_wconf 78' lang='lat' dir='ltr'><strong>IV</strong></span> <span class='ocrx_word' id='word_1_628' title='bbox 3332 5294 3386 5334; x_wconf 93' lang='lat' dir='ltr'><strong>et</strong></span> <span class='ocrx_word' id='word_1_629' title='bbox 3430 5283 3659 5351; x_wconf 66' lang='lat' dir='ltr'><strong>Stcpltao</strong></span> 
     </span>
    </p>
   </div>
   <div class='ocr_carea' id='block_1_96' title="bbox 2085 5350 3659 5423">
    <p class='ocr_par' dir='ltr' id='par_1_96' title="bbox 2085 5350 3659 5423">
     <span class='ocr_line' id='line_1_96' title="bbox 2085 5350 3659 5423; baseline 0.003 -21"><span class='ocrx_word' id='word_1_630' title='bbox 2085 5366 2184 5423; x_wconf 71' lang='lat' dir='ltr'><strong>nus</strong></span> <span class='ocrx_word' id='word_1_631' title='bbox 2216 5352 2301 5423; x_wconf 81' lang='lat' dir='ltr'><strong>ltl.</strong></span> <span class='ocrx_word' id='word_1_632' title='bbox 2339 5352 2635 5404; x_wconf 70' lang='lat' dir='ltr'><strong>tionil‘ac.us</strong></span> <span class='ocrx_word' id='word_1_633' title='bbox 2677 5350 2936 5417; x_wconf 82' lang='lat' dir='ltr'><strong>siquidem</strong></span> <span class='ocrx_word' id='word_1_634' title='bbox 2978 5352 3038 5416; x_wconf 72' lang='grc' dir='ltr'><strong>ν,</strong></span> <span class='ocrx_word' id='word_1_635' title='bbox 3072 5369 3158 5419; x_wconf 85' lang='lat' dir='ltr'><strong>qui</strong></span> <span class='ocrx_word' id='word_1_636' title='bbox 3189 5356 3387 5421; x_wconf 87' lang='lat' dir='ltr'><strong>absque</strong></span> <span class='ocrx_word' id='word_1_637' title='bbox 3412 5350 3659 5423; x_wconf 79' lang='lat' dir='ltr'><strong>jussione</strong></span> 
     </span>
    </p>
   </div>
   <div class='ocr_carea' id='block_1_97' title="bbox 2088 5420 3657 5492">
    <p class='ocr_par' dir='ltr' id='par_1_97' title="bbox 2088 5420 3657 5492">
     <span class='ocr_line' id='line_1_97' title="bbox 2088 5420 3657 5492; baseline 0.005 -22"><span class='ocrx_word' id='word_1_638' title='bbox 2088 5420 2359 5491; x_wconf 82' lang='lat' dir='ltr'><strong>principis,</strong></span> <span class='ocrx_word' id='word_1_639' title='bbox 2415 5426 2712 5492; x_wconf 10' lang='lat' dir='ltr'><strong>ubrcausas</strong></span> <span class='ocrx_word' id='word_1_640' title='bbox 2761 5434 3082 5475; x_wconf 79' lang='lat' dir='ltr'><strong>metnoi-atas</strong></span> <span class='ocrx_word' id='word_1_641' title='bbox 3126 5436 3243 5489; x_wconf 86' lang='lat' dir='ltr'><strong>pag.</strong></span> <span class='ocrx_word' id='word_1_642' title='bbox 3287 5424 3375 5486; x_wconf 64' lang='grc' dir='ltr'><strong>κϐ,</strong></span> <span class='ocrx_word' id='word_1_643' title='bbox 3409 5420 3495 5476; x_wconf 82' lang='lat' dir='ltr'><strong>an.</strong></span> <span class='ocrx_word' id='word_1_644' title='bbox 3524 5424 3657 5492; x_wconf 82' lang='lat' dir='ltr'><strong>6l9,</strong></span> 
     </span>
    </p>
   </div>
   <div class='ocr_carea' id='block_1_98' title="bbox 2083 5491 3659 5561">
    <p class='ocr_par' dir='ltr' id='par_1_98' title="bbox 2083 5491 3659 5561">
     <span class='ocr_line' id='line_1_98' title="bbox 2083 5491 3659 5561; baseline 0.003 -19"><span class='ocrx_word' id='word_1_645' title='bbox 2083 5492 2449 5552; x_wconf 82' lang='lat' dir='ltr'><strong>ordinabatur.</strong></span> <span class='ocrx_word' id='word_1_646' title='bbox 2482 5491 2568 5544; x_wconf 92' lang='lat' dir='ltr'><strong>die</strong></span> <span class='ocrx_word' id='word_1_647' title='bbox 2592 5494 2661 5544; x_wconf 71' lang='lat' dir='ltr'><strong>2t</strong></span> <span class='ocrx_word' id='word_1_648' title='bbox 2691 5491 3020 5550; x_wconf 74' lang='lat' dir='ltr'><strong>Decetnanis.</strong></span> <span class='ocrx_word' id='word_1_649' title='bbox 3050 5494 3097 5546; x_wconf 90' lang='lat' dir='ltr'><strong>id</strong></span> <span class='ocrx_word' id='word_1_650' title='bbox 3128 5503 3232 5556; x_wconf 84' lang='lat' dir='ltr'><strong>est,</strong></span> <span class='ocrx_word' id='word_1_651' title='bbox 3267 5494 3435 5561; x_wconf 85' lang='lat' dir='ltr'><strong>pridie</strong></span> <span class='ocrx_word' id='word_1_652' title='bbox 3459 5491 3659 5547; x_wconf 78' lang='lat' dir='ltr'><strong>Nativi-</strong></span> 
     </span>
    </p>
   </div>
   <div class='ocr_carea' id='block_1_99' title="bbox 2086 5561 3660 5631">
    <p class='ocr_par' dir='ltr' id='par_1_99' title="bbox 2086 5561 3660 5631">
     <span class='ocr_line' id='line_1_99' title="bbox 2086 5561 3660 5631; baseline 0.004 -20"><span class='ocrx_word' id='word_1_653' title='bbox 2086 5564 2210 5614; x_wconf 85' lang='lat' dir='ltr'><strong>tatis</strong></span> <span class='ocrx_word' id='word_1_654' title='bbox 2238 5561 2541 5631; x_wconf 64' lang='lat' dir='ltr'><strong>dcitiitticw,</strong></span> <span class='ocrx_word' id='word_1_655' title='bbox 2577 5562 2655 5614; x_wconf 82' lang='lat' dir='ltr'><strong>sic</strong></span> <span class='ocrx_word' id='word_1_656' title='bbox 2687 5565 2905 5617; x_wconf 87' lang='lat' dir='ltr'><strong>volente</strong></span> <span class='ocrx_word' id='word_1_657' title='bbox 2938 5577 3150 5631; x_wconf 83' lang='lat' dir='ltr'><strong>recepto</strong></span> <span class='ocrx_word' id='word_1_658' title='bbox 3173 5580 3280 5628; x_wconf 71' lang='lat' dir='ltr'><strong>jam</strong></span> <span class='ocrx_word' id='word_1_659' title='bbox 3312 5578 3480 5628; x_wconf 87' lang='lat' dir='ltr'><strong>more,</strong></span> <span class='ocrx_word' id='word_1_660' title='bbox 3513 5564 3660 5617; x_wconf 82' lang='lat' dir='ltr'><strong>ordi-</strong></span> 
     </span>
    </p>
   </div>
   <div class='ocr_carea' id='block_1_100' title="bbox 2086 5630 3654 5698">
    <p class='ocr_par' dir='ltr' id='par_1_100' title="bbox 2086 5630 3654 5698">
     <span class='ocr_line' id='line_1_100' title="bbox 2086 5630 3654 5698; baseline 0.001 -16"><span class='ocrx_word' id='word_1_661' title='bbox 2086 5643 2240 5685; x_wconf 86' lang='lat' dir='ltr'><strong>natus</strong></span> <span class='ocrx_word' id='word_1_662' title='bbox 2283 5642 2388 5686; x_wconf 89' lang='lat' dir='ltr'><strong>est.</strong></span> <span class='ocrx_word' id='word_1_663' title='bbox 2439 5630 2558 5684; x_wconf 73' lang='lat' dir='ltr'><strong>Pari</strong></span> <span class='ocrx_word' id='word_1_664' title='bbox 2601 5634 2759 5685; x_wconf 84' lang='lat' dir='ltr'><strong>modo</strong></span> <span class='ocrx_word' id='word_1_665' title='bbox 2802 5632 2867 5686; x_wconf 79' lang='lat' dir='ltr'><strong>Jo</strong></span> <span class='ocrx_word' id='word_1_666' title='bbox 2906 5648 3039 5685; x_wconf 82' lang='lat' dir='ltr'><strong>nites</strong></span> <span class='ocrx_word' id='word_1_667' title='bbox 3064 5630 3152 5696; x_wconf 76' lang='grc' dir='ltr'><strong>ιν,</strong></span> <span class='ocrx_word' id='word_1_668' title='bbox 3182 5648 3322 5685; x_wconf 89' lang='lat' dir='ltr'><strong>anno</strong></span> <span class='ocrx_word' id='word_1_669' title='bbox 3349 5632 3477 5698; x_wconf 70' lang='grc'><strong>640,</strong></span> <span class='ocrx_word' id='word_1_670' title='bbox 3513 5634 3654 5687; x_wconf 80' lang='lat' dir='ltr'><strong>bidui</strong></span> 
     </span>
    </p>
   </div>
   <div class='ocr_carea' id='block_1_101' title="bbox 2085 5702 3657 5771">
    <p class='ocr_par' dir='ltr' id='par_1_101' title="bbox 2085 5702 3657 5771">
     <span class='ocr_line' id='line_1_101' title="bbox 2085 5702 3657 5771; baseline 0.003 -19"><span class='ocrx_word' id='word_1_671' title='bbox 2085 5712 2210 5755; x_wconf 88' lang='lat' dir='ltr'><strong>ante</strong></span> <span class='ocrx_word' id='word_1_672' title='bbox 2246 5702 2485 5755; x_wconf 75' lang='lat' dir='ltr'><strong>eamdem</strong></span> <span class='ocrx_word' id='word_1_673' title='bbox 2525 5703 2917 5755; x_wconf 77' lang='lat' dir='ltr'><strong>solemnitatmn</strong></span> <span class='ocrx_word' id='word_1_674' title='bbox 2950 5704 3039 5755; x_wconf 84' lang='lat' dir='ltr'><strong>l&#39;nit</strong></span> <span class='ocrx_word' id='word_1_675' title='bbox 3067 5712 3430 5763; x_wconf 77' lang='lat' dir='ltr'><strong>consecratus.</strong></span> <span class='ocrx_word' id='word_1_676' title='bbox 3464 5720 3605 5771; x_wconf 70' lang='lat' dir='ltr'><strong>nenq</strong></span> <span class='ocrx_word' id='word_1_677' title='bbox 3626 5718 3657 5756; x_wconf 81' lang='grc' dir='ltr'><strong><em>ο</em></strong></span> 
     </span>
    </p>
   </div>
  </div>
