  <div class='ocr_page' id='page_1' title='image "/cluster/home/n/w/nwhite01/storage/ocr_20150623/89/hvd.32044014480099/027.png"; bbox 0 0 4000 6334; ppageno 0'>
   <div class='ocr_carea' id='block_1_1' title="bbox 490 270 2454 335">
    <p class='ocr_par' dir='ltr' id='par_1_1' title="bbox 490 270 2454 335">
     <span class='ocr_line' id='line_1_1' title="bbox 490 270 2454 335; baseline -0.005 -2"><span class='ocrx_word' id='word_1_1' title='bbox 490 280 558 335; x_wconf 63' lang='grc'>43</span> <span class='ocrx_word' id='word_1_2' title='bbox 1714 274 1769 326; x_wconf 87' lang='lat' dir='ltr'><strong><em>S.</em></strong></span> <span class='ocrx_word' id='word_1_3' title='bbox 1813 270 2116 326; x_wconf 77' lang='lat' dir='ltr'><strong><em>JUANNES</em></strong></span> <span class='ocrx_word' id='word_1_4' title='bbox 2153 271 2324 324; x_wconf 76' lang='grc' dir='ltr'><strong><em>ΡΑΡὸ</em></strong></span> <span class='ocrx_word' id='word_1_5' title='bbox 2373 273 2454 327; x_wconf 77' lang='lat' dir='ltr'><strong>Vl.</strong></span> 
     </span>
    </p>
   </div>
   <div class='ocr_carea' id='block_1_2' title="bbox 3635 283 3704 340">
    <p class='ocr_par' dir='ltr' id='par_1_2' title="bbox 3635 283 3704 340">
     <span class='ocr_line' id='line_1_2' title="bbox 3635 283 3704 340; baseline 0.058 -4"><span class='ocrx_word' id='word_1_6' title='bbox 3635 283 3704 340; x_wconf 74' lang='grc' dir='ltr'>Η</span> 
     </span>
    </p>
   </div>
   <div class='ocr_carea' id='block_1_3' title="bbox 486 392 3688 467">
    <p class='ocr_par' dir='ltr' id='par_1_3' title="bbox 486 392 3688 467">
     <span class='ocr_line' id='line_1_3' title="bbox 486 392 3688 467; baseline 0.001 -14"><span class='ocrx_word' id='word_1_7' title='bbox 486 398 819 467; x_wconf 81' lang='lat' dir='ltr'><strong><em>pertinaciam</em></strong></span> <span class='ocrx_word' id='word_1_8' title='bbox 830 466 835 467; x_wconf 13' lang='grc' dir='ltr'><em>γ</em></span> <span class='ocrx_word' id='word_1_9' title='bbox 857 395 1227 461; x_wconf 71' lang='lat' dir='ltr'><strong><em>obstinationis,</em></strong></span> <span class='ocrx_word' id='word_1_10' title='bbox 1255 394 1374 464; x_wconf 91' lang='lat' dir='ltr'><strong><em>quia</em></strong></span> <span class='ocrx_word' id='word_1_11' title='bbox 1401 410 1489 467; x_wconf 72' lang='lat' dir='ltr'><strong><em>per</em></strong></span> <span class='ocrx_word' id='word_1_12' title='bbox 1516 394 1693 463; x_wconf 85' lang='lat' dir='ltr'><strong><em>viginti</em></strong></span> <span class='ocrx_word' id='word_1_13' title='bbox 1714 400 1758 444; x_wconf 81' lang='lat' dir='ltr'><strong><em>et</em></strong></span> <span class='ocrx_word' id='word_1_14' title='bbox 1783 392 1910 444; x_wconf 87' lang='lat' dir='ltr'><strong><em>duos</em></strong></span> <span class='ocrx_word' id='word_1_15' title='bbox 1937 407 2032 467; x_wconf 88' lang='lat' dir='ltr'><strong><em>an-</em></strong></span> <span class='ocrx_word' id='word_1_16' title='bbox 2071 395 2107 447; x_wconf 80' lang='grc' dir='ltr'><strong>Α</strong></span> <span class='ocrx_word' id='word_1_17' title='bbox 2138 399 2191 444; x_wconf 88' lang='lat' dir='ltr'><strong><em>et</em></strong></span> <span class='ocrx_word' id='word_1_18' title='bbox 2223 392 2418 467; x_wconf 84' lang='lat' dir='ltr'><strong>inimici</strong></span> <span class='ocrx_word' id='word_1_19' title='bbox 2449 395 2615 449; x_wconf 86' lang='lat' dir='ltr'><strong>sancti</strong></span> <span class='ocrx_word' id='word_1_20' title='bbox 2639 396 2876 467; x_wconf 81' lang='lat' dir='ltr'><strong>_Willridi</strong></span> <span class='ocrx_word' id='word_1_21' title='bbox 2912 398 3297 453; x_wconf 80' lang='lat' dir='ltr'><strong>annuntiahant</strong></span> <span class='ocrx_word' id='word_1_22' title='bbox 3322 399 3533 454; x_wconf 85' lang='lat' dir='ltr'><strong>interim</strong></span> <span class='ocrx_word' id='word_1_23' title='bbox 3566 414 3688 457; x_wconf 87' lang='lat' dir='ltr'><strong><em>eum</em></strong></span> 
     </span>
    </p>
   </div>
   <div class='ocr_carea' id='block_1_4' title="bbox 484 462 2038 535">
    <p class='ocr_par' dir='ltr' id='par_1_4' title="bbox 484 462 2038 535">
     <span class='ocr_line' id='line_1_4' title="bbox 484 462 2038 535; baseline -0.005 -13"><span class='ocrx_word' id='word_1_24' title='bbox 484 462 575 523; x_wconf 78' lang='lat' dir='ltr'><strong><em>nos</em></strong></span> <span class='ocrx_word' id='word_1_25' title='bbox 625 465 952 535; x_wconf 82' lang='lat' dir='ltr'><strong><em>apostolicam</em></strong></span> <span class='ocrx_word' id='word_1_26' title='bbox 992 462 1282 533; x_wconf 84' lang='lat' dir='ltr'><strong><em>potestatem</em></strong></span> <span class='ocrx_word' id='word_1_27' title='bbox 1308 462 1707 535; x_wconf 15' lang='lat' dir='ltr'><strong><em>non‘timuerunt</em></strong></span> <span class='ocrx_word' id='word_1_28' title='bbox 1734 462 1982 514; x_wconf 86' lang='lat' dir='ltr'><strong><em>contentio</em></strong></span> <span class='ocrx_word' id='word_1_29' title='bbox 2012 477 2038 514; x_wconf 89' lang='lat' dir='ltr'><strong><em>e</em></strong></span> 
     </span>
    </p>
   </div>
   <div class='ocr_carea' id='block_1_5' title="bbox 482 532 2036 604">
    <p class='ocr_par' dir='ltr' id='par_1_5' title="bbox 482 532 2036 604">
     <span class='ocr_line' id='line_1_5' title="bbox 482 532 2036 604; baseline -0.009 -11"><span class='ocrx_word' id='word_1_30' title='bbox 482 532 758 593; x_wconf 75' lang='lat' dir='ltr'><strong><em>resistendo</em></strong></span> <span class='ocrx_word' id='word_1_31' title='bbox 787 532 1036 598; x_wconf 74' lang='lat' dir='ltr'><strong><em>exercere,</em></strong></span> <span class='ocrx_word' id='word_1_32' title='bbox 1066 536 1353 604; x_wconf 85' lang='lat' dir='ltr'><strong><em>increpavit.</em></strong></span> <span class='ocrx_word' id='word_1_33' title='bbox 1389 533 1520 588; x_wconf 89' lang='lat' dir='ltr'><strong>Hinc</strong></span> <span class='ocrx_word' id='word_1_34' title='bbox 1546 532 2036 604; x_wconf 70' lang='lat' dir='ltr'><strong>habemnstempus</strong></span> 
     </span>
    </p>
   </div>
   <div class='ocr_carea' id='block_1_6' title="bbox 483 600 2037 677">
    <p class='ocr_par' dir='ltr' id='par_1_6' title="bbox 483 600 2037 677">
     <span class='ocr_line' id='line_1_6' title="bbox 483 600 2037 677; baseline -0.007 -15"><span class='ocrx_word' id='word_1_35' title='bbox 483 624 587 677; x_wconf 87' lang='lat' dir='ltr'><strong><em>quo</em></strong></span> <span class='ocrx_word' id='word_1_36' title='bbox 610 607 974 677; x_wconf 73' lang='lat' dir='ltr'><strong>celebrataest</strong></span> <span class='ocrx_word' id='word_1_37' title='bbox 1000 600 1233 677; x_wconf 80' lang='lat' dir='ltr'><strong>synodus</strong></span> <span class='ocrx_word' id='word_1_38' title='bbox 1263 603 1759 677; x_wconf 69' lang='lat' dir='ltr'><strong>Onestreicldensis.</strong></span> <span class='ocrx_word' id='word_1_39' title='bbox 1788 600 1915 677; x_wconf 78' lang='lat' dir='ltr'><strong><em>Nam</em></strong></span> <span class='ocrx_word' id='word_1_40' title='bbox 1940 601 2037 677; x_wconf 78' lang='lat' dir='ltr'><strong><em>sub</em></strong></span> 
     </span>
    </p>
   </div>
   <div class='ocr_carea' id='block_1_7' title="bbox 484 669 2037 742">
    <p class='ocr_par' dir='ltr' id='par_1_7' title="bbox 484 669 2037 742">
     <span class='ocr_line' id='line_1_7' title="bbox 484 669 2037 742; baseline -0.006 -11"><span class='ocrx_word' id='word_1_41' title='bbox 484 669 639 732; x_wconf 81' lang='lat' dir='ltr'><strong>linem</strong></span> <span class='ocrx_word' id='word_1_42' title='bbox 663 678 785 730; x_wconf 88' lang='lat' dir='ltr'><strong>anni</strong></span> <span class='ocrx_word' id='word_1_43' title='bbox 838 673 939 729; x_wconf 86' lang='lat'><strong>679</strong></span> <span class='ocrx_word' id='word_1_44' title='bbox 984 669 1217 742; x_wconf 80' lang='lat' dir='ltr'><strong>episcopi</strong></span> <span class='ocrx_word' id='word_1_45' title='bbox 1275 673 1558 727; x_wconf 70' lang='lat' dir='ltr'><strong><em>Britannici</em></strong></span> <span class='ocrx_word' id='word_1_46' title='bbox 1613 674 1662 724; x_wconf 90' lang='lat' dir='ltr'><strong><em>in</em></strong></span> <span class='ocrx_word' id='word_1_47' title='bbox 1703 671 1910 739; x_wconf 87' lang='lat' dir='ltr'><strong>synodo</strong></span> <span class='ocrx_word' id='word_1_48' title='bbox 1938 669 2037 723; x_wconf 91' lang='lat' dir='ltr'><strong><em>sub</em></strong></span> 
     </span>
    </p>
   </div>
   <div class='ocr_carea' id='block_1_8' title="bbox 484 743 2035 816">
    <p class='ocr_par' dir='ltr' id='par_1_8' title="bbox 484 743 2035 816">
     <span class='ocr_line' id='line_1_8' title="bbox 484 743 2035 816; baseline -0.007 -14"><span class='ocrx_word' id='word_1_49' title='bbox 484 748 727 816; x_wconf 76' lang='lat' dir='ltr'><strong>Egelrido</strong></span> <span class='ocrx_word' id='word_1_50' title='bbox 759 744 1144 816; x_wconf 65' lang='lat' dir='ltr'><strong>Northumbria:</strong></span> <span class='ocrx_word' id='word_1_51' title='bbox 1168 760 1290 812; x_wconf 78' lang='lat' dir='ltr'><strong>rege</strong></span> <span class='ocrx_word' id='word_1_52' title='bbox 1314 743 1901 816; x_wconf 73' lang='lat' dir='ltr'><strong>congregatiemperunt</strong></span> <span class='ocrx_word' id='word_1_53' title='bbox 1918 754 2035 816; x_wconf 81' lang='lat' dir='ltr'><strong>sese</strong></span> 
     </span>
    </p>
   </div>
   <div class='ocr_carea' id='block_1_9' title="bbox 483 809 2032 886">
    <p class='ocr_par' dir='ltr' id='par_1_9' title="bbox 483 809 2032 886">
     <span class='ocr_line' id='line_1_9' title="bbox 483 809 2032 886; baseline -0.005 -19"><span class='ocrx_word' id='word_1_54' title='bbox 483 809 556 869; x_wconf 67' lang='lat' dir='ltr'><strong>iui</strong></span> <span class='ocrx_word' id='word_1_55' title='bbox 558 816 849 886; x_wconf 75' lang='lat' dir='ltr'><strong>morigeros</strong></span> <span class='ocrx_word' id='word_1_56' title='bbox 865 814 1115 886; x_wconf 68' lang='lat' dir='ltr'><strong>exhibere</strong></span> <span class='ocrx_word' id='word_1_57' title='bbox 1131 809 1405 886; x_wconf 66' lang='lat' dir='ltr'><strong>praeceptis</strong></span> <span class='ocrx_word' id='word_1_58' title='bbox 1421 809 1723 886; x_wconf 71' lang='lat' dir='ltr'><strong>apostolica:</strong></span> <span class='ocrx_word' id='word_1_59' title='bbox 1737 810 1877 865; x_wconf 83' lang='lat' dir='ltr'><strong>sedis</strong></span> <span class='ocrx_word' id='word_1_60' title='bbox 1894 809 2032 886; x_wconf 65' lang='lat' dir='ltr'><strong>circa</strong></span> 
     </span>
    </p>
   </div>
   <div class='ocr_carea' id='block_1_10' title="bbox 480 876 2031 950">
    <p class='ocr_par' dir='ltr' id='par_1_10' title="bbox 480 876 2031 950">
     <span class='ocr_line' id='line_1_10' title="bbox 480 876 2031 950; baseline -0.006 -10"><span class='ocrx_word' id='word_1_61' title='bbox 480 876 722 940; x_wconf 54' lang='lat' dir='ltr'><strong>canSamv</strong></span> <span class='ocrx_word' id='word_1_62' title='bbox 755 883 980 937; x_wconf 85' lang='lat' dir='ltr'><strong>Wilfridi</strong></span> <span class='ocrx_word' id='word_1_63' title='bbox 1010 900 1025 939; x_wconf 87' lang='lat'><strong>:</strong></span> <span class='ocrx_word' id='word_1_64' title='bbox 1051 876 1347 950; x_wconf 79' lang='lat' dir='ltr'><strong><em>Postquam,</em></strong></span> <span class='ocrx_word' id='word_1_65' title='bbox 1370 876 1536 949; x_wconf 78' lang='lat' dir='ltr'><strong>inquit</strong></span> <span class='ocrx_word' id='word_1_66' title='bbox 1560 881 1776 943; x_wconf 85' lang='lat' dir='ltr'><strong>Eddius,</strong></span> <span class='ocrx_word' id='word_1_67' title='bbox 1799 894 1914 950; x_wconf 76' lang='lat' dir='ltr'><strong>cap.</strong></span> <span class='ocrx_word' id='word_1_68' title='bbox 1943 876 2031 941; x_wconf 72' lang='lat'><strong><em>5‘2,</em></strong></span> 
     </span>
    </p>
   </div>
   <div class='ocr_carea' id='block_1_11' title="bbox 478 949 2035 1022">
    <p class='ocr_par' dir='ltr' id='par_1_11' title="bbox 478 949 2035 1022">
     <span class='ocr_line' id='line_1_11' title="bbox 478 949 2035 1022; baseline -0.006 -14"><span class='ocrx_word' id='word_1_69' title='bbox 478 958 711 1022; x_wconf 80' lang='lat' dir='ltr'><strong><em>qutedam</em></strong></span> <span class='ocrx_word' id='word_1_70' title='bbox 764 953 999 1022; x_wconf 79' lang='lat' dir='ltr'><strong><em>difﬁcilia</em></strong></span> <span class='ocrx_word' id='word_1_71' title='bbox 1037 953 1131 1006; x_wconf 89' lang='lat' dir='ltr'><strong><em>sibi</em></strong></span> <span class='ocrx_word' id='word_1_72' title='bbox 1160 949 1202 1006; x_wconf 80' lang='lat' dir='ltr'><strong><em>ei</em></strong></span> <span class='ocrx_word' id='word_1_73' title='bbox 1228 968 1334 1005; x_wconf 72' lang='lat' dir='ltr'><strong><em>sua:</em></strong></span> <span class='ocrx_word' id='word_1_74' title='bbox 1360 952 1603 1004; x_wconf 87' lang='lat' dir='ltr'><strong><em>voluntati</em></strong></span> <span class='ocrx_word' id='word_1_75' title='bbox 1624 949 1882 1003; x_wconf 85' lang='lat' dir='ltr'><strong><em>contraria</em></strong></span> <span class='ocrx_word' id='word_1_76' title='bbox 1908 951 2035 1022; x_wconf 86' lang='lat' dir='ltr'><strong><em>lecta</em></strong></span> 
     </span>
    </p>
   </div>
   <div class='ocr_carea' id='block_1_12' title="bbox 478 1018 2033 1091">
    <p class='ocr_par' dir='ltr' id='par_1_12' title="bbox 478 1018 2033 1091">
     <span class='ocr_line' id='line_1_12' title="bbox 478 1018 2033 1091; baseline -0.005 -14"><span class='ocrx_word' id='word_1_77' title='bbox 478 1018 801 1088; x_wconf 86' lang='lat' dir='ltr'><strong><em>audiverunt,</em></strong></span> <span class='ocrx_word' id='word_1_78' title='bbox 821 1018 1195 1076; x_wconf 72' lang='lat' dir='ltr'><strong><em>contumaciter</em></strong></span> <span class='ocrx_word' id='word_1_79' title='bbox 1216 1030 1533 1091; x_wconf 74' lang='lat' dir='ltr'><strong><em>respuerant,</em></strong></span> <span class='ocrx_word' id='word_1_80' title='bbox 1560 1029 1677 1091; x_wconf 62' lang='lat' dir='ltr'><strong>etc.</strong></span> <span class='ocrx_word' id='word_1_81' title='bbox 1702 1035 1715 1083; x_wconf 91' lang='lat'><strong>;</strong></span> <span class='ocrx_word' id='word_1_82' title='bbox 1744 1033 1907 1091; x_wconf 88' lang='lat' dir='ltr'><strong>quare</strong></span> <span class='ocrx_word' id='word_1_83' title='bbox 1937 1018 2033 1070; x_wconf 85' lang='lat' dir='ltr'><strong><em>hn-</em></strong></span> 
     </span>
    </p>
   </div>
   <div class='ocr_carea' id='block_1_13' title="bbox 475 1088 2034 1164">
    <p class='ocr_par' dir='ltr' id='par_1_13' title="bbox 475 1088 2034 1164">
     <span class='ocr_line' id='line_1_13' title="bbox 475 1088 2034 1164; baseline -0.003 -19"><span class='ocrx_word' id='word_1_84' title='bbox 475 1096 625 1164; x_wconf 85' lang='lat' dir='ltr'><strong>jnsce</strong></span> <span class='ocrx_word' id='word_1_85' title='bbox 645 1094 990 1164; x_wconf 65' lang='lat' dir='ltr'><strong><em>contentiosa</em></strong></span> <span class='ocrx_word' id='word_1_86' title='bbox 1012 1088 1314 1164; x_wconf 67' lang='lat' dir='ltr'><strong>pertinaciae</strong></span> <span class='ocrx_word' id='word_1_87' title='bbox 1359 1106 1527 1144; x_wconf 89' lang='lat' dir='ltr'><strong>annus</strong></span> <span class='ocrx_word' id='word_1_88' title='bbox 1546 1088 1616 1142; x_wconf 68' lang='lat'><strong><em>2‘2</em></strong></span> <span class='ocrx_word' id='word_1_89' title='bbox 1636 1090 2034 1164; x_wconf 71' lang='lat' dir='ltr'><strong>completusest</strong></span> 
     </span>
    </p>
   </div>
   <div class='ocr_carea' id='block_1_14' title="bbox 478 1156 2032 1227">
    <p class='ocr_par' dir='ltr' id='par_1_14' title="bbox 478 1156 2032 1227">
     <span class='ocr_line' id='line_1_14' title="bbox 478 1156 2032 1227; baseline -0.003 -12"><span class='ocrx_word' id='word_1_90' title='bbox 478 1156 577 1218; x_wconf 55' lang='lat' dir='ltr'><strong><em>sub</em></strong></span> <span class='ocrx_word' id='word_1_91' title='bbox 609 1165 765 1219; x_wconf 87' lang='lat' dir='ltr'><strong>linem</strong></span> <span class='ocrx_word' id='word_1_92' title='bbox 807 1162 927 1216; x_wconf 89' lang='lat' dir='ltr'><strong>anni</strong></span> <span class='ocrx_word' id='word_1_93' title='bbox 973 1156 1095 1227; x_wconf 77' lang='grc'><strong><em>701,</em></strong></span> <span class='ocrx_word' id='word_1_94' title='bbox 1126 1171 1180 1215; x_wconf 90' lang='lat' dir='ltr'><strong><em>et</em></strong></span> <span class='ocrx_word' id='word_1_95' title='bbox 1212 1162 1311 1214; x_wconf 91' lang='lat' dir='ltr'><strong><em>hoc</em></strong></span> <span class='ocrx_word' id='word_1_96' title='bbox 1332 1175 1471 1212; x_wconf 89' lang='lat' dir='ltr'><strong>anno</strong></span> <span class='ocrx_word' id='word_1_97' title='bbox 1492 1174 1616 1212; x_wconf 65' lang='lat' dir='ltr'><strong>vvre</strong></span> <span class='ocrx_word' id='word_1_98' title='bbox 1647 1160 1831 1210; x_wconf 88' lang='lat' dir='ltr'><strong>saltem</strong></span> <span class='ocrx_word' id='word_1_99' title='bbox 1855 1156 2032 1210; x_wconf 86' lang='lat' dir='ltr'><strong>habita</strong></span> 
     </span>
    </p>
   </div>
   <div class='ocr_carea' id='block_1_15' title="bbox 480 1226 2032 1304">
    <p class='ocr_par' dir='ltr' id='par_1_15' title="bbox 480 1226 2032 1304">
     <span class='ocr_line' id='line_1_15' title="bbox 480 1226 2032 1304; baseline -0.008 -15"><span class='ocrx_word' id='word_1_100' title='bbox 480 1235 593 1289; x_wconf 75' lang='lat' dir='ltr'><strong>lucc</strong></span> <span class='ocrx_word' id='word_1_101' title='bbox 618 1232 871 1304; x_wconf 77' lang='lat' dir='ltr'><strong>synodus.</strong></span> <span class='ocrx_word' id='word_1_102' title='bbox 896 1232 1003 1286; x_wconf 83' lang='lat' dir='ltr'><strong><em>Nec</em></strong></span> <span class='ocrx_word' id='word_1_103' title='bbox 1024 1234 1195 1304; x_wconf 78' lang='lat' dir='ltr'><strong>obstat</strong></span> <span class='ocrx_word' id='word_1_104' title='bbox 1215 1231 1351 1298; x_wconf 90' lang='lat' dir='ltr'><strong>quod</strong></span> <span class='ocrx_word' id='word_1_105' title='bbox 1392 1229 1585 1283; x_wconf 74' lang='lat' dir='ltr'><strong>dixerit</strong></span> <span class='ocrx_word' id='word_1_106' title='bbox 1614 1230 1675 1304; x_wconf 84' lang='lat' dir='ltr'><strong><em>i_n_</em></strong></span> <span class='ocrx_word' id='word_1_107' title='bbox 1698 1227 1795 1304; x_wconf 77' lang='lat' dir='ltr'><strong><em>hac</em></strong></span> <span class='ocrx_word' id='word_1_108' title='bbox 1825 1226 2032 1304; x_wconf 38' lang='lat' dir='ltr'><strong>simodo</strong></span> 
     </span>
    </p>
   </div>
   <div class='ocr_carea' id='block_1_16' title="bbox 480 1296 2033 1369">
    <p class='ocr_par' dir='ltr' id='par_1_16' title="bbox 480 1296 2033 1369">
     <span class='ocr_line' id='line_1_16' title="bbox 480 1296 2033 1369; baseline -0.007 -11"><span class='ocrx_word' id='word_1_109' title='bbox 480 1296 776 1369; x_wconf 57' lang='lat' dir='ltr'><strong>Wilfri&#39;dtts,</strong></span> <span class='ocrx_word' id='word_1_110' title='bbox 796 1302 980 1356; x_wconf 84' lang='lat' dir='ltr'><strong><em>Nonne</em></strong></span> <span class='ocrx_word' id='word_1_111' title='bbox 999 1302 1105 1354; x_wconf 88' lang='lat' dir='ltr'><strong><em>sine</em></strong></span> <span class='ocrx_word' id='word_1_112' title='bbox 1126 1296 1295 1366; x_wconf 82' lang='lat' dir='ltr'><strong><em>aliqua</em></strong></span> <span class='ocrx_word' id='word_1_113' title='bbox 1321 1308 1463 1353; x_wconf 81' lang='lat' dir='ltr'><strong><em>reatu</em></strong></span> <span class='ocrx_word' id='word_1_114' title='bbox 1488 1298 1790 1369; x_wconf 70' lang='lat' dir='ltr'><strong><em>suspicionis</em></strong></span> <span class='ocrx_word' id='word_1_115' title='bbox 1816 1296 2033 1369; x_wconf 73' lang='lat' dir='ltr'><strong><em>offendi-</em></strong></span> 
     </span>
    </p>
   </div>
   <div class='ocr_carea' id='block_1_17' title="bbox 478 1364 2033 1437">
    <p class='ocr_par' dir='ltr' id='par_1_17' title="bbox 478 1364 2033 1437">
     <span class='ocr_line' id='line_1_17' title="bbox 478 1364 2033 1437; baseline -0.006 -10"><span class='ocrx_word' id='word_1_116' title='bbox 478 1376 648 1428; x_wconf 89' lang='lat' dir='ltr'><strong><em>culum</em></strong></span> <span class='ocrx_word' id='word_1_117' title='bbox 696 1364 880 1437; x_wconf 82' lang='lat' dir='ltr'><strong><em>faciam</em></strong></span> <span class='ocrx_word' id='word_1_118' title='bbox 932 1371 1123 1425; x_wconf 89' lang='lat' dir='ltr'><strong><em>cunctis</em></strong></span> <span class='ocrx_word' id='word_1_119' title='bbox 1166 1364 1480 1423; x_wconf 84' lang='lat' dir='ltr'><strong><em>audientibus</em></strong></span> <span class='ocrx_word' id='word_1_120' title='bbox 1499 1368 1719 1419; x_wconf 87' lang='lat' dir='ltr'><strong><em>nominis</em></strong></span> <span class='ocrx_word' id='word_1_121' title='bbox 1747 1368 1842 1437; x_wconf 87' lang='lat' dir='ltr'><strong><em>mei</em></strong></span> <span class='ocrx_word' id='word_1_122' title='bbox 1867 1364 2033 1418; x_wconf 82' lang='lat' dir='ltr'><strong><em>divul-</em></strong></span> 
     </span>
    </p>
   </div>
   <div class='ocr_carea' id='block_1_18' title="bbox 478 1435 2027 1513">
    <p class='ocr_par' dir='ltr' id='par_1_18' title="bbox 478 1435 2027 1513">
     <span class='ocr_line' id='line_1_18' title="bbox 478 1435 2027 1513; baseline -0.005 -17"><span class='ocrx_word' id='word_1_123' title='bbox 478 1435 744 1513; x_wconf 86' lang='lat' dir='ltr'><strong><em>gatianem,</em></strong></span> <span class='ocrx_word' id='word_1_124' title='bbox 791 1458 889 1510; x_wconf 83' lang='lat' dir='ltr'><strong><em>qua</em></strong></span> <span class='ocrx_word' id='word_1_125' title='bbox 935 1441 1157 1510; x_wconf 75' lang='lat' dir='ltr'><strong><em>episcopi</em></strong></span> <span class='ocrx_word' id='word_1_126' title='bbox 1187 1438 1711 1513; x_wconf 81' lang='lat' dir='ltr'><strong><em>vocabulo,_quamvis</em></strong></span> <span class='ocrx_word' id='word_1_127' title='bbox 1741 1435 2027 1513; x_wconf 76' lang='lat' dir='ltr'><strong><em>indignum,</em></strong></span> 
     </span>
    </p>
   </div>
   <div class='ocr_carea' id='block_1_19' title="bbox 479 1507 2028 1582">
    <p class='ocr_par' dir='ltr' id='par_1_19' title="bbox 479 1507 2028 1582">
     <span class='ocr_line' id='line_1_19' title="bbox 479 1507 2028 1582; baseline -0.005 -16"><span class='ocrx_word' id='word_1_128' title='bbox 479 1507 567 1579; x_wconf 76' lang='lat' dir='ltr'><strong><em>per</em></strong></span> <span class='ocrx_word' id='word_1_129' title='bbox 590 1513 658 1567; x_wconf 65' lang='lat'><strong><em>40</em></strong></span> <span class='ocrx_word' id='word_1_130' title='bbox 689 1507 843 1582; x_wconf 84' lang='lat' dir='ltr'><strong><em>prope</em></strong></span> <span class='ocrx_word' id='word_1_131' title='bbox 872 1507 1032 1582; x_wconf 85' lang='lat' dir='ltr'><strong><em>annos</em></strong></span> <span class='ocrx_word' id='word_1_132' title='bbox 1061 1510 1428 1575; x_wconf 87' lang='lat' dir='ltr'><strong><em>nuncupabar?</em></strong></span> <span class='ocrx_word' id='word_1_133' title='bbox 1454 1508 1583 1582; x_wconf 78' lang='lat' dir='ltr'><strong><em>Nam</em></strong></span> <span class='ocrx_word' id='word_1_134' title='bbox 1615 1507 1910 1582; x_wconf 78' lang='lat' dir='ltr'><strong>no_n_solum</strong></span> <span class='ocrx_word' id='word_1_135' title='bbox 1939 1509 2028 1582; x_wconf 72' lang='lat' dir='ltr'><strong><em>qui</em></strong></span> 
     </span>
    </p>
   </div>
   <div class='ocr_carea' id='block_1_20' title="bbox 480 1575 2027 1648">
    <p class='ocr_par' dir='ltr' id='par_1_20' title="bbox 480 1575 2027 1648">
     <span class='ocr_line' id='line_1_20' title="bbox 480 1575 2027 1648; baseline -0.004 -13"><span class='ocrx_word' id='word_1_136' title='bbox 480 1575 548 1636; x_wconf 77' lang='lat'><strong><em>38</em></strong></span> <span class='ocrx_word' id='word_1_137' title='bbox 596 1575 761 1636; x_wconf 86' lang='lat' dir='ltr'><strong>annos</strong></span> <span class='ocrx_word' id='word_1_138' title='bbox 784 1575 860 1635; x_wconf 66' lang='lat' dir='ltr'><strong><em>&#39;in</em></strong></span> <span class='ocrx_word' id='word_1_139' title='bbox 910 1581 1212 1648; x_wconf 74' lang='lat' dir='ltr'><strong><em>episcopatu</em></strong></span> <span class='ocrx_word' id='word_1_140' title='bbox 1240 1577 1564 1648; x_wconf 62' lang='lat' dir='ltr'><strong>exegit,s»d</strong></span> <span class='ocrx_word' id='word_1_141' title='bbox 1598 1578 1683 1641; x_wconf 84' lang='lat' dir='ltr'><strong>qui</strong></span> <span class='ocrx_word' id='word_1_142' title='bbox 1709 1575 1781 1648; x_wconf 65' lang='grc' dir='ltr'><strong><em>ξ’)ξὶ</em></strong></span> <span class='ocrx_word' id='word_1_143' title='bbox 1814 1584 1903 1629; x_wconf 88' lang='lat' dir='ltr'><strong><em>aut</em></strong></span> <span class='ocrx_word' id='word_1_144' title='bbox 1938 1576 2027 1648; x_wconf 69' lang='lat'><strong><em>36,</em></strong></span> 
     </span>
    </p>
   </div>
   <div class='ocr_carea' id='block_1_21' title="bbox 476 1645 2032 1720">
    <p class='ocr_par' dir='ltr' id='par_1_21' title="bbox 476 1645 2032 1720">
     <span class='ocr_line' id='line_1_21' title="bbox 476 1645 2032 1720; baseline -0.003 -16"><span class='ocrx_word' id='word_1_145' title='bbox 476 1654 578 1708; x_wconf 86' lang='lat' dir='ltr'><strong>dici</strong></span> <span class='ocrx_word' id='word_1_146' title='bbox 604 1660 775 1720; x_wconf 77' lang='lat' dir='ltr'><strong>potest</strong></span> <span class='ocrx_word' id='word_1_147' title='bbox 798 1666 890 1718; x_wconf 88' lang='lat' dir='ltr'><strong><em>per</em></strong></span> <span class='ocrx_word' id='word_1_148' title='bbox 916 1645 981 1704; x_wconf 72' lang='lat' dir='ltr'><strong><em>4t)</em></strong></span> <span class='ocrx_word' id='word_1_149' title='bbox 1006 1645 1164 1716; x_wconf 85' lang='lat' dir='ltr'><strong>prope</strong></span> <span class='ocrx_word' id='word_1_150' title='bbox 1189 1645 1679 1720; x_wconf 58' lang='lat' dir='ltr'><strong>annos&#39;episcomnn</strong></span> <span class='ocrx_word' id='word_1_151' title='bbox 1702 1645 1891 1720; x_wconf 78' lang='lat' dir='ltr'><strong>fuisse;</strong></span> <span class='ocrx_word' id='word_1_152' title='bbox 1914 1647 2032 1700; x_wconf 89' lang='lat' dir='ltr'><strong>nul-</strong></span> 
     </span>
    </p>
   </div>
   <div class='ocr_carea' id='block_1_22' title="bbox 478 1717 1942 1786">
    <p class='ocr_par' dir='ltr' id='par_1_22' title="bbox 478 1717 1942 1786">
     <span class='ocr_line' id='line_1_22' title="bbox 478 1717 1942 1786; baseline -0.005 -10"><span class='ocrx_word' id='word_1_153' title='bbox 478 1724 581 1776; x_wconf 80' lang='lat' dir='ltr'><strong>l-nn</strong></span> <span class='ocrx_word' id='word_1_154' title='bbox 604 1717 743 1776; x_wconf 87' lang='lat' dir='ltr'><strong>cnim</strong></span> <span class='ocrx_word' id='word_1_155' title='bbox 775 1717 967 1773; x_wconf 84' lang='lat' dir='ltr'><strong>annum</strong></span> <span class='ocrx_word' id='word_1_156' title='bbox 986 1720 1388 1773; x_wconf 83' lang='lat' dir='ltr'><strong>determinatum</strong></span> <span class='ocrx_word' id='word_1_157' title='bbox 1403 1721 1573 1786; x_wconf 83' lang='lat' dir='ltr'><strong>signat</strong></span> <span class='ocrx_word' id='word_1_158' title='bbox 1590 1719 1701 1770; x_wconf 57' lang='lat' dir='ltr'><strong>haec</strong></span> <span class='ocrx_word' id='word_1_159' title='bbox 1732 1717 1942 1786; x_wconf 87' lang='lat' dir='ltr'><strong>locutio.</strong></span> 
     </span>
    </p>
   </div>
   <div class='ocr_carea' id='block_1_23' title="bbox 546 1785 2020 1858">
    <p class='ocr_par' dir='ltr' id='par_1_23' title="bbox 546 1785 2020 1858">
     <span class='ocr_line' id='line_1_23' title="bbox 546 1785 2020 1858; baseline -0.007 -12"><span class='ocrx_word' id='word_1_160' title='bbox 546 1791 701 1846; x_wconf 84' lang='lat' dir='ltr'><strong>Gesta</strong></span> <span class='ocrx_word' id='word_1_161' title='bbox 757 1792 908 1857; x_wconf 84' lang='lat' dir='ltr'><strong>hujus</strong></span> <span class='ocrx_word' id='word_1_162' title='bbox 956 1790 1139 1858; x_wconf 84' lang='lat' dir='ltr'><strong>synodi</strong></span> <span class='ocrx_word' id='word_1_163' title='bbox 1185 1792 1263 1841; x_wconf 88' lang='lat' dir='ltr'><strong><em>sic</em></strong></span> <span class='ocrx_word' id='word_1_164' title='bbox 1316 1785 1532 1841; x_wconf 83' lang='lat' dir='ltr'><strong>narrare</strong></span> <span class='ocrx_word' id='word_1_165' title='bbox 1582 1786 1747 1858; x_wconf 80' lang='lat' dir='ltr'><strong>pergit</strong></span> <span class='ocrx_word' id='word_1_166' title='bbox 1776 1785 2020 1858; x_wconf 78' lang='lat' dir='ltr'><strong>Eddius:</strong></span> 
     </span>
    </p>
   </div>
   <div class='ocr_carea' id='block_1_24' title="bbox 478 1856 2023 1929">
    <p class='ocr_par' dir='ltr' id='par_1_24' title="bbox 478 1856 2023 1929">
     <span class='ocr_line' id='line_1_24' title="bbox 478 1856 2023 1929; baseline -0.005 -12"><span class='ocrx_word' id='word_1_167' title='bbox 478 1863 621 1917; x_wconf 86' lang='lat' dir='ltr'><strong><em>Unus</em></strong></span> <span class='ocrx_word' id='word_1_168' title='bbox 662 1878 725 1915; x_wconf 77' lang='lat' dir='ltr'><strong><em>ex</em></strong></span> <span class='ocrx_word' id='word_1_169' title='bbox 752 1856 998 1913; x_wconf 64' lang='lat' dir='ltr'><strong><em>ministris</em></strong></span> <span class='ocrx_word' id='word_1_170' title='bbox 1017 1860 1148 1929; x_wconf 85' lang='lat' dir='ltr'><strong><em>regis</em></strong></span> <span class='ocrx_word' id='word_1_171' title='bbox 1174 1857 1397 1926; x_wconf 81' lang='lat' dir='ltr'><strong><em>pontiﬁci</em></strong></span> <span class='ocrx_word' id='word_1_172' title='bbox 1430 1869 1600 1911; x_wconf 87' lang='lat' dir='ltr'><strong><em>nostra</em></strong></span> <span class='ocrx_word' id='word_1_173' title='bbox 1625 1856 1777 1929; x_wconf 84' lang='lat' dir='ltr'><strong>valde</strong></span> <span class='ocrx_word' id='word_1_174' title='bbox 1794 1857 2023 1929; x_wconf 80' lang='lat' dir='ltr'><strong><em>devotus,</em></strong></span> 
     </span>
    </p>
   </div>
   <div class='ocr_carea' id='block_1_25' title="bbox 473 1927 2027 1999">
    <p class='ocr_par' dir='ltr' id='par_1_25' title="bbox 473 1927 2027 1999">
     <span class='ocr_line' id='line_1_25' title="bbox 473 1927 2027 1999; baseline -0.005 -14"><span class='ocrx_word' id='word_1_175' title='bbox 473 1950 614 1998; x_wconf 68' lang='lat' dir='ltr'><strong><em>quem</em></strong></span> <span class='ocrx_word' id='word_1_176' title='bbox 636 1934 724 1985; x_wconf 90' lang='lat' dir='ltr'><strong><em>ille</em></strong></span> <span class='ocrx_word' id='word_1_177' title='bbox 748 1948 779 1983; x_wconf 93' lang='lat' dir='ltr'><strong><em>a</em></strong></span> <span class='ocrx_word' id='word_1_178' title='bbox 804 1932 1042 1998; x_wconf 63' lang='lat' dir='ltr'><strong><em>primaevo</em></strong></span> <span class='ocrx_word' id='word_1_179' title='bbox 1068 1927 1310 1999; x_wconf 76' lang='lat' dir='ltr'><strong><em>vagientis</em></strong></span> <span class='ocrx_word' id='word_1_180' title='bbox 1322 1929 1549 1980; x_wconf 68' lang='lat' dir='ltr'><strong><em>aetatula:</em></strong></span> <span class='ocrx_word' id='word_1_181' title='bbox 1569 1927 1877 1979; x_wconf 88' lang='lat' dir='ltr'><strong><em>incunabula</em></strong></span> <span class='ocrx_word' id='word_1_182' title='bbox 1898 1943 2027 1999; x_wconf 68' lang='lat' dir='ltr'><strong><em>euu-</em></strong></span> 
     </span>
    </p>
   </div>
   <div class='ocr_carea' id='block_1_26' title="bbox 473 1995 2026 2070">
    <p class='ocr_par' dir='ltr' id='par_1_26' title="bbox 473 1995 2026 2070">
     <span class='ocr_line' id='line_1_26' title="bbox 473 1995 2026 2070; baseline -0.002 -18"><span class='ocrx_word' id='word_1_183' title='bbox 473 1995 626 2065; x_wconf 78' lang='lat' dir='ltr'><strong><em>trivit,</em></strong></span> <span class='ocrx_word' id='word_1_184' title='bbox 657 2018 716 2055; x_wconf 82' lang='lat' dir='ltr'><strong><em>er</em></strong></span> <span class='ocrx_word' id='word_1_185' title='bbox 744 1995 955 2054; x_wconf 83' lang='lat' dir='ltr'><strong><em>tentorio</em></strong></span> <span class='ocrx_word' id='word_1_186' title='bbox 976 2000 1105 2070; x_wconf 86' lang='lat' dir='ltr'><strong><em>regis</em></strong></span> <span class='ocrx_word' id='word_1_187' title='bbox 1122 1995 1353 2070; x_wconf 67' lang='lat' dir='ltr'><strong><em>latenter</em></strong></span> <span class='ocrx_word' id='word_1_188' title='bbox 1382 1999 1545 2063; x_wconf 87' lang='lat' dir='ltr'><strong><em>erupit</em></strong></span> <span class='ocrx_word' id='word_1_189' title='bbox 1662 1999 1832 2070; x_wconf 70' lang='lat' dir='ltr'><strong><em>dicens</em></strong></span> <span class='ocrx_word' id='word_1_190' title='bbox 1861 2011 1877 2048; x_wconf 91' lang='lat'><strong><em>:</em></strong></span> <span class='ocrx_word' id='word_1_191' title='bbox 1911 1995 2026 2049; x_wconf 86' lang='lat' dir='ltr'><strong><em>Hac</em></strong></span> 
     </span>
    </p>
   </div>
   <div class='ocr_carea' id='block_1_27' title="bbox 470 2067 2025 2140">
    <p class='ocr_par' dir='ltr' id='par_1_27' title="bbox 470 2067 2025 2140">
     <span class='ocr_line' id='line_1_27' title="bbox 470 2067 2025 2140; baseline -0.003 -16"><span class='ocrx_word' id='word_1_192' title='bbox 470 2073 673 2125; x_wconf 86' lang='lat' dir='ltr'><strong><em>omnino</em></strong></span> <span class='ocrx_word' id='word_1_193' title='bbox 716 2070 894 2140; x_wconf 88' lang='lat' dir='ltr'><strong><em>fraude</em></strong></span> <span class='ocrx_word' id='word_1_194' title='bbox 935 2079 984 2122; x_wconf 91' lang='lat' dir='ltr'><strong><em>te</em></strong></span> <span class='ocrx_word' id='word_1_195' title='bbox 1009 2067 1286 2122; x_wconf 82' lang='lat' dir='ltr'><strong><em>moliuntur</em></strong></span> <span class='ocrx_word' id='word_1_196' title='bbox 1315 2071 1560 2138; x_wconf 81' lang='lat' dir='ltr'><strong><em>decipere,</em></strong></span> <span class='ocrx_word' id='word_1_197' title='bbox 1590 2076 1642 2120; x_wconf 90' lang='lat' dir='ltr'><strong><em>ut</em></strong></span> <span class='ocrx_word' id='word_1_198' title='bbox 1674 2067 1905 2135; x_wconf 79' lang='lat' dir='ltr'><strong>primitus</strong></span> <span class='ocrx_word' id='word_1_199' title='bbox 1936 2083 2025 2133; x_wconf 88' lang='lat' dir='ltr'><strong><em>per</em></strong></span> 
     </span>
    </p>
   </div>
   <div class='ocr_carea' id='block_1_28' title="bbox 472 2140 2024 2210">
    <p class='ocr_par' dir='ltr' id='par_1_28' title="bbox 472 2140 2024 2210">
     <span class='ocr_line' id='line_1_28' title="bbox 472 2140 2024 2210; baseline -0.005 -15"><span class='ocrx_word' id='word_1_200' title='bbox 472 2143 793 2210; x_wconf 75' lang='lat' dir='ltr'><strong><em>scripsionem</em></strong></span> <span class='ocrx_word' id='word_1_201' title='bbox 842 2142 1060 2209; x_wconf 82' lang='lat' dir='ltr'><strong><em>propria:</em></strong></span> <span class='ocrx_word' id='word_1_202' title='bbox 1105 2156 1284 2192; x_wconf 89' lang='lat' dir='ltr'><strong><em>manus</em></strong></span> <span class='ocrx_word' id='word_1_203' title='bbox 1313 2140 1578 2206; x_wconf 82' lang='lat' dir='ltr'><strong><em>confirmes</em></strong></span> <span class='ocrx_word' id='word_1_204' title='bbox 1603 2153 1777 2210; x_wconf 82' lang='lat' dir='ltr'><strong><em>eorum</em></strong></span> <span class='ocrx_word' id='word_1_205' title='bbox 1804 2147 2024 2210; x_wconf 63' lang='lat' dir='ltr'><strong><em>tantum-</em></strong></span> 
     </span>
    </p>
   </div>
   <div class='ocr_carea' id='block_1_29' title="bbox 470 2207 2025 2281">
    <p class='ocr_par' dir='ltr' id='par_1_29' title="bbox 470 2207 2025 2281">
     <span class='ocr_line' id='line_1_29' title="bbox 470 2207 2025 2281; baseline -0.003 -17"><span class='ocrx_word' id='word_1_206' title='bbox 470 2207 618 2265; x_wconf 87' lang='lat' dir='ltr'><strong><em>modo</em></strong></span> <span class='ocrx_word' id='word_1_207' title='bbox 663 2207 1007 2281; x_wconf 77' lang='lat' dir='ltr'><strong><em>judicium</em></strong></span> <span class='ocrx_word' id='word_1_208' title='bbox 1049 2216 1103 2261; x_wconf 87' lang='lat' dir='ltr'><strong><em>ut</em></strong></span> <span class='ocrx_word' id='word_1_209' title='bbox 1147 2217 1410 2281; x_wconf 80' lang='lat' dir='ltr'><strong><em>postquam</em></strong></span> <span class='ocrx_word' id='word_1_210' title='bbox 1458 2209 1552 2260; x_wconf 90' lang='lat' dir='ltr'><strong><em>ista</em></strong></span> <span class='ocrx_word' id='word_1_211' title='bbox 1602 2208 1841 2275; x_wconf 78' lang='lat' dir='ltr'><strong><em>alligatus</em></strong></span> <span class='ocrx_word' id='word_1_212' title='bbox 1870 2207 2025 2277; x_wconf 86' lang='lat' dir='ltr'><strong><em>fueris</em></strong></span> 
     </span>
    </p>
   </div>
   <div class='ocr_carea' id='block_1_30' title="bbox 470 2278 2025 2345">
    <p class='ocr_par' dir='ltr' id='par_1_30' title="bbox 470 2278 2025 2345">
     <span class='ocr_line' id='line_1_30' title="bbox 470 2278 2025 2345; baseline -0.001 -14"><span class='ocrx_word' id='word_1_213' title='bbox 470 2278 799 2335; x_wconf 75' lang='lat' dir='ltr'><strong>districtionis</strong></span> <span class='ocrx_word' id='word_1_214' title='bbox 835 2280 1058 2340; x_wconf 87' lang='lat' dir='ltr'><strong><em>vinculo,</em></strong></span> <span class='ocrx_word' id='word_1_215' title='bbox 1088 2280 1151 2332; x_wconf 90' lang='lat' dir='ltr'><strong><em>de</em></strong></span> <span class='ocrx_word' id='word_1_216' title='bbox 1185 2290 1360 2332; x_wconf 73' lang='lat' dir='ltr'><strong><em>cratera</em></strong></span> <span class='ocrx_word' id='word_1_217' title='bbox 1386 2278 1712 2342; x_wconf 74' lang='lat' dir='ltr'><strong><em>imposterutn</em></strong></span> <span class='ocrx_word' id='word_1_218' title='bbox 1742 2288 2025 2345; x_wconf 85' lang='lat' dir='ltr'><strong><em>permutare</em></strong></span> 
     </span>
    </p>
   </div>
   <div class='ocr_carea' id='block_1_31' title="bbox 469 2345 2025 2418">
    <p class='ocr_par' dir='ltr' id='par_1_31' title="bbox 469 2345 2025 2418">
     <span class='ocr_line' id='line_1_31' title="bbox 469 2345 2025 2418; baseline 0 -17"><span class='ocrx_word' id='word_1_219' title='bbox 469 2352 757 2403; x_wconf 82' lang='lat' dir='ltr'><strong><em>nullatenus</em></strong></span> <span class='ocrx_word' id='word_1_220' title='bbox 805 2364 976 2417; x_wconf 87' lang='lat' dir='ltr'><strong><em>queas.</em></strong></span> <span class='ocrx_word' id='word_1_221' title='bbox 1031 2347 1114 2402; x_wconf 91' lang='lat' dir='ltr'><strong><em>Ita</em></strong></span> <span class='ocrx_word' id='word_1_222' title='bbox 1168 2351 1413 2418; x_wconf 76' lang='lat' dir='ltr'><strong><em>siquidem</em></strong></span> <span class='ocrx_word' id='word_1_223' title='bbox 1465 2349 1557 2400; x_wconf 89' lang='lat' dir='ltr'><strong><em>erit</em></strong></span> <span class='ocrx_word' id='word_1_224' title='bbox 1606 2345 1814 2418; x_wconf 80' lang='lat' dir='ltr'><strong><em>illorum</em></strong></span> <span class='ocrx_word' id='word_1_225' title='bbox 1833 2348 2025 2418; x_wconf 84' lang='lat' dir='ltr'><strong><em>judicii</em></strong></span> 
     </span>
    </p>
   </div>
   <div class='ocr_carea' id='block_1_32' title="bbox 466 2416 2022 2488">
    <p class='ocr_par' dir='ltr' id='par_1_32' title="bbox 466 2416 2022 2488">
     <span class='ocr_line' id='line_1_32' title="bbox 466 2416 2022 2488; baseline 0.001 -19"><span class='ocrx_word' id='word_1_226' title='bbox 466 2422 675 2488; x_wconf 85' lang='lat' dir='ltr'><strong><em>apertio,</em></strong></span> <span class='ocrx_word' id='word_1_227' title='bbox 722 2427 776 2472; x_wconf 88' lang='lat' dir='ltr'><strong><em>ut</em></strong></span> <span class='ocrx_word' id='word_1_228' title='bbox 799 2416 1045 2488; x_wconf 86' lang='lat' dir='ltr'><strong><em>quidquid</em></strong></span> <span class='ocrx_word' id='word_1_229' title='bbox 1097 2420 1149 2472; x_wconf 88' lang='lat' dir='ltr'><strong><em>in</em></strong></span> <span class='ocrx_word' id='word_1_230' title='bbox 1176 2416 1710 2488; x_wconf 60' lang='lat' dir='ltr'><strong><em>Ultraollm&#39;irensium</em></strong></span> <span class='ocrx_word' id='word_1_231' title='bbox 1741 2416 2022 2485; x_wconf 79' lang='lat' dir='ltr'><strong><em>aliquando</em></strong></span> 
     </span>
    </p>
   </div>
   <div class='ocr_carea' id='block_1_33' title="bbox 470 2486 2023 2560">
    <p class='ocr_par' dir='ltr' id='par_1_33' title="bbox 470 2486 2023 2560">
     <span class='ocr_line' id='line_1_33' title="bbox 470 2486 2023 2560; baseline -0.002 -18"><span class='ocrx_word' id='word_1_232' title='bbox 470 2486 600 2543; x_wconf 73' lang='lat' dir='ltr'><strong><em>terra</em></strong></span> <span class='ocrx_word' id='word_1_233' title='bbox 651 2486 911 2560; x_wconf 87' lang='lat' dir='ltr'><strong><em>possidere</em></strong></span> <span class='ocrx_word' id='word_1_234' title='bbox 963 2490 1096 2542; x_wconf 87' lang='lat' dir='ltr'><strong><em>visus</em></strong></span> <span class='ocrx_word' id='word_1_235' title='bbox 1144 2493 1304 2560; x_wconf 80' lang='lat' dir='ltr'><strong><em>fuisti,</em></strong></span> <span class='ocrx_word' id='word_1_236' title='bbox 1341 2486 1415 2540; x_wconf 89' lang='lat' dir='ltr'><strong><em>vel</em></strong></span> <span class='ocrx_word' id='word_1_237' title='bbox 1446 2488 1497 2539; x_wconf 89' lang='lat' dir='ltr'><strong><em>in</em></strong></span> <span class='ocrx_word' id='word_1_238' title='bbox 1526 2490 1842 2560; x_wconf 86' lang='lat' dir='ltr'><strong><em>episcopatu,</em></strong></span> <span class='ocrx_word' id='word_1_239' title='bbox 1873 2490 1951 2538; x_wconf 62' lang='lat' dir='ltr'><strong><em>vel</em></strong></span> <span class='ocrx_word' id='word_1_240' title='bbox 1972 2489 2023 2560; x_wconf 83' lang='lat' dir='ltr'><strong><em>in</em></strong></span> 
     </span>
    </p>
   </div>
   <div class='ocr_carea' id='block_1_34' title="bbox 470 2556 2021 2627">
    <p class='ocr_par' dir='ltr' id='par_1_34' title="bbox 470 2556 2021 2627">
     <span class='ocr_line' id='line_1_34' title="bbox 470 2556 2021 2627; baseline -0.001 -17"><span class='ocrx_word' id='word_1_241' title='bbox 470 2556 804 2625; x_wconf 80' lang='lat' dir='ltr'><strong><em>monasteriis,</em></strong></span> <span class='ocrx_word' id='word_1_242' title='bbox 853 2560 928 2612; x_wconf 89' lang='lat' dir='ltr'><strong><em>vel</em></strong></span> <span class='ocrx_word' id='word_1_243' title='bbox 978 2561 1031 2611; x_wconf 87' lang='lat' dir='ltr'><strong><em>in</em></strong></span> <span class='ocrx_word' id='word_1_244' title='bbox 1052 2556 1272 2627; x_wconf 83' lang='lat' dir='ltr'><strong><em>qualibet</em></strong></span> <span class='ocrx_word' id='word_1_245' title='bbox 1302 2574 1377 2619; x_wconf 90' lang='lat' dir='ltr'><strong><em>re,</em></strong></span> <span class='ocrx_word' id='word_1_246' title='bbox 1412 2567 1596 2609; x_wconf 90' lang='lat' dir='ltr'><strong><em>cuncta</em></strong></span> <span class='ocrx_word' id='word_1_247' title='bbox 1623 2556 1877 2627; x_wconf 69' lang='lat' dir='ltr'><strong><em>dimittas;</em></strong></span> <span class='ocrx_word' id='word_1_248' title='bbox 1900 2568 1948 2609; x_wconf 90' lang='lat' dir='ltr'><strong><em>et</em></strong></span> <span class='ocrx_word' id='word_1_249' title='bbox 1975 2558 2021 2609; x_wconf 90' lang='lat' dir='ltr'><strong><em>si</em></strong></span> 
     </span>
    </p>
   </div>
   <div class='ocr_carea' id='block_1_35' title="bbox 464 2623 2023 2698">
    <p class='ocr_par' dir='ltr' id='par_1_35' title="bbox 464 2623 2023 2698">
     <span class='ocr_line' id='line_1_35' title="bbox 464 2623 2023 2698; baseline -0.002 -17"><span class='ocrx_word' id='word_1_250' title='bbox 464 2631 583 2697; x_wconf 90' lang='lat' dir='ltr'><strong><em>quid</em></strong></span> <span class='ocrx_word' id='word_1_251' title='bbox 610 2632 662 2681; x_wconf 88' lang='lat' dir='ltr'><strong><em>in</em></strong></span> <span class='ocrx_word' id='word_1_252' title='bbox 687 2623 990 2682; x_wconf 75' lang='lat' dir='ltr'><strong><em>Merciorum</em></strong></span> <span class='ocrx_word' id='word_1_253' title='bbox 1010 2623 1165 2698; x_wconf 81' lang='lat' dir='ltr'><strong><em>regno</em></strong></span> <span class='ocrx_word' id='word_1_254' title='bbox 1193 2629 1484 2681; x_wconf 83' lang='lat' dir='ltr'><strong><em>subsecutus</em></strong></span> <span class='ocrx_word' id='word_1_255' title='bbox 1506 2641 1617 2678; x_wconf 87' lang='lat' dir='ltr'><strong><em>eras</em></strong></span> <span class='ocrx_word' id='word_1_256' title='bbox 1642 2623 1736 2698; x_wconf 88' lang='lat' dir='ltr'><strong><em>sub</em></strong></span> <span class='ocrx_word' id='word_1_257' title='bbox 1750 2624 2023 2698; x_wconf 75' lang='lat' dir='ltr'><strong><em>Ethelredo</em></strong></span> 
     </span>
    </p>
   </div>
   <div class='ocr_carea' id='block_1_36' title="bbox 463 2696 2022 2768">
    <p class='ocr_par' dir='ltr' id='par_1_36' title="bbox 463 2696 2022 2768">
     <span class='ocr_line' id='line_1_36' title="bbox 463 2696 2022 2768; baseline -0.002 -17"><span class='ocrx_word' id='word_1_258' title='bbox 463 2696 599 2768; x_wconf 83' lang='lat' dir='ltr'><strong><em>rege,</em></strong></span> <span class='ocrx_word' id='word_1_259' title='bbox 623 2701 793 2752; x_wconf 88' lang='lat' dir='ltr'><strong><em>omnia</em></strong></span> <span class='ocrx_word' id='word_1_260' title='bbox 809 2696 1459 2768; x_wconf 50' lang='lat' dir='ltr'><strong><em>reddendo&#39;archiepiscOpo</em></strong></span> <span class='ocrx_word' id='word_1_261' title='bbox 1474 2705 1643 2748; x_wconf 90' lang='lat' dir='ltr'><strong><em>coacte</em></strong></span> <span class='ocrx_word' id='word_1_262' title='bbox 1666 2696 1940 2768; x_wconf 76' lang='lat' dir='ltr'><strong><em>relinquas,</em></strong></span> <span class='ocrx_word' id='word_1_263' title='bbox 1960 2698 2022 2748; x_wconf 92' lang='lat' dir='ltr'><strong><em>ab</em></strong></span> 
     </span>
    </p>
   </div>
   <div class='ocr_carea' id='block_1_37' title="bbox 465 2765 2022 2835">
    <p class='ocr_par' dir='ltr' id='par_1_37' title="bbox 465 2765 2022 2835">
     <span class='ocr_line' id='line_1_37' title="bbox 465 2765 2022 2835; baseline -0.001 -15"><span class='ocrx_word' id='word_1_264' title='bbox 465 2765 576 2834; x_wconf 77' lang='lat' dir='ltr'><strong><em>ipso</em></strong></span> <span class='ocrx_word' id='word_1_265' title='bbox 603 2770 899 2823; x_wconf 85' lang='lat' dir='ltr'><strong><em>donandum</em></strong></span> <span class='ocrx_word' id='word_1_266' title='bbox 927 2770 1009 2835; x_wconf 89' lang='lat' dir='ltr'><strong><em>cui</em></strong></span> <span class='ocrx_word' id='word_1_267' title='bbox 1028 2766 1134 2820; x_wconf 88' lang='lat' dir='ltr'><strong><em>vult</em></strong></span> <span class='ocrx_word' id='word_1_268' title='bbox 1164 2782 1182 2820; x_wconf 92' lang='lat'><strong><em>:</em></strong></span> <span class='ocrx_word' id='word_1_269' title='bbox 1213 2765 1266 2820; x_wconf 82' lang='lat' dir='ltr'><strong><em>et</em></strong></span> <span class='ocrx_word' id='word_1_270' title='bbox 1286 2767 1353 2819; x_wconf 90' lang='lat' dir='ltr'><strong><em>ad</em></strong></span> <span class='ocrx_word' id='word_1_271' title='bbox 1379 2776 1687 2834; x_wconf 87' lang='lat' dir='ltr'><strong><em>postremum</em></strong></span> <span class='ocrx_word' id='word_1_272' title='bbox 1711 2765 2022 2831; x_wconf 87' lang='lat' dir='ltr'><strong><em>temetipsum</em></strong></span> 
     </span>
    </p>
   </div>
   <div class='ocr_carea' id='block_1_38' title="bbox 464 2835 2024 2904">
    <p class='ocr_par' dir='ltr' id='par_1_38' title="bbox 464 2835 2024 2904">
     <span class='ocr_line' id='line_1_38' title="bbox 464 2835 2024 2904; baseline -0.001 -14"><span class='ocrx_word' id='word_1_273' title='bbox 464 2842 705 2902; x_wconf 80' lang='lat' dir='ltr'><strong><em>(Inlando,</em></strong></span> <span class='ocrx_word' id='word_1_274' title='bbox 730 2842 792 2892; x_wconf 88' lang='lat' dir='ltr'><strong><em>de</em></strong></span> <span class='ocrx_word' id='word_1_275' title='bbox 819 2850 904 2892; x_wconf 92' lang='lat' dir='ltr'><strong><em>tuo</em></strong></span> <span class='ocrx_word' id='word_1_276' title='bbox 928 2849 981 2889; x_wconf 89' lang='lat' dir='ltr'><strong><em>tu</em></strong></span> <span class='ocrx_word' id='word_1_277' title='bbox 1004 2838 1282 2891; x_wconf 85' lang='lat' dir='ltr'><strong><em>sanctitatis</em></strong></span> <span class='ocrx_word' id='word_1_278' title='bbox 1304 2836 1495 2889; x_wconf 83' lang='lat' dir='ltr'><strong><em>honore</em></strong></span> <span class='ocrx_word' id='word_1_279' title='bbox 1521 2850 1633 2887; x_wconf 89' lang='lat' dir='ltr'><strong><em>cum</em></strong></span> <span class='ocrx_word' id='word_1_280' title='bbox 1654 2835 2024 2904; x_wconf 84' lang='lat' dir='ltr'><strong><em>subscriptione</em></strong></span> 
     </span>
    </p>
   </div>
   <div class='ocr_carea' id='block_1_39' title="bbox 463 2904 2023 2982">
    <p class='ocr_par' dir='ltr' id='par_1_39' title="bbox 463 2904 2023 2982">
     <span class='ocr_line' id='line_1_39' title="bbox 463 2904 2023 2982; baseline -0.002 -20"><span class='ocrx_word' id='word_1_281' title='bbox 463 2911 754 2982; x_wconf 78' lang='lat' dir='ltr'><strong><em>degraderis</em></strong></span> <span class='ocrx_word' id='word_1_282' title='bbox 894 2909 973 2961; x_wconf 79' lang='lat' dir='ltr'><strong><em>Ad</em></strong></span> <span class='ocrx_word' id='word_1_283' title='bbox 1022 2910 1257 2982; x_wconf 79' lang='lat' dir='ltr'><strong><em>ultimum</em></strong></span> <span class='ocrx_word' id='word_1_284' title='bbox 1304 2907 1425 2959; x_wconf 89' lang='lat' dir='ltr'><strong><em>dum</em></strong></span> <span class='ocrx_word' id='word_1_285' title='bbox 1452 2904 1641 2958; x_wconf 85' lang='lat' dir='ltr'><strong><em>diutius</em></strong></span> <span class='ocrx_word' id='word_1_286' title='bbox 1656 2904 1836 2982; x_wconf 76' lang='lat' dir='ltr'><strong><em>multis</em></strong></span> <span class='ocrx_word' id='word_1_287' title='bbox 1862 2922 2023 2975; x_wconf 84' lang='lat' dir='ltr'><strong><em>agno-</em></strong></span> 
     </span>
    </p>
   </div>
   <div class='ocr_carea' id='block_1_40' title="bbox 464 2975 2019 3046">
    <p class='ocr_par' dir='ltr' id='par_1_40' title="bbox 464 2975 2019 3046">
     <span class='ocr_line' id='line_1_40' title="bbox 464 2975 2019 3046; baseline -0.001 -15"><span class='ocrx_word' id='word_1_288' title='bbox 464 2975 715 3034; x_wconf 62' lang='lat' dir='ltr'><strong><em>sce&#39;ntibus</em></strong></span> <span class='ocrx_word' id='word_1_289' title='bbox 758 2995 962 3032; x_wconf 75' lang='lat' dir='ltr'><strong><em>cinisam</em></strong></span> <span class='ocrx_word' id='word_1_290' title='bbox 988 2978 1150 3030; x_wconf 84' lang='lat' dir='ltr'><strong><em>celare</em></strong></span> <span class='ocrx_word' id='word_1_291' title='bbox 1179 2993 1280 3029; x_wconf 87' lang='lat' dir='ltr'><strong><em>non</em></strong></span> <span class='ocrx_word' id='word_1_292' title='bbox 1310 2984 1560 3046; x_wconf 88' lang='lat' dir='ltr'><strong><em>poterant,</em></strong></span> <span class='ocrx_word' id='word_1_293' title='bbox 1586 2976 1749 3041; x_wconf 89' lang='lat' dir='ltr'><strong><em>primo</em></strong></span> <span class='ocrx_word' id='word_1_294' title='bbox 1780 2975 2019 3046; x_wconf 66' lang='lat' dir='ltr'><strong><em>dixerunt</em></strong></span> 
     </span>
    </p>
   </div>
   <div class='ocr_carea' id='block_1_41' title="bbox 463 3042 2022 3115">
    <p class='ocr_par' dir='ltr' id='par_1_41' title="bbox 463 3042 2022 3115">
     <span class='ocr_line' id='line_1_41' title="bbox 463 3042 2022 3115; baseline -0.003 -12"><span class='ocrx_word' id='word_1_295' title='bbox 463 3051 687 3115; x_wconf 78' lang='lat' dir='ltr'><strong>(inimici</strong></span> <span class='ocrx_word' id='word_1_296' title='bbox 733 3050 931 3102; x_wconf 34' lang='lat' dir='ltr'><strong>sciliiet</strong></span> <span class='ocrx_word' id='word_1_297' title='bbox 976 3046 1225 3113; x_wconf 86' lang='lat' dir='ltr'><strong>Willridi)</strong></span> <span class='ocrx_word' id='word_1_298' title='bbox 1258 3042 1498 3101; x_wconf 77' lang='lat' dir='ltr'><strong><em>sanctum</em></strong></span> <span class='ocrx_word' id='word_1_299' title='bbox 1523 3046 1769 3113; x_wconf 89' lang='lat' dir='ltr'><strong><em>famulum</em></strong></span> <span class='ocrx_word' id='word_1_300' title='bbox 1796 3042 2022 3115; x_wconf 72' lang='lat' dir='ltr'><strong><em>Deiom-</em></strong></span> 
     </span>
    </p>
   </div>
   <div class='ocr_carea' id='block_1_42' title="bbox 2138 462 3697 538">
    <p class='ocr_par' dir='ltr' id='par_1_42' title="bbox 2138 462 3697 538">
     <span class='ocr_line' id='line_1_42' title="bbox 2138 462 3697 538; baseline 0.01 -26"><span class='ocrx_word' id='word_1_301' title='bbox 2138 473 2189 512; x_wconf 81' lang='lat' dir='ltr'><strong><em>et</em></strong></span> <span class='ocrx_word' id='word_1_302' title='bbox 2210 462 2387 538; x_wconf 66' lang='lat' dir='ltr'><strong>socios</strong></span> <span class='ocrx_word' id='word_1_303' title='bbox 2414 477 2441 515; x_wconf 90' lang='lat' dir='ltr'><strong><em>a</em></strong></span> <span class='ocrx_word' id='word_1_304' title='bbox 2465 472 2609 538; x_wconf 84' lang='lat' dir='ltr'><strong>sorte</strong></span> <span class='ocrx_word' id='word_1_305' title='bbox 2632 465 3005 538; x_wconf 72' lang='lat' dir='ltr'><strong>lldeliumcsse</strong></span> <span class='ocrx_word' id='word_1_306' title='bbox 3033 477 3361 538; x_wconf 80' lang='lat' dir='ltr'><strong>segregatos,</strong></span> <span class='ocrx_word' id='word_1_307' title='bbox 3391 480 3436 525; x_wconf 84' lang='lat' dir='ltr'><strong><em>et</em></strong></span> <span class='ocrx_word' id='word_1_308' title='bbox 3458 484 3578 523; x_wconf 85' lang='lat' dir='ltr'><strong><em>vasa</em></strong></span> <span class='ocrx_word' id='word_1_309' title='bbox 3603 472 3697 528; x_wconf 88' lang='lat' dir='ltr'><strong><em>Dei</em></strong></span> 
     </span>
    </p>
   </div>
   <div class='ocr_carea' id='block_1_43' title="bbox 2135 531 3689 609">
    <p class='ocr_par' dir='ltr' id='par_1_43' title="bbox 2135 531 3689 609">
     <span class='ocr_line' id='line_1_43' title="bbox 2135 531 3689 609; baseline 0.01 -29"><span class='ocrx_word' id='word_1_310' title='bbox 2135 531 2311 609; x_wconf 78' lang='lat' dir='ltr'><strong><em>quibus</em></strong></span> <span class='ocrx_word' id='word_1_311' title='bbox 2352 534 2691 596; x_wconf 88' lang='lat' dir='ltr'><strong><em>vescebantur,</em></strong></span> <span class='ocrx_word' id='word_1_312' title='bbox 2727 536 2885 609; x_wconf 76' lang='lat' dir='ltr'><strong><em>lavari</em></strong></span> <span class='ocrx_word' id='word_1_313' title='bbox 2923 531 3261 609; x_wconf 38' lang='lat' dir='ltr'><strong><em>priusfqudsi</em></strong></span> <span class='ocrx_word' id='word_1_314' title='bbox 3293 531 3440 593; x_wconf 81' lang='lat' dir='ltr'><strong><em>sorde</em></strong></span> <span class='ocrx_word' id='word_1_315' title='bbox 3469 540 3689 609; x_wconf 89' lang='lat' dir='ltr'><strong><em>polluta,</em></strong></span> 
     </span>
    </p>
   </div>
   <div class='ocr_carea' id='block_1_44' title="bbox 2127 600 3688 675">
    <p class='ocr_par' dir='ltr' id='par_1_44' title="bbox 2127 600 3688 675">
     <span class='ocr_line' id='line_1_44' title="bbox 2127 600 3688 675; baseline 0.008 -24"><span class='ocrx_word' id='word_1_316' title='bbox 2127 600 2395 675; x_wconf 77' lang='lat' dir='ltr'><strong><em>jubebaat,</em></strong></span> <span class='ocrx_word' id='word_1_317' title='bbox 2417 614 2685 675; x_wconf 81' lang='lat' dir='ltr'><strong><em>antequam</em></strong></span> <span class='ocrx_word' id='word_1_318' title='bbox 2702 605 2764 656; x_wconf 87' lang='lat' dir='ltr'><strong><em>ab</em></strong></span> <span class='ocrx_word' id='word_1_319' title='bbox 2787 606 2894 659; x_wconf 82' lang='lat' dir='ltr'><strong><em>illis</em></strong></span> <span class='ocrx_word' id='word_1_320' title='bbox 2922 600 3353 675; x_wconf 71' lang='lat' dir='ltr'><strong><em>contingerentur,</em></strong></span> <span class='ocrx_word' id='word_1_321' title='bbox 3382 600 3688 673; x_wconf 33' lang='lat' dir='ltr'><strong>ait-Eddius;</strong></span> 
     </span>
    </p>
   </div>
   <div class='ocr_carea' id='block_1_45' title="bbox 2133 671 3686 750">
    <p class='ocr_par' dir='ltr' id='par_1_45' title="bbox 2133 671 3686 750">
     <span class='ocr_line' id='line_1_45' title="bbox 2133 671 3686 750; baseline 0.006 -26"><span class='ocrx_word' id='word_1_322' title='bbox 2133 683 2253 750; x_wconf 77' lang='lat' dir='ltr'><strong>cap.</strong></span> <span class='ocrx_word' id='word_1_323' title='bbox 2308 671 2397 735; x_wconf 75' lang='grc'><strong><em>46,</em></strong></span> <span class='ocrx_word' id='word_1_324' title='bbox 2448 671 3201 750; x_wconf 60' lang='lat' dir='ltr'><strong>quicap_._sequenti_sub}iit,</strong></span> <span class='ocrx_word' id='word_1_325' title='bbox 3229 677 3535 750; x_wconf 80' lang='lat' dir='ltr'><strong>Wilfridum</strong></span> <span class='ocrx_word' id='word_1_326' title='bbox 3567 671 3686 735; x_wconf 80' lang='lat' dir='ltr'><strong>cuni</strong></span> 
     </span>
    </p>
   </div>
   <div class='ocr_carea' id='block_1_46' title="bbox 2134 743 3689 818">
    <p class='ocr_par' dir='ltr' id='par_1_46' title="bbox 2134 743 3689 818">
     <span class='ocr_line' id='line_1_46' title="bbox 2134 743 3689 818; baseline 0.01 -28"><span class='ocrx_word' id='word_1_327' title='bbox 2134 743 2245 818; x_wconf 78' lang='lat' dir='ltr'><strong>suis</strong></span> <span class='ocrx_word' id='word_1_328' title='bbox 2275 756 2467 818; x_wconf 80' lang='lat' dir='ltr'><strong>navem</strong></span> <span class='ocrx_word' id='word_1_329' title='bbox 2493 743 2819 818; x_wconf 74' lang='lat' dir='ltr'><strong>ascendisse,</strong></span> <span class='ocrx_word' id='word_1_330' title='bbox 2850 753 2904 798; x_wconf 84' lang='lat' dir='ltr'><strong><em>et</em></strong></span> <span class='ocrx_word' id='word_1_331' title='bbox 2927 744 2991 799; x_wconf 86' lang='lat' dir='ltr'><strong><em>ad</em></strong></span> <span class='ocrx_word' id='word_1_332' title='bbox 3019 745 3199 800; x_wconf 91' lang='lat' dir='ltr'><strong><em>sedem</em></strong></span> <span class='ocrx_word' id='word_1_333' title='bbox 3230 749 3573 815; x_wconf 86' lang='lat' dir='ltr'><strong>apostolicam</strong></span> <span class='ocrx_word' id='word_1_334' title='bbox 3603 766 3689 805; x_wconf 83' lang='lat' dir='ltr'><strong>ve-</strong></span> 
     </span>
    </p>
   </div>
   <div class='ocr_carea' id='block_1_47' title="bbox 2134 812 3692 931">
    <p class='ocr_par' dir='ltr' id='par_1_47' title="bbox 2134 812 3692 931">
     <span class='ocr_line' id='line_1_47' title="bbox 2134 812 3692 931; baseline 0.01 -72"><span class='ocrx_word' id='word_1_335' title='bbox 2134 812 2297 931; x_wconf 51' lang='lat' dir='ltr'><strong>:iisste,</strong></span> <span class='ocrx_word' id='word_1_336' title='bbox 2327 812 2497 878; x_wconf 91' lang='lat' dir='ltr'><strong>primo</strong></span> <span class='ocrx_word' id='word_1_337' title='bbox 2524 826 2647 866; x_wconf 86' lang='lat' dir='ltr'><strong>vere</strong></span> <span class='ocrx_word' id='word_1_338' title='bbox 2663 813 2886 880; x_wconf 81' lang='lat' dir='ltr'><strong>scilicet,</strong></span> <span class='ocrx_word' id='word_1_339' title='bbox 2905 823 2959 868; x_wconf 88' lang='lat' dir='ltr'><strong><em>et</em></strong></span> <span class='ocrx_word' id='word_1_340' title='bbox 2981 830 3112 869; x_wconf 84' lang='lat' dir='ltr'><strong>mari</strong></span> <span class='ocrx_word' id='word_1_341' title='bbox 3132 812 3336 886; x_wconf 73' lang='lat' dir='ltr'><strong>aperio,</strong></span> <span class='ocrx_word' id='word_1_342' title='bbox 3355 819 3692 886; x_wconf 86' lang='lat' dir='ltr'><strong>utconjicere</strong></span> 
     </span>
     <span class='ocr_line' id='line_1_48' title="bbox 2154 891 2275 931; baseline 0 0"><span class='ocrx_word' id='word_1_343' title='bbox 2154 891 2231 931; x_wconf 80' lang='lat' dir='ltr'><strong><em>tce</em></strong></span> <span class='ocrx_word' id='word_1_344' title='bbox 2264 920 2275 931; x_wconf 94' lang='lat'><strong>.</strong></span> 
     </span>
    </p>
   </div>
   <div class='ocr_carea' id='block_1_48' title="bbox 2154 886 2275 932">
    <p class='ocr_par' dir='ltr' id='par_1_48' title="bbox 2154 886 2275 932">
     <span class='ocr_line' id='line_1_49' title="bbox 2154 886 2275 932; baseline 0.008 -1"><span class='ocrx_word' id='word_1_345' title='bbox 2154 886 2275 932; x_wconf 84' lang='lat' dir='ltr'><strong>icet.</strong></span> 
     </span>
    </p>
   </div>
   <div class='ocr_carea' id='block_1_49' title="bbox 2203 948 3689 1014">
    <p class='ocr_par' dir='ltr' id='par_1_49' title="bbox 2203 948 3689 1014">
     <span class='ocr_line' id='line_1_50' title="bbox 2203 948 3689 1014; baseline 0.008 -13"><span class='ocrx_word' id='word_1_346' title='bbox 2203 951 2355 1001; x_wconf 79' lang='lat' dir='ltr'><strong>Anno</strong></span> <span class='ocrx_word' id='word_1_347' title='bbox 2379 948 2576 1005; x_wconf 85' lang='lat' dir='ltr'><strong>Christi</strong></span> <span class='ocrx_word' id='word_1_348' title='bbox 2598 951 2700 1006; x_wconf 73' lang='lat'><strong><em>704</em></strong></span> <span class='ocrx_word' id='word_1_349' title='bbox 2730 953 2787 1008; x_wconf 87' lang='lat' dir='ltr'><strong><em>S.</em></strong></span> <span class='ocrx_word' id='word_1_350' title='bbox 2820 952 3049 1008; x_wconf 86' lang='lat' dir='ltr'><strong>Wlllridi</strong></span> <span class='ocrx_word' id='word_1_351' title='bbox 3080 970 3239 1010; x_wconf 87' lang='lat' dir='ltr'><strong>causa</strong></span> <span class='ocrx_word' id='word_1_352' title='bbox 3272 970 3451 1010; x_wconf 89' lang='lat' dir='ltr'><strong>coram</strong></span> <span class='ocrx_word' id='word_1_353' title='bbox 3481 957 3689 1014; x_wconf 77' lang='lat' dir='ltr'><strong>Joanne</strong></span> 
     </span>
    </p>
   </div>
   <div class='ocr_carea' id='block_1_50' title="bbox 2134 1022 3691 1097">
    <p class='ocr_par' dir='ltr' id='par_1_50' title="bbox 2134 1022 3691 1097">
     <span class='ocr_line' id='line_1_51' title="bbox 2134 1022 3691 1097; baseline 0.009 -29"><span class='ocrx_word' id='word_1_354' title='bbox 2134 1030 2266 1097; x_wconf 82' lang='lat' dir='ltr'><strong>papa</strong></span> <span class='ocrx_word' id='word_1_355' title='bbox 2299 1022 2618 1080; x_wconf 79' lang='lat' dir='ltr'><strong>examinata.</strong></span> <span class='ocrx_word' id='word_1_356' title='bbox 2648 1024 3045 1097; x_wconf 78' lang='lat' dir='ltr'><strong>accusationum</strong></span> <span class='ocrx_word' id='word_1_357' title='bbox 3064 1027 3241 1097; x_wconf 78' lang='lat' dir='ltr'><strong>capita</strong></span> <span class='ocrx_word' id='word_1_358' title='bbox 3264 1040 3524 1097; x_wconf 47' lang='lat' dir='ltr'><strong>excussa,</strong></span> <span class='ocrx_word' id='word_1_359' title='bbox 3541 1029 3691 1092; x_wconf 85' lang='lat' dir='ltr'><strong>isque</strong></span> 
     </span>
    </p>
   </div>
   <div class='ocr_carea' id='block_1_51' title="bbox 2134 1093 3685 1167">
    <p class='ocr_par' dir='ltr' id='par_1_51' title="bbox 2134 1093 3685 1167">
     <span class='ocr_line' id='line_1_52' title="bbox 2134 1093 3685 1167; baseline 0.01 -30"><span class='ocrx_word' id='word_1_360' title='bbox 2134 1093 2390 1167; x_wconf 74' lang='lat' dir='ltr'><strong>innocens</strong></span> <span class='ocrx_word' id='word_1_361' title='bbox 2439 1093 2822 1167; x_wconf 63' lang='lat' dir='ltr'><strong>pronuntiatus.</strong></span> <span class='ocrx_word' id='word_1_362' title='bbox 2886 1093 3152 1167; x_wconf 57' lang='lat' dir='ltr'><strong>Baronius&#39;</strong></span> <span class='ocrx_word' id='word_1_363' title='bbox 3188 1096 3397 1167; x_wconf 85' lang='lat' dir='ltr'><strong><em>quidem</em></strong></span> <span class='ocrx_word' id='word_1_364' title='bbox 3429 1095 3685 1167; x_wconf 15' lang='lat' dir='ltr'><strong>‘Willridi</strong></span> 
     </span>
    </p>
   </div>
   <div class='ocr_carea' id='block_1_52' title="bbox 2136 1160 3686 1233">
    <p class='ocr_par' dir='ltr' id='par_1_52' title="bbox 2136 1160 3686 1233">
     <span class='ocr_line' id='line_1_53' title="bbox 2136 1160 3686 1233; baseline 0.008 -26"><span class='ocrx_word' id='word_1_365' title='bbox 2136 1160 2516 1222; x_wconf 90' lang='lat' dir='ltr'><strong>protectionem</strong></span> <span class='ocrx_word' id='word_1_366' title='bbox 2572 1160 2905 1233; x_wconf 53' lang='lat' dir='ltr'><strong>Romanam,</strong></span> <span class='ocrx_word' id='word_1_367' title='bbox 2953 1160 3600 1233; x_wconf 66' lang='lat' dir='ltr'><strong>ejusque.absolutionem</strong></span> <span class='ocrx_word' id='word_1_368' title='bbox 3636 1169 3686 1222; x_wconf 91' lang='lat' dir='ltr'><strong><em>in</em></strong></span> 
     </span>
    </p>
   </div>
   <div class='ocr_carea' id='block_1_53' title="bbox 2132 1231 3691 1297">
    <p class='ocr_par' dir='ltr' id='par_1_53' title="bbox 2132 1231 3691 1297">
     <span class='ocr_line' id='line_1_54' title="bbox 2132 1231 3691 1297; baseline 0.01 -20"><span class='ocrx_word' id='word_1_369' title='bbox 2132 1240 2329 1279; x_wconf 89' lang='lat' dir='ltr'><strong>annum</strong></span> <span class='ocrx_word' id='word_1_370' title='bbox 2356 1240 2663 1295; x_wconf 84' lang='lat' dir='ltr'><strong>sequentem</strong></span> <span class='ocrx_word' id='word_1_371' title='bbox 2691 1272 2704 1293; x_wconf 88' lang='lat'><strong><em>,</em></strong></span> <span class='ocrx_word' id='word_1_372' title='bbox 2732 1248 2836 1297; x_wconf 82' lang='lat' dir='ltr'><strong>quo</strong></span> <span class='ocrx_word' id='word_1_373' title='bbox 2868 1231 3100 1287; x_wconf 64' lang='lat' dir='ltr'><strong>Joannes</strong></span> <span class='ocrx_word' id='word_1_374' title='bbox 3143 1235 3226 1289; x_wconf 79' lang='lat' dir='ltr'><strong><em>VII</em></strong></span> <span class='ocrx_word' id='word_1_375' title='bbox 3262 1235 3552 1290; x_wconf 83' lang='lat' dir='ltr'><strong>Ecclesiam</strong></span> <span class='ocrx_word' id='word_1_376' title='bbox 3584 1238 3691 1291; x_wconf 82' lang='lat' dir='ltr'><strong>Ro-</strong></span> 
     </span>
    </p>
   </div>
   <div class='ocr_carea' id='block_1_54' title="bbox 2133 1297 3691 1367">
    <p class='ocr_par' dir='ltr' id='par_1_54' title="bbox 2133 1297 3691 1367">
     <span class='ocr_line' id='line_1_55' title="bbox 2133 1297 3691 1367; baseline 0.01 -21"><span class='ocrx_word' id='word_1_377' title='bbox 2133 1309 2340 1367; x_wconf 76' lang='lat' dir='ltr'><strong>manam</strong></span> <span class='ocrx_word' id='word_1_378' title='bbox 2365 1297 2795 1367; x_wconf 83' lang='lat' dir='ltr'><strong>administrabat,</strong></span> <span class='ocrx_word' id='word_1_379' title='bbox 2821 1303 2997 1358; x_wconf 79' lang='lat' dir='ltr'><strong>refert.</strong></span> <span class='ocrx_word' id='word_1_380' title='bbox 3047 1303 3235 1358; x_wconf 87' lang='lat' dir='ltr'><strong>Verum</strong></span> <span class='ocrx_word' id='word_1_381' title='bbox 3273 1315 3417 1360; x_wconf 85' lang='lat' dir='ltr'><strong>recte</strong></span> <span class='ocrx_word' id='word_1_382' title='bbox 3443 1307 3691 1362; x_wconf 88' lang='lat' dir='ltr'><strong>observat</strong></span> 
     </span>
    </p>
   </div>
   <div class='ocr_carea' id='block_1_55' title="bbox 2134 1364 3686 1445">
    <p class='ocr_par' dir='ltr' id='par_1_55' title="bbox 2134 1364 3686 1445">
     <span class='ocr_line' id='line_1_56' title="bbox 2134 1364 3686 1445; baseline 0.01 -29"><span class='ocrx_word' id='word_1_383' title='bbox 2134 1364 2639 1445; x_wconf 43' lang='lat' dir='ltr'><strong>yiilmgsburiensis.</strong></span> <span class='ocrx_word' id='word_1_384' title='bbox 2679 1364 2867 1424; x_wconf 48' lang='lat' dir='ltr'><strong>lib.&#39;ui</strong></span> <span class='ocrx_word' id='word_1_385' title='bbox 2914 1373 2980 1427; x_wconf 91' lang='lat' dir='ltr'><strong><em>de</em></strong></span> <span class='ocrx_word' id='word_1_386' title='bbox 3032 1373 3178 1445; x_wconf 80' lang='lat' dir='ltr'><strong>Gest.</strong></span> <span class='ocrx_word' id='word_1_387' title='bbox 3208 1375 3391 1442; x_wconf 77' lang='lat' dir='ltr'><strong>pontii.</strong></span> <span class='ocrx_word' id='word_1_388' title='bbox 3424 1377 3600 1445; x_wconf 76' lang='lat' dir='ltr'><strong>Angl.,</strong></span> <span class='ocrx_word' id='word_1_389' title='bbox 3636 1393 3686 1444; x_wconf 89' lang='lat' dir='ltr'><strong><em>p.</em></strong></span> 
     </span>
    </p>
   </div>
   <div class='ocr_carea' id='block_1_56' title="bbox 2129 1432 3690 1511">
    <p class='ocr_par' dir='ltr' id='par_1_56' title="bbox 2129 1432 3690 1511">
     <span class='ocr_line' id='line_1_57' title="bbox 2129 1432 3690 1511; baseline 0.01 -24"><span class='ocrx_word' id='word_1_390' title='bbox 2291 1434 2589 1511; x_wconf 79' lang='lat' dir='ltr'><strong>Wilfridutn</strong></span> <span class='ocrx_word' id='word_1_391' title='bbox 2611 1441 2726 1509; x_wconf 87' lang='lat' dir='ltr'><strong><em>jam</em></strong></span> <span class='ocrx_word' id='word_1_392' title='bbox 2753 1432 3369 1511; x_wconf 58' lang='lat' dir='ltr'><strong><em>septuagenarium&#39;mare</em></strong></span> <span class='ocrx_word' id='word_1_393' title='bbox 3399 1432 3649 1502; x_wconf 57' lang='lat' dir='ltr'><strong>transisse</strong></span> <span class='ocrx_word' id='word_1_394' title='bbox 3674 1488 3690 1510; x_wconf 89' lang='lat'><strong>,</strong></span> 
     </span>
    </p>
   </div>
   <div class='ocr_carea' id='block_1_57' title="bbox 2132 1502 3685 1580">
    <p class='ocr_par' dir='ltr' id='par_1_57' title="bbox 2132 1502 3685 1580">
     <span class='ocr_line' id='line_1_58' title="bbox 2132 1502 3685 1580; baseline 0.006 -21"><span class='ocrx_word' id='word_1_395' title='bbox 2132 1502 2750 1580; x_wconf 55' lang='lat' dir='ltr'><strong>Urbemqneintroi&#39;isse,</strong></span> <span class='ocrx_word' id='word_1_396' title='bbox 2777 1502 2998 1580; x_wconf 68' lang='lat' dir='ltr'><strong>ideoque</strong></span> <span class='ocrx_word' id='word_1_397' title='bbox 3024 1512 3123 1567; x_wconf 90' lang='lat' dir='ltr'><strong><em>hoc</em></strong></span> <span class='ocrx_word' id='word_1_398' title='bbox 3148 1516 3225 1568; x_wconf 85' lang='lat' dir='ltr'><strong><em>vel</em></strong></span> <span class='ocrx_word' id='word_1_399' title='bbox 3244 1516 3502 1579; x_wconf 87' lang='lat' dir='ltr'><strong>superiori</strong></span> <span class='ocrx_word' id='word_1_400' title='bbox 3525 1502 3685 1577; x_wconf 59' lang='lat' dir='ltr'><strong>anno,</strong></span> 
     </span>
    </p>
   </div>
   <div class='ocr_carea' id='block_1_58' title="bbox 2132 1574 3693 1652">
    <p class='ocr_par' dir='ltr' id='par_1_58' title="bbox 2132 1574 3693 1652">
     <span class='ocr_line' id='line_1_59' title="bbox 2132 1574 3693 1652; baseline 0.008 -25"><span class='ocrx_word' id='word_1_401' title='bbox 2132 1588 2270 1652; x_wconf 45' lang='lat' dir='ltr'><strong>cuni</strong></span> <span class='ocrx_word' id='word_1_402' title='bbox 2288 1574 2561 1652; x_wconf 58' lang='lat' dir='ltr'><strong>Wilfridus</strong></span> <span class='ocrx_word' id='word_1_403' title='bbox 2582 1620 2596 1643; x_wconf 93' lang='lat'><strong><em>,</em></strong></span> <span class='ocrx_word' id='word_1_404' title='bbox 2631 1589 2773 1652; x_wconf 82' lang='lat' dir='ltr'><strong>teste</strong></span> <span class='ocrx_word' id='word_1_405' title='bbox 2790 1574 3046 1637; x_wconf 80' lang='lat' dir='ltr'><strong>Eadmero</strong></span> <span class='ocrx_word' id='word_1_406' title='bbox 3085 1584 3133 1636; x_wconf 92' lang='lat' dir='ltr'><strong>in</strong></span> <span class='ocrx_word' id='word_1_407' title='bbox 3162 1586 3277 1651; x_wconf 83' lang='lat' dir='ltr'><strong>ejus</strong></span> <span class='ocrx_word' id='word_1_408' title='bbox 3311 1574 3446 1648; x_wconf 66' lang='lat' dir='ltr'><strong>Viti,</strong></span> <span class='ocrx_word' id='word_1_409' title='bbox 3477 1588 3615 1652; x_wconf 87' lang='lat' dir='ltr'><strong>quod</strong></span> <span class='ocrx_word' id='word_1_410' title='bbox 3639 1574 3693 1641; x_wconf 86' lang='lat' dir='ltr'><strong><em>et.</em></strong></span> 
     </span>
    </p>
   </div>
   <div class='ocr_carea' id='block_1_59' title="bbox 2132 1644 3689 1725">
    <p class='ocr_par' dir='ltr' id='par_1_59' title="bbox 2132 1644 3689 1725">
     <span class='ocr_line' id='line_1_60' title="bbox 2132 1644 3689 1725; baseline 0.008 -28"><span class='ocrx_word' id='word_1_411' title='bbox 2132 1658 2197 1725; x_wconf 71' lang='lat' dir='ltr'><strong>ex</strong></span> <span class='ocrx_word' id='word_1_412' title='bbox 2232 1644 2585 1725; x_wconf 62' lang='lat' dir='ltr'><strong>Eddioetiam</strong></span> <span class='ocrx_word' id='word_1_413' title='bbox 2607 1650 2890 1725; x_wconf 66' lang='lat' dir='ltr'><strong>colligitur,</strong></span> <span class='ocrx_word' id='word_1_414' title='bbox 2911 1661 3063 1725; x_wconf 71' lang='lat' dir='ltr'><strong>natus</strong></span> <span class='ocrx_word' id='word_1_415' title='bbox 3089 1654 3157 1725; x_wconf 85' lang='lat' dir='ltr'><strong><em>sit</em></strong></span> <span class='ocrx_word' id='word_1_416' title='bbox 3177 1644 3317 1707; x_wconf 72' lang='lat' dir='ltr'><strong>anno</strong></span> <span class='ocrx_word' id='word_1_417' title='bbox 3337 1644 3461 1709; x_wconf 59' lang='grc'><strong><em>654.</em></strong></span> <span class='ocrx_word' id='word_1_418' title='bbox 3491 1644 3689 1709; x_wconf 73' lang='lat' dir='ltr'><strong>Eddius</strong></span> 
     </span>
    </p>
   </div>
   <div class='ocr_carea' id='block_1_60' title="bbox 2133 1716 3688 1789">
    <p class='ocr_par' dir='ltr' id='par_1_60' title="bbox 2133 1716 3688 1789">
     <span class='ocr_line' id='line_1_61' title="bbox 2133 1716 3688 1789; baseline 0.007 -23"><span class='ocrx_word' id='word_1_419' title='bbox 2133 1716 2184 1766; x_wconf 91' lang='lat' dir='ltr'><strong><em>in</em></strong></span> <span class='ocrx_word' id='word_1_420' title='bbox 2214 1716 2495 1789; x_wconf 74' lang='lat' dir='ltr'><strong>ejusVita,</strong></span> <span class='ocrx_word' id='word_1_421' title='bbox 2521 1734 2637 1787; x_wconf 90' lang='lat' dir='ltr'><strong>cap.</strong></span> <span class='ocrx_word' id='word_1_422' title='bbox 2667 1721 2757 1782; x_wconf 82' lang='lat' dir='ltr'><strong><em>5t),</em></strong></span> <span class='ocrx_word' id='word_1_423' title='bbox 2797 1716 2905 1773; x_wconf 77' lang='lat' dir='ltr'><strong>ait:</strong></span> <span class='ocrx_word' id='word_1_424' title='bbox 2945 1720 3044 1774; x_wconf 89' lang='lat' dir='ltr'><strong><em>Per</em></strong></span> <span class='ocrx_word' id='word_1_425' title='bbox 3077 1723 3225 1789; x_wconf 89' lang='lat' dir='ltr'><strong><em>plura</em></strong></span> <span class='ocrx_word' id='word_1_426' title='bbox 3275 1725 3446 1787; x_wconf 88' lang='lat' dir='ltr'><strong><em>spatia</em></strong></span> <span class='ocrx_word' id='word_1_427' title='bbox 3491 1725 3688 1779; x_wconf 89' lang='lat' dir='ltr'><strong><em>dierum</em></strong></span> 
     </span>
    </p>
   </div>
   <div class='ocr_carea' id='block_1_61' title="bbox 2129 1787 3694 1863">
    <p class='ocr_par' dir='ltr' id='par_1_61' title="bbox 2129 1787 3694 1863">
     <span class='ocr_line' id='line_1_62' title="bbox 2129 1787 3694 1863; baseline 0.009 -28"><span class='ocrx_word' id='word_1_428' title='bbox 2129 1793 2173 1836; x_wconf 90' lang='lat' dir='ltr'><strong><em>et</em></strong></span> <span class='ocrx_word' id='word_1_429' title='bbox 2204 1787 2445 1863; x_wconf 76' lang='lat' dir='ltr'><strong><em>mensium</em></strong></span> <span class='ocrx_word' id='word_1_430' title='bbox 2474 1791 2533 1840; x_wconf 88' lang='lat' dir='ltr'><strong><em>ab</em></strong></span> <span class='ocrx_word' id='word_1_431' title='bbox 2577 1792 2714 1842; x_wconf 89' lang='lat' dir='ltr'><strong><em>omni</em></strong></span> <span class='ocrx_word' id='word_1_432' title='bbox 2759 1791 2959 1863; x_wconf 80' lang='lat' dir='ltr'><strong><em>piaculo</em></strong></span> <span class='ocrx_word' id='word_1_433' title='bbox 2994 1787 3179 1863; x_wconf 80' lang='lat' dir='ltr'><strong><em>scelere</em></strong></span> <span class='ocrx_word' id='word_1_434' title='bbox 3228 1795 3542 1863; x_wconf 71' lang='lat' dir='ltr'><strong><em>degradaudi</em></strong></span> <span class='ocrx_word' id='word_1_435' title='bbox 3568 1813 3694 1861; x_wconf 88' lang='lat' dir='ltr'><strong><em>pure</em></strong></span> 
     </span>
    </p>
   </div>
   <div class='ocr_carea' id='block_1_62' title="bbox 2129 1855 3695 1936">
    <p class='ocr_par' dir='ltr' id='par_1_62' title="bbox 2129 1855 3695 1936">
     <span class='ocr_line' id='line_1_63' title="bbox 2129 1855 3695 1936; baseline 0.008 -30"><span class='ocrx_word' id='word_1_436' title='bbox 2129 1855 2735 1936; x_wconf 65' lang='lat' dir='ltr'><strong><em>perfecti_&#39;qite_excitsatus</em></strong></span> <span class='ocrx_word' id='word_1_437' title='bbox 2756 1855 3029 1926; x_wconf 81' lang='lat' dir='ltr'><strong><em>probabilis</em></strong></span> <span class='ocrx_word' id='word_1_438' title='bbox 3057 1876 3258 1916; x_wconf 88' lang='lat' dir='ltr'><strong><em>sanctus</em></strong></span> <span class='ocrx_word' id='word_1_439' title='bbox 3279 1855 3509 1934; x_wconf 74' lang='lat' dir='ltr'><strong><em>pontifex</em></strong></span> <span class='ocrx_word' id='word_1_440' title='bbox 3526 1855 3695 1918; x_wconf 82' lang='lat' dir='ltr'><strong><em>noster</em></strong></span> 
     </span>
    </p>
   </div>
   <div class='ocr_carea' id='block_1_63' title="bbox 2125 1926 3690 2006">
    <p class='ocr_par' dir='ltr' id='par_1_63' title="bbox 2125 1926 3690 2006">
     <span class='ocr_line' id='line_1_64' title="bbox 2125 1926 3690 2006; baseline 0.009 -32"><span class='ocrx_word' id='word_1_441' title='bbox 2125 1926 2380 2006; x_wconf 69' lang='lat' dir='ltr'><strong><em>apparuit.</em></strong></span> <span class='ocrx_word' id='word_1_442' title='bbox 2421 1926 2573 2006; x_wconf 77' lang='lat' dir='ltr'><strong><em>_Nam</em></strong></span> <span class='ocrx_word' id='word_1_443' title='bbox 2615 1944 2703 2006; x_wconf 82' lang='lat' dir='ltr'><strong><em>per</em></strong></span> <span class='ocrx_word' id='word_1_444' title='bbox 2736 1947 2940 2006; x_wconf 71' lang='lat' dir='ltr'><strong><em>menses</em></strong></span> <span class='ocrx_word' id='word_1_445' title='bbox 2970 1942 3234 2006; x_wconf 72' lang='lat' dir='ltr'><strong><em>quatuor,</em></strong></span> <span class='ocrx_word' id='word_1_446' title='bbox 3279 1926 3331 1986; x_wconf 75' lang='lat' dir='ltr'><strong><em>et</em></strong></span> <span class='ocrx_word' id='word_1_447' title='bbox 3370 1926 3690 2006; x_wconf 82' lang='lat' dir='ltr'><strong><em>septuaginta</em></strong></span> 
     </span>
    </p>
   </div>
   <div class='ocr_carea' id='block_1_64' title="bbox 2126 1996 3692 2075">
    <p class='ocr_par' dir='ltr' id='par_1_64' title="bbox 2126 1996 3692 2075">
     <span class='ocr_line' id='line_1_65' title="bbox 2126 1996 3692 2075; baseline 0.008 -31"><span class='ocrx_word' id='word_1_448' title='bbox 2126 1996 2491 2075; x_wconf 62' lang='lat' dir='ltr'><strong><em>conciliabula</em></strong></span> <span class='ocrx_word' id='word_1_449' title='bbox 2513 1996 2846 2075; x_wconf 55' lang='lat' dir='ltr'><strong><em>sanctissima:-</em></strong></span> <span class='ocrx_word' id='word_1_450' title='bbox 2890 1996 3043 2065; x_wconf 76' lang='lat' dir='ltr'><strong><em>sedis,</em></strong></span> <span class='ocrx_word' id='word_1_451' title='bbox 3083 2004 3145 2055; x_wconf 88' lang='lat' dir='ltr'><strong><em>de</em></strong></span> <span class='ocrx_word' id='word_1_452' title='bbox 3169 1996 3381 2075; x_wconf 78' lang='lat' dir='ltr'><strong><em>fornace</em></strong></span> <span class='ocrx_word' id='word_1_453' title='bbox 3406 1996 3692 2075; x_wconf 48' lang='lat' dir='ltr'><strong><em>ignisvcxa-</em></strong></span> 
     </span>
    </p>
   </div>
   <div class='ocr_carea' id='block_1_65' title="bbox 2132 2067 3693 2142">
    <p class='ocr_par' dir='ltr' id='par_1_65' title="bbox 2132 2067 3693 2142">
     <span class='ocr_line' id='line_1_66' title="bbox 2132 2067 3693 2142; baseline 0.008 -28"><span class='ocrx_word' id='word_1_454' title='bbox 2132 2067 2361 2142; x_wconf 75' lang='lat' dir='ltr'><strong><em>minandi</em></strong></span> <span class='ocrx_word' id='word_1_455' title='bbox 2389 2069 2492 2142; x_wconf 70' lang='lat' dir='ltr'><strong>(vel</strong></span> <span class='ocrx_word' id='word_1_456' title='bbox 2523 2068 2951 2142; x_wconf 61' lang='lat' dir='ltr'><strong>exaininandusf</strong></span> <span class='ocrx_word' id='word_1_457' title='bbox 2980 2067 3259 2141; x_wconf 87' lang='lat' dir='ltr'><strong><em>apostolica</em></strong></span> <span class='ocrx_word' id='word_1_458' title='bbox 3309 2067 3551 2142; x_wconf 67' lang='lat' dir='ltr'><strong><em>poteitate</em></strong></span> <span class='ocrx_word' id='word_1_459' title='bbox 3597 2076 3693 2128; x_wconf 87' lang='lat' dir='ltr'><strong><em>hac</em></strong></span> 
     </span>
    </p>
   </div>
   <div class='ocr_carea' id='block_1_66' title="bbox 2126 2136 3691 2211">
    <p class='ocr_par' dir='ltr' id='par_1_66' title="bbox 2126 2136 3691 2211">
     <span class='ocr_line' id='line_1_67' title="bbox 2126 2136 3691 2211; baseline 0.009 -28"><span class='ocrx_word' id='word_1_460' title='bbox 2126 2136 2275 2187; x_wconf 89' lang='lat' dir='ltr'><strong><em>modo</em></strong></span> <span class='ocrx_word' id='word_1_461' title='bbox 2300 2139 2579 2211; x_wconf 72' lang='lat' dir='ltr'><strong><em>auxiliante</em></strong></span> <span class='ocrx_word' id='word_1_462' title='bbox 2609 2136 3021 2211; x_wconf 68' lang='lat' dir='ltr'><strong><em>puriﬁcatuslul</em></strong></span> <span class='ocrx_word' id='word_1_463' title='bbox 3049 2143 3240 2210; x_wconf 88' lang='lat' dir='ltr'><strong><em>dicam)</em></strong></span> <span class='ocrx_word' id='word_1_464' title='bbox 3271 2136 3462 2206; x_wconf 81' lang='lat' dir='ltr'><strong><em>evasit;</em></strong></span> <span class='ocrx_word' id='word_1_465' title='bbox 3505 2145 3691 2198; x_wconf 81' lang='lat' dir='ltr'><strong><em>recita—</em></strong></span> 
     </span>
    </p>
   </div>
   <div class='ocr_carea' id='block_1_67' title="bbox 2126 2208 3693 2279">
    <p class='ocr_par' dir='ltr' id='par_1_67' title="bbox 2126 2208 3693 2279">
     <span class='ocr_line' id='line_1_68' title="bbox 2126 2208 3693 2279; baseline 0.006 -23"><span class='ocrx_word' id='word_1_466' title='bbox 2126 2213 2331 2279; x_wconf 75' lang='lat' dir='ltr'><strong><em>tumque</em></strong></span> <span class='ocrx_word' id='word_1_467' title='bbox 2352 2208 2584 2269; x_wconf 81' lang='lat' dir='ltr'><strong><em>breviter,</em></strong></span> <span class='ocrx_word' id='word_1_468' title='bbox 2623 2210 2741 2275; x_wconf 90' lang='lat' dir='ltr'><strong><em>quia</em></strong></span> <span class='ocrx_word' id='word_1_469' title='bbox 2776 2211 2826 2262; x_wconf 86' lang='lat' dir='ltr'><strong><em>in</em></strong></span> <span class='ocrx_word' id='word_1_470' title='bbox 2850 2208 3020 2264; x_wconf 82' lang='lat' dir='ltr'><strong><em>sancto</em></strong></span> <span class='ocrx_word' id='word_1_471' title='bbox 3045 2208 3251 2279; x_wconf 86' lang='lat' dir='ltr'><strong><em>pascha,</em></strong></span> <span class='ocrx_word' id='word_1_472' title='bbox 3282 2216 3426 2266; x_wconf 82' lang='lat' dir='ltr'><strong><em>tertia</em></strong></span> <span class='ocrx_word' id='word_1_473' title='bbox 3455 2215 3537 2268; x_wconf 85' lang='lat' dir='ltr'><strong><em>die</em></strong></span> <span class='ocrx_word' id='word_1_474' title='bbox 3558 2255 3572 2279; x_wconf 90' lang='lat'><strong><em>,</em></strong></span> <span class='ocrx_word' id='word_1_475' title='bbox 3619 2225 3693 2268; x_wconf 92' lang='lat' dir='ltr'><strong><em>ter</em></strong></span> 
     </span>
    </p>
   </div>
   <div class='ocr_carea' id='block_1_68' title="bbox 2125 2274 3693 2355">
    <p class='ocr_par' dir='ltr' id='par_1_68' title="bbox 2125 2274 3693 2355">
     <span class='ocr_line' id='line_1_69' title="bbox 2125 2274 3693 2355; baseline 0.008 -30"><span class='ocrx_word' id='word_1_476' title='bbox 2125 2274 2395 2355; x_wconf 76' lang='lat' dir='ltr'><strong><em>beatissimi</em></strong></span> <span class='ocrx_word' id='word_1_477' title='bbox 2418 2274 2694 2348; x_wconf 84' lang='lat' dir='ltr'><strong><em>Agathonis</em></strong></span> <span class='ocrx_word' id='word_1_478' title='bbox 2728 2282 2971 2355; x_wconf 64' lang='lat' dir='ltr'><strong><em>synodus</em></strong></span> <span class='ocrx_word' id='word_1_479' title='bbox 3000 2274 3264 2355; x_wconf 79' lang='lat' dir='ltr'><strong><em>adversum</em></strong></span> <span class='ocrx_word' id='word_1_480' title='bbox 3293 2274 3570 2355; x_wconf 75' lang='lat' dir='ltr'><strong><em>pravitates</em></strong></span> <span class='ocrx_word' id='word_1_481' title='bbox 3590 2285 3693 2337; x_wconf 76' lang='lat' dir='ltr'><strong><em>hce—</em></strong></span> 
     </span>
    </p>
   </div>
   <div class='ocr_carea' id='block_1_69' title="bbox 2124 2350 3688 2422">
    <p class='ocr_par' dir='ltr' id='par_1_69' title="bbox 2124 2350 3688 2422">
     <span class='ocr_line' id='line_1_70' title="bbox 2124 2350 3688 2422; baseline 0.008 -27"><span class='ocrx_word' id='word_1_482' title='bbox 2124 2350 2394 2422; x_wconf 76' lang='lat' dir='ltr'><strong><em>reticorum</em></strong></span> <span class='ocrx_word' id='word_1_483' title='bbox 2411 2364 2523 2400; x_wconf 92' lang='lat' dir='ltr'><strong><em>cum</em></strong></span> <span class='ocrx_word' id='word_1_484' title='bbox 2547 2364 2682 2422; x_wconf 74' lang='lat' dir='ltr'><strong>cxxv</strong></span> <span class='ocrx_word' id='word_1_485' title='bbox 2702 2350 2995 2404; x_wconf 76' lang='lat' dir='ltr'><strong><em>orthodoxis</em></strong></span> <span class='ocrx_word' id='word_1_486' title='bbox 3015 2352 3261 2422; x_wconf 86' lang='lat' dir='ltr'><strong><em>episcopis</em></strong></span> <span class='ocrx_word' id='word_1_487' title='bbox 3282 2350 3553 2407; x_wconf 88' lang='lat' dir='ltr'><strong><em>constituta</em></strong></span> <span class='ocrx_word' id='word_1_488' title='bbox 3575 2366 3647 2407; x_wconf 87' lang='lat' dir='ltr'><strong><em>est</em></strong></span> <span class='ocrx_word' id='word_1_489' title='bbox 3671 2369 3688 2407; x_wconf 93' lang='lat'><em>:</em></span> 
     </span>
    </p>
   </div>
   <div class='ocr_carea' id='block_1_70' title="bbox 2124 2418 3692 2490">
    <p class='ocr_par' dir='ltr' id='par_1_70' title="bbox 2124 2418 3692 2490">
     <span class='ocr_line' id='line_1_71' title="bbox 2124 2418 3692 2490; baseline 0.007 -24"><span class='ocrx_word' id='word_1_490' title='bbox 2124 2429 2189 2467; x_wconf 79' lang='lat' dir='ltr'><strong><em>ex</em></strong></span> <span class='ocrx_word' id='word_1_491' title='bbox 2225 2418 2404 2490; x_wconf 84' lang='lat' dir='ltr'><strong><em>quibus</em></strong></span> <span class='ocrx_word' id='word_1_492' title='bbox 2444 2421 2782 2488; x_wconf 85' lang='lat' dir='ltr'><strong><em>unusquisque</em></strong></span> <span class='ocrx_word' id='word_1_493' title='bbox 2829 2437 2920 2487; x_wconf 84' lang='lat' dir='ltr'><strong><em>pro</em></strong></span> <span class='ocrx_word' id='word_1_494' title='bbox 2966 2418 3058 2474; x_wconf 86' lang='lat' dir='ltr'><strong><em>sua</em></strong></span> <span class='ocrx_word' id='word_1_495' title='bbox 3103 2418 3362 2490; x_wconf 84' lang='lat' dir='ltr'><strong><em>provincia</em></strong></span> <span class='ocrx_word' id='word_1_496' title='bbox 3400 2432 3448 2475; x_wconf 90' lang='lat' dir='ltr'><strong><em>et</em></strong></span> <span class='ocrx_word' id='word_1_497' title='bbox 3490 2426 3692 2477; x_wconf 85' lang='lat' dir='ltr'><strong><em>civitate</em></strong></span> 
     </span>
    </p>
   </div>
   <div class='ocr_carea' id='block_1_71' title="bbox 2124 2489 3691 2561">
    <p class='ocr_par' dir='ltr' id='par_1_71' title="bbox 2124 2489 3691 2561">
     <span class='ocr_line' id='line_1_72' title="bbox 2124 2489 3691 2561; baseline 0.006 -26"><span class='ocrx_word' id='word_1_498' title='bbox 2124 2500 2289 2561; x_wconf 79' lang='lat' dir='ltr'><strong><em>rerum</em></strong></span> <span class='ocrx_word' id='word_1_499' title='bbox 2320 2489 2479 2561; x_wconf 83' lang='lat' dir='ltr'><strong><em>fidem</em></strong></span> <span class='ocrx_word' id='word_1_500' title='bbox 2499 2491 2758 2561; x_wconf 77' lang='lat' dir='ltr'><strong><em>confessus</em></strong></span> <span class='ocrx_word' id='word_1_501' title='bbox 2782 2500 2876 2561; x_wconf 80' lang='lat' dir='ltr'><strong><em>est,</em></strong></span> <span class='ocrx_word' id='word_1_502' title='bbox 2906 2500 2952 2543; x_wconf 92' lang='lat' dir='ltr'><strong><em>et</em></strong></span> <span class='ocrx_word' id='word_1_503' title='bbox 2985 2489 3352 2559; x_wconf 84' lang='lat' dir='ltr'><strong><em>subscriptione</em></strong></span> <span class='ocrx_word' id='word_1_504' title='bbox 3380 2510 3473 2546; x_wconf 90' lang='lat' dir='ltr'><strong><em>sua</em></strong></span> <span class='ocrx_word' id='word_1_505' title='bbox 3501 2494 3691 2561; x_wconf 86' lang='lat' dir='ltr'><strong><em>confir-</em></strong></span> 
     </span>
    </p>
   </div>
   <div class='ocr_carea' id='block_1_72' title="bbox 2126 2557 3687 2631">
    <p class='ocr_par' dir='ltr' id='par_1_72' title="bbox 2126 2557 3687 2631">
     <span class='ocr_line' id='line_1_73' title="bbox 2126 2557 3687 2631; baseline 0.008 -29"><span class='ocrx_word' id='word_1_506' title='bbox 2126 2557 2370 2631; x_wconf 36' lang='lat' dir='ltr'><strong><em>innuit&quot;...</em></strong></span> <span class='ocrx_word' id='word_1_507' title='bbox 2396 2559 2482 2631; x_wconf 84' lang='lat' dir='ltr'><strong><em>qui</em></strong></span> <span class='ocrx_word' id='word_1_508' title='bbox 2508 2575 2595 2626; x_wconf 89' lang='lat' dir='ltr'><strong><em>per</em></strong></span> <span class='ocrx_word' id='word_1_509' title='bbox 2616 2559 2685 2613; x_wconf 74' lang='grc'><strong><em>40</em></strong></span> <span class='ocrx_word' id='word_1_510' title='bbox 2706 2570 2753 2611; x_wconf 88' lang='lat' dir='ltr'><strong><em>et</em></strong></span> <span class='ocrx_word' id='word_1_511' title='bbox 2776 2559 2843 2631; x_wconf 82' lang='grc'><strong>50</strong></span> <span class='ocrx_word' id='word_1_512' title='bbox 2880 2562 3098 2631; x_wconf 83' lang='lat' dir='ltr'><strong><em>amplius</em></strong></span> <span class='ocrx_word' id='word_1_513' title='bbox 3142 2557 3303 2616; x_wconf 84' lang='lat' dir='ltr'><strong><em>annos</em></strong></span> <span class='ocrx_word' id='word_1_514' title='bbox 3349 2557 3687 2631; x_wconf 74' lang='lat' dir='ltr'><strong><em>Episcopatus</em></strong></span> 
     </span>
    </p>
   </div>
   <div class='ocr_carea' id='block_1_73' title="bbox 2126 2623 3685 2702">
    <p class='ocr_par' dir='ltr' id='par_1_73' title="bbox 2126 2623 3685 2702">
     <span class='ocr_line' id='line_1_74' title="bbox 2126 2623 3685 2702; baseline 0.008 -28"><span class='ocrx_word' id='word_1_515' title='bbox 2126 2623 2285 2702; x_wconf 72' lang='lat' dir='ltr'><strong><em>officio</em></strong></span> <span class='ocrx_word' id='word_1_516' title='bbox 2311 2623 2682 2702; x_wconf 76' lang='lat' dir='ltr'><strong><em>fungebatur...</em></strong></span> <span class='ocrx_word' id='word_1_517' title='bbox 2704 2639 2749 2702; x_wconf 88' lang='lat' dir='ltr'><strong><em>et</em></strong></span> <span class='ocrx_word' id='word_1_518' title='bbox 2777 2630 2888 2684; x_wconf 85' lang='lat' dir='ltr'><strong><em>ideo</em></strong></span> <span class='ocrx_word' id='word_1_519' title='bbox 2919 2623 3061 2701; x_wconf 79' lang='lat' dir='ltr'><strong><em>digni</em></strong></span> <span class='ocrx_word' id='word_1_520' title='bbox 3079 2643 3193 2685; x_wconf 84' lang='lat' dir='ltr'><strong><em>sunt</em></strong></span> <span class='ocrx_word' id='word_1_521' title='bbox 3232 2623 3408 2700; x_wconf 72' lang='lat' dir='ltr'><strong><em>plenas</em></strong></span> <span class='ocrx_word' id='word_1_522' title='bbox 3436 2623 3591 2697; x_wconf 75' lang='lat' dir='ltr'><strong><em>luere,</em></strong></span> <span class='ocrx_word' id='word_1_523' title='bbox 3633 2636 3685 2687; x_wconf 91' lang='lat' dir='ltr'><strong><em>in</em></strong></span> 
     </span>
    </p>
   </div>
   <div class='ocr_carea' id='block_1_74' title="bbox 2125 2698 3688 2775">
    <p class='ocr_par' dir='ltr' id='par_1_74' title="bbox 2125 2698 3688 2775">
     <span class='ocr_line' id='line_1_75' title="bbox 2125 2698 3688 2775; baseline 0.008 -31"><span class='ocrx_word' id='word_1_524' title='bbox 2125 2698 2226 2775; x_wconf 78' lang='lat' dir='ltr'><strong><em>ima</em></strong></span> <span class='ocrx_word' id='word_1_525' title='bbox 2258 2698 2475 2751; x_wconf 86' lang='lat' dir='ltr'><strong><em>carceris</em></strong></span> <span class='ocrx_word' id='word_1_526' title='bbox 2514 2698 3032 2775; x_wconf 31' lang='lat' dir='ltr'><strong><em>angustia‘usquead</em></strong></span> <span class='ocrx_word' id='word_1_527' title='bbox 3062 2698 3434 2775; x_wconf 24' lang='lat' dir='ltr'><strong><em>finem‘mortis</em></strong></span> <span class='ocrx_word' id='word_1_528' title='bbox 3462 2705 3688 2757; x_wconf 86' lang='lat' dir='ltr'><strong><em>incarce-</em></strong></span> 
     </span>
    </p>
   </div>
   <div class='ocr_carea' id='block_1_75' title="bbox 2126 2769 3682 2844">
    <p class='ocr_par' dir='ltr' id='par_1_75' title="bbox 2126 2769 3682 2844">
     <span class='ocr_line' id='line_1_76' title="bbox 2126 2769 3682 2844; baseline 0.007 -29"><span class='ocrx_word' id='word_1_529' title='bbox 2126 2769 2245 2844; x_wconf 28' lang='grc' dir='ltr'><strong><em>ςκαιξ3</em></strong></span> <span class='ocrx_word' id='word_1_530' title='bbox 2278 2769 2866 2844; x_wconf 72' lang='lat' dir='ltr'><strong>accusatoresscilicet</strong></span> <span class='ocrx_word' id='word_1_531' title='bbox 2901 2772 3036 2841; x_wconf 83' lang='lat' dir='ltr'><strong>ejus,</strong></span> <span class='ocrx_word' id='word_1_532' title='bbox 3064 2769 3068 2770; x_wconf 52' lang='grc'><strong>“</strong></span> <span class='ocrx_word' id='word_1_533' title='bbox 3093 2781 3149 2823; x_wconf 83' lang='grc' dir='ltr'><strong><em>ιιι</em></strong></span> <span class='ocrx_word' id='word_1_534' title='bbox 3201 2772 3439 2844; x_wconf 83' lang='lat' dir='ltr'><strong>nonnulli</strong></span> <span class='ocrx_word' id='word_1_535' title='bbox 3478 2774 3682 2844; x_wconf 78' lang='lat' dir='ltr'><strong>dixere.</strong></span> 
     </span>
    </p>
   </div>
   <div class='ocr_carea' id='block_1_76' title="bbox 2126 2832 3686 2909">
    <p class='ocr_par' dir='ltr' id='par_1_76' title="bbox 2126 2832 3686 2909">
     <span class='ocr_line' id='line_1_77' title="bbox 2126 2832 3686 2909; baseline 0.01 -26"><span class='ocrx_word' id='word_1_536' title='bbox 2126 2832 2326 2900; x_wconf 86' lang='lat' dir='ltr'><strong>Quibus</strong></span> <span class='ocrx_word' id='word_1_537' title='bbox 2385 2851 2451 2891; x_wconf 81' lang='lat' dir='ltr'><strong><em>ex</em></strong></span> <span class='ocrx_word' id='word_1_538' title='bbox 2498 2839 2669 2893; x_wconf 83' lang='lat' dir='ltr'><strong>verbis</strong></span> <span class='ocrx_word' id='word_1_539' title='bbox 2708 2840 2867 2904; x_wconf 78' lang='lat' dir='ltr'><strong>aliqui</strong></span> <span class='ocrx_word' id='word_1_540' title='bbox 2910 2832 3182 2909; x_wconf 75' lang='lat' dir='ltr'><strong>perperam</strong></span> <span class='ocrx_word' id='word_1_541' title='bbox 3235 2842 3503 2897; x_wconf 84' lang='lat' dir='ltr'><strong>deduxere</strong></span> <span class='ocrx_word' id='word_1_542' title='bbox 3561 2843 3686 2898; x_wconf 90' lang='lat' dir='ltr'><strong>inde</strong></span> 
     </span>
    </p>
   </div>
   <div class='ocr_carea' id='block_1_77' title="bbox 2125 2909 3686 2978">
    <p class='ocr_par' dir='ltr' id='par_1_77' title="bbox 2125 2909 3686 2978">
     <span class='ocr_line' id='line_1_78' title="bbox 2125 2909 3686 2978; baseline 0.008 -22"><span class='ocrx_word' id='word_1_543' title='bbox 2125 2916 2272 2978; x_wconf 86' lang='lat' dir='ltr'><strong>certo</strong></span> <span class='ocrx_word' id='word_1_544' title='bbox 2314 2918 2559 2962; x_wconf 85' lang='lat' dir='ltr'><strong>constare</strong></span> <span class='ocrx_word' id='word_1_545' title='bbox 2596 2909 2853 2978; x_wconf 82' lang='lat' dir='ltr'><strong>synodum</strong></span> <span class='ocrx_word' id='word_1_546' title='bbox 2906 2914 3194 2965; x_wconf 75' lang='lat' dir='ltr'><strong>Romanam</strong></span> <span class='ocrx_word' id='word_1_547' title='bbox 3239 2912 3337 2967; x_wconf 87' lang='lat' dir='ltr'><strong><em>sub</em></strong></span> <span class='ocrx_word' id='word_1_548' title='bbox 3374 2913 3580 2967; x_wconf 81' lang='lat' dir='ltr'><strong>Joanne</strong></span> <span class='ocrx_word' id='word_1_549' title='bbox 3623 2914 3686 2968; x_wconf 82' lang='lat' dir='ltr'><strong>Vl</strong></span> 
     </span>
    </p>
   </div>
   <div class='ocr_carea' id='block_1_78' title="bbox 2128 2975 3683 3037">
    <p class='ocr_par' dir='ltr' id='par_1_78' title="bbox 2128 2975 3683 3037">
     <span class='ocr_line' id='line_1_79' title="bbox 2128 2975 3683 3037; baseline 0.006 -12"><span class='ocrx_word' id='word_1_550' title='bbox 2128 2975 2226 3026; x_wconf 91' lang='lat' dir='ltr'><strong><em>hoc</em></strong></span> <span class='ocrx_word' id='word_1_551' title='bbox 2266 2990 2405 3028; x_wconf 89' lang='lat' dir='ltr'><strong>anno</strong></span> <span class='ocrx_word' id='word_1_552' title='bbox 2442 2975 2736 3032; x_wconf 79' lang='lat' dir='ltr'><strong>absolutam</strong></span> <span class='ocrx_word' id='word_1_553' title='bbox 2766 2980 2947 3035; x_wconf 82' lang='lat' dir='ltr'><strong>fuisse.</strong></span> <span class='ocrx_word' id='word_1_554' title='bbox 3007 2979 3134 3035; x_wconf 83' lang='lat' dir='ltr'><strong>Nam</strong></span> <span class='ocrx_word' id='word_1_555' title='bbox 3168 2982 3282 3035; x_wconf 62' lang='lat' dir='ltr'><strong>huic</strong></span> <span class='ocrx_word' id='word_1_556' title='bbox 3313 2984 3508 3037; x_wconf 90' lang='lat' dir='ltr'><strong>locutio</strong></span> <span class='ocrx_word' id='word_1_557' title='bbox 3541 2983 3609 3037; x_wconf 75' lang='grc'><strong><em>40</em></strong></span> <span class='ocrx_word' id='word_1_558' title='bbox 3636 2996 3683 3036; x_wconf 87' lang='lat' dir='ltr'><strong><em>et</em></strong></span> 
     </span>
    </p>
   </div>
   <div class='ocr_carea' id='block_1_79' title="bbox 2125 3043 3682 3122">
    <p class='ocr_par' dir='ltr' id='par_1_79' title="bbox 2125 3043 3682 3122">
     <span class='ocr_line' id='line_1_80' title="bbox 2125 3043 3682 3122; baseline 0.006 -27"><span class='ocrx_word' id='word_1_559' title='bbox 2125 3043 2359 3122; x_wconf 73' lang='lat' dir='ltr'><strong><em>amplius</em></strong></span> <span class='ocrx_word' id='word_1_560' title='bbox 2374 3063 2659 3122; x_wconf 78' lang='lat' dir='ltr'><strong><em>annosnon</em></strong></span> <span class='ocrx_word' id='word_1_561' title='bbox 2685 3051 2855 3101; x_wconf 87' lang='lat' dir='ltr'><strong>minus</strong></span> <span class='ocrx_word' id='word_1_562' title='bbox 2883 3050 3166 3122; x_wconf 57' lang='lat' dir='ltr'><strong>annum/ii</strong></span> <span class='ocrx_word' id='word_1_563' title='bbox 3189 3062 3682 3122; x_wconf 83' lang='lat' dir='ltr'><strong>currentem,quam</strong></span> 
     </span>
    </p>
   </div>
   <div class='ocr_carea' id='block_1_80' title="bbox 463 3104 3681 3189">
    <p class='ocr_par' dir='ltr' id='par_1_80' title="bbox 463 3104 3681 3189">
     <span class='ocr_line' id='line_1_81' title="bbox 463 3104 3681 3189; baseline 0.001 -18"><span class='ocrx_word' id='word_1_564' title='bbox 463 3104 608 3173; x_wconf 75' lang='lat' dir='ltr'><strong><em>nibus</em></strong></span> <span class='ocrx_word' id='word_1_565' title='bbox 637 3122 960 3189; x_wconf 74' lang='lat' dir='ltr'><strong><em>facultatibus</em></strong></span> <span class='ocrx_word' id='word_1_566' title='bbox 982 3104 1392 3189; x_wconf 52' lang='lat' dir='ltr'><strong><em>spoliare&#39;taliter</em></strong></span> <span class='ocrx_word' id='word_1_567' title='bbox 1414 3104 1555 3189; x_wconf 79' lang='lat' dir='ltr'><strong><em>velle,</em></strong></span> <span class='ocrx_word' id='word_1_568' title='bbox 1584 3126 1746 3189; x_wconf 81' lang='lat' dir='ltr'><strong><em>utnec</em></strong></span> <span class='ocrx_word' id='word_1_569' title='bbox 1774 3116 1827 3166; x_wconf 89' lang='lat' dir='ltr'><strong><em>in</em></strong></span> <span class='ocrx_word' id='word_1_570' title='bbox 1855 3114 2025 3189; x_wconf 82' lang='lat' dir='ltr'><strong><em>Uttra-</em></strong></span> <span class='ocrx_word' id='word_1_571' title='bbox 2048 3104 2095 3166; x_wconf 85' lang='lat' dir='ltr'><strong><em>C</em></strong></span> <span class='ocrx_word' id='word_1_572' title='bbox 2128 3104 2304 3189; x_wconf 41' lang='lat' dir='ltr'><strong><em>rigant</em></strong></span> <span class='ocrx_word' id='word_1_573' title='bbox 2336 3118 2407 3170; x_wconf 78' lang='grc'><strong><em>45</em></strong></span> <span class='ocrx_word' id='word_1_574' title='bbox 2432 3117 2709 3189; x_wconf 70' lang='lat' dir='ltr'><strong>designare</strong></span> <span class='ocrx_word' id='word_1_575' title='bbox 2750 3128 2938 3187; x_wconf 87' lang='lat' dir='ltr'><strong>potest.</strong></span> <span class='ocrx_word' id='word_1_576' title='bbox 3000 3120 3103 3174; x_wconf 87' lang='lat' dir='ltr'><strong><em>Sed</em></strong></span> <span class='ocrx_word' id='word_1_577' title='bbox 3132 3104 3233 3174; x_wconf 86' lang='lat' dir='ltr'><strong>alia</strong></span> 
     </span>
    </p>
   </div>
   <div class='ocr_carea' id='block_1_81' title="bbox 467 3186 2019 3258">
    <p class='ocr_par' dir='ltr' id='par_1_81' title="bbox 467 3186 2019 3258">
     <span class='ocr_line' id='line_1_82' title="bbox 467 3186 2019 3258; baseline -0.004 -15"><span class='ocrx_word' id='word_1_578' title='bbox 467 3186 820 3245; x_wconf 75' lang='lat' dir='ltr'><strong><em>Umbrensium</em></strong></span> <span class='ocrx_word' id='word_1_579' title='bbox 866 3205 1037 3258; x_wconf 86' lang='lat' dir='ltr'><strong><em>regno,</em></strong></span> <span class='ocrx_word' id='word_1_580' title='bbox 1085 3203 1173 3240; x_wconf 88' lang='lat' dir='ltr'><strong><em>nec</em></strong></span> <span class='ocrx_word' id='word_1_581' title='bbox 1194 3192 1245 3241; x_wconf 87' lang='lat' dir='ltr'><strong><em>in</em></strong></span> <span class='ocrx_word' id='word_1_582' title='bbox 1277 3186 1578 3258; x_wconf 80' lang='lat' dir='ltr'><strong><em>Merciorum</em></strong></span> <span class='ocrx_word' id='word_1_583' title='bbox 1601 3186 2019 3258; x_wconf 80' lang='lat' dir='ltr'><strong><em>_minimam__qui-</em></strong></span> 
     </span>
    </p>
   </div>
   <div class='ocr_carea' id='block_1_82' title="bbox 463 3253 2021 3325">
    <p class='ocr_par' dir='ltr' id='par_1_82' title="bbox 463 3253 2021 3325">
     <span class='ocr_line' id='line_1_83' title="bbox 463 3253 2021 3325; baseline -0.003 -13"><span class='ocrx_word' id='word_1_584' title='bbox 463 3265 575 3313; x_wconf 81' lang='lat' dir='ltr'><strong><em>dem</em></strong></span> <span class='ocrx_word' id='word_1_585' title='bbox 634 3263 779 3313; x_wconf 90' lang='lat' dir='ltr'><strong><em>unius</em></strong></span> <span class='ocrx_word' id='word_1_586' title='bbox 829 3253 1147 3311; x_wconf 74' lang='lat' dir='ltr'><strong><em>domuncula:</em></strong></span> <span class='ocrx_word' id='word_1_587' title='bbox 1196 3255 1566 3325; x_wconf 86' lang='lat' dir='ltr'><strong><em>portiunculam</em></strong></span> <span class='ocrx_word' id='word_1_588' title='bbox 1591 3254 1813 3308; x_wconf 83' lang='lat' dir='ltr'><strong><em>haberet.</em></strong></span> <span class='ocrx_word' id='word_1_589' title='bbox 1849 3253 2021 3325; x_wconf 83' lang='lat' dir='ltr'><strong><em>Hujus</em></strong></span> 
     </span>
    </p>
   </div>
   <div class='ocr_carea' id='block_1_83' title="bbox 465 3325 2019 3400">
    <p class='ocr_par' dir='ltr' id='par_1_83' title="bbox 465 3325 2019 3400">
     <span class='ocr_line' id='line_1_84' title="bbox 465 3325 2019 3400; baseline -0.004 -19"><span class='ocrx_word' id='word_1_590' title='bbox 465 3341 632 3384; x_wconf 88' lang='lat' dir='ltr'><strong><em>autem</em></strong></span> <span class='ocrx_word' id='word_1_591' title='bbox 677 3329 860 3400; x_wconf 79' lang='lat' dir='ltr'><strong><em>judicii</em></strong></span> <span class='ocrx_word' id='word_1_592' title='bbox 907 3329 1223 3400; x_wconf 72' lang='lat' dir='ltr'><strong><em>inclementia</em></strong></span> <span class='ocrx_word' id='word_1_593' title='bbox 1277 3327 1345 3400; x_wconf 92' lang='lat' dir='ltr'><strong><em>ab</em></strong></span> <span class='ocrx_word' id='word_1_594' title='bbox 1388 3325 1765 3400; x_wconf 80' lang='lat' dir='ltr'><strong><em>archiepiscopo</em></strong></span> <span class='ocrx_word' id='word_1_595' title='bbox 1811 3332 1856 3400; x_wconf 74' lang='lat' dir='ltr'><strong><em>et</em></strong></span> <span class='ocrx_word' id='word_1_596' title='bbox 1905 3326 2019 3395; x_wconf 75' lang='lat' dir='ltr'><strong><em>rege</em></strong></span> 
     </span>
    </p>
   </div>
   <div class='ocr_carea' id='block_1_84' title="bbox 463 3394 2020 3469">
    <p class='ocr_par' dir='ltr' id='par_1_84' title="bbox 463 3394 2020 3469">
     <span class='ocr_line' id='line_1_85' title="bbox 463 3394 2020 3469; baseline -0.004 -17"><span class='ocrx_word' id='word_1_597' title='bbox 463 3394 695 3469; x_wconf 58' lang='lat' dir='ltr'><strong><em>cli/ﬁnita;</em></strong></span> <span class='ocrx_word' id='word_1_598' title='bbox 724 3409 768 3453; x_wconf 89' lang='lat' dir='ltr'><strong><em>et</em></strong></span> <span class='ocrx_word' id='word_1_599' title='bbox 788 3400 925 3468; x_wconf 88' lang='lat' dir='ltr'><strong><em>ipsos</em></strong></span> <span class='ocrx_word' id='word_1_600' title='bbox 940 3402 1051 3468; x_wconf 88' lang='lat' dir='ltr'><strong><em>jam</em></strong></span> <span class='ocrx_word' id='word_1_601' title='bbox 1079 3399 1307 3451; x_wconf 87' lang='lat' dir='ltr'><strong><em>inimicos</em></strong></span> <span class='ocrx_word' id='word_1_602' title='bbox 1328 3397 1544 3459; x_wconf 85' lang='lat' dir='ltr'><strong><em>horruit,</em></strong></span> <span class='ocrx_word' id='word_1_603' title='bbox 1568 3397 1787 3469; x_wconf 74' lang='lat' dir='ltr'><strong><em>dicentes</em></strong></span> <span class='ocrx_word' id='word_1_604' title='bbox 1809 3394 2020 3469; x_wconf 73' lang='lat' dir='ltr'><strong><em>impium</em></strong></span> 
     </span>
    </p>
   </div>
   <div class='ocr_carea' id='block_1_85' title="bbox 462 3466 2022 3535">
    <p class='ocr_par' dir='ltr' id='par_1_85' title="bbox 462 3466 2022 3535">
     <span class='ocr_line' id='line_1_86' title="bbox 462 3466 2022 3535; baseline -0.003 -13"><span class='ocrx_word' id='word_1_605' title='bbox 462 3466 587 3533; x_wconf 79' lang='lat' dir='ltr'><strong><em>esse,</em></strong></span> <span class='ocrx_word' id='word_1_606' title='bbox 618 3479 724 3521; x_wconf 87' lang='lat' dir='ltr'><strong><em>tam</em></strong></span> <span class='ocrx_word' id='word_1_607' title='bbox 753 3466 1001 3535; x_wconf 80' lang='lat' dir='ltr'><strong><em>famosum</em></strong></span> <span class='ocrx_word' id='word_1_608' title='bbox 1027 3472 1188 3522; x_wconf 81' lang='lat' dir='ltr'><strong><em>virum</em></strong></span> <span class='ocrx_word' id='word_1_609' title='bbox 1209 3469 1263 3520; x_wconf 92' lang='lat' dir='ltr'><strong><em>in</em></strong></span> <span class='ocrx_word' id='word_1_610' title='bbox 1292 3469 1505 3520; x_wconf 61' lang='lat' dir='ltr'><strong><em>circu&#39;tu</em></strong></span> <span class='ocrx_word' id='word_1_611' title='bbox 1528 3466 1814 3519; x_wconf 80' lang='lat' dir='ltr'><strong><em>nationibus</em></strong></span> <span class='ocrx_word' id='word_1_612' title='bbox 1834 3467 2022 3535; x_wconf 81' lang='lat' dir='ltr'><strong><em>absque</em></strong></span> 
     </span>
    </p>
   </div>
   <div class='ocr_carea' id='block_1_86' title="bbox 464 3532 2019 3605">
    <p class='ocr_par' dir='ltr' id='par_1_86' title="bbox 464 3532 2019 3605">
     <span class='ocr_line' id='line_1_87' title="bbox 464 3532 2019 3605; baseline -0.003 -14"><span class='ocrx_word' id='word_1_613' title='bbox 464 3532 801 3605; x_wconf 84' lang='lat' dir='ltr'><strong><em>ullocapilali</em></strong></span> <span class='ocrx_word' id='word_1_614' title='bbox 828 3540 1034 3592; x_wconf 88' lang='lat' dir='ltr'><strong><em>crimine</em></strong></span> <span class='ocrx_word' id='word_1_615' title='bbox 1061 3538 1289 3591; x_wconf 85' lang='lat' dir='ltr'><strong><em>omnibus</em></strong></span> <span class='ocrx_word' id='word_1_616' title='bbox 1310 3538 1451 3589; x_wconf 82' lang='lat' dir='ltr'><strong><em>bonis</em></strong></span> <span class='ocrx_word' id='word_1_617' title='bbox 1465 3539 1568 3589; x_wconf 87' lang='lat' dir='ltr'><strong><em>suis</em></strong></span> <span class='ocrx_word' id='word_1_618' title='bbox 1591 3537 1806 3604; x_wconf 88' lang='lat' dir='ltr'><strong><em>privare.</em></strong></span> <span class='ocrx_word' id='word_1_619' title='bbox 1828 3532 2019 3587; x_wconf 84' lang='lat' dir='ltr'><strong><em>Novis-</em></strong></span> 
     </span>
    </p>
   </div>
   <div class='ocr_carea' id='block_1_87' title="bbox 464 3610 2015 3677">
    <p class='ocr_par' dir='ltr' id='par_1_87' title="bbox 464 3610 2015 3677">
     <span class='ocr_line' id='line_1_88' title="bbox 464 3610 2015 3677; baseline -0.003 -16"><span class='ocrx_word' id='word_1_620' title='bbox 464 3611 647 3663; x_wconf 88' lang='lat' dir='ltr'><strong><em>simum</em></strong></span> <span class='ocrx_word' id='word_1_621' title='bbox 670 3626 783 3663; x_wconf 89' lang='lat' dir='ltr'><strong><em>vero</em></strong></span> <span class='ocrx_word' id='word_1_622' title='bbox 810 3610 1001 3677; x_wconf 90' lang='lat' dir='ltr'><strong><em>aliquid</em></strong></span> <span class='ocrx_word' id='word_1_623' title='bbox 1027 3610 1291 3661; x_wconf 83' lang='lat' dir='ltr'><strong><em>humanius</em></strong></span> <span class='ocrx_word' id='word_1_624' title='bbox 1314 3614 1679 3676; x_wconf 86' lang='lat' dir='ltr'><strong><em>pertractantes</em></strong></span> <span class='ocrx_word' id='word_1_625' title='bbox 1700 3616 2015 3677; x_wconf 63' lang='lat' dir='ltr'><strong><em>censuerunt,</em></strong></span> 
     </span>
    </p>
   </div>
   <div class='ocr_carea' id='block_1_88' title="bbox 466 3673 2018 3746">
    <p class='ocr_par' dir='ltr' id='par_1_88' title="bbox 466 3673 2018 3746">
     <span class='ocr_line' id='line_1_89' title="bbox 466 3673 2018 3746; baseline -0.001 -16"><span class='ocrx_word' id='word_1_626' title='bbox 466 3690 518 3731; x_wconf 89' lang='lat' dir='ltr'><strong><em>ut</em></strong></span> <span class='ocrx_word' id='word_1_627' title='bbox 564 3673 917 3732; x_wconf 86' lang='lat' dir='ltr'><strong><em>monasterium</em></strong></span> <span class='ocrx_word' id='word_1_628' title='bbox 953 3673 1324 3740; x_wconf 74' lang='lat' dir='ltr'><strong><em>tantummodo,</em></strong></span> <span class='ocrx_word' id='word_1_629' title='bbox 1371 3679 1507 3746; x_wconf 85' lang='lat' dir='ltr'><strong><em>quod</em></strong></span> <span class='ocrx_word' id='word_1_630' title='bbox 1558 3673 2018 3746; x_wconf 52' lang='lat' dir='ltr'><strong><em>construxit(Wil-</em></strong></span> 
     </span>
    </p>
   </div>
   <div class='ocr_carea' id='block_1_89' title="bbox 466 3744 2016 3819">
    <p class='ocr_par' dir='ltr' id='par_1_89' title="bbox 466 3744 2016 3819">
     <span class='ocr_line' id='line_1_90' title="bbox 466 3744 2016 3819; baseline -0.001 -19"><span class='ocrx_word' id='word_1_631' title='bbox 466 3749 652 3818; x_wconf 82' lang='lat' dir='ltr'><strong>l&#39;ridus)</strong></span> <span class='ocrx_word' id='word_1_632' title='bbox 683 3752 731 3801; x_wconf 89' lang='lat' dir='ltr'><strong><em>in</em></strong></span> <span class='ocrx_word' id='word_1_633' title='bbox 756 3748 939 3819; x_wconf 81' lang='lat' dir='ltr'><strong><em>Rypis,</em></strong></span> <span class='ocrx_word' id='word_1_634' title='bbox 967 3758 1013 3802; x_wconf 89' lang='lat' dir='ltr'><strong><em>et</em></strong></span> <span class='ocrx_word' id='word_1_635' title='bbox 1042 3748 1236 3819; x_wconf 71' lang='lat' dir='ltr'><strong><em>dudum</em></strong></span> <span class='ocrx_word' id='word_1_636' title='bbox 1256 3744 1623 3801; x_wconf 23' lang='lat' dir='ltr'><strong><em>cum‘omnibus</em></strong></span> <span class='ocrx_word' id='word_1_637' title='bbox 1652 3745 1720 3819; x_wconf 84' lang='lat' dir='ltr'><strong><em>ad</em></strong></span> <span class='ocrx_word' id='word_1_638' title='bbox 1750 3744 1877 3819; x_wconf 85' lang='lat' dir='ltr'><strong><em>illud</em></strong></span> <span class='ocrx_word' id='word_1_639' title='bbox 1902 3762 2016 3814; x_wconf 88' lang='lat' dir='ltr'><strong><em>per-</em></strong></span> 
     </span>
    </p>
   </div>
   <div class='ocr_carea' id='block_1_90' title="bbox 466 3816 2017 3884">
    <p class='ocr_par' dir='ltr' id='par_1_90' title="bbox 466 3816 2017 3884">
     <span class='ocr_line' id='line_1_91' title="bbox 466 3816 2017 3884; baseline -0.002 -15"><span class='ocrx_word' id='word_1_640' title='bbox 466 3816 754 3881; x_wconf 76' lang='lat' dir='ltr'><strong><em>tinentibus,</em></strong></span> <span class='ocrx_word' id='word_1_641' title='bbox 807 3816 983 3872; x_wconf 69' lang='lat' dir='ltr'><strong><em>iuncto</em></strong></span> <span class='ocrx_word' id='word_1_642' title='bbox 1034 3816 1184 3871; x_wconf 86' lang='lat' dir='ltr'><strong><em>Petro</em></strong></span> <span class='ocrx_word' id='word_1_643' title='bbox 1214 3819 1405 3869; x_wconf 89' lang='lat' dir='ltr'><strong><em>donans</em></strong></span> <span class='ocrx_word' id='word_1_644' title='bbox 1434 3816 1771 3868; x_wconf 71' lang='lat' dir='ltr'><strong><em>continendam</em></strong></span> <span class='ocrx_word' id='word_1_645' title='bbox 1787 3817 1871 3877; x_wconf 88' lang='lat' dir='ltr'><strong><em>rit,</em></strong></span> <span class='ocrx_word' id='word_1_646' title='bbox 1903 3832 2017 3884; x_wconf 84' lang='lat' dir='ltr'><strong><em>pr—</em></strong></span> 
     </span>
    </p>
   </div>
   <div class='ocr_carea' id='block_1_91' title="bbox 465 3886 2016 3958">
    <p class='ocr_par' dir='ltr' id='par_1_91' title="bbox 465 3886 2016 3958">
     <span class='ocr_line' id='line_1_92' title="bbox 465 3886 2016 3958; baseline -0.002 -19"><span class='ocrx_word' id='word_1_647' title='bbox 465 3897 757 3957; x_wconf 86' lang='lat' dir='ltr'><strong><em>ceptumque</em></strong></span> <span class='ocrx_word' id='word_1_648' title='bbox 797 3888 1118 3958; x_wconf 86' lang='lat' dir='ltr'><strong><em>privilegium</em></strong></span> <span class='ocrx_word' id='word_1_649' title='bbox 1146 3904 1175 3937; x_wconf 85' lang='lat' dir='ltr'><strong><em>a</em></strong></span> <span class='ocrx_word' id='word_1_650' title='bbox 1201 3895 1375 3940; x_wconf 88' lang='lat' dir='ltr'><strong><em>sancto</em></strong></span> <span class='ocrx_word' id='word_1_651' title='bbox 1397 3886 1662 3958; x_wconf 79' lang='lat' dir='ltr'><strong><em>Agathone</em></strong></span> <span class='ocrx_word' id='word_1_652' title='bbox 1685 3901 1819 3958; x_wconf 85' lang='lat' dir='ltr'><strong><em>papa</em></strong></span> <span class='ocrx_word' id='word_1_653' title='bbox 1849 3887 2016 3958; x_wconf 82' lang='lat' dir='ltr'><strong><em>abbati</em></strong></span> 
     </span>
    </p>
   </div>
   <div class='ocr_carea' id='block_1_92' title="bbox 465 3956 2015 4028">
    <p class='ocr_par' dir='ltr' id='par_1_92' title="bbox 465 3956 2015 4028">
     <span class='ocr_line' id='line_1_93' title="bbox 465 3956 2015 4028; baseline 0 -20"><span class='ocrx_word' id='word_1_654' title='bbox 465 3956 770 4028; x_wconf 65' lang='lat' dir='ltr'><strong><em>familiaque</em></strong></span> <span class='ocrx_word' id='word_1_655' title='bbox 800 3956 997 4012; x_wconf 80' lang='lat' dir='ltr'><strong><em>ibidem</em></strong></span> <span class='ocrx_word' id='word_1_656' title='bbox 1045 3968 1349 4011; x_wconf 76' lang='lat' dir='ltr'><strong><em>conversatw</em></strong></span> <span class='ocrx_word' id='word_1_657' title='bbox 1395 3956 1607 4028; x_wconf 78' lang='lat' dir='ltr'><strong><em>detulit;</em></strong></span> <span class='ocrx_word' id='word_1_658' title='bbox 1651 3956 1914 4009; x_wconf 84' lang='lat' dir='ltr'><strong><em>redderent</em></strong></span> <span class='ocrx_word' id='word_1_659' title='bbox 1963 3956 2015 4008; x_wconf 92' lang='lat' dir='ltr'><strong><em>in</em></strong></span> 
     </span>
    </p>
   </div>
   <div class='ocr_carea' id='block_1_93' title="bbox 467 4026 2017 4097">
    <p class='ocr_par' dir='ltr' id='par_1_93' title="bbox 467 4026 2017 4097">
     <span class='ocr_line' id='line_1_94' title="bbox 467 4026 2017 4097; baseline 0.001 -18"><span class='ocrx_word' id='word_1_660' title='bbox 467 4026 847 4094; x_wconf 84' lang='lat' dir='ltr'><strong><em>possessionem,</em></strong></span> <span class='ocrx_word' id='word_1_661' title='bbox 878 4043 936 4080; x_wconf 89' lang='lat' dir='ltr'><strong><em>ea</em></strong></span> <span class='ocrx_word' id='word_1_662' title='bbox 964 4037 1128 4082; x_wconf 90' lang='lat' dir='ltr'><strong><em>tamen</em></strong></span> <span class='ocrx_word' id='word_1_663' title='bbox 1148 4030 1445 4097; x_wconf 56' lang='lat' dir='ltr'><strong><em>interposita</em></strong></span> <span class='ocrx_word' id='word_1_664' title='bbox 1465 4026 1703 4089; x_wconf 82' lang='lat' dir='ltr'><strong><em>dictione,</em></strong></span> <span class='ocrx_word' id='word_1_665' title='bbox 1729 4034 1782 4079; x_wconf 79' lang='lat' dir='ltr'><strong><em>ut</em></strong></span> <span class='ocrx_word' id='word_1_666' title='bbox 1808 4028 2017 4097; x_wconf 79' lang='lat' dir='ltr'><strong><em>propria</em></strong></span> 
     </span>
    </p>
   </div>
   <div class='ocr_carea' id='block_1_94' title="bbox 466 4096 2016 4165">
    <p class='ocr_par' dir='ltr' id='par_1_94' title="bbox 466 4096 2016 4165">
     <span class='ocr_line' id='line_1_95' title="bbox 466 4096 2016 4165; baseline 0.001 -18"><span class='ocrx_word' id='word_1_667' title='bbox 466 4113 645 4150; x_wconf 90' lang='lat' dir='ltr'><strong><em>manus</em></strong></span> <span class='ocrx_word' id='word_1_668' title='bbox 689 4098 1058 4165; x_wconf 82' lang='lat' dir='ltr'><strong><em>conscriptione</em></strong></span> <span class='ocrx_word' id='word_1_669' title='bbox 1110 4096 1323 4165; x_wconf 77' lang='lat' dir='ltr'><strong><em>ﬁrmiter</em></strong></span> <span class='ocrx_word' id='word_1_670' title='bbox 1342 4104 1725 4161; x_wconf 88' lang='lat' dir='ltr'><strong><em>contestaretur,</em></strong></span> <span class='ocrx_word' id='word_1_671' title='bbox 1754 4096 1889 4165; x_wconf 85' lang='lat' dir='ltr'><strong><em>quod</em></strong></span> <span class='ocrx_word' id='word_1_672' title='bbox 1908 4096 2016 4149; x_wconf 88' lang='lat' dir='ltr'><strong><em>illic</em></strong></span> 
     </span>
    </p>
   </div>
   <div class='ocr_carea' id='block_1_95' title="bbox 462 4164 2017 4235">
    <p class='ocr_par' dir='ltr' id='par_1_95' title="bbox 462 4164 2017 4235">
     <span class='ocr_line' id='line_1_96' title="bbox 462 4164 2017 4235; baseline 0.001 -17"><span class='ocrx_word' id='word_1_673' title='bbox 462 4169 658 4232; x_wconf 89' lang='lat' dir='ltr'><strong><em>quietus</em></strong></span> <span class='ocrx_word' id='word_1_674' title='bbox 713 4164 1020 4229; x_wconf 80' lang='lat' dir='ltr'><strong><em>consedeiet,</em></strong></span> <span class='ocrx_word' id='word_1_675' title='bbox 1074 4164 1212 4234; x_wconf 87' lang='lat' dir='ltr'><strong><em>septa</em></strong></span> <span class='ocrx_word' id='word_1_676' title='bbox 1266 4167 1554 4219; x_wconf 87' lang='lat' dir='ltr'><strong><em>monasterii</em></strong></span> <span class='ocrx_word' id='word_1_677' title='bbox 1601 4166 1787 4235; x_wconf 87' lang='lat' dir='ltr'><strong><em>absque</em></strong></span> <span class='ocrx_word' id='word_1_678' title='bbox 1814 4164 2017 4219; x_wconf 88' lang='lat' dir='ltr'><strong><em>licentia</em></strong></span> 
     </span>
    </p>
   </div>
   <div class='ocr_carea' id='block_1_96' title="bbox 463 4237 2014 4305">
    <p class='ocr_par' dir='ltr' id='par_1_96' title="bbox 463 4237 2014 4305">
     <span class='ocr_line' id='line_1_97' title="bbox 463 4237 2014 4305; baseline 0 -16"><span class='ocrx_word' id='word_1_679' title='bbox 463 4241 596 4305; x_wconf 88' lang='lat' dir='ltr'><strong><em>regis</em></strong></span> <span class='ocrx_word' id='word_1_680' title='bbox 623 4254 722 4289; x_wconf 90' lang='lat' dir='ltr'><strong><em>non</em></strong></span> <span class='ocrx_word' id='word_1_681' title='bbox 762 4246 1112 4301; x_wconf 80' lang='lat' dir='ltr'><strong><em>transmearet,</em></strong></span> <span class='ocrx_word' id='word_1_682' title='bbox 1162 4252 1253 4288; x_wconf 83' lang='lat' dir='ltr'><strong><em>nec</em></strong></span> <span class='ocrx_word' id='word_1_683' title='bbox 1281 4238 1475 4305; x_wconf 86' lang='lat' dir='ltr'><strong><em>aliquid</em></strong></span> <span class='ocrx_word' id='word_1_684' title='bbox 1503 4237 1830 4289; x_wconf 80' lang='lat' dir='ltr'><strong><em>sacerdotalis</em></strong></span> <span class='ocrx_word' id='word_1_685' title='bbox 1854 4239 2014 4305; x_wconf 77' lang='lat' dir='ltr'><strong><em>ofﬁcii</em></strong></span> 
     </span>
    </p>
   </div>
   <div class='ocr_carea' id='block_1_97' title="bbox 464 4307 2016 4378">
    <p class='ocr_par' dir='ltr' id='par_1_97' title="bbox 464 4307 2016 4378">
     <span class='ocr_line' id='line_1_98' title="bbox 464 4307 2016 4378; baseline 0.002 -21"><span class='ocrx_word' id='word_1_686' title='bbox 464 4308 722 4378; x_wconf 48' lang='lat' dir='ltr'><strong><em>attingeret</em></strong></span> <span class='ocrx_word' id='word_1_687' title='bbox 748 4324 767 4370; x_wconf 86' lang='lat'><strong><em>;</em></strong></span> <span class='ocrx_word' id='word_1_688' title='bbox 812 4309 900 4361; x_wconf 87' lang='lat' dir='ltr'><strong><em>sed</em></strong></span> <span class='ocrx_word' id='word_1_689' title='bbox 927 4316 977 4359; x_wconf 92' lang='lat' dir='ltr'><strong><em>ut</em></strong></span> <span class='ocrx_word' id='word_1_690' title='bbox 1006 4323 1151 4378; x_wconf 87' lang='lat' dir='ltr'><strong><em>suum</em></strong></span> <span class='ocrx_word' id='word_1_691' title='bbox 1179 4307 1242 4359; x_wconf 88' lang='lat' dir='ltr'><strong><em>de</em></strong></span> <span class='ocrx_word' id='word_1_692' title='bbox 1266 4308 1529 4378; x_wconf 76' lang='lat' dir='ltr'><strong><em>semetipso</em></strong></span> <span class='ocrx_word' id='word_1_693' title='bbox 1559 4309 1714 4378; x_wconf 83' lang='lat' dir='ltr'><strong><em>(quod</em></strong></span> <span class='ocrx_word' id='word_1_694' title='bbox 1739 4308 1875 4358; x_wconf 89' lang='lat' dir='ltr'><strong><em>dictu</em></strong></span> <span class='ocrx_word' id='word_1_695' title='bbox 1897 4309 2016 4360; x_wconf 88' lang='lat' dir='ltr'><strong><em>hor-</em></strong></span> 
     </span>
    </p>
   </div>
   <div class='ocr_carea' id='block_1_98' title="bbox 463 4376 2011 4446">
    <p class='ocr_par' dir='ltr' id='par_1_98' title="bbox 463 4376 2011 4446">
     <span class='ocr_line' id='line_1_99' title="bbox 463 4376 2011 4446; baseline 0.001 -19"><span class='ocrx_word' id='word_1_696' title='bbox 463 4376 609 4430; x_wconf 77' lang='lat' dir='ltr'><strong><em>ribile</em></strong></span> <span class='ocrx_word' id='word_1_697' title='bbox 654 4378 784 4445; x_wconf 87' lang='lat' dir='ltr'><strong><em>erat)</em></strong></span> <span class='ocrx_word' id='word_1_698' title='bbox 834 4378 1049 4446; x_wconf 83' lang='lat' dir='ltr'><strong><em>gradum</em></strong></span> <span class='ocrx_word' id='word_1_699' title='bbox 1093 4376 1299 4429; x_wconf 86' lang='lat' dir='ltr'><strong><em>honoris</em></strong></span> <span class='ocrx_word' id='word_1_700' title='bbox 1325 4376 1582 4444; x_wconf 84' lang='lat' dir='ltr'><strong><em>abjiceret,</em></strong></span> <span class='ocrx_word' id='word_1_701' title='bbox 1613 4376 1705 4429; x_wconf 86' lang='lat' dir='ltr'><strong><em>sub</em></strong></span> <span class='ocrx_word' id='word_1_702' title='bbox 1732 4378 2011 4430; x_wconf 70' lang='lat' dir='ltr'><strong><em>testimonio</em></strong></span> 
     </span>
    </p>
   </div>
   <div class='ocr_carea' id='block_1_99' title="bbox 464 4447 1819 4517">
    <p class='ocr_par' dir='ltr' id='par_1_99' title="bbox 464 4447 1819 4517">
     <span class='ocr_line' id='line_1_100' title="bbox 464 4447 1819 4517; baseline 0.001 -20"><span class='ocrx_word' id='word_1_703' title='bbox 464 4447 869 4507; x_wconf 80' lang='lat' dir='ltr'><strong><em>conﬁrmationis</em></strong></span> <span class='ocrx_word' id='word_1_704' title='bbox 896 4447 1171 4517; x_wconf 86' lang='lat' dir='ltr'><strong><em>plurimum</em></strong></span> <span class='ocrx_word' id='word_1_705' title='bbox 1186 4458 1427 4517; x_wconf 83' lang='lat' dir='ltr'><strong><em>cogentes</em></strong></span> <span class='ocrx_word' id='word_1_706' title='bbox 1450 4451 1819 4514; x_wconf 85' lang='lat' dir='ltr'><strong><em>compulerunt.</em></strong></span> 
     </span>
    </p>
   </div>
   <div class='ocr_carea' id='block_1_100' title="bbox 2126 3181 3680 3261">
    <p class='ocr_par' dir='ltr' id='par_1_100' title="bbox 2126 3181 3680 3261">
     <span class='ocr_line' id='line_1_101' title="bbox 2126 3181 3680 3261; baseline 0.008 -27"><span class='ocrx_word' id='word_1_707' title='bbox 2126 3181 2436 3251; x_wconf 71' lang='lat' dir='ltr'><strong>sileremus,</strong></span> <span class='ocrx_word' id='word_1_708' title='bbox 2470 3181 2658 3261; x_wconf 85' lang='lat' dir='ltr'><strong>quibus</strong></span> <span class='ocrx_word' id='word_1_709' title='bbox 2679 3181 2938 3244; x_wconf 75' lang='lat' dir='ltr'><strong>consmbit</strong></span> <span class='ocrx_word' id='word_1_710' title='bbox 2970 3191 3105 3244; x_wconf 86' lang='lat' dir='ltr'><strong>hanc</strong></span> <span class='ocrx_word' id='word_1_711' title='bbox 3128 3191 3399 3261; x_wconf 84' lang='lat' dir='ltr'><strong>Synodqu</strong></span> <span class='ocrx_word' id='word_1_712' title='bbox 3433 3194 3551 3246; x_wconf 88' lang='lat' dir='ltr'><strong>huic</strong></span> <span class='ocrx_word' id='word_1_713' title='bbox 3581 3208 3680 3247; x_wconf 86' lang='lat' dir='ltr'><strong>an-</strong></span> 
     </span>
    </p>
   </div>
   <div class='ocr_carea' id='block_1_101' title="bbox 2126 3260 3036 3327">
    <p class='ocr_par' dir='ltr' id='par_1_101' title="bbox 2126 3260 3036 3327">
     <span class='ocr_line' id='line_1_102' title="bbox 2126 3260 3036 3327; baseline 0.009 -23"><span class='ocrx_word' id='word_1_714' title='bbox 2126 3260 2527 3327; x_wconf 77' lang='lat' dir='ltr'><strong>no_nccessario</strong></span> <span class='ocrx_word' id='word_1_715' title='bbox 2557 3260 2867 3327; x_wconf 85' lang='lat' dir='ltr'><strong>alligandam</strong></span> <span class='ocrx_word' id='word_1_716' title='bbox 2898 3275 3036 3315; x_wconf 87' lang='lat' dir='ltr'><strong>esse.</strong></span> 
     </span>
    </p>
   </div>
   <div class='ocr_carea' id='block_1_102' title="bbox 2191 3323 3679 3396">
    <p class='ocr_par' dir='ltr' id='par_1_102' title="bbox 2191 3323 3679 3396">
     <span class='ocr_line' id='line_1_103' title="bbox 2191 3323 3679 3396; baseline 0.004 -19"><span class='ocrx_word' id='word_1_717' title='bbox 2191 3323 2423 3396; x_wconf 79' lang='lat' dir='ltr'><strong>Tandem</strong></span> <span class='ocrx_word' id='word_1_718' title='bbox 2457 3323 2670 3383; x_wconf 44' lang='lat' dir='ltr'><strong>Eddius&#39;</strong></span> <span class='ocrx_word' id='word_1_719' title='bbox 2702 3343 2818 3396; x_wconf 85' lang='lat' dir='ltr'><strong>cap.</strong></span> <span class='ocrx_word' id='word_1_720' title='bbox 2855 3328 2921 3382; x_wconf 71' lang='lat'><strong><em>5‘)</em></strong></span> <span class='ocrx_word' id='word_1_721' title='bbox 2956 3329 3121 3385; x_wconf 80' lang='lat' dir='ltr'><strong>refert</strong></span> <span class='ocrx_word' id='word_1_722' title='bbox 3162 3333 3475 3386; x_wconf 89' lang='lat' dir='ltr'><strong>sententiam</strong></span> <span class='ocrx_word' id='word_1_723' title='bbox 3522 3332 3679 3385; x_wconf 82' lang='lat' dir='ltr'><strong>abso-</strong></span> 
     </span>
    </p>
   </div>
   <div class='ocr_carea' id='block_1_103' title="bbox 2120 3391 3677 3469">
    <p class='ocr_par' dir='ltr' id='par_1_103' title="bbox 2120 3391 3677 3469">
     <span class='ocr_line' id='line_1_104' title="bbox 2120 3391 3677 3469; baseline 0.006 -26"><span class='ocrx_word' id='word_1_724' title='bbox 2120 3391 2331 3469; x_wconf 50' lang='lat' dir='ltr'><strong>lutionis</strong></span> <span class='ocrx_word' id='word_1_725' title='bbox 2362 3395 2583 3451; x_wconf 84' lang='lat' dir='ltr'><strong>Willridi</strong></span> <span class='ocrx_word' id='word_1_726' title='bbox 2616 3415 2644 3452; x_wconf 88' lang='lat' dir='ltr'><strong><em>a</em></strong></span> <span class='ocrx_word' id='word_1_727' title='bbox 2675 3391 2879 3454; x_wconf 77' lang='lat' dir='ltr'><strong>Joanne</strong></span> <span class='ocrx_word' id='word_1_728' title='bbox 2912 3400 2969 3453; x_wconf 80' lang='lat' dir='ltr'><strong>Vl</strong></span> <span class='ocrx_word' id='word_1_729' title='bbox 3023 3401 3276 3469; x_wconf 86' lang='lat' dir='ltr'><strong>prolatam</strong></span> <span class='ocrx_word' id='word_1_730' title='bbox 3306 3417 3319 3453; x_wconf 91' lang='lat'><strong>:</strong></span> <span class='ocrx_word' id='word_1_731' title='bbox 3373 3399 3436 3454; x_wconf 86' lang='grc' dir='ltr'><strong><em>Β.</em></strong></span> <span class='ocrx_word' id='word_1_732' title='bbox 3472 3399 3677 3469; x_wconf 81' lang='lat' dir='ltr'><strong><em>Wilfri—</em></strong></span> 
     </span>
    </p>
   </div>
   <div class='ocr_carea' id='block_1_104' title="bbox 2120 3463 3685 3538">
    <p class='ocr_par' dir='ltr' id='par_1_104' title="bbox 2120 3463 3685 3538">
     <span class='ocr_line' id='line_1_105' title="bbox 2120 3463 3685 3538; baseline 0.007 -25"><span class='ocrx_word' id='word_1_733' title='bbox 2120 3463 2233 3529; x_wconf 87' lang='lat' dir='ltr'><strong><em>dus,</em></strong></span> <span class='ocrx_word' id='word_1_734' title='bbox 2266 3465 2369 3518; x_wconf 86' lang='lat' dir='ltr'><strong><em>Deo</em></strong></span> <span class='ocrx_word' id='word_1_735' title='bbox 2395 3469 2628 3521; x_wconf 86' lang='lat' dir='ltr'><strong><em>amabilis</em></strong></span> <span class='ocrx_word' id='word_1_736' title='bbox 2673 3471 2957 3536; x_wconf 87' lang='lat' dir='ltr'><strong><em>episcopus,</em></strong></span> <span class='ocrx_word' id='word_1_737' title='bbox 2986 3463 3038 3523; x_wconf 81' lang='lat' dir='ltr'><strong><em>in</em></strong></span> <span class='ocrx_word' id='word_1_738' title='bbox 3077 3486 3175 3538; x_wconf 90' lang='lat' dir='ltr'><strong><em>quo</em></strong></span> <span class='ocrx_word' id='word_1_739' title='bbox 3221 3470 3413 3524; x_wconf 87' lang='lat' dir='ltr'><strong><em>nullam</em></strong></span> <span class='ocrx_word' id='word_1_740' title='bbox 3460 3463 3685 3525; x_wconf 76' lang='lat' dir='ltr'><strong><em>criminis</em></strong></span> 
     </span>
    </p>
   </div>
   <div class='ocr_carea' id='block_1_105' title="bbox 2120 3538 3682 3608">
    <p class='ocr_par' dir='ltr' id='par_1_105' title="bbox 2120 3538 3682 3608">
     <span class='ocr_line' id='line_1_106' title="bbox 2120 3538 3682 3608; baseline 0.006 -26"><span class='ocrx_word' id='word_1_741' title='bbox 2120 3549 2205 3608; x_wconf 70' lang='lat' dir='ltr'><strong><em>per</em></strong></span> <span class='ocrx_word' id='word_1_742' title='bbox 2237 3542 2308 3586; x_wconf 87' lang='lat' dir='ltr'><strong><em>tot</em></strong></span> <span class='ocrx_word' id='word_1_743' title='bbox 2337 3538 2673 3591; x_wconf 70' lang='lat' dir='ltr'><strong><em>conciliabula</em></strong></span> <span class='ocrx_word' id='word_1_744' title='bbox 2704 3553 2874 3592; x_wconf 89' lang='lat' dir='ltr'><strong><em>nostra</em></strong></span> <span class='ocrx_word' id='word_1_745' title='bbox 2904 3541 3238 3594; x_wconf 71' lang='lat' dir='ltr'><strong><em>examinanda</em></strong></span> <span class='ocrx_word' id='word_1_746' title='bbox 3278 3551 3379 3594; x_wconf 92' lang='lat' dir='ltr'><strong><em>tam</em></strong></span> <span class='ocrx_word' id='word_1_747' title='bbox 3408 3541 3682 3608; x_wconf 73' lang='lat' dir='ltr'><strong><em>diligenter</em></strong></span> 
     </span>
    </p>
   </div>
   <div class='ocr_carea' id='block_1_106' title="bbox 2120 3606 3682 3678">
    <p class='ocr_par' dir='ltr' id='par_1_106' title="bbox 2120 3606 3682 3678">
     <span class='ocr_line' id='line_1_107' title="bbox 2120 3606 3682 3678; baseline 0.006 -26"><span class='ocrx_word' id='word_1_748' title='bbox 2120 3606 2446 3671; x_wconf 84' lang='lat' dir='ltr'><strong><em>objectionem</em></strong></span> <span class='ocrx_word' id='word_1_749' title='bbox 2490 3609 2789 3676; x_wconf 86' lang='lat' dir='ltr'><strong><em>invenimus,</em></strong></span> <span class='ocrx_word' id='word_1_750' title='bbox 2823 3609 2885 3662; x_wconf 83' lang='grc' dir='ltr'><strong><em>Β.</em></strong></span> <span class='ocrx_word' id='word_1_751' title='bbox 2931 3609 3068 3663; x_wconf 82' lang='lat' dir='ltr'><strong><em>Petri</em></strong></span> <span class='ocrx_word' id='word_1_752' title='bbox 3096 3611 3312 3676; x_wconf 83' lang='lat' dir='ltr'><strong><em>apostoli</em></strong></span> <span class='ocrx_word' id='word_1_753' title='bbox 3351 3620 3395 3663; x_wconf 88' lang='lat' dir='ltr'><strong><em>et</em></strong></span> <span class='ocrx_word' id='word_1_754' title='bbox 3426 3606 3682 3678; x_wconf 80' lang='lat' dir='ltr'><strong><em>apostolu-</em></strong></span> 
     </span>
    </p>
   </div>
   <div class='ocr_carea' id='block_1_107' title="bbox 2118 3678 3680 3750">
    <p class='ocr_par' dir='ltr' id='par_1_107' title="bbox 2118 3678 3680 3750">
     <span class='ocr_line' id='line_1_108' title="bbox 2118 3678 3680 3750; baseline 0.006 -27"><span class='ocrx_word' id='word_1_755' title='bbox 2118 3689 2231 3750; x_wconf 71' lang='lat' dir='ltr'><strong><em>runt</em></strong></span> <span class='ocrx_word' id='word_1_756' title='bbox 2256 3678 2496 3750; x_wconf 72' lang='lat' dir='ltr'><strong><em>principis</em></strong></span> <span class='ocrx_word' id='word_1_757' title='bbox 2521 3682 2840 3739; x_wconf 84' lang='lat' dir='ltr'><strong><em>auctoritate,</em></strong></span> <span class='ocrx_word' id='word_1_758' title='bbox 2866 3683 2949 3750; x_wconf 87' lang='lat' dir='ltr'><strong><em>qui</em></strong></span> <span class='ocrx_word' id='word_1_759' title='bbox 2974 3680 3128 3732; x_wconf 84' lang='lat' dir='ltr'><strong><em>habet&#39;</em></strong></span> <span class='ocrx_word' id='word_1_760' title='bbox 3144 3688 3433 3749; x_wconf 81' lang='lat' dir='ltr'><strong><em>potestatem</em></strong></span> <span class='ocrx_word' id='word_1_761' title='bbox 3454 3683 3680 3734; x_wconf 82' lang='lat' dir='ltr'><strong><em>solvendi</em></strong></span> 
     </span>
    </p>
   </div>
   <div class='ocr_carea' id='block_1_108' title="bbox 2120 3743 3678 3816">
    <p class='ocr_par' dir='ltr' id='par_1_108' title="bbox 2120 3743 3678 3816">
     <span class='ocr_line' id='line_1_109' title="bbox 2120 3743 3678 3816; baseline 0.006 -23"><span class='ocrx_word' id='word_1_762' title='bbox 2120 3743 2429 3816; x_wconf 70' lang='lat' dir='ltr'><strong><em>ligandique,</em></strong></span> <span class='ocrx_word' id='word_1_763' title='bbox 2460 3750 2520 3801; x_wconf 89' lang='lat' dir='ltr'><strong><em>ab</em></strong></span> <span class='ocrx_word' id='word_1_764' title='bbox 2542 3750 2746 3802; x_wconf 84' lang='lat' dir='ltr'><strong><em>occultis</em></strong></span> <span class='ocrx_word' id='word_1_765' title='bbox 2767 3743 2961 3803; x_wconf 78' lang='lat' dir='ltr'><strong><em>deliciis</em></strong></span> <span class='ocrx_word' id='word_1_766' title='bbox 2986 3743 3241 3803; x_wconf 78' lang='lat' dir='ltr'><strong><em>exsolutus</em></strong></span> <span class='ocrx_word' id='word_1_767' title='bbox 3262 3753 3346 3803; x_wconf 88' lang='lat' dir='ltr'><strong><em>sit.</em></strong></span> <span class='ocrx_word' id='word_1_768' title='bbox 3374 3750 3530 3814; x_wconf 84' lang='lat' dir='ltr'><strong>Tum,</strong></span> <span class='ocrx_word' id='word_1_769' title='bbox 3560 3765 3678 3816; x_wconf 85' lang='lat' dir='ltr'><strong>cap.</strong></span> 
     </span>
    </p>
   </div>
   <div class='ocr_carea' id='block_1_109' title="bbox 2119 3813 3681 3886">
    <p class='ocr_par' dir='ltr' id='par_1_109' title="bbox 2119 3813 3681 3886">
     <span class='ocr_line' id='line_1_110' title="bbox 2119 3813 3681 3886; baseline 0.005 -20"><span class='ocrx_word' id='word_1_770' title='bbox 2119 3813 2209 3886; x_wconf 71' lang='lat'><strong><em>5!,</em></strong></span> <span class='ocrx_word' id='word_1_771' title='bbox 2232 3813 2527 3883; x_wconf 68' lang='lat' dir='ltr'><strong>epIStolam,</strong></span> <span class='ocrx_word' id='word_1_772' title='bbox 2563 3834 2656 3872; x_wconf 89' lang='lat' dir='ltr'><strong><em>seu</em></strong></span> <span class='ocrx_word' id='word_1_773' title='bbox 2685 3822 2956 3874; x_wconf 85' lang='lat' dir='ltr'><strong>decretum</strong></span> <span class='ocrx_word' id='word_1_774' title='bbox 2987 3819 3204 3873; x_wconf 85' lang='lat' dir='ltr'><strong>Joannis</strong></span> <span class='ocrx_word' id='word_1_775' title='bbox 3228 3835 3373 3886; x_wconf 75' lang='lat' dir='ltr'><strong>papa:</strong></span> <span class='ocrx_word' id='word_1_776' title='bbox 3404 3821 3468 3872; x_wconf 91' lang='lat' dir='ltr'><strong><em>ad</em></strong></span> <span class='ocrx_word' id='word_1_777' title='bbox 3496 3813 3681 3874; x_wconf 82' lang='lat' dir='ltr'><strong>Ethel-</strong></span> 
     </span>
    </p>
   </div>
   <div class='ocr_carea' id='block_1_110' title="bbox 2121 3884 3680 3956">
    <p class='ocr_par' dir='ltr' id='par_1_110' title="bbox 2121 3884 3680 3956">
     <span class='ocr_line' id='line_1_111' title="bbox 2121 3884 3680 3956; baseline 0.004 -19"><span class='ocrx_word' id='word_1_778' title='bbox 2121 3884 2305 3956; x_wconf 80' lang='lat' dir='ltr'><strong>redum</strong></span> <span class='ocrx_word' id='word_1_779' title='bbox 2338 3902 2512 3956; x_wconf 82' lang='lat' dir='ltr'><strong>regem</strong></span> <span class='ocrx_word' id='word_1_780' title='bbox 2544 3887 2878 3953; x_wconf 77' lang='lat' dir='ltr'><strong>Merciorum,</strong></span> <span class='ocrx_word' id='word_1_781' title='bbox 2922 3898 2977 3944; x_wconf 88' lang='lat' dir='ltr'><strong><em>et</em></strong></span> <span class='ocrx_word' id='word_1_782' title='bbox 3006 3884 3266 3943; x_wconf 81' lang='lat' dir='ltr'><strong>Allridum</strong></span> <span class='ocrx_word' id='word_1_783' title='bbox 3300 3884 3576 3943; x_wconf 84' lang='lat' dir='ltr'><strong>Deirorum</strong></span> <span class='ocrx_word' id='word_1_784' title='bbox 3625 3902 3680 3943; x_wconf 80' lang='lat' dir='ltr'><strong><em>et</em></strong></span> 
     </span>
    </p>
   </div>
   <div class='ocr_carea' id='block_1_111' title="bbox 2121 3953 3678 4028">
    <p class='ocr_par' dir='ltr' id='par_1_111' title="bbox 2121 3953 3678 4028">
     <span class='ocr_line' id='line_1_112' title="bbox 2121 3953 3678 4028; baseline 0.004 -21"><span class='ocrx_word' id='word_1_785' title='bbox 2121 3953 2507 4025; x_wconf 78' lang='lat' dir='ltr'><strong>Berniciorum,</strong></span> <span class='ocrx_word' id='word_1_786' title='bbox 2560 3961 2609 4011; x_wconf 89' lang='lat' dir='ltr'><strong><em>id</em></strong></span> <span class='ocrx_word' id='word_1_787' title='bbox 2642 3971 2723 4013; x_wconf 75' lang='lat' dir='ltr'><strong>est.</strong></span> <span class='ocrx_word' id='word_1_788' title='bbox 2755 3960 3146 4014; x_wconf 67' lang='lat' dir='ltr'><strong>Northumbria:</strong></span> <span class='ocrx_word' id='word_1_789' title='bbox 3175 3974 3375 4028; x_wconf 78' lang='lat' dir='ltr'><strong>regem.</strong></span> <span class='ocrx_word' id='word_1_790' title='bbox 3422 3962 3678 4027; x_wconf 76' lang='lat' dir='ltr'><strong>scriptam</strong></span> 
     </span>
    </p>
   </div>
   <div class='ocr_carea' id='block_1_112' title="bbox 2120 4028 3674 4095">
    <p class='ocr_par' dir='ltr' id='par_1_112' title="bbox 2120 4028 3674 4095">
     <span class='ocr_line' id='line_1_113' title="bbox 2120 4028 3674 4095; baseline 0.003 -17"><span class='ocrx_word' id='word_1_791' title='bbox 2120 4028 2383 4094; x_wconf 86' lang='lat' dir='ltr'><strong>producit,</strong></span> <span class='ocrx_word' id='word_1_792' title='bbox 2415 4043 2515 4095; x_wconf 86' lang='lat' dir='ltr'><strong><em>qua</em></strong></span> <span class='ocrx_word' id='word_1_793' title='bbox 2548 4031 2761 4083; x_wconf 68' lang='lat' dir='ltr'><strong>eosdem</strong></span> <span class='ocrx_word' id='word_1_794' title='bbox 2796 4041 2994 4094; x_wconf 87' lang='lat' dir='ltr'><strong>monet,</strong></span> <span class='ocrx_word' id='word_1_795' title='bbox 3028 4028 3327 4084; x_wconf 76' lang='lat' dir='ltr'><strong>Wilfridum</strong></span> <span class='ocrx_word' id='word_1_796' title='bbox 3356 4028 3519 4082; x_wconf 84' lang='lat' dir='ltr'><strong>fuisse</strong></span> <span class='ocrx_word' id='word_1_797' title='bbox 3563 4033 3674 4082; x_wconf 80' lang='lat' dir='ltr'><strong>ab—</strong></span> 
     </span>
    </p>
   </div>
   <div class='ocr_carea' id='block_1_113' title="bbox 2118 4097 3669 4168">
    <p class='ocr_par' dir='ltr' id='par_1_113' title="bbox 2118 4097 3669 4168">
     <span class='ocr_line' id='line_1_114' title="bbox 2118 4097 3669 4168; baseline 0.003 -20"><span class='ocrx_word' id='word_1_798' title='bbox 2118 4097 2374 4168; x_wconf 82' lang='lat' dir='ltr'><strong>solutum,</strong></span> <span class='ocrx_word' id='word_1_799' title='bbox 2415 4101 2599 4153; x_wconf 88' lang='lat' dir='ltr'><strong>saltem</strong></span> <span class='ocrx_word' id='word_1_800' title='bbox 2630 4099 2943 4168; x_wconf 88' lang='lat' dir='ltr'><strong>provisorie,</strong></span> <span class='ocrx_word' id='word_1_801' title='bbox 2990 4100 3170 4165; x_wconf 89' lang='lat' dir='ltr'><strong><em>donec,</em></strong></span> <span class='ocrx_word' id='word_1_802' title='bbox 3223 4101 3390 4166; x_wconf 78' lang='lat' dir='ltr'><strong>inquit</strong></span> <span class='ocrx_word' id='word_1_803' title='bbox 3416 4098 3669 4160; x_wconf 62' lang='lat' dir='ltr'><strong>Joannes,</strong></span> 
     </span>
    </p>
   </div>
   <div class='ocr_carea' id='block_1_114' title="bbox 2116 4166 3677 4239">
    <p class='ocr_par' dir='ltr' id='par_1_114' title="bbox 2116 4166 3677 4239">
     <span class='ocr_line' id='line_1_115' title="bbox 2116 4166 3677 4239; baseline 0.003 -23"><span class='ocrx_word' id='word_1_804' title='bbox 2116 4166 2240 4234; x_wconf 80' lang='lat' dir='ltr'><strong><em>ipsa:</em></strong></span> <span class='ocrx_word' id='word_1_805' title='bbox 2264 4169 2567 4235; x_wconf 86' lang='lat' dir='ltr'><strong><em>principales</em></strong></span> <span class='ocrx_word' id='word_1_806' title='bbox 2606 4166 2848 4237; x_wconf 71' lang='lat' dir='ltr'><strong><em>persona,</em></strong></span> <span class='ocrx_word' id='word_1_807' title='bbox 2900 4170 2962 4224; x_wconf 86' lang='lat' dir='ltr'><strong><em>de</em></strong></span> <span class='ocrx_word' id='word_1_808' title='bbox 2988 4171 3169 4239; x_wconf 89' lang='lat' dir='ltr'><strong><em>quibus</em></strong></span> <span class='ocrx_word' id='word_1_809' title='bbox 3207 4170 3455 4221; x_wconf 88' lang='lat' dir='ltr'><strong><em>contentio</em></strong></span> <span class='ocrx_word' id='word_1_810' title='bbox 3499 4181 3677 4223; x_wconf 79' lang='lat' dir='ltr'><strong><em>exorta</em></strong></span> 
     </span>
    </p>
   </div>
   <div class='ocr_carea' id='block_1_115' title="bbox 2118 4240 3677 4308">
    <p class='ocr_par' dir='ltr' id='par_1_115' title="bbox 2118 4240 3677 4308">
     <span class='ocr_line' id='line_1_116' title="bbox 2118 4240 3677 4308; baseline 0.004 -22"><span class='ocrx_word' id='word_1_811' title='bbox 2118 4246 2211 4301; x_wconf 84' lang='lat' dir='ltr'><strong><em>est,</em></strong></span> <span class='ocrx_word' id='word_1_812' title='bbox 2244 4248 2505 4303; x_wconf 71' lang='lat' dir='ltr'><strong><em>prasente:</em></strong></span> <span class='ocrx_word' id='word_1_813' title='bbox 2534 4240 2787 4308; x_wconf 76' lang='lat' dir='ltr'><strong><em>adfuerint</em></strong></span> <span class='ocrx_word' id='word_1_814' title='bbox 2817 4240 3020 4307; x_wconf 73' lang='lat' dir='ltr'><strong>(Romae</strong></span> <span class='ocrx_word' id='word_1_815' title='bbox 3057 4242 3309 4306; x_wconf 82' lang='lat' dir='ltr'><strong>scilicet),</strong></span> <span class='ocrx_word' id='word_1_816' title='bbox 3332 4255 3456 4307; x_wconf 89' lang='lat' dir='ltr'><strong><em>quas</em></strong></span> <span class='ocrx_word' id='word_1_817' title='bbox 3479 4255 3677 4292; x_wconf 69' lang='lat' dir='ltr'><strong><em>necesse</em></strong></span> 
     </span>
    </p>
   </div>
   <div class='ocr_carea' id='block_1_116' title="bbox 2116 4309 3679 4376">
    <p class='ocr_par' dir='ltr' id='par_1_116' title="bbox 2116 4309 3679 4376">
     <span class='ocr_line' id='line_1_117' title="bbox 2116 4309 3679 4376; baseline 0.002 -19"><span class='ocrx_word' id='word_1_818' title='bbox 2116 4316 2242 4365; x_wconf 87' lang='lat' dir='ltr'><strong><em>erat,</em></strong></span> <span class='ocrx_word' id='word_1_819' title='bbox 2268 4316 2320 4358; x_wconf 91' lang='lat' dir='ltr'><strong><em>ut</em></strong></span> <span class='ocrx_word' id='word_1_820' title='bbox 2337 4310 2581 4361; x_wconf 89' lang='lat' dir='ltr'><strong><em>contentio</em></strong></span> <span class='ocrx_word' id='word_1_821' title='bbox 2609 4309 2763 4376; x_wconf 79' lang='lat' dir='ltr'><strong><em>finem</em></strong></span> <span class='ocrx_word' id='word_1_822' title='bbox 2784 4310 3019 4376; x_wconf 87' lang='lat' dir='ltr'><strong><em>accipiat,</em></strong></span> <span class='ocrx_word' id='word_1_823' title='bbox 3046 4310 3280 4362; x_wconf 90' lang='lat' dir='ltr'><strong><em>advenire</em></strong></span> <span class='ocrx_word' id='word_1_824' title='bbox 3303 4319 3349 4361; x_wconf 89' lang='lat' dir='ltr'><strong><em>et</em></strong></span> <span class='ocrx_word' id='word_1_825' title='bbox 3371 4310 3679 4371; x_wconf 75' lang='lat' dir='ltr'><strong><em>consedere;</em></strong></span> 
     </span>
    </p>
   </div>
   <div class='ocr_carea' id='block_1_117' title="bbox 2116 4376 3680 4447">
    <p class='ocr_par' dir='ltr' id='par_1_117' title="bbox 2116 4376 3680 4447">
     <span class='ocr_line' id='line_1_118' title="bbox 2116 4376 3680 4447; baseline 0.003 -20"><span class='ocrx_word' id='word_1_826' title='bbox 2116 4384 2163 4427; x_wconf 86' lang='lat' dir='ltr'><strong><em>et</em></strong></span> <span class='ocrx_word' id='word_1_827' title='bbox 2194 4378 2381 4447; x_wconf 86' lang='lat' dir='ltr'><strong><em>idcirco</em></strong></span> <span class='ocrx_word' id='word_1_828' title='bbox 2404 4378 2729 4447; x_wconf 85' lang='lat' dir='ltr'><strong><em>admonemus</em></strong></span> <span class='ocrx_word' id='word_1_829' title='bbox 2763 4376 3130 4431; x_wconf 81' lang='lat' dir='ltr'><strong><em>Berthualdum</em></strong></span> <span class='ocrx_word' id='word_1_830' title='bbox 3159 4380 3427 4447; x_wconf 63' lang='lat' dir='ltr'><strong><em>pracsulem</em></strong></span> <span class='ocrx_word' id='word_1_831' title='bbox 3458 4379 3518 4431; x_wconf 89' lang='lat' dir='ltr'><strong><em>S.</em></strong></span> <span class='ocrx_word' id='word_1_832' title='bbox 3541 4376 3680 4431; x_wconf 84' lang='lat' dir='ltr'><strong><em>Can-</em></strong></span> 
     </span>
    </p>
   </div>
   <div class='ocr_carea' id='block_1_118' title="bbox 2046 4446 3679 4517">
    <p class='ocr_par' dir='ltr' id='par_1_118' title="bbox 2046 4446 3679 4517">
     <span class='ocr_line' id='line_1_119' title="bbox 2046 4446 3679 4517; baseline 0.004 -22"><span class='ocrx_word' id='word_1_833' title='bbox 2046 4455 2100 4516; x_wconf 81' lang='lat' dir='ltr'><strong><em>D</em></strong></span> <span class='ocrx_word' id='word_1_834' title='bbox 2124 4446 2401 4517; x_wconf 81' lang='lat' dir='ltr'><strong><em>tuariorum</em></strong></span> <span class='ocrx_word' id='word_1_835' title='bbox 2435 4446 2690 4517; x_wconf 70' lang='lat' dir='ltr'><strong><em>Ecclesiaz,</em></strong></span> <span class='ocrx_word' id='word_1_836' title='bbox 2718 4463 2863 4517; x_wconf 86' lang='lat' dir='ltr'><strong><em>quem</em></strong></span> <span class='ocrx_word' id='word_1_837' title='bbox 2884 4446 3183 4502; x_wconf 87' lang='lat' dir='ltr'><strong><em>auctoritate</em></strong></span> <span class='ocrx_word' id='word_1_838' title='bbox 3206 4449 3448 4517; x_wconf 86' lang='lat' dir='ltr'><strong><em>principis</em></strong></span> <span class='ocrx_word' id='word_1_839' title='bbox 3467 4459 3679 4516; x_wconf 82' lang='lat' dir='ltr'><strong><em>aposto-</em></strong></span> 
     </span>
    </p>
   </div>
   <div class='ocr_carea' id='block_1_119' title="bbox 538 4514 3678 4587">
    <p class='ocr_par' dir='ltr' id='par_1_119' title="bbox 538 4514 3678 4587">
     <span class='ocr_line' id='line_1_120' title="bbox 538 4514 3678 4587; baseline 0.001 -19"><span class='ocrx_word' id='word_1_840' title='bbox 538 4516 651 4581; x_wconf 85' lang='lat' dir='ltr'><strong><em>Quo</em></strong></span> <span class='ocrx_word' id='word_1_841' title='bbox 679 4517 874 4579; x_wconf 87' lang='lat' dir='ltr'><strong><em>audito,</em></strong></span> <span class='ocrx_word' id='word_1_842' title='bbox 900 4514 1106 4569; x_wconf 87' lang='lat' dir='ltr'><strong><em>sanctus</em></strong></span> <span class='ocrx_word' id='word_1_843' title='bbox 1132 4514 1403 4584; x_wconf 75' lang='lat' dir='ltr'><strong><em>Wilfridus</em></strong></span> <span class='ocrx_word' id='word_1_844' title='bbox 1428 4516 1690 4583; x_wconf 86' lang='lat' dir='ltr'><strong><em>episcopus</em></strong></span> <span class='ocrx_word' id='word_1_845' title='bbox 1714 4527 1881 4570; x_wconf 82' lang='lat' dir='ltr'><strong><em>noster</em></strong></span> <span class='ocrx_word' id='word_1_846' title='bbox 1901 4535 2021 4573; x_wconf 78' lang='lat' dir='ltr'><strong><em>con-</em></strong></span> <span class='ocrx_word' id='word_1_847' title='bbox 2048 4514 2079 4516; x_wconf 35' lang='grc' dir='ltr'>η</span> <span class='ocrx_word' id='word_1_848' title='bbox 2122 4514 2289 4587; x_wconf 89' lang='lat' dir='ltr'><strong><em>lorum</em></strong></span> <span class='ocrx_word' id='word_1_849' title='bbox 2327 4514 2754 4587; x_wconf 81' lang='lat' dir='ltr'><strong><em>archiepiscOpum</em></strong></span> <span class='ocrx_word' id='word_1_850' title='bbox 2779 4518 2962 4570; x_wconf 87' lang='lat' dir='ltr'><strong><em>ibidem</em></strong></span> <span class='ocrx_word' id='word_1_851' title='bbox 2998 4514 3405 4586; x_wconf 83' lang='lat' dir='ltr'><strong><em>conﬁrmavimus</em></strong></span> <span class='ocrx_word' id='word_1_852' title='bbox 3442 4514 3678 4570; x_wconf 83' lang='lat' dir='ltr'><strong><em>reveren-</em></strong></span> 
     </span>
    </p>
   </div>
   <div class='ocr_carea' id='block_1_120' title="bbox 463 4586 2018 4655">
    <p class='ocr_par' dir='ltr' id='par_1_120' title="bbox 463 4586 2018 4655">
     <span class='ocr_line' id='line_1_121' title="bbox 463 4586 2018 4655; baseline 0.005 -19"><span class='ocrx_word' id='word_1_853' title='bbox 463 4593 655 4639; x_wconf 88' lang='lat' dir='ltr'><strong><em>stanter</em></strong></span> <span class='ocrx_word' id='word_1_854' title='bbox 703 4596 747 4639; x_wconf 88' lang='lat' dir='ltr'><strong><em>et</em></strong></span> <span class='ocrx_word' id='word_1_855' title='bbox 799 4586 1052 4655; x_wconf 89' lang='lat' dir='ltr'><strong><em>intrepida</em></strong></span> <span class='ocrx_word' id='word_1_856' title='bbox 1079 4602 1192 4639; x_wconf 90' lang='lat' dir='ltr'><strong><em>voce</em></strong></span> <span class='ocrx_word' id='word_1_857' title='bbox 1214 4588 1403 4638; x_wconf 86' lang='lat' dir='ltr'><strong><em>elevata</em></strong></span> <span class='ocrx_word' id='word_1_858' title='bbox 1430 4590 1624 4641; x_wconf 89' lang='lat' dir='ltr'><strong><em>locutus</em></strong></span> <span class='ocrx_word' id='word_1_859' title='bbox 1654 4596 1778 4647; x_wconf 77' lang='lat' dir='ltr'><strong><em>erat,</em></strong></span> <span class='ocrx_word' id='word_1_860' title='bbox 1806 4588 1976 4643; x_wconf 89' lang='lat' dir='ltr'><strong><em>dicens</em></strong></span> <span class='ocrx_word' id='word_1_861' title='bbox 2000 4606 2018 4643; x_wconf 90' lang='lat'><strong><em>:</em></strong></span> 
     </span>
    </p>
   </div>
   <div class='ocr_carea' id='block_1_121' title="bbox 466 4655 2019 4725">
    <p class='ocr_par' dir='ltr' id='par_1_121' title="bbox 466 4655 2019 4725">
     <span class='ocr_line' id='line_1_122' title="bbox 466 4655 2019 4725; baseline 0.003 -18"><span class='ocrx_word' id='word_1_862' title='bbox 466 4656 577 4718; x_wconf 84' lang='lat' dir='ltr'><strong><em>Qua</em></strong></span> <span class='ocrx_word' id='word_1_863' title='bbox 624 4672 685 4709; x_wconf 83' lang='lat' dir='ltr'><strong><em>ea:</em></strong></span> <span class='ocrx_word' id='word_1_864' title='bbox 736 4672 889 4709; x_wconf 89' lang='lat' dir='ltr'><strong><em>causa</em></strong></span> <span class='ocrx_word' id='word_1_865' title='bbox 918 4672 995 4709; x_wconf 89' lang='lat' dir='ltr'><strong><em>me</em></strong></span> <span class='ocrx_word' id='word_1_866' title='bbox 1025 4655 1341 4724; x_wconf 88' lang='lat' dir='ltr'><strong><em>compellitis,</em></strong></span> <span class='ocrx_word' id='word_1_867' title='bbox 1375 4666 1551 4709; x_wconf 84' lang='lat' dir='ltr'><strong><em>uHam</em></strong></span> <span class='ocrx_word' id='word_1_868' title='bbox 1578 4658 1778 4725; x_wconf 91' lang='lat' dir='ltr'><strong><em>lugubri</em></strong></span> <span class='ocrx_word' id='word_1_869' title='bbox 1808 4660 2019 4713; x_wconf 80' lang='lat' dir='ltr'><strong><em>calami—</em></strong></span> 
     </span>
    </p>
   </div>
   <div class='ocr_carea' id='block_1_122' title="bbox 463 4726 2017 4798">
    <p class='ocr_par' dir='ltr' id='par_1_122' title="bbox 463 4726 2017 4798">
     <span class='ocr_line' id='line_1_123' title="bbox 463 4726 2017 4798; baseline 0.004 -21"><span class='ocrx_word' id='word_1_870' title='bbox 463 4727 582 4798; x_wconf 80' lang='lat' dir='ltr'><strong><em>tatis</em></strong></span> <span class='ocrx_word' id='word_1_871' title='bbox 608 4726 827 4798; x_wconf 76' lang='lat' dir='ltr'><strong><em>miseria</em></strong></span> <span class='ocrx_word' id='word_1_872' title='bbox 880 4727 933 4779; x_wconf 88' lang='lat' dir='ltr'><strong><em>in</em></strong></span> <span class='ocrx_word' id='word_1_873' title='bbox 980 4726 1333 4798; x_wconf 78' lang='lat' dir='ltr'><strong><em>memetipsum</em></strong></span> <span class='ocrx_word' id='word_1_874' title='bbox 1376 4728 1604 4797; x_wconf 88' lang='lat' dir='ltr'><strong><em>gladium</em></strong></span> <span class='ocrx_word' id='word_1_875' title='bbox 1654 4729 1781 4780; x_wconf 77' lang='lat' dir='ltr'><strong><em>dira:</em></strong></span> <span class='ocrx_word' id='word_1_876' title='bbox 1808 4729 2017 4798; x_wconf 88' lang='lat' dir='ltr'><strong><em>interfe-</em></strong></span> 
     </span>
    </p>
   </div>
   <div class='ocr_carea' id='block_1_123' title="bbox 462 4794 2016 4868">
    <p class='ocr_par' dir='ltr' id='par_1_123' title="bbox 462 4794 2016 4868">
     <span class='ocr_line' id='line_1_124' title="bbox 462 4794 2016 4868; baseline 0.004 -23"><span class='ocrx_word' id='word_1_877' title='bbox 462 4795 663 4857; x_wconf 84' lang='lat' dir='ltr'><strong><em>ctionis,</em></strong></span> <span class='ocrx_word' id='word_1_878' title='bbox 727 4794 820 4868; x_wconf 86' lang='lat' dir='ltr'><strong><em>hoc</em></strong></span> <span class='ocrx_word' id='word_1_879' title='bbox 859 4794 1627 4868; x_wconf 25' lang='lat' dir='ltr'><strong><em>est‘subscriptionem&#39;propria:</em></strong></span> <span class='ocrx_word' id='word_1_880' title='bbox 1647 4794 2016 4868; x_wconf 72' lang='lat' dir='ltr'><strong><em>damnationis,</em></strong></span> 
     </span>
    </p>
   </div>
   <div class='ocr_carea' id='block_1_124' title="bbox 462 4865 2018 4935">
    <p class='ocr_par' dir='ltr' id='par_1_124' title="bbox 462 4865 2018 4935">
     <span class='ocr_line' id='line_1_125' title="bbox 462 4865 2018 4935; baseline 0.004 -18"><span class='ocrx_word' id='word_1_881' title='bbox 462 4866 786 4918; x_wconf 87' lang='lat' dir='ltr'><strong><em>convertam?</em></strong></span> <span class='ocrx_word' id='word_1_882' title='bbox 916 4865 1019 4920; x_wconf 88' lang='lat' dir='ltr'><strong><em>Sed</em></strong></span> <span class='ocrx_word' id='word_1_883' title='bbox 1048 4867 1109 4919; x_wconf 74' lang='lat' dir='ltr'><strong><em>de</em></strong></span> <span class='ocrx_word' id='word_1_884' title='bbox 1135 4867 1229 4918; x_wconf 90' lang='lat' dir='ltr'><strong><em>hac</em></strong></span> <span class='ocrx_word' id='word_1_885' title='bbox 1257 4867 1445 4919; x_wconf 88' lang='lat' dir='ltr'><strong><em>naviter</em></strong></span> <span class='ocrx_word' id='word_1_886' title='bbox 1476 4865 1583 4919; x_wconf 86' lang='lat' dir='ltr'><strong><em>orta</em></strong></span> <span class='ocrx_word' id='word_1_887' title='bbox 1604 4866 1896 4935; x_wconf 63' lang='lat' dir='ltr'><strong><em>quastione,</em></strong></span> <span class='ocrx_word' id='word_1_888' title='bbox 1919 4865 2018 4935; x_wconf 85' lang='lat' dir='ltr'><strong><em>qua</em></strong></span> 
     </span>
    </p>
   </div>
   <div class='ocr_carea' id='block_1_125' title="bbox 463 4935 2016 5004">
    <p class='ocr_par' dir='ltr' id='par_1_125' title="bbox 463 4935 2016 5004">
     <span class='ocr_line' id='line_1_126' title="bbox 463 4935 2016 5004; baseline 0.003 -19"><span class='ocrx_word' id='word_1_889' title='bbox 463 4950 541 5004; x_wconf 84' lang='lat' dir='ltr'><strong><em>me</em></strong></span> <span class='ocrx_word' id='word_1_890' title='bbox 562 4951 646 4988; x_wconf 89' lang='lat' dir='ltr'><strong><em>vos</em></strong></span> <span class='ocrx_word' id='word_1_891' title='bbox 671 4936 953 4989; x_wconf 88' lang='lat' dir='ltr'><strong><em>sanctitatis</em></strong></span> <span class='ocrx_word' id='word_1_892' title='bbox 975 4935 1201 4988; x_wconf 82' lang='lat' dir='ltr'><strong><em>habitum</em></strong></span> <span class='ocrx_word' id='word_1_893' title='bbox 1228 4936 1414 4989; x_wconf 85' lang='lat' dir='ltr'><strong><em>violare</em></strong></span> <span class='ocrx_word' id='word_1_894' title='bbox 1440 4938 1559 4991; x_wconf 88' lang='lat' dir='ltr'><strong><em>estis</em></strong></span> <span class='ocrx_word' id='word_1_895' title='bbox 1584 4937 1770 4998; x_wconf 89' lang='lat' dir='ltr'><strong><em>conati,</em></strong></span> <span class='ocrx_word' id='word_1_896' title='bbox 1794 4935 2016 5004; x_wconf 82' lang='lat' dir='ltr'><strong><em>ﬁducia-</em></strong></span> 
     </span>
    </p>
   </div>
   <div class='ocr_carea' id='block_1_126' title="bbox 462 5002 2016 5075">
    <p class='ocr_par' dir='ltr' id='par_1_126' title="bbox 462 5002 2016 5075">
     <span class='ocr_line' id='line_1_127' title="bbox 462 5002 2016 5075; baseline 0.001 -20"><span class='ocrx_word' id='word_1_897' title='bbox 462 5002 576 5075; x_wconf 81' lang='lat' dir='ltr'><strong><em>liter</em></strong></span> <span class='ocrx_word' id='word_1_898' title='bbox 596 5006 761 5057; x_wconf 89' lang='lat' dir='ltr'><strong><em>sedem</em></strong></span> <span class='ocrx_word' id='word_1_899' title='bbox 792 5007 995 5075; x_wconf 88' lang='lat' dir='ltr'><strong><em>appello</em></strong></span> <span class='ocrx_word' id='word_1_900' title='bbox 1024 5007 1371 5075; x_wconf 87' lang='lat' dir='ltr'><strong><em>apostolicam.</em></strong></span> <span class='ocrx_word' id='word_1_901' title='bbox 1503 5005 1630 5059; x_wconf 72' lang='lat' dir='ltr'><strong><em>Hatc</em></strong></span> <span class='ocrx_word' id='word_1_902' title='bbox 1661 5002 1918 5060; x_wconf 84' lang='lat' dir='ltr'><strong><em>audientes</em></strong></span> <span class='ocrx_word' id='word_1_903' title='bbox 1936 5023 2016 5058; x_wconf 85' lang='lat' dir='ltr'><strong><em>ar-</em></strong></span> 
     </span>
    </p>
   </div>
   <div class='ocr_carea' id='block_1_127' title="bbox 461 5074 2015 5144">
    <p class='ocr_par' dir='ltr' id='par_1_127' title="bbox 461 5074 2015 5144">
     <span class='ocr_line' id='line_1_128' title="bbox 461 5074 2015 5144; baseline 0.004 -20"><span class='ocrx_word' id='word_1_904' title='bbox 461 5074 807 5143; x_wconf 86' lang='lat' dir='ltr'><strong><em>chiepiscopus</em></strong></span> <span class='ocrx_word' id='word_1_905' title='bbox 852 5086 899 5129; x_wconf 90' lang='lat' dir='ltr'><strong><em>et</em></strong></span> <span class='ocrx_word' id='word_1_906' title='bbox 944 5090 1034 5129; x_wconf 78' lang='lat' dir='ltr'><strong><em>rea:</em></strong></span> <span class='ocrx_word' id='word_1_907' title='bbox 1060 5074 1308 5129; x_wconf 73' lang='lat' dir='ltr'><strong><em>dixerunt</em></strong></span> <span class='ocrx_word' id='word_1_908' title='bbox 1336 5091 1355 5130; x_wconf 88' lang='lat'><strong><em>:</em></strong></span> <span class='ocrx_word' id='word_1_909' title='bbox 1378 5074 1536 5129; x_wconf 79' lang='lat' dir='ltr'><strong><em>Modo</em></strong></span> <span class='ocrx_word' id='word_1_910' title='bbox 1557 5078 1727 5144; x_wconf 88' lang='lat' dir='ltr'><strong><em>utique</em></strong></span> <span class='ocrx_word' id='word_1_911' title='bbox 1747 5076 2015 5143; x_wconf 89' lang='lat' dir='ltr'><strong><em>culpabilis</em></strong></span> 
     </span>
    </p>
   </div>
   <div class='ocr_carea' id='block_1_128' title="bbox 460 5144 2016 5215">
    <p class='ocr_par' dir='ltr' id='par_1_128' title="bbox 460 5144 2016 5215">
     <span class='ocr_line' id='line_1_129' title="bbox 460 5144 2016 5215; baseline 0.002 -19"><span class='ocrx_word' id='word_1_912' title='bbox 460 5146 627 5215; x_wconf 90' lang='lat' dir='ltr'><strong><em>factus</em></strong></span> <span class='ocrx_word' id='word_1_913' title='bbox 673 5161 703 5195; x_wconf 90' lang='lat' dir='ltr'><strong><em>a</em></strong></span> <span class='ocrx_word' id='word_1_914' title='bbox 740 5144 886 5215; x_wconf 74' lang='lat' dir='ltr'><strong><em>nobis</em></strong></span> <span class='ocrx_word' id='word_1_915' title='bbox 917 5154 1118 5199; x_wconf 90' lang='lat' dir='ltr'><strong><em>notatus</em></strong></span> <span class='ocrx_word' id='word_1_916' title='bbox 1151 5148 1441 5208; x_wconf 86' lang='lat' dir='ltr'><strong><em>damnetur,</em></strong></span> <span class='ocrx_word' id='word_1_917' title='bbox 1473 5149 1611 5215; x_wconf 86' lang='lat' dir='ltr'><strong><em>quod</em></strong></span> <span class='ocrx_word' id='word_1_918' title='bbox 1631 5146 1792 5214; x_wconf 86' lang='lat' dir='ltr'><strong><em>magis</em></strong></span> <span class='ocrx_word' id='word_1_919' title='bbox 1807 5146 2016 5199; x_wconf 89' lang='lat' dir='ltr'><strong><em>illorum</em></strong></span> 
     </span>
    </p>
   </div>
   <div class='ocr_carea' id='block_1_129' title="bbox 461 5214 2013 5287">
    <p class='ocr_par' dir='ltr' id='par_1_129' title="bbox 461 5214 2013 5287">
     <span class='ocr_line' id='line_1_130' title="bbox 461 5214 2013 5287; baseline 0.002 -21"><span class='ocrx_word' id='word_1_920' title='bbox 461 5214 701 5287; x_wconf 19' lang='lat' dir='ltr'><strong>(scilicet.</strong></span> <span class='ocrx_word' id='word_1_921' title='bbox 738 5214 1117 5287; x_wconf 58' lang='lat' dir='ltr'><strong>Romanorum)</strong></span> <span class='ocrx_word' id='word_1_922' title='bbox 1155 5233 1305 5282; x_wconf 90' lang='lat' dir='ltr'><strong><em>quam</em></strong></span> <span class='ocrx_word' id='word_1_923' title='bbox 1331 5216 1716 5287; x_wconf 18' lang='lat' dir='ltr'><strong><em>nostrum¥eligit</em></strong></span> <span class='ocrx_word' id='word_1_924' title='bbox 1731 5215 2013 5287; x_wconf 69' lang='lat' dir='ltr'><strong><em>judicium,</em></strong></span> 
     </span>
    </p>
   </div>
   <div class='ocr_carea' id='block_1_130' title="bbox 460 5282 2013 5354">
    <p class='ocr_par' dir='ltr' id='par_1_130' title="bbox 460 5282 2013 5354">
     <span class='ocr_line' id='line_1_131' title="bbox 460 5282 2013 5354; baseline 0.002 -19"><span class='ocrx_word' id='word_1_925' title='bbox 460 5282 711 5354; x_wconf 71' lang='lat' dir='ltr'><strong><em>etc.Post</em></strong></span> <span class='ocrx_word' id='word_1_926' title='bbox 740 5282 834 5335; x_wconf 89' lang='lat' dir='ltr'><strong><em>has</em></strong></span> <span class='ocrx_word' id='word_1_927' title='bbox 862 5282 1325 5345; x_wconf 79' lang='lat' dir='ltr'><strong><em>sermocinationes,</em></strong></span> <span class='ocrx_word' id='word_1_928' title='bbox 1358 5285 1526 5353; x_wconf 89' lang='lat' dir='ltr'><strong>inquit</strong></span> <span class='ocrx_word' id='word_1_929' title='bbox 1549 5282 1765 5345; x_wconf 79' lang='lat' dir='ltr'><strong>Eddius.</strong></span> <span class='ocrx_word' id='word_1_930' title='bbox 1787 5300 1903 5353; x_wconf 88' lang='lat' dir='ltr'><strong>cap.</strong></span> <span class='ocrx_word' id='word_1_931' title='bbox 1922 5282 2013 5354; x_wconf 68' lang='lat'><strong><em>45,</em></strong></span> 
     </span>
    </p>
   </div>
   <div class='ocr_carea' id='block_1_131' title="bbox 458 5353 2018 5423">
    <p class='ocr_par' dir='ltr' id='par_1_131' title="bbox 458 5353 2018 5423">
     <span class='ocr_line' id='line_1_132' title="bbox 458 5353 2018 5423; baseline 0.004 -19"><span class='ocrx_word' id='word_1_932' title='bbox 458 5353 667 5405; x_wconf 86' lang='lat' dir='ltr'><strong><em>solvitur</em></strong></span> <span class='ocrx_word' id='word_1_933' title='bbox 686 5354 863 5407; x_wconf 89' lang='lat' dir='ltr'><strong><em>inutile</em></strong></span> <span class='ocrx_word' id='word_1_934' title='bbox 892 5355 1159 5409; x_wconf 81' lang='lat' dir='ltr'><strong><em>concilium</em></strong></span> <span class='ocrx_word' id='word_1_935' title='bbox 1185 5371 1248 5409; x_wconf 79' lang='lat' dir='ltr'><strong><em>ea:</em></strong></span> <span class='ocrx_word' id='word_1_936' title='bbox 1278 5370 1488 5422; x_wconf 84' lang='lat' dir='ltr'><strong><em>utraque</em></strong></span> <span class='ocrx_word' id='word_1_937' title='bbox 1515 5362 1678 5423; x_wconf 87' lang='lat' dir='ltr'><strong><em>parte,</em></strong></span> <span class='ocrx_word' id='word_1_938' title='bbox 1703 5364 1830 5418; x_wconf 89' lang='lat' dir='ltr'><strong>etc.,</strong></span> <span class='ocrx_word' id='word_1_939' title='bbox 1849 5366 2018 5410; x_wconf 86' lang='lat' dir='ltr'><strong><em>noster</em></strong></span> 
     </span>
    </p>
   </div>
   <div class='ocr_carea' id='block_1_132' title="bbox 457 5423 2015 5495">
    <p class='ocr_par' dir='ltr' id='par_1_132' title="bbox 457 5423 2015 5495">
     <span class='ocr_line' id='line_1_133' title="bbox 457 5423 2015 5495; baseline 0.003 -22"><span class='ocrx_word' id='word_1_940' title='bbox 457 5432 626 5474; x_wconf 88' lang='lat' dir='ltr'><strong><em>autem</em></strong></span> <span class='ocrx_word' id='word_1_941' title='bbox 664 5435 864 5495; x_wconf 87' lang='lat' dir='ltr'><strong><em>sanctus</em></strong></span> <span class='ocrx_word' id='word_1_942' title='bbox 887 5427 1114 5495; x_wconf 73' lang='lat' dir='ltr'><strong><em>pontifex</em></strong></span> <span class='ocrx_word' id='word_1_943' title='bbox 1143 5442 1354 5494; x_wconf 87' lang='lat' dir='ltr'><strong><em>pergens</em></strong></span> <span class='ocrx_word' id='word_1_944' title='bbox 1380 5427 1572 5478; x_wconf 89' lang='lat' dir='ltr'><strong><em>devenit</em></strong></span> <span class='ocrx_word' id='word_1_945' title='bbox 1600 5425 1665 5477; x_wconf 87' lang='lat' dir='ltr'><strong><em>ad</em></strong></span> <span class='ocrx_word' id='word_1_946' title='bbox 1688 5423 2015 5479; x_wconf 85' lang='lat' dir='ltr'><strong><em>Ethelredum</em></strong></span> 
     </span>
    </p>
   </div>
   <div class='ocr_carea' id='block_1_133' title="bbox 458 5494 2016 5559">
    <p class='ocr_par' dir='ltr' id='par_1_133' title="bbox 458 5494 2016 5559">
     <span class='ocr_line' id='line_1_134' title="bbox 458 5494 2016 5559; baseline 0.006 -19"><span class='ocrx_word' id='word_1_947' title='bbox 458 5504 655 5559; x_wconf 86' lang='lat' dir='ltr'><strong><em>regem,</em></strong></span> <span class='ocrx_word' id='word_1_948' title='bbox 707 5494 1009 5549; x_wconf 80' lang='lat' dir='ltr'><strong><em>denuntians</em></strong></span> <span class='ocrx_word' id='word_1_949' title='bbox 1060 5497 1104 5548; x_wconf 92' lang='lat' dir='ltr'><strong><em>ei</em></strong></span> <span class='ocrx_word' id='word_1_950' title='bbox 1157 5506 1388 5547; x_wconf 84' lang='lat' dir='ltr'><strong><em>cunctam</em></strong></span> <span class='ocrx_word' id='word_1_951' title='bbox 1435 5496 1563 5549; x_wconf 77' lang='lat' dir='ltr'><strong><em>dine</em></strong></span> <span class='ocrx_word' id='word_1_952' title='bbox 1610 5496 1878 5548; x_wconf 88' lang='lat' dir='ltr'><strong><em>locutionis</em></strong></span> <span class='ocrx_word' id='word_1_953' title='bbox 1938 5496 2016 5549; x_wconf 88' lang='lat' dir='ltr'><strong><em>in-</em></strong></span> 
     </span>
    </p>
   </div>
   <div class='ocr_carea' id='block_1_134' title="bbox 461 5562 2018 5635">
    <p class='ocr_par' dir='ltr' id='par_1_134' title="bbox 461 5562 2018 5635">
     <span class='ocr_line' id='line_1_135' title="bbox 461 5562 2018 5635; baseline 0.006 -25"><span class='ocrx_word' id='word_1_954' title='bbox 461 5562 809 5635; x_wconf 81' lang='lat' dir='ltr'><strong><em>festationem,</em></strong></span> <span class='ocrx_word' id='word_1_955' title='bbox 865 5578 975 5630; x_wconf 66' lang='lat' dir='ltr'><strong><em>qua:</em></strong></span> <span class='ocrx_word' id='word_1_956' title='bbox 1022 5581 1053 5617; x_wconf 92' lang='lat' dir='ltr'><strong><em>a</em></strong></span> <span class='ocrx_word' id='word_1_957' title='bbox 1109 5566 1409 5635; x_wconf 77' lang='lat' dir='ltr'><strong><em>prwsulibus</em></strong></span> <span class='ocrx_word' id='word_1_958' title='bbox 1474 5575 1647 5618; x_wconf 87' lang='lat' dir='ltr'><strong><em>contra</em></strong></span> <span class='ocrx_word' id='word_1_959' title='bbox 1696 5564 1835 5619; x_wconf 89' lang='lat' dir='ltr'><strong><em>illius</em></strong></span> <span class='ocrx_word' id='word_1_960' title='bbox 1885 5582 2018 5635; x_wconf 67' lang='lat' dir='ltr'><strong><em>pra!-</em></strong></span> 
     </span>
    </p>
   </div>
   <div class='ocr_carea' id='block_1_135' title="bbox 459 5632 2018 5695">
    <p class='ocr_par' dir='ltr' id='par_1_135' title="bbox 459 5632 2018 5695">
     <span class='ocr_line' id='line_1_136' title="bbox 459 5632 2018 5695; baseline 0.006 -15"><span class='ocrx_word' id='word_1_961' title='bbox 459 5640 658 5695; x_wconf 86' lang='lat' dir='ltr'><strong><em>ceptum</em></strong></span> <span class='ocrx_word' id='word_1_962' title='bbox 719 5632 864 5684; x_wconf 82' lang='lat' dir='ltr'><strong><em>illata</em></strong></span> <span class='ocrx_word' id='word_1_963' title='bbox 919 5643 1043 5689; x_wconf 90' lang='lat' dir='ltr'><strong><em>erat.</em></strong></span> <span class='ocrx_word' id='word_1_964' title='bbox 1118 5634 1362 5687; x_wconf 82' lang='lat' dir='ltr'><strong>Promisit</strong></span> <span class='ocrx_word' id='word_1_965' title='bbox 1410 5642 1584 5689; x_wconf 84' lang='lat' dir='ltr'><strong>autem</strong></span> <span class='ocrx_word' id='word_1_966' title='bbox 1643 5650 1733 5689; x_wconf 82' lang='lat' dir='ltr'><strong><em>res</em></strong></span> <span class='ocrx_word' id='word_1_967' title='bbox 1786 5650 1847 5689; x_wconf 89' lang='lat' dir='ltr'><strong><em>se</em></strong></span> <span class='ocrx_word' id='word_1_968' title='bbox 1885 5632 2018 5689; x_wconf 71' lang='grc' dir='ltr'><strong><em>’Βο-</em></strong></span> 
     </span>
    </p>
   </div>
   <div class='ocr_carea' id='block_1_136' title="bbox 460 5702 2011 5774">
    <p class='ocr_par' dir='ltr' id='par_1_136' title="bbox 460 5702 2011 5774">
     <span class='ocr_line' id='line_1_137' title="bbox 460 5702 2011 5774; baseline 0.005 -22"><span class='ocrx_word' id='word_1_969' title='bbox 460 5715 599 5754; x_wconf 80' lang='lat' dir='ltr'><strong>niam</strong></span> <span class='ocrx_word' id='word_1_970' title='bbox 656 5703 867 5755; x_wconf 84' lang='lat' dir='ltr'><strong>nuntius</strong></span> <span class='ocrx_word' id='word_1_971' title='bbox 924 5703 1161 5771; x_wconf 76' lang='lat' dir='ltr'><strong>proprios</strong></span> <span class='ocrx_word' id='word_1_972' title='bbox 1212 5702 1295 5757; x_wconf 81' lang='lat' dir='ltr'><strong><em>vel</em></strong></span> <span class='ocrx_word' id='word_1_973' title='bbox 1348 5703 1541 5773; x_wconf 81' lang='lat' dir='ltr'><strong>scripta</strong></span> <span class='ocrx_word' id='word_1_974' title='bbox 1597 5704 2011 5774; x_wconf 67' lang='lat' dir='ltr'><strong>prmtnissui&#39;um,</strong></span> 
     </span>
    </p>
   </div>
   <div class='ocr_carea' id='block_1_137' title="bbox 2121 4585 3676 4653">
    <p class='ocr_par' dir='ltr' id='par_1_137' title="bbox 2121 4585 3676 4653">
     <span class='ocr_line' id='line_1_138' title="bbox 2121 4585 3676 4653; baseline 0.003 -16"><span class='ocrx_word' id='word_1_975' title='bbox 2121 4586 2369 4637; x_wconf 88' lang='lat' dir='ltr'><strong><em>tissimum</em></strong></span> <span class='ocrx_word' id='word_1_976' title='bbox 2414 4585 2553 4653; x_wconf 71' lang='lat' dir='ltr'><strong>(haec</strong></span> <span class='ocrx_word' id='word_1_977' title='bbox 2597 4585 2931 4641; x_wconf 81' lang='lat' dir='ltr'><strong>conﬁrmatio</strong></span> <span class='ocrx_word' id='word_1_978' title='bbox 2972 4585 3308 4641; x_wconf 72' lang='lat' dir='ltr'><strong>AnaStasium</strong></span> <span class='ocrx_word' id='word_1_979' title='bbox 3357 4589 3408 4640; x_wconf 93' lang='lat' dir='ltr'><strong>in</strong></span> <span class='ocrx_word' id='word_1_980' title='bbox 3438 4601 3676 4641; x_wconf 87' lang='lat' dir='ltr'><strong>errorem</strong></span> 
     </span>
    </p>
   </div>
   <div class='ocr_carea' id='block_1_138' title="bbox 2120 4655 3674 4724">
    <p class='ocr_par' dir='ltr' id='par_1_138' title="bbox 2120 4655 3674 4724">
     <span class='ocr_line' id='line_1_139' title="bbox 2120 4655 3674 4724; baseline 0.001 -17"><span class='ocrx_word' id='word_1_981' title='bbox 2120 4655 2325 4708; x_wconf 83' lang='lat' dir='ltr'><strong>induxit</strong></span> <span class='ocrx_word' id='word_1_982' title='bbox 2351 4672 2363 4706; x_wconf 90' lang='lat'><strong>:</strong></span> <span class='ocrx_word' id='word_1_983' title='bbox 2416 4657 2629 4724; x_wconf 88' lang='lat' dir='ltr'><strong>scripsit.</strong></span> <span class='ocrx_word' id='word_1_984' title='bbox 2654 4661 2799 4712; x_wconf 86' lang='lat' dir='ltr'><strong>enim</strong></span> <span class='ocrx_word' id='word_1_985' title='bbox 2830 4658 3206 4712; x_wconf 81' lang='lat' dir='ltr'><strong>Berthualdum</strong></span> <span class='ocrx_word' id='word_1_986' title='bbox 3238 4658 3398 4710; x_wconf 78' lang='lat' dir='ltr'><strong>fuisse</strong></span> <span class='ocrx_word' id='word_1_987' title='bbox 3424 4670 3455 4708; x_wconf 89' lang='lat' dir='ltr'><strong><em>a</em></strong></span> <span class='ocrx_word' id='word_1_988' title='bbox 3484 4657 3674 4719; x_wconf 77' lang='lat' dir='ltr'><strong>Sergio</strong></span> 
     </span>
    </p>
   </div>
   <div class='ocr_carea' id='block_1_139' title="bbox 2118 4726 3677 4791">
    <p class='ocr_par' dir='ltr' id='par_1_139' title="bbox 2118 4726 3677 4791">
     <span class='ocr_line' id='line_1_140' title="bbox 2118 4726 3677 4791; baseline -0.001 -13"><span class='ocrx_word' id='word_1_989' title='bbox 2118 4733 2483 4780; x_wconf 87' lang='lat' dir='ltr'><strong>consecratum</strong></span> <span class='ocrx_word' id='word_1_990' title='bbox 2514 4742 2529 4791; x_wconf 87' lang='lat'><strong>;</strong></span> <span class='ocrx_word' id='word_1_991' title='bbox 2563 4742 2684 4781; x_wconf 88' lang='lat' dir='ltr'><strong><em>cum</em></strong></span> <span class='ocrx_word' id='word_1_992' title='bbox 2716 4738 2889 4782; x_wconf 87' lang='lat' dir='ltr'><strong>tamen</strong></span> <span class='ocrx_word' id='word_1_993' title='bbox 2919 4730 3261 4782; x_wconf 79' lang='lat' dir='ltr'><strong>continuatus</strong></span> <span class='ocrx_word' id='word_1_994' title='bbox 3292 4735 3487 4780; x_wconf 86' lang='lat' dir='ltr'><strong>tantum</strong></span> <span class='ocrx_word' id='word_1_995' title='bbox 3519 4726 3677 4778; x_wconf 82' lang='lat' dir='ltr'><strong>fuerit</strong></span> 
     </span>
    </p>
   </div>
   <div class='ocr_carea' id='block_1_140' title="bbox 2117 4793 3678 4866">
    <p class='ocr_par' dir='ltr' id='par_1_140' title="bbox 2117 4793 3678 4866">
     <span class='ocr_line' id='line_1_141' title="bbox 2117 4793 3678 4866; baseline 0 -21"><span class='ocrx_word' id='word_1_996' title='bbox 2117 4809 2146 4845; x_wconf 91' lang='lat' dir='ltr'><strong><em>a</em></strong></span> <span class='ocrx_word' id='word_1_997' title='bbox 2175 4794 2377 4849; x_wconf 84' lang='lat' dir='ltr'><strong>Joanne</strong></span> <span class='ocrx_word' id='word_1_998' title='bbox 2409 4794 2470 4849; x_wconf 79' lang='lat' dir='ltr'><strong><em>Vl</em></strong></span> <span class='ocrx_word' id='word_1_999' title='bbox 2498 4798 2676 4851; x_wconf 90' lang='lat' dir='ltr'><strong>multis</strong></span> <span class='ocrx_word' id='word_1_1000' title='bbox 2704 4807 2825 4866; x_wconf 89' lang='lat' dir='ltr'><strong>post</strong></span> <span class='ocrx_word' id='word_1_1001' title='bbox 2853 4799 3089 4866; x_wconf 84' lang='lat' dir='ltr'><strong>ejusdem</strong></span> <span class='ocrx_word' id='word_1_1002' title='bbox 3124 4793 3678 4866; x_wconf 80' lang='lat' dir='ltr'><strong>Berthualdi_ordiiia-</strong></span> 
     </span>
    </p>
   </div>
   <div class='ocr_carea' id='block_1_141' title="bbox 2119 4862 3679 4937">
    <p class='ocr_par' dir='ltr' id='par_1_141' title="bbox 2119 4862 3679 4937">
     <span class='ocr_line' id='line_1_142' title="bbox 2119 4862 3679 4937; baseline -0.001 -20"><span class='ocrx_word' id='word_1_1003' title='bbox 2119 4866 2314 4919; x_wconf 89' lang='lat' dir='ltr'><strong>tionem</strong></span> <span class='ocrx_word' id='word_1_1004' title='bbox 2345 4866 2519 4937; x_wconf 87' lang='lat' dir='ltr'><strong>annis)</strong></span> <span class='ocrx_word' id='word_1_1005' title='bbox 2544 4878 2599 4920; x_wconf 88' lang='lat' dir='ltr'><strong><em>ut</em></strong></span> <span class='ocrx_word' id='word_1_1006' title='bbox 2626 4862 3127 4937; x_wconf 30' lang='lat' dir='ltr'><strong><em>synodumvconvocet</em></strong></span> <span class='ocrx_word' id='word_1_1007' title='bbox 3160 4880 3261 4937; x_wconf 83' lang='lat' dir='ltr'><strong><em>una</em></strong></span> <span class='ocrx_word' id='word_1_1008' title='bbox 3283 4879 3394 4916; x_wconf 87' lang='lat' dir='ltr'><strong><em>cum</em></strong></span> <span class='ocrx_word' id='word_1_1009' title='bbox 3428 4862 3679 4937; x_wconf 75' lang='lat' dir='ltr'><strong><em>Wilfrido</em></strong></span> 
     </span>
    </p>
   </div>
   <div class='ocr_carea' id='block_1_142' title="bbox 2118 4934 3677 5007">
    <p class='ocr_par' dir='ltr' id='par_1_142' title="bbox 2118 4934 3677 5007">
     <span class='ocr_line' id='line_1_143' title="bbox 2118 4934 3677 5007; baseline -0.001 -20"><span class='ocrx_word' id='word_1_1010' title='bbox 2118 4937 2351 5007; x_wconf 85' lang='lat' dir='ltr'><strong><em>episcopo</em></strong></span> <span class='ocrx_word' id='word_1_1011' title='bbox 2372 4951 2392 4990; x_wconf 89' lang='lat'><strong><em>:</em></strong></span> <span class='ocrx_word' id='word_1_1012' title='bbox 2439 4934 2508 4989; x_wconf 78' lang='grc' dir='ltr'><strong><em>αι’</em></strong></span> <span class='ocrx_word' id='word_1_1013' title='bbox 2537 4934 2766 5007; x_wconf 72' lang='lat' dir='ltr'><strong><em>concilia</em></strong></span> <span class='ocrx_word' id='word_1_1014' title='bbox 2793 4936 3093 5007; x_wconf 81' lang='lat' dir='ltr'><strong><em>regulariter</em></strong></span> <span class='ocrx_word' id='word_1_1015' title='bbox 3140 4934 3386 5007; x_wconf 76' lang='lat' dir='ltr'><strong><em>celebrato</em></strong></span> <span class='ocrx_word' id='word_1_1016' title='bbox 3411 4974 3424 4997; x_wconf 93' lang='lat'><strong><em>,</em></strong></span> <span class='ocrx_word' id='word_1_1017' title='bbox 3483 4934 3677 5007; x_wconf 60' lang='lat' dir='ltr'><strong><em>Bonam</em></strong></span> 
     </span>
    </p>
   </div>
   <div class='ocr_carea' id='block_1_143' title="bbox 2120 5003 3677 5076">
    <p class='ocr_par' dir='ltr' id='par_1_143' title="bbox 2120 5003 3677 5076">
     <span class='ocr_line' id='line_1_144' title="bbox 2120 5003 3677 5076; baseline -0.001 -18"><span class='ocrx_word' id='word_1_1018' title='bbox 2120 5003 2555 5076; x_wconf 73' lang='lat' dir='ltr'><strong>(Eboracensem)</strong></span> <span class='ocrx_word' id='word_1_1019' title='bbox 2576 5003 2982 5076; x_wconf 76' lang='lat' dir='ltr'><strong><em>atqueloannem</em></strong></span> <span class='ocrx_word' id='word_1_1020' title='bbox 3004 5005 3309 5076; x_wconf 78' lang='lat' dir='ltr'><strong>(llaugustal</strong></span> <span class='ocrx_word' id='word_1_1021' title='bbox 3325 5003 3559 5071; x_wconf 79' lang='lat' dir='ltr'><strong>iensem)</strong></span> <span class='ocrx_word' id='word_1_1022' title='bbox 3578 5009 3677 5070; x_wconf 87' lang='lat' dir='ltr'><strong><em>epi-</em></strong></span> 
     </span>
    </p>
   </div>
   <div class='ocr_carea' id='block_1_144' title="bbox 2118 5076 3679 5146">
    <p class='ocr_par' dir='ltr' id='par_1_144' title="bbox 2118 5076 3679 5146">
     <span class='ocr_line' id='line_1_145' title="bbox 2118 5076 3679 5146; baseline 0.002 -20"><span class='ocrx_word' id='word_1_1023' title='bbox 2118 5089 2295 5143; x_wconf 89' lang='lat' dir='ltr'><strong><em>scopos</em></strong></span> <span class='ocrx_word' id='word_1_1024' title='bbox 2321 5077 2376 5130; x_wconf 90' lang='lat' dir='ltr'><strong><em>in</em></strong></span> <span class='ocrx_word' id='word_1_1025' title='bbox 2406 5077 2673 5146; x_wconf 81' lang='lat' dir='ltr'><strong><em>Synodum</em></strong></span> <span class='ocrx_word' id='word_1_1026' title='bbox 2702 5077 2855 5146; x_wconf 80' lang='lat' dir='ltr'><strong><em>faciat</em></strong></span> <span class='ocrx_word' id='word_1_1027' title='bbox 2877 5076 3130 5141; x_wconf 85' lang='lat' dir='ltr'><strong><em>advenire,</em></strong></span> <span class='ocrx_word' id='word_1_1028' title='bbox 3177 5089 3417 5146; x_wconf 85' lang='lat' dir='ltr'><strong><em>vocesque</em></strong></span> <span class='ocrx_word' id='word_1_1029' title='bbox 3453 5076 3679 5146; x_wconf 86' lang='lat' dir='ltr'><strong><em>partium</em></strong></span> 
     </span>
    </p>
   </div>
   <div class='ocr_carea' id='block_1_145' title="bbox 2118 5144 3674 5216">
    <p class='ocr_par' dir='ltr' id='par_1_145' title="bbox 2118 5144 3674 5216">
     <span class='ocr_line' id='line_1_146' title="bbox 2118 5144 3674 5216; baseline 0.002 -21"><span class='ocrx_word' id='word_1_1030' title='bbox 2118 5148 2316 5216; x_wconf 87' lang='lat' dir='ltr'><strong><em>audiat,</em></strong></span> <span class='ocrx_word' id='word_1_1031' title='bbox 2346 5158 2399 5199; x_wconf 91' lang='lat' dir='ltr'><strong><em>ut</em></strong></span> <span class='ocrx_word' id='word_1_1032' title='bbox 2424 5144 2532 5200; x_wconf 68' lang='lat' dir='ltr'><strong><em>hinc</em></strong></span> <span class='ocrx_word' id='word_1_1033' title='bbox 2551 5144 3031 5216; x_wconf 51' lang='lat' dir='ltr'><strong><em>causa&#39;synodaliter</em></strong></span> <span class='ocrx_word' id='word_1_1034' title='bbox 3056 5144 3393 5207; x_wconf 84' lang='lat' dir='ltr'><strong>terminetur;</strong></span> <span class='ocrx_word' id='word_1_1035' title='bbox 3422 5154 3474 5197; x_wconf 85' lang='lat' dir='ltr'><strong><em>et</em></strong></span> <span class='ocrx_word' id='word_1_1036' title='bbox 3495 5145 3539 5198; x_wconf 88' lang='lat' dir='ltr'><strong>si</strong></span> <span class='ocrx_word' id='word_1_1037' title='bbox 3567 5160 3674 5198; x_wconf 89' lang='lat' dir='ltr'><strong><em>non</em></strong></span> 
     </span>
    </p>
   </div>
   <div class='ocr_carea' id='block_1_146' title="bbox 2120 5215 3673 5285">
    <p class='ocr_par' dir='ltr' id='par_1_146' title="bbox 2120 5215 3673 5285">
     <span class='ocr_line' id='line_1_147' title="bbox 2120 5215 3673 5285; baseline -0.001 -16"><span class='ocrx_word' id='word_1_1038' title='bbox 2120 5215 2305 5280; x_wconf 79' lang='lat' dir='ltr'><strong>possit,</strong></span> <span class='ocrx_word' id='word_1_1039' title='bbox 2336 5217 2403 5268; x_wconf 93' lang='lat' dir='ltr'><strong><em>ad</em></strong></span> <span class='ocrx_word' id='word_1_1040' title='bbox 2424 5221 2556 5269; x_wconf 90' lang='lat' dir='ltr'><strong><em>hanc</em></strong></span> <span class='ocrx_word' id='word_1_1041' title='bbox 2582 5215 2755 5270; x_wconf 86' lang='lat' dir='ltr'><strong><em>sedem</em></strong></span> <span class='ocrx_word' id='word_1_1042' title='bbox 2774 5217 3107 5285; x_wconf 83' lang='lat' dir='ltr'><strong><em>apostolicam</em></strong></span> <span class='ocrx_word' id='word_1_1043' title='bbox 3127 5216 3279 5285; x_wconf 89' lang='lat' dir='ltr'><strong><em>simul</em></strong></span> <span class='ocrx_word' id='word_1_1044' title='bbox 3299 5223 3587 5282; x_wconf 88' lang='lat' dir='ltr'><strong><em>occurrant,</em></strong></span> <span class='ocrx_word' id='word_1_1045' title='bbox 3617 5226 3673 5268; x_wconf 91' lang='lat' dir='ltr'><strong><em>ut</em></strong></span> 
     </span>
    </p>
   </div>
   <div class='ocr_carea' id='block_1_147' title="bbox 2119 5284 3676 5355">
    <p class='ocr_par' dir='ltr' id='par_1_147' title="bbox 2119 5284 3676 5355">
     <span class='ocr_line' id='line_1_148' title="bbox 2119 5284 3676 5355; baseline 0.003 -19"><span class='ocrx_word' id='word_1_1046' title='bbox 2119 5286 2356 5355; x_wconf 88' lang='lat' dir='ltr'><strong><em>ampliori</em></strong></span> <span class='ocrx_word' id='word_1_1047' title='bbox 2402 5286 2623 5340; x_wconf 85' lang='lat' dir='ltr'><strong><em>concilio</em></strong></span> <span class='ocrx_word' id='word_1_1048' title='bbox 2663 5286 2926 5355; x_wconf 85' lang='lat' dir='ltr'><strong><em>ﬂagitetur</em></strong></span> <span class='ocrx_word' id='word_1_1049' title='bbox 2969 5302 3027 5340; x_wconf 91' lang='lat' dir='ltr'><strong><em>ac</em></strong></span> <span class='ocrx_word' id='word_1_1050' title='bbox 3080 5284 3363 5348; x_wconf 84' lang='lat' dir='ltr'><strong><em>decidatur,</em></strong></span> <span class='ocrx_word' id='word_1_1051' title='bbox 3414 5292 3520 5338; x_wconf 77' lang='lat' dir='ltr'><strong>etc.</strong></span> <span class='ocrx_word' id='word_1_1052' title='bbox 3568 5287 3676 5339; x_wconf 84' lang='lat' dir='ltr'><strong>Sed</strong></span> 
     </span>
    </p>
   </div>
   <div class='ocr_carea' id='block_1_148' title="bbox 2119 5354 3677 5425">
    <p class='ocr_par' dir='ltr' id='par_1_148' title="bbox 2119 5354 3677 5425">
     <span class='ocr_line' id='line_1_149' title="bbox 2119 5354 3677 5425; baseline 0 -20"><span class='ocrx_word' id='word_1_1053' title='bbox 2119 5354 2238 5409; x_wconf 90' lang='lat' dir='ltr'><strong>loco</strong></span> <span class='ocrx_word' id='word_1_1054' title='bbox 2276 5357 2548 5425; x_wconf 74' lang='lat' dir='ltr'><strong><em>flagitetur,</em></strong></span> <span class='ocrx_word' id='word_1_1055' title='bbox 2581 5354 2785 5409; x_wconf 84' lang='lat' dir='ltr'><strong>videtur</strong></span> <span class='ocrx_word' id='word_1_1056' title='bbox 2818 5358 3116 5424; x_wconf 80' lang='lat' dir='ltr'><strong>legendum,</strong></span> <span class='ocrx_word' id='word_1_1057' title='bbox 3147 5355 3385 5424; x_wconf 82' lang='lat' dir='ltr'><strong><em>agi.etur.</em></strong></span> <span class='ocrx_word' id='word_1_1058' title='bbox 3419 5355 3550 5407; x_wconf 76' lang='lat' dir='ltr'><strong>Cum</strong></span> <span class='ocrx_word' id='word_1_1059' title='bbox 3578 5356 3677 5425; x_wconf 71' lang='grc' dir='ltr'><strong><em>ἰεί-</em></strong></span> 
     </span>
    </p>
   </div>
   <div class='ocr_carea' id='block_1_149' title="bbox 2121 5424 3672 5493">
    <p class='ocr_par' dir='ltr' id='par_1_149' title="bbox 2121 5424 3672 5493">
     <span class='ocr_line' id='line_1_150' title="bbox 2121 5424 3672 5493; baseline -0.001 -18"><span class='ocrx_word' id='word_1_1060' title='bbox 2121 5432 2203 5477; x_wconf 91' lang='lat' dir='ltr'><strong><em>tur</em></strong></span> <span class='ocrx_word' id='word_1_1061' title='bbox 2230 5424 2462 5480; x_wconf 86' lang='lat' dir='ltr'><strong>Joannes</strong></span> <span class='ocrx_word' id='word_1_1062' title='bbox 2488 5442 2615 5493; x_wconf 86' lang='lat' dir='ltr'><strong>papa</strong></span> <span class='ocrx_word' id='word_1_1063' title='bbox 2638 5431 2704 5479; x_wconf 88' lang='lat' dir='ltr'><strong><em>ad</em></strong></span> <span class='ocrx_word' id='word_1_1064' title='bbox 2755 5428 3094 5480; x_wconf 77' lang='lat' dir='ltr'><strong>Ethelredum</strong></span> <span class='ocrx_word' id='word_1_1065' title='bbox 3141 5440 3316 5493; x_wconf 74' lang='lat' dir='ltr'><strong>regem</strong></span> <span class='ocrx_word' id='word_1_1066' title='bbox 3346 5425 3415 5477; x_wconf 82' lang='lat' dir='ltr'><strong><em>de</em></strong></span> <span class='ocrx_word' id='word_1_1067' title='bbox 3454 5424 3672 5493; x_wconf 79' lang='lat' dir='ltr'><strong>absolu-</strong></span> 
     </span>
    </p>
   </div>
   <div class='ocr_carea' id='block_1_150' title="bbox 2122 5490 3674 5565">
    <p class='ocr_par' dir='ltr' id='par_1_150' title="bbox 2122 5490 3674 5565">
     <span class='ocr_line' id='line_1_151' title="bbox 2122 5490 3674 5565; baseline -0.001 -18"><span class='ocrx_word' id='word_1_1068' title='bbox 2122 5495 2263 5551; x_wconf 89' lang='lat' dir='ltr'><strong>tione</strong></span> <span class='ocrx_word' id='word_1_1069' title='bbox 2295 5490 2619 5557; x_wconf 44' lang='lat' dir='ltr'><strong>Wiltridifet</strong></span> <span class='ocrx_word' id='word_1_1070' title='bbox 2648 5496 2716 5550; x_wconf 83' lang='lat' dir='ltr'><strong><em>de</em></strong></span> <span class='ocrx_word' id='word_1_1071' title='bbox 2742 5499 2824 5561; x_wconf 85' lang='lat' dir='ltr'><strong>iis,</strong></span> <span class='ocrx_word' id='word_1_1072' title='bbox 2858 5512 2975 5565; x_wconf 72' lang='lat' dir='ltr'><strong>quae</strong></span> <span class='ocrx_word' id='word_1_1073' title='bbox 3005 5490 3509 5565; x_wconf 59' lang='lat' dir='ltr'><strong>agenga&#39;rvssmlenl.</strong></span> <span class='ocrx_word' id='word_1_1074' title='bbox 3536 5490 3674 5565; x_wconf 71' lang='lat' dir='ltr'><strong>litte-</strong></span> 
     </span>
    </p>
   </div>
   <div class='ocr_carea' id='block_1_151' title="bbox 2120 5555 3676 5638">
    <p class='ocr_par' dir='ltr' id='par_1_151' title="bbox 2120 5555 3676 5638">
     <span class='ocr_line' id='line_1_152' title="bbox 2120 5555 3676 5638; baseline -0.008 -19"><span class='ocrx_word' id='word_1_1075' title='bbox 2120 5555 2535 5638; x_wconf 4' lang='lat' dir='ltr'><strong>rasqscripSCrit,</strong></span> <span class='ocrx_word' id='word_1_1076' title='bbox 2560 5568 2706 5638; x_wconf 75' lang='lat' dir='ltr'><strong>isque</strong></span> <span class='ocrx_word' id='word_1_1077' title='bbox 2735 5555 3097 5621; x_wconf 48' lang='lat' dir='ltr'><strong><em>anno-Clarii!</em></strong></span> <span class='ocrx_word' id='word_1_1078' title='bbox 3278 5573 3495 5638; x_wconf 64' lang='lat' dir='ltr'><strong>regnum</strong></span> <span class='ocrx_word' id='word_1_1079' title='bbox 3522 5560 3676 5638; x_wconf 74' lang='lat' dir='ltr'><strong>abdi-</strong></span> 
     </span>
    </p>
   </div>
   <div class='ocr_carea' id='block_1_152' title="bbox 2121 5628 3675 5701">
    <p class='ocr_par' dir='ltr' id='par_1_152' title="bbox 2121 5628 3675 5701">
     <span class='ocr_line' id='line_1_153' title="bbox 2121 5628 3675 5701; baseline -0.003 -14"><span class='ocrx_word' id='word_1_1080' title='bbox 2121 5636 2269 5699; x_wconf 87' lang='lat' dir='ltr'><strong>earit,</strong></span> <span class='ocrx_word' id='word_1_1081' title='bbox 2291 5628 2357 5689; x_wconf 77' lang='grc' dir='ltr'><strong><em>ιη’</em></strong></span> <span class='ocrx_word' id='word_1_1082' title='bbox 2372 5644 2475 5689; x_wconf 81' lang='lat' dir='ltr'><strong>tam</strong></span> <span class='ocrx_word' id='word_1_1083' title='bbox 2503 5628 2567 5692; x_wconf 79' lang='lat' dir='ltr'><strong>ex</strong></span> <span class='ocrx_word' id='word_1_1084' title='bbox 2586 5628 2721 5691; x_wconf 78' lang='lat' dir='ltr'><strong>Beda</strong></span> <span class='ocrx_word' id='word_1_1085' title='bbox 2743 5648 2897 5701; x_wconf 87' lang='lat' dir='ltr'><strong>quam</strong></span> <span class='ocrx_word' id='word_1_1086' title='bbox 2916 5645 2981 5684; x_wconf 81' lang='lat' dir='ltr'><strong>ex</strong></span> <span class='ocrx_word' id='word_1_1087' title='bbox 3011 5628 3314 5684; x_wconf 83' lang='lat' dir='ltr'><strong>auctoribus</strong></span> <span class='ocrx_word' id='word_1_1088' title='bbox 3332 5629 3564 5701; x_wconf 81' lang='lat' dir='ltr'><strong>Anglicis</strong></span> <span class='ocrx_word' id='word_1_1089' title='bbox 3584 5643 3675 5701; x_wconf 77' lang='lat' dir='ltr'><strong>su-</strong></span> 
     </span>
    </p>
   </div>
   <div class='ocr_carea' id='block_1_153' title="bbox 2124 5697 3673 5773">
    <p class='ocr_par' dir='ltr' id='par_1_153' title="bbox 2124 5697 3673 5773">
     <span class='ocr_line' id='line_1_154' title="bbox 2124 5697 3673 5773; baseline -0.003 -14"><span class='ocrx_word' id='word_1_1090' title='bbox 2124 5720 2214 5773; x_wconf 86' lang='lat' dir='ltr'><strong><em>pra</em></strong></span> <span class='ocrx_word' id='word_1_1091' title='bbox 2245 5697 2414 5759; x_wconf 85' lang='lat' dir='ltr'><strong>citatis</strong></span> <span class='ocrx_word' id='word_1_1092' title='bbox 2446 5708 2627 5773; x_wconf 85' lang='lat' dir='ltr'><strong>liquet,</strong></span> <span class='ocrx_word' id='word_1_1093' title='bbox 2658 5697 2860 5758; x_wconf 70' lang='lat' dir='ltr'><strong>cerinm</strong></span> <span class='ocrx_word' id='word_1_1094' title='bbox 2890 5710 2991 5767; x_wconf 87' lang='lat' dir='ltr'><strong>est,</strong></span> <span class='ocrx_word' id='word_1_1095' title='bbox 3016 5714 3119 5755; x_wconf 89' lang='lat' dir='ltr'><strong><em>non</em></strong></span> <span class='ocrx_word' id='word_1_1096' title='bbox 3150 5708 3350 5752; x_wconf 86' lang='lat' dir='ltr'><strong>tantum</strong></span> <span class='ocrx_word' id='word_1_1097' title='bbox 3377 5697 3578 5753; x_wconf 82' lang='lat' dir='ltr'><strong>Joanne</strong></span> <span class='ocrx_word' id='word_1_1098' title='bbox 3612 5699 3673 5754; x_wconf 68' lang='lat' dir='ltr'><strong><em>Vl</em></strong></span> 
     </span>
    </p>
   </div>
  </div>
