4000 6334
252 346 312 401 45
1498 328 1723 386 CAUSA
1762 322 2245 381 WILFRIDIANA.
3443 318 3513 373 ιδ

255 463 509 515 Romanae
563 454 815 512 Ecclesite
863 452 1181 520 prrcsidente
1225 465 1438 504 causam
1467 446 1693 520 Wilfridi
1727 445 1835 520 agi-
1870 450 1908 503 Α
1940 459 2077 520 anno
2105 443 2368 520 celebrata
2422 439 2601 520 fuerit,
2648 449 2715 520 et.
2746 439 3045 508 suspicatus
3088 438 3180 520 sit,
3225 447 3410 520 actum,
3453 441 3506 495 in

256 540 411 584 tatam
440 543 588 590 esse,
639 526 732 580 sed
761 517 919 578 etiam
949 524 1210 593 synodum
1234 521 1299 574 ad
1326 534 1442 574 eam
1481 517 1830 573 decidendam

256 610 517 655 coactam.
550 599 653 650 hoc
683 609 818 648 anno
848 591 1003 645 finem
1037 591 1324 657 accepisse.

321 672 484 732 Beda,
511 669 606 721 lib.
645 682 699 730 v,
730 680 850 725 cap.
876 662 967 732 20,
994 678 1094 715 uno
1117 672 1311 732 tenore,
1330 660 1538 732 recitat,
1562 672 1680 724 qu:e
1704 668 1831 732 con-

258 742 417 809 tigere
445 725 498 792 in
529 725 772 790 causas.
799 731 1032 809 Wilfridi
1058 749 1072 795 ;
1101 730 1195 809 sed
1226 731 1349 809 quia
1372 730 1593 809 striCtim
1625 735 1694 809 et
1713 725 1832 809 bre-

256 797 387 865 viter
417 824 507 862 res
538 812 743 868 narrat.
792 818 897 858 non
933 804 1120 855 mirutn
1152 801 1195 853 si
1226 800 1509 861 Baronins,
1539 797 1827 850 destitutus

255 882 441 946 quibus
472 893 617 931 nunc
665 874 999 946 abundamus
1040 870 1317 946 subsidiis,
1369 871 1676 946 discernere
1720 879 1826 946 non

257 935 503 1017 patuerit,
536 963 604 1001 an
634 944 870 1017 synodus
909 943 1167 1017 Romana,
1200 939 1387 1017 inqua
1418 936 1698 1017 Wilfridus
1728 935 1824 986 ab-

258 1009 501 1082 solutus;
531 1009 742 1072 Joanne
772 1014 836 1068 Vl
865 1022 956 1067 aut
995 1011 1198 1066 Joanne
1224 1009 1311 1064 Vll
1365 1009 1605 1069 sedente,
1656 1018 1831 1074 quove

1942 531 2003 569 ea
2031 517 2100 569 de
2140 515 2433 567 canonibus
2480 512 2530 563 in
2560 511 2902 576 Quini-sexta
2932 508 3139 579 synodo
3185 512 3249 561 ad
3299 516 3505 565 sextam

1942 584 2237 650 generalem
2259 580 2517 649 adjectis;
2544 595 2664 633 cum
2691 590 2866 633 tamen
2895 590 3098 650 certum
3123 579 3211 641 sit,
3240 580 3372 633 lecta
3390 581 3509 647 qui-

1939 647 2058 708 dem
2088 668 2207 707 esse
2237 653 2288 705 in
2318 647 2521 720 synodo
2554 650 2789 703 Romana
2816 665 2955 703 anno
2997 647 3100 702 704
3131 650 3330 720 habita,
3360 664 3507 718 qua:-

1938 726 2059 778 dam
2091 719 2424 777 contentain
2474 720 2703 774 concilio
2734 723 2978 773 ttotnano
3005 729 3191 773 contra
3226 719 3504 774 Monothe-

1939 795 2059 848 litas
2085 794 2152 847 ab
2191 793 2468 861 Agathone
2496 805 2628 861 papa
2654 798 2862 854 coacto,
2915 787 3007 844 sed
3034 803 3099 844 ea
3153 798 3356 861 tantum
3385 804 3504 861 qua:

1935 868 2000 918 ad
2024 859 2499 918 causam'Wdl‘ridi
2531 860 2787 926 facerent,
2835 875 2939 914 non
2972 874 3099 913 vero
3129 859 3194 912 ad
3228 859 3505 913 Monothe-

1937 936 2143 989 litarum
2174 933 2593 987 damnationem.
2763 956 2766 959 π

260 1182 3514 1233 Mm

1062 1349 1718 1433 MONUMENTA
1769 1347 2683 1425 CONTEMPORANEA.

261 1696 540 1752 Concilium
587 1695 682 1748 sub
731 1693 935 1762 Alfrido
975 1707 1094 1761 rege
1117 1684 1747 1763 _Nordanltytnlrrorttm,
1794 1689 1842 1732 et

326 1766 636 1821 Birthualdo
666 1754 1054 1834 archiepiscopo
1105 1754 1665 1834 Cantuaritelmbitunt
1710 1760 1840 1803 tem-

322 1854 441 1907 pore
477 1835 717 1907 Joannis
750 1826 854 1907 γιῇ
883 1826 1217 1907 papirLanno
1266 1826 1453 1907 Citriin
1484 1839 1616 1907 oeci
1640 1826 1696 1875 in
1740 1837 1841 1907 quo

330 1899 578 1976 Wilfrido
610 1899 992 1976 archiepiswpo
1030 1899 1335 1976 Eboracensi
1382 1910 1526 1976 novre
1566 1901 1844 1976 struuntur

323 1962 746 2056 machinationes.
778 1962 879 2028 ille
919 1962 1083 2056 denuo
1131 1969 1402 2039 appellans
1439 1966 1507 2018 ad
1550 1962 1841 2018 Iohannem
1873 1995 1920 2056 Β

323 2065 532 2118 papam,
564 2048 801 2101 inimicos
829 2045 1113 2114 apprimit.«

324 2138 438 2192 Jam
486 2138 739 2207 ngridus
779 2137 830 2189 in
882 2134 1022 2190 bello
1068 2122 1840 2207 Pictornmoccubuerat,jam

264 2199 575 2281 ’[ῂροάοτιῖε
606 2211 657 2262 in
691 2218 917 2281 mortem
962 2204 1237 2272 vergebat,
1273 2199 1732 2281 quideﬂpeccato
1785 2199 1838 2249 in

267 2278 568 2333 Wilfridum
601 2277 891 2333 commisso
920 2280 1188 2328 sauciatus
1212 2277 1633 2331 conscientiam,
1666 2280 1839 2334 ipsum

267 2349 753 2404 etErkenwaldttm
805 2347 1114 2419 episcopum
1170 2343 1411 2419 evocavit
1462 2338 1837 2419 Lundoniam:

266 2421 387 2487 ipsis
423 2420 603 2475 omnia
657 2413 873 2486 peccata
925 2414 1243 2487 confessus,
1266 2413 1357 2466 illo
1402 2425 1461 2465 se
1508 2413 1840 2487 potissimum

265 2483 563 2559 permoveri
596 2483 845 2557 scrupulo
873 2486 1026 2550 dixit,
1058 2483 1199 2559 quod
1233 2485 1284 2537 in
1329 2489 1574 2559 sanctum
1616 2483 1843 2559 commi-

263 2551 433 2626 sisset,
468 2574 659 2630 passus
680 2551 800 2613 eum
821 2551 1515 2631 contraregulasspoliari,
1544 2551 1840 2631 velOaplerta

266 2619 538 2695 instantia,
576 2632 659 2683 vel
689 2630 894 2684 occulta
921 2619 1192 2700 patientia.
1229 2619 1466 2700 EtLquia,
1503 2619 1842 2700 ltthlit,.lllliS

262 2702 383 2756 mihi
417 2702 601 2756 futuro
625 2716 767 2754 anno
796 2700 1070 2760 imminet,
1100 2698 1237 2751 sicut
1290 2695 1401 2750 Deo
1445 2695 1837 2760 prmnuntiante

264 2775 508 2843 cognovi,
535 2784 589 2827 et
630 2773 881 2837 frequens
908 2758 1173 2837 :egritudo
1202 2763 1335 2889 tiu,
1367 2758 1625 2842 aegritudo
1656 2758 1840 2841 adma:

267 2840 395 2889 neti-
427 2858 562 2889 rm'm
586 2851 659 2889 te-
688 2840 1023 2889 sanctissime
1056 2841 1199 2889 nonti
1229 2852 1313 2889 ex.
1339 2844 1397 2887 ut
1425 2836 1684 2889 benignus
1708 2829 1840 2883 tmltt

267 2829 396 2911 uel],
427 2829 562 2912 rogo
586 2851 659 2906 te,
688 2829 1023 2912 sanctiSsime
1056 2829 1397 2912 pontifegut
1421 2829 1684 2912 benignus
1708 2829 1840 2912 mihi

266 2904 613 2966 commissum
645 2904 975 2982 indulgeas,
1007 2918 1068 2982 et,
1110 2909 1295 2982 sedem
1347 2904 1840 2982 archiepiscopatus

266 2985 358 3037 mei
382 2987 585 3037 subeas
617 2999 633 3036 :
664 2974 860 3050 quippe
888 2979 994 3050 qui
1026 2979 1102 3050 sis
1151 2977 1391 3030 omnium
1440 2974 1733 3050 gnglorum
1787 2974 1839 3025 in

267 3052 521 3106 Romanis
580 3045 807 3122 legibus
846 3045 1238 3122 peritissimus;
1296 3046 1558 3122 egohlleo
1608 3045 1841 3122 donante

263 3125 523 3182 conabor.
555 3112 860 3178 utvveteres'
874 3121 1109 3174 offensas
1137 3112 1654 3173 rec'enti'offtciorum
1683 3112 1839 3168 sedu-

266 3192 403 3246 litate
432 3193 671 3258 deleam,
696 3206 850 3263 reges
878 3202 930 3263 et
954 3189 1266 3263 auctoritate
1288 3198 1341 3243 et
1365 3186 1607 3255 precibus
1636 3186 1838 3263 amicos

264 3263 513 3317 facturus.
551 3256 851 3317 PlaCide'ad
884 3261 1016 3325 haec,
1045 3269 1100 3314 et
1120 3271 1176 3311 ut
1204 3261 1371 3311 virum
1415 3265 1658 3311 sanctum
1683 3256 1840 3310 dcccc

264 3333 364 3397 bat,
401 3335 676 3399 respondit
723 3332 999 3386 Wilfridtts
1029 3347 1042 3384 :
1074 3330 1167 3384 sed
1219 3338 1275 3382 ut
1319 3328 1834 3399 archiepiscopatum

264 3404 375 3456 sine
409 3398 636 3473 majoris
664 3399 1210 3473 definitioneAconcilii
1244 3398 1837 3473 Sttsciperet,_ttoti_con-

264 3477 421 3527 sentit
454 3466 590 3547 [Ᾰ1.,
625 3470 939 3594 consensit).
969 3471 1119 3525 Totis
1148 3484 1277 3537 ergo
1308 3470 1505 3522 viribus
1526 3466 1840 3547 Theodorus

264 3545 567 3594 exsurrexit
597 3584 613 3594 .
674 3554 729 3594 nt
781 3543 885 3594 Wil
916 3542 1059 3594 ridus
1114 3541 1476 3594 enisconatutn
1534 3546 1797 3594 reciperet
1820 3576 1837 3594 .

264 3539 613 3606 exsurrexit,
674 3554 729 3597 nt
781 3539 1059 3598 Wilfridus
1114 3541 1476 3608 episcOpatutn
1534 3539 1837 3608 reciperet,

264 3615 435 3669 missis
461 3616 648 3679 legalis
679 3626 734 3669 et
780 3613 993 3681 scriptis
1041 3610 1106 3663 ad
1154 3607 1422 3663 ’Alfridum
1478 3622 1654 3675 regem
1700 3607 1839 3661 Nor-

263 3684 663 3750 tbumbroi-nm,
697 3685 785 3753 qui
834 3683 1050 3753 ngrido
1100 3688 1557 3753 successerat,_et
1602 3693 1839 3753 sororem

264 3754 372 3824 ejus
428 3748 691 3809 Elﬂetlatn
714 3748 1053 3808 'abbat'issam
1084 3752 1151 3805 de
1182 3750 1535 3824 Strencsnallt,
1563 3762 1617 3802 ut
1647 3748 1843 3824 simul-

264 3819 450 3878 tatibus-
513 3825 853 3895 retropositis
922 3825 1288 3895 incunctanter
1348 3821 1676 3895 _charitatem
1724 3819 1843 3887 ejus

261 3891 765 3963 complecterentur.
819 3894 982 3962 Cujus
1027 3892 1190 3945 studii
1241 3891 1535 3963 utAfervnrr
1573 3896 1837 3963 patescat,

261 3960 565 4031 epistolam,
598 3982 759 4035 quam
787 3960 909 4035 regi
931 3963 1246 4019 Merciorum
1288 3961 1576 4016 Ethelredo
1624 3960 1839 4025 direxit,

262 4036 339 4090 hic
365 4052 592 4107 partam.
1024 4104 1062 4157 Η

262 4217 643 4274 σιονίοεὶεεὶυιο
662 4227 708 4271 et
737 4216 1155 4272 excellentissimo
1185 4217 1296 4287 regi
1337 4215 1646 4287 Merciorum
1673 4213 1840 4268 Theo-

322 4295 480 4345 dorus
512 4289 609 4413 11M
639 4291 803 4359 gratia
833 4285 1257 4358 archiepiscopus
1289 4288 1340 4339 in
1391 4285 1612 4339 Domino
1660 4301 1840 4355 peren-

323 4377 435 4413 nem
458 4379 519 4412 sa
549 4371 704 4413 utem.

323 4377 435 4414 nem
458 4371 704 4413 salutem.

278 4490 291 4499 ο
320 4470 631 4537 Cognoscat
655 4508 671 4532 ,
707 4468 776 4522 fili
807 4466 1173 4535 dilectissime,
1201 4475 1288 4522 tua
1316 4466 1555 4521 miranda
1587 4467 1843 4521 sanctitas

258 4574 435 4628 pacem
467 4578 557 4615 me
587 4563 787 4615 habere
814 4575 935 4614 cum
967 4560 1276 4615 venerando
1297 4559 1556 4627 episcopo
1573 4558 1841 4624 Wilfrido,

257 4665 305 4707 et
352 4656 502 4720 ideo,
535 4654 875 4716 charissime,
906 4663 960 4707 te
1008 4653 1296 4716 admoneo,
1326 4661 1379 4707 et
1405 4651 1455 4705 in
1485 4649 1682 4706 Christi
1710 4655 1839 4706 cha-

1948 1587 2051 1641 mei
2087 1588 2379 1657 jucundam
2412 1591 2599 1647 faciem
2634 1602 2781 1648 tuam
2837 1594 3090 1661 videant,
3141 1607 3194 1653 et
3242 1599 3523 1654 benedicat

1948 1678 2038 1733 tibi
2070 1680 2245 1736 anima
2286 1697 2402 1737 mea
2430 1692 2715 1754 antequam
2747 1687 2965 1741 moriar.
2997 1687 3109 1755 Age
3137 1702 3263 1760 ergo
3291 1688 3391 1760 (fili
3422 1690 3519 1760 mi)
3608 1718 3613 1721 <

1946 1772 2124 1827 taliter
2152 1775 2218 1829 de
2247 1774 2339 1828 illo
2370 1776 2588 1842 praefato
2610 1779 2969 1843 sanctissimo,
3004 1781 3141 1835 sicut
3184 1789 3235 1834 te
3264 1781 3523 1851 depreca-

1947 1875 2030 1919 tus
2062 1881 2200 1921 sum.
2232 1868 2382 1936 Quod
2414 1870 2456 1923 si
2483 1871 2618 1938 patri
2648 1880 2738 1925 tuo
2768 1886 2871 1926 non
2904 1872 3059 1941 longe
3084 1872 3151 1928 de
3199 1872 3301 1929 hoc
3326 1875 3523 1929 saeculo

1947 1973 2226 2014 recessuro
2253 1962 2543 2026 obedieris,
2578 1962 2801 2019 multum
2853 1963 2946 2019 tibi
2977 1964 3220 2033 proficiet
3265 1965 3331 2020 ad
3378 1965 3522 2019 salu-

1950 2062 2077 2103 tem.
2117 2050 2262 2107 Vale.

2019 2159 2267 2215 Venienti
2301 2177 2427 2233 ergo
2453 2164 2517 2217 ad
2547 2180 2700 2235 reges
2727 2180 2847 2220 cum
2871 2166 3109 2235 epistolis
3135 2167 3527 2239 archiepiscopi

1946 2249 2212 2317 Wilfrido,
2245 2254 2493 2307 salutatio
2534 2254 2822 2324 impertita,
2857 2254 3090 2311 indultus
3142 2256 3309 2312 favor.
3364 2257 3523 2312 Alfri-

1944 2340 2063 2402 dus,
2100 2342 2187 2407 qui
2215 2357 2335 2396 eum
2369 2344 2636 2413 quondam
2687 2347 2850 2412 probe
2894 2357 3093 2414 nosset,
3119 2347 3184 2402 ad
3239 2362 3299 2404 se
3336 2358 3527 2419 sponte

1946 2428 2167 2484 invitato
2204 2432 2352 2499 prius
2390 2432 2689 2486 cmnobium
2743 2433 3147 2505 Heugsteldeim,
3180 2436 3301 2491 hinc
3339 2436 3529 2491 delini-

1947 2522 2090 2577 tione
2139 2523 2352 2578 concilii
2404 2524 2796 2580 Eboracensem
2853 2528 3239 2597 episcopatum,
3269 2538 3326 2583 et
3381 2529 3530 2599 Ripis

1945 2615 2326 2669 monasterium
2352 2615 2642 2671 liberaliter
2668 2618 2906 2674 indulsit.
2948 2619 3111 2675 Stetit
3150 2620 3265 2675 hazc
3287 2622 3522 2676 amicitia

1945 2704 2084 2759 inter
2109 2720 2203 2760 eos
2232 2706 2313 2760 vix
2344 2722 2410 2761 an
2424 2708 2507 2762 nis
2533 2709 2791 2780 quinque,
2822 2711 2996 2780 quoad
3052 2713 3227 2766 virosa
3274 2712 3522 2779 consilia,

1946 2799 1997 2851 in
2026 2796 2218 2853 finibus
2246 2799 2593 2868 quorumdam
2640 2799 2876 2867 confota,
2910 2812 3202 2870 eruperunt
3246 2802 3299 2857 in
3354 2802 3530 2872 public

1943 2904 2096 2953 cum;
2129 2888 2324 2959 quibus
2353 2900 2661 2960 praeventus
2711 2908 2803 2947 rex
2852 2876 3111 2957 Alfridus,
3138 2892 3553 2949 monasterium‘

1944 2981 2177 3053 Ripense
2208 2985 2635 3051 possessionibus
2690 2986 2918 3054 propriis
2960 2986 3209 3040 mutilans
3240 2987 3519 3056 episcopa-

1946 3084 2054 3129 tum
2104 3074 2174 3129 ibi
2221 3079 2545 3130 constituere
2590 3077 2965 3143 meditabatur,
2997 3093 3245 3133 asserens
3294 3079 3528 3134 decretis

1943 3167 2212 3223 Theodori
2244 3167 2635 3237 archiepiscopi
2668 3171 3111 3225 consentiendum
3143 3184 3247 3224 non
3272 3170 3443 3239 primo
3472 3179 3529 3226 et

1945 3256 2133 3311 ultimo
2165 3266 2407 3326 tempore
2440 3258 2692 3327 prolatis;
2717 3259 2810 3314 sed
2838 3258 2943 3313 illis
2973 3275 3091 3330 qua:
3122 3259 3313 3315 mediis
3336 3258 3527 3314 diebus

1866 3350 1911 3413 C
1942 3349 2111 3404 edicta
2140 3349 2403 3403 discordia
2440 3353 2642 3420 agitare
2674 3361 2984 3407 noscuntur.
3022 3352 3224 3419 Quibus
3275 3350 3516 3407 infensus

1942 3442 2247 3509 Willridus,
2281 3444 2345 3497 ad
2387 3458 2567 3513 regem
2627 3441 2941 3499 Merciorum
3000 3443 3344 3500 Ethelredum
3394 3445 3530 3498 ami-

1944 3550 2063 3589 cum
2116 3550 2270 3589 suum
2327 3534 2596 3589 discessit.
2629 3534 2741 3590 Sub
2761 3549 2826 3589 eo
2883 3535 3116 3605 plurimo
3166 3544 3519 3592 conversatus

1946 3632 2206 3693 tempore,
2231 3624 2505 3680 Sexwulfo
2538 3624 2913 3681 Licetfeldensi
2947 3626 3202 3697 episcopo
3240 3625 3516 3690 defuncto,

1942 3720 2309 3787 episcopatum
2364 3719 2512 3773 illum
2562 3719 2741 3784 rexit,
2799 3720 3046 3774 omnibus
3105 3720 3519 3790 provincialibus

1948 3809 2210 3863 amandus
2232 3808 2382 3877 juxta
2412 3816 2468 3863 et
2490 3807 2855 3876 reverendus;
2885 3809 3105 3878 plurima
3134 3808 3526 3863 machinamen-

1948 3910 1998 3951 ta
2055 3914 2181 3968 rege
2234 3898 2444 3953 Alfrido
2485 3908 2543 3955 et
2592 3899 2934 3954 Bertbwaldo
2963 3898 3404 3969 archiepiscopo,
3435 3900 3528 3969 qui

1944 3991 2228 4047 Theodoro
2255 4001 2610 4057 successerat,
2646 3993 2698 4047 in
2743 3990 3047 4046 Wilfridum
3100 3992 3430 4048 struentibus
3472 4001 3528 4047 et

1944 4081 2327 4137 deterentibus.

2017 4192 2131 4247 Hoc
2154 4192 2368 4251 tandem
2396 4192 2559 4261 sedit,
2592 4202 2648 4248 ut
2678 4208 2801 4249 cum
2828 4208 2926 4265 spe
2966 4194 3109 4265 pacis
3142 4206 3398 4265 pmtenta
3427 4212 3527 4253 vo-

1945 4295 2131 4340 carent
2159 4284 2225 4340 ad
2256 4285 2564 4351 concilium,
2599 4285 2671 4341 ibi
2703 4286 2789 4342 vel
2818 4287 3199 4344 blandimentis
3220 4288 3288 4343 ad
3316 4289 3521 4344 libitum

1944 4392 2100 4432 suum
2122 4376 2480 4445 innectereut,
2508 4381 2613 4447 vel,
2650 4381 2695 4435 si
2738 4396 2843 4435 non
2874 4383 3227 4451 consentiret,
3256 4382 3529 4454 opprime-

1946 4479 2084 4523 rent.
2113 4467 2206 4524 llle
2232 4468 2339 4524 doli
2362 4471 2596 4536 nescius,
2625 4481 2679 4526 et
2722 4471 2855 4528 alios
2894 4486 2963 4528 ex
3007 4474 3322 4529 rectitudine
3362 4474 3528 4530 animi

1945 4560 2027 4613 sui
2055 4560 2302 4625 metiens,
2326 4559 2391 4614 ad
2414 4562 2699 4616 concilium
2724 4564 2958 4630 perrexit
2988 4581 3003 4618 :
3039 4564 3134 4619 sed
3166 4565 3321 4634 longe
3357 4566 3525 4633 aliud,

1947 4667 2107 4721 quam
2134 4664 2463 4720 speraverat,
2496 4663 2750 4723 expertus
2795 4665 2897 4710 est.
2930 4656 3203 4724 Siquidem
3233 4670 3354 4711 cum
3403 4673 3527 4713 eum

256 4743 409 4799 ritate
441 4712 703 4815 praecipio
734 4712 936 4810 tibi,'ut
958 4744 1076 4813 ejus
1104 4712 1300 4799 sanctae
1350 4743 1644 4808 devotioni,
1673 4759 1842 4814 quan-
1873 4712 1925 4773 θ
1952 4712 2207 4798 conviciis
2229 4753 2283 4799 et
2302 4712 2461 4799 falsis
2475 4712 2865 4814 objectionibus
2891 4712 3173 4801 criminum
3198 4747 3284 4801 diu
3307 4748 3553 4823 [διξερε-ι,

258 4844 362 4890 tum
392 4838 545 4892 vires
573 4845 884 4906 suppetunt,
916 4836 1304 4907 patrocinium.
1336 4837 1473 4889 sicut
1501 4851 1716 4905 semper
1759 4835 1840 4892 fe-

254 4930 393 4992 cisti,
444 4928 689 4999 quandiu
721 4929 865 4984 vivas
896 4930 1203 4998 indulgeas,
1232 4929 1352 4997 quia
1399 4929 1558 4997 longo
1603 4938 1842 4998 tempore

255 5021 486 5089 propriis
517 5022 737 5074 orbatus
764 5020 1097 5079 substantiis,
1117 5020 1343 5073 multum
1374 5019 1513 5072 inter
1533 5034 1766 5088 paganos
1786 5020 1838 5073 in

258 5112 485 5166 Domino
519 5113 805 5167 laboravit.
830 5112 896 5168 Et
918 5112 1118 5167 idcirco
1146 5126 1246 5181 ego
1264 5110 1599 5177 Theodorus,
1625 5112 1841 5169 humilis

252 5203 562 5270 episcOpus,
584 5204 851 5271 decrepita
871 5213 1048 5267 aetate,
1080 5202 1182 5255 hoc
1204 5213 1308 5255 tum
1326 5202 1630 5255 beatitudini
1650 5218 1843 5274 sugge-

256 5299 429 5361 ro,qui
453 5296 816 5363 aapostolica,
850 5296 972 5359 hoc,
995 5297 1135 5348 sicut
1162 5294 1642 5359 scis,commendat
1661 5308 1847 5353 aucto-

257 5382 403 5447 ritas,
437 5395 497 5439 et
519 5386 603 5439 vir
626 5385 717 5440 ille
737 5387 1108 5440 sanctissimus
1133 5386 1185 5439 in
1209 5386 1463 5453 patientia
1486 5401 1579 5440 sua
1608 5389 1845 5456 possedit

258 5476 488 5529 animam
513 5492 688 5541 suam,
714 5489 768 5532 et
794 5478 1110 5547 injuriarttm
1143 5478 1245 5532 sibi
1300 5478 1670 5548 irrOgatarum,
1700 5484 1845 5539 mitis

258 5570 308 5613 et
331 5560 579 5629 humilis,
605 5574 767 5630 caput
790 5581 943 5619 suum
975 5581 1227 5636 sequens,
1286 5568 1604 5624 medicinam
1655 5588 1844 5643 exspe-

259 5653 453 5719 ctavit;
481 5665 563 5720 et,
594 5656 841 5710 siioveni
867 5657 1093 5726 gratiam
1125 5658 1177 5710 itt
1225 5669 1516 5728 conspectu
1569 5670 1678 5733 tuo,
1720 5667 1844 5724 licet

261 5740 348 5797 tibi
379 5759 482 5814 pro
511 5744 903 5816 longinquitate
949 5746 1157 5802 itineris
1208 5761 1368 5817 grave
1412 5749 1674 5822 videatur,
1703 5759 1841 5815 oculi

1950 4845 2092 4905 sent,
2124 4838 2191 4894 ad
2245 4837 2490 4893 ultimum
2542 4852 2664 4892 eum
2713 4838 3129 4910 interrogarunt,
3160 4840 3205 4895 si
3255 4840 3528 4896 Theodori

1950 4931 2337 5000 archiepiscopi
2381 4929 2612 4985 decretis
2664 4929 2886 4985 obedire
2933 4930 3114 4987 vellet.
3166 4932 3401 4998 Quorum
3435 4931 3553 4997 ille

1951 5022 2243 5093 nequitiam
2275 5021 2642 5093 persentiens,
2695 5022 2891 5076 callido
2935 5037 3197 5093 responso
3243 5006 3555 5099 frustratus!

1950 5126 2056 5181 est,
2085 5114 2269 5169 dicens
2297 5128 2359 5171 se
2398 5114 2626 5169 libenter
2663 5113 2769 5168 illis
2808 5114 3076 5169 Theodori
3122 5106 3555 5207 definitionibus}

1949 5206 2284 5260 obediturum
2313 5245 2328 5271 ,
2384 5219 2505 5274 quae
2549 5206 2748 5259 sanctis
2797 5205 3093 5261 canunibus
3144 5210 3555 5260 consonarent.‘

1949 5298 2150 5353 Deinde
2179 5297 2335 5366 longa
2364 5296 2725 5364 disputatione
2763 5296 2817 5351 in
2845 5297 2991 5364 ipsos
3034 5299 3292 5361 invectus,
3325 5294 3523 5351 acriter
3551 5276 3555 5301 ’

1946 5398 2000 5442 et
2042 5403 2167 5444 vere
2206 5388 2347 5457 quod
2374 5386 2488 5457 jam
2539 5402 2633 5455 per
2672 5386 2858 5456 viginti
2883 5388 3017 5441 duos
3045 5400 3213 5441 annos
3241 5386 3525 5455 praeceptis

1950 5482 2110 5537 trium
2138 5481 2523 5550 apostolorum,
2573 5480 2907 5549 Agathonis,
2954 5478 3262 5544 Benedicti,
3315 5477 3519 5548 Sergii,

1950 5574 2233 5644 increduli,
2266 5573 2530 5629 'l‘beodori
2559 5572 2945 5642 archiepiscopi
2967 5571 3179 5626 decreta
3200 5585 3296 5641 per
3315 5571 3522 5629 dissen-

1950 5670 2158 5725 sionem
2188 5676 2303 5724 acta
2333 5667 2635 5737 diligerent,
2657 5667 2875 5738 quievit,
2891 5674 2945 5720 et
2965 5664 3074 5734 jam
3098 5663 3307 5722 Alfrido
3333 5658 3521 5735 surge-

1952 5763 2079 5819 bant
2106 5761 2303 5829 crista,
2333 5760 2468 5817 adeo
2504 5769 2560 5817 ut
2587 5758 2987 5828 archiepiscopo
3013 5754 3217 5814 diceret
3251 5776 3262 5811 :
3292 5758 3352 5815 Si
3381 5770 3522 5829 prte-
