4000 6334
468 294 533 349 Π
1693 286 1749 343 S.
1791 282 2091 341 JOANNES
2133 282 2306 336 PAPA
2350 281 2439 337 Vl.
3653 283 3721 341 ιε

467 419 623 487 cipis,
657 426 825 488 pater,
855 416 1154 487 opprimam
1202 429 1322 471 eum
1373 427 1466 483 per
1514 409 1839 465 violentiam.
1886 406 2038 474 Quod
2072 405 2117 463 Λ
2147 399 2475 454 nimbrorum
2529 398 2808 465 epistolam
2861 398 3118 462 habeant,
3148 404 3205 450 ut
3229 394 3409 452 omnia
3441 411 3559 451 mea
3592 398 3721 454 mihi

469 502 599 566 cum.
639 510 798 565 etiam
848 509 1077 565 inimicis
1104 507 1493 578 displicuisset,
1527 512 1586 558 ιιι
1638 502 1766 555 tanti
1816 499 2045 553 nominis

469 605 570 667 vir,
596 612 650 658 et
679 602 763 669 qui
794 617 976 657 eorum
1012 601 1196 654 fiducia
1222 610 1406 665 captus
1436 597 1504 651 ad
1538 594 1822 649 concilium
1859 590 2041 644 venis-

468 705 567 761 set,
602 697 868 751 sustinere
894 693 1254 763 oppressionis
1284 690 1678 762 praejudicium,
1710 685 1818 739 alio
1845 683 2042 737 itinere

467 788 814 858 gradientium
843 795 1115 857 putarunt.
1149 786 1329 853 Itaque
1364 782 1516 851 quasi
1549 778 1769 849 pacifice
1814 774 2046 830 suadere

466 880 640 933 adorsi
664 889 806 941 sunt,
838 889 895 933 ut
940 880 1063 947 quia
1111 874 1541 944 frequentissime
1594 870 1961 924 dissensiones
1996 868 2046 919 in

472 971 704 1025 Ecclesia
741 970 830 1023 Dei
860 970 974 1038 ejus
1019 984 1179 1024 causa
1215 966 1562 1034 pullulabant,
1598 962 1711 1030 ipse
1770 960 2045 1014 voluntate

466 1076 562 1115 sua
608 1059 1031 1129 possessionibus
1076 1067 1131 1113 et
1174 1057 1485 1125 episcopatu
1534 1053 1770 1115 cederet,
1796 1060 1852 1105 et
1912 1048 2050 1102 hanc

470 1149 913 1204 renuntiat‘ionem
952 1147 1150 1215 scripto
1179 1146 1446 1208 ﬁrmaret;
1484 1145 1585 1196 hoc
1616 1142 1735 1211 ejus
1766 1154 2048 1195 commen-

467 1243 617 1297 daret
646 1242 862 1303 famam,
890 1240 990 1294 hoc
1032 1237 1389 1292 accumularet
1427 1235 1654 1306 gloriam
1707 1230 1754 1286 si
1808 1230 2050 1300 privatus

471 1336 649 1390 mallet
692 1333 792 1389 sub
815 1334 991 1403 quiete
1014 1331 1207 1399 degere
1225 1372 1241 1398 ,
1263 1343 1423 1399 quam
1452 1342 1549 1396 pro
1579 1341 1679 1380 suo
1708 1322 2045 1393 pontificatu,

470 1428 552 1482 vel
578 1442 670 1497 per
687 1441 747 1481 se
770 1424 851 1479 vel
880 1439 975 1493 per
1007 1424 1142 1477 alios
1168 1421 1429 1491 procellas
1457 1417 1780 1473 seditionum
1805 1425 2041 1467 movere.

543 1536 719 1592 Sensit
745 1534 971 1605 paterin
1014 1533 1096 1587 his
1134 1530 1291 1586 minis
1338 1530 1468 1601 [Al.,
1503 1526 1683 1598 nimis]
1733 1523 2044 1594 implicitum

472 1632 765 1699 negotium,
796 1638 852 1684 et
878 1626 1173 1695 respondit,
1207 1624 1341 1679 nihil
1370 1637 1519 1693 a’que
1554 1622 1618 1675 ad
1664 1620 1937 1674 cumulum
1970 1616 2051 1669 in-

475 1723 648 1777 [amite
680 1722 879 1777 homini
903 1721 1276 1787 valere,quam
1301 1718 1344 1770 si
1375 1733 1432 1770 se
1459 1730 1553 1770 sua
1584 1714 1862 1769 damnaret
1890 1725 2041 1766 voce.

472 1813 541 1868 Se
582 1812 806 1882 primunt
842 1811 1023 1875 fuisse,
1056 1811 1142 1879 qtti
1172 1824 1354 1863 verum
1388 1806 1587 1862 Pascha
1620 1807 1672 1858 in
1703 1802 2046 1857 Northanint-

472 1906 583 1960 bria
612 1903 788 1960 Scotis
816 1902 999 1972 ejectis
1027 1901 1292 1967 docuerit,
1323 1901 1411 1970 qui
1443 1910 1630 1955 cantus
1652 1896 2046 1952 ecclesiasticos

470 1996 852 2063 antiphonatim
909 1993 1225 2057 instituerit,
1256 1991 1344 2062 qui
1393 1992 1713 2046 sanctissimi
1772 1988 2045 2043 Benedicti

478 2088 708 2154 regulam
742 2101 772 2140 a
819 2085 1096 2139 monachis
1140 2083 1409 2136 observari
1435 2079 1677 2150 jusserit,
1709 2095 1803 2148 pro
1853 2080 2045 2147 quibus

474 2180 719 2233 omnibus
747 2192 884 2232 nunc
910 2192 1090 2232 senem
1140 2185 1193 2229 et
1238 2175 1573 2244 septuaginta
1621 2175 1732 2228 fere
1782 2186 2042 2225 annorum

474 2271 776 2341 pontificem
808 2270 908 2324 hoc
937 2271 989 2323 in
1022 2283 1242 2323 munere
1273 2268 1541 2334 recipere,
1574 2274 1632 2320 ut
1676 2274 1898 2334 cogatur
1958 2278 2047 2317 se-

476 2365 646 2430 ipsum
678 2364 877 2431 scripto
907 2361 1181 2415 damnare.
1226 2360 1456 2414 Nossent
1493 2374 1620 2429 ergo
1648 2372 1707 2411 se
1757 2356 1889 2410 illud
1940 2371 2045 2409 non

476 2455 761 2519 facturum,
792 2452 932 2521 quod
961 2462 1105 2506 esset
1153 2449 1253 2503 sibi
1303 2450 1552 2512 dedecus,
1584 2447 1860 2502 calamitas
1912 2448 2045 2501 sub-

470 2543 654 2614 jectis,
684 2542 1075 2597 incommodum
1126 2538 1333 2593 cunctis
1389 2555 1404 2592 :
1454 2538 1579 2606 quin
1629 2539 1826 2606 potius,
1866 2536 2045 2590 sedem

472 2634 815 2703 apostolicam
861 2646 995 2701 appe
1020 2631 1152 2696 lare,
1200 2638 1255 2683 et
1284 2630 1326 2683 si
1355 2629 1475 2699 quis
1503 2644 1690 2683 eorum
1721 2626 2047 2683 ecclesiasti-

472 2744 591 2784 cum
621 2727 927 2782 conflictum
958 2734 1321 2794 praesumeret,
1353 2739 1415 2777 ea
1443 2737 1719 2777 revocare.

550 2823 664 2875 Jam
713 2836 840 2891 ergo
868 2818 1301 2889 septuagcnarius
1355 2816 1546 2871 iterum
1592 2816 1824 2880 labores,
1856 2815 2046 2869 iterum

475 2915 696 2970 Romam
720 2914 1032 2976 meditatur,
1058 2926 1155 2967 nec
1184 2912 1274 2965 diu
1322 2921 1559 2964 moratus
1616 2923 1764 2965 mare
1818 2908 2048 2972 transiit,

473 3009 717 3075 viamque
769 3019 1080 3075 permensus
1130 3003 1326 3059 Urbem
1388 3003 1631 3069 introiit,
1688 3001 2047 3069 sustinuitque

472 3098 756 3167 aliquantis
798 3097 985 3151 diebus
1024 3106 1361 3151 accusatores
1410 3095 1534 3148 dum
1588 3095 1876 3158 venirent;
1928 3091 2040 3161 qui,

472 3204 593 3243 cum
624 3188 914 3252 venissent,
945 3187 1017 3241 illi
1040 3201 1253 3241 causam
1284 3202 1434 3240 suam
1466 3185 1731 3255 epistolis,
1762 3183 1875 3254 ipse
1902 3182 2041 3254 quod

473 3283 540 3337 ad
570 3297 629 3338 se
654 3280 931 3348 attinebat,
961 3279 1061 3336 hoc
1081 3279 1332 3351 allegavit
1356 3279 1534 3333 modo.

473 3463 695 3518 Domino
716 3465 997 3519 beatissimo
1024 3464 1299 3519 universali
1340 3478 1486 3535 papae
1526 3458 1721 3535 ἆραιζηί
1753 3456 2045 3535 Δινξιίνὶάιιι

542 3536 757 3603 supplex
780 3546 826 3589 et
855 3538 1060 3590 humilis
1088 3553 1256 3590 servus
1280 3531 1535 3589 servorum
1570 3531 1661 3584 Dei
1684 3531 1972 3598 episcopus.

543 3626 843 3694 CognOscat
874 3628 1129 3681 sanctitas
1156 3635 1348 3689 vestra,
1382 3624 1520 3696 quod
1553 3620 2042 3693 perturbationibus

471 3732 639 3786 nuper
680 3718 731 3772 in
775 3718 1039 3773 Britannia
1069 3721 1201 3773 ortis
1235 3733 1296 3774 ex
1331 3728 1478 3785 parte
1504 3730 1686 3769 eorum
1717 3715 1830 3782 qui,
1862 3721 2045 3767 contra

471 3809 683 3864 decreta
711 3811 1005 3865 beatissimi
1034 3809 1324 3880 Agathonis
1353 3824 1499 3877 papa:
1545 3808 1788 3874 illiusque
1817 3819 2035 3860 succes-

470 3914 650 3954 eorum
675 3900 1058 3955 venerabilium
1082 3900 1318 3962 Patrum,
1340 3898 1553 3952 sibimet
1577 3897 1960 3965 episcopatum,
1992 3902 2048 3949 et

470 3990 792 4044 mmrasteria
825 4030 840 4055 ,
898 3998 1173 4059 terrasque
1226 4003 1346 4042 cum
1402 3987 1649 4041 omnibus
1703 3986 2037 4040 facultatibus

471 4081 606 4135 meis
671 4081 1032 4151 usurpabant,
1088 4081 1393 4148 compulsus
1447 4080 1581 4132 hanc
1637 4085 2033 4132 sacrosanctam

470 4172 809 4240 apostolicam
837 4171 1017 4227 sedem
1046 4170 1327 4240 appeilavi,
1354 4176 1663 4224 contestans
1685 4183 1779 4223 eos
1810 4183 1904 4237 per
1930 4184 2046 4223 om-

475 4265 804 4332 nipotentem
827 4267 1127 4329 Dominum,
1153 4271 1209 4318 et
1238 4264 1445 4316 beatum
1474 4262 1688 4317 Petrum
1715 4261 2037 4331 apostolum,

471 4364 529 4408 ut
548 4355 594 4410 si
626 4357 746 4424 quis
773 4357 1000 4425 aliquam
1033 4356 1427 4409 acettsationem
1474 4364 1656 4407 eontra
1684 4367 1769 4408 nte
1798 4353 2037 4416 haberet,

470 4446 536 4500 ad
596 4455 823 4499 vestram
877 4446 1212 4514 pra-sentiam
1270 4444 1505 4509 veniret,
1552 4444 1691 4498 sicut
1742 4442 2032 4497 beatissimi

471 4537 642 4605 Sergii
694 4536 1101 4605 praedecessoris
1127 4535 1289 4589 vestri
1324 4534 1519 4600 scripta
1547 4533 1908 4587 decernebant
1940 4550 1953 4584 :
1982 4543 2038 4586 et

470 4731 659 4775 vestras
687 4719 1010 4774 offerendam
1039 4718 1250 4786 curavi,
1281 4727 1339 4773 ut
1383 4732 1476 4773 vos
1531 4717 1768 4787 lurgiﬂua
1826 4717 2039 4786 pietatis

467 4810 838 4866 benevolentia
867 4808 1185 4864 conﬁrmare
1211 4808 1518 4877 dignemini,
1544 4822 1664 4876 quas
1712 4820 1743 4860 a
1793 4806 2037 4861 beatissi-

468 4902 568 4955 mis
607 4898 1034 4954 antecessoribus
1081 4898 1273 4952 vestris
1327 4913 1453 4969 erga
1503 4912 1676 4952 meam
1726 4897 2037 4966 parvitatem

468 4992 679 5044 decreta
712 5000 863 5051 sunt;
897 4997 950 5042 et
974 4989 1019 5041 si
1043 4989 1161 5057 quis
1189 4999 1373 5042 contra
1413 5003 1498 5044 me
1540 4998 1819 5044 accusator
1868 4991 2038 5045 adve-

470 5083 631 5147 nerit,
663 5096 756 5151 per
786 5091 1019 5135 vestram
1045 5080 1342 5148 jussionem
1367 5081 1652 5150 productus
1683 5074 1745 5134 in
1775 5081 2038 5145 medium,

470 5174 610 5241 quod
638 5174 861 5226 voluerit
895 5171 1112 5240 objiciat
1143 5189 1158 5226 :
1186 5180 1239 5226 et
1276 5174 1319 5225 si
1362 5172 1620 5241 quidlibet
1648 5173 1730 5228 vel
1760 5173 2037 5227 minimum

471 5265 734 5333 obiectum
764 5276 866 5315 non
899 5261 1244 5330 probabiliter
1286 5278 1604 5327 cassavero,
1650 5274 1866 5332 paratus
1919 5278 2035 5317 sum

471 5356 804 5411 severitatem
832 5367 1094 5407 canonum
1122 5354 1376 5423 experiri.
1424 5355 1623 5409 Deinde
1670 5371 1819 5425 rogo,
1851 5364 1909 5409 ut
1955 5355 2042 5408 lit-

471 5456 611 5499 teras
638 5444 1115 5499 comntendatorias
1143 5444 1209 5498 de
1232 5456 1408 5499 vestra
1436 5445 1750 5501 celsitudine
1772 5445 1837 5500 ad
1861 5445 2044 5501 Ethel-

472 5541 656 5596 redum
689 5555 865 5609 regem
900 5539 1212 5595 Merciorum
1242 5540 1525 5608 adipiscar,
1556 5550 1614 5594 ut
1639 5539 1817 5594 omnia
1858 5554 2041 5594 mona-

470 5634 629 5691 steria
658 5647 794 5698 mea,
821 5647 940 5702 quae
966 5633 1018 5688 in
1041 5632 1158 5703 ejus
1187 5641 1313 5687 sunt
1342 5632 1613 5699 provincia
1634 5673 1647 5698 ,
1678 5633 1907 5701 quietem
1939 5632 2039 5685 ha-

478 5725 636 5777 beant
661 5723 724 5778 ad
758 5726 1016 5781 Alfridum
1067 5724 1197 5795 [AI.,
1232 5723 1535 5795 Alfritbum]
1584 5738 1759 5792 regem
1815 5722 2040 5777 Northa-

2067 4487 2120 4549 Ι)

469 4630 593 4685 ideo
617 4629 923 4698 petitionem
951 4627 1263 4681 humilitatis
1288 4641 1422 4681 mea:
1464 4626 1708 4696 gloriosa:
1739 4625 2037 4694 praesentiae
2082 4640 2085 4643 ·

2147 492 2353 547 reddat.
2385 490 2536 556 Quod
2558 489 2604 544 si
2633 489 2769 544 forte
2802 489 2903 543 sibi
2929 502 3091 556 grave
3119 486 3405 551 videbitur,
3438 498 3493 542 ut
3524 488 3723 557 episcm

2149 597 2326 649 pa:um
2382 583 2772 636 Eboracensem
2817 580 3067 645 habeam,
3098 579 3387 647 prtevideat
3431 580 3724 644 apostolica

2149 673 2324 738 sedes,
2358 672 2475 741 quis
2504 672 2574 727 ibi
2605 671 2863 725 habeatur
2902 670 3182 738 episcopus
3212 684 3227 722 :
3257 684 3357 737 ego
3388 679 3565 724 tamen
3610 687 3725 723 mo-

2151 766 2380 819 nasteria
2410 764 2516 817 duo
2549 764 2598 817 in
2627 777 2690 817 ea
2719 762 2987 831 provincia
3014 761 3185 830 posita
3204 760 3353 830 liipis
3370 773 3421 815 et
3445 761 3725 832 llagustal-

2149 855 2304 921 delte,
2337 870 2455 925 quae
2486 853 2740 917 fundavi,
2772 868 2877 906 non
2926 852 3190 906 amittam.
3247 852 3304 906 In
3362 851 3466 907 fine
3513 868 3725 922 quoque
3782 864 3785 865 '

2150 946 2386 1015 spondeo
2399 961 2484 1000 me
2495 945 2741 999 omnibus
2756 944 2985 999 decretis
3004 942 3330 997 Brethwaldi
3354 942 3725 1015 [Berthwaldi]

2151 1039 2534 1108 archiepiscopi
2564 1039 2881 1107 pariturum,
2913 1052 3029 1105 qute
3056 1045 3242 1090 contra
3273 1036 3726 1106 prazdecessonuu

2152 1138 2453 1184 vestrorum
2485 1128 2854 1184 fundatissima
2877 1126 3094 1181 decreta
3122 1122 3263 1195 erga
3284 1141 3454 1180 meam
3497 1126 3729 1196 parvita-

2154 1232 2261 1274 tem
2291 1235 2393 1273 non
2431 1219 2648 1275 fuerint.
2678 1219 2769 1273 His
2796 1234 2915 1273 cum
2964 1228 3301 1273 accusatores
3330 1233 3359 1272 a
3393 1218 3729 1271 Bcrtltwaltlo

2152 1310 2554 1378 archiepiscopo
2609 1310 2753 1363 missi
2815 1309 3142 1378 respondere
3190 1308 3327 1378 jussi
3383 1317 3592 1374 essent,
3628 1308 3730 1362 hoc

2153 1400 2380 1466 primum
2436 1401 2687 1454 dixerunt
2748 1416 2762 1452 :
2824 1398 2953 1453 Esse
2982 1398 3185 1452 crimen
3217 1398 3470 1468 capitale,
3499 1401 3638 1466 quod
3673 1397 3727 1452 in

2152 1492 2379 1545 Concilio
2409 1491 2458 1544 itt
2487 1490 2755 1543 Britannia
2777 1501 3099 1560 congregato
3129 1489 3363 1544 decretis
3410 1488 3723 1544 Dritowaldi

2152 1580 2534 1648 archiepiscopi
2564 1596 2621 1633 se
2647 1595 2753 1634 non
2780 1580 3123 1634 obediturum
3148 1580 3425 1634 Wilfridus
3451 1592 3728 1635 contuma-

2152 1669 2286 1723 citer
2313 1670 2554 1723 dixisset.
2587 1671 2659 1724 De
2690 1670 2788 1724 hoc
2810 1680 2958 1725 stans
2986 1670 3038 1724 in
3070 1671 3245 1725 medio
3277 1670 3509 1737 pontifex
3550 1686 3609 1725 se
3634 1686 3730 1726 es-

2078 1752 2123 1811 B
2153 1762 2417 1831 purgavit,
2440 1771 2497 1813 ttt
2526 1761 2803 1816 diceretse
2830 1762 2908 1815 sic
2937 1777 3040 1815 non
3066 1762 3343 1817 indefinite
3368 1764 3727 1833 respondisse,

2150 1854 2243 1907 sed
2272 1854 2354 1906 his
2376 1854 2742 1907 tantummodo
2769 1853 3083 1922 pariturum,
3108 1869 3226 1923 qua:
3251 1864 3436 1908 contra
3464 1870 3731 1910 canonum

2149 1946 2361 1999 decreta
2396 1960 2502 1998 non
2529 1951 2711 1998 essent
2744 1962 2760 1997 :
2791 1944 2911 1998 ess'e
2937 1955 3112 1998 autem
3166 1954 3352 1998 contra
3401 1945 3633 2016 regulas,
3675 1953 3735 1999 ut

2152 2035 2265 2103 ipse
2292 2050 2349 2089 se
2376 2034 2491 2090 sine
2522 2036 2631 2089 ullo
2659 2036 2896 2089 criminis
2939 2035 3151 2104 objectu
3192 2036 3543 2105 adiudicaret.

2224 2127 2346 2181 llznc
2394 2137 2500 2180 tam
2549 2126 2837 2196 probabilis
2859 2136 2914 2181 et
2966 2126 3138 2181 facilis
3169 2129 3447 2197 responsio
3467 2143 3589 2182 cum
3623 2128 3722 2182 lae-

2153 2228 2262 2272 tmn
2295 2221 2536 2289 plausum
2569 2220 2827 2275 Romanis
2856 2220 3170 2285 excitasset,
3197 2220 3331 2290 jussi
3360 2229 3485 2273 sunt
3511 2236 3731 2275 accusa-

2155 2320 2298 2365 tores
2352 2312 2567 2366 domum
2619 2313 2819 2377 redire,
2866 2312 3167 2367 dicentibus
3217 2313 3517 2383 episcopis,
3574 2314 3720 2382 quod

2150 2406 2396 2472 quamvis
2422 2404 2716 2459 canonibus
2745 2414 2958 2457 cautum
2986 2414 3151 2469 esset,
3176 2414 3233 2457 ut
3256 2416 3535 2459 accusator
3557 2404 3733 2473 primo

2153 2494 2502 2549 accusationis
2550 2494 2785 2562 capitulo
2829 2494 3104 2559 decidens,
3150 2494 3372 2547 ulterius
3394 2494 3460 2547 ad
3492 2495 3724 2548 aliorum

2153 2595 2539 2641 tentamentum
2569 2603 2673 2639 non
2705 2596 3029 2656 assurgeret,
3062 2600 3122 2641 se
3153 2596 3328 2640 tamen
3354 2601 3448 2656 pro
3478 2601 3731 2641 reveren-

2153 2682 2223 2733 tia
2257 2678 2564 2733 Brithwaldi
2595 2677 2983 2747 archiepiscopi
3010 2694 3114 2731 non
3148 2678 3447 2744 defuturos,
3469 2678 3596 2745 quin
3613 2693 3732 2731 om-

2152 2770 2239 2823 nia
2274 2784 2369 2840 per
2411 2768 2658 2823 ordinem
2687 2768 3051 2834 discuterent;
3086 2767 3388 2837 factumque
3410 2777 3493 2822 est
3514 2777 3569 2821 ut
3592 2783 3729 2837 qua-

2153 2873 2271 2918 tuor
2324 2864 2597 2917 mensibus
2639 2862 2974 2933 septuaginta
3024 2862 3378 2916 conciliabula
3405 2869 3613 2925 coacta,
3644 2860 3729 2916 vel

2156 2965 2373 3026 propter
2412 2956 2514 3009 hoc
2554 2955 2751 3021 solum,
2805 2956 2885 3010 vel
2920 2955 3020 3008 hoc
3053 2955 3407 3023 prmcipuum,
3436 2952 3593 3007 finem
3613 2952 3731 3022 glo-

2153 3051 2349 3105 riosum
2375 3048 2645 3113 Wilfrido,
2667 3048 3079 3118 ignominiosum
3098 3047 3498 3101 accusatoribus
3525 3044 3727 3098 habue-

2153 3140 2282 3208 rint,
2335 3140 2593 3195 Romanis
2634 3140 2865 3194 tnaxima
2892 3140 3131 3206 impensa
3163 3137 3484 3192 mirantibus
3511 3137 3727 3191 illorum

2154 3231 2574 3300 impudentiam,
2636 3230 2783 3284 illius
2839 3228 3238 3298 eloquentiam,
3298 3228 3424 3282 dum
3471 3226 3727 3298 quidquid

2150 3324 2553 3379 accusationum
2609 3320 2954 3391 objecissent,
3003 3320 3094 3375 ille
3128 3320 3275 3374 nullo
3318 3319 3619 3389 excogitato
3641 3333 3731 3372 re.

2152 3432 2371 3486 sponso,
2397 3416 2493 3472 sed
2542 3415 2635 3469 Dei
2690 3423 2744 3468 et
2789 3413 3030 3469 veritatis
3083 3412 3248 3467 fultus
3299 3412 3515 3476 auxilio,
3573 3410 3726 3479 quasi

2150 3523 2333 3565 casses
2383 3522 2699 3562 aranearum
2749 3507 2920 3574 primo
2950 3515 3096 3559 motu
3127 3505 3389 3559 labiorutn
3434 3503 3729 3557 discuteret

2150 3608 2204 3654 et
2229 3600 2545 3661 snbrueret;
2570 3596 2670 3650 hoc
2694 3595 2908 3664 pronius
2930 3594 3166 3664 cpiscOpi
3189 3594 3517 3648 mirabantur
3544 3592 3719 3647 causi-

2150 3688 2390 3743 dicorum
2446 3688 2744 3751 audaciam,
2793 3685 3059 3753 quomodo
3088 3685 3570 3739 eeclesiasticorum
3595 3699 3721 3754 gra-

2150 3781 2310 3836 duum
2341 3782 2603 3835 immunes
2646 3779 2770 3851 (nisi
2798 3777 2937 3847 quod
2970 3793 3103 3832 unus
3133 3792 3318 3832 eorum
3346 3778 3600 3832 diaconus
3629 3790 3720 3831 es-

2150 3873 2254 3944 set)
2307 3880 2695 3941 prtesumerent
2736 3886 2988 3928 accusare
3034 3871 3395 3925 venerandum
3420 3884 3603 3924 senem
3629 3885 3717 3924 se-

2153 3964 2422 4033 ptuaginta
2441 3976 2700 4015 annorum
2719 3960 3046 4030 pontificem,
3067 3969 3353 4015 torrentem
3373 3960 3716 4030 eloquenti-1::

2152 4053 2288 4108 inter
2310 4066 2370 4107 se
2399 4067 2526 4121 ergo
2556 4050 2779 4105 multum
2802 4050 2999 4119 diuque
3019 4051 3386 4121 grtecizantes,
3422 4052 3633 4105 laudem
3657 4050 3723 4105 ad

2152 4155 2329 4199 nostra
2386 4143 2546 4199 verba
2603 4142 2873 4208 conversi,
2918 4141 3245 4196 damnarunt
3292 4142 3485 4196 missos
3531 4140 3724 4212 dignos

2147 4252 2384 4300 carcere,
2426 4236 2707 4289 missorem
2760 4241 3049 4303 arguerunt
3087 4233 3344 4298 stultitiae,
3407 4231 3715 4287 Wilfridum

2151 4329 2565 4399 pronuntiarunt
2589 4335 2858 4381 exsortem
2889 4325 2957 4379 ab
2985 4325 3131 4379 omni
3149 4323 3394 4378 crimine.

2218 4442 2315 4497 ilic
2341 4439 2661 4509 subjicerem
2706 4447 2960 4507 quantum
2996 4438 3342 4495 emolumenti
3374 4452 3549 4494 causa:
3575 4436 3718 4493 illius

2147 4533 2383 4589 attulerit
2412 4532 2647 4603 synodus
2669 4530 2961 4600 Agathonis
2987 4545 3137 4601 νίψω
3159 4531 3317 4595 lecta,
3343 4530 3437 4585 sed
3469 4541 3521 4585 et
3549 4529 3677 4585 illud
3702 4570 3720 4596 ,

2145 4623 2289 4693 quod
2342 4624 2393 4677 in
2444 4621 2633 4677 Meldis
2681 4621 2893 4677 civitate
2945 4621 3185 4676 Francia:
3211 4622 3280 4676 ab
3301 4623 3507 4677 oriente
3531 4621 3718 4677 Parisii

2152 4715 2347 4784 posita,
2394 4728 2515 4768 cum
2559 4712 2776 4768 domum
2808 4712 3007 4769 rediret
3034 4713 3339 4768 infirmitate
3369 4728 3607 4782 pressus,
3641 4712 3725 4766 vi-

2148 4805 2300 4858 sione
2349 4812 2567 4857 sanatus
2622 4803 2696 4856 sit
2747 4802 3007 4870 angelica,
3060 4800 3162 4856 nisi
3206 4799 3348 4857 Beda
3386 4802 3721 4857 Venerabilis

2151 4893 2434 4948 historicus
2462 4892 2655 4964 dignus
2701 4908 2799 4962 pro
2823 4907 2881 4946 se
2906 4906 3211 4947 sermonum
3235 4890 3528 4947 sobrietate
3548 4892 3720 4956 credi,

2150 4985 2508 5039 narrationem
2563 4984 2938 5054 praevertisset.
2972 4982 3079 5037 Nos
3105 4984 3173 5036 ab
3216 4982 3332 5050 ipso
3351 4983 3547 5037 omissa
3577 4981 3719 5038 scri-

2151 5089 2316 5147 ptura:
2368 5076 2647 5146 perstricta
2677 5075 2978 5131 inserimus.
3021 5074 3274 5143 Quamvis
3306 5076 3467 5144 igitur
3494 5086 3718 5131 antistes

2152 5186 2261 5225 rem
2307 5170 2649 5235 obtinuisset,
2701 5168 2971 5223 ambiebat
3006 5177 3181 5224 tamen
3208 5168 3391 5225 Romae
3417 5182 3717 5234 remanere,

2150 5264 2371 5317 senilem
2395 5260 2639 5329 spiritum
2679 5260 2777 5314 sub
2816 5259 3153 5315 dominorum
3182 5259 3590 5329 apostolicorum
3619 5274 3715 5328 pe-

2149 5352 2304 5407 dibus
2358 5350 2641 5409 eh‘usurus.
2696 5350 2909 5405 Restitit
2939 5353 3026 5418 pio
3052 5361 3173 5404 voto
3206 5349 3472 5419 pontificis
3494 5349 3717 5403 Joannis

2150 5427 2308 5505 ratio,
2342 5457 2443 5512 qua
2473 5442 2675 5497 diceret
2700 5456 2820 5496 eum
2854 5443 3060 5511 Anglia:
3090 5442 3470 5505 necessarium,
3493 5438 3718 5507 ideoque

2142 5536 2323 5604 jussit,
2346 5544 2404 5589 ut
2424 5532 2564 5603 quod
2590 5544 2869 5604 supererat
2889 5533 3010 5600 aevi,
3040 5549 3144 5589 non
3176 5534 3227 5585 in
3260 5531 3549 5601 peregrinis
3574 5530 3718 5585 auris

2146 5624 2300 5699 [oris]
2327 5638 2681 5691 consumeret,
2728 5625 2821 5681 sed
2872 5623 3055 5691 patriai
3107 5622 3404 5679 commodis
3449 5620 3716 5693 impende-

2145 5729 2246 5788 ret,
2275 5728 2381 5774 etc.
