4000 6334
278 394 341 449 ιθ
1502 396 1718 451 CAUSA
1764 394 2238 454 \VILFRIDIANA.
3448 399 3517 453 ἕο

1022 508 1108 561 IV.

335 602 552 657 Joannis
581 616 731 672 popa;
773 597 873 650 ΠΙ
903 596 1599 672 Epistola‘adEtltclreduut
1621 614 1806 669 regem.

891 668 1049 739 (Vide
1079 667 1263 732 inira.)

1048 759 1108 814 V.

289 861 492 918 Ioannis
520 876 672 931 papa:
709 856 816 911 VII
847 855 1077 931 Epistula
1106 858 1173 909 ad
1192 858 1623 931 archiepiscopos,
1649 857 1857 931 presby-

358 943 484 986 teros
520 928 578 983 ἐι
605 931 851 982 diaconos
877 939 921 982 et
950 929 1205 999 uniurrsos
1231 928 1437 982 clericos
1466 944 1555 999 per
1583 928 1861 999 Anglorum

358 1002 576 1070 patriam
602 998 917 1053 constitutos.
943 998 1101 1067 (Vide
1130 998 1315 1066 inira.)

1027 1109 1113 1164 VI.

351 1206 407 1262 8.
440 1202 699 1259 Aldhelmi
730 1200 1177 1257 Schireburncnsis
1218 1200 1440 1269 episcopi
1473 1197 1709 1265 Epistola
1734 1194 1801 1250 ad

624 1272 830 1328 Clerum
863 1271 1117 1342 Wilfridi.
1148 1268 1310 1339 (Vide
1345 1268 1527 1339 inira.)

1020 1382 1130 1437 VII.

363 1477 421 1534 ε.
450 1476 715 1532 Aldhelmi
748 1473 1191 1544 Schircburnensis
1209 1471 1431 1544 episcopi
1457 1470 1692 1540 Epistola
1729 1484 1793 1525 aa

707 1540 1032 1614 Wilfridum.
1058 1543 1213 1607 (Vide
1239 1540 1429 1611 infra.)

994 1654 1126 1708 VIII.

291 1747 565 1804 Concilium
600 1746 883 1800 Romanum
898 1747 1200 1799 auctoritate
1224 1745 1440 1797 Joannis
1453 1759 1602 1811 papa!
1638 1744 1770 1809 VII,
1797 1747 1867 1799 ad

352 1819 645 1871 instantiam
662 1816 943 1871 Iustiniani
959 1817 1250 1881 imperatori
1257 1834 1295 1875 ς,
1315 1832 1405 1879 pro
1422 1816 1698 1869 canonibus
1713 1827 1867 1870 sexta:

350 1888 529 1957 synodi
550 1887 922 1954 conﬁrmandis
951 1886 1027 1938 vel
1052 1884 1410 1957 reprobandist
1417 1885 1673 1957 indictum
1692 1926 1705 1951 ,
1731 1903 1867 1940 anno

346 1953 682 2025 rcdemptoris
710 1972 860 2022 nccv,
893 1969 1113 2026 tempore
1138 1954 1356 2007 Joannis
1392 1953 1519 2007 VII.

348 2049 461 2115 Qua
492 2048 778 2102 occasiooe
811 2048 921 2100 haec
964 2046 1199 2116 synodus
1234 2044 1421 2099 Roma:
1470 2056 1658 2101 coacta
1708 2048 1867 2104 fuerit

286 2119 480 2174 Iudicat
512 2118 827 2172 Anastasius
858 2131 1016 2183 supra
1050 2116 1101 2169 in
1135 2116 1252 2169 Vita
1285 2116 1509 2169 Joannis
1541 2117 1666 2185 VII,
1706 2119 1865 2173 nitui-

295 2203 406 2242 rum
433 2188 561 2254 quia
592 2202 687 2254 per
714 2189 968 2251 epistolas
996 2196 1047 2240 et
1070 2186 1386 2253 legationem
1429 2187 1496 2239 ab
1539 2187 1859 2250 imperatore

288 2255 582 2325 Iustiniano
626 2258 847 2325 petitum
897 2265 997 2320 est,
1056 2265 1111 2308 ιιι
1141 2258 1379 2310 sancilos
1401 2255 1858 2325 Constantinopoli

291 2342 522 2383 canones
548 2323 787 2381 Joannes
814 2341 947 2393 para
979 2337 1304 2396 congregato
1335 2327 1560 2380 concilio
1586 2323 1855 2382 examina-

292 2408 390 2470 ret,
441 2407 499 2451 et
542 2410 678 2470 quos
722 2396 995 2470 catholica:
1021 2396 1314 2470 disciplima
1343 2398 1740 2470 consentientes
1766 2414 1849 2453 re-

287 2468 529 2529 perisset,
554 2467 767 2533 rejectis
812 2469 1043 2529 caeteris.
1083 2468 1328 2534 probaret
1375 2466 1429 2520 et
1483 2466 1848 2521 confirmaret.

287 2538 559 2592 Iudeceoti
595 2537 861 2605 postulato
891 2537 1017 2589 nihil
1051 2534 1287 2602 pontifex
1322 2536 1540 2601 detulit,
1574 2546 1628 2593 et
1658 2548 1803 2592 recte
1837 2556 1848 2590 :

286 2622 400 2659 nam
429 2606 813 2661 inconveniens
841 2616 923 2661 est
952 2615 1007 2661 et
1028 2607 1179 2660 valde
1210 2605 1542 2668 indecorum,
1579 2608 1657 2660 vel
1693 2607 1853 2662 mini-

285 2692 424 2731 mum
453 2676 757 2743 approbare
785 2692 967 2729 eorum
997 2692 1113 2745 qua:
1138 2677 1188 2729 in
1215 2675 1626 2745 pseudosynodo
1652 2680 1854 2731 consti-

289 2756 391 2797 tuta
453 2745 674 2800 fuerint.
724 2746 851 2799 Vide
880 2762 996 2814 quae
1020 2744 1135 2799 dixi
1166 2760 1322 2813 supra
1356 2747 1407 2798 in
1444 2746 1554 2799 Vita
1584 2744 1805 2801 Joannis
1833 2788 1851 2815 ,

284 2817 445 2869 verbo
475 2815 782 2868 Concilium.
810 2816 919 2869 Ilac
945 2815 1128 2870 eadem
1156 2816 1359 2885 synodo
1378 2815 1676 2879 Wilfridus,
1711 2816 1852 2872 Ebo-

285 2885 522 2939 racensis
544 2886 848 2953 episcopus,
881 2896 1153 2954 postquam
1180 2890 1291 2955 jan
1315 2895 1439 2940 ante
1460 2887 1558 2941 sub
1572 2887 1852 2955 Agathone

285 2969 411 3022 papa
443 2956 615 3009 semel
646 2955 841 3023 injuste
871 2966 1172 3014 accusatus.
1226 2954 1277 3007 in
1331 2955 1572 3009 Romano
1621 2954 1851 3012 Concilio

282 3028 376 3077 sub
432 3025 629 3078 eodem
682 3027 957 3092 Agathone
989 3025 1171 3078 Roma:
1201 3026 1471 3079 absolutus
1522 3026 1742 3090 fuisset,
1780 3027 1850 3082 ab

282 3095 529 3166 Aldfrido
573 3111 697 3163 rege
743 3095 976 3166 secundo
1024 3106 1317 3166 accusatus,
1346 3096 1580 3149 secundo
1604 3097 1846 3166 synodali

279 3163 483 3233 judicio
515 3166 698 3218 ltomte
726 3164 997 3218 absolutus
1032 3164 1151 3222 fuit.
1185 3165 1327 3230 Hrcc,
1363 3174 1495 3219 teste
1524 3163 1685 3231 Beda,
1708 3168 1845 3221 accio
1873 3210 1919 3234 η

283 3214 481 3305 aera};
506 3214 1848 3305 insa"..i.;.i-n'ius“sum"inii;ia;aa'.:.;,;c
1871 3214 1920 3273 (ἶ

282 3317 420 3356 anno
450 3304 647 3357 Christi
684 3304 811 3370 705,
862 3315 1110 3374 tempore,
1141 3302 1363 3357 Joannis
1395 3320 1544 3374 papa:
1570 3302 1683 3358 "i’ll.
1717 3302 1847 3360 Nam

279 3388 397 3426 cum
428 3384 655 3427 testetur
683 3374 927 3427 eumdem
957 3384 1072 3441 post
1102 3373 1239 3427 hanc
1274 3375 1534 3444 synodum
1562 3375 1851 3444 quadrien-

284 3445 373 3496 nio
405 3444 629 3503 vixisse,
656 3457 796 3496 auno
821 3444 1171 3509 redemptoris
1202 3448 1365 3496 nostri
1397 3445 1523 3509 709,
1562 3454 1683 3512 post
1731 3447 1851 3499 obi-

282 3523 391 3566 tum
440 3515 629 3566 Usredi
680 3516 818 3581 regis
848 3524 1058 3581 quarto.
1100 3514 1437 3581 episcopatus
1476 3514 1557 3568 sui
1598 3532 1737 3569 anno
1783 3515 1852 3568 63

282 3583 605 3654 dicursuum
636 3584 856 3648 obiisse,
886 3583 1064 3654 negari
1090 3598 1192 3635 non
1226 3595 1395 3647 potest
1420 3585 1555 3638 hanc
1585 3586 1845 3654 synodum

280 3652 537 3724 Ριτιτιιίειο
591 3663 830 3724 tempore
876 3653 1198 3724 celebratam
1244 3655 1425 3724 fuisse.
1459 3652 1656 3709 Scribit
1707 3658 1849 3710 enim

283 3722 443 3785 Beda,
478 3724 570 3776 lib.
622 3722 853 3789 v,'cap.
908 3723 999 3785 20,
1051 3723 1294 3776 eumdem
1352 3723 1650 3777 Wilfridum
1700 3728 1852 3780 annis

282 3792 351 3848 b5
376 3791 744 3861 episcopatum
778 3792 1007 3847 tenuisse
1036 3809 1050 3857 ;
1075 3801 1128 3844 et
1157 3808 1361 3845 rursum
1384 3795 1476 3848 ιιι).
1504 3809 1582 3858 ιιι,
1611 3810 1730 3860 cap.
1754 3796 1849 3860 ‘26,

280 3861 519 3915 afﬁrmat
545 3865 773 3928 primum
804 3876 999 3915 annum
1046 3862 1189 3915 sedis
1236 3862 1377 3916 illius
1425 3879 1543 3917 cum
1577 3879 1718 3918 anno
1752 3866 1851 3920 Do-

280 3934 409 3986 mini
440 3932 547 3987 6L1
578 3932 897 3988 coincidisse
924 3947 939 3997 ;
966 3932 1105 3985 unde
1129 3935 1429 3988 noeessario
1456 3934 1681 3990 infertur
1708 3936 1848 4006 quod

354 4146 384 4173 ι
412 4133 749 4207 Concilium]
782 4135 914 4190 Cum
942 4146 1062 4204 post
1094 4137 1428 4205 impetratam
1467 4137 1854 4195 absolutionem

284 4205 571 4259 Wilfridus
604 4205 771 4259 Roma
799 4207 1115 4261 deceSsisset
1138 4248 1151 4269 ,
1187 4210 1511 4275 veniensque
1545 4209 1594 4260 in
1625 4207 1850 4264 Galliam

283 4278 333 4331 in
364 4279 616 4330 morbum
647 4276 1011 4346 gravissimum
1054 4277 1359 4337 iucidissnt.
1414 4279 1747 4345 apparitione
1798 4289 1851 4335 et

283 4348 491 4401 medela
523 4349 692 4399 sancti
739 4346 1007 4401 Michaelis
1048 4347 1367 4402 miraculose
1414 4347 1703 4411 liberatus,
1752 4351 1853 4404 hoc

280 4432 420 4469 anno
469 4417 618 4469 \‘enil
666 4416 717 4468 in
777 4418 1035 4484 Angliam.
1094 4417 1355 4483 Cumque.
1412 4417 1562 4471 lectis
1607 4421 1849 4485 epistolis

280 4487 615 4551 apostolicis,
644 4486 710 4538 ab
737 4488 1135 4555 archiepiscopo
1173 4487 1459 4540 honorifice
1489 4490 1850 4555 acciperetur,

1885 514 1931 569 Α
1960 509 2175 562 ultimus
2225 508 2365 563 sedi~~
2419 508 2643 563 Will'ridi
2703 508 2945 561 inciderit
2977 508 3027 561 in
3076 523 3272 563 annum
3310 509 3518 566 Domini

1966 577 2089 642 709,
2119 579 2206 646 qui
2260 587 2341 633 est
2386 580 2596 647 quintus
2628 588 2745 645 post
2784 578 2923 631 illam
2955 592 3089 647 syno
3111 580 3215 632 lum
3277 579 3478 634 finitam
3506 624 3519 644 ,

1964 663 2066 713 qua
2115 647 2261 701 illum
2315 664 2343 700 a
2397 650 2674 702 calumniis
2738 648 3161 701 adversariorum
3219 647 3520 706 absolutum

1966 716 2128 771 fuisse
2161 719 2294 772 Ileda
2325 720 2415 773 lib.
2443 734 2497 781 ν,
2528 733 2643 786 cap.
2674 717 2767 780 2t),
2794 720 2956 772 refert
2984 720 3063 770 his
3087 717 3260 772 verbis
3295 737 3306 771 :

2041 805 2059 837 ι
2090 787 2216 841 Post
2241 791 2470 855 quinque
2503 802 2692 850 annos,
2719 788 2922 854 inquit,
2953 787 3128 841 denuo
3149 798 3434 842 accusatus
3456 793 3523 845 ab

1965 856 2152 911 eodem
2172 856 2447 926 ipsorege,
2472 858 2709 912 Aldfrido
2725 858 2947 922 scilicet,
2978 870 3026 912 et
3060 856 3525 925 plurimis-cpisco-

1966 930 2045 993 pis
2071 965 2088 991 ,
2142 929 2421 991 praesulatu
2451 928 2630 994 pulsus
2652 936 2733 981 est
2757 946 2767 980 :
2796 929 3116 995 veniensque
3134 926 3377 991 Romani,
3401 944 3522 984 cum

1968 997 2317 1065 praesentibus
2345 999 2736 1051 accusatoribus
2765 998 3029 1065 acciperet
3058 1002 3229 1052 locum
3251 1012 3310 1052 se
3335 999 3524 1053 delen—

1966 1066 2543 1132 dendi,cousidentibus
2556 1067 2819 1135 episcopis
2841 1069 3078 1135 pluribus
3089 1082 3211 1123 cum
3234 1069 3525 1136 apostolico

1968 1151 2100 1202 papa
2129 1138 2354 1197 Joanne.
2384 1136 2616 1190 omnium
2642 1136 2839 1206 judicio
2871 1137 3148 1197 probatum
3198 1149 3300 1201 est,
3359 1152 3519 1194 accu-

1966 1215 2171 1262 satores
2197 1210 2311 1273 e‘jus
2341 1207 2587 1260 nonnulla
2608 1207 2661 1260 in
2692 1217 2838 1273 parte
2863 1206 3021 1261 falsas
3049 1216 3232 1261 contra
3260 1222 3382 1262 eum
3405 1224 3523 1264 esse

1967 1279 2297 1330 machinatus
2324 1277 2633 1346 calumnias.
2667 1276 3038 1345 Scriptumque
3081 1287 3162 1331 est
3215 1290 3245 1330 a
3303 1278 3521 1346 praefato

1968 1347 2339 1414 papa-regibus
2368 1345 2656 1414 Anglorum
2687 1346 2935 1401 Edilredo
2957 1357 3009 1400 et
3031 1345 3380 1410 Altlfrido,’ut
3399 1364 3519 1403 eum

1968 1418 2020 1469 in
2045 1418 2406 1484 episcopatum
2437 1432 2588 1470 suum
2629 1416 2718 1486 (eo
2769 1418 2907 1485 quod
2958 1416 3153 1485 injuste
3198 1416 3355 1472 fuerit
3395 1434 3524 1474 cou-

1968 1485 2270 1555 demnatus)
2322 1486 2554 1555 facerent
2596 1485 2781 1553 recipi.
2813 1486 2957 1548 Iuvit
2984 1496 3158 1541 autem
3186 1500 3399 1543 causam
3430 1491 3525 1544 ab-

1968 1554 2257 1610 solutionis
2277 1556 2391 1625 ejus
2419 1554 2574 1610 lectio
2602 1556 2789 1627 synodi
2839 1556 3008 1610 beata:
3056 1557 3328 1611 memorias
3375 1573 3524 1627 papas

1968 1627 2266 1694 Agathonis
2295 1642 2412 1694 qum
2434 1627 2697 1694 quondam
2726 1626 2838 1695 ipso
2862 1635 3117 1693 praesente
3137 1626 3189 1681 in
3217 1629 3346 1682 urbe
3364 1626 3524 1695 atque

1969 1697 2020 1768 in
2044 1698 2232 1768 eodem
2261 1696 2490 1751 concilio
2519 1698 2656 1768 inter
2682 1700 2962 1764 episc0pos
2988 1697 3251 1752 residente
3274 1698 3355 1766 (ut
3384 1714 3523 1768 prae-

1969 1765 2224 1849 diximus)
2253 1777 2367 1821 acta
2397 1776 2496 1821 est.
2527 1767 2831 1849 cumqergo,
2864 1781 3022 1849 qausa
3050 1765 3293 1846 exigente
3317 1765 3522 1849 ,“s‘ynoo

1902 1854 1945 1913 Β
1970 1836 2069 1913 dus
2093 1838 2278 1893 eadem
2299 1851 2478 1913 coram
2509 1836 2774 1913 nobilibus
2800 1846 2850 1913 et
2880 1836 3175 1913 frequentia
3203 1836 3406 1913 populi,
3426 1839 3515 1906 ju-

1969 1907 2127 1961 bente
2173 1907 2463 1977 apostolico
2513 1922 2666 1975 papa,
2694 1907 2896 1977 diebus
2943 1907 3152 1976 aliquot
3205 1907 3468 1977 legeretur
3499 1950 3515 1975 ,

1970 1987 2184 2031 ventum
2214 1976 2299 2032 est
2327 1979 2391 2031 ad
2422 1977 2593 2031 locum
2619 1976 2704 2030 ubi
2744 1977 2993 2043 scriptum
3044 1985 3159 2030 erat
3200 1995 3211 2029 :
3243 1976 3523 2033 Wilfridus

1967 2046 2078 2101 Deo
2098 2048 2337 2102 amabilis
2365 2048 2645 2113 episcopus
2667 2046 3018 2101 Eboracensis
3038 2047 3286 2107 civitatis,
3308 2057 3523 2116 aposto-

1965 2116 2120 2171 licam
2167 2118 2347 2172 sedem
2375 2117 2441 2170 de
2470 2131 2562 2170 sua
2594 2132 2750 2171 causa
2775 2118 3065 2186 appellans,
3096 2127 3148 2171 et
3193 2117 3259 2169 ab
3288 2117 3387 2172 hac
3430 2133 3517 2186 po.

1966 2196 2153 2242 testate
2181 2188 2248 2242 de
2277 2188 2437 2243 certis
2469 2188 2790 2255 incertisque
2857 2187 3014 2241 rebus
3057 2186 3352 2254 absolutus,
3384 2200 3511 2256 εισι,

1961 2272 2082 2327 quae
2129 2273 2286 2325 supra
2338 2256 2632 2327 posuimus.
2661 2256 2807 2323 Quod
2838 2257 2925 2311 ubi
2955 2258 3149 2312 lectum
3187 2267 3304 2321 est,
3338 2266 3523 2327 stupor

1961 2327 2313 2396 apprehendit
2341 2328 2618 2397 audientes
2651 2344 2663 2380 :
2695 2335 2749 2381 et
2777 2329 2966 2381 silente
2993 2327 3521 2397 lectorehcteperunt

1960 2394 2273 2452 alterutrum
2324 2396 2615 2465 requirere,
2649 2400 2766 2465 quis
2808 2407 2950 2450 esset
2994 2397 3081 2452 ille
3109 2394 3388 2452 Wilfridus
3415 2399 3525 2465 epi-

1960 2479 2175 2535 scopus.
2199 2468 2331 2521 Tum
2360 2465 2663 2520 Bonifacius
2692 2465 3025 2521 consiliarius
3049 2466 3324 2532 apostolici
3347 2482 3517 2535 papas,

1957 2544 2014 2591 et
2070 2537 2161 2591 alii
2215 2538 2489 2606 perplures
2514 2574 2530 2599 ,
2561 2537 2659 2606 qui
2690 2551 2818 2606 eum
2862 2537 3187 2605 temporibus
3229 2537 3522 2604 Agathonis

1959 2620 2108 2674 papae
2131 2607 2202 2662 ibi
2232 2606 2499 2670 viderunt,
2530 2605 2775 2661 dicebant
2808 2605 2980 2676 ipsum
3010 2621 3127 2661 esse
3156 2608 3468 2676 episcopum
3502 2647 3517 2671 ,

1957 2678 2048 2748 qui
2072 2692 2249 2748 nuper
2269 2677 2486 2748 Romani
2515 2684 2792 2748 accusatus
2819 2675 2849 2729 τι
2880 2675 3007 2741 suis,
3030 2685 3187 2747 atque
3208 2675 3277 2729 ab
3303 2688 3519 2748 aposto-

1959 2745 2060 2801 lica
2091 2749 2216 2802 sede
2233 2746 2572 2816 iudicandus,
2598 2746 2904 2802 advenerat.

2033 2836 2052 2870 ι
2083 2818 2185 2884 Qui
2208 2816 2845 2887 jamdudum,ioquiuot,
2894 2830 3047 2886 aeque
3097 2825 3378 2872 accusatus
3420 2816 3523 2872 huc

1955 2886 2268 2952 adueniens,
2299 2902 2421 2941 mox
2450 2886 2625 2941 audita
2657 2896 2711 2941 et
2734 2887 3021 2956 dijudicata
3044 2901 3204 2941 causa
3230 2896 3284 2943 et
3304 2898 3521 2943 contro-

1954 2959 2126 3014 versia
2157 2960 2431 3024 utriusque
2488 2957 2697 3027 partis,
2752 2972 2783 3011 a
2848 2959 3014 3011 beatae
3066 2960 3336 3011 tneinorize
3389 2973 3522 3027 papa

1952 3030 2230 3097 Agathone
2275 3028 2530 3096 probatus
2578 3036 2659 3081 est
2687 3035 2873 3097 contra
2915 3027 2993 3079 fas
3019 3042 3048 3080 a
3076 3043 3174 3080 suo
3212 3028 3521 3096 episcopatu

1952 3096 2199 3167 repulsus
2223 3115 2235 3151 :
2265 3108 2318 3153 et
2345 3105 2493 3151 tanto
2521 3096 2657 3165 apud
2679 3112 2801 3151 eum
2845 3096 3055 3152 habitus
3084 3107 3167 3151 cst
3192 3097 3397 3152 honore
3425 3140 3440 3165 ,
3468 3108 3523 3151 ut

1955 3166 2128 3236 ipsum
2180 3169 2234 3222 in
2285 3166 2510 3222 concilio
2552 3167 2691 3233 quod
2739 3176 3090 3236 congregarat
3140 3169 3515 3235 episcoporum

1953 3239 2106 3307 quasi
2140 3237 2311 3292 virum
2341 3238 2656 3304 incorruptae
2685 3236 2811 3307 lidei
2836 3247 2889 3291 et
2910 3239 3075 3307 animi
3108 3237 3251 3305 probi
3278 3239 3515 3292 residere

1957 3305 2282 3378 praeciperet.
2314 3307 2514 3378 Quibus
2538 3305 2753 3378 auditis,
2784 3306 3031 3361 dicebant
3056 3321 3243 3378 ouines
3271 3323 3370 3360 una
3393 3321 3514 3361 cum

1952 3377 2069 3445 ipso
2096 3375 2370 3446 pontifice,
2401 3376 2572 3429 virum
2600 3375 2758 3430 auita:
2788 3375 3136 3439 auctoritatis,
3155 3377 3247 3446 qui
3270 3391 3362 3446 per
3386 3391 3518 3446 qua-

1955 3448 2195 3516 dragiota
2234 3462 2397 3517 prope
2423 3460 2593 3499 annos
2617 3448 2921 3517 episcopatu
2950 3447 3286 3514 iungebatur,
3320 3461 3520 3516 nequa-

1955 3533 2110 3586 quam
2152 3516 2392 3572 damnari
2452 3517 2678 3581 debere,
2712 3516 2804 3571 sed
2834 3517 2899 3570 ad
2934 3518 3191 3585 integrum
3231 3518 3400 3585 culpis
3428 3532 3517 3571 ac-

1955 3589 2287 3641 cusationum
2334 3586 2637 3642 absolutum
2682 3588 2734 3642 in
2782 3587 3006 3657 patriam
3051 3601 3173 3641 cum
3206 3586 3407 3644 honore
3436 3602 3525 3644 re-

1959 3658 2115 3713 verti.
2150 3677 2171 3711 s

2701 3748 2790 3803 IX.

1958 3859 2391 3940 ‘anciliuniad
2428 3859 2641 3929 ﬂuvium
2680 3857 2942 3940 Niddelin
2983 3857 3367 3940 .lVortltun‘tbrio
3391 3897 3404 3923 ,
3456 3862 3522 3914 ab

2031 3927 2225 3986 Osredo
2265 3927 2449 3985 ibidem
2476 3944 2611 4001 rege,
2654 3938 2701 3983 et
2744 3927 3062 3983 Bertlrwaldo
3140 3928 3516 3999 archiepiscopo

1958 4153 2016 4194 sa
2042 4131 2389 4190 Eboracensis
2410 4171 2426 4197 ,
2455 4129 2688 4201 Joannes
2729 4127 3185 4201 Hagustaldensis,
3215 4137 3268 4183 et
3315 4126 3525 4185 Eadfri-

1959 4210 2058 4264 dus
2080 4197 2709 4272 Lindisfaruiensisicum
2733 4197 2993 4272 abbatibus
3014 4215 3033 4253 :
3061 4215 3153 4272 nec
3178 4215 3280 4253 non
3305 4210 3351 4253 et
3380 4201 3523 4272 beata
3566 4218 3581 4231 ·

1959 4276 2193 4345 Aelﬂeda
2243 4272 2498 4345 abbatissa
2554 4269 2588 4345 ξ(
2615 4269 3102 4345 Strean_eshalensi3
3172 4271 3518 4345 moiiasterii,

1960 4339 2072 4404 ﬁlia
2101 4345 2264 4400 Oswii
2290 4339 2683 4397 Nerthumbria:
2705 4339 2867 4407 regis)
2907 4355 3103 4404 semper
3131 4342 3284 4394 totius
3316 4342 3520 4403 provin~

1961 4424 2053 4475 cia:
2083 4415 2408 4477 consolatrim,
2447 4410 3126 4479 optimoqueconciliatrix;
3179 4409 3522 4463 Berthualdus

1961 4502 2155 4558 quoque
2180 4477 2591 4558 archiepiscopus
2614 4490 2660 4558 et
2695 4477 2978 4558 Ii’ilfridus
2999 4484 3262 4550 episwpus
3292 4481 3441 4558 simul
3471 4481 3524 4533 in

280 4559 345 4611 ab
366 4556 579 4610 Alfrido
602 4550 931 4629 autemrege
954 4550 1259 4629 accusatore
1286 4557 1366 4629 sui
1385 4550 1846 4623 eontemneretur,
1876 4568 1925 4629 D
1950 4550 2053 4616 una
2073 4550 2162 4612 die
2189 4550 2519 4629 aduenerant.
2550 4550 2751 4628 Deinde.
2764 4550 3050 4629 sedentibus
3079 4566 3195 4629 rege
3230 4561 3278 4605 et
3322 4550 3517 4628 episco-

279 4638 397 4693 post
426 4641 536 4679 mou
553 4634 659 4678 tem
691 4627 832 4692 regis
872 4628 1045 4679 subito
1071 4626 1304 4680 defuncti
1331 4628 1532 4749 [luctum
1560 4637 1654 4687 εει.
1682 4630 1847 4694 inquit

282 4696 447 4749 Beda.
480 4696 575 4747 lib.
604 4711 657 4749 ν.
689 4710 805 4749 can.
833 4694 937 4749 21).
970 4707 1022 4747 ut
1060 4710 1300 4749 reanante
1377 4698 1526 4748 sredo
1556 4698 1663 4749 Iilto
1697 4702 1806 4749 eius
1828 4742 1842 4749 -

282 4696 447 4759 Beda,
480 4696 805 4770 Iih._v,_cap.
828 4694 904 4770 21)
923 4737 937 4759 ,
970 4707 1024 4770 ut
1060 4710 1304 4770 regnante
1331 4694 1526 4770 Osredo
1555 4698 1676 4770 [ilio
1697 4702 1806 4770 ejus
1828 4742 1842 4766 ,

280 4782 398 4819 mox
420 4768 624 4832 synodo
654 4766 788 4833 facta
818 4769 962 4828 iuxta
986 4768 1197 4835 ﬂuvium
1235 4765 1425 4828 Nidde,
1458 4776 1568 4835 post
1607 4765 1846 4833 aliquan-

281 4847 383 4888 tum
409 4846 681 4900 utriusque
712 4838 868 4906 partis
894 4840 1203 4906 conﬂictum,
1232 4839 1432 4906 tandem
1450 4838 1641 4888 cunctis
1667 4839 1848 4903 [tinen-

280 4907 435 4965 tibus,
469 4909 526 4955 ιη
558 4904 887 4970 ρνωεηιαιιιηι
918 4904 1106 4958 sit'sttw
1120 4916 1345 4975 receptus
1378 4905 1650 4965 Ecclesiae,
1682 4910 1850 4975 sicque

279 4988 505 5043 quatuor
526 4978 677 5026 annis
700 5016 713 5037 ,
748 4976 801 5026 id
827 4988 917 5034 est.
948 4992 1103 5038 usque
1132 4979 1199 5027 ad
1245 4976 1377 5028 diem
1403 4976 1567 5027 obitus
1592 4979 1670 5029 sui
1699 4980 1850 5031 vitam

278 5048 423 5099 duxit
466 5048 521 5096 in
552 5062 696 5113 pace.
730 5044 851 5097 liceo
884 5045 1023 5098 Beda
1057 5047 1308 5110 przedicto
1352 5051 1485 5097 loco.
1540 5047 1734 5101 BINIUS.
1781 5077 1851 5087 —

280 5114 493 5169 Eddius
535 5121 588 5167 in
624 5114 735 5167 Vita
777 5115 833 5167 S.
864 5114 1115 5179 Wilfridi,
1141 5130 1190 5169 c.
1224 5117 1311 5183 o7,
1343 5117 1408 5169 de
1453 5116 1552 5167 hoc
1592 5117 1848 5179 concilio,

281 5188 330 5237 in
361 5199 477 5251 quo
511 5200 611 5250 pax
643 5184 927 5236 reformata
960 5193 1071 5250 est,
1098 5187 1320 5251 loquens
1358 5187 1559 5251 inquit:
1594 5184 1657 5237 In
1691 5188 1851 5247 primo

278 5254 419 5320 (scil.
451 5255 633 5321 anno)
676 5253 857 5307 Osredi
882 5256 1043 5324 regis,
1091 5252 1433 5307 Berl/maldus
1461 5255 1852 5308 Cantuariorum

281 5324 531 5377 Ecclesia!
554 5365 569 5389 ,
614 5338 660 5376 et
684 5340 806 5389 pene
852 5327 1002 5376 totius
1036 5324 1319 5378 Britannice
1343 5325 1763 5392 ΑιτΙιὶινρὶδεοριιε
1794 5328 1855 5379 de

281 5395 474 5447 Austro
511 5395 745 5457 veniens,
778 5394 964 5447 habens
993 5410 1057 5447 ea:
1094 5403 1343 5464 praecepto
1385 5395 1682 5457 apostolica:
1721 5396 1854 5448 sedis

280 5465 658 5528 aquilonalium
721 5479 887 5531 regem
925 5479 1039 5515 cum
1075 5464 1305 5517 omnibus
1333 5465 1577 5534 episcopis
1612 5466 1752 5530 suis,
1807 5475 1855 5518 et

282 5534 584 5603 abbatibus,
634 5542 681 5584 et
710 5535 863 5603 totius
892 5536 1031 5603 regini
1070 5539 1181 5603 ejus
1214 5535 1527 5599 principibus
1551 5576 1565 5599 ,
1606 5537 1674 5585 ad
1702 5552 1855 5603 syno-

284 5604 454 5673 dolent
488 5602 657 5654 locum
688 5601 753 5653 de
785 5617 939 5654 causa
966 5600 1029 5654 Β.
1070 5600 1299 5673 Wilfridi
1334 5605 1555 5671 episcopi
1587 5600 1857 5673 diligenter

283 5672 516 5734 invitare,
550 5682 599 5724 et
624 5673 694 5723 ita
730 5677 922 5739 [actum
950 5680 1041 5725 est.
1076 5671 1211 5724 Nam
1249 5675 1300 5724 in
1332 5689 1486 5725 unum
1514 5671 1857 5741 locum‘jnxta

286 5741 498 5806 ﬂuvium
520 5740 697 5795 Nidde
719 5747 783 5794 ab
815 5745 1007 5795 oriente
1023 5745 1310 5811 congregati
1330 5760 1414 5796 rex
1433 5743 1570 5813 (scil.
1598 5740 1851 5811 Osredus)

286 5827 400 5865 cum
433 5814 744 5883 principibus
774 5813 899 5875 suis,
932 5822 978 5864 et
1000 5821 1099 5865 tres
1120 5815 1343 5882 epismpi
1362 5818 1471 5883 ejus
1504 5819 1727 5882 (nempe
1756 5814 1853 5868 Bu-

1987 4634 2029 4683 is
2059 4643 2172 4683 cum
2202 4624 2512 4694 principibus
2533 4635 2707 4675 eorum
2728 4620 2928 4694 _in_loco
2960 4621 3215 4694 synodali,
3247 4620 3518 4694 utriusque

1987 4651 2029 4683 ιδ
2059 4651 2172 4683 cum
2202 4651 2512 4694 ρηιιιιμιυιω
2533 4651 2608 4675 cur
2623 4651 2707 4673 um
2735 4651 2786 4671 us
2818 4651 2928 4671 ιυιυ
2960 4651 3215 4689 agnon...”
3249 4651 3518 4687 υιιιυδημτ

1950 4651 2070 4755 Iibri
2120 4711 2149 4750 a
2181 4694 2440 4762 principio
2471 4706 2636 4760 usque
2676 4689 2741 4742 ad
2781 4687 2937 4762 finem
2986 4692 3106 4744 lecti
3156 4701 3279 4744 sunt
3312 4707 3323 4741 :
3353 4691 3524 4748 archi-

1950 4758 2229 4840 episcopus
2266 4758 2443 4816 autem
2470 4758 2603 4840 dixit
2623 4758 3012 4840 ,Fapostolicam
3032 4768 3379 4840 potestatem
3394 4774 3519 4840 cen-

1950 4828 2151 4900 suisse,
2210 4842 2269 4887 ut
2311 4833 2560 4901 praesules
2629 4828 3169 4901 Ecclesiarum‘illius
3233 4830 3522 4901 provincia:

1952 4911 2017 4964 Β.
2046 4897 2291 4961 Wilfrido
2313 4897 2740 4957 reconcilientur.
2770 4897 3017 4966 Episcopi
3044 4897 3351 4955 resistentes
3371 4899 3522 4954 dixe—

1952 4986 2096 5042 runt,
2129 4976 2331 5028 nullum
2357 4986 2511 5040 posse
2542 4974 2821 5042 immutare
2840 4969 3091 5042 qumjam
3117 4972 3252 5042 facta
3277 4971 3518 5042 fuissent.

1954 5039 2225 5103 Sed'cutn
2276 5039 2613 5107 summepere
2665 5040 2906 5091 faverent
2956 5039 3201 5094 Wilfrido
3255 5039 3519 5095 abbatissa

1954 5117 2227 5179 Aelﬂeda,
2258 5124 2313 5167 et
2354 5113 2596 5180 princeps
2631 5108 3055 5180 rBerechtf'rialus,
3086 5120 3138 5162 et
3187 5125 3281 5178 pro
3330 5113 3518 5180 eodem

1956 5188 2181 5256 pra‘sule
2206 5178 2369 5256 multa
2392 5182 2444 5235 in
2463 5179 2679 5256 synodo
2699 5178 2977 5244 dixissent,
3002 5192 3056 5233 ut
3078 5180 3254 5256 sidere
3273 5188 3357 5256 est
3377 5179 3515 5256 apud

1959 5249 2210 5323 Eddgutu,
2251 5252 2473 5323 episcopi
2518 5252 2615 5323 sibi
2659 5258 2833 5323 mutuo
2879 5252 3096 5323 separati
3140 5251 3202 5323 ab
3224 5250 3349 5323 aliis
3390 5249 3521 5301 inire

1957 5317 2223 5380 consilium
2252 5317 2536 5391 coeperunt;
2562 5317 2839 5387 aliquando
2859 5333 2974 5372 cum
2997 5321 3069 5373 eis
3092 5318 3519 5391 archiepiscopus,

1958 5395 2233 5466 aliquando
2260 5388 2375 5466 vero
2400 5390 2771 5466 sapientissima
2793 5391 2946 5466 uirgo
2977 5391 3202 5460 Aelﬂeda
3227 5403 3247 5441 :
3273 5400 3317 5466 et
3365 5388 3522 5466 hujus

1959 5458 2122 5520 sancti
2160 5462 2364 5517 concilii
2393 5461 2506 5513 talis
2536 5460 2653 5526 ﬁnis
2679 5462 2884 5523 exstitit,
2912 5467 2963 5511 ut
3003 5458 3169 5512 omnes
3209 5458 3434 5526 episcopi
3476 5470 3522 5510 et

1959 5553 2053 5590 rea:
2076 5551 2190 5587 cum
2217 5534 2321 5586 suis
2341 5529 2665 5598 aptintatibus
2694 5545 2834 5596 pura:
2861 5531 2997 5598 pacis
3040 5528 3363 5581 concordiam
3406 5545 3521 5582 cum

1963 5606 2024 5661 S.
2057 5604 2299 5672 thfrido
2330 5600 2810 5672 episc0po,tnierint,
2841 5614 2990 5672 quam
3030 5600 3159 5650 inter
3194 5613 3247 5672 se
3278 5614 3437 5672 usque
3457 5601 3524 5652 ad

1962 5678 2115 5745 ﬁnem
2162 5668 2277 5727 rita:
2331 5668 3065 5745 conservaueruirt_,reddcutss
3106 5684 3150 5721 et
3209 5668 3311 5722 duo
3360 5670 3522 5745 primu

1962 5735 2203 5807 cmuobia,
2230 5757 2343 5811 qum
2370 5742 2421 5795 in
2448 5740 2606 5811 Rypis
2627 5751 2672 5794 et
2704 5735 3108 5808 Hagustalden-e
3135 5753 3251 5792 cum
3296 5735 3522 5792 omnibus

1963 5817 2200 5870 reditibus
2221 5814 2339 5867 suis.
2374 5812 2585 5869 Pacilus.
