4000 6334
437 4235 458 4252 ⁹
525 4242 596 4293 tis

512 425 568 480 5!

1746 423 1801 477 S.
1845 415 2142 473 JUANNES
2182 414 2354 472 PAPA
2400 422 2479 476 Vl.

3676 421 3740 477 5‘2.

581 536 872 591 Cantuariis
897 581 910 601 ,
941 537 1077 587 mou?
1085 544 1135 587 tu
1177 534 1395 587 Joannis
1423 549 1573 604 papa:
1594 530 1703 584 VII
1733 547 1866 583 anno
1897 528 2085 604 Christi
2111 528 2163 583 Α
2192 530 2396 604 nuntios
2419 533 2629 598 directa,
2661 543 2707 590 et
2752 551 2840 604 per
2879 535 3202 599 semetipsum
3242 533 3470 587 similiter
3492 534 3663 598 allata.
3691 548 3743 589 ut

581 623 711 662 nccv
743 606 1073 668 celebratum;
1104 608 1154 657 in
1180 623 1280 675 qua
1323 600 1523 673 accepta
1547 603 1763 675 Joaun‘s
1792 615 1939 669 papa:
1968 600 2075 668 epi-

583 678 749 740 stola,
805 676 1081 744 Wilfridus
1145 672 1345 730 demum
1394 672 1447 728 in
1506 672 1940 742 archiepiscopatu
1986 684 2076 722 suo

582 748 889 820 Eboracensi
907 746 1263 820 confirmatur.
1345 817 1354 820 _
1409 815 1420 820 _
1805 809 1820 820 _
1883 807 1999 820 ,,,,,

587 819 871 884 Postquam
898 807 1037 884 (qua:
1066 817 1361 881 retulimus)
1391 815 1456 867 de
1483 812 1711 867 concilio
1741 809 1840 863 sub
1873 807 2073 884 Alfrjdo

513 903 659 957 rege,
697 879 750 941 et
777 879 1115 940 Berth'waldo
1144 879 1563 957 archiepiscopo,
1594 897 1732 957 anno
1757 879 2067 957 gratiaejOI

518 950 817 1021 perorasset
848 957 1270 1017 Malmesburius,
1294 950 1356 1007 ad
1388 954 1650 1007 Nitltlense
1674 954 1770 1004 hoc
1794 950 2074 1021 coinciluun

516 1019 804 1089 transiens.
862 1027 941 1080 sic
989 1028 1240 1081 orditur:
1280 1044 1296 1074 ι
1337 1024 1506 1077 Rediit
1543 1026 1700 1091 igitur
1753 1019 2075 1091 (Willritlus)

518 1107 572 1151 et
592 1100 907 1163 apostolicus
931 1096 1181 1160 epistolas
1212 1095 1317 1158 regi
1342 1090 1656 1148 Merciorum
1677 1092 1785 1163 jam
1814 1090 2077 1163 monacho

522 1162 811 1222 Etlielredo
834 1168 1023 1219 attulit.
1061 1166 1339 1220 llutniliter
1369 1166 1453 1217 ille
1489 1174 1544 1216 et
1572 1178 1707 1225 genu
1735 1162 1871 1214 ﬂexo
1895 1162 2074 1228 digna-

521 1240 719 1291 tiooem
747 1236 1077 1291 salutationis
1098 1236 1403 1300 apostolicae
1434 1233 1698 1298 Sttsretiil.
1721 1241 1799 1300 iet
1829 1230 2077 1296 perlectis

519 1308 740 1375 chartis.
772 1305 911 1375 quod
936 1316 1086 1359 tenor
1124 1299 1589 1375 earumjnbebat,
1641 1316 1668 1352 a
1692 1299 1943 1355 Kenrt-do
1969 1300 2078 1375 lilio

516 1371 697 1430 fratris
718 1371 949 1437 Wlfarii.
969 1390 1123 1442 quem
1148 1375 1247 1428 sibi
1275 1371 1452 1442 regem
1485 1373 1786 1431 suil'ererat.
1819 1371 2075 1442 compleri

519 1462 625 1501 non
653 1457 868 1515 gravate
896 1440 1144 1498 obtinuit.
1186 1446 1314 1515 Erat
1342 1440 1489 1515 enim
1534 1452 1592 1515 et
1633 1442 1723 1515 ille
1751 1442 1941 1515 timore
1973 1440 2077 1515 Δ0ρί

519 1510 728 1584 plenus,
749 1516 879 1569 sicut
907 1525 1024 1583 post
1044 1514 1444 1582 quadriennium
1462 1512 1721 1565 voluntari
1742 1532 1751 1560 ι
1774 1510 2080 1584 regniabre-

517 1580 849 1639 nuntiatione
868 1580 1423 1653 mundo‘approbatum
1439 1593 1519 1636 est
1535 1599 1547 1635 :
1566 1580 1890 1648 mcscgnius
1907 1580 2078 1632 Brtlll-

518 1656 725 1710 waldus
767 1655 1200 1722 archiepiscopus
1238 1669 1420 1720 pacem
1465 1669 1566 1705 non
1589 1658 1937 1722 aspernanter
1966 1665 2077 1722 am-

518 1726 671 1781 biens
700 1728 750 1779 in
782 1719 1178 1778 tinanimitatem
1210 1719 1457 1777 fraternae
1495 1721 1792 1775 concordiae
1825 1719 2075 1773 accurrit.

516 1793 838 1849 Exlerritum
872 1796 1030 1847 minis
1052 1795 1355 1861 apostolicae
1380 1794 1522 1846 sedis
1535 1794 1701 1854 aiunt,
1733 1790 1914 1853 legatis
1931 1789 2076 1841 dam-

2186 615 2246 651 ea
2282 601 2332 651 in
2382 606 2654 663 prcesentia
2697 601 2989 659 reuerentia:
3036 616 3213 658 vestrce
3258 605 3529 657 recitentur
3570 605 3742 659 humili

2178 685 2323 748 prece
2349 671 2688 748 deposcimus.
2744 675 2945 742 Quibus
2989 674 3319 748 venerabiles
3347 674 3555 748 domini
3577 675 3743 748 licen-

2181 741 2305 814 tiam
2330 741 2587 814 dederunt
2623 761 2637 808 ;
2667 754 2721 800 et
2750 741 2929 799 coram
2956 745 3182 814 synodo,
3208 744 3464 797 omnibus
3492 744 3743 797 audienti-

2179 806 2295 884 bus,
2331 812 2601 884 utriusque
2626 806 2750 869 libri
2782 830 2812 869 a
2859 806 3117 884 principio
3143 806 3311 881 uSquc
3336 816 3399 866 ad
3430 814 3582 867 linem
3614 816 3747 882 lege-

2178 877 2392 951 bantur.
2441 877 2562 937 Post
2606 877 2886 939 lectionem
2934 877 3145 951 autem,
3183 877 3389 938 eunetis
3436 877 3742 951 tacentibus,

2180 948 2556 1023 Berectl'ridus,
2589 956 2855 1009 secundus
2902 971 2929 1007 a
2962 972 3087 1023 rege
3119 948 3403 1020 princeps,
3448 955 3512 1005 ad
3544 948 3740 1008 arcliieQ

2180 1019 2452 1096 piscopum
2503 1024 2677 1096 dixit:
2727 1024 2839 1078 Nos
2879 1028 2968 1094 qui
3006 1019 3419 1096 interpretatione
3449 1025 3742 1096 indigemus,

2178 1090 2303 1157 quid
2344 1095 2625 1155 apostolica
2653 1090 2932 1149 auctoritas
2978 1090 3347 1148 dicat'audire
3395 1090 3626 1147 delectat.
3683 1094 3746 1147 Et

2181 1162 2452 1234 ζβενοιιώι
2478 1166 2524 1234 ei
2554 1166 2986 1234 archiepiscOpus
3037 1166 3220 1218 dicens
3251 1184 3262 1218 :
3314 1163 3521 1217 Iudicia
3555 1174 3749 1232 aposto-

2178 1228 2293 1281 lica:
2322 1233 2452 1283 sedis
2486 1232 2636 1304 longo
2669 1228 2955 1289 circuitu-et
2985 1234 3283 1304 ambagibus
3309 1234 3568 1287 verborum
3588 1228 3747 1303 unum

2180 1309 2343 1352 tamen
2386 1303 2691 1358 intellectura
2732 1307 2795 1356 de
2844 1306 3017 1359 cadent
3069 1303 3270 1368 utrique
3300 1304 3420 1356 libri
3466 1305 3745 1362 ostendunt.

2177 1386 2393 1440 quorum
2425 1377 2557 1426 brevi
2584 1391 2814 1429 sermone
2843 1392 3044 1429 sensum
3069 1385 3264 1429 tantum
3304 1373 3587 1437 explicabo.
3618 1374 3748 1440 Apo-

2179 1439 2363 1513 stolica
2393 1458 2611 1512 namque
2641 1454 2883 1513 potestas,
2914 1461 3026 1513 qua:
3072 1447 3291 1512 primum
3348 1443 3496 1496 l’etro
3525 1439 3748 1509 apostolo

2179 1520 2226 1563 et
2258 1511 2477 1576 principi
2499 1511 2847 1582 apostolorum
2875 1511 3080 1581 ligandi
3101 1515 3420 1582 salutandique
3444 1515 3632 1566 donata
3657 1522 3750 1577 est,

2180 1596 2273 1633 sua
2300 1583 2603 1655 auctoritate
2623 1586 2685 1637 de
2714 1588 2860 1638 beato
2894 1585 3147 1655 Wilfrido
3187 1586 3401 1647 censuit,
3447 1593 3502 1635 ut
3540 1584 3594 1636 in
3630 1598 3754 1650 pra:-

2180 1651 2527 1726 sentia_mea,
2567 1655 2681 1707 licet
2728 1651 3081 1726 indignus,'et
3113 1656 3275 1707 omnis
3303 1663 3755 1726 conventus,prte_-

2180 1721 2312 1793 sules
2344 1720 2695 1777 Ecclesiarum
2735 1720 2891 1791 huius
2914 1720 3210 1793 provinciw,
3259 1726 3517 1791 antiquam
3547 1720 3758 1793 inimici-

2180 1790 2304 1864 tiam
2335 1808 2427 1857 pro
2453 1794 2619 1847 salute
2645 1790 2930 1849 animarum
2948 1796 3306 1864 relinquentes,
3344 1790 3487 1846 beato
3518 1792 3758 1864 Wilfrido

517 1867 787 1919 nationem
819 1879 966 1919 suam
1012 1865 1263 1934 gravibus
1289 1865 1637 1930 querimoniis
1680 1862 2072 1934 aggerentibus,
2111 1876 2157 1934 Β
2181 1861 2425 1934 episcopo
2450 1864 2664 1934 inbouo
2707 1861 3117 1919 reconcilientur.
3154 1864 3291 1917 Nam
3338 1865 3418 1916 his
3448 1863 3757 1928 coepiscopis

515 1936 759 2004 quamvis
786 1930 1063 1989 Will‘ritliis
1094 1949 1184 1988 eos
1221 1933 1330 2003 jam
1373 1933 1702 2004 atljmlicatos
1737 1930 2046 2004 exemisset.

586 2005 742 2060 Solus
798 2004 1059 2059 Allrithus
1116 2001 1790 2057 rexiNorthanimbrorum
1838 2001 2076 2053 obstina-

513 2075 667 2129 tioris
693 2074 854 2127 animi
884 2074 1202 2128 sententiam
1228 2074 1359 2143 ιΑι..
1392 2069 1661 2143 semitam]
1693 2081 1899 2131 terens,
1950 2084 2081 2143 per-

516 2145 773 2198 vicaciam
802 2147 988 2197 tenuit.
1040 2139 1249 2197 Nuptiis
1290 2143 1429 2197 enim
1463 2141 1530 2195 ad
1572 2139 1721 2194 se’ex
1769 2153 1917 2208 parte
1950 2139 2081 2192 Wil-

515 2214 641 2268 fridi
695 2214 911 2268 directis
964 2228 1211 2267 serenum
1268 2215 1438 2279 primo
1487 2226 1799 2280 responsum
1856 2210 2078 2265 retulit:

517 2284 612 2339 sed
649 2282 967 2352 depravatus
1001 2286 1081 2351 (ut
1101 2284 1359 2350 creditur)
1393 2284 1775 2335 malevolorum
1816 2282 2076 2345 consiliis,

518 2355 710 2422 quibus
739 2364 886 2407 extra
918 2369 1068 2407 suam
1098 2353 1411 2421 dignitatem
1444 2352 1601 2405 nimis
1628 2352 1964 2422 indulgebat,
1998 2366 2082 2403 re-

512 2420 739 2478 deuntes
766 2424 828 2477 ad
847 2439 907 2477 se
923 2424 1011 2477 die
1031 2424 1278 2477 condicto
1301 2423 1388 2476 tali
1416 2422 1675 2477 sententia
1705 2420 2040 2475 contristavit
2065 2437 2078 2474 :

517 2508 578 2547 se
602 2493 817 2563 quidem
852 2495 1145 2561 legatorum
1188 2495 1462 2559 personis,
1513 2491 1651 2559 quod
1682 2500 1863 2544 essent
1892 2501 1944 2544 et
1975 2493 2078 2544 vita

516 2577 728 2632 graves,
758 2574 811 2617 et
837 2574 1051 2632 aspectu
1083 2564 1447 2625 honorabiles,
1480 2564 1737 2615 honorem
1768 2572 1823 2614 ut
1849 2563 2079 2628 ρειτεηιίο

516 2633 617 2686 bus
666 2633 1195 2689 deferrezemterum
1243 2648 1519 2685 as~ensunt
1568 2632 1815 2697 legationi
1862 2632 2082 2683 omnino

514 2703 780 2770 abnuere,
825 2703 966 2771 quod
1011 2713 1153 2755 esset
1189 2712 1369 2756 contra
1419 2702 1678 2753 rationein
1727 2700 1924 2752 homini
1970 2700 2078 2767 jam

513 2772 599 2825 bis
627 2786 656 2824 a
689 2782 798 2825 toto
820 2776 1109 2839 Anglorum
1149 2775 1376 2825 concilio
1402 2774 1650 2823 damnato
1692 2780 1910 2837 propter
1936 2785 2079 2835 qua:-

514 2842 646 2895 libet
688 2844 976 2908 apostolica
1008 2844 1205 2909 scripta
1234 2846 1650 2896 communicare.
1693 2840 1797 2893 Sed
1828 2854 1924 2893 nec
1964 2842 2079 2907 ipse

519 2911 687 2965 multo
716 2922 837 2980 post
869 2913 918 2964 in
949 2912 1044 2964 hac
1079 2913 1183 2965 vita
1216 2921 1450 2964 moratus
1479 2921 1560 2964 est
1589 2922 1846 2975 tempore.
1888 2909 2077 2980 Statim

516 2983 682 3047 enim,
713 2979 817 3035 illis
845 2982 1185 3047 abeuntibus,
1220 2982 1414 3035 acerba
1444 2992 1723 3049 correptus
1751 2979 2073 3044 valetudine,

514 3051 584 3105 ad
628 3062 850 3105 mortem
900 3052 1271 3105 exercebatur.
1335 3054 1644 3105 Amaritualo
1691 3056 1939 3104 tormenti
1990 3065 2075 3101 ra-

515 3123 716 3175 tionem
762 3124 888 3173 olim
923 3127 972 3173 in
1001 3124 1179 3174 animo
1208 3123 1368 3187 regali
1403 3122 1627 3187 sopitum
1657 3119 1871 3181 elicuit.
1914 3128 1969 3173 et
1993 3135 2079 3173 se-

426 3218 433 3221 -
516 3191 749 3243 cundum
782 3193 1127 3257 prolihelatn,
1159 3196 1353 3244 vexatio
1382 3194 1518 3243 dedit
1547 3191 1852 3243 intellectum
1877 3190 2077 3243 auditui

518 3260 672 3327 (lsai.
699 3261 816 3331 ιι).
876 3262 1179 3331 intelligens
1209 3265 1349 3314 enim
1381 3276 1439 3314 se
1477 3264 1666 3313 tnerito
1699 3260 2075 3331 inobedientiu:

517 3333 732 3393 plexum
757 3330 781 3392 ,⁷
807 3330 1298 3398 ργυηιιεὴυιιιιιθιη
1330 3331 1758 3383 emendationem
1790 3330 1910 3383 lacti
1941 3330 2073 3382 Wil-

516 3398 657 3453 t‘rido
679 3400 1042 3456 exhibiturum
1066 3442 1079 3463 ,
1130 3403 1171 3453 si
1200 3403 1299 3454 sibi
1333 3401 1523 3455 viventi
1552 3402 1741 3452 adduci
1775 3399 2034 3467 potuisset
2062 3416 2075 3463 ;

519 3484 621 3524 nec
648 3474 905 3533 cessavit,
938 3481 1192 3537 quantum
1226 3482 1351 3525 ante
1380 3472 1689 3539 praeclusam
1716 3484 1902 3522 vocem
1937 3471 2077 3535 loqui

518 3541 718 3608 potuit,
750 3541 887 3594 idem
923 3543 1257 3608 promittere,
1288 3553 1342 3596 et
1366 3545 1408 3594 si
1437 3541 1552 3608 ipse
1579 3542 1683 3593 voti
1716 3541 1907 3593 ellectu
1933 3555 2081 3593 care-

518 3622 623 3678 ret,
659 3611 924 3665 haeredein
952 3623 1104 3664 suum
1132 3620 1189 3664 ut
1212 3610 1409 3665 faceret
1439 3610 1686 3679 adiurare
1719 3626 1732 3661 :
1763 3618 1819 3662 et
1844 3608 1933 3662 ille
1965 3610 2081 3680 qui-

519 3682 641 3736 dem
674 3692 879 3734 mature
907 3681 1213 3745 defunctus,
1257 3682 1575 3748 apostolicus
1606 3681 1815 3733 litteras
1837 3693 1897 3733 se
1926 3694 2079 3746 spre-

521 3753 667 3806 visse
688 3766 810 3805 sero
834 3751 1082 3813 indoluit,
1112 3766 1334 3817 quarum
1368 3753 1537 3803 minas
1563 3749 1801 3816 etl'ugere
1827 3762 1928 3801 non
1965 3766 2086 3803 me-

520 3822 666 3877 ruit:
700 3836 854 3890 quas,
894 3820 1017 3890 quia
1038 3822 1233 3875 crebro
1263 3823 1677 3875 commemoravi
1702 3858 1717 3881 ,
1766 3820 1850 3870 bic
1893 3819 2087 3890 abbre-

521 3893 691 3944 viatas
720 3889 921 3959 ponere
947 3889 1049 3945 fert
1081 3892 1288 3944 animus
1308 3931 1323 3954 ,
1371 3899 1429 3944 ut
1458 3892 1628 3957 palam
1666 3900 1734 3940 s.t
1763 3899 1961 3955 quanta
1989 3889 2084 3941 ui-

521 3962 662 4014 seria
691 3961 924 4014 involvat
955 3964 1227 4027 nu-rtales,
1260 3969 1399 4031 quod
1434 3961 1507 4013 illi
1540 3960 1655 4019 viri,
1687 3974 1827 4031 quos
1860 3961 2085 4031 sanctis-

523 4032 689 4084 simos
717 4032 951 4084 celebrat
977 4028 1289 4098 antiquitas,
1321 4031 1650 4093 Theodorus,
1690 4028 2085 4092 Berlhwaldus,

523 4099 758 4155 Joannes
791 4103 948 4168 Bosa,
997 4118 1093 4156 nec
1121 4118 1223 4155 non
1255 4114 1309 4156 et
1339 4103 1490 4155 Hilda
1533 4102 1805 4153 abba.issa
1833 4102 1920 4165 dig
1944 4098 2089 4149 adia-

522 4170 619 4223 bili
649 4171 772 4225 odio
800 4172 1125 4239 impetierint
1156 4171 1458 4226 Wilfridqu
1483 4171 1627 4235 Deo,
1659 4184 1715 4223 ut
1738 4185 1801 4223 ex
1829 4182 1955 4222 ante
1980 4170 2064 4221 die

630 4245 900 4309 probatur,
931 4244 1380 4308 acceptissimum.
1422 4262 1438 4293 ι

597 4311 831 4365 Heddius
862 4313 911 4364 in
942 4309 1057 4362 Vita
1087 4310 1144 4364 S.
1178 4309 1427 4374 Willridi,
1457 4326 1571 4375 cap.
1626 4311 1726 4367 58,
1761 4325 1917 4378 quem
1969 4315 2097 4367 Mal-

525 4380 909 4454 mesburiensis
932 4380 1459 4454 teq_uitur,_longiore
1477 4383 1565 4433 lilo
1584 4392 1700 4435 acta
1728 4382 1885 4449 hujus
1908 4386 2096 4454 synodi

528 4451 803 4520 produxit,
830 4465 985 4518 quem
1018 4451 1105 4503 hic
1134 4449 1363 4518 adjicere
1395 4452 1558 4505 lubet.

603 4539 620 4571 ι
660 4522 714 4573 In
749 4522 915 4592 primo
938 4532 1077 4592 anno
1106 4522 1291 4575 Osredi
1342 4522 1480 4592 regis
1526 4523 1905 4588 Berctwaldus,
1949 4523 2095 4577 Can-

525 4600 818 4642 tuariorum
854 4589 1102 4642 Ecclesiae
1129 4602 1181 4644 et
1223 4606 1357 4658 pene
1390 4589 1549 4647 totius
1580 4593 2095 4647 Britanniscarcbie-

525 4659 806 4728 piscotius,
858 4660 925 4712 de
968 4670 1148 4712 austro
1201 4664 1443 4731 veniens,
1477 4658 1679 4713 habens
1728 4678 1790 4717 ex
1835 4674 2101 4731 praecepto

527 4731 829 4797 apostolica-
876 4731 1021 4783 sedis
1062 4730 1437 4796 aquilonalium
1473 4744 1647 4797 regem
1691 4745 1809 4785 cum
1840 4730 2103 4787 ’oninibus

525 4799 792 4871 episcopis
840 4802 1060 4871 suiset
1114 4800 1431 4866 abbatibus,
1484 4810 1538 4854 et
1570 4802 1727 4871 totius
1782 4804 1929 4871 regni
1988 4806 2104 4866 ejus

525 4869 874 4937 principibus,
926 4870 993 4922 ad
1025 4871 1331 4936 synodalem
1367 4871 1539 4923 locum
1570 4870 1637 4923 de
1685 4869 1862 4926 eausa'
1884 4875 1941 4925 ll.
1973 4872 2104 4927 Wil-

526 4938 646 4992 t'ridi
695 4941 930 5007 episcopi
959 4939 1241 5008 diligenter
1273 4942 1530 5006 invitare;
1561 4955 1612 4994 et
1642 4942 1709 4994 ita
1758 4942 1953 4997 factum
2000 4955 2102 4997 est.

525 5008 658 5061 Nam
690 5009 742 5062 in
772 5025 931 5062 unum
981 5010 1154 5065 locmu
1200 5012 1350 5079 juxta
1381 5011 1602 5063 ﬂuvium
1646 5011 1754 5065 Nid
1793 5016 1860 5066 ab
1899 5014 2107 5068 oriente

525 5080 852 5151 congregati,
887 5094 981 5132 rex
1009 5094 1129 5133 cum
1174 5080 1317 5142 suis,
1346 5090 1403 5134 et
1443 5090 1550 5133 tres
1574 5081 1813 5151 episcopi
1844 5083 1959 5150 ejus
1985 5097 2104 5136 cum

528 5148 831 5214 abbatibus,
865 5163 965 5202 nec
993 5164 1095 5203 non
1121 5159 1175 5203 et
1202 5152 1355 5205 beata
1382 5150 1617 5206 Aeltleda
1640 5148 1929 5214 abbatissa,
1966 5167 2106 5206 sem-

527 5232 625 5285 per
652 5219 814 5292 totius
847 5219 1133 5292 provincite
1159 5222 1504 5285 consolatrix,
1535 5222 1826 5292 Optimiquc
1856 5223 2107 5276 consilia-

529 5293 667 5360 trix;
706 5290 1066 5344 Berctwaldus
1094 5305 1302 5358 quoque
1347 5290 1781 5360 archiepiscopus
1812 5301 1865 5347 et
1898 5292 2102 5348 Wilfri-

530 5358 632 5431 ilus
660 5364 939 5431 episcOpus
972 5360 1126 5414 simul
1175 5365 1226 5413 in
1278 5374 1380 5431 una
1410 5360 1498 5415 die
1522 5358 1872 5415 advenerunt.
1906 5363 2107 5417 Deinde

530 5430 841 5485 sedentibus
868 5446 991 5500 rege
1032 5438 1087 5483 et
1113 5430 1377 5498 episcopis
1401 5444 1520 5483 cum
1565 5432 1892 5497 principibus
1922 5449 2105 5486 eorum

531 5503 586 5551 in
618 5501 733 5569 loco
758 5501 1022 5569 synodali,
1060 5501 1146 5552 tali
1196 5505 1355 5554 modo
1382 5500 1814 5569 archiepiscbpus
1853 5502 1996 5568 loqui
2029 5503 2107 5554 in-

530 5568 760 5634 cipiebat
779 5568 799 5620 :'
826 5572 1040 5623 Oremus
1092 5570 1360 5623 Dominum
1391 5570 1556 5621 Deum
1594 5578 1852 5636 nostrum,
1887 5581 1939 5623 ut
1968 5574 2109 5640 pacis

535 5641 857 5692 concordiam
892 5643 944 5693 in
989 5642 1223 5694 cordibus
1252 5640 1440 5693 nostris
1471 5656 1559 5708 per
1591 5639 1843 5706 Spiritum
1879 5639 2107 5693 sanctum

532 5709 814 5778 indulgeat.
864 5708 1125 5765 Habemus
1172 5713 1346 5775 enim,
1391 5727 1481 5781 ego
1509 5721 1557 5765 et
1604 5714 1776 5763 beatus
1828 5709 2107 5780 Wilfridus

534 5782 820 5848 cpiscopus,
851 5784 1039 5848 scripta
1083 5782 1551 5851 apostolicw'sedis
1597 5782 1832 5847 ραν-υἱωϊὶ
1872 5795 1993 5836 mea
2022 5798 2111 5853 per

2100 3220 2149 3284 ε

2186 1931 2310 1984 meis
2335 1948 2361 1985 c
2394 1933 2593 2007 duobus
2621 1936 2684 1987 ab
2710 1937 2990 1999 apostolica
3027 1936 3145 1989 sede
3169 1935 3386 2007 judigiis
3416 1934 3560 2007 optio
3590 1934 3757 2007 datur;

2185 2011 2358 2053 utrum
2388 2003 2657 2076 voluerint,
2683 2008 2895 2076 eligant,
2926 2017 3081 2059 utaut
3110 2002 3223 2057 cum
3252 2003 3504 2076 Wilfrido
3533 2002 3761 2076 episcopo

2183 2086 2359 2141 pacem
2382 2075 2539 2145 plane
2560 2072 2877 2145 perfecteque
2900 2077 3090 2131 ineant.
3123 2088 3168 2127 et
3206 2085 3371 2141 partes
3398 2072 3759 2145 Ecclesiarum,

2184 2158 2307 2208 quas
2338 2144 2459 2196 olim
2486 2144 2592 2212 ipse
2629 2143 2855 2216 regebat.
2887 2147 3019 2199 sicut
3059 2148 3310 2213 sapientes
3354 2159 3547 2216 mecum
3566 2143 3764 2213 judica-

2148 2231 2154 2237 ·
2184 2216 2366 2285 perint,
2390 2216 2693 2280 restituant;
2722 2226 2809 2268 aut
2837 2216 2881 2269 si
2911 2218 3007 2269 hoc
3050 2220 3297 2285 Optimum
3323 2215 3622 2275 noluissent,
3660 2228 3763 2265 om-

2184 2297 2283 2354 nes
2297 2284 2451 2336 simul
2478 2287 2545 2336 ad
2574 2286 2910 2351 apostolicam
2939 2284 3109 2341 sedem
3150 2296 3436 2354 pergerent,
3470 2284 3634 2350 ibique
3661 2298 3765 2334 ma-

2174 2352 2542 2425 jori‘con‘silio
2589 2354 2952 2425 dijudicentur.
3012 2356 3070 2410 Si
3116 2352 3397 2421 quis‘rero
3447 2364 3764 2425 contemnens

2186 2422 2346 2494 (quod
2376 2422 2530 2490 absit)
2564 2422 2798 2478 neutrum
2824 2442 2887 2479 ea:
2928 2427 3005 2480 his
3056 2426 3252 2479 duobus
3284 2426 3495 2494 implere
3531 2423 3762 2483 uoluerit,

2184 2493 2311 2565 {viai
2352 2508 2422 2565 8e,
2472 2495 2516 2546 si
2555 2511 2645 2548 rex
2674 2498 2737 2548 sit
2767 2506 2855 2549 aut
2887 2498 3067 2559 laicus,
3120 2513 3151 2547 a
3200 2493 3410 2565 corpore
3436 2502 3482 2547 et
3520 2495 3765 2565 sanguine

2186 2559 2376 2615 Christi
2406 2568 2931 2630 excommunicatum;
2961 2567 3004 2619 si
3032 2583 3144 2620 vero
3165 2559 3428 2632 episcopus
3461 2573 3546 2615 aut
3579 2559 3769 2632 presbyf

2187 2640 2261 2683 ter
2285 2633 2442 2703 (quod
2471 2644 2541 2687 est
2567 2638 2925 2690 exsecrabilius
2947 2646 2992 2689 et
3020 2638 3155 2690 dictu
3179 2630 3531 2702 horrendum),
3550 2630 3616 2686 ab
3639 2630 3768 2685 omni

2184 2702 2355 2777 gradu
2406 2704 2761 2777 ecclesiastica:
2806 2707 3073 2777 dignitatis
3125 2705 3417 2775 degradari.
3486 2703 3614 2777 Hcce
3650 2712 3769 2777 sunt

2174 2772 2380 2840 judicia
2402 2774 2697 2844 apostolica:
2734 2771 2890 2841 sedis',
2936 2778 3072 2831 brevi
3096 2771 3327 2830 sermone
3354 2775 3607 2843 exposita.
3650 2771 3768 2839 Epic

2183 2845 2333 2910 scepi
2361 2858 2491 2898 vero
2520 2845 2856 2913 resistentes,
2889 2847 3135 2900 dixerunt
3160 2864 3174 2897 :
3202 2846 3352 2911 Quod
3380 2845 3771 2913 prwdecessora

2182 2914 2347 2985 nostri
2362 2916 2483 2967 olim
2506 2912 2803 2985 theodorus
2821 2916 3235 2985 archiepiscopus
3263 2916 3323 2968 ab
3346 2912 3637 2985 apostolica
3659 2912 3772 2965 sedc

2184 2983 2415 3054 emissus,
2445 2994 2490 3054 e_t
2518 2982 2760 3054 chridus
2785 3002 2879 3040 rex
2904 2982 3226 3049 censuerunt,
3251 2995 3297 3039 et
3322 2982 3492 3052 postea
3516 2984 3569 3037 in
3598 2997 3771 3054 campo

2182 3054 2270 3136 qui
2302 3052 2564 3135 εμπ-εἰςειά
2595 3050 2803 3136 dicitur,
2849 3072 2953 3110 una
2997 3057 3267 3136 nobiscum
3292 3050 3434 3136 ‘pene
3477 3055 3633 3133 totius
3660 3050 3773 3103 Bri-

2186 3125 2383 3197 tannite
2403 3124 2644 3197 episcOpi,
2678 3140 2873 3197 suaque
2901 3124 3639 3197 archiepiscopaliiprwsentia
3686 3137 3774 3197 ea;-

2185 3192 2546 3266 cellentissima
2575 3210 2687 3246 cum
2732 3192 2849 3265 rege
2890 3192 3092 3263 Alfrido
3113 3192 3481 3266 judicavimus,
3522 3192 3774 3266 quomodo

2181 3264 2452 3315 immutare
2497 3265 2609 3332 quis
2637 3263 2840 3320 valeat?
2883 3266 3082 3319 Interea
3112 3263 3287 3318 autem
3321 3263 3626 3332 beatissima
3654 3264 3775 3315 Ael-

2182 3332 2316 3385 lleda
2372 3330 2637 3387 abbatissa
2694 3334 2983 3389 benedicto
3037 3350 3130 3387 ore
3177 3349 3275 3388 suo
3325 3334 3501 3387 dixit:
3542 3330 3672 3385 Vere
3722 3332 3774 3382 in

2183 3402 2383 3456 Christo
2412 3403 2527 3455 dico
2551 3415 2908 3457 testamentum
2934 3403 3121 3470 Alfridi
3144 3406 3275 3473 regis
3299 3406 3351 3457 in
3370 3420 3428 3456 ea
3454 3403 3773 3473 inﬁrmitate,

2181 3487 2283 3540 qua
2320 3474 2483 3544 vitant
2511 3472 2668 3544 (inibit
2690 3518 2702 3537 ,
2729 3478 2815 3544 qui
2847 3486 3016 3529 uotum
3044 3476 3168 3527 vovit
3203 3471 3307 3527 Deo
3337 3483 3384 3528 et
3418 3482 3596 3525 sancto
3625 3471 3777 3525 Petro

2184 3544 2355 3594 dicens
2380 3560 2392 3594 :
2423 3541 2926 3608 tSi'vixero,omnia
2942 3545 3139 3613 judicia
3162 3547 3465 3613 apostolica:
3480 3544 3647 3613 sedis,
3664 3556 3779 3612 qure

2184 3622 2340 3685 antea
2368 3614 2516 3685 renui
2549 3614 2769 3679 audire,
2804 3616 2870 3670 de
2901 3611 3057 3670 beato
3086 3611 3340 3685 epi~copo
3373 3611 3650 3678 Willrido,
3687 3611 3780 3685 ita;

2189 3681 2364 3749 plebo.
2393 3682 2448 3737 Si
2502 3693 2677 3739 tamen
2712 3686 2850 3739 diem
2902 3680 3137 3749 obiero;
3168 3685 3329 3740 dicite
3361 3693 3537 3738 tamen
3572 3680 3778 3737 hatredi

2188 3766 2310 3825 meo
2332 3753 2383 3825 in
2413 3757 2627 3825 nomine
2657 3756 2898 3819 Domini,
2932 3766 2990 3810 ut
3017 3772 3114 3825 pro
3160 3756 3397 3810 remedio
3423 3755 3618 3808 animm
3647 3767 3777 3807 mete

2185 3820 2448 3895 judicium
2486 3824 2554 3878 de
2584 3824 2827 3880 Willrido
2856 3820 3110 3895 episcopo
3144 3827 3493 3894 apostolicum
3518 3825 3776 3893 repleat.»

2197 3891 2323 3945 Hazc
2342 3908 2402 3945 ea
2427 3894 2673 3964 loquente
2697 3891 3055 3951 Berectlridus
3075 3891 3353 3964 pne—fectus
3372 3896 3510 3962 regis
3534 3891 3785 3960 princeps

2190 3964 2522 4029 respondens
2550 3964 2718 4021 dixit:
2754 3966 2884 4019 Herc
2911 3975 2982 4017 est
3011 3968 3244 4019 voluntas
3266 3966 3398 4034 regis
3420 3975 3467 4016 et
3496 3964 3784 4034 principum

2191 4035 2325 4106 ejus,
2357 4042 2412 4106 ut
2436 4034 2690 4089 mandatis
2719 4036 3014 4106 apostolicae
3036 4037 3191 4106 sed‘s,
3222 4046 3270 4089 et
3296 4032 3563 4106 p'rwceptis
3596 4032 3785 4106 Alfridi

2192 4102 2407 4175 regisin
2437 4106 2669 4158 omnibus
2715 4102 3025 4159 obediamus.
3070 4104 3211 4158 Nam
3258 4102 3465 4175 quando
3516 4104 3569 4155 in
3605 4102 3784 4175 urbe.

2194 4188 2309 4241 qua:
2339 4174 2709 4244 Bebbamhurg
2739 4178 2952 4239 dicitur,
2984 4175 3192 4239 obsessi,
3225 4173 3279 4228 et
3311 4175 3537 4244 undique
3565 4173 3788 4226 circum-

2197 4245 2348 4315 cincti
2376 4245 2429 4298 in
2460 4244 2631 4298 hostili
2663 4243 2821 4299 manu
2862 4247 3197 4315 angustiaque
3221 4248 3363 4311 rupis
3396 4243 3617 4311 lapideae
3656 4258 3790 4315 man-

2196 4314 2376 4379 simus,
2410 4316 2532 4367 inito
2574 4317 2785 4369 consilio
2816 4313 2945 4369 inter
2988 4313 3180 4378 nospsi
3234 4316 3366 4368 Deus
3421 4324 3595 4367 nostro
3628 4313 3790 4381 regali

2199 4399 2356 4451 puero
2384 4399 2595 4452 regnum
2645 4388 2804 4449 patris
2850 4388 2927 4438 sui
2975 4388 3325 4448 concessisset,
3368 4400 3480 4452 qua:
3524 4384 3790 4436 mandavit

2201 4460 2376 4523 sancta
2425 4451 2707 4523 apostolica
2754 4457 3025 4509 auctoritas
3053 4457 3118 4508 de
3164 4456 3225 4510 S.
3265 4451 3512 4522 Wilfi'ido
3551 4454 3790 4523 episcopo

2204 4522 2483 4601 adimplere
2516 4522 2620 4601 ζ)ςο
2645 4526 3013 4601 spopondimus
3042 4543 3061 4581 :
3088 4536 3134 4579 et
3162 4527 3331 4579 statim
3361 4534 3473 4592 post.
3491 4533 3607 4575 uota
3635 4522 3789 4601 muta-

2206 4593 2269 4643 tis
2297 4593 2482 4644 animis
2511 4593 2830 4647 inimicorum
2860 4596 3057 4649 concito
3092 4612 3248 4649 cursu
3276 4611 3448 4648 omnes
3489 4608 3605 4644 cum
3632 4594 3785 4662 jura-

2204 4670 2373 4714 mento
2404 4662 2455 4713 in
2497 4663 2775 4717 amicitiam
2803 4678 3027 4719 nostram
3056 4667 3280 4719 conversi
3320 4672 3458 4726 sunt,
3494 4665 3684 4732 apertis
3704 4663 3791 4731 ja-

2204 4734 2318 4784 nuis
2340 4733 2402 4784 de
2421 4733 2662 4805 angustia
2683 4736 2880 4788 liberati
2900 4752 3094 4800 sumus,
3125 4735 3317 4805 fugatis
3333 4736 3552 4787 inimicis
3572 4734 3791 4800 nostris,

2203 4815 2416 4871 regnum
2444 4804 2751 4870 accepimus.

2282 4890 2300 4922 ι
2341 4871 2624 4941 Postquam
2657 4873 2771 4930 hanc
2800 4875 2960 4929 verba
3010 4874 3159 4928 ﬁnita
3209 4886 3353 4939 sunt,
3403 4873 3640 4943 episeopi
3686 4873 3790 4927 sibi

2204 4950 2391 4997 mutuo
2416 4945 2644 5009 separati
2697 4944 2765 4999 ab
2812 4945 2928 4998 aliis
2962 4944 3097 4999 inire
3144 4944 3425 4999 consilium
3471 4952 3790 5011 cmperunt;

2206 5011 2489 5079 aliquando
2528 5028 2648 5066 cum
2698 5015 2776 5067 eis
2819 5014 3277 5083 archiepiscOpus,
3324 5014 3612 5080 aliquando
3660 5029 3788 5068 vero

2205 5083 2597 5149 sapientissima
2624 5084 2771 5149 virgo
2800 5081 3034 5140 Aelﬂeda
3062 5102 3074 5137 :
3106 5081 3170 5140 et
3192 5085 3348 5151 hujus
3371 5085 3542 5138 sancti
3574 5084 3791 5139 concilii

2209 5150 2328 5224 talis
2360 5152 2479 5224 linis
2507 5153 2742 5211 exstitit,
2770 5166 2826 5207 ut
2853 5170 3039 5210 omnes
3059 5150 3296 5224 episcopi
3324 5162 3380 5208 et
3414 5170 3506 5208 rex
3533 5170 3656 5207 cum
3684 5154 3795 5224 suis

2206 5222 2549 5292 optimatibus
2579 5237 2722 5288 purae
2747 5225 2887 5292 pacis
2921 5222 3259 5280 concordiam
3285 5238 3405 5278 cum
3438 5237 3623 5280 sancto
3661 5223 3797 5278 Wil-

2207 5289 2615 5363 l'ridoepiscopo
2640 5289 2876 5359 inierint,
2906 5309 3065 5363 quam
3094 5296 3232 5349 inter
3261 5311 3320 5349 se
3348 5309 3515 5361 usque
3541 5298 3605 5349 ad
3629 5293 3792 5349 ﬁnem

2207 5362 2332 5433 vita:
2352 5374 2825 5433 conservaverunt.
2853 5362 3138 5419 reddentes
3177 5366 3225 5418 ei
3257 5365 3361 5417 duo
3387 5366 3583 5433 optima
3611 5379 3793 5419 emno-

2208 5430 2315 5504 bia,
2342 5447 2457 5504 qua:
2483 5435 2532 5485 in
2562 5432 2775 5504 llltipis
2798 5447 2851 5488 et
2876 5435 2930 5489 in
2959 5435 3378 5504 llagustaldeuse
3402 5430 3521 5487 cum
3546 5436 3795 5487 omnibus

2207 5502 2467 5556 reditibus
2491 5503 2623 5557 suis.
2657 5502 2721 5556 Et
2748 5504 2833 5557 illa
2864 5504 2950 5559 die
2992 5502 3180 5559 omnes
3219 5504 3455 5572 episeopi
3483 5520 3539 5558 se
3563 5505 3790 5557 invicem

2207 5575 2511 5627 osculantes
2561 5583 2614 5626 et
2664 5576 3068 5642 amplexantes.
3132 5590 3432 5643 panemque
3490 5575 3792 5643 frangentes

2207 5644 2774 5717 communicaverunt;
2825 5653 2881 5717 et
2933 5647 3401 5717 gratiasagentes
3447 5644 3565 5717 Deo,
3617 5648 3791 5699 omnis

2209 5711 2365 5780 hujus
2417 5712 2761 5771 beatitudinis
2781 5757 2795 5782 ,
2850 5715 2904 5770 in
2937 5711 3078 5788 'pace
3108 5711 3306 5771 Christi
3335 5715 3403 5770 ad
3434 5730 3525 5769 sua
3557 5716 3669 5770 loca
3712 5731 3788 5768 reo

2208 5795 2469 5839 mearunt.
2486 5802 2504 5834 1
