4000 6334
2558 510 2576 518 -
2949 515 2955 522 .
3135 513 3500 522 -_______.

276 507 3512 572 iiiis—aiis:—

1560 654 1722 696 ANNO
1766 651 1991 693 DOMINI
2031 652 2261 694 DCCV“.

854 819 2255 1046 JOANNES
2364 827 2818 1041 VII
2868 987 2931 1082 ν

1460 1167 1840 1230 nonanus
1886 1164 2312 1228 PONTIFEX.
2403 1148 2593 1247 705
2625 1146 2763 1211 -ις

2171 1323 2212 1332 ..-

1020 1416 1454 1494 NOTITIA
1515 1415 1620 1490 IN
1678 1413 2157 1491 JOANNEM
2221 1414 2551 1490 PAPAM
2611 1414 2789 1491 VII.

1702 1651 1833 1711 (Lib.
1861 1650 2108 1714 Pontilie.)

336 1874 361 1902 ι
386 1864 621 1920 Joannes
669 1862 761 1917 Vll
811 1861 1029 1917 natione
1077 1860 1335 1925 Grmcus,
1387 1870 1541 1931 patre
1580 1860 1800 1919 Platone
1826 1903 1839 1929 ,
1872 1871 1927 1930 Α
1952 1880 2054 1934 que
2080 1867 2191 1921 auri
2223 1875 2277 1921 et
2305 1868 2507 1935 argenti
2531 1870 2884 1938 quantitatem
2917 1872 3135 1928 niultam
3160 1880 3448 1948 expendit,
3479 1895 3533 1937 et

270 1958 397 2015 sedit
419 1972 591 2012 annos
623 1971 685 2021 tr,
716 1969 930 2012 menses
976 1969 1048 2009 vn
1078 1997 1093 2021 ,
1143 1955 1259 2009 dies
1289 1970 1417 2009 xvn.
1445 1953 1463 1987 ¹
1499 1953 1624 2010 Fuit
1669 1963 1845 2011 autem

270 2055 597 2124 temporibus
621 2053 825 2109 Tiberii
850 2053 1073 2125 Augusti
1098 2061 1153 2106 et
1175 2052 1458 2109 Iustiniani
1486 2054 1844 2123 imperatoris,

269 2150 343 2203 vir
369 2147 792 2210 eruditissimus,
837 2155 887 2203 et
936 2144 1194 2199 facundus
1237 2144 1561 2213 eloquentia.
1600 2145 1694 2199 llic
1726 2146 1849 2200 fecit

270 2241 553 2293 oratorium
582 2248 785 2293 sanctae
816 2239 905 2292 Dei
930 2238 1370 2293 Ccnitricisintra
1394 2240 1674 2294 ecclesiam
1707 2239 1847 2295 beati

272 2331 404 2387 Petri
424 2332 681 2403 apostoli,
714 2331 866 2402 cujus
893 2330 1122 2399 parietes
1174 2332 1383 2385 musico
1410 2330 1676 2399 depinxit.
1708 2331 1847 2386 Illico

1952 1958 2343 2014 venerabilium
2375 1960 2590 2015 Patrum
2623 1961 2807 2016 dextra
2841 1962 3077 2035 laevaque
3127 1969 3303 2024 Vultus
3342 1975 3530 2029 erexit.

1954 2050 2049 2105 llic
2080 2053 2403 2107 restauravit
2432 2052 2706 2109 basilicam
2726 2064 2927 2109 sancta:
2953 2056 3203 2125 Eugeniae
3231 2076 3349 2128 qua:
3375 2063 3533 2134 longo

1955 2158 2199 2213 tempore
2227 2146 2249 2177 ²
2286 2145 2497 2199 detecta
2530 2155 2689 2215 atque
2730 2145 2942 2216 dirupta
2994 2146 3186 2204 fuerat.
3244 2150 3528 2210 Laboravit

1951 2245 2134 2292 autem
2163 2249 2216 2291 et
2248 2235 2301 2290 in
2325 2237 2652 2292 coemeteriis
2685 2236 2961 2293 beatorum
2988 2250 3280 2312 martyrum
3313 2244 3531 2302 Marcel-

1957 2329 2049 2384 lini
2076 2338 2132 2385 et
2161 2328 2357 2393 Marci,
2410 2328 2732 2396 Datnasique
2779 2331 2948 2383 sancti
3007 2332 3290 2389 nontiﬁcis.
3328 2335 3352 2373 δ
3384 2336 3533 2392 Fecit

1484 2442 1873 2498 VARIANTES
1912 2439 2199 2497 LECTION
2208 2439 2310 2495 ES.

338 2541 351 2571 ²
383 2540 467 2594 Al.
500 2554 612 2592 om.
643 2549 678 2590 ι’
695 2540 768 2591 uit
795 2548 1054 2592 autem...
1082 2538 1423 2602 imperatoris.

2015 2535 2036 2565 ³
2082 2535 2191 2598 AL,
2222 2534 2457 2587 distecta.

1615 2624 1973 2682 VARIORUM
2013 2622 2245 2680 ΝΟΤᾸΞ.

335 2735 360 2762 ι
389 2724 618 2779 Joannes
662 2723 736 2778 Vl
748 2721 797 2777 1.
839 2721 993 2778 Sedis
1012 2721 1334 2791 Apostolicaa
1358 2722 1690 2791 vacationem
1722 2730 1842 2791 post

269 2806 495 2850 mortem
526 2794 748 2850 Joannis
780 2792 868 2860 Vl,
903 2790 1072 2859 usque
1107 2792 1171 2845 ad
1203 2793 1423 2846 alterius
1444 2790 1666 2846 Joannis
1697 2790 1838 2845 ordi-

268 2866 558 2927 nationem,
605 2865 827 2922 cataloai
858 2872 912 2919 et
951 2862 1120 2916 Codd.
1156 2876 1348 2932 magno
1400 2875 1668 2917 consensu
1708 2860 1842 2915 deli-

270 2938 413 2989 niunl
444 2937 604 2990 unius
643 2934 865 2999 mensis,
902 2948 965 2986 ac
1017 2933 1223 2986 dierum
1275 2932 1594 2997 octodecim,
1645 2940 1841 3000 praeter

267 3007 570 3075 eatalogum
602 3005 965 3075 Veronensem
993 3017 1099 3056 uno
1123 3001 1300 3075 minus
1326 3002 1413 3058 die
1441 3010 1834 3075 numerantem,

268 3076 404 3142 quod
447 3071 703 3142 procedit
756 3074 988 3129 exclusis
1020 3072 1273 3127 extremis
1300 3114 1314 3139 ,
1373 3083 1429 3126 et
1472 3071 1838 3128 Colbertinum

271 3149 479 3199 tertium
503 3156 688 3205 aperte
708 3143 1045 3205 mendosum,
1064 3158 1185 3197 nam
1210 3143 1327 3197 dies
1354 3152 1600 3197 numerat
1618 3142 1839 3197 omnino

270 3217 497 3281 triginta.
534 3216 699 3270 Recte
739 3216 901 3285 igitur
942 3228 1036 3285 per
1084 3214 1509 3285 nosconstituta
1540 3214 1626 3285 die
1664 3227 1842 3285 emor—

271 3287 389 3339 tuali
444 3283 858 3352 praedecessoris
891 3285 950 3339 ll
998 3283 1250 3352 januaril,
1306 3284 1423 3338 dies
1478 3283 1838 3337 ordinationis

269 3355 487 3410 Joannis
520 3355 608 3411 \‘ll
638 3371 731 3423 per
758 3370 817 3409 se
857 3365 1031 3422 patet;
1065 3355 1258 3423 quippe
1285 3354 1351 3408 ab
1392 3354 1453 3409 Η
1488 3353 1704 3407 Januar.
1734 3353 1840 3407 705

1945 2729 2057 2792 net,
2108 2718 2246 2792 inter
2284 2734 2343 2774 se
2391 2720 2544 2792 valde
2587 2720 2911 2792 discrepant.
2970 2722 3208 2791 Catalogi
3259 2725 3519 2792 siquidem

1945 2789 2272 2844 Veronensis
2300 2798 2353 2860 et
2379 2790 2719 2845 Colberlinus
2736 2789 2917 2846 sextus
2945 2792 3143 2847 habent
3161 2789 3375 2849 menses
3395 2812 3486 2849 vm
3508 2814 3521 2860 ;

1944 2859 2612 2931 Bergomas,iLucensis.
2672 2860 2978 2924 Farl‘eusis.
3041 2874 3151 2918 tres
3205 2859 3516 2931 Colliertini,

1942 2940 2188 2999 quartus,
2219 2930 2437 3000 quintus
2464 2940 2517 2985 et
2544 2937 2824 2999 septimus,
2858 2947 2962 2987 una
3014 2950 3131 2987 cum
3190 2933 3358 2989 Codd.
3410 2930 3525 2992 vul-

1941 3010 2086 3069 gata,
2113 3000 2374 3072 ambobus
2401 3000 2765 3067 Freherianis,
2797 3002 3023 3057 Tbuano
3045 3004 3238 3068 altero,
3272 3006 3517 3072 Cavensi,

1944 3081 1997 3141 et
2026 3071 2377 3138 Farnesiano,
2408 3087 2623 3126 menses
2654 3088 2763 3139 vn;
2802 3073 3383 3141 Palatino-Vaticanus,
3412 3077 3520 3131 duo

1943 3139 2238 3216 Colbertini
2283 3143 2705 3216 secundus,_et
2755 3144 2959 3216 tertius,
3011 3160 3130 3216 cum
3185 3139 3519 3216 Codd.lteg.

1945 3211 2508 3283 Mazarinot'l‘buano
2540 3213 2744 3283 primo,
2780 3214 3130 3269 Ambrosiano
3163 3217 3287 3269 item
3321 3211 3514 3283 primo,

1943 3283 2135 3350 quibus
2161 3282 2481 3350 suﬂ‘ragatnr
2533 3282 2927 3351 Luitprandus.
2978 3300 3190 3339 menses
3222 3300 3291 3340 vr.
3324 3282 3406 3341 Ex
3438 3287 3520 3342 his

1943 3366 2072 3407 vero
2093 3362 2208 3424 tam
2240 3355 2398 3424 variis
2446 3354 2796 3424 epinionibus
2824 3357 3001 3424 potior
3051 3354 3191 3409 haud
3221 3356 3384 3411 dubie
3432 3366 3516 3411 est

271 3442 357 3491 per
395 3412 652 3481 mensem.
668 3441 830 3479 unum
859 3412 1095 3492 'diesque'
1112 3412 1408 3494 octodecim
1436 3424 1835 3489 interpontilicii
1872 3412 1915 3473 Β
1941 3437 2058 3494 qum
2078 3422 2271 3478 Joanni
2300 3412 2724 3479 tribuit'menses
2751 3412 2840 3479 vn:
2874 3424 3186 3494 Paritcrque
3220 3426 3357 3481 inter
3384 3426 3517 3481 alias

268 3496 663 3559 descendendo,
678 3494 1136 3549 Calendaelllartite
1148 3493 1506 3557 offenduntur.
1520 3508 1639 3561 qua:
1651 3495 1840 3549 eodem

267 3580 401 3619 anno
427 3567 533 3622 705
573 3581 692 3618 eum
725 3564 994 3618 Dominiea
1034 3564 1448 3625 concurrebant,
1484 3564 1646 3618 utlit.
1690 3563 1837 3618 dom.

268 3634 309 3687 D
348 3636 504 3691 (idem
554 3634 701 3690 facit.
732 3635 967 3705 Easdem
992 3634 1255 3688 Kalendas
1288 3635 1503 3688 Martias
1552 3643 1607 3689 et
1648 3634 1841 3705 Pagius

268 3707 500 3761 tribuere
566 3705 891 3759 ordinationi
940 3703 1160 3759 JOannis
1208 3714 1290 3758 est
1342 3706 1684 3773 compulsus,
1718 3703 1841 3773 quia

269 3778 469 3828 nullum
531 3775 726 3831 festum
774 3775 913 3829 diem
970 3775 1154 3829 habuit
1208 3775 1451 3838 obvium,
1504 3775 1645 3843 quod
1688 3789 1837 3828 suam

266 3845 676 3915 Cbronologiam
707 3853 961 3914 aequaret.
991 3845 1127 3912 Quid
1172 3845 1333 3898 vero?
1382 3844 1838 3915 Quemadmodum

266 3917 308 3968 is
335 3918 480 3970 bidui
529 3914 753 3971 retraxit
800 3914 1192 3970 ordinationem
1226 3915 1660 3981 prtedecessoris,
1695 3914 1841 3984 ejus-

263 4000 362 4053 que
390 3987 807 4055 depositionem,
842 3987 913 4037 ita
964 3985 1106 4039 bidui
1163 3999 1301 4038 nunc
1330 3985 1494 4040 distat
1524 3985 1592 4039 ab
1646 3985 1836 4039 iisdem

267 4055 517 4111 Kalendis
560 4056 784 4109 Martiis.
818 4055 947 4109 Illud
980 4068 1107 4108 vero
1137 4068 1192 4109 ut
1219 4064 1502 4122 reruperet
1531 4064 1647 4108 arte
1674 4057 1839 4110 utitur

266 4127 415 4193 plane
460 4126 756 4195 singulari,
790 4141 947 4195 quam
982 4125 1147 4191 ipsius
1203 4127 1378 4195 verbis
1437 4125 1835 4195 proponendam

267 4194 628 4266 arbitror-hiut
647 4194 842 4266 legenti
872 4196 940 4266 sit
984 4196 1247 4263 patentior
1277 4212 1288 4247 :
1326 4194 1535 4266 Verum,
1567 4194 1738 4262 inquit
1773 4194 1841 4251 de

265 4264 717 4334 interpentiﬂcio,‘
736 4266 847 4318 loco
875 4265 988 4336 dies
1011 4280 1144 4317 xvm
1176 4265 1443 4336 legendum
1472 4264 1723 4336 die§_x_tx,
1752 4281 1839 4319 ex-

264 4332 412 4391 cluso
426 4339 584 4389 etiam
605 4336 688 4390 die
708 4335 971 4390 emortuali
988 4346 1092 4388 tam
1111 4352 1141 4389 a
1162 4332 1280 4388 sede
1306 4334 1522 4389 Joannis
1561 4332 1661 4402 Vl,
1690 4350 1839 4402 quam

265 4407 320 4459 ab
347 4407 745 4475 interpontiﬁcio
768 4447 782 4471 ,
815 4409 958 4476 isque
988 4421 1130 4458 error
1180 4416 1235 4458 ut
1280 4409 1495 4469 videtur,
1540 4405 1837 4476 tribuendus

265 4479 561 4532 Anastasio.
592 4478 708 4531 Duo
748 4476 835 4531 hic
875 4475 1075 4537 peccat
1105 4476 1185 4528 vir
1216 4476 1636 4541 eruditissimus,
1684 4475 1841 4544 idque

267 4562 328 4601 eo
356 4548 498 4616 quod
533 4547 762 4601 removit
790 4546 1175 4600 ordinationem
1221 4559 1250 4599 a
1298 4546 1383 4601 die
1415 4546 1717 4609 Dominica;
1752 4560 1840 4598 ar-

264 4620 369 4683 guit
393 4632 590 4684 nempe
609 4616 806 4671 erroris
822 4624 985 4671 totam
1009 4619 1369 4685 catalogorum
1396 4626 1450 4670 et
1471 4616 1723 4670 Codicum
1756 4629 1842 4671 se-

265 4689 415 4747 riem,
459 4702 597 4757 eque
642 4689 756 4740 suis
786 4687 955 4740 thecis
979 4701 1136 4740 unam
1160 4688 1297 4740 eruit
1323 4686 1486 4752 diem,
1513 4695 1571 4739 ut
1612 4686 1834 4757 hiatum,

262 4757 306 4812 si
348 4759 460 4811 ﬁeri
495 4755 686 4826 possit,
720 4758 1017 4824 compleat;
1044 4771 1272 4825 cumque
1317 4758 1489 4810 adhuc
1526 4756 1667 4810 desit
1717 4755 1835 4812 dies
1863 4756 1909 4819 C

265 4843 381 4890 una,
434 4829 792 4882 emortualem
841 4828 1061 4881 Joannis
1093 4826 1154 4878 Vl
1219 4827 1393 4895 perire
1441 4826 1620 4894 jubet;
1673 4842 1830 4892 quam

263 4902 504 4963 proiecto
526 4902 572 4952 si
606 4900 780 4967 perire
820 4898 1051 4964 iusserat
1085 4905 1203 4964 post
1248 4898 1510 4965 Sergium,
1544 4898 1829 4951 consensui

262 4969 516 5022 Codicum
545 4978 599 5022 et
629 4970 989 5037 catalogornm
1019 4984 1139 5019 eum
1183 4967 1449 5019 adversari
1483 4982 1586 5022 non
1616 4974 1831 5037 oporte-

261 5037 379 5092 bat:
415 5055 540 5092 nam
591 5053 621 5091 a
669 5040 756 5093 die
785 5036 823 5093 9
846 5037 1176 5105 Septembris
1222 5054 1252 5091 ι.
1291 5037 1406 5091 dies
1436 5053 1743 5099 numerans,
1778 5036 1829 5089 in

259 5108 662 5177 interpontilicii
693 5118 931 5163 extrema
961 5108 1032 5160 9.9
1069 5108 1343 5171 Octobris,
1374 5122 1491 5176 qua:
1522 5108 1740 5161 Joannis
1767 5106 1829 5160 Vl

258 5182 650 5234 ordinationem
697 5179 1029 5249 praecessit,
1065 5178 1378 5249 desinebat;
1414 5182 1507 5249 “ita
1556 5188 1730 5249 tamen
1770 5185 1830 5230 ut

260 5250 612 5303 emortualem
658 5246 857 5318 ipsam,
885 5264 981 5302 seu
1002 5246 1353 5317 depositionis
1394 5247 1535 5301 diem
1568 5248 1637 5301 ab
1662 5249 1829 5318 inter-

260 5321 533 5387 poutilicio
558 5317 891 5384 excluderet,
915 5333 1144 5386 cumque
1170 5319 1338 5387 Sergii
1384 5320 1511 5373 sede
1551 5317 1831 5388 conjunge-

256 5390 517 5457 ret.Quod
546 5392 591 5443 si
623 5398 804 5445 tantus
827 5388 1251 5444 Codd.omnium
1282 5402 1576 5444 consensus
1609 5387 1829 5459 Pagium

258 5460 516 5527 compulit
546 5460 611 5513 ad
643 5460 789 5515 diem
842 5460 1197 5513 ordinationis
1246 5470 1391 5513 reetc
1451 5458 1827 5513 stabiliendum

255 5528 500 5586 Kalendis
526 5530 758 5595 Martiis,
776 5531 887 5599 pari
919 5530 1229 5583 earumdem
1253 5529 1561 5599 constantia
1581 5529 1631 5582 in
1654 5542 1827 5599 emor-

257 5602 378 5655 tuali
407 5602 496 5657 die
526 5598 835 5655 definienda
861 5600 927 5654 l8
947 5600 1214 5664 Octobris,
1232 5599 1355 5654 hinc
1375 5598 1595 5653 Joannis
1616 5598 1821 5653 exitum

254 5673 511 5727 removeri
535 5686 643 5725 non
677 5684 832 5737 posse
860 5670 1142 5737 evincitur,
1166 5669 1420 5739 quidquid
1436 5669 1565 5722 mira
1589 5668 1657 5722 de
1678 5668 1822 5722 sedis

254 5742 529 5797 duratione
573 5742 843 5796 dissensio
870 5755 1026 5795 secus
1070 5741 1309 5794 suadeat.
1342 5740 1407 5794 Et
1455 5754 1584 5793 sane
1633 5754 1821 5792 omnes

254 5828 377 5879 quos
407 5811 517 5866 vidi
541 5810 781 5867 Codd.et
797 5811 1025 5880 catalogi
1054 5809 1503 5865 tribuuutJoanni
1530 5808 1614 5862 νιι
1643 5809 1821 5880 ponti-

259 5886 442 5940 licatus
473 5898 645 5939 annos
670 5899 708 5938 tt
729 5900 743 5950 ;
768 5883 833 5939 ad
864 5879 1076 5937 menses
1102 5891 1282 5936 autem
1312 5891 1364 5937 et
1392 5880 1508 5935 dies
1536 5880 1674 5949 quod
1703 5879 1826 5934 atti-

1948 3493 2173 3565 aliorum
2203 3494 2496 3565 sententias
2527 3495 2594 3549 de
2624 3496 2828 3549 dierum
2866 3493 3123 3562 numero,
3171 3511 3232 3549 ea
3275 3497 3517 3565 eligenda

1946 3561 2048 3617 fuit
2071 3564 2599 3634 quieqseptemdecim
2634 3574 2896 3619 numerat.
2931 3561 3137 3621 Etenim
3169 3561 3398 3621 Joannes
3430 3567 3519 3620 Vll

1945 3632 2495 3698 anno'705,Kalendis
2520 3633 2743 3702 Martiis,
2766 3636 3357 3704 ordiuatus,postquam
3375 3636 3513 3690 sedit

1945 3719 2113 3759 annos
2146 3719 2205 3769 ιι,
2237 3719 2449 3760 menses
2479 3720 2570 3769 vit,
2604 3704 2720 3759 dies
2769 3720 2896 3768 xvn,
2930 3721 2995 3759 xv
3029 3705 3143 3759 Kal.
3177 3705 3512 3773 Novembris,

1944 3786 2039 3828 seu
2089 3775 2155 3827 l8
2207 3775 2473 3838 Octobris,
2524 3775 2763 3844 sepultus
2791 3784 2872 3829 est
2920 3776 2984 3828 ad
3037 3777 3249 3830 beatum
3299 3775 3513 3829 Petrum

1946 3845 2271 3915 apostolum,
2322 3845 2610 3900 illdiCliOlle
2658 3846 2716 3915 6,
2765 3861 2857 3900 seu
2905 3860 3044 3899 anno
3075 3845 3201 3915 707,
3244 3852 3301 3899 ut
3356 3845 3517 3900 tradit

1943 3914 2276 3969 Anastasius.
2305 3916 2531 3970 Census.

2034 3985 2264 4038 Joannes
2329 3984 2465 4039 VII.
2524 3986 2895 4041 Pontiﬁcatum
2954 3983 3178 4055 adeptus
3232 3995 3313 4039 est
3378 4001 3517 4041 anno

1941 4052 2138 4109 Christi
2170 4056 2296 4120 705,
2325 4058 2489 4119 prima
2532 4055 2621 4109 die
2647 4057 2838 4122 Martii,
2881 4056 2968 4109 cui
3002 4052 3189 4111 recens
3215 4056 3387 4112 electo
3410 4057 3512 4111 hoc

1943 4139 2108 4197 prope
2157 4125 2475 4179 miraculose
2530 4126 2773 4193 contigit,
2806 4136 2862 4178 ut
2908 4127 3067 4179 homo
3095 4125 3312 4181 Graecus
3338 4142 3501 4197 opera

1944 4194 2251 4248 Graecorum
2282 4210 2313 4249 e
2358 4210 2581 4251 numero
2611 4197 2958 4251 cardinalium
3006 4197 3226 4250 aliorum
3278 4196 3328 4251 in
3373 4194 3501 4251 sede

1943 4265 2236 4333 apostolica
2286 4265 2599 4334 collocatus,
2630 4266 2980 4334 apostolicum
3031 4265 3273 4335 spiritum
3333 4268 3507 4321 luere-

1943 4336 2212 4406 ditaverit,
2262 4345 2420 4406 atque
2477 4335 2779 4406 imperatori
2838 4336 3111 4401 haeretico,
3155 4336 3495 4392 conciliabuli

1941 4404 2563 4473 Constantinopolitani,
2587 4407 2655 4461 de
2685 4423 2790 4477 quo
2819 4422 3001 4475 supra,
3035 4407 3498 4461 conﬁrmationem

1946 4477 2170 4547 petenti,
2195 4491 2527 4547 nequaquam
2559 4478 2903 4547 acquieverit.
2946 4478 3041 4531 Bm
3062 4488 3109 4531 et
3134 4477 3295 4531 ωηο.

2013 4545 2242 4619 Joannes
2297 4545 2429 4619 VLII.
2474 4545 2973 4619 Platonedanidega
3004 4555 3151 4619 patre
3176 4557 3349 4611 natus,
3380 4546 3515 4619 [105:

1944 4617 2059 4670 sani
2092 4617 2292 4685 Magna:
2315 4616 2557 4682 Graecini,
2607 4629 2659 4670 et
2685 4616 2935 4672 Calabria
2963 4618 3115 4673 dictae
3140 4658 3155 4681 ,
3180 4630 3351 4681 ortus,
3396 4616 3507 4670 XIV

1940 4700 2079 4809 ἕψει
2140 4686 2431 4755 regilieola,
2466 4688 2720 4741 diaconus
2747 4688 3032 4741 cardinalis
3088 4697 3285 4743 sancta:
3336 4687 3514 4742 Maria:

1985 4771 2118 4809 ovzc.
2152 4758 2293 4809 sedit
2320 4771 2488 4809 annos
2517 4773 2572 4809 ιι.
2603 4772 2812 4809 menses
2841 4772 2936 4809 vn.
2965 4758 3080 4809 dies
3101 4773 3196 4809 ιιι.
3221 4767 3434 4809 creatus
3463 4769 3514 4809 et

1985 4771 2118 4811 ovzc.
2152 4758 2293 4811 sedit
2320 4771 2488 4811 annos
2517 4773 2572 4822 ιι,
2603 4772 2821 4827 ιιιθηεεξ
2841 4772 2936 4827 vn,
2965 4758 3080 4812 dies
3101 4773 3196 4822 xu,
3221 4767 3434 4812 creatus
3463 4769 3516 4812 et

1944 4838 2291 4882 consecratus
2320 4828 2408 4881 die
2438 4827 2737 4893 Dominico,
2785 4826 2902 4882 Kal.
2959 4828 3155 4882 Martii.
3206 4828 3508 4883 Cucomus.

2013 4896 2038 4934 δ
2069 4896 2212 4951 Fecit
2235 4913 2349 4950 vero
2370 4907 2417 4950 et
2445 4898 2688 4967 imagines
2719 4914 2809 4968 per
2828 4899 3053 4951 diversas
3081 4899 3317 4951 ecclesias
3336 4938 3351 4962 ,
3384 4915 3513 4968 quas

1940 4969 2225 5035 quicunque
2254 4984 2401 5020 nosse
2436 4969 2690 5038 desiderat
2715 4971 2769 5021 in
2796 4969 2866 5021 eis
2897 4969 3009 5038 ejus
3038 4969 3231 5021 vultum
3262 4969 3512 5037 depictum

1937 5039 2389 5104 reperiet.Statute
2430 5047 2485 5093 et
2528 5037 2787 5106 imagines
2817 5037 3194 5106 imperatorum
3222 5038 3515 5092 adoraban-

1941 5117 2042 5178 tur,
2076 5118 2129 5161 et
2161 5108 2353 5170 oaSsim
2387 5107 2721 5176 ponebantur
2766 5108 2820 5178 in
2877 5110 3087 5178 templis
3132 5118 3185 5161 et
3220 5108 3353 5163 foro.
3386 5110 3515 5178 Arn-

1938 5176 2106 5245 bros.,
2140 5178 2419 5233 llexamer.
2447 5178 2542 5233 lib.
2572 5194 2647 5243 vr,
2679 5193 2727 5232 c.
2755 5177 2787 5232 9
2823 5197 2834 5231 :
2872 5176 2999 5234 Sola
3024 5194 3124 5234 tere
3162 5179 3278 5248 fusa
3322 5177 3514 5245 princi-

1938 5264 2059 5315 pum
2093 5260 2281 5317 capita,
2313 5259 2359 5302 et
2403 5250 2541 5303 ducti
2571 5247 2738 5301 vultus
2781 5249 2844 5302 de
2890 5266 3009 5312 tere,
3041 5250 3117 5302 vel
3145 5247 3413 5310 marmore,
3448 5249 3512 5299 ab

1939 5319 2225 5373 hantinibus
2265 5318 2568 5374 adorantur.
2626 5319 2790 5384 Idem,
2820 5319 2890 5374 de
2940 5319 3207 5384 Interpell.
3233 5358 3246 5378 ,
3282 5332 3397 5384 cap.
3428 5317 3461 5371 9
3495 5335 3510 5371 :

1942 5386 2071 5459 Vide
2099 5389 2526 5459 quemadmodum
2558 5390 2611 5442 in
2637 5389 2922 5443 civitatibus
2954 5386 3195 5453 bonorum
3222 5387 3511 5457 principum

1933 5458 2180 5529 imagines
2206 5466 2541 5528 perseverent,
2568 5458 2838 5529 deleantur
2864 5459 3107 5529 imagines
3146 5468 3507 5526 tyrannorum.

1933 5526 2216 5600 Corippus,
2247 5531 2312 5583 de
2339 5529 2540 5584 laudib.
2569 5527 2797 5597 Justin.,
2826 5530 2919 5585 lib.
2948 5526 3003 5582 Ill
3034 5544 3048 5580 :

2558 5679 2573 5691 .
2613 5680 2625 5692 .
2668 5679 2677 5690 .
2716 5678 2727 5689 .
2768 5679 2779 5690 .
2803 5641 2963 5689 Pictus
2983 5640 3169 5698 ubique

2140 5703 2436 5753 Justinianus
2459 5710 2587 5764 erat,
2611 5705 2817 5753 dominis
2840 5704 3021 5763 pictura
3050 5700 3293 5764 placebat,

2149 5764 2536 5828 Gaudebantque
2559 5763 2634 5815 Sui
2659 5763 2897 5827 genitoris
2920 5763 3136 5823 imagine
3158 5763 3278 5812 visa.

2963 5852 3299 5907 Amasenus.
