4022 6320
254 364 381 420 {52!

1123 358 1279 413 \‘lTA
1320 358 1418 416 SS.
1464 361 1818 427 PALDONIS,
1861 361 2149 418 TASONIS
2191 362 2276 417 ET
2316 362 2632 420 TATONIS.

3365 370 3502 428 15‘2‘2

252 477 323 533 tlli
353 484 510 542 atque
540 485 656 542 ejus
690 471 841 527 uxori
873 490 884 525 :
921 471 983 526 In
1012 488 1310 542 quacunque
1340 474 1420 528 die
1460 474 1728 527 comedetis
1759 475 1820 526 de
1854 480 1900 536 Α
1931 473 2153 540 tionem,
2179 475 2245 528 de
2271 475 2650 543 prmdicatione
2675 475 2739 526 ad
2764 475 3070 544 opprobria,
3099 476 3166 531 de
3190 479 3495 548 opprobriis

250 571 385 640 ligno
411 567 635 620 scientia:
661 566 779 618 boni
808 575 855 619 et
885 566 1042 632 mali,
1069 577 1231 619 morte
1260 567 1545 620 moriemini
1574 565 1724 635 (Gen.
1753 582 1788 620 tt
1809 608 1823 632 ,

251 659 361 727 l7).
387 656 516 724 Quae
539 657 789 713 videlicet
811 656 1074 711 sententia
1097 672 1202 710 non
1234 658 1403 712 solum
1433 659 1696 727 corporis,
1730 658 1824 712 sed

249 761 302 806 et
343 751 536 805 animae
568 760 794 805 mortem
835 749 1085 803 ostendit.
1131 750 1236 805 Sed
1267 751 1384 817 quia
1415 751 1828 820 benignissimus

253 844 396 898 Deus
426 843 696 910 serpentis
725 842 1064 896 suasionibus
1092 842 1464 897 miserabiliter
1491 843 1623 896 vidit
1655 843 1828 896 homi-

249 950 370 989 nem
405 933 688 1003 deceptum
710 977 723 1000 ,
758 933 1155 1002 fragiliorisque
1187 949 1306 989 esse
1336 935 1574 990 materiae
1608 935 1829 1004 figmen-

249 1036 387 1090 tum,
422 1025 596 1080 noluit
627 1026 767 1079 hunc
801 1042 923 1080 esse
955 1027 1004 1079 in
1043 1034 1300 1080 aeternum
1330 1027 1661 1080 damnatum.
1696 1026 1827 1081 Hinc

251 1114 390 1168 enim
440 1122 616 1168 actum
663 1125 779 1180 est,
831 1125 888 1168 ut
933 1116 1239 1184 unigenitus
1273 1116 1366 1170 Dei
1398 1117 1564 1170 Filius
1606 1130 1824 1171 carnem

247 1220 464 1262 sumens
497 1218 792 1263 moreretur
821 1224 916 1278 pro
947 1210 1100 1265 nobis
1122 1251 1136 1275 ,
1161 1224 1240 1264 'ue
1272 1224 1416 1264 mors
1452 1213 1652 1264 animae
1689 1211 1824 1264 ultra

247 1308 500 1368 regnaret
530 1301 582 1354 in
615 1302 801 1368 nobis,
835 1310 891 1355 ut
919 1302 1058 1371 quod
1090 1302 1143 1356 in
1174 1302 1341 1356 Adam
1374 1304 1776 1370 perdideramus
1806 1344 1820 1366 ,

247 1406 299 1445 tu
331 1390 548 1446 Christo
592 1393 973 1460 recipercmus.
1025 1392 1158 1446 lliuc
1204 1395 1347 1445 enim
1394 1393 1650 1460 scriptum
1699 1402 1822 1448 est:

243 1483 370 1536 Cum
402 1491 539 1536 venit
566 1484 827 1553 plenitudo
857 1486 1117 1551 temporis,
1137 1485 1271 1537 misit
1291 1484 1426 1538 Deus
1457 1483 1652 1537 Filium
1678 1500 1826 1538 suum

241 1576 430 1640 factum
463 1588 531 1626 ea:
560 1572 801 1638 muliere,
846 1575 1038 1643 factum
1079 1575 1169 1628 sub
1213 1574 1357 1643 lege,
1388 1585 1442 1627 ut
1485 1591 1567 1628 eos
1607 1577 1695 1644 qui
1735 1575 1824 1629 sub

242 1665 349 1734 lege
375 1673 524 1718 erant
549 1665 850 1730 redimeret,
880 1674 934 1718 ut
964 1667 1288 1734 adoptionem
1321 1667 1546 1732 ﬁliorum
1576 1667 1824 1734 recipere-

241 1773 351 1810 mus
399 1754 606 1825 (Galat.
637 1771 706 1821 tv,
739 1754 820 1828 4).
851 1757 955 1812 Sed
989 1774 1092 1825 quo
1123 1758 1398 1812 charitatis
1441 1757 1635 1811 ardore
1663 1757 1714 1810 id
1746 1757 1824 1812 le-

1929 565 1996 619 ad
2029 565 2238 636 ﬂagella
2259 608 2272 629 ,
2305 567 2372 621 de
2401 567 2627 636 flagellis
2657 567 2722 620 ad
2753 576 2940 635 sputa,
2973 569 3041 622 de
3071 570 3239 636 sputis
3269 571 3333 624 ad
3379 587 3498 627 cru-

1930 669 2046 709 cem
2072 695 2087 719 ,
2137 655 2203 710 de
2247 671 2408 710 cruce
2455 655 2522 710 ad
2567 656 2892 725 sepulturam
2934 659 3195 726 pervenit.
3239 660 3274 712 li
3304 664 3500 716 etenim

1928 754 2054 800 sunt
2080 763 2298 817 gressus
2331 748 2425 803 Dei
2458 749 2510 801 in
2543 757 2681 804 terra
2703 789 2718 814 ,
2753 748 2819 802 de
2847 750 3039 817 quibus
3073 750 3354 806 Psnlmista
3385 754 3497 808 ait:

1939 835 2046 890 Visi
2086 846 2202 891 sunt
2247 854 2448 908 gressus
2479 841 2582 905 tui,
2619 839 2783 903 Deus,
2812 839 3066 906 ingressus
3100 839 3195 892 Dei
3225 843 3321 893 mei
3350 840 3504 912 Regis

1928 928 2121 997 (Paul.
2156 946 2300 984 van
2322 970 2336 994 ,
2368 929 2438 982 25
2456 930 2501 997 ).
2558 931 2664 984 llos
2711 931 2998 984 imitandos
3032 945 3153 985 esse
3185 932 3505 987 denuntians

1931 1023 2120 1077 Petrus
2148 1025 2223 1077 ait
2257 1023 2501 1078 fidelibus
2533 1041 2546 1076 :
2579 1022 2812 1077 Christus
2842 1038 3027 1092 passus
3063 1031 3140 1076 est
3168 1040 3278 1091 .pro
3323 1025 3464 1078 nobis
3487 1065 3503 1088 ,

1927 1117 2066 1171 vobis
2109 1118 2396 1186 relinquens
2427 1118 2712 1184 exemplum
2744 1126 2796 1169 ut
2827 1117 3111 1183 sequamini
3155 1120 3364 1188 vestigia
3389 1124 3504 1191 ejus

1929 1209 1998 1281 (1
2033 1208 2148 1263 Pet.
2181 1226 2215 1263 ιι
2237 1251 2253 1275 ,
2283 1211 2344 1265 91
2376 1208 2416 1279 ).
2467 1211 2558 1264 llis
2603 1224 2663 1265 se
2696 1210 3034 1280 passionibus
3075 1213 3220 1281 sequi
3265 1212 3377 1281 ipsa
3410 1213 3506 1269 Via

1935 1307 2175 1361 insinuat
2208 1306 2392 1360 dicens
2425 1325 2437 1359 :
2470 1305 2527 1358 Si
2554 1307 2667 1376 quis
2697 1307 2805 1358 vult
2835 1315 2948 1374 post
2975 1321 3054 1359 me
3079 1306 3269 1371 venire,
3298 1308 3506 1378 abneget

1930 1397 2289 1467 semetipsum,
2319 1406 2363 1449 et
2393 1397 2538 1450 tollat
2567 1412 2765 1449 crucem
2797 1412 2942 1449 suam
2972 1396 3220 1465 quotidie.
3251 1406 3298 1450 et
3325 1414 3506 1467 sequa-

1928 1495 2015 1541 tur
2040 1504 2119 1541 me
2149 1488 2320 1557 (Luc.
2353 1504 2404 1541 ιιι
2428 1532 2440 1555 ,
2472 1487 2540 1539 2'5
2567 1487 2606 1556 ).
2657 1487 2725 1541 Et
2773 1486 2968 1542 Paulus
3016 1488 3089 1541 ait
3121 1506 3131 1538 :
3180 1486 3505 1543 Mihiautem

1927 1581 2056 1634 absit
2082 1581 2327 1650 gloriari,
2357 1579 2454 1635 nisi
2483 1579 2538 1632 in
2568 1594 2714 1632 cruce
2760 1577 2968 1632 Domini
3011 1579 3172 1632 nostri
3199 1576 3326 1632 Jesu
3353 1577 3506 1632 Chri-

1927 1672 2022 1735 sti,
2073 1687 2164 1738 per
2207 1686 2357 1738 quem
2402 1669 2526 1722 mihi
2576 1671 2795 1722 mundus
2843 1669 3116 1738 cruciﬁxus
3163 1679 3273 1734 est,
3321 1679 3366 1722 et
3414 1687 3505 1738 ego

1929 1762 2122 1815 mundo
2156 1759 2373 1832 (Gatat.
2411 1775 2493 1824 vt,
2528 1760 2595 1813 Η
2619 1759 2658 1828 ).
2711 1759 2750 1812 li
2798 1773 3012 1827 gressus
3057 1767 3234 1814 autem
3261 1768 3315 1814 et
3341 1774 3505 1830 angu—

247 1846 380 1900 cerit
412 1860 517 1914 pro
544 1848 720 1912 nobis,
753 1848 928 1902 nullus
962 1849 1134 1902 verbis
1165 1851 1398 1918 explicat
1424 1864 1486 1903 ex
1523 1848 1674 1902 nobis
1701 1866 1716 1911 ;
1746 1857 1821 1901 att
1851 1840 1898 1900 Β
1926 1863 2063 1906 stam
2097 1851 2471 1920 ingrediuntur
2497 1850 2670 1915 viam,
2700 1864 2818 1917 quas
2843 1849 2988 1903 ducit
3011 1849 3076 1903 ad
3106 1850 3288 1904 vitam.
3322 1848 3359 1903 li
3390 1865 3507 1903 am-

238 1937 380 1992 enim
413 1938 536 2005 ipse
565 1937 656 1992 Dei
690 1937 856 1993 Filius
887 1957 897 1990 :
933 1938 1024 1993 Sic
1055 1937 1191 1991 Deus
1231 1939 1408 1992 dilexit
1455 1940 1735 2000 mundum,
1768 1946 1822 1991 ut

243 2023 444 2079 Filium
474 2041 624 2079 suum
655 2029 966 2098 unigenitum
998 2029 1141 2080 daret
1169 2027 1365 2098 (.loan.
1401 2043 1491 2093 ιιι,
1527 2028 1594 2082 16
1616 2029 1658 2094 ).
1690 2027 1825 2082 Hinc

241 2116 440 2171 iterum
474 2115 672 2171 Paulus
703 2118 834 2172 dicit
864 2137 874 2171 :
923 2119 1025 2183 Qui
1053 2120 1232 2173 dilexit
1263 2136 1341 2172 me
1361 2161 1374 2184 ,
1406 2129 1453 2172 et
1497 2120 1710 2172 tradidit
1748 2136 1824 2172 se-

237 2209 410 2279 ipsum
445 2227 539 2278 pro
567 2227 664 2264 me.
693 2209 766 2265 De
798 2226 903 2280 quo
936 2227 1120 2266 rursus
1149 2213 1221 2265 ait
1246 2231 1257 2264 :
1287 2211 1416 2266 Cum
1444 2215 1497 2264 in
1529 2213 1696 2280 forma
1727 2211 1824 2265 Dei

238 2311 399 2370 esset,
425 2319 530 2356 non
551 2305 788 2373 rapinam
814 2305 1087 2357 arbitratus
1111 2313 1184 2358 est
1208 2321 1316 2358 esse
1337 2320 1391 2357 se
1413 2306 1661 2374 (equolem
1685 2303 1789 2358 Deo
1805 2319 1824 2356 :

241 2394 331 2446 sed
376 2395 702 2464 semetipsum
746 2397 1025 2449 exfnanivit
1075 2398 1295 2465 formam
1337 2397 1463 2449 servi
1491 2397 1742 2463 accipiens
1771 2397 1824 2448 in

240 2485 637 2538 similitudinem
681 2487 941 2539 hominum
988 2489 1174 2556 factus,
1219 2498 1265 2541 et
1307 2487 1481 2540 habitu
1508 2489 1741 2540 iuventus
1771 2497 1823 2539 ut

244 2581 418 2633 homo.
469 2580 772 2635 Humiliavit
811 2562 1154 2653 semetipsum,
1198 2586 1366 2652 factus
1396 2583 1629 2636 obedieus
1669 2599 1825 2652 usque

240 2675 314 2728 ad
346 2685 561 2729 mortem
582 2716 596 2740 ,
629 2685 842 2730 mortem
871 2685 1040 2730 autent
1069 2679 1237 2729 crucis
1263 2675 1523 2748 (Philipp.
1554 2691 1588 2729 tt
1610 2716 1624 2739 ,
1655 2676 1734 2740 6).
1769 2675 1823 2729 Ιιι

241 2783 348 2836 qua
403 2768 618 2820 scilicet
674 2769 1021 2822 humanitatis
1076 2769 1244 2822 forma
1293 2776 1640 2821 conversatus
1687 2767 1826 2820 inter

247 2858 506 2911 homines
538 2872 632 2925 per
663 2860 841 2911 omnia
876 2866 934 2911 ut
960 2860 1152 2924 homo,
1187 2869 1409 2926 excepto
1443 2868 1658 2925 peccato
1680 2898 1694 2922 ,
1727 2858 1826 2910 iter

243 2950 326 3001 eis
358 2946 599 2999 ostendit
629 2963 735 3016 quo
771 2947 836 3000 ad
868 2946 1125 3002 derelicta
1165 2948 1354 3016 gaudia
1399 2948 1657 3014 repedare
1704 2959 1824 3014 pos-

241 3038 379 3089 sint.
417 3035 475 3090 Si
507 3044 684 3090 autem
718 3037 856 3106 quod
887 3038 956 3091 sit
988 3037 1087 3091 hoc
1111 3039 1218 3091 iter
1265 3038 1614 3105 inquirimus,
1647 3036 1827 3089 Domi-

241 3143 373 3179 num
411 3128 466 3180 in
503 3129 788 3197 Evangelia
819 3129 1086 3182 dicentem
1132 3127 1499 3191 attendamus,
1533 3126 1606 3179 ait
1634 3128 1774 3180 enim
1810 3141 1823 3178 :

238 3216 358 3288 Ego
390 3234 504 3271 sunt
533 3219 648 3281 via,
682 3229 729 3271 et
759 3235 904 3272 nemo
931 3219 1064 3271 venit
1102 3218 1169 3270 ad
1203 3218 1445 3280 Patrem,
1486 3217 1584 3268 nisi
1620 3232 1708 3285 per
1748 3232 1826 3270 me

236 3309 446 3383 (Joan.
478 3327 569 3363 xrv
592 3353 607 3376 ,
636 3313 668 3365 6
692 3313 731 3381 ).
767 3313 903 3366 Ecce
931 3311 1231 3366 audivimus
1274 3312 1375 3366 iter
1407 3327 1501 3378 per
1545 3312 1684 3379 quod
1729 3327 1822 3380 pa-

246 3405 416 3457 triam
451 3413 784 3470 repetamus,
818 3405 1090 3458 videamus
1137 3418 1275 3457 nunc
1319 3403 1512 3470 quibus
1555 3404 1726 3457 modis
1755 3403 1824 3458 ad

241 3495 638 3550 ambulandum
672 3511 892 3563 gressus
924 3497 1235 3566 dirigamus.
1285 3496 1438 3566 ραι(
1464 3496 1631 3564 inquit
1660 3495 1822 3550 Joan-

237 3591 361 3658 nes)
395 3590 519 3642 dicit
550 3605 602 3643 se
630 3590 681 3642 in
714 3590 914 3642 Christo
940 3606 1160 3654 manere,
1192 3589 1335 3643 debet
1373 3590 1496 3642 sicut
1525 3591 1610 3641 ille
1639 3589 1822 3641 ambu-

239 3684 369 3737 lavit
399 3692 450 3735 et
479 3684 584 3751 ipse
613 3681 874 3736 ambulare
901 3682 952 3753 (I
978 3681 1132 3736 Joan.
1165 3699 1224 3745 tt,
1255 3682 1332 3751 6).
1353 3681 1503 3735 Libet
1533 3693 1706 3736 autem
1740 3683 1822 3736 in-

233 3774 379 3827 tueri
402 3789 521 3841 quae
542 3776 648 3828 sint
677 3775 789 3828 haec
821 3774 1014 3829 Christi
1043 3775 1284 3843 vestigia,
1314 3774 1403 3843 qui
1433 3789 1670 3843 gressus,
1695 3775 1817 3843 qui-

233 3864 338 3917 bus
383 3863 439 3916 in
472 3878 632 3916 carne
661 3865 951 3919 ambulavit
982 3881 1076 3934 pro
1104 3867 1274 3919 nobis.
1306 3866 1369 3919 Ut
1398 3876 1589 3920 caetera
1615 3876 1817 3920 taceam

232 3966 358 4020 quae
404 3953 711 4022 evangelica
764 3955 1088 4023 plenitudine
1127 3965 1407 4010 narrantur
1449 3956 1514 4009 de
1557 3956 1821 4024 baptismo

231 4045 296 4098 ad
332 4046 687 4101 tentationem
719 4063 782 4102 ac
805 4049 1067 4116 jejunium
1087 4089 1102 4114 ,
1136 4048 1202 4103 de
1225 4048 1432 4116 jejunio
1459 4049 1526 4102 ad
1558 4048 1817 4116 praedica-

1935 1944 2122 1999 bulant
2150 1957 2312 2012 super
2342 1942 2584 2010 aspidem
2615 1949 2668 1996 et
2699 1940 3004 1994 basiliscum
3028 1983 3042 2006 ,
3090 1947 3146 1994 et
3189 1930 3504 1994 conculcant

1929 2037 2141 2091 leonem
2169 2046 2225 2089 et
2253 2034 2543 2088 draconem
2573 2052 2583 2085 :
2611 2035 2662 2086 in
2697 2033 2780 2086 his
2808 2032 3215 2086 ambulaverunt
3243 2031 3496 2099 apostoli,

1927 2128 2024 2182 bos
2056 2137 2322 2197 martyres
2350 2135 2404 2179 et
2433 2125 2771 2179 confessores
2800 2136 2923 2178 sunt
2949 2124 3244 2178 subsecuti.
3274 2123 3379 2177 llos
3411 2137 3504 2192 per

1925 2232 2152 2287 gressus
2201 2215 2423 2285 perfecti
2469 2217 2803 2270 incesserunt
2850 2215 3130 2280 monachi,
3162 2215 3354 2284 quibus
3381 2230 3504 2282 spe-

1925 2309 2135 2364 cialiter
2155 2323 2186 2361 a
2213 2307 2436 2361 Domino
2466 2306 2659 2360 dicitur
2688 2323 2699 2357 :
2731 2305 2917 2358 Tollite
2941 2305 3124 2375 jugum
3154 2321 3319 2357 meum
3348 2321 3505 2374 super

1925 2417 2041 2465 vos,
2073 2409 2122 2453 et
2153 2400 2332 2453 discite
2371 2416 2403 2451 a
2432 2415 2512 2452 me
2540 2400 2662 2468 quia
2693 2397 2825 2450 mitis
2857 2412 2972 2450 sum
2998 2405 3043 2449 et
3072 2396 3278 2448 humilis
3318 2396 3504 2462 corde,

1926 2502 1972 2546 et
2000 2491 2260 2545 invenietis
2291 2490 2511 2558 requiem
2542 2489 2807 2542 animabus
2836 2489 3010 2542 vestris
3042 2487 3264 2556 (Matth.
3289 2503 3365 2551 xl,
3383 2487 3497 2556 29).

1994 2583 2049 2637 2.
2082 2584 2185 2639 Sed
2216 2583 2335 2653 quia
2364 2597 2459 2636 nos
2491 2581 2542 2636 in
2571 2582 2779 2636 illorum
2807 2592 3013 2645 tempus
3054 2578 3392 2644 devenimus,
3421 2579 3491 2633 de

1925 2693 2030 2749 quo
2065 2677 2322 2731 Dominus
2356 2677 2407 2730 in
2438 2675 2725 2745 Evangelio
2754 2675 2828 2728 ait
2859 2673 3134 2741 discipulis
3180 2673 3311 2738 Suis,
3371 2673 3497 2742 quia

1926 2769 2202 2823 abundabit
2252 2769 2515 2838 iniquitas,
2590 2768 2884 2836 refrigescet
2937 2765 3158 2819 charitas
3221 2765 3502 2817 multorum

1929 2859 2162 2931 (Matth.
2212 2860 2528 2927 xx1v,’l%);
2558 2873 2620 2912 ac
2644 2858 2937 2912 secundum
2972 2856 3320 2926 Apocalypsis
3372 2870 3500 2910 sen-

1928 2951 2165 3016 tentiam,
2200 2965 2530 3019 nequaquam
2563 2949 2847 3011 ferventes,
2893 2948 2985 3001 sed
3034 2946 3220 3018 (quod
3272 2961 3500 3015 gemen-

1929 3044 2052 3097 dum
2112 3045 2224 3108 est)
2283 3041 2489 3111 tepidos
2545 3042 2831 3109 aSpicimus
2881 3039 3201 3102 monachos;
3247 3037 3313 3092 ad
3363 3038 3498 3092 inci-

1931 3136 2120 3191 tandos
2149 3135 2357 3188 animos
2385 3149 2594 3198 eorum,
2629 3142 2736 3186 tres
2765 3146 2933 3200 nuper
2960 3130 3022 3182 ad
3055 3129 3324 3184 Christum
3369 3144 3493 3184 con-

1931 3241 2115 3281 versos
2145 3226 2451 3295 evangelica
2508 3224 2838 3292 perfectione
2897 3223 3148 3291 probatos
3192 3222 3497 3276 auditorum

1930 3317 2453 3386 animisingerimus,
2476 3314 2765 3367 Paldonem
2784 3313 3005 3377 scilicet,
3049 3313 3311 3365 Tasonem
3343 3322 3501 3379 atque

1930 3408 2214 3473 Tatonem,
2248 3412 2554 3459 sanctorum
2574 3403 2791 3457 Patrum
2825 3401 3106 3454 sudoribus
3130 3417 3193 3455 ac
3225 3403 3498 3455 laboribus

1929 3497 2322 3568 coasquandos;
2358 3495 2527 3564 utqui
2575 3493 2827 3547 desidiosi
2861 3505 2923 3544 ac
2974 3491 3205 3558 languidi
3255 3490 3502 3558 antiquos

1932 3591 2121 3645 Patres
2147 3599 2359 3645 nostros
2389 3601 2485 3640 nos
2515 3585 2710 3639 imitari
2746 3597 2850 3636 non
2876 3596 3034 3652 posse
3065 3595 3368 3646 causamur,
3405 3582 3501 3633 lto-

1929 3700 2051 3738 rum
2084 3698 2252 3752 nuper
2298 3693 2682 3734 conversorum
2714 3677 2877 3729 vitam
2935 3675 3235 3729 recolentes
3284 3673 3502 3727 erubes-

1927 3790 2130 3831 camus.
2167 3774 2274 3828 Hos
2303 3786 2432 3842 ergo
2460 3785 2564 3824 non
2595 3769 2909 3823 temeritatis
2939 3782 3069 3821 ausu
3095 3767 3370 3834 impulsus,
3402 3769 3496 3820 sed

1927 3866 2133 3919 abbatis
2157 3863 2261 3918 mei
2290 3863 2490 3916 monita
2522 3871 2757 3922 secutus,
2789 3874 2958 3927 eaque
2991 3858 3150 3911 modo
3177 3857 3316 3925 style
3372 3871 3493 3924 pro-
3545 3901 3554 3912 .

1927 3971 2142 4026 sequor,
2176 3955 2242 4008 de
2272 3954 2461 4024 quibus
2489 3951 2661 4005 adhuc
2685 3959 2850 4004 testes
2882 3951 3120 4003 existunt
3145 3948 3233 4017 qui
3273 3963 3330 4001 se
3378 3948 3494 4001 huic

1927 4047 1994 4101 ab
2025 4047 2106 4102 his
2145 4045 2359 4099 audisse
2379 4043 2717 4098 confirmant.

265 4219 3502 4246 mw

1513 4383 1910 4460 INCIPIT
1970 4382 2236 4458 VITA.

307 4580 363 4632 5.
399 4577 433 4630 Ἰ
452 4589 537 4630 res
567 4583 727 4643 igitur
749 4587 816 4626 ex
845 4571 1008 4626 ιιοοίΙί
1031 4585 1226 4640 genere
1255 4580 1377 4637 orti,
1425 4585 1546 4639 iure
1591 4585 1820 4625 consan-
1849 4547 1900 4607 θ
1926 4566 2097 4620 sionis
2123 4559 2480 4629 corporaliter
2507 4558 2832 4613 fruerentur.
2857 4555 2996 4621 Quid
3029 4553 3212 4623 plura?
3244 4565 3301 4608 ut
3319 4555 3499 4610 animo

230 4669 524 4744 guinitatis
548 4667 851 4736 prepinqui,
905 4665 1091 4731 Paldo,
1125 4664 1262 4717 Taso
1290 4673 1344 4717 et
1393 4661 1546 4724 Tato,
1607 4662 1822 4716 fuerunt

232 4764 342 4817 viri
404 4757 811 4814 Beneventani:
865 4770 931 4808 ex
989 4758 1182 4823 quibus
1235 4755 1481 4822 superior
1540 4754 1703 4807 Paldo
1755 4769 1820 4808 ex

233 4869 372 4917 uno,
389 4853 534 4906 Taso
557 4862 682 4903 vero
696 4857 749 4902 et
770 4845 898 4899 Tato
921 4861 985 4900 ex
1011 4847 1180 4898 altero
1211 4849 1368 4899 fratre
1388 4855 1513 4898 sunt
1533 4847 1817 4914 procreati.

233 4948 274 5001 li
299 4941 613 5010 evangelica
647 4954 776 4994 voce
802 4938 1342 5005 exettati,divinoque
1380 4952 1563 4990 amore
1604 4937 1818 4990 inflam-

231 5039 396 5100 mati,
424 5049 528 5088 una
552 5035 630 5086 eis
657 5032 943 5095 sententia,
975 5044 1135 5083 unum
1162 5027 1443 5082 consilium
1471 5027 1588 5091 fuit,
1623 5044 1817 5082 unum-

232 5143 345 5200 que
375 5124 588 5180 exstitit
611 5131 815 5187 votum,
844 5120 1026 5189 patria:
1056 5119 1253 5182 solum,
1282 5118 1492 5170 divitias
1543 5128 1820 5184 parentes-

229 5236 342 5287 que
404 5217 732 5284 relinquere,
791 5224 844 5268 et
892 5213 1062 5266 nudos
1096 5213 1292 5264 nudum
1325 5211 1594 5265 Christum
1643 5210 1820 5278 sequi,

232 5310 417 5364 nudos
449 5321 569 5361 cum
610 5306 751 5359 nudo
805 5305 1107 5358 adversario
1139 5318 1393 5372 pugnare,
1423 5302 1820 5372 Galliarumque

234 5399 579 5474 provinciam
608 5413 704 5468 pro
733 5407 858 5452 voto
885 5406 1170 5464 expetere:
1202 5403 1362 5463 atque
1391 5394 1540 5460 inibi,
1569 5408 1814 5461 corpore,

232 5510 345 5548 non
382 5501 567 5545 mente
598 5491 809 5554 ductos,
833 5489 1042 5542 diversa
1073 5489 1394 5541 monasteria
1418 5487 1707 5556 inquirere,
1740 5487 1818 5541 le-

234 5588 409 5655 nique
436 5582 565 5650 jugo
595 5581 792 5635 Christi
816 5579 954 5634 colla
982 5579 1176 5633 mentis
1208 5579 1540 5632 submittere.
1575 5577 1684 5632 Hoc
1712 5592 1817 5630 au-

230 5690 345 5732 tem
411 5674 612 5729 idcirco
643 5672 881 5726 studiose
913 5671 1088 5726 facere
1113 5671 1495 5740 prmvidebant,
1523 5680 1580 5724 ut
1602 5680 1818 5740 prepter

236 5769 520 5825 Christum
560 5781 626 5821 ne
656 5779 762 5818 uno
785 5764 872 5833 qui
904 5777 1185 5832 superesse
1209 5772 1418 5832 poterat
1472 5772 1687 5832 aSpectu
1739 5762 1818 5815 vi-

651 5903 918 5960 I’ATROL.
969 5898 1323 5967 LXXXIX.

1930 4665 1983 4710 et
2011 4663 2190 4710 mente
2215 4658 2590 4720 conceperant,
2643 4649 2743 4702 iter
2772 4653 3091 4716 praeparant,
3142 4659 3242 4699 nec
3294 4661 3500 4699 moram

1932 4744 2156 4810 faciunt,
2184 4759 2281 4799 nec
2307 4742 2619 4797 dilationem
2652 4738 3008 4808 praetendunt.
3061 4737 3164 4793 Sed
3207 4738 3498 4792 carnalium

1932 4848 2207 4904 parentum
2242 4849 2408 4889 nexus
2437 4833 2897 4901 pertimescentes,
2933 4831 3020 4898 qui
3054 4843 3267 4894 seraper
3323 4828 3496 4894 impe-

1928 4931 2223 4983 dimentum
2282 4926 2412 4980 fiunt
2477 4925 2543 4978 ad
2621 4921 2886 4976 Christum
2956 4919 3255 4982 conversis,
3313 4933 3500 4972 eorum

1928 5021 2112 5074 oculos
2135 5021 2216 5086 pia
2243 5017 2584 5072 simulatione
2609 5013 2890 5079 deludunt,
2919 5014 2988 5066 ita
3043 5021 3216 5063 tamen
3266 5018 3322 5062 ut
3350 5024 3500 5064 meu-

1927 5111 2066 5166 dacii
2124 5111 2325 5165 crimen
2379 5123 2711 5177 nequaquam
2770 5107 3066 5160 incurrant.
3118 5101 3310 5153 Dicunt
3357 5101 3500 5154 enim

1927 5219 1985 5258 se
2014 5206 2235 5258 Romam
2262 5216 2480 5270 pergere
2503 5200 2659 5264 velle,
2683 5197 3046 5267 apostolorum
3074 5192 3332 5260 principis
3355 5191 3497 5246 Petri

1925 5311 1984 5351 se
2006 5295 2269 5364 suﬂ'ragiis
2306 5292 2704 5354 commendare,
2739 5289 2959 5356 ejusque
2986 5283 3287 5339 desiderata
3319 5283 3500 5336 limina

1926 5387 2153 5444 osculari
2211 5404 2223 5438 :
2275 5385 2417 5454 quod
2465 5395 2516 5440 et
2561 5383 2820 5436 fecerunt.
2853 5375 3020 5432 Sicuti
3061 5384 3238 5429 autem
3294 5371 3500 5426 nobiles

1923 5480 2096 5543 decet,
2121 5478 2357 5531 oneratis
2387 5474 2703 5530 animalibus
2750 5467 3054 5535 stipendiis,
3082 5463 3391 5534 praeparatis
3430 5463 3496 5517 ad

1923 5573 2212 5628 sedendum
2245 5570 2417 5640 equis,
2446 5565 2762 5620 famulorum
2797 5561 2910 5614 fulti
2939 5557 3234 5627 obsequiis,
3263 5555 3367 5609 sibi
3406 5568 3490 5607 so-

1926 5668 2069 5736 lique
2101 5665 2209 5720 Deo
2238 5663 2360 5733 quid
2381 5673 2540 5728 agere
2570 5657 2768 5711 vellent
2799 5654 2994 5728 [suppl.
3019 5647 3264 5717 conscii],
3317 5659 3498 5702 ressus

1925 5763 1988 5818 ad
2011 5758 2388 5816 ambulandum
2417 5762 2648 5808 tttOchl.

2906 5884 2980 5941 ’sS!
