4022 6320
480 327 530 384 Ἰ
539 329 645 385 ὄῖδ

563 440 723 498 Stlrps
760 450 1033 486 veneranda
1056 456 1191 498 sus,
1218 439 1417 484 nimium
1440 436 1677 497 praecelsa
1694 442 1911 497 parente
1939 470 1951 490 ,

622 497 813 549 Primus
836 511 859 544 a
886 499 1125 560 principio
1149 497 1271 547 luxit
1294 506 1345 545 ut
1365 498 1486 560 orbe
1508 498 1631 546 dies.

561 562 796 613 Germine
814 557 1061 619 purpureo
1079 561 1229 607 decus
1253 561 1343 606 hoc
1360 557 1469 608 tulit
1493 562 1609 607 urbs
1642 559 1960 606 Beneventus

622 620 1046 673 Juresﬂutit’eros
1064 624 1214 673 traxit
1234 623 1295 669 ab
1318 620 1442 673 urbe
1467 623 1614 671 viros.

560 685 809 735 Scandere
836 696 989 743 regna
1015 691 1187 743 petunt
1210 682 1432 743 sublimia
1456 687 1601 730 corde
1626 693 1808 729 sereno
1826 716 1838 737 ,

631 748 792 807 Digne
813 741 947 794 sacra
967 741 1131 792 ferunt
1149 745 1286 803 signa
1312 756 1398 804 pro
1421 741 1537 803 lege
1566 743 1675 791 Dei.

560 808 748 860 Terrea
772 815 943 855 cuncta
968 812 1155 863 terunt,
1178 818 1322 863 gazas
1342 812 1396 851 ut
1416 814 1632 853 stercora
1658 808 1920 863 spernunt.

622 869 815 918 Laudes
837 867 1275 929 magniticogande
1301 867 1492 914 referre
1520 867 1640 914 Deo.

932 927 1015 975 Cui
1040 927 1169 975 salus
1190 933 1241 975 et
1267 929 1439 985 virtus,

928 988 1040 1038 Rex
1064 990 1221 1037 bonus
1243 990 1469 1037 invictus.

574 1097 629 1151 4.
662 1097 738 1149 At
765 1108 893 1148 vero
916 1093 1007 1147 tibi
1041 1095 1286 1163 proprios
1314 1095 1446 1148 ﬁnes
1467 1102 1591 1147 sunt
1619 1092 1844 1161 egressi,
1870 1090 2080 1145 Marso-

484 1193 790 1255 -rnmque"
825 1185 1150 1249 provinciam
1184 1185 1428 1254 ingressi,
1460 1186 1852 1239 descenderunt
1900 1181 2074 1251 equis,

505 1276 895 1331 admonuerunt
918 1290 1134 1343 pueros,
1167 1284 1373 1329 ut'cum
1402 1277 1552 1345 equis
1585 1285 1639 1328 et
1667 1276 1747 1327 his
1774 1289 1892 1344 qua:
1920 1273 2081 1326 allata

507 1364 715 1420 fuerant
732 1366 804 1420 ad
821 1366 1032 1435 propria
1056 1376 1375 1420 remearent.
1406 1367 1469 1420 Et
1493 1366 1599 1419 hoc
1628 1375 2079 1434 propterea,quo-

498 1457 647 1511 niam
678 1456 778 1511 sibi
809 1456 917 1511 tale
944 1468 1123 1510 vntum
1174 1456 1446 1511 exstitisse
1494 1457 1766 1520 dicebant,
1800 1465 1858 1508 ut
1890 1456 1924 1508 ii
1976 1463 2084 1507 tres

512 1555 715 1599 tantum
742 1546 853 1601 suis
881 1545 1103 1615 pedibus
1127 1545 1350 1600 Romam
1380 1561 1602 1617 pergere
1628 1546 1905 1601 deberent.
1959 1545 2086 1609 Qni-

502 1639 611 1694 bus
652 1637 904 1692 flentibus
927 1652 989 1691 ac
1018 1638 1341 1707 lugentibus,
1362 1638 1480 1707 jure
1513 1639 1787 1706 potestatis
1821 1638 2086 1704 imperant

509 1739 567 1784 ιιι
595 1728 865 1783 recedant.
894 1726 1005 1781 Illis
1034 1737 1210 1781 autem
1242 1729 1667 1792 abscedentibus,
1706 1728 1831 1779 dum
1876 1725 2083 1794 praefati

512 1819 693 1872 famuli
715 1818 909 1873 Christi
932 1819 1342 1884 scanduntiter,
1365 1819 1578 1874 obviam
1602 1821 1797 1874 habent
1820 1834 2082 1888 pauperes

496 1913 700 1967 vilibus
729 1926 791 1966 ac
818 1913 1004 1967 scissis
1035 1913 1361 1966 indumentis
1380 1915 1696 1982 adopertas.
1740 1913 1858 1967 Jam
1890 1913 1924 1965 ii
1957 1927 2084 1979 pau-

502 2004 728 2074 pertatis
757 2017 942 2058 amore
971 2004 1284 2057 inﬂammati
1313 2006 1465 2058 aiunt
1494 2004 1632 2058 inter
1661 2020 1721 2058 se
1746 2023 1756 2057 :
1807 2003 1883 2057 Ne
1911 2007 1985 2057 sit
2029 2005 2082 2056 in

489 2096 659 2151 nobis
685 2095 828 2165 quod
861 2096 1091 2150 mundus
1120 2096 1367 2160 honoret,
1399 2112 1466 2151 ne
1491 2098 1632 2167 quod
1665 2097 1801 2151 latro
1827 2097 2041 2166 diripiat
2065 2112 2081 2159 ;

508 2189 591 2242 his
632 2202 729 2241 nos
776 2187 1011 2241 veStibus
1062 2202 1346 2257 exuamus,
1382 2190 1712 2258 pauperibus
1764 2190 2081 2253 tribuamus,

506 2280 827 2349 illorumque
856 2295 954 2336 nos
981 2281 1256 2335 vilissimis
1279 2297 1341 2336 ac
1364 2283 1596 2337 sordidis
1620 2284 1924 2336 induamus.
1954 2281 2084 2334 Hinc

488 2372 837 2441 perpendam
864 2374 952 2441 qui
986 2388 1177 2429 nomen
1202 2376 1454 2429 monachi
1515 2375 1872 2445 praetendunt,
1903 2372 2083 2444 quanti

505 2471 686 2517 reatus
710 2462 952 2518 criminis
980 2467 1051 2518 sit
1095 2467 1195 2521 sub
1243 2467 1456 2521 Christo
1507 2482 1736 2537 paupere
1787 2469 2075 2537 degentes,

506 2552 831 2609 indumentis
859 2566 1103 2623 comptos
1139 2565 1197 2611 et
1225 2574 1328 2611 non
1382 2560 1618 2613 moribus
1645 2559 1911 2614 incedere.
1946 2559 2083 2614 Ecce

502 2643 702 2697 etenim
733 2644 787 2708 ii,
814 2658 907 2713 per
932 2660 1066 2715 quos
1112 2645 1215 2701 hoc
1259 2652 1638 2703 monasmrintn
1662 2649 1888 2703 initium
1938 2662 2087 2701 sum-

512 2736 637 2801 psit,
669 2734 862 2789 talibus
887 2736 1057 2790 induti
1098 2737 1305 2791 amictis
1333 2738 1538 2792 initium
1578 2754 1687 2793 sure
1716 2739 2086 2793 conversionis

504 2823 788 2879 dederunt.

662 2934 872 2999 Mundus
896 2936 953 2984 ad
976 2938 1067 2985 ima
1091 2939 1211 2999 ruit,
1236 2940 1515 2988 miserosad
1540 2944 1717 2989 tartara
1738 2943 1884 2990 ducit.

663 2997 908 3061 ﬁniemus
932 3006 1117 3061 vestes,
1139 2997 1345 3060 nostras,
1372 3002 1525 3060 Deus,
1548 3005 1731 3052 instrue
1754 3011 1946 3053 mentes
1966 3019 1978 3053 :

663 3057 737 3106 Ne
756 3060 819 3106 sit
840 3060 969 3121 quod
994 3057 1149 3123 fortis,
1171 3062 1266 3121 fur,
1294 3057 1414 3111 latro
1439 3057 1615 3111 tollere
1635 3067 1837 3125 possint.

530 3238 533 3239 ν
583 3159 637 3212 5.
683 3160 747 3214 Et
774 3170 827 3215 ut
854 3161 918 3214 ad
970 3163 1302 3231 propositum
1361 3176 1617 3231 revertar,
1670 3178 1847 3238 erepto
1902 3173 2091 3230 itinere

513 3262 776 3321 pergunt,
839 3253 904 3306 ad
957 3258 1339 3310 monasterium
1373 3259 1617 3328 gloriosae
1671 3262 1763 3316 llei
1821 3264 2091 3332 genitricis

511 3343 691 3399 Maria:
719 3344 857 3413 quod
890 3345 1052 3399 estin
1101 3346 1314 3402 Sabinis
1365 3352 1709 3418 perveniunt,
1740 3354 1792 3407 in
1854 3371 1957 3425 quo
2008 3358 2090 3412 vir

515 3438 635 3489 vitae
666 3437 986 3490 venerabilis
1018 3436 1252 3492 Thomas
1275 3438 1300 3475 δ
1327 3439 1485 3495 Pater
1515 3455 1743 3510 prmerat
1770 3462 1785 3498 :
1821 3450 1888 3500 de
1915 3463 2024 3517 quo
2052 3467 2080 3502 a

516 3530 756 3597 pluribus
780 3529 976 3595 audivi,
996 3532 1116 3600 quia
1142 3531 1269 3585 olim
1296 3534 1345 3585 in
1372 3534 1608 3600 partibus
1627 3537 1864 3592 Orientis
1887 3542 2091 3596 consti-

513 3631 679 3685 tutus,
723 3622 862 3675 sicut
904 3622 1020 3691 ipse
1072 3626 1329 3687 narravit,
1365 3628 1545 3680 tandiu
1593 3629 1659 3681 ad
1717 3629 2093 3702 Redemptoris

515 3712 820 3779 sepulcrum
871 3712 1100 3765 orationi
1129 3716 1359 3781 vacavit,
1385 3718 1731 3788 quoadusque
1778 3722 2095 3789 impetraret

517 3802 658 3871 quod
718 3803 964 3871 precibus
1015 3805 1340 3871 postulabat.
1400 3807 1664 3878 Denique,
1719 3820 1775 3863 ut
1824 3826 2092 3877 asserunt,

519 3903 675 3947 nocte
705 3892 932 3961 quadam
955 3894 1202 3961 precibus
1239 3896 1481 3965 fatigato,
1513 3914 1811 3970 soporeque
1835 3905 2095 3973 depresso

521 3982 691 4035 astitit
715 3983 763 4035 ei
794 3981 1009 4049 quidam
1043 3994 1256 4051 gestans
1288 3985 1338 4037 in
1373 4001 1531 4040 manu
1566 3990 1712 4043 inira:
1742 3993 2091 4060 pulchritudi-

526 4075 605 4125 nis
640 4087 850 4141 panem,
877 4073 962 4127 cui
992 4083 1045 4128 et
1073 4074 1240 4127 dixit:
1276 4081 1473 4146 Accipe
1499 4078 1639 4133 hunc
1670 4087 2090 4149 paneni,etahs-

522 4164 688 4228 cede;
728 4166 862 4219 scito
911 4176 1088 4219 autem
1142 4178 1192 4220 te
1246 4170 1421 4223 minus
1473 4187 1536 4224 ex
1588 4174 1775 4227 eodem
1826 4192 2094 4245 nunquam

523 4256 846 4313 habiturum.
876 4258 1060 4312 Tantae
1089 4261 1284 4314 etenim
1317 4263 1591 4333 deinceps,
1618 4277 1672 4319 ut
1694 4270 1837 4322 aittnt
1863 4271 1949 4338 qui
1973 4287 2093 4324 eum

524 4347 786 4414 viderant,
810 4348 1235 4416 compnncdonis
1272 4352 1353 4405 vir
1409 4354 1527 4420 fuit,
1584 4368 1638 4409 ut
1689 4373 1822 4426 pene
1874 4361 1939 4413 de
1990 4363 2099 4416 Deo

526 4440 645 4493 sine
676 4442 921 4511 lacrymis
954 4443 1026 4495 nil
1060 4453 1240 4511 posset
1267 4444 1427 4511 loqui.
1478 4447 1525 4500 Is
1568 4447 1693 4500 dum
1726 4436 1974 4515 prrefatos
2007 4453 2096 4507 Dei

534 4532 761 4587 famulos
793 4534 1024 4602 hospitio
1053 4538 1394 4605 suscepisset,
1426 4550 1482 4592 ιιι
1511 4543 1891 4597 monachorum
1920 4560 1982 4598 ac
2011 4546 2099 4599 bo-

530 4642 718 4681 norum
748 4628 913 4680 moris
942 4637 1025 4682 est
1077 4629 1525 4696 Christianorum,
1569 4647 1688 4686 cum
1743 4634 2014 4702 fratribus,
2049 4648 2105 4691 ut

531 4723 577 4773 ei
608 4720 821 4774 solitum
863 4718 978 4785 fuit,
1007 4723 1299 4775 secundum
1328 4723 1534 4777 Domini
1559 4738 1882 4795 praeceptum
1916 4744 2101 4783 eorum

529 4811 692 4878 pedes
722 4811 944 4864 abluere
979 4814 1172 4879 pergit.
1210 4813 1245 4866 li
1279 4825 1455 4867 nutent
1481 4831 1569 4885 qui
1596 4818 1941 4884 advenerant,
1972 4821 2105 4875 deli-

525 4916 641 4957 cata
671 4918 733 4957 ac
754 4901 983 4956 candida
1014 4906 1250 4957 tnetnbra
1302 4908 1492 4959 vitibus
1545 4924 1607 4963 ac
1656 4911 1887 4964 sordidis
1940 4914 2104 4966 vestio

534 4996 728 5047 mentis
780 4994 1048 5063 tegebant,
1077 4994 1372 5062 elegantem
1415 5015 1476 5053 ac
1521 5004 1874 5068 compositum
1927 5007 2105 5060 vultus

541 5092 812 5154 aspectum
864 5084 1288 5153 praetendebant.
1345 5088 1705 5155 Quamobrem
1766 5110 1863 5148 nec
1918 5112 2105 5150 eorum

531 5185 798 5230 secretum
826 5176 1079 5231 abscondi
1107 5180 1274 5245 potuit
1304 5181 1474 5234 oculis
1503 5185 1599 5236 viri
1643 5185 1751 5237 Dei.

601 5346 627 5375 ι
661 5334 935 5391 Provincia
994 5336 1329 5408 Latiiijuxta
1388 5339 1557 5392 lacum
1615 5343 1907 5408 Fucinum,
1963 5345 2104 5407 dicta

532 5408 762 5471 Valeria,
810 5408 861 5462 in
909 5424 1009 5474 qua
1040 5407 1394 5479 S.1Eqnitius
1444 5413 1607 5464 abbas
1657 5418 1855 5469 llorun.
1896 5407 2103 5471 Paulus

534 5480 795 5531 Diaconos
827 5480 1051 5549 deﬁgest.
1085 5479 1321 5549 Letigob.
1349 5498 1463 5547 cap.
1498 5482 1570 5535 2t)
1596 5499 1608 5533 :
1636 5482 1909 5537 Prouincia
1954 5487 2104 5540 Vale-

466 5564 469 5565 '
530 5553 625 5625 ria,
658 5550 844 5625 adest
881 5548 1072 5601 Nursia
1100 5548 1326 5625 adnexu,
1358 5554 1489 5605 inter
1523 5553 1786 5625 Umbrum
1813 5569 1857 5607 et
1881 5558 2103 5625 Campa-

529 5620 660 5692 niam
694 5618 1037 5687 Piceuumque
1063 5624 1313 5686 consistit,
1343 5641 1455 5692 quin
1478 5627 1538 5678 ob
1573 5623 1781 5679 Oriente
1810 5618 2100 5681 Samnitum

529 5690 795 5764 regiouﬂnt
814 5692 1089 5764 attingit...
1122 5690 1425 5764 Marsorum
1475 5712 1671 5764 quoque
1698 5702 1953 5764 regionem
1987 5702 2099 5753 ideo

531 5759 663 5810 intra
700 5758 957 5811 Valerium
989 5763 1297 5828 provinciam
1340 5758 1533 5817 restituo
1562 5758 1865 5831 computari,
1898 5770 2017 5832 quia
2048 5772 2098 5825 in

1302 327 1356 378 S.
1398 324 1713 382 AMBROSII
1754 319 2094 377 AUTl‘Eii'li
2136 315 2616 371 BENEVENI'ANI
2662 315 2951 370 ABBATIS

3622 315 3760 375 13Ξᾶ

2101 436 2149 490 Α
2249 417 2306 481 6.
2342 429 2567 483 Peracto
2598 429 2775 497 itaque
2800 429 3076 483 charitatis
3094 428 3276 483 ofllcio
3297 430 3583 500 noctisque
3600 444 3767 491 cursu

2180 529 2475 584 transacto,
2507 535 2629 574 cum
2675 534 2868 574 aurora
2915 520 3070 575 daret
3115 520 3327 575 initium
3377 523 3505 587 diei,
3542 526 3768 580 seorsitn

2178 626 2272 667 eos
2298 612 2490 666 blanda
2518 612 2793 667 locutione
2821 613 3095 679 inquisivit
3124 614 3213 682 qui
3241 624 3449 680 essent,
3484 615 3653 676 unde.
3674 633 3771 672 cur

2124 738 2131 749 ι
2179 704 2511 768 advenerinl,
2528 720 2594 760 ne
2615 707 2751 760 forte
2777 705 2997 774 aliquod
3020 708 3391 777 prejudicium
3411 710 3765 773 sustinerent,

2181 810 2249 848 ne
2283 797 2482 864 peccati
2515 796 2742 851 crimine
2770 807 2989 864 peracto
3037 797 3305 867 fugerent,
3340 800 3662 866 promittens
3711 816 3769 854 se

2180 887 2257 941 eis
2282 889 2332 940 in
2363 903 2467 955 quo
2492 889 2695 942 valeret
2724 887 3054 957 adjutorium
3088 890 3399 944 ministrare
3428 909 3440 942 :
3478 900 3686 943 tantum
3713 902 3767 944 ut

2176 978 2577 1045 profiterentur,
2605 994 2700 1032 cur
2727 984 2806 1033 es
2831 980 2903 1032 ita
2939 980 3197 1048 placuerit
3228 989 3427 1033 tantam
3463 980 3765 1033 simulatio-

2183 1084 2303 1123 nem
2348 1071 2607 1138 arripere.
2658 1072 2739 1125 Ad
2797 1072 2911 1126 haec
2957 1072 3032 1126 illi
3082 1072 3464 1141 obstupefacti,
3519 1074 3766 1127 videntes

2182 1162 2464 1215 consilium
2496 1178 2651 1216 suum
2679 1164 2879 1216 seniori
2912 1163 3074 1218 celari
3126 1180 3229 1216 non
3287 1179 3476 1231 posse,
3534 1165 3767 1217 consilio

2184 1261 2421 1320 accepto,
2453 1264 2674 1307 narrant
2707 1264 2892 1308 cuncta
2952 1270 3046 1323 per
3093 1256 3357 1319 ordinem,
3387 1256 3480 1322 qui
3542 1255 3761 1322 fuerint,

2186 1343 2487 1405 nnde,cur
2538 1345 2875 1408 advenerim,
2921 1362 3146 1416 qumque
3197 1350 3486 1416 gesserint,
3535 1365 3764 1413 quorum

2187 1435 2515 1505 filii,qnihus
2542 1438 2850 1491 nominibus
2873 1449 3211 1503 vocarentur,
3227 1441 3523 1509 qualiterve
3539 1440 3767 1495 Romam

2188 1544 2410 1598 pergere
2442 1530 2662 1595 vellent,
2698 1531 2932 1599 indeque
2957 1531 3249 1585 Galliarum
3300 1533 3550 1601 regiooes
3598 1548 3766 1602 espe-

2189 1631 2301 1677 tere
2330 1640 2345 1676 :
2372 1622 2551 1677 multis
2589 1639 2708 1676 eum
2737 1623 3161 1689 adjurationibus
3210 1624 3667 1692 constringentes,
3700 1639 3770 1678 ne

2190 1729 2374 1769 corum
2408 1716 2684 1783 preposito
2714 1716 2831 1780 ipse
2874 1716 3029 1768 fieret
3077 1714 3483 1783 impedimento.
3540 1716 3619 1769 Ad
3652 1718 3769 1769 hcc

2190 1806 2543 1872 ingemiscens
2598 1807 2924 1861 venerabilis
2972 1821 3141 1860 senex
3169 1806 3246 1859 ait
3275 1823 3290 1859 :
3320 1823 3348 1859 ί
3392 1806 3763 1876 Nequaquam,

2186 1909 2220 1950 o
2246 1895 2365 1959 lilii,
2386 1894 2439 1948 itt
2472 1897 2572 1949 hoc
2605 1905 2709 1949 tam
2743 1896 2993 1951 laudabili
3038 1898 3312 1965 proposito
3361 1913 3458 1951 vos
3505 1899 3763 1967 impedire

2186 1986 2365 2056 cupio,
2396 1985 2488 2041 sed
2512 1987 2682 2056 magis
2721 1986 2982 2055 adjuvare
3012 2005 3024 2039 :
3058 2003 3156 2041 nec
3206 2002 3299 2042 vos
3350 1989 3564 2041 interim
3604 1989 3764 2043 relin-

2187 2094 2369 2148 quam,
2391 2079 2777 2146 aliquantisper
2801 2079 3078 2133 vobiscum
3106 2094 3345 2147 pergam,
3375 2079 3581 2133 itineris
3603 2081 3764 2134 vestri

2188 2185 2357 2241 usque
2378 2171 2444 2224 ad
2469 2173 2830 2239 apostolorum
2856 2172 3034 2225 limina
3066 2188 3151 2227 tne
3179 2172 3760 2227 babebitiscomitem.»

2187 2260 2476 2331 Propterea
2500 2271 2678 2316 autem
2709 2263 2789 2316 vir
2813 2262 2919 2315 Deo
2948 2262 3137 2331 plenus
3168 2264 3371 2317 itineris
3395 2263 3612 2316 illorum
3645 2278 3764 2331 ρης

2187 2353 2357 2422 ticeps
2382 2354 2494 2407 fieri
2524 2355 2805 2423 gestiebat,
2832 2364 2891 2407 ut
2920 2370 3037 2420 eos,
3063 2356 3217 2408 sicuti
3236 2364 3295 2409 et
3316 2355 3460 2418 fecit,
3478 2355 3595 2409 suis
3624 2356 3764 2407 saluo

2188 2446 2392 2498 laribus
2437 2446 2679 2499 consiliis
2722 2445 2790 2498 ab
2825 2447 2965 2499 illius
3010 2446 3218 2500 itineris
3250 2447 3585 2516 longitudine
3615 2460 3769 2501 revo-

2189 2545 2356 2590 caret.
2404 2536 2557 2602 Quod
2604 2537 2698 2592 Dei
2745 2538 3086 2606 providentia
3134 2540 3329 2593 iactum
3383 2540 3548 2594 fuisse
3598 2540 3767 2593 nullus

2188 2629 2417 2700 ignorat,
2446 2630 2537 2700 qui
2570 2632 2669 2686 hoc
2700 2635 3085 2688 monasterium
3111 2636 3303 2689 cernit.

2342 2743 2445 2810 [ius
2466 2746 2653 2810 specie,
2673 2744 2845 2807 forma,
2866 2751 3117 2806 cognoscit
3143 2760 3349 2796 munere
3371 2750 3569 2810 dogma,

2344 2804 2553 2870 Consilio
2578 2808 2787 2870 refovet,
2815 2804 3203 2870 levat_obseqttio
3228 2811 3373 2859 Pater
3402 2804 3582 2870 erutus,

2346 2866 2419 2916 Ne
2446 2879 2669 2930 paveant,
2697 2866 2913 2933 faveant,
2937 2866 3278 2942 facilis'pateat
3302 2874 3437 2921 labor
3462 2866 3609 2923 altus.

2261 2974 2317 3030 7.
2350 2975 2581 3047 Pergunt
2624 2978 2829 3032 interea
2873 2979 3034 3035 simul
3066 2989 3122 3033 ut
3160 2982 3302 3035 senis
3352 2980 3450 3035 fuit
3498 2982 3765 3049 voluntas,

2192 3067 2482 3136 multisque
2526 3068 2778 3139 lacrymis
2812 3072 3041 3139 profusis
3079 3072 3418 3126 devotionem
3450 3088 3600 3126 suam
3628 3089 3761 3142 apo-

2118 3146 2166 3212 C
2197 3156 2456 3211 stolorum
2524 3159 2911 3215 commiserunt
2982 3160 3269 3231 suffragiis.
3313 3162 3585 3218 Oratione
3638 3176 3765 3219 vero

2195 3250 2461 3318 completa
2493 3250 2658 3317 erepit
2696 3265 2792 3303 eos
2819 3252 3123 3305 reverenda:
3154 3252 3424 3305 memoria:
3450 3253 3559 3322 jam
3602 3254 3772 3309 dictus

2198 3340 2357 3395 Pater
2385 3341 2567 3394 verbis
2615 3343 2874 3396 suasoriis
2915 3343 3225 3405 admonere,
3257 3354 3314 3396 ιιι
3353 3358 3537 3397 secum
3564 3345 3632 3397 ad
3666 3362 3773 3399 mo-

2198 3432 2490 3486 nasterium
2538 3441 2974 3487 reverterentur:
3008 3444 3065 3487 ct
3105 3435 3412 3503 aliquandiu
3459 3436 3603 3503 apud
3656 3451 3772 3490 cum

2197 3523 2475 3587 remorati,
2521 3524 2855 3593 propositum
2907 3525 3256 3579 institutionis
3298 3516 3409 3580 sua:
3459 3528 3693 3582 videndo
3720 3537 3773 3584 et

2197 3613 2468 3689 operando
2511 3614 2864 3679 addiscerem,
2898 3625 2951 3668 et
2983 3625 3091 3668 tum
3143 3616 3354 3670 demum
3385 3628 3490 3686 quo
3519 3632 3615 3671 eos
3663 3617 3773 3671 Deo

2200 3707 2374 3759 minus
2406 3707 2568 3761 vellet
2596 3721 2787 3760 vocare
2817 3714 3185 3775 (imperarent.
3232 3708 3297 3760 Et
3328 3718 3388 3760 ut
3426 3707 3604 3762 verbis
3633 3707 3773 3762 illius

2211 3804 2366 3848 utar:
2410 3812 2429 3844 ι
2456 3795 2669 3857 Audite,
2693 3796 2884 3862 inquit,
2913 3810 2944 3847 ο
2975 3795 3099 3860 filii,
3128 3797 3409 3850 consilium
3460 3812 3659 3852 meum.
3697 3797 3776 3852 Ad

2199 3888 2582 3940 monasterium
2630 3886 2715 3939 cui
2762 3886 3007 3939 deservio
3067 3888 3391 3940 revertimini
3441 3903 3684 3950 mecum,
3727 3898 3780 3943 et

2202 3985 2419 4046 propter
2464 3976 2708 4030 ardorem
2754 3980 2913 4031 vestri
2962 3977 3240 4047 desiderii,
3278 3996 3580 4049 quanquam
3628 3991 3777 4035 extra

2202 4085 2362 4124 nsum
2393 4071 2721 4133 monasterii,
2744 4069 3063 4123 intrinsecus
3108 4084 3201 4123 vos
3234 4072 3509 4138 recipiam,
3538 4082 3595 4123 ut
3624 4072 3779 4125 simul
3847 4118 3850 4121 .

2200 4179 2323 4217 cum
2370 4160 2621 4215 fratribus
2668 4161 2859 4225 cdatis,
2904 4162 3062 4214 simul
3124 4161 3426 4228 dortniatis,
3458 4165 3618 4217 simul
3663 4179 3783 4217 ora-

2205 4255 2332 4308 tioni
2364 4255 2586 4320 vacetis,
2614 4254 2882 4323 simulque
2906 4254 2973 4307 ad
3000 4269 3135 4322 Opus
3168 4270 3421 4308 manuum
3448 4258 3657 4309 exeatis
3685 4274 3699 4309 :
3729 4266 3784 4309 ut

2207 4344 2288 4399 his
2313 4345 2587 4399 exercitiis
2633 4345 2836 4414 probati
2886 4344 3069 4399 sciatis
3104 4345 3297 4413 quibus
3327 4345 3502 4399 modis
3533 4348 3780 4415 proposi-

2208 4446 2317 4490 tum
2350 4437 2596 4491 monachi
2622 4437 2915 4504 adimplere
2941 4436 3185 4491 valeatis.
3219 4455 3237 4488 )
3267 4437 3391 4491 ΙΙωο
3408 4450 3460 4492 et
3480 4439 3561 4492 his
3585 4439 3774 4493 similia

2209 4544 2273 4584 eo
2300 4530 2511 4583 dicente
2541 4530 2883 4597 praebuerunt
2912 4543 3212 4593 assensum,
3243 4530 3547 4598 pariterque
3569 4545 3688 4584 cum
3713 4544 3777 4583 eo

2208 4625 2272 4679 ad
2308 4626 2691 4678 monasterium
2724 4633 2851 4678 sunt
2886 4623 3137 4695 regressi,
3168 4624 3221 4678 in
3248 4638 3355 4693 quo
3385 4624 3568 4692 paucis
3596 4623 3781 4678 diebus

2210 4717 2458 4770 remorati
2483 4717 2549 4768 ad
2583 4716 2796 4784 plenum
2827 4717 3073 4769 instructi
3103 4727 3247 4769 sunt.

2365 4805 2438 4854 'l'e
2458 4805 2601 4853 simul
2629 4819 2746 4854 ecce
2774 4811 2965 4866 petunt.
2990 4806 3122 4855 Petri
3148 4808 3261 4854 dum
3288 4806 3451 4855 limina
3476 4814 3722 4866 qnxrunt,

2367 4866 2515 4913 Itonia
2543 4869 2680 4916 beata
2715 4871 2871 4925 nimis,
2899 4869 3195 4929 ft'atreSque,
3219 4882 3477 4929 senexque
3506 4868 3694 4927 tidelts,

2364 4933 2499 4987 Quos
2522 4937 2590 4976 tra
2602 4929 2669 4977 hit
2692 4930 2791 4990 ipsa
2812 4930 2979 4977 ferens
3003 4932 3112 4976 lidei
3144 4942 3231 4990 per
3251 4931 3294 4975 lu
3307 4938 3407 4978 lora
3433 4934 3583 4976 navis.

2282 5012 2333 5063 8.
2370 5013 2575 5065 Accidit
2615 5024 2789 5065 autem
2821 5023 2877 5064 nt
2921 5015 3045 5065 dum
3092 5022 3240 5080 pater
3283 5017 3508 5066 duorum
3542 5018 3782 5075 fratrum,

2211 5101 2433 5154 Tatonis
2474 5102 2679 5158 scilicet
2707 5113 2868 5170 atque
2898 5102 3146 5166 'l‘asonis,
3176 5120 3294 5157 cum
3330 5104 3541 5158 caeteris
3587 5121 3780 5174 paren-

2215 5196 2352 5249 tibus
2382 5194 2483 5248 huc
2512 5195 2739 5263 illucque
2770 5210 2863 5248 eos
2903 5205 3225 5264 qumrerent,
3260 5197 3599 5265 rapidissimo
3630 5213 3784 5251 cursu

2209 5355 2444 5424 catalogo
2501 5358 2875 5424 provinciarum
2930 5357 3101 5412 “aliis:
3142 5360 3354 5412 minime
3423 5359 3487 5410 ab
3568 5359 3784 5423 nnttqtn's

2209 5430 2460 5488 descripta
2494 5438 2583 5480 est.
2622 5428 2680 5482 Si
2708 5430 2820 5499 quis
2857 5439 3023 5483 autem
3065 5430 3196 5481 [tunc
3238 5446 3327 5498 per
3368 5446 3420 5483 se
3471 5432 3780 5496 provinciam

2209 5514 2319 5550 esse
2354 5515 2469 5549 ιίϊει
2525 5501 2722 5551 ratione
2768 5501 3163 5569 romprobmmit
3192 5541 3205 5562 ,
3259 5502 3413 5570 hujus
3469 5500 3780 5552 rationabiiis

2209 5572 2455 5620 ερηιρηιιιι
2480 5570 2644 5621 modis
2666 5570 2897 5623 omnibus
2927 5573 3019 5624 erit
3041 5572 3328 5623 retinenda.
3442 5580 3447 5585 ‘

2283 5644 2306 5675 ι’
2342 5640 2415 5692 Dc
2460 5642 2659 5692 'fhottta
2712 5641 2983 5694 Fariensis
3034 5643 3342 5694 monasterii
3418 5643 3779 5694 instanralore

2208 5720 2381 5762 actum
2412 5711 2475 5762 ad
2510 5727 2636 5762 ann.
2668 5712 2796 5777 715,
2823 5713 2910 5768 ubi
2946 5713 3057 5767 hazc
3087 5724 3392 5767 sanctorum
3427 5712 3783 5781 peregtinatio

2212 5782 2326 5833 fuse
2357 5782 2701 5837 describitur.
