4022 6320
250 333 376 389 1535

1054 322 1057 323 ν
1106 331 1257 387 νιτΑ
1297 333 1394 389 SS.
1430 332 1792 397 P.\l.DONiS,
1837 333 2123 392 TASONIS
2162 330 2251 389 ΕΤ
2290 333 2611 390 TATONIS.

3344 337 3479 399 i326

250 447 456 501 domam
483 443 743 500 venirent.
781 444 928 512 Quos
956 445 1082 500 dum
1112 444 1350 500 studiose
1384 453 1711 512 qttmrerent,
1740 459 1801 499 ac
1834 450 1880 505 A
1909 445 2117 509 dantes,
2154 444 2328 500 Nolite
2369 461 2595 515 quwrcre
2637 462 2753 514 qua:
2790 455 2949 500 vestra
2994 459 3110 504 sunt
3150 452 3364 523 singuli,
3393 458 3482 509 sed

240 552 566 606 nequaquam
598 538 722 592 inibi
766 539 1100 603 invenirent;
1149 538 1373 592 audiunt
1423 553 1450 590 a
1501 537 1799 592 dicentibus

248 627 472 689 Sabinis,
498 642 591 682 eos
616 643 736 683 esse
775 629 828 682 in
856 630 1181 683 monasterio
1210 628 1459 698 gloriosae
1512 627 1603 682 Dei
1651 626 1807 695 geni—

250 719 387 773 tricis
415 718 610 774 Maria.
640 718 789 773 Tunc
820 720 894 775 illi
925 719 1147 790 majoris
1191 722 1389 775 amoris
1435 720 1663 773 stimulis
1694 720 1805 785 agi-

248 813 336 866 tati
381 812 605 880 spatium
652 813 857 867 itineris
903 814 1045 869 illius
1089 815 1237 883 quasi
1291 813 1702 868 transvolantes.
1742 811 1807 865 ad

250 904 554 973 prtedictum
611 905 988 959 monasterium
1042 914 1440 974 pervenerunt:
1473 920 1501 958 ιι
1554 904 1813 973 praedicto

246 998 550 1051 monasterii
605 997 760 1053 Patre
807 1000 1095 1067 petierunt,
1142 1009 1199 1053 ut
1239 1000 1545 1067 aspectibus
1594 998 1803 1052 illorum

246 1098 706 1159 praesentarentur.
749 1092 1080 1148 Venerabilis
1128 1104 1309 1148 autem
1359 1109 1548 1159 senex,
1594 1103 1649 1147 ιιι
1695 1102 1813 1147 erat

244 1182 519 1238 suadibilis
545 1184 777 1255 eloquio,
805 1186 1086 1240 admonuit
1127 1198 1184 1241 ut
1210 1187 1444 1243 exirent.
1478 1187 1584 1240 Illis
1632 1195 1811 1240 autem

245 1274 595 1330 renitentibus
623 1276 876 1340 compulit
902 1291 1015 1340 eos,
1043 1287 1099 1331 ut
1143 1278 1243 1331 sibi
1293 1278 1578 1343 imperanti
1610 1277 1815 1333 obedi-

242 1374 379 1420 rent.
412 1366 478 1423 Ut
525 1382 653 1422 vero
694 1369 895 1439 egressi
938 1380 1078 1433 sunt,
1112 1380 1471 1439 parentesque
1519 1385 1614 1423 eos
1661 1370 1811 1425 vide-

240 1465 384 1523 runt,
407 1459 757 1515 vehementer
802 1459 932 1516 ﬂere
979 1462 1633 1532 cmperunt,elevataque
1680 1478 1817 1517 voce

240 1550 303 1601 ad
334 1565 427 1605 eos
456 1550 742 1606 dixerunt:
774 1553 883 1607 Cur
907 1569 1004 1608 nos
1048 1565 1358 1623 peccatores
1389 1566 1637 1624 tanquam
1671 1571 1817 1609 mor-

243 1650 361 1695 tuos
391 1643 713 1710 reliquistis?
736 1652 792 1697 ut
815 1645 940 1715 quid
974 1661 1151 1699 curam
1186 1646 1479 1701 animarum
1514 1656 1812 1699 nostrarum

241 1733 591 1787 deseruistis?
636 1736 884 1790 nullusne
926 1737 1079 1791 vobis
1129 1738 1266 1791 inest
1297 1738 1510 1804 pietatis
1559 1737 1814 1802 aliectus,

240 1825 389 1879 milia
430 1828 910 1897 consanguinitatis
959 1829 1294 1896 compassio?
1322 1831 1693 1893 obsecramus,
1741 1832 1823 1884 in-
1859 1836 1901 1894 Β

241 1916 451 1984 quiunt,
498 1916 863 1982 obsecramus,
894 1928 948 1973 et
978 1934 1072 1988 per
1104 1921 1267 1974 Deum
1318 1920 1648 1975 conditorem
1698 1920 1821 1974 caeli

234 2018 301 2075 et
348 2016 511 2063 terra}
565 2008 937 2079 deprecamur,
983 2027 1050 2066 ne
1101 2028 1199 2067 nos
1243 2012 1549 2068 deseratis:
1590 2011 1709 2081 quia
1758 2012 1824 2066 ad

241 2096 518 2155 Christum
562 2102 825 2162 converti,
852 2110 906 2156 et
936 2102 1190 2157 sa'culum
1242 2103 1477 2158 funditus
1517 2104 1826 2173 relinquere

242 2204 433 2263 sumus
480 2192 672 2260 parati.
718 2191 810 2247 Sin
858 2203 1061 2257 autem,
1104 2203 1473 2249 contestamur
1520 2196 1721 2250 malum
1771 2203 1828 2248 et

240 2289 498 2352 terrram,
530 2283 840 2352 sanguinem
872 2293 1111 2338 nostrum
1146 2285 1211 2340 de
1252 2301 1412 2339 manu
1443 2296 1617 2340 vestra
1650 2302 1679 2339 a
1713 2286 1825 2340 Deo

245 2369 367 2426 fore
411 2372 779 2441 qumrendnm.
823 2373 902 2427 Ad
953 2390 1176 2442 quorum
1231 2377 1389 2429 verba
1459 2376 1830 2448 lacrymasque

244 2469 413 2531 atque
442 2462 700 2531 singultus
729 2463 855 2517 dum
907 2465 977 2517 illi
1013 2466 1208 2534 pietate
1256 2481 1589 2535 nequaquam
1642 2482 1828 2523 moveo

243 2566 463 2621 rentur,
507 2570 687 2622 seque,
714 2568 778 2613 ut
822 2559 930 2613 Deo
976 2560 1354 2627 promiserant,
1387 2560 1585 2616 Gallias
1637 2569 1822 2629 petere

248 2645 531 2712 dicerent;
581 2656 883 2715 propterea,
930 2660 985 2703 ut
1012 2660 1196 2717 aperte
1245 2667 1385 2707 nunc
1425 2652 1821 2718 cognoscimus,

246 2736 433 2791 fertur
472 2752 632 2792 senex
665 2738 729 2791 ad
759 2753 852 2792 eos
878 2754 1009 2794 voce
1051 2740 1288 2796 dixisse:
1321 2740 1607 2807 Contidite,
1638 2741 1830 2809 inquit,

244 2827 368 2895 lilii,
403 2827 676 2891 conﬁdite,
708 2838 761 2882 et
811 2829 879 2883 de
925 2829 1019 2883 Dei
1072 2831 1436 2886 misericordia
1490 2831 1830 2900 praesumite;

242 2918 373 2989 quia
403 2917 455 2971 si
483 2918 641 2972 modo
670 2920 802 2974 meis
828 2921 1045 2975 monitis
1069 2935 1247 2975 aurem
1274 2921 1592 2976 obedientize
1616 2936 1833 2976 aerom-

244 3007 624 3075 modaveritis,
673 3010 825 3064 multi
877 3026 970 3077 per
1013 3020 1204 3065 vestra:
1251 3013 1476 3066 actionis
1518 3012 1823 3081 exemplum

237 3098 481 3153 cmlesm
527 3100 889 3169 ingredientnr
933 3116 1177 3173 regnum.
1221 3102 1437 3166 Audite,
1482 3103 1682 3172 inquit,
1740 3101 1829 3156 lilii

1909 554 2022 603 qua:
2049 537 2254 592 alterius
2283 535 2337 606 (1
2357 536 2476 590 Cor.
2500 554 2554 602 x,
2578 536 2703 607 24);
2733 539 2797 592 ab
2829 540 2909 593 his
2945 555 3065 609 quae
3095 553 3373 610 coeperant
3397 562 3484 599 re-

1911 635 2105 682 vocant
2157 629 2385 691 animos,
2416 638 2576 695 atque
2622 630 2690 682 ab
2720 630 2909 686 eodem
2959 630 3334 689 benedictione
3364 651 3486 704 pcr-

1912 727 2060 788 cepta
2095 719 2194 773 iter
2218 719 2504 787 arripiunt,
2530 730 2583 772 et
2610 720 2675 772 ad
2708 719 2848 774 hunc
2878 736 3036 789 quem
3067 721 3350 778 incolimus
3378 740 3491 793 per.

1913 814 2129 868 veniunt
2174 814 2373 881 locum,
2418 813 2547 868 nihil
2596 829 2778 869 secum
2826 814 2878 868 in
2930 815 3201 870 alimoniis
3244 819 3489 887 corporis

1913 914 2109 975 praeter
2133 905 2384 958 viaticum
2413 904 2465 959 in
2498 905 2750 973 sportella
2785 904 3041 971 ferentes,
3071 908 3178 972 iam
3210 915 3338 964 tunc
3370 923 3475 961 non

1915 1001 2255 1053 immemores
2284 997 2424 1051 illius
2456 998 2707 1067 praecepti
2748 998 2977 1053 dicentis
3010 1016 3022 1050 ε
3061 998 3238 1053 Nolite
3280 999 3495 1053 solliciti

1915 1107 2021 1145 esse
2043 1091 2168 1158 quid
2198 1089 2534 1153 manducetis,
2559 1098 2646 1141 aut
2671 1090 2794 1159 quid
2821 1089 3002 1143 bibatis
3029 1089 3246 1159 (Matth.
3274 1104 3344 1152 Vt,
3368 1088 3493 1155 '51);

1915 1192 1993 1248 et,
2012 1181 2185 1235 Nolite
2207 1168 2415 1235 solliciti
2438 1181 2617 1235 essein
2640 1181 2918 1233 crastinum
2943 1177 2995 1248 (1
3000 1180 3131 1245 bid.,
3148 1178 3261 1247 54).
3280 1177 3384 1233 Sed
3410 1178 3497 1232 ille

1917 1270 2007 1341 qui
2030 1278 2248 1339 propter
2277 1269 2546 1324 miseriam
2579 1268 2792 1336 inopum
2832 1277 2886 1322 et
2914 1268 3165 1333 gemitum
3197 1280 3488 1334 pauperum

1919 1370 1977 1413 ut
2006 1360 2124 1428 pius
2149 1368 2298 1425 pater
2319 1360 2573 1429 exsurgit,
2605 1358 2691 1425 qui
2719 1358 2841 1412 talia
2865 1358 3141 1428 agentibus
3164 1355 3492 1426 repromittit

1918 1454 2101 1508 dicens
2144 1471 2155 1505 :
2203 1451 2427 1517 Quaerite
2470 1451 2687 1521 primum
2732 1467 2946 1517 regnum
3004 1448 3100 1503 Dei
3146 1458 3194 1503 et
3235 1448 3495 1520 justitiam

1919 1545 2058 1614 ejus,
2097 1554 2143 1599 et
2197 1546 2306 1597 Ilch
2352 1544 2523 1595 omnia
2567 1543 2872 1609 adﬁcientur
2922 1542 3061 1596 vobis
3102 1538 3326 1613 (Ibid);
3358 1540 3496 1593 hanc

1920 1651 2105 1691 eorum
2193 1635 2349 1689 ﬁdem
2410 1634 2711 1705 aspiciens,
2776 1636 2883 1690 cito
2954 1635 3144 1703 stipem
3218 1632 3494 1701 largiendo

1922 1727 2106 1782 adluit.

2050 1818 2176 1867 Tres
2198 1819 2295 1867 iter
2318 1824 2586 1879 assumunt,
2605 1816 2722 1865 nihil
2745 1818 2840 1867 huc
2860 1819 2949 1866 nisi
2971 1817 3391 1879 corporaducunt.

2048 1881 2135 1929 Est
2156 1881 2401 1941 regimen,
2428 1878 2600 1941 victus,
2625 1887 2848 1938 tegmen,
2872 1881 3138 1935 miseratio,
3162 1878 3395 1928 Christus.

2052 1941 2154 1990 Lex
2181 1940 2376 2003 quoque
2397 1953 2529 1989 sacra
2556 1940 2669 2000 Dei,
2697 1942 2778 1988 lux
2801 1942 2955 1989 noctis
2976 1941 3081 1987 sive
3104 1941 3221 1988 diei.

2001 2026 2085 2080 ll.
2114 2025 2245 2080 Nam
2274 2038 2392 2077 cum
2422 2023 2486 2077 ad
2537 2024 2675 2078 hunc
2720 2026 2770 2079 in
2814 2040 2922 2095 quo
2961 2024 3279 2087 residem'ts,
3310 2032 3363 2077 ut
3411 2022 3498 2079 di—

1927 2124 2073 2170 ctum
2116 2124 2220 2180 est,
2273 2114 2587 2184 perveniunt
2640 2116 2839 2179 locum,
2866 2118 2986 2183 quia
3031 2123 3219 2169 cuncta
3270 2130 3387 2182 quae
3430 2114 3498 2169 ad

1930 2221 2057 2263 usus
2084 2206 2328 2276 corporis
2354 2216 2477 2261 sunt
2506 2207 2802 2262 necessaria
2834 2206 3080 2274 deerant,
3106 2205 3171 2259 ad
3207 2206 3351 2260 illum
3383 2222 3506 2273 pro.

1929 2298 2073 2352 tinus
2106 2305 2339 2353 mentem
2373 2304 2683 2363 erexerunt,
2714 2297 2765 2352 in
2794 2312 2899 2365 quo
2924 2304 2978 2351 et
3005 2311 3101 2365 per
3127 2311 3282 2366 quem
3324 2298 3501 2350 omnia

1930 2392 2137 2444 vivunt.
2167 2389 2544 2461 lngrediuntur
2564 2389 2797 2459 denique
2820 2388 3130 2454 oratorium,
3162 2397 3418 2458 peragunt
3449 2389 3500 2441 in

1934 2484 2029 2537 Dei
2086 2481 2335 2537 laudibus
2384 2480 2637 2544 ofﬁcium,
2681 2489 2840 2549 atque
2892 2480 3304 2549 superveniente
3351 2488 3506 2534 nocte

1932 2576 2100 2645 quieti
2156 2574 2393 2630 membra
2449 2573 2744 2643 deponunt.
2798 2572 2903 2627 Sed
2961 2589 3055 2628 cur
3109 2573 3251 2640 dico,
3306 2574 3506 2642 quieti?

1937 2681 2060 2721 cum
2109 2673 2407 2720 terratenus
2460 2672 2660 2717 tantum
2709 2672 2856 2716 artus
2898 2662 3154 2722 locantes,
3192 2661 3257 2716 ad
3300 2677 3506 2718 morem

1938 2756 2252 2829 patriarcha:
2304 2755 2470 2810 Jacob
2531 2754 2734 2823 lapides
2790 2753 3056 2821 capitibus
3107 2753 3507 2823 supposuerint.

1937 2849 2064 2903 Dico
2086 2856 2287 2911 tamen,
2311 2847 2541 2915 quietem
2568 2860 2689 2901 esse
2716 2863 2729 2899 :
2760 2844 2810 2900 in
2842 2860 2947 2913 quo
2972 2845 3071 2899 etsi
3097 2858 3222 2899 caro
3254 2847 3502 2908 tabescit,

1936 2937 2149 3007 spiritus
2176 2937 2496 3007 pinguescit.
2533 2936 2599 2990 Et
2644 2950 2770 2991 ecce
2801 2936 2941 2990 tacto
2988 2950 3152 3003 parvo
3200 2936 3500 2997 intervallo,

1937 3029 2079 3086 venit
2105 3029 2171 3083 ad
2199 3043 2294 3082 eos
2312 3027 2527 3095 quidam
2557 3028 2716 3081 homo
2742 3027 2956 3097 ignotus
2980 3035 3244 3081 nocturno
3267 3026 3508 3087 silentio,

1938 3121 2242 3190 regiamque
2264 3118 2341 3190 [id
2358 3126 2432 3172 est
2461 3115 2687 3188 portam]
2715 3117 2932 3171 oratorii
2966 3117 3187 3185 pulsans
3210 3114 3285 3168 ait
3311 3132 3322 3167 :
3349 3115 3507 3179 Quis-

246 3188 562 3256 bominum,
595 3190 774 3245 audite
813 3192 1092 3247 consilium
1141 3195 1306 3261 patris
1333 3194 1520 3259 vestri,
1546 3204 1600 3247 et
1642 3193 1832 3248 horum

1942 3188 2065 3266 nam
2099 3188 2197 3265 hoc
2226 3188 2283 3264 in
2310 3212 2425 3266 loco
2464 3208 2726 3279 quiescit?
2756 3208 2835 3263 Ad
2866 3222 3048 3262 vocem
3089 3205 3344 3262 exsiliens
3376 3206 3508 3261 taci‘

241 3295 448 3352 preces
485 3296 739 3351 spernere
780 3283 964 3337 nolite.
1010 3285 1295 3337 Ostendam
1348 3286 1518 3351 vobis,
1552 3285 1596 3338 si
1647 3286 1830 3349 vultis,

240 3388 275 3426 a
346 3371 466 3426 Deo
516 3372 664 3425 vobis
722 3371 894 3426 locum
942 3383 1319 3442 praeparatum.
1373 3374 1544 3440 Spero
1588 3375 1728 3426 enim
1782 3375 1833 3429 in

242 3464 507 3531 Domino,
553 3466 803 3535 quoniam
836 3465 942 3518 illic
970 3466 1281 3534 adimplebit
1334 3468 1470 3521 licus
1498 3467 1829 3522 desiderium

240 3566 525 3620 vestrum,
555 3556 729 3623 ibique
759 3554 919 3610 faciet
963 3557 1069 3610 Deo
1098 3557 1322 3611 fructum
1350 3567 1652 3629 acreptum.
1694 3558 1837 3613 ludi-

241 3647 396 3702 cium
452 3656 628 3700 autem
669 3646 771 3701 loci
826 3648 1117 3717 percipite,
1160 3658 1211 3702 et
1251 3648 1315 3703 ad
1355 3665 1475 3705 eum
1523 3652 1839 3720 quantocius

244 3749 569 3808 properate.

410 3847 521 3896 Non
542 3848 689 3898 Pater
712 3847 800 3896 hos
821 3849 1032 3907 monitis,
1053 3850 1240 3909 gemitu
1276 3862 1476 3911 movere
1495 3855 1743 3911 parentes.

414 3910 519 3972 sed
545 3912 745 3969 patriam
767 3920 970 3969 gentem
995 3919 1314 3961 contemnere
1340 3914 1431 3960 rite
1456 3910 1690 3972 fatentes,

422 3971 583 4021 Mollia
609 3978 923 4034 spernentes,
953 3986 1039 4034 pro
1062 3972 1257 4023 Christo
1277 3972 1396 4021 dura
1416 3973 1652 4023 terentes.

314 4078 378 4134 9.
420 4075 518 4130 Est
541 4084 740 4137 autem,
766 4074 1123 4139 dilectissimi,
1153 4076 1302 4130 locus
1329 4076 1393 4130 ad
1424 4092 1581 4145 quem
1622 4092 1720 4130 vos
1751 4077 1829 4131 ire

236 4169 516 4227 desidero
555 4167 610 4222 in
657 4166 859 4221 Samnii
891 4166 1129 4234 partibus
1175 4181 1337 4233 super
1382 4168 1551 4236 ripam
1586 4168 1833 4222 Vulturni

239 4261 526 4326 luminis,
559 4258 646 4312 ubi
676 4256 886 4311 initium
914 4257 1080 4312 sumit
1105 4272 1136 4312 a
1165 4257 1312 4312 mille
1343 4257 1452 4313 fere
1494 4260 1757 4325 passibus.
1785 4261 1837 4312 in

239 4370 364 4425 quo
423 4350 844 4405 videlicet.le
891 4350 1053 4404 situm
1106 4360 1191 4405 est
1242 4353 1533 4405 oratorium
1590 4355 1840 4422 martyris

241 4444 469 4504 Christi
524 4442 788 4497 Viucentii
853 4444 1070 4497 nomine
1116 4442 1461 4498 dedicatum:
1500 4458 1566 4497 ex
1616 4454 1841 4513 utraque

239 4551 387 4594 vero
421 4542 575 4603 parte
611 4531 841 4587 ﬂuminis
869 4533 1000 4586 silva
1032 4532 1374 4595 densissima,
1399 4547 1517 4601 quas
1547 4533 1835 4587 babitatio-
1871 4544 1919 4599 ι)

239 4643 381 4684 nem
414 4631 625 4680 tantum
659 4631 874 4691 prastat
900 4622 1157 4689 ferarum,
1192 4624 1517 4693 latibulaque
1547 4626 1835 4679 latronum.

240 4717 622 4783 Omnipotens
678 4722 855 4767 autem
922 4712 1180 4767 Dominus
1235 4714 1320 4767 cui
1383 4730 1478 4767 vos
1534 4715 1842 4768 famulatum

239 4808 527 4867 exhibere
554 4803 890 4865 desideratis,
922 4812 976 4859 et
1011 4818 1105 4856 vos
1136 4805 1188 4856 in
1221 4804 1409 4858 eodem
1463 4804 1580 4858 loco
1646 4805 1846 4858 illaesos

240 4898 529 4963 servabit,
553 4906 607 4952 et
631 4897 835 4952 cunctis
865 4898 966 4951 iter
992 4896 1269 4962 agentibus
1296 4911 1326 4948 a
1355 4896 1546 4950 timore
1574 4896 1839 4949 latronum

242 4998 516 5061 pacatum
549 4994 709 5055 atque
737 5002 985 5040 securum
1017 4986 1327 5047 constituet,
1360 5000 1564 5038 necnon
1605 4997 1660 5039 BI.
1686 5000 1843 5040 cera-

241 5085 354 5147 sis,
392 5078 596 5142 dumis,
639 5092 702 5131 ac
749 5077 1008 5141 sentibus,
1041 5077 1194 5144 lignis
1235 5075 1525 5129 l'rnrtileris
1574 5076 1845 5129 abundare

241 5173 451 5228 faciet.
483 5168 575 5235 Ite,
608 5170 700 5232 ait,
735 5168 847 5231 lilii,
878 5178 931 5222 et
961 5170 1009 5220 in
1041 5166 1225 5221 eodem
1260 5167 1376 5220 loco
1422 5169 1539 5219 sine
1572 5176 1715 5219 mettt
1752 5181 1845 5219 eu-

238 5270 572 5336 juscnnqne
602 5270 930 5331 permanete.

422 5373 530 5425 Hos
553 5381 691 5435 pater
715 5373 789 5421 ire
804 5377 992 5435 monet,
1020 5370 1121 5418 loca
1146 5374 1375 5435 monstrat
1390 5369 1564 5435 pervia
1589 5366 1751 5435 nullis,

426 5430 698 5500 Arboribus
720 5433 903 5492 multis,
921 5430 1244 5500 _qua3_comant
1267 5432 1469 5500 ﬂumina
1488 5430 1718 5500 pulchris,

426 5498 671 5551 Montibus
688 5534 702 5557 ,
725 5502 777 5544 et
801 5492 980 5551 ventis,
1008 5495 1200 5541 nivibus
1222 5501 1337 5540 sunt
1358 5492 1532 5551 frigida
1555 5492 1740 5538 mwstis

330 5604 435 5660 10.
469 5601 564 5656 liis
591 5601 749 5671 igitur
770 5608 825 5655 et
854 5596 1216 5668 hujuscemodi
1258 5595 1437 5650 verbis
1464 5609 1490 5648 a
1523 5596 1698 5665 rigore
1746 5595 1843 5648 ob-

243 5688 579 5755 stinationis
623 5691 866 5756 emolliti,
912 5699 1161 5757 tanquam
1208 5689 1479 5743 Christum
1533 5688 1585 5742 in
1631 5688 1845 5741 seniore

242 5792 587 5858 loquentem
633 5783 990 5851 attendentes,
1024 5781 1372 5851 Apostolique
1419 5780 1615 5834 dictum
1652 5795 1843 5835 recor—

1940 3314 2024 3357 tus
2052 3301 2201 3357 venit
2227 3302 2291 3355 ad
2318 3316 2439 3356 eum
2471 3300 2788 3356 venerabilis
2809 3298 2965 3352 Taso.
2998 3297 3093 3352 Cui
3127 3299 3216 3352 ille
3248 3314 3261 3349 :
3292 3296 3508 3361 Audivi,

1939 3393 2127 3462 inquit,
2170 3407 2197 3444 a
2247 3391 2563 3455 dicentibus,
2607 3390 2855 3460 quoniam
2896 3388 2984 3443 hic
3025 3389 3299 3458 peregrini
3356 3389 3513 3442 ades-

1940 3492 2092 3546 sent,
2123 3490 2176 3535 et
2211 3491 2490 3549 propterea
2535 3496 2566 3534 a
2616 3479 2920 3550 pastoribus
2962 3479 3095 3533 meis
3144 3480 3386 3542 veniens,
3417 3477 3514 3531 dc-

1940 3572 2031 3626 tuli
2062 3566 2300 3624 modium
2347 3568 2531 3623 farinae
2557 3584 2619 3623 ac
2661 3569 2793 3632 vini,
2828 3568 2871 3622 si
2906 3568 3068 3622 habes
3109 3568 3196 3620 ubi
3234 3569 3334 3621 hoc
3367 3568 3509 3635 quod

1940 3661 2093 3715 attuli
2141 3660 2427 3715 recondas.
2473 3660 2622 3713 Tunc
2669 3660 2753 3713 ille
2801 3658 3041 3725 quaedam
3093 3658 3307 3711 vascula
3359 3672 3511 3725 repeo

1942 3752 2107 3816 riens,
2142 3761 2390 3819 tanquam
2419 3764 2448 3802 a
2482 3749 2590 3803 Deo
2618 3749 2717 3802 sibi
2751 3748 2924 3801 ob'ata
2966 3749 3201 3815 suscepit
3230 3762 3347 3815 qua:
3374 3746 3508 3801 olle-

1941 3844 2231 3896 rehantur:
2261 3858 2365 3910 quo
2410 3841 2727 3897 abscedente
2759 3841 2937 3895 nullus
2965 3841 3217 3911 deinceps
3263 3856 3510 3911 compero
3572 3870 3573 3875 η

1945 3942 2029 3987 tus
2056 3931 2151 3986 luit
2174 3933 2416 4002 quisnam
2443 3932 2533 3987 ille
2566 3932 2748 3985 fuisset
2776 3932 2864 4001 qui
2898 3932 2997 3989 hoc
3023 3947 3213 3985 munus
3237 3941 3510 4000 gratanter

1942 4025 2241 4079 obtulisset.
2275 4024 2369 4078 liis
2419 4025 2578 4094 igitur
2620 4023 2828 4078 indiciis
2877 4024 3041 4077 claret
3081 4040 3107 4073 a
3146 4032 3343 4091 quanta
3393 4036 3517 4089 per-

1946 4116 2176 4171 fectione
2203 4124 2480 4183 cmporunt
2510 4116 2566 4179 ii,
2599 4130 2691 4181 prr
2715 4129 2849 4185 quos
2879 4115 3020 4167 hunc
3052 4116 3223 4168 locum
3254 4116 3319 4166 ad
3352 4122 3511 4166 tantas

1948 4206 2328 4276 magnitudinis
2369 4206 2743 4262 excellentiam
2796 4207 3088 4275 perducere
3138 4205 3388 4274 dignatus
3430 4218 3514 4259 est

1947 4301 2287 4369 omnipotens
2316 4300 2483 4353 Deus.

2069 4412 2288 4469 Angelus
2308 4412 2531 4469 accessit,
2555 4411 2780 4472 dixitque
2799 4426 2817 4472 7:
2843 4411 2962 4469 Quis
2984 4411 3060 4458 hic
3085 4410 3396 4471 requiescit?

2073 4475 2244 4523 Exedit
2267 4475 2377 4522 inde
2401 4473 2526 4521 'l‘ase
2554 4471 2865 4532 tacilo’pede,
2888 4481 3088 4531 pectore
3113 4478 3253 4531 grato
3274 4485 3286 4520 :

2068 4538 2269 4586 Munera
2290 4537 2366 4585 cui
2392 4542 2626 4596 praestans
2646 4537 2825 4594 vinum,
2851 4532 3073 4591 similam,
3100 4534 3228 4582 redit
3248 4542 3406 4582 extra.

2021 4644 2108 4697 12.
2164 4642 2219 4697 1η
2267 4642 2368 4695 hac
2411 4632 2659 4711 denique
2686 4640 2881 4693 Christi
2919 4647 3231 4707 paupertate
3279 4638 3506 4691 sollicite

1949 4735 2313 4805 persistentes,
2359 4749 2542 4788 eorum
2601 4736 2706 4786 vita
2758 4747 2914 4800 quam
2948 4732 3085 4784 Deus
3114 4732 3178 4783 ad
3208 4730 3513 4794 exemplum

1949 4828 2297 4894 plurimorum
2328 4822 2611 4878 ostendere
2639 4821 2924 4887 disposuit.
2962 4822 3115 4888 longe
3149 4822 3358 4888 lateque
3392 4834 3514 4885 pcr-

1948 4920 2143 4979 sonuit,
2191 4926 2348 4986 atque
2393 4920 2604 4969 lucerna
2661 4929 2819 4980 Super
2883 4914 3265 4967 candelabrum
3344 4912 3517 4979 posita

1947 5011 2147 5063 diutius
2173 5008 2339 5061 latere
2362 5021 2465 5061 non
2498 5008 2662 5074 potuit
2688 5023 2701 5059 :
2729 5013 2782 5057 et
2804 5020 2926 5057 cum
2954 5005 3100 5056 multi
3134 5017 3321 5055 eorum
3349 5004 3507 5055 vitam

1949 5100 2141 5153 imitari
2189 5098 2406 5163 cupiunt
2431 5137 2447 5159 ,
2484 5095 2768 5150 multitudo
2797 5093 3143 5147 fraternitatis
3174 5091 3238 5144 ad
3267 5105 3359 5144 eos
3385 5105 3515 5145 con-

1948 5207 2163 5245 currere
2192 5192 2371 5254 cepit.

2072 5304 2238 5362 Longe
2265 5315 2353 5362 per
2377 5301 2480 5361 [F.,
2504 5302 2601 5361 ter]
2620 5305 2815 5362 centum
2844 5297 2985 5362 sociis
3004 5294 3253 5362 moderare
3280 5294 3517 5345 talentum

2069 5355 2417 5415 Femina-sacra
2441 5355 2621 5421 ferunt,
2645 5360 2846 5421 palmam
2871 5358 3087 5421 bellique
3113 5355 3334 5404 tulerunt
3357 5371 3367 5403 :

2072 5427 2131 5476 Et
2154 5428 2347 5487 capiunt
2370 5426 2544 5473 mullos
2566 5417 2717 5469 valido
2742 5422 2804 5466 de
2827 5420 3026 5479 gurgite
3048 5417 3235 5466 ductos.

2024 5511 2110 5564 1'5.
2142 5508 2350 5562 Primus
2396 5508 2573 5574 itaque
2622 5500 2833 5567 prterunt
2860 5514 3015 5551 sacro
3042 5498 3190 5567 gregi
3225 5497 3391 5550 Paldn
3422 5496 3513 5549 Dei

1949 5599 2196 5661 famulus,
2227 5597 2318 5665 qui
2358 5606 2475 5650 erat
2516 5591 2735 5645 omnino
2790 5591 3121 5653 mitissimus,
3169 5588 3367 5656 quique
3419 5599 3517 5655 per

1948 5692 2121 5745 omnia
2147 5689 2247 5743 hoc
2276 5689 2328 5741 in
2359 5686 2469 5739 suis
2490 5684 2693 5737 actibus
2717 5682 3051 5745 ostendebat,
3084 5680 3223 5747 quod
3247 5679 3360 5734 suis
3385 5679 3511 5735 δυ’)-

1943 5782 2100 5849 jeCIis
2131 5794 2260 5832 voce
2289 5774 2609 5845 prmdicabat
2643 5790 2657 5835 ;
2695 5774 2763 5824 ita
2813 5782 3018 5824 amator
3053 5771 3249 5825 Christi
3279 5783 3518 5839 panper-
