4022 6320
496 343 532 397 1
543 341 640 395 ’ὁξῖ

1300 328 1353 382 S.
1398 320 1716 381 AMBROSH
1758 313 2093 373 MJTI‘ERTI
2140 305 2618 365 BENEVENTANI
2662 302 2949 358 ABBA'I‘IS

3611 297 3741 354 1528

510 452 654 513 tatis,
685 460 781 501 nec
809 443 962 498 sicuti
990 443 1249 501 carnales,
1284 448 1519 491 :esluatts
1562 431 1769 489 divitiis
1818 426 2067 483 terrenis.
2108 430 2148 487 Α
2177 420 2432 475 deberent
2456 415 2643 478 trctari,
2676 410 2952 467 subdendo
2995 406 3296 507 manifestat
3328 406 3517 508 dicens
3553 423 3570 457 :
3603 408 3741 461 Gau-

464 570 475 575 ~
517 542 610 595 llic
637 519 828 603 nempe
856 536 1018 589 fertur
1043 532 1108 587 ad
1134 529 1527 584 conﬂrmandas
1574 526 1778 578 animas
1804 519 2068 578 Fratrum,

453 656 459 663 η
514 642 570 686 ut
619 634 671 683 in
737 635 1042 696 paupertate
1109 636 1263 690 quam
1325 625 1599 685 cmperant
1686 612 2074 681 perdurarent,

515 725 713 777 dixisse
750 738 763 773 :
794 720 1006 773 Credite
1053 715 1182 768 mihi
1213 755 1226 777 ,
1264 712 1477 775 fratres,
1506 710 1624 778 quia
1671 706 1961 761 monachus
1992 704 2080 757 ille

510 814 690 884 quiin
738 813 838 865 hoc
879 806 1204 863 monasterio
1257 804 1550 873 persistens
1602 815 1771 869 usque
1807 797 1872 850 ad
1918 796 2078 850 finem

522 901 874 971 permanserit
905 941 921 963 ,
952 898 1126 952 anima
1152 896 1271 965 ejus
1324 905 1521 949 (eterna
1564 889 1825 961 supplicia
1882 901 2080 956 nequa-

508 1007 677 1061 quam
713 989 1012 1053 sustinebit,
1044 987 1137 1042 sed
1171 988 1331 1039 vitam
1360 996 1613 1040 aeternam
1644 979 1939 1051 possidebit
1985 997 1996 1029 ;
2030 985 2086 1032 et

525 1085 625 1137 hoc
669 1089 867 1134 sancta:
910 1077 1341 1147 congregationis
1387 1075 1766 1128 monasterium
1815 1084 1979 1139 usque
2016 1068 2083 1121 ad

482 1204 485 1207 -
508 1170 894 1226 Iineursteculi
928 1171 989 1223 ad
1019 1167 1309 1221 servandas
1332 1166 1537 1220 animas
1563 1164 1914 1233 permanebit.
1934 1160 2084 1229 Quod

514 1264 736 1331 :quidam
784 1261 1111 1330 ignorantes,
1153 1274 1257 1326 qua
1304 1258 1598 1311 intentione
1624 1256 1745 1309 haec
1772 1260 2088 1321 prosecutus

522 1356 711 1419 fuerit,
737 1355 862 1408 fa'lsa
890 1358 1095 1418 seipsos
1124 1353 1411 1407 securitate
1460 1349 1733 1416 decipiunt
1767 1347 1815 1412 ⁸,
1845 1344 2086 1413 quamvis

518 1449 663 1502 male
690 1448 925 1502 viventes
949 1489 964 1512 ,
984 1457 1046 1501 et
1072 1444 1537 1514 contra.Regulam
1583 1443 1795 1496 Patrum
1834 1437 1861 1475 δ
1896 1439 2091 1493 facien-

520 1549 631 1602 tes,
661 1539 759 1590 hoc
789 1539 837 1591 in
868 1538 1195 1592 monasterio
1224 1538 1266 1591 si
1296 1535 1713 1605 permanserint,
1742 1532 1923 1586 salvos
1971 1544 2092 1584 esse

524 1627 580 1682 in
612 1628 839 1682 futurum
874 1644 1029 1698 posse
1063 1646 1075 1681 :
1110 1644 1230 1682 cum
1281 1635 1486 1681 constet
1515 1625 1762 1679 omnibus
1806 1623 1927 1691 quia
1974 1622 2091 1689 qui-

529 1732 739 1787 cunque
783 1720 833 1771 in
884 1721 1277 1787 perpetratione
1328 1718 1566 1772 criminis
1597 1716 1696 1771 hoc
1728 1718 1777 1769 itt
1809 1717 1925 1769 loco
1956 1730 2087 1784 per-

533 1814 846 1874 manserint,
887 1821 940 1865 et
973 1823 1094 1865 ante
1138 1812 1364 1866 extremi
1393 1812 1569 1865 obitus
1597 1809 1738 1863 diem
1768 1824 1829 1864 se
1872 1809 2091 1863 minime

524 1903 887 1967 correxerint,
927 1902 991 1955 ad
1033 1903 1195 1956 vitam
1242 1916 1572 1971 nequaquam
1624 1915 1781 1970 posse
1832 1914 2085 1953 transire.

529 1992 815 2045 Dicendum
844 2006 1022 2047 autem
1067 1994 1169 2047 illis
1216 2004 1299 2047 est
1330 2034 1343 2054 .
1391 2007 1723 2062 nequaquam
1778 1993 1945 2044 virum
1994 1990 2089 2044 Dei

525 2095 713 2137 contra
742 2083 915 2136 divina
948 2084 1154 2153 eloquia
1187 2084 1506 2139 sententiain
1538 2083 1857 2152 protulis<e.;
1902 2082 1995 2135 sed
2030 2081 2080 2135 in

526 2174 631 2227 illis
659 2175 789 2227 hanc
815 2175 1127 2228 sententiam
1158 2190 1466 2242 permanere
1489 2174 1713 2241 dixisse,
1743 2174 1830 2242 qui
1855 2174 2089 2242 ipsorum

504 2266 756 2321 nsobriam
782 2280 833 2322 et
861 2276 1061 2323 castam
1092 2269 1251 2321 vitam
1274 2282 1336 2322 ac
1364 2267 1681 2323 laudabilem
1724 2274 2090 2336 paupertatem

522 2359 725 2414 vellent
760 2358 977 2413 imitari.

647 2495 869 2559 Qulmine
894 2495 1124 2559 praeclaro
1147 2500 1370 2549 renitens
1390 2498 1663 2549 diademate
1684 2510 1822 2548 sacro

648 2537 1116 2622 erimi'isvamacnur
1140 2537 1301 2609 Ρλιίξο
1314 2537 1663 2622 arseius,“
1673 2537 1910 2610 ἑζᾍιιξης

650 2618 937 2671 Innumeras
959 2623 1138 2670 animas
1160 2622 1353 2672 Christo
1372 2637 1519 2684 super
1539 2618 1722 2671 :ethera
1744 2625 1955 2674 mandat.

600 2765 688 2819 Η.
720 2764 924 2822 Interea
956 2768 1105 2822 turba
1146 2768 1367 2824 fratrum
1401 2783 1791 2839 succrescente,
1816 2787 2096 2843 ceperunt

531 2870 716 2914 contra
746 2871 922 2915 votum
956 2862 1287 2933 habere,per
1308 2868 1449 2935 quod
1478 2862 1695 2935 possent
1723 2870 1926 2924 eisdem
1957 2886 2093 2941 quos

534 2950 787 3018 regebant
829 2953 1132 3009 subvenire.
1174 2956 1412 3026 Dumque
1471 2960 1712 3027 pmdicti
1768 2962 2096 3017 venerabilis

532 3036 703 3094 Patris
740 3039 959 3096 Thomre
998 3044 1336 3101 immemores
1377 3048 1526 3111 dicti.
1574 3051 1770 3105 multos
1800 3066 1895 3120 per
1918 3068 2011 3106 eos
2040 3053 2091 3109 in

2181 513 2293 565 dcte
2339 520 2506 562 autem
2536 507 2671 572 quod
2701 505 2907 557 nomina
2936 509 3097 554 vestra
3126 500 3315 562 scripta
3342 512 3458 551 sunt
3491 500 3542 551 in
3588 501 3744 552 cretis.

2182 606 2363 674 Magna
2391 601 2649 672 siquidem
2678 601 2865 659 virtus,
2918 608 3274 662 magnumque
3326 603 3381 646 et
3434 592 3751 645 admirabile

2182 699 2392 753 exstitit
2440 698 2668 764 signum.
2704 706 2815 745 sua:
2859 685 3285 742 conversationis
3337 684 3595 753 exemplo
3646 695 3749 736 tant

2183 788 2491 842 innumeros
2517 782 2584 837 de
2616 781 2774 837 terris
2799 780 3043 833 elevasse
3069 776 3135 829 ad
3168 774 3335 830 cmlos
3361 816 3376 840 ,
3410 773 3479 827 de
3512 772 3754 827 tenebris

2185 879 2250 934 ad
2280 879 2472 941 lucem,
2500 876 2567 929 de
2598 881 2769 927 morte
2793 869 2858 923 ad
2900 870 3080 932 vitam,
3120 867 3188 921 de
3231 864 3430 919 exsilio
3471 864 3754 918 reduxisse

2187 972 2252 1026 ad
2283 970 2525 1041 patriam.
2584 965 2651 1019 Et
2704 972 2760 1018 ut
2803 971 2973 1031 empta
3023 974 3335 1028 prosequar,
3380 972 3524 1023 stepe
3584 956 3756 1007 dictus

2190 1059 2510 1116 venerabilis
2563 1055 2729 1110 Paldo
2754 1095 2769 1117 .
2825 1050 3144 1119 evangelicm
3177 1046 3513 1115 perfectionis
3551 1047 3633 1097 vir
3664 1058 3757 1110 per

2191 1166 2370 1208 omnia
2401 1156 2819 1209 consummatus,
2865 1143 3108 1196 humanis
3137 1140 3293 1195 rebus
3321 1139 3588 1191 excedens
3620 1150 3755 1203 prte-

2190 1242 2361 1297 sentis
2384 1240 2503 1292 vita:
2531 1238 2687 1291 linem
2719 1233 2839 1288 fecit
2869 1249 2897 1285 v
2930 1232 3005 1286 ld.
3034 1232 3278 1296 Octobr.,
3310 1229 3493 1281 indict.
3524 1226 3584 1291 5,
3610 1240 3751 1279 anno

2196 1322 2576 1386 incarnationis
2632 1325 2912 1381 dominica:
2963 1336 3131 1377 nccxx
3164 1362 3180 1386 ,
3225 1319 3493 1374 residente
3543 1319 3598 1370 in
3632 1315 3761 1369 sede

2194 1420 2485 1492 apostolica
2546 1417 2860 1474 venerandae
2914 1414 3185 1470 memorias
3236 1410 3492 1481 Gregorio
3545 1409 3613 1463 ll.
3672 1408 3765 1461 llic

2194 1521 2502 1581 susceperat
2555 1511 2691 1565 sacri
2740 1504 2966 1562 ctenobii
3008 1506 3262 1575 regimina
3298 1505 3365 1557 ab
3394 1504 3763 1556 incarnatione

2200 1603 2407 1659 Domini
2432 1617 2573 1657 anno
2599 1615 2770 1656 uccvn
2795 1598 2893 1652 sub
2921 1606 3106 1650 sancto
3130 1610 3260 1664 papa
3289 1593 3548 1649 bisinnio.

2320 1714 2411 1775 En,
2437 1712 2679 1775 paradise,
2702 1715 2811 1775 tu_os
2836 1714 3097 1775 vernantes
3118 1702 3297 1775 collige
3314 1702 3468 1775 liores

2321 1765 2471 1825 Deiiis
2493 1765 2715 1833 septenis
2740 1772 2763 1799 °
2790 1769 2926 1833 anuis
2948 1769 3226 1833 moderatus
3249 1765 3453 1833 habenis

2321 1838 2407 1887 Est
2432 1828 2578 1885 Paldo
2598 1835 2739 1893 felix,
2760 1829 2951 1892 quando
2972 1834 3052 1877 tua
3072 1829 3243 1888 gaudia
3267 1828 3413 1887 cepit.

2273 1942 2362 1997 l5.
2393 1940 2488 1995 Cui
2535 1937 2774 1994 succedit
2801 1935 2853 1989 in
2882 1944 3066 1988 sancto
3094 1928 3351 1999 regimine
3373 1924 3539 1986 Tuso.
3588 1924 3757 1976 minor

2200 2035 2414 2105 quidem
2437 2033 2610 2095 annis,
2639 2028 2732 2083 sed
2762 2025 3032 2080 ardentior
3063 2022 3115 2075 in
3144 2028 3324 2075 sancto
3348 2018 3621 2087 proposito
3647 2031 3756 2069 oni-

2202 2130 2357 2182 nibus
2385 2123 2507 2179 illis.
2550 2123 2686 2188 Quia
2716 2134 2843 2174 vero
2875 2128 3250 2184 nonnunquam
3283 2112 3326 2165 is
3353 2113 3442 2180 qui
3477 2118 3692 2179 praseSI,
3717 2108 3761 2161 si

2202 2218 2548 2273 considerare
2575 2210 2805 2281 negligat
2831 2220 2883 2264 et
2915 2204 3154 2261 contueri
3208 2203 3537 2256 infirmorum
3592 2197 3764 2253 imbe-

2202 2311 2450 2367 cillitates
2473 2348 2487 2369 ,
2522 2320 2720 2373 eosque
2749 2318 2851 2356 non
2882 2310 2938 2354 ut
2968 2295 3338 2366 praevaluerint
3363 2336 3378 2358 ,
3411 2292 3504 2347 sed
3537 2300 3596 2345 ut
3627 2290 3766 2360 rigor

2202 2400 2553 2458 districtionis
2580 2396 2697 2468 ejus
2739 2392 3036 2456 dictaverit,
3070 2389 3295 2443 voluerit
3324 2385 3524 2439 arctius
3572 2383 3767 2436 astrin-

2205 2509 2352 2565 gere,
2384 2503 2713 2560 nequaquam
2760 2500 2854 2541 eos
2907 2499 3012 2553 quo
3058 2481 3201 2550 cupit
3243 2479 3533 2547 perducere
3584 2477 3766 2537 valet,

2203 2562 2323 2653 quia
2375 2580 2496 2634 huic
2544 2577 2738 2631 nimius
2788 2574 2887 2629 zeli
2964 2573 3141 2627 fervor
3214 2571 3383 2639 pomit
3453 2562 3768 2620 dominari:

2204 2674 2379 2732 simile
2432 2670 2682 2742 quiddam
2714 2668 2763 2722 ei
2801 2665 3059 2721 accidisse
3085 2661 3462 2733 cognoscitur:
3496 2673 3625 2713 nam
3651 2673 3767 2711 cum

2206 2768 2347 2821 hunc
2394 2766 2563 2818 arduo
2609 2761 2801 2815 itinere
2853 2758 3183 2812 incedentem
3239 2766 3575 2820 nequaquam
3621 2748 3768 2817 sequi

2205 2859 2465 2920 valerent,
2496 2854 2705 2923 penitus
2734 2852 3045 2904 deserentes
3074 2846 3403 2913 abjecerunt,
3434 2841 3768 2909 fratremque

2205 2949 2320 3019 ejus
2369 2947 2622 3016 majorem
2675 2952 2799 2997 natu
2843 2940 2959 2994 loco
3006 2938 3123 3007 ejus
3170 2936 3582 2990 constituerunt.
3618 2933 3769 2989 Unde

2207 3038 2405 3095 factum
2436 3046 2521 3091 est
2564 3044 2620 3089 ut
2670 3034 2737 3088 ab
2768 3034 3007 3100 utrisque
3068 3030 3301 3099 partibus
3351 3028 3417 3081 ad
3470 3027 3770 3095 pontificem

535 3130 784 3186 Ι³0010εο
821 3146 941 3189 esse
965 3136 1266 3201 salvmtdos,
1294 3138 1519 3193 amicam
1550 3118 1907 3209 paupertatem
1939 3145 2087 3199 εοιιί-
2128 3144 2175 3206 c
2214 3136 2509 3186 ttomanum
2562 3128 2751 3184 relatio
2800 3128 3120 3179 mitteretur.
3156 3124 3302 3189 Quod
3331 3137 3450 3175 cum
3486 3118 3768 3189 Gregorius

535 3218 638 3273 cite
684 3222 1012 3287 requirentes
1052 3224 1148 3297 [Ε.
1192 3228 1517 3301 requirunt],
1568 3232 1799 3300 abjicere
1841 3248 2100 3291 conantur

542 3324 625 3377 ea,
674 3325 791 3381 qua:
845 3316 1116 3381 possidere
1160 3318 1491 3374 videbantur.
1543 3323 1648 3378 Sed
1698 3329 1980 3381 resistente
2021 3329 2098 3383 eis

536 3400 715 3455 divino
731 3401 933 3472 judicio
960 3407 1116 3461 turba
1152 3408 1417 3477 Fratrum,
1462 3414 1783 3470 studuerunt
1806 3419 1975 3487 magis
2001 3434 2090 3475 se-

535 3496 762 3549 cundum
815 3497 1120 3565 Apostolqu
1164 3517 1268 3555 non
1310 3518 1401 3557 sua
1434 3507 1649 3573 singuli,
1682 3509 1775 3562 sed
1819 3526 1938 3580 qua:
1956 3512 2100 3566 alte-

538 3586 648 3640 rius
670 3596 813 3652 sunt,
838 3605 1098 3656 qua'rere,
1131 3603 1185 3647 et
1217 3595 1341 3648 illud
1378 3614 1388 3648 :
1423 3597 1674 3652 Omnibus
1710 3604 1883 3657 omnia
1931 3609 2098 3671 factus

532 3691 668 3743 sum,
701 3687 756 3729 ut
784 3695 955 3733 omnes
984 3683 1151 3737 salvos
1183 3688 1402 3754 facerem
1441 3687 1494 3759 (Ι
1526 3689 1641 3744 Cor.
1672 3707 1745 3756 rx,
1789 3691 1905 3765 22).
1936 3695 2098 3751 Multa

536 3765 797 3835 siquidem
826 3780 951 3825 tunc
973 3771 1112 3826 inter
1131 3789 1223 3828 eos
1267 3776 1429 3832 fuisse
1470 3782 1702 3836 charitas
1727 3827 1740 3849 ,
1780 3787 1941 3838 multa
1973 3803 2103 3840 con-

540 3858 722 3912 cordia
756 3861 971 3915 unitatis
993 3902 1009 3925 ,
1041 3865 1204 3917 multa
1231 3870 1533 3935 compassio
1558 3871 1909 3928 fraternitatis
1934 3876 2099 3931 refer-

543 3959 650 4005 tur.
683 3950 750 4003 Et
780 3952 993 4020 quidem
1018 3967 1309 4010 narrantur
1332 3960 1397 4013 de
1437 3962 1513 4013 eis
1542 3965 1783 4031 quaedam
1814 3964 1970 4035 digna
1999 3968 2099 4022 titi-

540 4040 755 4102 raculis,
788 4041 881 4095 sed
913 4052 1150 4098 nostrum
1201 4048 1266 4100 ad
1323 4050 1421 4103 hoc
1471 4060 1670 4105 tantum
1729 4056 1823 4108 fuit
1870 4057 2104 4112 studium

543 4130 856 4197 incitatum,
890 4142 947 4185 ut
990 4136 1185 4201 quibus
1237 4140 1407 4194 modis
1457 4143 1710 4197 szeculum
1738 4161 1800 4200 ac
1829 4146 2100 4203 diabolum

544 4222 791 4288 vicerint,
821 4224 1057 4292 apicibus
1081 4243 1487 4298 prosequamur.
1533 4234 1715 4304 Neque
1746 4240 1886 4291 enim
1933 4242 2102 4308 majus

542 4327 659 4368 esse
688 4325 857 4381 potest
885 4317 1221 4386 miraculum,
1249 4334 1405 4388 quam
1433 4325 1570 4389 quod
1604 4335 1709 4380 tota
1742 4337 1919 4383 mente
1948 4343 2103 4383 mun-

541 4404 668 4457 dum
695 4406 1047 4474 reliquerunt.
1081 4411 1142 4463 Et
1188 4412 1310 4477 quia
1343 4414 1492 4468 multi
1541 4416 1792 4471 videntur
1816 4422 2101 4477 miraculo-

2211 3240 2341 3293 papa
2374 3222 2412 3277 ll
2445 3221 2701 3286 audisset,
2732 3218 2925 3272 factum
2957 3217 3241 3284 improbat,
3294 3214 3389 3267 hos
3439 3222 3631 3266 contra
3680 3227 3768 3266 ca-

2204 3330 2369 3370 nones
2418 3312 2611 3368 fecisse
2668 3322 2815 3365 notzit
2846 3351 2859 3371 ,
2916 3322 3209 3381 manusque
3264 3319 3387 3359 suas
3423 3304 3473 3356 in
3507 3303 3763 3359 Christum

2206 3406 2414 3464 Domini
2444 3404 2749 3461 extendisse
2767 3400 3058 3455 denuntiat.
3078 3396 3285 3462 Quibus
3315 3403 3372 3450 et
3400 3394 3769 3465 penitentiam

2208 3499 2469 3561 indicens,
2502 3498 2656 3563 hujus
2682 3493 2807 3548 facti
2835 3492 3128 3546 efficaciam
3170 3488 3370 3543 ademit
3402 3505 3413 3539 :
3444 3502 3605 3555 quam
3632 3487 3773 3540 scili-

2207 3600 2292 3645 cet
2314 3589 2568 3643 indictatn
2593 3586 2693 3640 sibi
2729 3581 3097 3655 pteniteutiam
3134 3580 3219 3633 vix
3261 3592 3379 3631 eum
3412 3592 3609 3647 magno
3640 3576 3775 3629 diffi-

2207 3683 2420 3738 cultatis
2448 3679 2749 3743 conamine,
2778 3675 3069 3731 obsistente
3115 3671 3254 3727 aeris
3282 3672 3497 3735 ardore,
3523 3671 3777 3739 perficwre

2210 3774 2508 3827 valuerunt.

2312 3864 2443 3913 Post
2466 3862 2687 3923 sequitur
2709 3862 2868 3908 socius
2886 3859 3110 3923 retinens
3133 3855 3460 3923 moderamina
3482 3853 3611 3899 Taso
3632 3848 3659 3886 (ι
3681 3888 3695 3909 ,

2328 3928 2419 3984 Qui
2447 3918 2598 3979 minor
2624 3930 2700 3971 est
2722 3925 2875 3979 anuis,
2905 3920 3090 3969 validus
3108 3918 3341 3984 sapientia
3368 3928 3605 3984 quamvis.

2330 3979 2422 4036 Hic
2443 3986 2623 4044 alacer,
2647 3985 2808 4039 fortis.
2832 3985 3029 4031 fervens
3050 3991 3243 4041 quooue
3271 3979 3447 4027 robore
3471 3979 3647 4026 cordis.

2281 4073 2370 4127 16.
2401 4071 2509 4127 Sed
2559 4080 2614 4122 ut
2667 4068 2977 4121 ostenderet
3033 4066 3369 4133 multipotens
3415 4065 3555 4117 Deus
3601 4060 3776 4130 quanti

2214 4173 2390 4218 reatus
2443 4163 2643 4215 crunen
2699 4158 3074 4213 admississent
3122 4157 3157 4211 ii
3187 4157 3274 4224 qui
3311 4165 3576 4222 pastorem
3605 4167 3635 4204 a
3672 4156 3777 4206 Deo

2211 4250 2935 4321 praeelectunrabjecissent,
2964 4262 3295 4317 nequaquam
3340 4247 3438 4299 hac
3471 4246 3776 4314 penitentia

2213 4346 2470 4413 placatus,
2502 4358 2620 4397 mox
2651 4341 2767 4396 sine
2795 4356 2939 4394 mora
2987 4338 3242 4409 judicium
3272 4337 3515 4392 exercuit
3544 4337 3775 4390 ultionis.

2212 4438 2341 4492 ham
2366 4440 2432 4490 ita
2464 4443 2741 4502 cmperunt
2767 4432 2961 4503 singuli
3027 4432 3277 4485 humanis
3308 4430 3468 4484 rebus
3492 4429 3774 4488 decedere.

536 4511 654 4595 “ml
684 4512 802 4595 δεῖξε
832 4503 1144 4570 μιινιίεὶνθεν
1194 4505 1286 4559 εθά
1333 4507 1629 4564 "ullatenus
1663 4511 1874 4566 “omina
1905 4513 2105 4569 “abem
2139 4498 2187 4557 D
2213 4539 2269 4584 ut
2294 4531 2519 4583 duorum
2542 4498 2632 4581 aut
2654 4529 2821 4582 triutn
2844 4498 3131 4595 corporum
3168 4528 3322 4577 fieret
3368 4539 3468 4576 una
3518 4521 3776 4576 memoria

538 4590 738 4657 scripta
763 4592 814 4646 in
837 4595 1009 4659 caelis,
1037 4611 1369 4667 nequaquam
1396 4599 1496 4655 hoc
1524 4602 1573 4655 in
1606 4613 1844 4671 tempore
1875 4608 2105 4660 virtutes

544 4681 595 4732 in
621 4680 858 4738 Ecclesia
890 4723 905 4747 ,
937 4687 1028 4737 sed
1061 4690 1347 4755 perfectam
1381 4692 1541 4744 vitam
1573 4694 1911 4763 requirimus.
1948 4696 2104 4752 Unde

540 4771 795 4829 Dominus
835 4777 1119 4844 discipulos
1168 4782 1236 4835 de
1282 4781 1609 4852 subjectionc
1639 4786 1943 4841 dazmonum
1975 4804 2099 4859 gau-

538 4864 723 4921 dentes
750 4866 987 4923 deterret
1013 4868 1196 4925 dicens
1228 4891 1239 4926 :
1280 4872 1455 4928 Nolite
1481 4877 1705 4946 gaudere
1756 4880 1809 4931 in
1858 4883 1953 4933 hoc
1984 4886 2101 4950 quia

538 4956 787 5010 dwtnonia
812 4958 949 5011 vobis
978 4957 1319 5029 subjiciuntur
1342 4964 1493 5033 (Luc.
1521 4984 1572 5032 x,
1596 4969 1710 5037 20).
1743 4969 1797 5022 lu
1829 4987 1935 5041 quo
1969 4989 2096 5027 vero

567 5167 577 5177 .
606 5104 632 5131 ⁸
665 5098 812 5177 Multi
842 5100 1115 5177 venditant
1134 5101 1194 5177 id
1225 5117 1393 5177 genus
1419 5105 1688 5175 privilegia
1717 5147 1731 5169 ,
1761 5110 1955 5175 quibus
1975 5126 2106 5165 cor-

536 5170 1331 5247 rigetidis_i_ns_i_gnis_hic_locus.
1378 5170 1516 5247 Lege
1546 5170 1807 5247 Angelum
1842 5185 1909 5234 de
1956 5183 2105 5238 Nuce

535 5241 587 5290 in
617 5252 735 5302 cap.
772 5241 833 5293 Π
866 5241 995 5294 Vitae
1026 5242 1083 5295 S.
1120 5243 1179 5297 l’.
1214 5242 1507 5297 Benedicii.

608 5305 635 5343 δ
664 5309 963 5385 linliegula
995 5315 1053 5369 S.
1079 5313 1349 5385 Benedicti
1388 5315 1796 5385 diciturﬂegufa
1832 5320 2048 5376 Patrum
2085 5341 2103 5378 :

535 5378 677 5459 quod
703 5380 863 5459 etiam
898 5396 1090 5459 nomen
1122 5384 1385 5459 ei‘tribuit
1412 5388 1515 5437 Urd
1541 5405 1557 5459 ι
1600 5378 1888 5453 ltuinanus.
1921 5393 2005 5447 ubi
2031 5395 2099 5448 tle

537 5452 871 5569 nriti‘uatioue
897 5452 1123 5507 abbatis.
1171 5454 1311 5522 Lege
1352 5455 1721 5511 l’rtel'ationeiu
1773 5462 1894 5516 ltuic
1953 5475 2101 5519 tomo

537 5533 829 5569 nraerxam.

537 5533 805 5585 praenitent
816 5560 829 5572 .

608 5600 629 5627 ε
648 5591 711 5667 ,δί
735 5592 946 5669 quidem
974 5592 1128 5646 annis
1151 5596 1534 5669 septemdecim
1561 5597 1721 5652 Paldo
1746 5604 2094 5669 rexit,'inona-

536 5661 753 5741 {torium
779 5700 794 5741 τ
828 5661 1062 5741 obiitque
1089 5678 1229 5741 anno
1260 5666 1362 5723 720
1386 5706 1403 5733 .
1443 5668 1511 5722 ab
1539 5685 1679 5741 anno
1702 5672 1807 5724 705
1852 5661 2090 5741 regimen

536 5732 715 5781 iniisse
763 5732 1014 5785 dicendus
1060 5743 1161 5789 est.
1193 5738 1503 5807 Quanquam
1538 5740 1620 5793 hic
1649 5740 1797 5797 lucus
1830 5732 1973 5798 recie
2007 5762 2084 5802 Stc

2214 4629 2237 4657 ε
2263 4620 2676 4685 receptaCulutn.
2706 4619 2884 4686 anue
2906 4618 3006 4671 hac
3035 4616 3152 4687 (sic)
3173 4626 3411 4685 grasszrta
3445 4614 3542 4667 fuit
3567 4623 3775 4668 senteno

2212 4714 2307 4779 tia,
2335 4711 2680 4780 quoadusque
2703 4725 2837 4778 pene
2866 4710 3040 4764 nullus
3060 4724 3248 4763 eorum
3267 4709 3317 4762 in
3347 4722 3573 4776 corpore
3605 4722 3775 4760 rema-

2209 4813 2360 4859 neret
2387 4804 2476 4872 qui
2501 4801 2662 4869 hujus
2710 4802 2843 4856 ntevi
2873 4802 3081 4855 fuerant
3108 4801 3337 4855 consilio
3367 4800 3647 4853 maculati.
3677 4797 3780 4853 Sed

2209 4908 2309 4947 nec
2339 4896 2452 4960 ipse
2479 4892 2569 4947 diu
2601 4904 2859 4957 moratus,
2886 4892 3105 4946 eosdem
3135 4901 3218 4946 est
3242 4891 3517 4944 moriendo
3540 4899 3776 4944 secutus.

2213 4984 2417 5039 Idcirco
2465 4994 2643 5039 autem
2688 4986 2843 5052 hujus
2875 4983 2999 5039 facti
3041 4985 3418 5040 adversitatetn
3463 4986 3589 5040 huic
3634 4988 3779 5054 operi

2209 5119 2480 5175 conciliari
2514 5130 2717 5189 potest,
2749 5130 2804 5174 ut
2833 5121 2877 5173 si
2916 5122 2981 5173 ab
3024 5122 3276 5176 inchoato
3316 5123 3646 5177 monasterio
3668 5127 3778 5179 cal-

2210 5193 2384 5246 culum
2414 5193 2599 5256 ducas,
2630 5205 2827 5245 annum
2857 5190 2958 5246 795
2983 5208 2996 5253 ;
3029 5192 3071 5245 si
3100 5207 3128 5245 a
3154 5193 3411 5260 perfecto,
3442 5210 3642 5248 annum
3668 5195 3778 5248 Ὶυῖ

2213 5263 2506 5331 przrlatuia:
2532 5262 2779 5315 Paldouis
2810 5262 3017 5315 initium
3049 5264 3290 5317 definias.

2279 5331 2305 5367 ά
2341 5335 2401 5386 Et
2434 5343 2607 5404 tamen
2638 5331 2799 5404 index
2834 5332 3084 5404 abbatum
3117 5336 3183 5386 ab
3212 5336 3439 5404 Ugbello
3469 5336 3646 5391 editus
3677 5337 3776 5390 Ta-

2213 5412 2386 5455 tunein
2412 5401 2625 5467 prtcfert
2654 5403 2867 5455 'l‘asoni.
2900 5402 3094 5457 Verum
3136 5403 3178 5456 Τ
3182 5401 3294 5469 usu,
3336 5409 3426 5472 qtti
3454 5406 3609 5462 tertio
3666 5408 3776 5461 lacn

2211 5487 2366 5539 supra
2400 5473 2700 5526 nominatus
2727 5481 2830 5537 est,
2877 5472 2974 5526 fuit
3014 5473 3227 5542 quidem
3259 5492 3386 5529 natu
3418 5481 3591 5531 minor
3616 5517 3632 5542 ,
3682 5477 3772 5532 sed

2214 5545 2436 5595 alterum
2470 5544 2519 5595 in
2550 5544 2805 5611 regimine
2833 5548 3141 5598 antevertit.

2284 5622 2311 5645 ε
2345 5614 2395 5665 td
2427 5625 2505 5665 est
2548 5628 2689 5667 unus
2738 5617 2991 5676 tumulus,
3054 5630 3172 5667 nam
3227 5629 3370 5681 δέρμα
3418 5615 3669 5671 Memoria
3713 5620 3771 5672 ad

2214 5695 2518 5739 sanctorum
2561 5685 2816 5739 tumulum
2853 5685 3235 5755 designandum
3263 5700 3547 5755 usurpatur
